4188 6436
210 409 318 471 765

1491 416 1661 481 VITA
1706 415 1772 477 S.
1808 421 2193 484 MATTHIEI.

3345 435 3450 501 766

210 532 751 599 stantinOpolitanum
774 574 788 597 ,
856 534 1057 590 Menma
1119 536 1379 607 impressa
1461 548 1550 619 et!
1594 535 1776 593 varios
1805 537 1857 596 Δ
1886 542 2217 607 tinguentem
2247 541 2391 596 inter
2421 552 2666 597 sanctum
2702 542 2892 600 Judatn
2958 544 3287 602 Thaddaeum
3316 565 3450 619 apoc-

210 622 432 677 eodices
465 638 594 678 mss.
628 624 956 687 Graicorum.
990 626 1231 682 Nicetatn
1262 628 1513 682 Davidem
1547 629 1777 698 Paphla-

210 729 432 783 gonem,
495 716 676 768 surculi
730 732 779 769 ιι
832 718 1172 785 scriptorem,
1218 720 1482 787 aliosque.
1530 720 1781 776 OSIendit

209 816 475 874 pneterea
521 806 966 878 Chrysostomum
1000 821 1055 863 et
1098 811 1499 865 Theodoretum
1534 814 1776 881 ejusdem

208 900 374 967 plane
414 900 582 953 videri
616 900 919 963 sententiae,
958 902 1083 969 quia
1122 904 1269 968 prior
1318 903 1458 955 inter
1504 905 1779 971 apostolos

209 1001 465 1045 numerat
514 992 648 1045 duos
697 993 1011 1059 publicanos
1043 993 1348 1046 Mattlncum
1401 1008 1454 1048 et
1497 994 1775 1059 Jacobum,

210 1094 549 1137 cumtamen
607 1085 750 1137 nulla
786 1086 854 1139 sit
898 1088 1032 1139 ratio
1093 1103 1190 1141 cur
1231 1088 1475 1141 dicamus
1519 1088 1775 1142 Jacobum

208 1177 419 1244 Alpluei
483 1177 651 1232 fuisse
712 1176 1103 1246 publicanum,
1169 1179 1267 1232 nisi
1325 1179 1467 1248 quod
1532 1178 1779 1236 videatur

210 1268 384 1323 fuisse
445 1269 611 1322 frater
657 1269 931 1331 Matthad,
985 1270 1120 1322 alter
1167 1287 1295 1323 vero
1348 1276 1604 1338 utrosque
1648 1272 1778 1323 dicit

210 1360 629 1428 Capharnaitas,
682 1360 825 1425 quod
878 1361 1131 1413 similiter
1169 1361 1311 1413 nulla
1356 1363 1565 1415 ratione
1595 1362 1778 1415 dicere

216 1462 450 1521 poterat,
478 1453 580 1505 nisi
615 1453 935 1509 credidisset.
960 1454 1179 1505 fratrem
1219 1453 1473 1517 Matthxi,
1503 1456 1590 1523 qui
1622 1455 1777 1507 habi-

216 1542 363 1596 tabat
398 1541 701 1604 Capharnai
738 1559 751 1594 :
792 1558 970 1611 neque
1014 1546 1157 1597 enim
1204 1546 1353 1599 ullibi
1392 1545 1446 1598 in
1484 1544 1778 1623 Seripturis

211 1635 435 1697 dicitur,
464 1636 551 1688 tibi
584 1647 743 1689 natus
776 1636 942 1691 fuerit
977 1637 1216 1692 Jacobus
1247 1640 1472 1709 Alpbzei,
1504 1650 1597 1693 aut
1624 1642 1779 1707 quale

208 1727 446 1781 officium
506 1738 631 1782 ante
673 1731 1035 1797 apostolatum
1084 1732 1327 1800 gesserit.
1378 1732 1778 1800 l’apebrochius

210 1828 422 1878 noster.
460 1829 592 1873 tom.
629 1818 691 1873 νι
733 1820 851 1873 Maii
894 1820 946 1873 in
985 1822 1231 1889 Alphaeo,
1287 1838 1448 1891 quem
1495 1825 1777 1891 utriusque

209 1918 421 1977 patrem
453 1912 660 1969 statuit.
695 1927 811 1978 pag.
843 1911 964 1968 554,
1000 1912 1243 1963 eamdem
1279 1913 1558 1980 amplexus
1586 1926 1667 1965 est
1726 1926 1779 1967 et

208 2002 558 2055 continuavit
591 2006 937 2054 sententiam.
980 2001 1134 2056 Ratio
1164 2002 1474 2057 Grecorum
1508 2004 1650 2056 haud
1679 2005 1779 2057 du-

212 2097 303 2149 bie
346 2105 446 2151 est.
477 2095 618 2162 quod
664 2094 902 2149 Jacobus
953 2112 1105 2165 teque
1147 2112 1209 2150 ac
1253 2096 1535 2151 Matthatus
1572 2106 1776 2165 patrem

210 2186 464 2239 habuerit
518 2187 817 2256 Alphzeutn,
880 2202 980 2241 nec
1049 2189 1155 2241 ulla
1214 2187 1287 2241 sit
1345 2190 1484 2244 ratio
1539 2189 1779 2251 dicendi,

208 2276 376 2330 alium
429 2276 594 2332 fuisse
630 2279 908 2347 Alphacum
947 2290 1154 2348 patrem
1188 2281 1445 2347 Matthtei,
1489 2283 1651 2335 alium
1684 2298 1781 2350 pa-

210 2379 352 2423 trem
402 2369 609 2425 Jacobi.
661 2372 1047 2424 Ti‘lletnontius
1101 2373 1153 2426 in
1216 2372 1467 2427 Mattbzeo
1515 2374 1779 2443 agnoscit,

207 2458 679 2530 Cbrysostotnum,
710 2460 1136 2522 Theodoretum,
1176 2465 1610 2532 recentioresque
1635 2464 1783 2518 Grae-

209 2568 309 2607 cos
380 2566 571 2605 omnes
622 2555 674 2604 iu
738 2568 855 2605 eam
911 2555 1253 2620 consliirasse
1313 2558 1665 2617 sententiain,
1727 2566 1783 2609 ut

211 2642 314 2699 SS.
361 2643 669 2699 Matth-usum
709 2655 764 2699 et
810 2645 1068 2699 JaCobum
1100 2646 1303 2708 Alphzei
1356 2647 1548 2700 fratres
1592 2647 1780 2700 crede-

213 2748 355 2799 rent,
385 2737 506 2805 quia
541 2738 701 2791 ambo
734 2739 988 2791 dicuntur
1017 2738 1217 2808 Alpbaai
1273 2740 1454 2807 utique
1480 2738 1591 2791 lilii.
1619 2740 1781 2792 Asse.-

214 2829 284 2882 rit
314 2838 491 2882 tamen
527 2830 791 2883 Laconica
841 2831 1126 2893 brevitate,
1164 2832 1365 2883 nullam
1398 2848 1457 2885 ea
1492 2832 1542 2885 in
1580 2848 1636 2884 re
1664 2847 1783 2887 esse

212 2919 326 2971 veri
385 2920 645 2986 speciem.
703 2920 1031 2974 Tillemonlii
1086 2920 1465 2975 Laconisutum
1507 2920 1785 2989 adoptavit

210 3010 489 3065 Calmetus
544 3012 701 3063 initio
761 3012 1091 3078 prrefatiouis
1142 3028 1254 3065 suae
1314 3014 1366 3064 in
1432 3014 1780 3078 Matthaeum,

214 3105 403 3158 eadem
438 3103 595 3170 plane
629 3103 836 3166 dicens,
870 3116 925 3157 et
955 3105 1131 3156 locum
1159 3102 1348 3172 Operis
1380 3106 1550 3156 nostri
1593 3106 1781 3160 vitiose

214 3196 547 3263 assignatum
582 3195 722 3262 apud
750 3194 1177 3261 ’l‘illemoutium,
1210 3198 1399 3249 eodem
1438 3198 1595 3264 plane
1622 3197 1781 3248 modo

212 3284 515 3353 assignans,
543 3294 601 3337 ut
625 3299 693 3335 ne
729 3285 919 3354 legisse
941 3286 1160 3352 quidem
1190 3286 1434 3339 videatur
1462 3297 1779 3354 argumenta

215 3373 542 3427 Heusebenii
571 3374 622 3426 in
652 3373 829 3442 Opere
867 3387 1075 3430 nostro.

282 3465 373 3519 ‘36.
429 3467 483 3519 Si
546 3468 732 3521 eadem
787 3470 1054 3523 brevitate
1111 3469 1321 3534 dixero,
1373 3471 1610 3541 ineptam
1663 3486 1783 3526 esse

212 3560 371 3613 istam
404 3558 733 3615 Tillemonlii
761 3562 965 3622 crisitu,
988 3578 1151 3630 quam
1183 3563 1459 3631 adoptavit
1487 3562 1779 3627 Calmetus,

213 3650 398 3703 nullus
428 3651 477 3704 id
505 3667 644 3719 aegre
670 3653 810 3704 ferre
838 3652 1057 3718 poterit,
1085 3652 1227 3718 quia,
1251 3651 1389 3702 sicut
1410 3650 1591 3717 opinio
1616 3652 1783 3718 majo-

215 3757 335 3795 rum
361 3751 672 3794 nostrorum
707 3738 816 3792 visa
837 3749 919 3792 est
941 3740 1040 3807 ipsi
1069 3755 1251 3793 carere
1273 3740 1382 3792 veri
1414 3739 1613 3806 specie.
1638 3740 1707 3792 ita
1730 3748 1783 3793 et

216 3836 350 3888 mihi
384 3843 653 3887 assertum
698 3832 839 3886 istud
874 3832 1020 3885 omni
1058 3832 1275 3885 videtur
1314 3833 1525 3884 ratione
1553 3832 1784 3885 destitu-

218 3939 353 3987 tum,
411 3927 641 3993 ideoque
684 3925 1108 3991 ineptissimum.
1161 3921 1333 3975 Nolim
1384 3934 1560 3976 tamen
1607 3924 1780 3976 solum

214 4020 419 4078 dicere,
457 4029 511 4070 et
541 4017 674 4069 nihil
722 4018 973 4085 probare.
1017 4015 1192 4079 Quare
1226 4015 1464 4068 rationes
1510 4016 1669 4067 latius
1705 4015 1782 4067 vi-

215 4109 423 4162 tlendas
452 4108 585 4162 locis
612 4124 773 4177 supra
811 4107 973 4161 dictis
1004 4106 1243 4161 breviter
1272 4108 1504 4174 explico.
1534 4106 1784 4160 Admittit

216 4200 621 4265 Tillctnontius,
682 4215 871 4254 saneto
918 4200 1168 4254 Matthmo
1224 4216 1519 4269 cognomen
1575 4200 1780 4268 Alpbaai

216 4304 336 4345 esse
369 4292 736 4345 verisimiliter
766 4306 793 4343 a
828 4301 1002 4358 patre.
1035 4289 1273 4343 Jacobus
1302 4300 1481 4343 autem
1508 4289 1559 4343 iit
1603 4291 1780 4343 omni—

218 4386 321 4436 bus
356 4394 589 4452 quatuor
637 4382 1005 4450 apostolorum
1045 4383 1320 4451 catalogis,
1370 4383 1420 4436 id
1451 4392 1555 4448 est,
1589 4383 1777 4434 Matth.

217 4493 271 4536 x,
298 4474 458 4527 Marc.
492 4486 571 4532 In,
599 4474 728 4528 Luc.
762 4491 837 4537 vr,
870 4480 1056 4530 etAct.
1088 4488 1442 4529 tconstauter
1473 4476 1781 4529 nominatur

1879 634 2111 711 stolutn,
2135 633 2403 688 etJudam
2442 634 2662 690 fratrem
2690 633 2875 691 Jacobi
2915 639 3164 695 minoris.
3206 640 3259 694 Si
3297 657 3362 695 eo
3393 644 3447 697 in

1883 724 1998 778 loco
2044 725 2220 778 visum
2275 735 2359 780 est
2409 737 2787 797 argumentum
2841 729 3092 784 idoneum
3149 742 3203 785 et
3247 734 3446 786 summi

1883 816 2159 879 momenti,
2183 815 2276 869 ubi
2316 828 2494 869 tamen
2532 832 2637 870 non
2668 820 2897 881 valebat,
2935 818 3057 887 quia
3087 818 3450 873 adhibebatur

1884 908 1947 961 ad
2001 907 2217 961 fratrem
2265 909 2677 976 inquirendum,
2722 925 2830 963 non
2879 910 3108 963 debebat
3142 910 3229 963 hic
3277 911 3444 965 videri

1881 1015 2073 1056 carens
2102 1002 2281 1068 Specie
2319 1002 2455 1064 veri,
2498 1018 2622 1055 cum
2674 1003 2961 1055 adhibetur
3004 1004 3068 1057 ad
3100 1019 3445 1057 communem

1881 1094 2163 1161 utriusque
2203 1105 2408 1162 patrem
2447 1096 2878 1164 investigandum
2914 1113 2926 1150 :
2963 1107 3114 1163 pater
3144 1097 3285 1149 enim
3327 1097 3447 1150 istis

1882 1188 2257 1251 cognomentis
2294 1186 2344 1238 iu
2377 1186 2613 1255 genitivo
2652 1187 2842 1254 positis
2875 1187 3011 1240 solet
3034 1187 3351 1255 significari,
3391 1197 3449 1240 ut

1884 1275 2071 1329 Simon
2124 1274 2369 1340 Joannis,
2452 1279 2503 1331 id
2562 1286 2643 1330 eSt
2704 1278 2844 1333 filius
2904 1276 3161 1341 Joannis,
3213 1279 3449 1335 Jacobus

1882 1368 2147 1429 Zebedaci,
2182 1368 2231 1420 id
2277 1379 2360 1422 est
2413 1370 2550 1422 filius
2595 1368 2859 1429 Zebedaai,
2932 1386 3043 1423 non
3094 1370 3300 1435 frater;
3356 1380 3449 1423 aut

1880 1466 2027 1510 certe
2069 1471 2176 1510 non
2220 1459 2476 1525 produxit
2516 1458 2892 1512 Tillemontius
2926 1460 3092 1511 ullum
3140 1457 3447 1525 exemplum

1880 1545 2065 1598 fratris
2097 1560 2191 1613 per
2230 1546 2333 1598 tale
2362 1560 2664 1615 cognomen
2706 1549 2945 1601 indicati.

1948 1637 2037 1690 27.
2081 1638 2267 1705 Itaque
2327 1636 2551 1691 minime
2583 1640 3039 1692 contemnendum
3081 1640 3252 1693 videri
3288 1638 3451 1692 debet

1883 1739 2310 1800 argumentum:
2365 1744 2464 1782 nec
2489 1730 2673 1790 credo,
2726 1730 2830 1783 tale
2870 1730 3044 1783 visum
3097 1746 3222 1784 esse
3286 1730 3450 1783 'fille-

1884 1826 2107 1878 moutio.
2142 1826 2209 1877 At
2241 1824 2429 1877 habuit
2455 1824 2614 1876 aliam
2671 1823 2934 1875 rationem
2964 1821 3219 1890 negandi,
3256 1820 3449 1873 fratres

1886 1916 2051 1970 fuisse
2078 1917 2383 1969 Matthteum
2425 1926 2480 1969 et
2531 1914 2798 1973 Jacobum
2834 1914 3059 1982 Alphaei,
3110 1929 3358 1983 eamque,
3394 1927 3453 1966 ut

1882 2008 2152 2063 existimo.
2187 2008 2357 2060 noluit
2379 2008 2634 2060 iudicare.
2662 2006 3030 2066 Sustinuerat,
3056 2016 3243 2058 contra
3266 2016 3451 2058 aucto-

1884 2100 2098 2153 ritatem
2132 2101 2515 2168 plerorutuque
2542 2098 2781 2159 Patrum,
2818 2108 2871 2149 et
2902 2106 3089 2149 contra
3116 2097 3247 2150 satis
3279 2097 3446 2156 clara,

1885 2204 1944 2247 ut
1973 2193 2213 2258 videtur,
2259 2208 2427 2245 sacra:
2463 2192 2762 2260 Scriptura».
2814 2200 3156 2261 argumenta,
3188 2188 3449 2243 Jacobum

1884 2286 2086 2354 Διρὴωί
2122 2285 2374 2338 eumdem
2432 2299 2551 2337 esse
2601 2300 2721 2338 cum
2762 2282 2962 2336 Jacobo
3000 2282 3164 2336 fratre
3216 2281 3451 2336 Domini.

1884 2376 2061 2441 Quare
2090 2391 2209 2427 cum
2245 2383 2455 2427 certqu
2490 2374 2579 2436 sit,
2606 2373 2917 2427 Matthaeuni
2948 2389 3054 2425 non
3076 2388 3196 2426 esse
3229 2374 3452 2425 fratrem

1882 2466 2067 2520 Jacobi
2111 2465 2289 2519 fratris
2316 2465 2549 2526 Domini,
2579 2478 2688 2516 non
2730 2472 2944 2531 poterat
2988 2462 3218 2531 amplius
3248 2462 3451 2524 dicere,

1883 2556 2104 2609 fratrem
2133 2569 2250 2608 esse
2298 2553 2478 2608 Jacobi
2514 2552 2753 2621 Alpluei;
2801 2554 3034 2621 ideoque
3074 2552 3261 2605 maluit
3293 2569 3455 2622 argu-

1884 2656 2067 2701 menta
2154 2646 2480 2698 Henschenii
2544 2646 2896 2714 contemptim
2965 2646 3238 2712 abjicere,
3293 2661 3453 2713 quam

1884 2737 2079 2791 dillicili
2117 2750 2379 2803 rc5ponso
2403 2735 2468 2787 iis
2502 2734 2836 2787 satisfacere.
2886 2732 3086 2787 Verum
3137 2736 3278 2786 illam
3309 2751 3458 2802 quic-

1889 2826 2120 2887 stiouetn
2161 2836 2272 2878 tum
2320 2825 2418 2878 hac
2473 2824 2539 2875 de
2580 2836 2764 2883 causa,
2798 2831 2908 2874 ttnu
2946 2822 3013 2875 ob
3048 2821 3104 2873 S.
3160 2821 3456 2889 (lleOpham

1886 2935 2008 2975 cum
2042 2920 2230 2972 eadem
2263 2933 2595 2979 connexum,
2624 2915 2932 2971 enuniuavi
2972 2915 3027 2967 in
3063 2914 3457 2968 Dissertatione

1885 3014 2107 3081 praivia,
2141 3013 2413 3078 credoque
2474 3026 2560 3062 me
2611 3010 2740 3062 satis
2776 3009 3075 3062 ostendisse
3128 3007 3457 3061 sententiam

1886 3103 2217 3159 Tillemontii
2251 3116 2350 3154 nec
2373 3115 2495 3153 cum
2527 3100 2698 3151 sacris
2720 3098 2938 3152 Litteris
2974 3098 3249 3151 conciliari
3274 3113 3453 3164 posse,

1886 3206 1939 3251 et
1989 3196 2240 3248 Patribus
2272 3202 2423 3248 certo
2452 3191 2776 3245 contrariam
2808 3206 2947 3252 esse,
3012 3205 3080 3244 ne
3123 3189 3256 3243 nihil
3296 3183 3456 3259 plane

1888 3304 1951 3344 ex
1981 3290 2065 3341 illa
2111 3288 2300 3341 haberi
2334 3287 2503 3356 possit
2538 3297 2726 3339 contra
2766 3284 3180 3352 germanitarcm
3218 3283 3455 3337 Mattha-i

1888 3390 1943 3432 et
1993 3378 2202 3432 Jacobi.
2234 3378 2431 3441 Quaero
2496 3378 2676 3443 itaque
2738 3378 3002 3429 rationem
3066 3378 3314 3429 idoneam
3361 3392 3457 3429 cur

1892 3473 2083 3527 fratres
2112 3486 2232 3525 esse
2260 3478 2533 3537 nequeant
2562 3468 2847 3521 Matthzeus
2878 3478 2931 3521 et
2959 3469 3195 3521 Jacobus
3220 3468 3449 3535 Alphaei,

1890 3572 1941 3618 et
1994 3563 2194 3615 nullam
2256 3563 2415 3629 plane
2469 3560 2706 3612 invenio.
2749 3559 2961 3613 Etenim
3016 3573 3139 3612 cum
3172 3557 3456 3613 Mattheus

1887 3652 2195 3705 conviviqu
2222 3650 2440 3704 Christo
2458 3651 2812 3713 exstruxerit,
2850 3651 2935 3703 cui
2969 3665 3090 3703 cum
3143 3651 3328 3703 multis
3353 3666 3457 3718 pu-

1891 3743 2118 3797 blicanis
2170 3743 2438 3797 interesse
2474 3743 2726 3811 dignatus
2761 3751 2844 3795 est
2877 3742 3174 3809 Dominus;
3216 3745 3347 3797 satis
3373 3752 3457 3797 est

1892 3835 2206 3894 verisimile,
2249 3836 2510 3899 quosdam
2541 3850 2601 3885 ex
2634 3833 2876 3885 convivis
2925 3833 3090 3885 fuisse
3138 3847 3453 3897 conversos,

1890 3932 1944 3975 et
1972 3925 2036 3976 ad
2071 3922 2276 3976 ChriSti
2325 3923 2706 3991 discipulatum
2758 3935 3078 3991 pertractos,
3120 3934 3175 3977 et
3211 3927 3456 3978 nomina.

1892 4014 1983 4068 tim
2032 4012 2290 4068 Jacobqu
2334 4013 2539 4081 Alphazi
2586 4029 2645 4066 ea
2694 4015 2981 4066 occasione
3016 4025 3283 4068 secutum.
3317 4010 3458 4069 Mur-

1892 4107 2229 4159 tuurantibus
2279 4106 2346 4159 de
2402 4106 2490 4158 illo
2542 4104 2792 4158 convivio
2828 4103 3116 4157 Phariswis
3175 4108 3456 4173 respondit

1888 4196 2132 4250 Christus
2161 4212 2173 4247 :
2203 4214 2220 4245 ι
2248 4194 2365 4248 Non
2386 4198 2508 4249 veui
2530 4211 2720 4249 vocare
2739 4199 2936 4263 justos,
2952 4197 3042 4250 sed
3071 4208 3402 4265 peccatores.
3430 4216 3448 4248 ι

1886 4288 1995 4344 Cur
2029 4290 2191 4357 igitur
2221 4288 2485 4357 suspicari
2526 4304 2634 4340 non
2669 4304 2987 4356 possumus,
3030 4291 3085 4341 in
3143 4291 3233 4343 illo
3264 4290 3454 4344 convi-

1888 4383 1976 4435 vio
2000 4391 2095 4435 aut
2119 4382 2262 4434 illius
2284 4382 2570 4434 occasione
2616 4392 2867 4432 vocatum
2913 4394 3032 4433 esse
3062 4378 3322 4434 Jacobuni
3362 4382 3455 4434 Al-

1889 4475 2049 4543 phzei,
2083 4475 2170 4542 qui
2222 4474 2273 4525 in
2326 4472 2569 4542 catalogo
2619 4475 2987 4540 apostolorum
3026 4472 3213 4527 Matth.
3263 4490 3291 4526 ς
3341 4484 3453 4528 sta-

215 4564 451 4619 Jacobus
501 4564 730 4633 Alphzei,
789 4582 889 4619 nec
946 4582 1180 4631 unquam
1238 4566 1290 4617 in
1335 4565 1503 4617 sacris
1564 4562 1781 4618 Litteris
1815 4575 1861 4634 ι)
1890 4570 1983 4622 tim
2018 4578 2135 4636 post
2170 4567 2477 4619 Mattheum
2503 4566 2770 4632 sequitur,
2800 4567 3257 4633 quemadmodum
3287 4567 3452 4620 etiam

217 4657 326 4711 alio
369 4658 588 4711 nomine
636 4658 969 4724 designatur.
1017 4654 1188 4709 Velim
1253 4657 1415 4709 modo
1462 4656 1602 4709 scire
1645 4658 1786 4711 unde

217 4748 429 4817 Alphaci
465 4763 661 4800 nomen
688 4756 793 4798 tam
826 4754 1138 4799 constanter
1172 4746 1363 4800 habeat
1394 4745 1652 4809 Jacobus,
1679 4747 1785 4799 nisi

216 4854 245 4894 a
282 4848 453 4908 patre.
497 4837 657 4892 Certe
705 4837 850 4890 nulla
902 4838 1038 4891 ratio
1082 4837 1297 4892 dabitur
1346 4839 1536 4892 idonea
1584 4849 1783 4907 pra-ter

221 4930 382 4983 hanc.
414 4931 533 4984 Jam
575 4947 698 4984 vero
725 4932 969 4988 adverto.
1018 4930 1223 4998 Alphaai
1267 4946 1466 4984 nomen
1501 4931 1687 4985 nullibi
1728 4932 1782 4985 in

218 5021 389 5073 sacris
426 5020 645 5073 Litteris
680 5021 926 5089 reperiri,
966 5022 1064 5073 nisi
1105 5022 1193 5075 ubi
1228 5022 1403 5090 agitur
1438 5022 1503 5075 de
1535 5022 1785 5075 Matthreo

218 5121 314 5167 aut
350 5110 567 5172 Jacobo,
629 5122 685 5163 ut
727 5114 948 5166 minime
1003 5111 1184 5165 dicere
1235 5115 1527 5180 possimus,
1586 5113 1785 5166 nomen

220 5206 390 5259 fuisse
438 5203 621 5257 multis
656 5219 949 5258 commune
996 5222 1007 5257 :
1058 5215 1111 5257 et
1156 5206 1255 5257 hac
1298 5207 1363 5257 de
1410 5220 1572 5258 causa
1633 5217 1785 5261 tanto

219 5298 567 5354 uerisimilius
594 5309 694 5359 est,
720 5298 969 5349 eumdem
1001 5301 1165 5352 fuisse
1192 5299 1491 5367 Alpha'um,
1521 5300 1611 5366 qui
1638 5314 1787 5371 pater

218 5398 336 5442 erat
373 5388 602 5441 Blattbwi
632 5398 684 5441 et
709 5388 919 5449 Jacobi,
969 5401 1126 5457 prout
1162 5392 1332 5445 Gra'ei
1368 5407 1560 5445 omnes
1597 5394 1787 5446 existi-

221 5492 369 5535 mant
411 5496 526 5548 post
570 5482 1014 5549 Chrysostmnutu
1068 5494 1122 5535 et
1157 5484 1580 5539 'l'heodoretum.
1633 5484 1787 5537 Ratio

218 5575 308 5629 illa
349 5587 413 5624 ex
469 5576 750 5641 utriusque
803 5576 1122 5641 cognomine.
1178 5577 1341 5643 petita
1394 5593 1501 5630 non
1556 5577 1787 5631 debebat

218 5678 367 5722 certe
409 5675 513 5716 tam
552 5666 838 5721 imbecillis
865 5666 1033 5724 videri
1066 5669 1429 5730 'l'illetuontio,
1477 5671 1565 5739 qui
1595 5671 1784 5723 eadem

220 5762 299 5812 uti
354 5757 519 5811 voluit
566 5770 691 5811 nota
736 5761 769 5811 2
812 5761 862 5811 iu
896 5771 1144 5814 sanctum
1203 5761 1394 5819 Judam
1436 5762 1646 5827 Jacobi,
1691 5775 1786 5817 aut

220 5852 573 5917 Thaddaeum,
603 5850 692 5909 ubi
723 5852 933 5909 disserit
967 5862 1152 5909 contra
1173 5852 1636 5926 Chrysostomum,
1671 5857 1780 5911 dis-

1894 4662 1951 4715 fit
1980 4665 2097 4713 Act.
2130 4676 2141 4712 ι
2170 4659 2192 4711 ?
2232 4659 2286 4711 In
2309 4658 2520 4712 duobus
2552 4657 2671 4708 aliis
2703 4658 2958 4724 catalogis
2990 4658 3227 4711 'l‘homas
3262 4660 3329 4711 iis
3367 4660 3452 4711 iu-

1890 4753 2190 4821 tcrpouitur
2221 4752 2385 4804 solus.
2420 4750 2603 4816 Itaque
2631 4749 2830 4813 ubique
2866 4748 2919 4799 in
2948 4748 3207 4813 catalogis
3232 4761 3455 4819 aposto-

1889 4845 2059 4896 lerurn
2118 4841 2353 4896 Jacobus
2406 4838 2613 4907 Alphei
2659 4841 2904 4907 sequitur
2962 4856 3070 4893 non
3120 4840 3279 4908 longe
3335 4851 3455 4910 post

1891 4934 2225 4995 Malthzcum,
2284 4940 2344 4985 ut.
2395 4930 2845 4984 verisituillimutu
2891 4930 2981 4983 fiat
3036 4929 3294 4983 Jacobum
3347 4946 3455 4983 non

1890 5029 1977 5080 ditt
2007 5036 2131 5092 post
2158 5025 2464 5077 Mattbzeum
2492 5038 2518 5074 a
2549 5021 2767 5075 Christo
2814 5023 2878 5074 ad
2911 5023 3248 5090 sequendum
3284 5023 3453 5076 fuisse

1890 5131 2160 5174 νυρξιιυηι.

1959 5212 2050 5265 ‘23.
2087 5214 2237 5265 Dic'et
2272 5212 2501 5268 fortasse
2538 5230 2832 5277 nonnemo,
2873 5214 3177 5266 Matthwum
3210 5219 3265 5263 et
3298 5208 3443 5261 Jaco-

1892 5305 2018 5359 bum
2058 5305 2264 5371 Alpluci
2304 5306 2497 5360 ttullibi
2564 5307 2615 5358 in
2682 5306 2971 5373 Evangelia
3011 5304 3201 5355 fratres
3249 5296 3452 5361 vocari,

1893 5406 2050 5465 prout
2083 5394 2276 5450 fratres
2322 5399 2550 5451 subinde
2582 5408 2840 5452 vocantur
2870 5398 3060 5449 Petrus
3096 5405 3149 5447 et
3186 5395 3452 5451 Andreas,

1888 5489 2125 5541 Joannes
2160 5488 2488 5541 etJacobus.
2545 5487 2741 5540 Verum
2777 5489 2825 5540 id
2858 5486 3046 5553 nequit
3096 5484 3254 5551 objici
3284 5498 3312 5534 a
3345 5482 3455 5532 Tila

1890 5578 2145 5633 letnontio
2196 5588 2248 5631 et
2293 5581 2554 5639 (lalmcto,
2609 5595 2708 5632 nec
2771 5578 2840 5630 ab
2884 5579 3005 5628 ullis
3060 5574 3148 5641 qui
3189 5571 3449 5626 Jacobutu

1889 5669 2096 5738 Aipheei
2157 5671 2346 5725 dicunt
2387 5669 2611 5723 fratrem
2674 5669 2822 5721 Judac
2870 5666 3147 5719 Thaddtei.
3186 5664 3241 5717 Si
3301 5662 3447 5717 enim

1888 5762 2133 5825 credant,
2163 5763 2260 5815 hos
2307 5762 2501 5815 fratres
2531 5776 2650 5815 esse
2691 5761 2953 5829 potuisse,
2996 5755 3207 5810 etiamsi
3253 5755 3304 5806 in
3355 5769 3445 5808 ca—

1887 5852 2075 5923 talogis
2124 5853 2491 5924 apostolorum
2552 5867 2824 5922 nunquam
2879 5850 3072 5905 fratres
3140 5855 3440 5903 vocentur:
