4188 6436
774 397 875 465 ’167

786 604 950 674 phazi.
984 602 1099 657 imo
1132 619 1239 657 non
1278 603 1449 655 deerit
1500 599 1665 661 ratio,
1714 613 1816 665 qua
1849 596 2040 648 horum
2077 590 2352 660 germani-

785 703 950 746 tatem
1008 694 1261 746 omittere
1318 690 1593 760 potuerint
1645 684 2010 753 evangelistze.
2052 680 2182 733 Nam
2217 679 2352 733 Mat-

784 788 962 839 theus
1003 800 1066 839 ex
1108 784 1329 852 proprio
1357 778 1647 848 Evangelio
1688 787 1851 830 nctus
1885 784 2019 837 erat.
2078 782 2136 826 ut
2175 770 2353 841 publi-

781 893 971 932 canus.
1042 876 1219 942 Quare
1290 877 1335 927 si
1396 872 1739 942 evangelista:
1807 867 2065 922 Jaeobuni
2142 861 2350 932 Alpha-i

780 968 1048 1023 dixissent
1120 966 1356 1021 Matthtei
1432 964 1675 1026 fratrem,
1750 962 2124 1016 insinuassent
2188 954 2352 1009 simul

783 1061 1138 1127 publicanum
1199 1059 1392 1119 fuisse,
1447 1065 1539 1109 aut
1587 1066 1733 1110 certe
1776 1052 2043 1121 publicani
2108 1050 2354 1103 fratrem.

781 1151 965 1219 Atqui.
999 1152 1433 1206 utobservarunt
1454 1150 1876 1217 Chrysostomus
1895 1155 1942 1197 et
1972 1142 2352 1211 Hieronymus,

785 1241 996 1296 Marcus
1052 1252 1106 1296 et
1154 1240 1350 1302 Lucas,
1404 1241 1619 1308 quando
1661 1245 1883 1291 narrant
1935 1235 2163 1287 Matthsei
2193 1247 2354 1287 voca-

782 1339 1010 1396 tionem.
1043 1335 1219 1400 ipsum
1250 1333 1374 1386 Levi
1401 1344 1617 1400 vocant,
1656 1346 1723 1383 ne
1757 1330 2015 1386 indicent.
2043 1325 2352 1379 Matthaznm

785 1426 954 1481 fuisse
1016 1427 1390 1495 publicanum.
1476 1424 1583 1476 Cur
1652 1424 1814 1491 igitur
1886 1437 1991 1474 non
2062 1429 2357 1486 potuerunt

785 1535 978 1572 omnes
1004 1520 1070 1571 de
1118 1520 1321 1571 honore
1347 1517 1514 1569 sancti
1538 1514 1722 1568 Jacobi
1759 1513 1962 1582 ΑΙιώΨὶ
2008 1527 2160 1580 reque
2188 1510 2355 1563 fuisse

784 1611 1025 1668 solliciti.
1080 1610 1313 1677 ideoque
1358 1609 1515 1660 silere
1565 1607 1785 1660 fratrem
1828 1606 1995 1658 fuisse
2048 1602 2358 1665 publicani?

786 1697 1065 1754 Sententia
1094 1702 1257 1770 igitur
1299 1698 1700 1769 Chrysostomi.
1730 1695 2056 1748 Theodoreti
2096 1704 2149 1748 et
2187 1693 2354 1747 totius

782 1792 1098 1845 Graecorum
1151 1791 1426 1853 Ecclesiaz,
1500 1791 1631 1841 mihi
1704 1788 1994 1841 admodum
2047 1785 2356 1839 verisimilis

781 1892 1009 1950 apparet
1052 1883 1443 1950 etprobabilis,
1478 1895 1598 1933 cum
1636 1880 1761 1945 quia
1800 1878 1973 1930 solido
2030 1878 2221 1929 nititur
2271 1891 2357 1928 ar-

782 1983 1043 2039 gumento
1074 1988 1136 2026 ex
1188 1972 1468 2037 utriusque
1519 1970 1749 2038 apostoli
1786 1971 2109 2037 cognomine
2142 1968 2350 2035 Alpbaei

782 2062 1037 2124 deducto,
1076 2073 1187 2115 tum
1227 2063 1351 2131 quia
1396 2061 1571 2115 nullas
1606 2061 1805 2128 patitur
1834 2058 2196 2111 difficultates.
2238 2058 2357 2110 Cal-

784 2164 963 2205 tnetns
995 2154 1214 2221 quidem
1260 2154 1310 2204 in
1352 2150 1685 2203 Dictlonario
1728 2146 1933 2201 Biblico
1983 2150 2118 2200 duos
2172 2149 2357 2201 statuit

784 2242 1062 2312 Alpinius,
1098 2244 1325 2296 alterum
1376 2241 1543 2294 sancti
1585 2240 1817 2292 Matthxi
1849 2250 2079 2308 patrem,
2125 2240 2352 2291 altertnn

785 2347 991 2404 patrem
1034 2334 1089 2388 S.
1123 2336 1305 2389 Jacobi
1341 2334 1570 2401 Alphaei,
1593 2347 1828 2400 eumque
1855 2332 1968 2385 vult
1999 2333 2103 2384 alio
2134 2332 2354 2385 nomine

783 2430 1078 2492 Cleopham
1115 2429 1339 2481 dictum.
1373 2428 1440 2479 At
1467 2426 1789 2493 respondeo,
1847 2426 2049 2476 nullam
2108 2438 2227 2475 esse
2259 2438 2345 2474 ne-

783 2520 1096 2572 cessitatem
1148 2517 1422 2570 statuendi
1455 2516 1592 2569 duos
1645 2515 1919 2582 Alphazos,
1980 2522 2073 2566 aut
2117 2512 2353 2574 dicendi,

782 2609 1078 2678 Cleopham
1119 2608 1223 2662 alio
1254 2608 1474 2661 nomine
1512 2607 1794 2675 Alphzcum
1828 2606 2055 2662 dietum.
2095 2607 2195 2659 nisi
2225 2606 2352 2668 illis,

784 2700 877 2767 qui
902 2708 1090 2752 contra
1133 2708 1352 2751 Sanctus
1405 2696 1593 2749 Patres
1644 2696 1905 2750 Jacobum
1967 2696 2172 2764 Alpina}.
2229 2712 2352 2749 cum

784 2789 992 2844 Jacobo
1035 2790 1200 2844 fratre
1252 2789 1459 2842 Domini
1487 2789 1850 2854 confundunt,
1888 2789 2219 2856 minimeque
2246 2787 2348 2841 du‘

787 2882 965 2937 bitare
1007 2897 1111 2940 me.
1145 2883 1274 2948 quin
1308 2882 1489 2932 Statim
1545 2889 1925 2948 agnoscerent.
1958 2878 2152 2931 fratres
2186 2878 2355 2931 videri

790 2970 1101 3027 Matth-acum
1133 2984 1183 3026 et
1214 2971 1473 3026 Jacohuni
1501 2971 1733 3041 Alphaei,
1785 2971 1890 3025 nisi
1933 2971 2081 3025 hunc
2133 2970 2353 3025 fratrem

785 3062 997 3115 Domini
1033 3079 1153 3117 esse
1194 3063 1415 3116 vellent.

2008 387 2292 451 MENSIS
2332 384 2799 447 SEPTEMBER.

782 512 1059 568 immerito
1086 514 1226 568 idem
1261 513 1534 581 negabunt
1565 510 1632 565 de
1661 508 1914 562 Mattbteo
1942 514 1997 557 et
2024 503 2226 558 Jacobo
2262 500 2354 552 ΑΙ·
2385 503 2424 555 Α
2458 499 2557 552 bus
2630 497 3020 566 apostolorum.

3947 377 4049 439 768

3109 493 3262 551 Varia
3340 502 3519 551 tamen
3575 493 3912 547 referuntur
3985 490 4049 542 de

2456 586 2717 655 aposwlis
2769 586 3025 639 omnibus
3051 586 3374 655 generatim,
3408 585 3658 637 videlicet
3681 580 3835 649 quod
3872 577 4047 630 Chri-

2454 689 2569 733 stus
2593 679 2738 746 ipsos
2766 676 3051 730 donaverit
3079 665 3343 745 potestate
3396 675 3703 744 expellendi
3741 673 4044 725 dzemones

2456 771 2805 836 iulirmosque
2827 769 3079 832 sanandi,
3105 783 3167 821 ac
3201 768 3469 835 praeclaris
3496 770 3797 820 instruetos
3856 764 4047 816 moni-

2459 862 2549 920 tis.
2578 862 2641 912 ad
2681 860 3083 928 prrcdicandum
3144 875 3239 927 per
3296 857 3535 912 Jnda-am
3583 858 3845 917 miserit;
3896 854 4043 920 qum!

2457 952 2510 1004 iu
2542 951 2726 1003 ultima
2758 966 2911 1004 cmna
2951 966 3071 1002 cum
3111 950 3329 1003 Christo
3363 950 3584 1009 fuerint,
3644 948 4043 1011 exiverintque

2457 1044 2521 1095 ad
2555 1043 2732 1095 villam
2766 1042 3138 1101 Gethsemani.
3191 1052 3244 1095 et
3284 1042 3499 1102 deinde,
3545 1055 3610 1091 eo
3660 1048 3847 1105 capto.
3888 1039 4043 1103 fuge-

2461 1136 2589 1196 rint,
2625 1135 2764 1203 quod
2814 1134 3090 1187 Christum
3140 1134 3308 1187 variis
3366 1133 3573 1185 vicibus
3615 1132 3858 1183 viderint
3917 1140 4041 1195 post

2458 1228 2942 1288 resurrectionem,
2969 1238 3021 1278 et
3048 1229 3266 1278 demum
3316 1227 3368 1277 in
3401 1226 3596 1279 caelum
3627 1222 4036 1275 ascendentem

2458 1318 2867 1385 conSpexeiint.
2899 1317 3040 1384 quod
3075 1316 3405 1369 unanimiter
3445 1317 3494 1367 in
3538 1316 3790 1368 oratione
3842 1330 4036 1381 perse-

2457 1409 2911 1461 veraverintcum
2934 1409 3098 1460 Maria
3134 1407 3301 1460 Matre
3338 1406 3429 1459 Dei
3450 1417 3505 1459 et
3531 1407 3650 1457 aliis
3672 1405 4036 1472 quibusdam.

2460 1501 2547 1553 tibi
2602 1509 2656 1552 et
2698 1498 2928 1552 Mathias
2974 1497 3127 1551 Judae
3185 1498 3535 1557 substitutus,
3602 1498 3781 1549 donec
3837 1498 4040 1548 ibidem

2458 1591 2717 1659 Spiritum
2749 1602 2993 1644 sanctum
3028 1589 3363 1655 acceperint.
3399 1588 3523 1640 Haec
3589 1597 3746 1640 certo
3780 1588 3848 1639 de
3902 1602 4041 1653 apo-

2460 1682 2615 1736 stolis
2650 1681 2949 1748 generatim
3002 1688 3313 1741 narrantur,
3352 1686 3403 1727 ct
3439 1678 3504 1730 de
3537 1686 3729 1729 sancto
3786 1676 4039 1728 Matthm

2462 1790 2586 1826 vera
2619 1783 2763 1825 sunt.
2793 1772 2881 1825 Sic
2912 1772 3123 1825 videtur
3146 1774 3211 1823 de
3250 1770 3502 1822 omnibus
3550 1770 3812 1836 apostolis
3857 1771 3981 1822 Act.
4013 1784 4039 1818 v

2393 1840 2428 1893 Β
2462 1865 2689 1925 narrari.
2719 1864 2922 1917 carceri
2959 1862 3189 1917 infectos
3235 1861 3399 1915 fuisse
3432 1876 3460 1913 a
3504 1860 3754 1928 principe
3782 1860 4043 1912 sacerdo-

2464 1965 2596 2017 tum,
2625 1971 2720 2022 per
2749 1956 2997 2024 angelum
3030 1969 3155 2007 vero
3194 1954 3456 2015 eductos;
3503 1954 3816 2019 iterumque
3852 1961 4043 2018 captos

2459 2056 2512 2100 et
2548 2062 2739 2109 c:esos,
2773 2058 2936 2112 atque
2983 2045 3055 2097 ita
3110 2044 3380 2097 dimissos.
3427 2042 3551 2097 Post
3583 2058 3702 2110 qua:
3755 2040 4042 2110 subiungi-

2462 2148 2569 2196 tur.
2599 2152 2647 2187 v.
2680 2136 2736 2186 41
2776 2150 2787 2183 :
2826 2132 2919 2187 «Ει
2945 2133 3017 2185 illi
3052 2131 3269 2201 quidem
3302 2131 3574 2201 (apostoli)
3605 2132 3758 2183 ibant
3783 2133 4036 2194 gaudet)-

2464 2238 2542 2279 tes
2584 2243 2611 2280 a
2641 2235 2940 2294 conspectu
2966 2224 3202 2287 concilii,
3237 2225 3491 2293 quoniam
3519 2222 3664 2291 digni
3698 2222 3873 2274 habiti
3910 2230 4042 2275 sunt

2462 2332 2557 2383 pro
2595 2316 2815 2367 nomine
2850 2312 2977 2367 Jesu
3010 2314 3398 2368 contumeliam
3438 2314 3566 2381 pati.
3631 2310 3792 2365 Omni
3852 2323 4038 2364 autem

2460 2409 2548 2460 die
2571 2422 2677 2459 non
2714 2407 3003 2460 cessabant
3036 2406 3087 2458 in
3124 2406 3327 2473 templo
3355 2416 3407 2459 et
3444 2408 3586 2459 circa
3609 2406 3803 2459 domos
3835 2405 4042 2458 docen-

2463 2510 2541 2553 tes
2571 2508 2621 2552 et
2651 2500 3086 2568 evangelizantes
3114 2498 3391 2551 Christum
3431 2496 3639 2551 Jesuin.
3672 2516 3688 2549 ι
3750 2498 3908 2551 Mitto
3934 2497 4036 2551 alia

2459 2608 2568 2647 non
2614 2607 2765 2660 teque
2805 2601 2955 2645 certo
2984 2592 3051 2645 de
3090 2592 3347 2644 onmibus
3373 2590 3537 2643 dicta.

2458 2706 2483 2774 ᾗ
2528 2704 2615 2757 lll.
2675 2703 3017 2774 Erangelium
3080 2704 3332 2782 scriptum
3381 2718 3398 2753 :
3432 2703 3728 2770 spectantia
3787 2701 3861 2755 ad
3908 2698 4039 2753 illud

3026 2780 3417 2826 examinantur.

2530 2888 2618 2941 50.
2646 2885 2720 2941 De
2748 2885 3037 2958 Evangelio
3069 2903 3163 2955 per
3179 2898 3423 2941 sanctum
3452 2885 3763 2941 Matthtcum
3789 2888 4039 2942 conscri—

2458 2991 2569 3050 pto.
2610 2980 2922 3049 priusquam
2954 2980 3137 3033 Judara
3173 2978 3477 3035 excederet.
3505 2978 3625 3032 aliis
3654 2993 3875 3047 quoque
3913 2992 4039 3046 gen-

2458 3075 2601 3126 tibus
2638 3074 3041 3141 przedicaturus,
3095 3070 3380 3133 Eusebius,
3436 3072 3528 3125 lib.
3571 3088 3651 3131 ιιι.
3692 3086 3817 3140 cap.
3850 3072 3921 3123 ἳι
3965 3072 4036 3122 ita

854 3158 942 3209 9.9.
979 3158 1194 3210 Annum
1229 3166 1283 3209 et
1309 3169 1571 3215 mensem,
1611 3172 1718 3224 quo
1773 3158 2002 3225 contigit
2038 3159 2253 3213 vocatio
2291 3159 2347 3214 S.
2378 3178 2430 3238 ρ
2457 3160 2730 3228 loquitur:
2774 3179 2791 3211 ι
2838 3160 3119 3215 Matthazus
3168 3174 3289 3213 cum
3329 3160 3562 3213 Hebrzeis
3604 3162 3842 3228 primum
3879 3160 4035 3213 ﬁdem

788 3247 1045 3309 Matthrei,
1079 3266 1184 3303 non
1240 3248 1477 3316 inquiro,
1536 3262 1601 3300 ne
1646 3262 1803 3316 cogar
1845 3249 2170 3317 qumstioues
2226 3251 2356 3306 alias

787 3348 1142 3408 pertractare.
1187 3338 1261 3392 De
1291 3339 1487 3394 ordine
1516 3338 1714 3400 solum,
1741 3354 1847 3407 quo
1894 3340 2035 3392 inter
2068 3340 2355 3396 duodecim

789 3445 1011 3483 vocatus
1046 3440 1150 3493 est,
1175 3444 1344 3497 pauca
1378 3429 1737 3483 libctdicere.
1770 3428 1883 3482 Non
1921 3429 2025 3483 fuit
2063 3431 2204 3483 inter
2244 3433 2358 3499 pri-

789 3539 906 3578 mos
958 3533 1185 3576 vocatus
1228 3534 1450 3578 sanctus
1498 3523 1782 3575 Mattiacas
1814 3539 1824 3572 :
1859 3538 1982 3575 nam
2042 3534 2191 3577 certo
2222 3540 2361 3593 pra:-

792 3624 1076 3669 cesserant
1134 3614 1401 3680 Andreas,
1473 3614 1684 3677 Petrus,
1762 3612 2023 3679 Jacobus,
2101 3614 2357 3682 Joannes,

792 3702 1075 3774 Philippus
1106 3716 1159 3759 et
1184 3705 1486 3759 Nathanael
1525 3705 1639 3758 sive
1674 3705 2123 3765 Bartholonneus,
2154 3708 2244 3774 qui
2304 3710 2358 3761 in

789 3798 1043 3851 omnibus
1081 3813 1296 3865 quoque
1324 3797 1692 3863 apostolorum
1722 3795 1978 3865 catalogis
2004 3810 2360 3851 numerantur

790 3899 917 3943 ante
954 3891 1290 3943 Matthreuui.
1324 3887 1394 3942 De
1421 3887 1625 3942 Thoma
1686 3890 1918 3943 dubitari
1985 3900 2183 3957 potesr,
2244 3891 2363 3945 fue-

796 3981 938 4034 ritne
966 3992 1113 4045 ante,
1153 3997 1219 4033 an
1272 3992 1393 4049 post
1448 3981 1779 4043 Matrhasntn,
1830 3983 2115 4051 discipulis
2165 3985 2361 4038 Christi

792 4085 1202 4125 annumeratus.
1249 4074 1532 4126 Matthaeus
1578 4075 1691 4140 ipse
1714 4075 1978 4125 Thomam
2010 4075 2111 4126 sibi
2148 4090 2360 4143 [πτερο-

794 4164 895 4226 nit,
942 4174 991 4216 et
1036 4166 1154 4217 Act.
1210 4180 1244 4223 t.
1292 4165 1528 4217 Thomas
1569 4180 1672 4218 non
1706 4165 1880 4217 solum
1944 4164 2216 4228 Matthaco,
2268 4164 2363 4218 sed

791 4256 957 4309 etiam
984 4255 1373 4309 Barrboloriimo
1399 4258 1752 4325 przeponitur.
1781 4258 1934 4326 Apud
1964 4259 2045 4309 Ma
2059 4272 2363 4312 rcum'vcro

790 4356 843 4401 et
880 4345 1078 4399 Lucam
1114 4348 1164 4400 iu
1196 4345 1495 4418 Evangeliis
1554 4347 1793 4401 Thomas
1843 4349 2149 4401 Mattliaeum
2184 4357 2366 4419 sequi-

795 4449 899 4493 tur.
933 4439 1137 4506 Itaque,
1170 4455 1292 4493 cum
1324 4442 1535 4493 vocatio
1584 4440 1809 4493 Thoma:
1865 4456 1974 4494 non
2007 4441 2076 4494 sit
2107 4446 2357 4511 exposita

795 4531 847 4583 iu
888 4530 1219 4597 Evangeliis,
1254 4539 1309 4583 et
1348 4532 1508 4585 modo
1552 4544 1899 4600 praaponatur
1942 4536 2102 4586 modo
2137 4543 2359 4601 postpo-
2396 4520 2435 4574 D
2466 4549 2717 4587 sermone
2752 4532 2932 4585 divina
2972 4531 3297 4598 conscripsit
3322 4531 3537 4583 oracula
3581 4549 3593 4582 :

793 4630 955 4673 natur
1000 4618 1273 4682 Mattlneo,
1330 4622 1487 4689 plane
1566 4622 1789 4676 dubium
1850 4633 1934 4676 est
1977 4633 2029 4676 et
2070 4624 2357 4689 incertum,

793 4722 915 4765 uter
947 4726 1009 4764 ex
1044 4712 1148 4763 illis
1178 4723 1397 4765 vocatus
1429 4714 1497 4765 sit
1533 4715 1695 4781 prior.
1725 4715 1934 4784 Reliqui
1957 4732 2083 4772 vero
2105 4728 2357 4785 quatuor,

794 4804 1052 4857 nimirum
1080 4802 1313 4857 Jacobus
1336 4805 1776 4871 AlphezeiJudas
1810 4810 2137 4871 'l‘haddaeus,
2172 4810 2360 4863 Simon

791 4897 1157 4956 Chanana'us.
1184 4906 1236 4949 et
1260 4896 1428 4954 Judas
1466 4897 1751 4952 lscariotes
1782 4900 2046 4968 proditor.
2082 4915 2203 4953 cum
2232 4916 2363 4953 cou-

795 4996 1001 5040 stanter
1054 4986 1109 5039 in
1162 4988 1417 5041 omnibus
1464 4990 1720 5058 catalugis
1780 5002 1899 5058 post
1938 4991 2243 5044 Matthteuni
2281 5008 2365 5045 re-

797 5086 1149 5138 censeantur,
1201 5078 1362 5129 etiam
1419 5078 1784 5130 Verisimiliter
1848 5091 1968 5146 post
2017 5081 2193 5148 ipsum
2237 5092 2365 5135 sunt

799 5167 1003 5226 vocati.
1056 5168 1225 5220 itaut
1278 5169 1564 5222 Mattha-us
1636 5171 1879 5223 videatur
1946 5176 2209 5240 septimus
2272 5182 2363 5226 aut

798 5270 1025 5311 octavus
1063 5257 1230 5311 fuisse
1258 5261 1399 5313 inter
1449 5264 1733 5315 duodecim
1763 5268 2047 5331 apostolos
2090 5284 2101 5317 :
2138 5268 2189 5317 in
2225 5266 2363 5319 duu-

804 5350 903 5401 hus
935 5352 1079 5403 enim
1101 5351 1365 5419 catalugis
1402 5355 1665 5420 septimus
1700 5358 1941 5423 punitur,
1978 5358 2028 5409 in
2078 5358 2195 5409 aliis
2228 5361 2361 5410 duo-

801 5437 904 5493 bus
933 5449 1175 5494 Octavus.
1228 5442 1394 5494 Porro
1448 5444 1639 5497 electio
1677 5445 1960 5500 duodecim
1996 5450 2362 5514 apostolorum

802 5546 833 5583 ει
870 5532 1042 5583 tribus
1070 5535 1419 5600 evangelistis
1456 5538 1691 5589 relertur
1721 5555 1825 5590 non
1859 5540 1949 5592 diu
1983 5550 2102 5609 post
2132 5542 2368 5593 vocatio-

804 5638 927 5675 nem
986 5623 1239 5688 Matrhaei,
1275 5629 1637 5691 pwtermissa
1672 5634 1955 5685 vocatione
1987 5644 2216 5695 quatuor
2272 5649 2365 5701 po-

804 5716 1213 5778 sterioruni,uti
1249 5716 1563 5773 etThumee.
1623 5719 1823 5774 Deinde
1870 5724 2005 5776 nihil
2043 5725 2365 5791 particulare

799 5810 871 5859 de
898 5804 956 5861 S.
999 5806 1252 5862 Mattbieo
1290 5823 1541 5865 narratur
1575 5816 1625 5867 in
1666 5815 1972 5880 Evangeliis
1998 5827 2089 5872 aut
2122 5818 2170 5871 in
2215 5819 2365 5872 Acti—

2460 3254 2823 3322 praadicasset.
2855 3252 2978 3307 inde
2997 3254 3058 3307 ad
3080 3252 3211 3306 alias
3226 3266 3438 3322 quoque
3456 3261 3643 3322 gentes
3663 3252 4032 3320 profecturus.

2462 3343 2817 3414 Evangelium
2860 3359 3016 3396 suum
3060 3344 3234 3411 patrio
3269 3357 3519 3395 sermone
3538 3342 3922 3403 conscribens.
3958 3343 4033 3404 id.

2461 3436 2605 3502 quod
2646 3432 2953 3503 prasentite
3006 3448 3117 3487 sua:
3162 3434 3338 3487 adhuc
3389 3447 3674 3501 superesse
3726 3432 4034 3496 videbatur,

2461 3526 2667 3593 scripto
2708 3525 2835 3584 illis,
2894 3539 3033 3592 quos
3075 3524 3440 3590 relinquebat,
3497 3520 3793 3590 supplevit.
3825 3542 3843 3573 ι
3902 3524 4036 3577 insi-

2461 3626 2594 3673 nuat
2627 3616 2873 3686 allegatis
2900 3616 3076 3669 verbis
3102 3614 3387 3675 Eusebius,
3416 3614 3724 3667 Matthzcnm
3749 3618 4037 3683 scripsisse

2461 3724 2714 3765 sermone
2756 3709 3041 3770 Hebraico,
3076 3707 3250 3778 qualis
3295 3715 3421 3761 tunc
3452 3717 3571 3761 erat
3624 3707 3863 3761 usitatus
3896 3708 4037 3776 apud

2461 3805 2697 3861 Judmus.
2734 3818 2840 3855 non
2884 3803 3101 3869 quidem
3136 3816 3272 3867 puro
3310 3811 3361 3854 et
3414 3811 3650 3863 vetusto,
3687 3801 3785 3853 sed
3837 3801 4040 3853 nonni-

2464 3895 2539 3947 hil
2572 3905 2828 3963 corrupto
2862 3908 2924 3945 ex
2970 3892 3267 3946 Chaldaico
3319 3901 3372 3944 et
3414 3890 3659 3961 Syriaco,
3703 3901 3761 3943 ut
3788 3892 3882 3943 alii
3929 3894 4037 3958 jam

2462 3987 2845 4039 observarunt.
2886 3985 3067 4037 lnnuit
3105 3994 3387 4052 praeterea,
3429 3985 3661 4052 primum
3693 3986 3945 4036 omnium
3975 3998 4038 4035 ex

2464 4075 2809 4143 evangelistis
2837 4077 3118 4143 scripsisse
3170 4075 3477 4128 Matthaenm
3505 4091 3519 4137 ;
3548 4088 3671 4125 mox
3692 4074 3838 4124 enim
3869 4077 4037 4132 addit,

2466 4176 2653 4235 postea
2694 4167 2976 4235 scripsisse
3028 4166 3265 4219 Marcum
3314 4176 3367 4219 et
3414 4165 3638 4226 Lucam,
3699 4180 3765 4220 ac
3814 4165 4038 4219 demum

2462 4261 2748 4312 Joannem.
2791 4258 2994 4313 Deinde
3045 4276 3167 4328 cap.
3198 4259 3265 4313 58
3309 4258 3423 4312 haec
3458 4258 3653 4326 allegat
3688 4257 3901 4325 Papiae.
3947 4258 4035 4324 qui

2465 4362 2586 4403 Cum
2622 4349 2901 4416 discipulis
2943 4350 3304 4416 apostolorum
3340 4349 3547 4401 vixerat
3594 4348 3661 4400 de.
3688 4362 3886 4401 sancro
3912 4350 4038 4401 Mat.

2465 4440 2606 4493 th:eo
2638 4440 2800 4493 verba
2832 4456 2845 4492 :
2881 4456 2898 4488 ι
2935 4438 3215 4491 Matthxi-ns
3238 4440 3479 4506 quidem,
3519 4438 3717 4505 inquit,
3763 4436 4035 4493 Hebraico

3638 4532 4036 4599 interpreratus

2463 4633 2753 4677 estautem
2813 4622 3183 4690 unusquisque
3225 4620 3333 4679 illa.
3387 4629 3547 4688 prout
3604 4621 3802 4686 potuit.
3861 4618 4036 4673 Verba

2464 4715 2636 4769 sancti
2680 4715 2862 4767 lren:ei
2907 4714 3153 4767 laudatus
3183 4712 3468 4773 Eusebius,
3500 4712 3588 4764 lib.
3630 4728 3681 4773 v,
3722 4726 3849 4778 cap.
3880 4714 3911 4763 8
3972 4714 4037 4765 de

2464 4804 2715 4859 Matthazo
2764 4805 2984 4858 adducit
3036 4806 3140 4856 hoc
3188 4804 3350 4855 modo
3409 4818 3421 4852 :
3478 4801 3779 4858 Matthzeus.
3837 4804 4034 4871 inquit,

2464 4898 2604 4965 apud
2642 4898 2894 4950 Hebraeos
2927 4895 3141 4964 propria
3187 4909 3374 4947 eorum
3424 4893 3603 4963 lingua
3657 4895 4034 4963 conscriptum

2468 4990 2814 5058 Evangelium
2857 4988 3045 5048 edidit,
3096 4988 3222 5039 dum
3274 4987 3467 5040 Petrus
3502 5003 3563 5038 ac
3607 4985 3808 5040 Paulus
3851 4986 4035 5041 Roma:

2464 5082 2739 5135 Christum
2794 5082 3181 5148 praedicarent.
3247 5088 3298 5129 et
3371 5078 3624 5131 Ecclesia:
3679 5078 4034 5132 fundamenta

2462 5174 2725 5240 jacercnt.
2779 5190 2796 5221 ο
2841 5171 2967 5221 ltata
3026 5170 3185 5219 verba
3240 5169 3489 5237 leguntur
3555 5171 3695 5237 apud
3748 5170 4033 5233 lreuazum,

2469 5268 2557 5319 lib.
2587 5283 2637 5318 lll
2666 5266 2856 5318 Contra
2885 5252 3122 5317 limi-eses.
3144 5277 3261 5329 cap.
3301 5280 3335 5322 I,
3366 5263 3453 5313 ubi
3486 5262 3732 5313 similiter
3767 5262 4031 5325 innuiIUr,

2469 5360 2699 5425 primum
2736 5358 2875 5407 inter
2908 5355 3271 5421 evangelistas
3307 5352 3474 5405 fuisse
3527 5352 3876 5413 Matthtrum;
3915 5355 4034 5405 licet

2469 5455 2601 5505 alias
2648 5468 2753 5503 non
2789 5460 3008 5501 Careant
3051 5451 3229 5516 aliqua
3285 5446 3597 5499 (liliivultate
3646 5463 3741 5512 pro
3793 5458 4033 5515 tempore

2470 5544 2745 5612 Evangelii
2799 5560 2825 5594 a
2867 5543 3120 5595 Mattinco
3146 5540 3364 5606 scripti,
3394 5551 3448 5591 ut
3474 5536 3660 5605 postea
3704 5540 4028 5591 videbimus.

2467 5636 2701 5689 Adducit
2736 5636 3019 5694 Eusebius,
3056 5634 3146 5684 lib.
3180 5648 3251 5691 VI,
3281 5648 3401 5699 cap.
3434 5632 3502 5682 ‘25
3528 5630 3689 5683 etiam
3724 5633 3889 5683 verba
3914 5628 4032 5681 Ori-

2469 5729 2641 5797 geuis,
2704 5728 2935 5782 dicentis
2978 5741 3041 5779 ex
3104 5725 3415 5783 traditione,
3470 5742 3485 5772 ι
3546 5724 3781 5792 primum
3830 5722 4029 5774 scilicet

2471 5819 2816 5888 Evangelium
2854 5818 3107 5881 scriptum
3142 5831 3259 5868 esse
3315 5830 3339 5865 a
3391 5812 3727 5871 Matthxo,...
3777 5816 3865 5879 qui
3904 5812 4028 5865 illud
