4188 6436
185 404 295 465 769

1459 403 1630 461 VlTA
1674 398 1731 465 S.
1783 405 2170 465 MATTHrﬁi.

3335 402 3444 468 770

183 515 457 568 Hebraico
510 528 762 567 sermone
814 514 1182 582 conscriptum
1226 511 1427 567 iudicis
1491 515 1555 566 ad
1604 512 1766 567 (idem
1803 523 1843 576 Α
1879 516 2081 570 fatetur
2110 531 2442 572 consensum
2464 516 2812 586 antiquorum
2845 515 2930 569 his
2959 513 3140 568 verbis
3171 530 3181 564 :
3216 533 3232 563 ι
3262 514 3447 582 Magna

184 606 467 659 conversis
496 606 707 674 publica
720 607 811 659 vit.
865 625 883 657 ι

258 700 346 752 3t.
395 700 451 751 S.
505 699 865 768 Hieronymus
901 699 952 752 in
983 699 1235 766 Catalogo
1288 699 1616 767 scriptorum
1676 714 1766 752 ec-

186 792 621 844 clesiasticoriim
660 793 725 845 de
759 804 948 846 sancto
979 792 1229 845 Matthao
1252 792 1321 844 ita
1344 794 1509 844 habet
1538 808 1549 844 :
1580 810 1596 841 ι
1636 791 1763 843 Mat-

188 882 393 938 tliieus.
431 882 597 949 quiet
634 882 782 943 Levi,
811 898 872 934 ex
908 882 1194 949 publicano
1220 882 1518 949 apostolus,
1557 884 1764 950 primus

185 971 242 1023 in
272 970 453 1025 Jtidaea
522 986 739 1043 propter
788 990 900 1031 eos,
959 974 1051 1040 qui
1111 989 1174 1024 ex
1223 973 1648 1026 Circumcisione
1692 974 1762 1040 (id

184 1075 294 1125 est,
342 1082 404 1118 ex
452 1066 673 1133 Judaeis)
730 1062 1094 1123 crediderant.
1166 1067 1515 1131 Evangeliiiin
1563 1063 1762 1118 Christi

188 1158 472 1211 Hebraicis
505 1160 700 1212 litteris
756 1158 1045 1225 verbisque
1100 1161 1423 1225 composuit.
1461 1157 1613 1221 Quod
1644 1159 1765 1225 quis

185 1259 371 1317 postea
402 1249 451 1300 iii
495 1248 736 1303 Gi'mcuui
802 1250 1154 1308 transtulerit.
1203 1262 1310 1301 non
1377 1249 1509 1300 satis
1556 1259 1761 1300 certoin

185 1349 290 1391 est.
334 1341 497 1391 Porro
529 1340 701 1405 ipsum
757 1337 1075 1391 Hebialcum
1115 1339 1346 1390 habetur
1400 1355 1567 1407 usque
1603 1338 1763 1391 hodie

186 1426 244 1478 in
275 1428 595 1480 Caesariensi
631 1428 975 1483 bibliotheca.
1000 1445 1159 1497 quain
1214 1429 1529 1495 Pamphilus
1564 1440 1765 1499 martyr

188 1518 596 1571 studiosissime
646 1521 903 1571 coniecit.
964 1519 1091 1572 Mihi
1137 1536 1355 1589 quoque
1386 1536 1413 1572 a
1470 1520 1763 1581 Nazarrcis,

186 1611 277 1677 qui
322 1610 371 1661 in
404 1608 588 1663 Berma
628 1610 760 1662 urbe
795 1610 963 1679 Syria:
1021 1610 1122 1664 hoc
1189 1614 1462 1665 volumine
1516 1622 1763 1673 utuntur,

187 1702 535 1755 describendi
570 1702 797 1756 facultas
828 1706 945 1755 l'iiit.
977 1705 1028 1754 lii
1065 1720 1171 1771 quo
1195 1704 1763 1769 animadvertendum,

188 1795 361 1861 quod,
400 1795 709 1861 ubicunque.
740 1796 1096 1863 evangelista,
1144 1799 1255 1848 sive
1287 1813 1347 1846 ex
1382 1812 1608 1863 persona
1643 1814 1759 1859 sua,

1873 606 2217 674 antiquorum
2283 607 2524 659 omnium
2618 606 2949 673 conspiratio
3011 614 3114 665 est,
3181 603 3448 658 Hebraico

1869 712 2125 752 sermone
2189 698 2541 766 Evangelium
2588 696 2820 753 Matthzei
2862 696 3029 748 luisse
3083 694 3380 761 vulgatum.
3426 712 3443 743 ι

1869 785 2003 840 Ttiiii
2032 789 2215 841 subdit
2244 802 2254 844 :
2288 808 2304 839 ι
2341 790 2469 852 Qua:
2492 790 2720 841 eruditis
2766 789 2900 840 bene
2938 786 3118 840 multis
3145 788 3447 838 etiamnum

1870 882 2118 934 arridens
2143 882 2389 941 traditio,
2420 898 2525 933 non
2570 881 2739 950 aiquis
2776 897 2906 933 sane
2954 880 3178 932 auribus
3212 894 3241 930 a
3291 878 3444 930 nobis

1868 976 2107 1028 auditur.
2153 992 2171 1025 ι
2218 974 2442 1027 Fatetur
2478 974 2637 1043 igitur
2678 971 2994 1040 Basnagius,
3030 986 3093 1023 uc
3118 972 3287 1037 aequis
3324 970 3447 1037 qui-

1869 1070 1991 1121 dem
2038 1069 2259 1121 auribus
2290 1084 2316 1121 a
2357 1083 2417 1120 se
2443 1066 2639 1127 audiri,
2673 1066 2815 1133 quod
2847 1067 2941 1115 toti
2969 1063 3169 1130 placuit
3200 1060 3450 1128 antiqui-

1869 1159 1982 1210 tati.
2016 1159 2318 1211 Audiamus
2350 1176 2410 1210 ai:
2441 1160 2507 1211 de
2546 1172 2600 1209 re
2626 1156 2892 1221 judicium
2935 1154 3162 1206 alterius
3228 1154 3451 1206 hetero-

1868 1250 2013 1307 duxi.
2051 1251 2300 1303 videlicet
2332 1249 2585 1305 Guilelmi
2615 1248 2760 1302 Cave
2798 1249 2850 1299 in
2888 1246 3123 1298 Historia
3160 1245 3448 1308 litterario,

1870 1356 1993 1396 sa-c.
2026 1358 2064 1401 ι.
2097 1358 2215 1410 pag.
2242 1341 2293 1402 6,
2329 1342 2379 1393 in
2416 1342 2473 1394 S.
2501 1340 2753 1393 Matthaco
2789 1356 2799 1390 :
2852 1356 2869 1387 ι
2922 1338 2979 1389 Et
3013 1337 3236 1403 quidem
3271 1337 3450 1389 Histo-

1870 1437 2002 1487 riam
2030 1450 2181 1488 suaiii
2211 1435 2583 1503 eraiigelicam
2615 1432 2881 1485 llebraice
2907 1431 3214 1498 scripsisse.
3245 1429 3446 1496 inquit.

1869 1526 2003 1579 miro
2039 1539 2168 1578 Sane
2204 1540 2476 1578 consensu
2514 1526 2730 1581 tradunt
2758 1532 2989 1584 veteres,
3019 1523 3154 1574 adeo
3191 1530 3247 1573 ut
3277 1524 3445 1574 totius

1869 1634 2007 1689 pene
2068 1618 2409 1686 antiquitatis
2462 1617 2779 1669 teStimonio
2832 1614 3095 1683 refragari
3160 1613 3345 1666 hacin
3390 1628 3448 1666 re

1869 1712 2020 1767 nefas
2058 1714 2147 1767 sit.
2188 1732 2203 1761 ι
2243 1716 2428 1782 Atego
2459 1726 2566 1763 non
2603 1711 2932 1777 expciidani,
2986 1716 3203 1775 quanta:
3256 1707 3328 1759 sit
3370 1716 3448 1759 te-

1871 1807 2137 1859 meritatis
2182 1820 2210 1857 a
2249 1814 2355 1857 tota
2424 1804 2748 1871 antiquitate
2808 1816 2961 1853 sacra
3008 1801 3283 1861 recedere,
3320 1812 3445 1850 Cum

188 1887 305 1937 sive
345 1902 407 1937 ex
456 1901 683 1952 persona
726 1886 936 1937 Domini
990 1885 1309 1950 Salwtoris,
1360 1890 1555 1940 veteris
1619 1887 1763 1941 Scri-

1871 1899 2114 1950 noveiiiii
2169 1899 2532 1952 hcterodoxos
2588 1897 2639 1947 id
2688 1898 2863 1949 facere
2920 1894 3109 1947 solitos
3173 1894 3223 1945 in
3284 1893 3449 1946 rebus

189 1984 361 2043 ptime
405 1975 732 2028 testimoniis
788 1978 1051 2041 abutitur,
1083 1992 1189 2030 non
1232 1989 1491 2045 sequatur
1537 1976 1765 2045 Septua-

187 2071 333 2135 ginta
370 2071 746 2122 translatorum
773 2073 1163 2134 aitetoritateiii,
1220 2073 1312 2124 sed
1352 2072 1687 2125 Hebraicam.
1726 2070 1764 2122 Ε

188 2164 387 2230 quibus
406 2164 491 2215 illa
512 2175 637 2215 sunt
666 2179 677 2214 :
702 2182 717 2211 ι
748 2162 820 2215 Ex
848 2164 1079 2235 [Egypto
1101 2168 1284 2217 vocavi
1308 2165 1501 2218 Filium
1527 2180 1760 2219 meum.)

189 2255 257 2310 Et
296 2275 307 2308 :
339 2276 354 2306 ε
394 2256 662 2320 Quoniam
699 2256 986 2313 Nazarieus
1023 2262 1325 2314 vocabitur.
1371 2278 1387 2310 ι
1437 2261 1767 2330 Chrysosto-

189 2364 336 2410 mus,
374 2352 517 2401 hom.
550 2367 585 2410 ι,
616 2352 668 2401 in
698 2350 1009 2403 Matthseuiii
1061 2353 1128 2406 de
1159 2355 1347 2405 iisdem
1389 2354 1497 2406 Ιιῖριε
1533 2355 1762 2408 scribit:

195 2461 213 2492 ι
261 2440 521 2493 Narratur
587 2455 769 2509 porro,
814 2442 1151 2503 Matrliatum.
1224 2444 1618 2499 accedentibus
1678 2462 1767 2498 ro-

187 2534 556 2604 gantibusqiie
589 2532 923 2601 Judaeis,qiii
957 2536 1323 2593 crediderant,
1356 2550 1553 2602 eaquae
1590 2536 1766 2589 verbis

190 2626 513 2692 protulerat,
551 2624 747 2677 litteris
780 2624 1051 2693 descripta
1106 2626 1294 2677 iisdem
1344 2626 1648 2692 reliquisse,
1712 2634 1765 2677 et

191 2716 460 2770 Heliraice
514 2716 871 2786 Evangeliuiii
926 2719 1234 2786 scripsisse.
1289 2718 1457 2781 ldein,
1513 2722 1659 2771 hom.
1712 2717 1765 2780 4,

194 2809 457 2873 advertit,
502 2812 735 2877 primum
788 2826 850 2862 ex
906 2812 1254 2879 evangelistis
1308 2813 1593 2879 scripsisse
1632 2808 1766 2864 Mat-

194 2901 414 2954 thecuni.
487 2900 719 2953 Sanctus
776 2904 1132 2970 Augustinus,
1178 2902 1270 2954 lib.
1315 2919 1329 2955 ι
1389 2902 1461 2953 De
1516 2918 1767 2953 consensu

189 2996 658 3065 evangelistaruni,
690 3011 807 3062 cap.
834 2998 887 3054 (εἰ,
922 2997 1133 3047 czetcris
1158 2996 1435 3048 consentit
1464 2996 1532 3047 de
1562 2997 1767 3063 scripto

192 3090 425 3154 primum
464 3100 491 3136 a
535 3085 786 3138 Matthaco
820 3085 1136 3156 Evangelio,
1169 3095 1221 3138 ct
1254 3093 1317 3138 de
1361 3102 1765 3152 seriiione,quo

190 3180 323 3231 illud
360 3178 708 3247 conscripsit,
752 3179 866 3232 ait:
900 3198 916 3230 ι
956 3178 1153 3233 Horum
1185 3196 1315 3232 sane
1355 3192 1588 3249 quatuor
1616 3185 1765 3235 solus

191 3270 503 3323 Matth-.eus
535 3270 757 3325 Hebraro
804 3275 1089 3341 scripsisse
1124 3272 1437 3341 perhibetur
1464 3276 1700 3340 eloquio.
1740 3293 1758 3324 ›

192 3358 372 3414 Missis
406 3364 545 3423 aliis,
577 3366 663 3433 qui
696 3365 834 3415 idem
869 3368 1136 3416 allii'mant
1182 3406 1191 3417 .
1225 3366 1396 3415 solum
1439 3367 1578 3417 addo
1610 3366 1767 3418 verba

193 3448 252 3501 S.
294 3448 581 3517 Epiphanii
634 3453 838 3504 Hii-res.
897 3452 985 3515 5|,
1039 3471 1157 3520 cap.
1204 3454 1256 3516 5,
1321 3454 1400 3507 ita
1433 3457 1764 3510 scribentis:

198 3559 216 3591 σ
264 3541 543 3595 Μυιιὴωυδ
576 3544 733 3613 igitur
771 3547 972 3611 primus
1011 3542 1281 3616 Evangelii
1334 3549 1609 3601 scribendi
1636 3565 1765 3616 pro-

197 3634 432 3686 vinciam
487 3645 679 3687 nactus
741 3649 843 3696 est,
900 3646 957 3689 ut
1008 3640 1287 3701 diximus;
1334 3640 1494 3704 idque
1563 3656 1607 3690 ei
1648 3655 1768 3705 iure

194 3730 395 3780 merito
446 3730 693 3793 contigit.
734 3727 1033 3793 Oportebat
1063 3732 1229 3791 enim,
1273 3742 1395 3781 cum
1440 3745 1638 3799 ipsum,
1675 3731 1764 3799 qui

194 3820 263 3871 ad
295 3818 697 3870 conciliandam
737 3820 976 3872 humano
1030 3835 1213 3889 generi
1266 3823 1493 3875 salutem
1535 3826 1768 3875 advene-

196 3919 301 3974 rat,
334 3912 535 3977 quique
568 3914 634 3963 ita
666 3912 917 3965 dixerat:
960 3932 976 3961 I
1026 3912 1142 3965 Non
1191 3922 1310 3967 veni
1355 3932 1545 3968 vocare
1571 3921 1764 3983 iustos,

194 4002 291 4054 sed
326 4011 641 4070 peccatores
668 4004 733 4053 ad
788 4006 1201 4069 pwmtenttain:
1245 4025 1261 4054 ι
1295 4007 1359 4057 ad
1412 4021 1629 4070 eorum,
1674 4009 1766 4074 qui

195 4096 449 4146 servandi
490 4102 647 4145 erant
683 4098 1012 4163 exemplum,
1081 4099 1127 4149 ei
1165 4098 1367 4149 homini
1426 4101 1766 4167 potissimum

195 4189 557 4256 praedicanda:
602 4188 795 4240 salutis
821 4205 1020 4243 munus
1054 4193 1359 4259 iiqungere,
1391 4208 1481 4260 qm
1515 4192 1767 4245 abiimu-

196 4282 361 4333 meris
387 4280 619 4352 peccatis
645 4292 961 4342 conversus.
994 4298 1045 4336 et
1073 4300 1101 4336 a
1142 4286 1345 4336 telonio
1369 4286 1775 4338 suscitansiue-

196 4382 303 4437 rat,
336 4387 397 4425 ac
421 4388 477 4424 se
509 4378 574 4424 ab
610 4378 758 4427 omni
792 4375 998 4429 scelere
1031 4385 1082 4427 et
1137 4378 1399 4442 iniustitia
1453 4384 1767 4443 remearat;

198 4474 257 4519 ut
292 4467 360 4518 ab
399 4464 512 4527 illo,
540 4476 740 4531 quanta
765 4468 863 4517 sibi
898 4478 1043 4520 esset
1068 4469 1304 4521 adventu
1341 4468 1540 4521 Christi
1578 4462 1769 4521 huma-

1871 1990 2042 2043 iniilto
2078 1990 2452 2057 gravioribus;
2491 1988 2583 2040 sed
2616 1986 2790 2041 solum
2826 1986 3169 2046 exaniiiiabo,
3201 2001 3268 2037 an
3302 1987 3449 2052 ejus-

1868 2080 2011 2132 modi
2047 2080 2159 2132 siiit
2199 2082 2439 2132 rationes
2468 2076 2735 2147 Basnagii,
2775 2085 2831 2129 ut
2867 2089 3005 2132 nata:
3037 2080 3147 2129 sint
3203 2076 3447 2143 prudens

1870 2170 2120 2240 ingerere
2155 2172 2379 2225 dubium
2446 2171 2624 2224 :alios
2683 2186 2830 2232 vero,
2883 2169 2975 2237 qui
3014 2178 3139 2221 ante
3182 2179 3275 2220 aut
3326 2173 3449 2237 post

1872 2263 2196 2332 Basnagiiiiii
2242 2265 2402 2319 simili
2447 2266 2607 2318 modo
2672 2264 2954 2332 antiquam
3001 2272 3313 2317 sanctorum
3348 2260 3449 2313 Pa-

1871 2368 2012 2413 trum
2071 2358 2397 2410 sententiani
2456 2357 2785 2423 reiecerunt,
2846 2369 3071 2422 prorsus
3147 2352 3447 2420 relinquam

1872 2450 2152 2508 indictos.
2200 2462 2268 2500 ne
2330 2446 2628 2516 disputatio
2681 2446 2769 2497 fiat
2831 2444 3087 2513 prolixior
3166 2460 3325 2509 quam
3379 2446 3451 2496 sit

1870 2554 2127 2600 necesse,
2171 2549 2223 2591 et
2254 2555 2378 2607 quia
2436 2540 2676 2591 omnium
2729 2551 2894 2607 Opera
2941 2536 3004 2589 ad
3066 2551 3285 2588 manum
3340 2551 3449 2591 non

1872 2629 2068 2681 habet).

1941 2745 2028 2799 53.
2063 2744 2259 2815 Accipe
2286 2743 2472 2812 igitur.
2526 2743 2717 2807 lector,
2756 2742 3096 2806 obiectiones
3137 2744 3381 2814 Basnagii
3430 2761 3446 2798 :

1874 2836 2034 2895 Fons.
2078 2840 2271 2908 inquit,
2316 2838 2625 2892 traditionis
2684 2837 2846 2906 hujus
2897 2837 3113 2906 Papias,
3164 2840 3449 2906 pertcniiis

1874 2932 2071 2999 ingenii
2137 2932 2503 2998 ei'edulusque
2570 2929 2894 2997 scriptor....
2963 2930 3139 2981 Tenet
3186 2937 3239 2981 et
3308 2933 3448 2985 l'ama

1871 3021 2191 3075 Pantantim
2237 3023 2288 3074 in
2321 3022 2467 3074 India
2506 3020 2857 3088 Evangeliuni
2887 3021 3116 3073 Mattinci
3156 3022 3445 3089 reperisse,

1874 3115 2017 3184 quod
2052 3113 2486 3168 Burll'lOlulllafllS
2521 3111 2802 3164 Hebraicis
2830 3111 3027 3164 litteris
3069 3113 3446 3178 conscriptum

1796 3207 1838 3263 C
1876 3207 2194 3275 reliquerat,
2232 3208 2374 3274 quod
2411 3205 2475 3257 ad
2544 3207 2796 3273 prtedicta
2832 3218 3001 3271 usque
3059 3212 3296 3269 tempora
3330 3220 3447 3255 ser-

1873 3304 2049 3349 vatum
2102 3312 2222 3350 esse
2270 3307 2625 3349 memoratur.
2673 3296 2974 3362 Pigmentis
3019 3293 3250 3347 Eusebio
3296 3293 3448 3347 incoo

1871 3388 2400 3460 gnitistraditioneiii
2440 3390 2593 3441 istam
2629 3388 2958 3457 Hieronymo
2987 3387 3442 3454 armat-iplacuit:

1874 3480 2182 3535 Panuenus.
2219 3479 2415 3547 inquit,
2466 3479 2697 3531 Mattha-i
2747 3475 3125 3544 Evangelium.
3163 3475 3446 3531 Hebraicis

1873 3575 2068 3625 litteris
2098 3572 2383 3639 scriptum,
2420 3579 2701 3623 revertens
2720 3570 3100 3621 Alexandriam
3141 3583 3323 3621 secum
3355 3583 3444 3622 reo

1873 3666 2011 3717 tulit.
2070 3663 2190 3715 Ha:c
2232 3663 2530 3729 Basnagius
2576 3677 2673 3729 pro
2722 3676 2819 3712 sua
2871 3662 2922 3712 in
2978 3671 3199 3714 sanctos
3258 3660 3444 3713 Patres

1874 3756 2199 3815 reverentia,
2267 3768 2334 3806 ne
2376 3754 2576 3814 dicam,
2608 3753 2769 3804 stulta
2809 3752 3163 3804 coiilidcntia.
3243 3754 3444 3807 Umncs

1872 3847 2057 3899 Patres
2092 3847 2142 3898 in
2188 3860 2430 3899 errorem
2466 3854 2823 3907 pertrectatos
2851 3862 2879 3895 a
2914 3841 3077 3911 Papia
3107 3845 3306 3907 innuit,
3338 3844 3436 3895 Pa-

1873 3942 2127 4014 piamqiie
2158 3939 2441 4006 pertenuis
2470 3938 2670 4004 ingenii
2708 3940 3030 4004 scriptorem
3077 3938 3226 3999 dicit,
3275 3949 3329 3989 ut
3357 3939 3439 3988 in-

1869 4032 2071 4093 sinuet,
2106 4031 2278 4098 ipsum
2309 4042 2523 4097 quoque
2547 4027 2703 4079 l'acde
2732 4028 2863 4079 eain
2897 4042 2951 4079 re
2976 4041 3155 4079 errare
3177 4026 3437 4094 potuisse.

1868 4122 1934 4173 At
1990 4121 2198 4188 Papias,
2240 4123 2328 4187 qui
2385 4134 2508 4171 eum
2551 4119 2828 4186 discipulis
2868 4119 3235 4184 apostolorum
3287 4120 3441 4182 vixit,

1869 4216 1936 4267 ab
1964 4216 2137 4285 iisque
2194 4222 2380 4281 petere
2447 4212 2653 4263 solebat
2692 4212 2820 4277 quid
2872 4213 3137 4271 Andreas,
3172 4208 3298 4274 quid
3339 4207 3442 4262 l’e-

1873 4320 2010 4368 triis,
2045 4308 2174 4377 quid
2216 4306 2524 4373 Philippus,
2558 4305 2687 4372 quid
2728 4301 2988 4364 Thomas,
3030 4303 3161 4373 quid
3184 4302 3439 4367 Jacobus,

1870 4400 2000 4469 quid
2031 4400 2294 4459 Joannes,
2335 4399 2461 4467 quid
2499 4395 2809 4459 Matthtciis,
2851 4396 2977 4466 quid
3010 4396 3186 4450 czeleri
3230 4392 3438 4449 Domini

1872 4492 2126 4561 discipuli
2180 4493 2363 4543 dicere
2422 4492 2692 4551 solebant,
2738 4499 2795 4541 ut
2850 4490 2962 4556 ipse
3002 4489 3242 4554 loquitur
3296 4486 3439 4554 apud

200 4560 343 4612 nitas
375 4557 593 4621 collata,
621 4559 877 4611 mortales
920 4560 1268 4613 discerent...
1303 4559 1402 4615 Hic
1442 4562 1602 4632 igitur
1630 4562 1765 4615 Mat-
1801 4549 1843 4603 Ῑ)
1877 4549 2170 4637 Eusebium
2204 4584 2297 4635 ιη),
2334 4599 2410 4643 ,μ’
2443 4597 2561 4651 δερ,
2598 4549 2687 4644 33,
2720 4549 2910 4633 εειιεξη
2937 4549 3443 4633 δειῙε-ιιθιηυηι-ᾖη..

204 4655 380 4705 tlizeus
408 4648 671 4704 Hebraica
703 4652 885 4721 lingua
916 4654 1137 4723 scripsit
1160 4668 1221 4707 ac
1260 4654 1575 4723 przedicavit
1601 4656 1770 4710 Evan-

202 4745 427 4814 geliuin,
473 4762 490 4795 ι
516 4754 621 4798 etc.

274 4834 363 4887 52.
413 4834 481 4887 De
506 4845 707 4903 scripto
748 4850 841 4903 per
876 4833 1186 4889 Matthzum
1223 4836 1539 4905 Evangelio,
1573 4846 1625 4891 et
1648 4837 1769 4906 qui-

200 4929 321 4982 dem
381 4937 668 4994 antequam
712 4929 801 4980 alii
853 4932 1190 4996 evangelista
1261 4933 1579 4994 sri'ibei'ent,
1637 4950 1768 4985 con-

200 5029 489 5074 senserunt
516 5023 917 5089 posterioribus
949 5022 1141 5074 saltem
1189 5024 1408 5075 smculis
1445 5029 1521 5075 ita
1556 5039 1768 5087 omnes,

206 5124 262 5165 ut
310 5128 535 5166 necesse
592 5127 698 5165 non
744 5124 813 5165 sit
858 5116 1007 5180 plura
1048 5118 1111 5167 de
1173 5116 1237 5168 iis
1285 5119 1483 5169 dicere.
1548 5115 1765 5173 Verum.

200 5220 619 5276 quantacunque
683 5211 838 5261 etiam
888 5212 956 5259 sit
1007 5213 1299 5262 auctoritas
1374 5222 1429 5261 et
1476 5210 1769 5278 antiquitas

200 5295 419 5350 Patrum
458 5298 937 5357 consentientium,
984 5302 1245 5367 scriptum
1295 5300 1462 5353 fuisse
1516 5315 1768 5351 sermone

204 5390 497 5452 Hebraico,
564 5390 786 5442 luerunt
819 5392 1137 5443 hcterodoxi
1178 5392 1446 5455 nonnulli,
1484 5395 1575 5460 qui
1624 5395 1767 5444 illam

199 5483 337 5534 adeo
379 5497 723 5535 communem
788 5483 1011 5535 Patrum
1070 5488 1396 5537 sententiain
1456 5500 1769 5554 oppugnare

202 5592 308 5631 non
347 5576 683 5638 dubitarunr,
747 5589 795 5627 et
837 5580 1148 5631 existimare
1198 5580 1524 5641 maluerunt,
1582 5578 1767 5633 Graece

200 5669 380 5740 potius
419 5670 682 5735 scriptum
714 5669 879 5721 fuisse
934 5671 1280 5740 Evangelium
1308 5691 1336 5725 a
1361 5674 1636 5726 Mattheuo.
1688 5676 1769 5726 ln-

199 5768 279 5818 ier
316 5766 411 5815 tios
459 5774 540 5813 est
582 5764 801 5817 Samuel
865 5764 1182 5835 Basnagiiis,
1235 5768 1325 5838 qui
1364 5771 1414 5819 in
1474 5770 1765 5820 Annalibus

197 5857 800 5931 pontico-ecclesias:icis
832 5862 893 5916 ad
918 5876 1115 5913 annum
1158 5862 1362 5915 Domini
1388 5862 1453 5915 64
1484 5904 1496 5929 ,
1525 5878 1671 5916 num.
1700 5864 1765 5917 15

1874 4674 2018 4745 genii
2061 4675 2124 4726 ad
2164 4674 2636 4741 interrogandum,
2667 4688 2776 4742 quo
2802 4687 3053 4725 sermone
3085 4670 3441 4739 Evaiigelium

1874 4783 2033 4821 suum
2080 4766 2393 4835 scripsisset
2423 4764 2728 4828 Matthceus,
2774 4774 2828 4818 et
2862 4764 2994 4817 satis
3036 4766 3191 4819 bona:
3234 4764 3354 4817 tidci
3389 4776 3444 4817 et

1870 4860 2059 4929 judicii
2083 4860 2145 4912 ad
2184 4856 2314 4911 illtid
2348 4858 2733 4921 enarrandum,
2780 4859 2922 4911 sicut
2960 4859 3029 4910 ab
3068 4857 3439 4925 apostolorum

1874 4951 2153 5019 discipulis
2197 4966 2303 5002 non
2341 4966 2483 5010 raro.
2512 4960 2566 5002 et
2619 4950 2847 5003 subinde
2869 4952 3031 5001 etiam
3073 4964 3195 5001 cum
3225 4948 3438 5004 ﬁliabus

1872 5043 2110 5112 Philippi
2152 5053 2533 5107 conversatus,
2562 5056 2897 5109 cognoscere
2931 5051 3134 5109 posset,
3174 5056 3282 5108 quo
3319 5056 3436 5093 sor-

1872 5150 2034 5187 mone
2064 5136 2116 5185 in
2152 5132 2443 5189 scribendo
2479 5147 2608 5185 usus
2656 5132 2844 5186 fuisset
2891 5133 2947 5196 S,
2998 5132 3303 5192 Matthacus,
3338 5134 3440 5183 He-

1872 5224 2127 5279 braicone
2186 5238 2252 5275 an
2304 5222 2510 5284 Graeco,
2553 5241 2658 5292 quo
2718 5223 2910 5291 Papias
2970 5222 3085 5293 ipse
3164 5226 3435 5289 utebatur,

1873 5319 2042 5370 multo
2094 5317 2356 5368 tenuioris
2404 5317 2591 5385 judicii
2670 5320 2870 5370 merito
2928 5317 3216 5373 videbitur.
3276 5334 3436 5385 quam

1873 5410 2076 5479 ingenii
2110 5408 2273 5462 fuerit
2306 5408 2513 5477 Papias.
2566 5408 2907 5478 Quapropter
2933 5416 3227 5463 auctoritas
3258 5409 3435 5479 Papiae

1871 5518 2210 5569 nequaquam
2270 5504 2668 5555 eoiitciiinciida
2721 5512 2799 5555 est
2876 5503 2928 5555 in
2987 5519 3043 5556 re
3115 5511 3220 5555 tam
3265 5504 3438 5557 [aetiis

1870 5598 2218 5666 eugiiitionis,
2260 5597 2354 5650 sed
2416 5598 2595 5667 potius
2666 5599 2879 5650 maximi
2934 5599 3178 5653 facienda
3216 5603 3285 5652 ob
3339 5600 3435 5653 viri

1871 5693 2275 5758 antiquitatem,
2334 5694 2632 5760 praesertim
2696 5707 2815 5744 Cum
2867 5692 3042 5745 eidem
3079 5695 3255 5745 nullus
3310 5707 3441 5746 cori-

1873 5783 2156 5833 tradixerit
2202 5798 2212 5830 :
2251 5797 2425 5850 neque
2497 5785 2641 5834 enim
2715 5782 2943 5834 deerant
2986 5785 3072 5836 alii
3140 5785 3434 5850 scriptores

1873 5870 2254 5939 ecclesiastici,
2283 5876 2370 5941 qui
2412 5874 2783 5929 cantradicere
2825 5887 3090 5941 poterant,
3146 5879 3186 5929 si
3240 5878 3433 5929 l‘alsum
