4188 6436
755 378 854 443 7n
2002 370 2283 430 MENSIS
2321 370 2791 430 SEPTEMBER.
3944 377 4058 438 772

758 498 1005 551 dixisset.
1059 493 1153 548 Vel
1192 492 1270 547 sic
1329 501 1509 545 tamen
1555 487 1868 543 existimare
1906 501 2011 538 non
2048 485 2331 548 debemus,
2366 494 2404 547 Α
2439 495 2559 553 ptos
2596 485 2764 538 fuisse
2797 484 3007 548 Patres,
3042 486 3208 558 idque
3232 488 3297 541 ab
3329 489 3436 542 illis
3470 500 3755 558 sumptum
3799 505 3909 555 pro
3956 507 4057 543 au-

761 605 827 643 εχ
865 590 978 642 solo
1017 587 1199 656 Papiae
1243 584 1558 638 testimonio
1625 579 1944 650 profluxisse
1982 568 2167 632 omnia
2215 593 2334 645 qua:
2441 578 2685 631 thentico
2727 578 2984 633 Mattltrei.
3053 578 3218 633 Sexto
3276 583 3494 634 demum
3528 583 3605 635 ait
3641 582 3897 635 Matthxi
3950 599 4054 636 au-

758 680 824 733 de
860 678 1127 733 Hebraico
1154 677 1391 730 Mattliuci
1427 672 1717 742 Evangelio
1739 669 1926 723 Patres
1964 667 2333 730 tradiderunt,
2440 668 2762 735 tngrapbum
2801 668 3218 737 diligentissime
3273 670 3441 724 fuisse
3498 674 3944 726 custodiendum
3991 677 4058 727 ab

761 781 820 825 ut
845 772 985 824 infra
1026 770 1336 824 ostendam.
2440 760 2683 814 Ecclesia
2720 759 3233 831 Hierosolymitana,
3268 764 3311 816 si
3348 764 3399 814 in
3433 766 3662 832 gratiam
3710 765 4052 820 Iudaeorum

834 865 924 917 54.
978 863 1045 915 At
1084 863 1235 931 prius
1291 858 1580 913 elucidabo
1627 867 2033 926 argumentum,
2076 852 2218 922 quod
2273 867 2336 904 ex
2445 852 2715 905 Hebraice
2759 853 3071 922 sei-ipsisset
3103 853 3430 917 Matii-treus;
3464 872 3572 908 non
3629 858 3808 910 fuisse
3862 870 4053 909 autent

763 957 984 1010 invento
1035 969 1134 1022 per
1164 952 1478 1005 Pantmnum
1513 947 1807 1019 Evangelii:
1842 948 2088 1000 liabetnr.
2132 945 2340 998 Floruit
2445 957 2854 1008 conservatum,
2891 947 2995 1000 nisi
3038 947 3388 1018 Evangelium
3426 949 3854 1006 Nazarzcorum.
3913 951 4053 1002 lioc-

763 1049 1057 1102 Pantaenus
1126 1043 1324 1111 insigni
1402 1042 1728 1095 eruditionis
1800 1038 1960 1098 fama,
2034 1047 2086 1088 et
2140 1035 2340 1088 scholae
2443 1055 2547 1108 que
2573 1039 2882 1107 suspicatur
2909 1040 3072 1093 fuisse
3109 1041 3348 1094 nonnisi
3397 1042 3678 1110 antiquam
3721 1042 4051 1096 versionem

763 1138 1143 1193 Alexandrinae
1190 1133 1405 1204 praefuit
1453 1135 1675 1186 ineunte
1725 1131 1924 1183 saeculo
1966 1145 2047 1183 ιιι.
2083 1129 2239 1179 Hunc
2273 1127 2338 1180 ad
2445 1145 2510 1184 cx
2534 1140 2683 1184 textu
2732 1131 2920 1184 Graeco
2959 1131 3192 1185 Mattlitei
3221 1133 3443 1186 factam.
3476 1133 3567 1187 Hae
3598 1145 3729 1186 sunt
3794 1138 4053 1188 rationes

762 1235 926 1287 lndos
974 1231 1279 1300 profectum
1317 1229 1392 1280 ait
1455 1222 1751 1287 Eusebius,
1811 1225 1902 1278 lib.
1963 1238 2015 1280 ν.
2074 1235 2197 1288 C3D.
2251 1219 2338 1284 10,
2444 1234 2538 1276 aut
2573 1224 2991 1292 imaginationes
3016 1224 3404 1295 Basnagii,qni
3453 1242 3561 1278 non
3593 1228 3827 1279 dubitat
3855 1227 4050 1280 Patres.

767 1323 948 1390 ibique
980 1319 1256 1372 invenisse
1290 1318 1543 1370 relictum
1579 1332 1605 1366 a
1660 1315 1718 1370 S.
1777 1314 2177 1368 Bartholomwo
2207 1328 2339 1380 apo-
2449 1314 2766 1384 frequenter
2797 1319 3003 1370 erroris
3040 1333 3293 1386 arguere,
3319 1331 3375 1372 ut
3415 1320 3645 1372 somniis
3688 1322 3814 1372 suis
3850 1323 4051 1386 proba-

768 1415 910 1468 stolo
947 1431 964 1462 ι
1023 1409 1261 1463 Matth-xi
1319 1408 1689 1477 Evangeliurn,
1762 1405 2048 1460 Hebraicis
2098 1404 2342 1458 conscri-
2451 1408 2721 1461 bilitatem
2761 1410 2996 1478 aliquam
3032 1413 3307 1465 concrliet.
3370 1414 3557 1481 Itaque
3609 1414 3940 1475 videamus,
3987 1430 4047 1466 an

766 1515 916 1574 plum
974 1503 1194 1556 litteris.
1238 1521 1255 1552 ι
1295 1503 1360 1554 At
1400 1516 1507 1553 non
1573 1499 1740 1561 addit,
1790 1500 1933 1552 istud
2001 1499 2342 1552 aredeunte
2451 1509 2660 1553 tantum
2725 1502 2889 1555 fuerit
2963 1502 3207 1573 Basnagii
3270 1521 3522 1570 acumen,
3595 1517 3650 1559 ut
3700 1511 3825 1576 ipse
3880 1507 4048 1558 multa

764 1596 1021 1648 l’antacno
1061 1592 1445 1645 Alexandriam
1483 1601 1778 1660 portatum,
1818 1592 1914 1644 sed
1944 1590 2118 1643 solum
2153 1589 2286 1643 dicit
2330 1604 2359 1640 :-
2449 1598 2762 1666 perspicere
2794 1597 3055 1665 potuerit,
3087 1613 3207 1665 quae
3239 1598 3571 1651 doctissimis
3608 1599 3901 1661 Patribus,
3934 1600 4048 1652 loco

774 1705 792 1737 ι
830 1687 983 1752 Quod
1019 1686 1239 1754 quidem
1266 1685 1330 1737 ad
1367 1685 1621 1753 prmditta
1665 1697 1835 1751 usque
1885 1692 2122 1752 tempora
2159 1696 2346 1734 serva-
2451 1699 2503 1742 et
2538 1700 2781 1756 tempore
2814 1689 2976 1741 rebus
3006 1691 3300 1759 disputatis
3333 1691 3490 1758 longe
3522 1693 4047 1759 prepinquiorihus,

769 1790 879 1834 tum
908 1795 1027 1833 esse
1067 1787 1422 1839 memoratur,
1461 1797 1476 1826 ›
1519 1778 1570 1830 id
1607 1787 1712 1835 est.
1751 1791 1920 1843 usque
1979 1777 2044 1831 ad
2094 1785 2340 1842 tempora
2384 1844 2418 1852 _
2454 1781 2510 1835 in
2536 1790 2774 1832 mentem
2805 1794 2913 1833 non
2945 1791 3257 1847 venerunt;
3293 1783 3432 1836 etad
3480 1794 3815 1851 argumenta
3857 1784 4045 1852 ipsius,

765 1872 1029 1926 Pantreni.
1081 1870 1135 1922 S.
1188 1871 1551 1938 Hieronymus
1595 1869 1645 1920 in
1688 1867 1944 1937 Catalogo
1986 1867 2346 1936 scriptorum,
2384 1844 2422 1896 Β
2455 1890 2576 1942 quin
2608 1875 2892 1928 brevitatis
2916 1890 3077 1927 causa
3123 1877 3437 1930 summatim
3487 1889 3698 1930 tantum
3754 1880 4046 1947 preposui,

770 1977 890 2029 cap.
937 1960 1026 2023 56,
1074 1959 1384 2030 plusculum
1455 1958 1710 2022 asseruit,
1763 1959 1980 2025 quando
2025 1958 2244 2026 scripsit
2283 1957 2348 2010 de
2453 1968 2796 2022 discutienda
2836 1968 3236 2038 aggrediamur,

767 2057 1031 2108 Pantaeno
1062 2095 1076 2116 ,
1117 2071 1133 2102 ι
1171 2054 1325 2117 Quod
1378 2053 1660 2107 Ηυῠτςιὶςιε
1705 2055 1900 2106 litteris
1933 2054 2220 2121 scriptum,
2262 2069 2350 2106 re-
2525 2060 2613 2111 56.
2675 2057 3001 2127 Responch
3059 2059 3222 2127 igitur
3288 2060 3525 2128 primum
3579 2061 3838 2133 Basnagii
3895 2080 4049 2135 argi}-

768 2155 988 2196 νεΓιειιδ
1035 2142 1446 2204 Alexandriam.
1485 2157 1669 2196 SCCU'“
1713 2143 1926 2195 όετιιιῖῑ·
1980 2160 1998 2192 ι
2049 2141 2172 2195 Ηεὲε
2225 2141 2352 2198 Ηίθ·
2457 2163 2701 2205 mentum
2730 2153 3369 2218 absolutefalsumcsse;
3398 2171 3520 2207 nam
3551 2154 3608 2207 S.
3647 2156 4044 2227 Hieronymus,

771 2238 981 2306 ronymi
1026 2237 1298 2305 pigmenta
1351 2235 1587 2288 Eusebio
1623 2235 1893 2304 incognita
1950 2245 2104 2288 vocat
2165 2235 2352 2288 mode-

2455 2263 2610 2301 num.
2665 2249 2727 2300 51
2787 2247 3063 2309 laudatus,
3146 2257 3199 2300 et
3251 2263 3372 2303 mox
3430 2249 3651 2301 uberius
3715 2246 4042 2313 laudandus,

768 2330 1378 2398 stissimusBasnasius-
1405 2330 1474 2381 Αι
1501 2344 1600 2398 es"
1631 2345 1740 2381 non
1790 2330 1948 2382 video
1980 2344 2078 2382 cur
2109 2329 2352 2397 pluscula
2461 2351 2694 2395 testatur
2731 2341 3058 2394 Hebraicuut
3097 2340 3155 2393 s.
3191 2340 3425 2396 Matthrei
3464 2345 3831 2412 Evangelium
3873 2360 3930 2398 se
3970 2351 4041 2398 vi-

767 2424 836 2477 de
879 2423 961 2477 his
993 2435 1324 2493 cognoscere
1353 2435 1460 2474 non
1495 2423 1737 2488 potuerit
1779 2419 2161 2490 Hieronymus.
2186 2439 2348 2490 quam

2456 2435 2601 2489 disse
2638 2435 3060 2502 interpretatum
3118 2448 3261 2498 esse,
3305 2435 3558 2504 idemque
3605 2438 3867 2501 allirmat,
3927 2437 4043 2492 usui

768 2516 971 2583 scripta
1000 2523 1157 2567 erant
1186 2515 1252 2566 ab
1294 2512 1552 2567 Eusebio.
1608 2513 1767 2566 Certe
1818 2514 2108 2567 admodum
2167 2513 2354 2565 verisi-

2457 2527 2586 2579 illnd
2644 2526 2812 2579 fuisse
2863 2523 3105 2595 Origeni,
3136 2535 3187 2579 et
3223 2527 3395 2582 visum
3443 2543 3468 2578 a
3499 2528 3783 2580 Pantteno.
3820 2530 4042 2597 Accipe.

773 2610 900 2663 mile
938 2617 1042 2671 est,
1078 2623 1184 2660 non
1221 2606 1475 2660 relictum
1509 2605 1562 2658 in
1596 2605 1745 2659 India
1799 2621 1826 2658 a
1869 2605 2125 2659 Paula-no
2178 2604 2354 2658 Evan-
2457 2618 2705 2671 ειυάίοεο
2782 2618 2974 2680 lector,
3013 2618 3180 2669 anum
3245 2633 3310 2671 εχ
3357 2617 3413 2669 5,
3468 2617 3806 2687 Hieronymo
3867 2621 4042 2674 locum

771 2701 975 2772 gelium
1045 2699 1397 2764 Hebraicum,
1465 2700 1558 2752 sed
1615 2699 2004 2752 Alexandriam
2067 2698 2352 2762 delatum;

2456 2726 2520 2765 ex
2563 2710 2803 2778 Epistula
2866 2711 2930 2763 ad
2983 2708 3272 2762 Damasum
3323 2710 3386 2763 de
3438 2711 3651 2764 duobus
3715 2711 3845 2764 ﬁliis
3908 2717 4042 2780 (quae

772 2787 938 2857 idque
993 2788 1074 2840 vel
1140 2803 1207 2840 ex
1258 2787 1687 2840 Commentariis
1736 2785 1979 2839 Paula-ni
2023 2787 2216 2855 ipsius,
2273 2791 2354 2840 vel

2458 2803 2587 2856 olim
2631 2811 2747 2852 erat
2773 2801 2891 2865 HD,
2923 2802 2975 2854 in
3000 2801 3240 2853 editione
3270 2799 3567 2854 Vcronensi
3608 2812 3691 2854 est
3715 2803 3808 2867 21)
3841 2818 3858 2868 ς
3897 2822 3914 2853 ι
3951 2803 4042 2856 De-

774 2880 993 2933 aliunde
1030 2881 1286 2933 didicisse
1323 2879 1734 2949 Hieronymum.
1777 2877 2147 2947 Undeeunqne
2171 2889 2352 2933 autem

2460 2894 2621 2961 nique
2652 2891 2963 2954 Mattlizeus,
3017 2893 3215 2960 inquit,
3257 2894 3345 2960 qui
3399 2892 3757 2962 Evangelium
3818 2897 4039 2951 Hebra’o

774 2973 826 3026 id
865 2982 1088 3026 sanctus
1145 2975 1336 3026 doctor
1367 2973 1720 3036 intellexerit,
1751 2981 1916 3025 tanta:
1971 2971 2076 3026 fuit
2129 2972 2356 3042 integri-

2460 2999 2717 3038 scrmonc
2752 2985 3102 3054 conscripsit,
3133 2988 3202 3038 ita
3231 2986 3414 3053 posuit
3447 3003 3459 3037 :
3506 2984 3763 3039 Hosanna
3799 2989 4037 3050 barama.

776 3067 926 3128 tatis,
968 3077 1024 3117 ut
1089 3065 1291 3119 dicenti
1351 3067 1508 3118 (idem
1557 3065 1759 3116 habere
1821 3072 2088 3131 Oporteat,
2153 3073 2352 3116 etnon

2463 3077 2513 3128 id
2551 3086 2655 3136 est,
2698 3075 2956 3127 llosanna
2995 3077 3047 3128 in
3079 3077 3333 3128 excelsis.
3373 3095 3388 3126 ι
3417 3075 3705 3140 Quomodo
3739 3079 3906 3130 verba
3948 3080 4043 3132 He-

777 3158 880 3211 nisi
913 3175 1006 3226 per
1029 3172 1296 3212 summam
1339 3157 1736 3225 impudentiam
1761 3153 1945 3209 dicere
1971 3155 2264 3224 possimus,
2287 3155 2355 3207 ab
2385 3201 2426 3259 ϐ

2387 3201 2426 3259 C
2461 3166 2644 3221 braiea
2675 3167 2908 3221 lilattliaci
2951 3169 3166 3228 recitat,
3213 3170 3256 3220 si
3307 3168 3661 3236 Evangelium
3731 3168 3910 3238 ipsius
3947 3173 4041 3224 He-

779 3251 1110 3320 Hieronymo
1143 3249 1195 3302 id
1231 3249 1399 3303 fuisse
1441 3248 1758 3302 CODﬁClUlll.
1789 3247 1906 3302 Jam
1952 3263 2081 3302 vero
2145 3249 2186 3301 si
2221 3246 2359 3299 Pan-
2387 3246 2423 3259 ν
2464 3263 2708 3314 ιῃ-υίςιιη]
2758 3276 2867 3313 non
2917 3259 3168 3312 viderit?
3226 3260 3306 3312 Λα
3376 3259 3676 3313 secundum
3743 3263 4043 3330 responde”

782 3354 963 3397 tectius
1014 3345 1065 3396 in
1107 3342 1258 3396 India
1311 3343 1586 3394 invenerit
1627 3360 1643 3391 ι
1685 3340 2039 3410 Evangelium
2098 3339 2356 3400 Mattliasi,
2464 3363 2712 3405 sanctum
2750 3352 3136 3421 Hieronymum
3174 3367 3282 3405 non
3335 3352 3644 3406 correxisse
3683 3363 3899 3407 [extum
3945 3355 4040 3408 La-

780 3434 1067 3489 Hebraicis
1091 3435 1289 3488 litteris
1314 3433 1634 3503 scriptum,»
1668 3435 1721 3485 in
1750 3434 1855 3485 lioc
1882 3429 2148 3485 Eusebius
2172 3431 2362 3484 Hiero-
2467 3448 2638 3496 linum
2673 3456 2737 3495 εχ
2769 3441 3059 3506 ιιρδηιίρο,
3098 3443 3192 3495 sed
3229 3458 3292 3494 εχ
3323 3443 3537 3504 Graeco,
3567 3445 3693 3513 quia
3726 3446 4041 3500 minusem

780 3541 1084 3599 nymusqne
1125 3526 1510 3588 consentiunt;
1570 3524 1749 3576 fuerat
1802 3523 1966 3592 igitur
2020 3522 2282 3576 Hebraice
2333 3537 2361 3574 a
2467 3544 2649 3588 certus
2691 3536 2758 3588 de
2807 3534 3124 3604 integritate
3185 3542 3238 3586 et
3274 3534 3511 3599 puritate
3548 3545 3730 3588 textus
3773 3537 4038 3596 Hebraici.

783 3619 1042 3673 Mattltaao
1072 3618 1362 3688 scriptum,
1422 3626 1482 3671 ut
1527 3616 1808 3671 communi
1858 3631 2131 3671 consensu
2175 3615 2360 3668 Patres
2465 3645 2628 3696 quam
2682 3627 2876 3682 cneci,
2950 3625 3030 3683 Ad
3078 3626 3299 3680 ιοτιίιηη
3355 3628 3477 3682 dico
3538 3627 3796 3681 usitatam
3863 3646 4040 3683 τενεη

785 3713 1076 3766 afﬁrmant.
2467 3722 2638 3788 magis
2673 3719 2841 3771 fuisse
2900 3717 3136 3770 Mattliaei
3188 3728 3438 3786 tempore
3498 3720 3743 3786 linguam
3782 3718 4038 3778 Graecam,

856 3807 945 3859 35.
989 3826 1006 3857 ι
1043 3803 1229 3858 Multis
1269 3817 1402 3857 vero
1435 3802 1501 3856 de
1551 3802 1752 3866 causis,
1792 3800 2006 3870 reponit
2042 3800 2361 3870 Basnagius,
2469 3824 2632 3877 quam
2677 3807 3023 3870 Hebraicam,
3077 3806 3129 3858 in
3186 3807 3391 3861 mundo
3447 3824 3461 3860 ;
3515 3809 3610 3862 sed
3649 3809 3893 3879 unguam
3951 3812 4042 3864 με-

785 3908 1033 3953 veterum
1071 3912 1133 3950 ea
1169 3895 1390 3950 traditio
1418 3894 1577 3948 ﬁdem
1617 3911 1643 3948 a
1671 3894 1830 3948 nobis
1886 3910 1997 3949 non
2023 3894 2297 3964 impetrat.
2338 3911 2355 3943 »
2471 3903 2712 3956 braicam
2753 3901 2924 3953 fuisse
2949 3896 3287 3953 Judteorum.
3324 3900 3684 3970 Quapropter,
3725 3918 3854 3956 cum
3898 3904 4041 3956 Chri-

784 3989 991 4044 Causas
1052 3989 1217 4057 igitur
1273 3988 1671 4040 examinemus.
1710 4007 1726 4039 ε
1797 3988 2036 4041 Primum
2097 3989 2363 4048 omnium,
2470 4009 2588 4049 suis
2614 3994 2880 4050 DOII'IlllUS
2930 3996 3160 4049 voluerit
3215 4003 3272 4049 ut
3328 3995 3558 4063 apostoli
3608 3995 3848 4062 primum
3907 4013 4037 4065 prx.

790 4083 991 4151 inquit,
1026 4079 1250 4134 Patrum
1278 4079 1458 4133 nullus
1493 4089 1596 4143 est,
1623 4081 1716 4148 qui
1755 4090 1907 4134 certe
1964 4084 2224 4148 certoque
2285 4090 2366 4133 te-

2470 4091 2716 4146 dicarent
2753 4091 2912 4144 [idem
2943 4090 3169 4150 Jndmis,
3210 4089 3408 4142 deinde
3443 4088 3720 4158 gentibus,
3754 4093 3829 4142 uti
3865 4105 4038 4144 revera

791 4184 990 4237 stetur,
1019 4188 1077 4225 se
1121 4173 1376 4225 manibus
1425 4173 1669 4226 oculisve
1724 4171 1936 4225 trivisse
1977 4171 2210 4225 Matthzei
2261 4170 2366 4224 He-

2472 4179 2725 4231 fecerunt
2753 4197 2766 4232 :
2791 4179 2869 4230 sic
2913 4187 3032 4232 erat
3060 4193 3363 4248 congruum
3416 4185 3475 4231 ut
3537 4179 3776 4246 primum
3809 4178 4039 4250 Evange-

793 4267 1039 4320 braiCUm
1074 4265 1206 4318 “illd
1236 4265 1616 4334 Ενθιιςειίυιηο
1651 4265 1796 4334 quod
1834 4275 2012 4318 tamen
2045 4278 2072 4316 a
2101 4263 2370 4318 Cltristia-
2475 4267 2605 4320 lium
2636 4267 2689 4319 in
2733 4269 2961 4338 gratiam
2993 4268 3308 4323 Judteorum
3349 4269 3710 4330 scriberetur,
3770 4279 3824 4320 et
3861 4284 4040 4323 conse-

795 4359 882 4410 nis
948 4356 1192 4410 Hebraeis
1259 4358 1592 4426 descriptum
1643 4359 1707 4411 ad
1773 4357 2086 4425 legendum,
2168 4356 2371 4425 ubique
2473 4366 2708 4429 quenter
2764 4377 2830 4414 eo
2876 4376 3128 4416 sermone
3174 4373 3336 4427 quem
3397 4374 3590 4413 omnes
3652 4359 4038 4431 intelligebant,

799 4451 1065 4508 locorum,
1101 4449 1196 4518 qui
1247 4448 1512 4502 Hebraice
1554 4450 1823 4511 sciebant,
1881 4451 2187 4518 dispersum
2240 4450 2372 4501 fuis-
2409 4492 2428 4511 ,
2474 4466 2624 4509 certe
2660 4454 2712 4507 in
2750 4453 2954 4508 Judaaa.
2992 4454 3144 4522 Quod
3183 4463 3379 4521 quarto
3413 4454 3785 4507 irreverenter
3836 4458 3959 4510 dicit
3991 4459 4036 4507 in

799 4553 904 4597 set.
957 4562 974 4593 ι
1014 4543 1128 4596 Hoc
1159 4542 1393 4611 primum
1426 4543 1674 4612 Basnagii
1727 4551 2136 4613 argumentum.
2175 4541 2370 4609 Objicit
2399 4561 2450 4620 D
2480 4547 2690 4610 Patres,
2749 4554 2896 4601 certo
2933 4545 3128 4599 falsum
3161 4558 3245 4600 est
3277 4547 3346 4599 de
3407 4545 3762 4615 Hieronymo,
3820 4546 4040 4616 Epipha-

801 4639 1066 4699 secundo,
1099 4646 1288 4688 sancto
1323 4634 1655 4702 Hieronymo
1726 4636 1780 4688 in
1820 4636 2166 4690 emendando
2196 4635 2374 4687 Evan-
2483 4641 2597 4701 nio,
2624 4638 2880 4704 Origene,
2924 4637 3205 4700 Pantaeno,
3243 4635 3430 4704 Papia,
3502 4635 3760 4697 Eusebio,
3818 4638 3908 4703 qni
3946 4649 4037 4688 non

801 4729 1067 4799 geliorum
1107 4737 1255 4781 textu
1283 4729 1478 4780 Latino
1510 4742 1619 4781 non
1673 4729 1985 4796 praeluxisse
2044 4730 2374 4781 Hebraicum
2482 4731 2827 4800 ignorabant,
2862 4738 2953 4782 aut
2986 4732 3235 4798 ignorare
3274 4740 3548 4799 poterant,
3583 4745 3685 4799 qua
3727 4730 3912 4798 lingua
3935 4741 4036 4782 ute-

798 4823 1034 4875 Mattlitei
1065 4823 1361 4891 exemplar,
1388 4823 1479 4876 sed
1508 4821 1776 4876 Gt'atcum.
1813 4819 1997 4874 Tertio
2023 4822 2126 4873 late
2183 4822 2374 4888 probat
2481 4835 2674 4876 rentur
2706 4822 2905 4886 Judtei,
2943 4823 3160 4891 quando
3198 4823 3552 4894 Evangelium
3584 4825 4034 4892 scripsitsanctus

801 4914 1306 4983 linguatnercam
1337 4913 1506 4968 fuisse
1551 4915 1718 4984 magis
1757 4916 2038 4984 vulgarem
2099 4920 2155 4965 et
2215 4911 2377 4982 longe
2482 4915 2792 4970 Matthaeus.
2829 4915 2942 4970 lino
2999 4916 3208 4980 nullus,
3239 4917 3453 4984 Opinor,
3497 4913 3720 4967 Patrum
3778 4917 4036 4969 existima-

805 5009 1060 5077 pluribus
1104 5009 1360 5077 gentibus
1390 5007 1666 5071 usitatam,
1703 5023 1863 5076 quam
1910 5004 2254 5066 Hebraica'm,
2291 5005 2378 5057 in-
2483 5006 2582 5066 vit,
2633 5005 2736 5057 alia
2791 5006 2971 5072 lingua
3021 5005 3287 5059 Hebraica
3329 5020 3483 5060 usum
3548 5020 3669 5060 esse
3722 5006 4033 5070 Mattbaeum,

804 5104 981 5169 deque
1049 5100 1258 5154 inferre
1314 5101 1505 5154 nititur
1548 5100 1860 5154 Matthaemn
1909 5100 2161 5154 debuisse
2201 5098 2382 5168 potius
2484 5110 2646 5162 quam
2710 5094 2910 5148 usitata
2975 5111 3076 5150 suo
3137 5108 3403 5166 tempore.
3453 5099 3606 5160 Quod
3669 5114 3802 5152 vero
3865 5102 4035 5154 deinde

807 5195 1000 5248 Graece
1050 5210 1214 5264 quam
1286 5193 1552 5247 l-lebraice
1633 5195 1896 5255 seribere,
1957 5207 2080 5245 cum
2156 5189 2382 5260 apostoli
2487 5184 2681 5253 quinto
2745 5194 2798 5239 et
2852 5196 3006 5244 sexto
3067 5189 3255 5258 objicit
3300 5189 3602 5260 Basnagius
3652 5189 3721 5244 de
3774 5190 4035 5264 Erangelio

805 5288 1156 5352 cssentjussi
1184 5289 1383 5340 docere
1413 5301 1602 5339 omnes
1632 5296 1838 5354 gentes.
1868 5287 2072 5348 Quarto
2125 5287 2385 5338 observat
2489 5278 2898 5341 Nazaraﬁorum.
2967 5280 3131 5349 paulo
3182 5277 3449 5349 prolixius
3515 5280 3900 5349 explicandum
3948 5295 4032 5342 est.

808 5400 967 5437 usum
1009 5384 1176 5436 videri
1229 5382 1544 5436 Mattlia'um
1577 5383 1753 5451 lingua
1784 5391 1909 5434 tunc
1937 5380 2140 5434 Judatls
2166 5377 2382 5440 usitata,
2488 5372 2614 5439 quia
2671 5371 2735 5425 ad
2813 5375 3153 5442 propositum
3227 5385 3472 5426 nostrum
3549 5385 3808 5445 spectat.
3878 5389 3928 5430 et
3985 5390 4034 5428 ea

807 5490 922 5528 non
959 5475 1127 5529 veleri
1161 5490 1407 5545 puraque
1465 5476 1664 5546 lingua,
1711 5477 1751 5529 si
1820 5474 2080 5528 Hebraice
2145 5471 2384 5540 scripsit.
2491 5464 2832 5532 expositione
2865 5465 2930 5517 ad
2963 5467 3098 5518 alias
3141 5479 3358 5534 quoque
3418 5467 3797 5521 dubitationes
3836 5485 4033 5538 respon-

810 5568 1131 5636 Suspicatnr
1166 5579 1346 5622 tamen
1382 5565 1567 5619 Patres
1597 5569 1867 5636 cogitasse
1902 5568 1969 5621 de
2029 5567 2210 5636 lingua
2249 5578 2381 5632 pura
2489 5557 2647 5610 (10b0-

813 5659 1074 5714 Hebraica
1113 5677 1124 5710 :
1165 5679 1180 5708 ι
1213 5661 1283 5713 Ex
1319 5675 1425 5728 quo
1456 5659 1793 5727 intelligitur,
1826 5659 2023 5728 inquit,
2057 5659 2108 5711 in
2141 5668 2383 5710 veterum
2563 5648 2649 5703 57.
2717 5650 2791 5704 De
2863 5648 3157 5720 Evangelio
3229 5649 3629 5714 Nazaraeorum,
3714 5653 3857 5721 quod
3924 5652 4033 5703 alia;

810 5768 876 5806 ea
907 5754 1054 5806 dere
1089 5751 1397 5805 testimmiio
1440 5768 1543 5806 non
1598 5755 1825 5805 multum
1870 5767 1991 5806 esse
2055 5750 2309 5820 praesidii.
2363 5767 2380 5800 ι
2491 5745 2824 5814 vocatjuxta
2868 5743 3142 5808 HebI'iEOS.
3197 5762 3303 5798 ιιοη
3376 5760 3498 5798 ι’πο
3547 5746 3787 5816 loquntur
3843 5756 4032 5800 Sanctus

819 5845 1022 5911 Quinto
1087 5847 1397 5913 Suspicatur
1461 5844 1750 5916 Evangelio
1793 5844 2172 5900 Nazareorum
2233 5842 2388 5897 dece-
2496 5838 2884 5907 Hieronymus,
2928 5847 2983 5894 et
3013 5840 3158 5893 varia
3192 5855 3252 5893 ex
3292 5835 3380 5893 illo
3434 5839 3656 5895 adducit
3699 5840 3834 5894 locis
3882 5842 4031 5898 variis.
