4188 6436
197 402 303 461 773

1459 392 1633 455 νιΤΑ
1680 390 1740 450 S.
1791 393 2178 454 ΜΑΤΤΗἉΕῘ.

3327 393 3436 456 ’Πι

199 523 322 576 quae
356 521 461 558 non
499 507 748 576 leguntur
808 503 861 556 in
911 501 1202 572 Evangeiio
1244 501 1457 571 vulgato
1504 497 1770 554 Matthaai.
1806 504 1845 559 Α
1877 501 1954 553 Ad
1990 501 2103 553 haec
2139 497 2299 552 verba
2339 498 2653 562 notandum,
2683 498 2737 553 S.
2769 499 3125 569 Epiphaniam
3181 515 3288 553 non
3346 518 3433 554 vo-

196 598 455 650 Aitamen
518 596 727 648 nullum
787 594 1000 646 videtur
1049 607 1169 645 esse
1225 593 1472 654 dubium,
1533 592 1662 659 quin
1709 591 1766 643 S.

201 688 564 756 Hieronymus
597 684 1014 747 existimaverit,
1062 684 1439 736 Nazaracorum
1494 685 1608 736 sive
1668 682 1770 736 He-

198 781 471 835 braeorum
537 780 884 849 Evangelium
946 795 975 831 a
1039 789 1230 831 sancto
1290 779 1539 832 Matthmo
1603 777 1770 831 fuisse

200 872 492 940 scriptum.
551 872 642 924 sed
695 872 763 924 ab
822 871 927 922 illis
984 879 1257 936 utcunque
1315 879 1651 936 corruptum.
1712 869 1769 921 In

201 965 465 1034 Catalogo
529 964 877 1030 scriptorum,
937 976 1057 1029 cap.
1112 977 1170 1025 ιι,
1225 961 1352 1012 illud
1442 961 1622 1012 laudat
1687 960 1770 1012 his

195 1057 431 1111 verbis:
494 1074 510 1105 ι
567 1055 919 1125 Evangelium
975 1067 1212 1122 quoque,
1269 1052 1411 1121 quod
1469 1052 1770 1120 appellatur

194 1152 502 1206 secundum
536 1149 809 1211 Hebraeos,
874 1157 926 1201 et
962 1162 989 1199 a
1051 1163 1135 1199 me
1195 1162 1368 1213 nuper
1419 1146 1472 1198 in
1525 1145 1767 1198 Graecum

198 1240 566 1310 Latinumque
613 1254 920 1293 sermonem
988 1239 1316 1291 translatum
1387 1246 1494 1298 est,
1559 1252 1666 1304 quo
1716 1246 1770 1290 et

195 1348 342 1401 smpe
379 1334 568 1392 utitur,
601 1343 708 1385 etc.
755 1349 772 1380 ι
808 1330 923 1384 Non
951 1339 1161 1399 poterat
1198 1346 1307 1382 non
1376 1331 1581 1398 optime
1635 1328 1766 1381 illud

199 1441 367 1484 nosse
435 1426 818 1496 Hieronymus,
889 1425 931 1477 si
1000 1425 1049 1476 in
1103 1423 1351 1477 Grzccum
1410 1423 1770 1491 Latinumque

196 1531 532 1580 sermonem,
576 1525 632 1568 ut
671 1515 925 1577 allirmat,
999 1514 1127 1567 illud
1183 1524 1546 1568 converterat.
1606 1515 1765 1581 Atqui

197 1621 324 1658 mox
359 1621 478 1674 cap.
508 1607 560 1668 5,
595 1607 648 1658 in
682 1607 930 1659 Mattiaco
968 1622 1072 1658 non
1106 1607 1345 1675 loquitur
1374 1606 1440 1658 de
1463 1606 1567 1661 alio
1594 1604 1769 1657 Evan-

199 1699 364 1764 gelio,
430 1699 642 1765 quando
694 1700 826 1753 dicit
875 1718 887 1754 :
931 1719 948 1748 ι
988 1699 1154 1753 Porro
1209 1699 1383 1766 ipsum
1446 1696 1764 1751 Hebraicum

198 1789 486 1861 (Matthwi)
523 1793 749 1845 habetur
785 1806 954 1859 usque
1018 1791 1176 1844 hodie
1233 1791 1286 1842 in
1335 1789 1653 1844 Caesariensi
1689 1790 1766 1843 bi-

201 1881 546 1935 bliotheca...
575 1880 699 1934 Mihi
737 1897 952 1949 quoque
978 1897 1007 1933 a
1060 1880 1352 1943 Nazarzeis,
1384 1880 1473 1948 qui
1503 1881 1554 1931 in
1582 1880 1764 1933 Beroea

200 1974 334 2026 urbe
369 1973 533 2041 Syriae
563 1974 662 2026 hoc
697 1974 972 2026 volumine
999 1982 1245 2033 utuntur,
1293 1972 1636 2025 describendi
1689 1972 1769 2024 fa-

198 2064 373 2116 cultas
407 2066 526 2116 fuit.
579 2083 596 2114 ›
630 2064 726 2118 Hic
771 2075 945 2128 vocat,
988 2064 1305 2115 Ilebraicum
1334 2062 1594 2125 Matt/uri,
1622 2065 1766 2132 quod

202 2168 368 2220 supra
416 2156 696 2206 secundum
763 2153 1026 2216 Hebrrros,
1077 2169 1291 2221 quoque
1359 2155 1432 2206 uti
1488 2154 1766 2209 Nazarzeos

201 2242 452 2296 aﬂirmat.
493 2245 685 2311 Liquet
718 2245 819 2298 hoc
851 2260 915 2297 ex
954 2245 1039 2306 iis,
1106 2260 1225 2312 qua:
1274 2246 1435 2299 habet
1464 2247 1583 2299 aliis
1613 2247 1764 2300 locis.

203 2329 363 2390 Nam.
391 2332 482 2384 lib.
514 2349 570 2388 ιιι
600 2334 856 2386 Adversus
894 2333 1230 2404 Pelagianos,
1263 2335 1405 2391 circa
1440 2337 1652 2389 initium
1693 2337 1769 2391 sic

203 2423 442 2491 loquitur
491 2442 503 2477 :
558 2445 573 2475 ι
613 2425 669 2478 1η
736 2426 1024 2495 Evangelio
1085 2429 1237 2494 juxta
1300 2426 1572 2488 Hebraeos,
1627 2427 1766 2494 quod

201 2511 493 2568 Chaldaico
520 2515 738 2582 quidem
771 2515 1012 2582 Syroque
1054 2529 1328 2574 sermone,
1367 2518 1457 2568 sed
1498 2516 1768 2569 Hebraicis

203 2605 406 2658 litteris
438 2608 698 2674 scriptum
720 2615 821 2670 est,
884 2623 992 2674 quo
1019 2618 1242 2660 utuutur
1275 2622 1444 2676 usque
1474 2610 1630 2661 hodie
1657 2609 1767 2660 Na-

206 2695 427 2757 zarzeni,
458 2699 754 2750 secundum
788 2700 1078 2765 apostolos,
1121 2699 1252 2763 sive,
1314 2712 1370 2752 ut
1402 2701 1640 2769 plerique
1674 2718 1770 2755 au-

206 2795 440 2850 tomaut,
487 2789 639 2853 juxta
681 2789 1024 2854 Mattlueum;
1081 2793 1221 2858 quod
1270 2801 1319 2844 et
1362 2793 1413 2844 in
1453 2793 1768 2847 Caesariensi

207 2861 438 2928 habetur
470 2878 816 2941 bibliotheca,
858 2899 874 2928 ι
912 2891 1017 2932 etc.
1050 2885 1328 2934 Assertum
1363 2884 1429 2935 de
1447 2884 1768 2937 Caesariensi

205 2968 532 3022 bibliotheca
568 2971 710 3023 clare
746 2972 1001 3032 insinuat,
1044 2973 1168 3025 illud
1225 2975 1398 3043 ipsum
1436 2992 1576 3044 esse,
1627 2978 1769 3047 quod

206 3073 371 3126 supra
412 3069 569 3114 vocat
602 3061 923 3114 chraicnm
963 3066 1217 3118 Matt/imi.

280 3151 365 3202 58.
407 3149 644 3203 Rursum
671 3152 721 3202 in
753 3150 984 3205 Matth-dei
1035 3171 1155 3222 cap.
1204 3172 1302 3218 xu,
1351 3158 1488 3210 idem
1532 3159 1770 3228 Evange-

209 3242 340 3295 lium
377 3243 453 3296 sic
481 3244 664 3297 laudat
695 3263 706 3294 :
743 3265 759 3294 ‹
796 3245 852 3297 In
910 3247 1218 3318 Evangelio,
1252 3264 1358 3316 quo
1414 3260 1638 3301 utuntur
1667 3251 1769 3302 Na.

208 3339 405 3390 κιαι-θειιί
436 3347 490 3390 et
549 3336 814 3391 Ebionitte
868 3339 1030 3408 (quod
1076 3356 1247 3408 nuper
1298 3344 1352 3393 iu
1402 3341 1648 3395 Graecum
1707 3343 1773 3396 de

210 3425 438 3481 Hebraeo
473 3445 727 3482 sermone
762 3432 1157 3493 transuilimus,
1195 3443 1249 3486 et
1302 3436 1446 3502 quod
1494 3446 1716 3489 vocatur
1745 3453 1774 3490 a

211 3518 487 3586 plerisque
525 3518 758 3572 Matthxi
816 3522 1212 3584 authenticum,
1267 3543 1284 3574 ι
1324 3529 1451 3593 etc).
1513 3528 1646 3579 Cum
1688 3527 1776 3580 hic

212 3609 282 3658 de
326 3609 679 3660 translatione
745 3626 842 3661 sua
899 3621 1145 3672 testetur,
1193 3616 1400 3666 clarum
1450 3626 1550 3678 est,
1600 3619 1772 3684 ipsum

213 3697 410 3750 iterum
469 3699 534 3751 de
586 3700 774 3753 eodem
833 3701 977 3769 loqui
1040 3702 1354 3772 Evangelio,
1408 3706 1535 3760 illud
1601 3709 1772 3778 ipsum

211 3802 274 3840 se
319 3790 660 3843 transtulisse
689 3791 819 3844 dicit
851 3792 903 3845 in
950 3810 1066 3861 cap.
1106 3811 1178 3848 vn
1218 3797 1477 3862 Michzeoe,
1507 3801 1594 3852 ubi
1623 3812 1776 3854 vocat

215 3878 567 3952 Evangelium
604 3884 884 3935 secundum
923 3886 1169 3938 Hebra'os
1205 3889 1419 3939 editum.
1463 3890 1682 3943 Demum
1720 3893 1771 3943 in

219 3991 340 4044 cap.
373 3993 446 4030 vn
477 3979 627 4030 Isaiae
647 3980 832 4032 eodem
855 3980 972 4032 loco
996 3980 1138 4032 clare
1168 3981 1402 4034 insinuat
1425 3982 1778 4051 Hieronymus

216 4077 455 4120 mentem
490 4084 663 4132 suam,
701 4071 827 4122 dum
866 4070 939 4123 ita
992 4071 1178 4124 scribit
1211 4088 1223 4124 :
1279 4090 1295 4121 ι
1348 4071 1504 4126 Juxta
1537 4075 1779 4140 Evange-

214 4157 372 4219 lium,
406 4162 546 4227 quod
595 4160 824 4215 Hebrao
877 4178 1118 4215 sermoni
1173 4166 1535 4229 conscriptum
1597 4166 1780 4230 legunt

215 4250 449 4304 Nazarazi
483 4269 494 4302 :
535 4272 550 4303 ι
599 4254 859 4306 Descende
907 4270 1062 4321 super
1105 4271 1222 4305 eum
1260 4253 1578 4324 (Christum)
1613 4257 1779 4308 amnis

217 4345 333 4412 fons
363 4345 591 4411 Spiritus
625 4346 810 4397 sancti.
850 4345 913 4397 Et
949 4360 1108 4399 mox:
1154 4365 1172 4395 ‹
1217 4347 1272 4397 In
1305 4333 1498 4399 eodem
1538 4346 1777 4400 Matthmi

218 4437 493 4488 volumine
545 4437 770 4504 legimus
807 4437 958 4497 illud,
1015 4439 1156 4501 quod
1221 4439 1271 4488 in
1321 4443 1778 4506 consequentibus

218 4528 519 4581 scribitur:
568 4527 699 4580 Ecce
735 4527 871 4580 Puer
921 4544 1081 4592 meus,
1134 4545 1285 4597 quem
1334 4531 1482 4598 elegi.
1521 4541 1623 4587 etc.
1682 4530 1782 4585 Hic

221 4622 364 4674 idem
415 4621 784 4692 Evangelium.
823 4625 963 4692 quod
1027 4625 1208 4691 legunt
1254 4621 1508 4685 NaZaran,
1553 4624 1781 4691 apertis-

221 4715 358 4767 sime
421 4726 578 4767 vocat
608 4717 840 4768 Maltbtei
901 4717 1174 4770 volumen.
1222 4717 1404 4783 Itaque
1463 4727 1676 4770 constat
1718 4719 1783 4771 de

220 4815 404 4860 mente
441 4807 496 4860 S.
529 4806 868 4877 Hieronymi,
904 4809 994 4875 qui
1028 4805 1394 4876 Evangelium,
1427 4826 1534 4877 quo
1557 4806 1784 4862 uteban-

222 4914 311 4955 tur
373 4899 632 4964 Nazarazi,
702 4910 756 4954 et
829 4901 969 4969 quod
1035 4901 1166 4953 alias
1255 4910 1407 4955 vocat
1485 4903 1780 4954 secundum

223 4994 500 5054 Hebraeos,
571 5009 669 5059 pro
733 4993 850 5060 ipso
912 4991 967 5044 S.
1027 4991 1260 5044 Matthei
1321 4991 1584 5044 Hebraico
1609 4993 1782 5045 Evan-

222 5085 365 5155 gelio
412 5083 618 5148 habuit,
652 5097 761 5136 non
800 5091 980 5137 autem
1014 5099 1112 5152 pro
1151 5100 1306 5151 puro.
1361 5095 1418 5136 ut
1455 5100 1577 5137 mox
1632 5087 1782 5140 vide-

227 5183 431 5236 bimus.

291 5273 381 5328 39.
412 5272 694 5326 Sententia
733 5270 790 5325 S.
833 5270 1120 5341 Epiphanii
1169 5285 1274 5326 non
1310 5272 1416 5325 alia
1469 5282 1573 5333 est,
1619 5288 1780 5340 quam

220 5367 560 5438 Hieronymi.
613 5364 746 5418 Nam
815 5365 1007 5418 haeresi
1075 5366 1164 5430 29,
1205 5382 1325 5434 qua:
1378 5378 1460 5419 est
1498 5365 1780 5422 Nazaran-

223 5475 364 5524 rum,
392 5475 510 5528 cap.
559 5459 592 5513 9
623 5459 694 5511 ita
726 5457 886 5511 habet
921 5475 932 5510 :
980 5476 997 5508 ι
1036 5458 1131 5512 Est
1153 5475 1278 5512 vero
1309 5475 1474 5529 penes
1505 5461 1628 5514 iilos
1656 5461 1782 5529 (Na-

219 5555 442 5620 zarzeos)
472 5550 817 5620 Evangelium
846 5550 1144 5603 secundum
1183 5549 1486 5604 Matthaaum
1523 5552 1781 5606 Hebraice

219 5647 504 5714 scriptum,
563 5642 873 5711 etquidem
929 5641 1410 5698 absolutissimum.
1476 5644 1586 5698 Hoc
1637 5646 1780 5696 enim

216 5737 543 5799 certissime,
586 5745 746 5804 prout
780 5733 1056 5787 Hebraicis
1093 5734 1284 5787 litteris
1330 5733 1484 5788 initio
1520 5735 1779 5805 scriptum

218 5841 326 5897 est,
383 5829 435 5881 in
475 5827 798 5883 hodiernum
853 5841 1020 5894 usque
1085 5835 1296 5894 tempus
1348 5839 1693 5883 conservant.
1757 5849 1773 5879 ι

1873 606 1996 646 care
2030 592 2376 660 Evangelium
2435 591 2576 645 istud
2630 592 3110 657 absolutissimum,
3173 595 3286 646 sive
3325 594 3438 663 ple-

1871 682 2160 734 nissimum
2214 685 2296 750 (ut
2344 693 2543 736 sonant
2596 684 2757 736 verba
2818 684 2989 751 ipsius
3044 684 3248 752 Graeca)
3311 686 3435 752 quia

1870 772 2240 834 existimabat,
2310 773 2448 826 nihil
2513 774 2671 841 plane
2755 776 3120 842 corruptionis
3191 778 3241 829 iu
3303 777 3434 830 illud

1871 869 2176 938 irrepsisse,
2219 873 2311 922 sed
2371 870 2493 935 quia
2558 871 2834 935 credebat,
2886 873 3210 934 exemplaria
3264 871 3430 926 Nazao

1869 975 2102 1013 raeorum
2149 960 2329 1014 minus
2359 975 2478 1014 esse
2507 971 2787 1029 corrupta.
2851 977 3011 1030 quam
3061 963 3285 1015 aliorum
3322 966 3436 1017 hrc-

1871 1053 2186 1108 rcticorum.
2229 1051 2346 1105 Mox
2371 1054 2514 1105 enim
2556 1053 2835 1121 subjungit
2885 1058 2998 1107 inec
3036 1055 3192 1107 verba
3232 1073 3244 1107 :
3288 1056 3435 1108 «γε».

1871 1159 1990 1196 rum
2025 1141 2155 1196 illud
2189 1144 2395 1207 nescio,
2429 1159 2557 1196 num
2614 1145 2954 1214 genealogias
3011 1145 3129 1198 illas
3183 1155 3430 1214 amputa-

1873 1235 2002 1296 rint,
2028 1251 2146 1302 quae
2181 1235 2248 1287 ab
2289 1235 2597 1287 Abrahamo
2615 1237 2678 1288 ad
2708 1235 2982 1291 Christum
3035 1254 3203 1306 usque
3236 1241 3436 1307 perdu-

1871 1337 1968 1380 ctae
2005 1335 2149 1379 sunt.
2190 1344 2207 1376 ι
2249 1324 2393 1378 Talis
2431 1337 2608 1378 autem
2645 1327 2908 1380 dubitatio
2964 1331 3106 1382 clare
3170 1333 3434 1396 insinuat,

1866 1420 2156 1483 ,Nazaraos
2227 1433 2443 1487 quoque
2515 1429 2794 1488 suspectos
2895 1421 3194 1490 Epiphanio
3272 1423 3439 1480 fuisse

1871 1512 2238 1579 corruptionis
2304 1513 2356 1564 in
2421 1511 2764 1581 Evangelium
2846 1512 3078 1567 Mattlizei
3157 1515 3436 1578 indoctae;

1870 1607 2052 1660 minus
2080 1609 2282 1666 tamen,
2323 1619 2483 1671 quam
2539 1605 2836 1668 Ebionitas,
2868 1606 3072 1660 aliosve
3122 1609 3434 1670 haereticos,

1871 1699 1959 1766 qui
1990 1698 2131 1750 idem
2166 1697 2336 1766 magis
2393 1708 2768 1764 corruperant.
2803 1698 3073 1751 Laudatus
3102 1698 3439 1766 Epiphanius

1874 1803 1995 1855 cap.
2030 1788 2058 1839 7
2090 1787 2316 1851 dixerat,
2374 1784 2750 1840 Nazaraeorum
2818 1798 3020 1840 sectam
3064 1791 3114 1840 in
3167 1787 3438 1845 Beroeensi

1876 1881 2092 1934 civitate
2167 1879 2509 1946 potissimum
2563 1878 2764 1946 vigere.
2828 1879 2981 1936 Unde
3036 1877 3248 1948 colligo,
3313 1881 3440 1934 illud

1879 1971 2051 2036 ipsum
2105 1968 2379 2034 exemplar
2423 1967 2768 2028 Hebraicum,
2820 1970 2885 2020 de
2921 1986 3027 2038 quo
3061 1971 3319 2038 loquitur,
3372 1973 3441 2026 ab

1876 2064 2201 2130 Hieronymo
2228 2062 2393 2114 fuisse
2412 2062 2760 2127 cxscriptum,
2811 2062 3105 2132 ercoque
3165 2073 3215 2118 et
3254 2063 3442 2118 Latino

1876 2167 2123 2204 sermone
2156 2154 2412 2204 donatum
2462 2168 2653 2204 :suum
2686 2155 2828 2205 enim
2870 2154 3070 2206 Beroea:
3115 2171 3143 2207 a
3173 2155 3443 2212 Nazaracis

1875 2250 2157 2308 acceperat
2173 2240 2547 2310 Hieronymus.
2567 2241 2797 2294 Rursum
2819 2241 3176 2310 Epiphanius,
3199 2245 3328 2298 haer.
3347 2244 3439 2302 30.

1876 2348 1994 2401 quae
2017 2331 2513 2391 estEbionitarum.
2548 2347 2667 2400 cap.
2710 2333 2742 2384 5
2805 2333 3052 2395 allirmat,
3097 2336 3259 2387 hosce
3305 2350 3443 2403 quo-

1876 2441 1981 2492 que
2003 2425 2272 2478 Hebraico
2302 2423 2536 2476 Matthaai
2561 2424 2852 2492 Evangelio
2878 2440 3003 2477 usos
3033 2441 3174 2486 esse,
3219 2436 3272 2479 et
3325 2426 3444 2493 qui-

1877 2513 1999 2565 dem
2075 2512 2189 2568 solo
2262 2513 2737 2565 Ccrintliianorum
2802 2513 2886 2565 vel
2957 2514 3442 2569 Merinthianorum

1879 2605 2070 2668 instar,
2123 2614 2282 2672 atque.
2334 2605 2463 2657 illud
2534 2620 2756 2658 vocasse
2835 2608 3120 2658 secundum
3175 2608 3442 2668 Hebra'os.

1879 2694 2084 2749 Deinde
2119 2710 2235 2762 cap.
2271 2695 2337 2747 15
2359 2695 2425 2747 de
2463 2695 2667 2763 majore
2723 2696 2863 2763 apud
2919 2697 3064 2764 ipsos
3098 2701 3446 2766 corruptione

1877 2787 2022 2839 illius
2060 2786 2333 2853 Evangelii
2371 2786 2450 2838 sic
2477 2785 2761 2853 loquitur:
2802 2805 2818 2837 ι
2860 2786 3026 2856 Igitur
3080 2788 3131 2840 iu
3176 2803 3262 2850 eo,
3297 2790 3440 2858 quod

1878 2894 2042 2947 penes
2083 2879 2198 2931 illos
2249 2887 2349 2933 est.
2383 2877 2613 2929 Matthaei
2675 2877 2983 2946 Evangelio,
3031 2897 3338 2949 quanquam
3374 2899 3442 2936 ne

1879 2971 2145 3039 integrum
2177 2969 2390 3036 quidem
2427 2969 2553 3020 illud
2576 2967 2795 3032 habent,
2850 2975 2940 3022 sed
2993 2969 3351 3027 adulteratum
3393 2983 3448 3028 et

1878 3061 2146 3123 mutilum,
2175 3062 2333 3128 idque
2362 3060 2535 3128 ipsum
2590 3060 2908 3113 Hebraicum
2946 3073 3156 3125 vocant,
3203 3066 3271 3117 ita
3317 3064 3451 3117 scri-

1883 3166 2032 3222 ptum
2063 3161 2146 3206 est
2183 3171 2200 3202 ›
2239 3164 2343 3204 etc.
2374 3152 2648 3204 Hactenus
2677 3153 3029 3220 Epiphanius,
3074 3171 3103 3207 e
3135 3155 3293 3223 cujus
3329 3171 3449 3208 ver-

1877 3245 1958 3296 bis
1987 3246 2335 3295 manifestum
2370 3254 2472 3304 est,
2536 3260 2644 3296 non
2698 3245 2995 3306 dubitasse,
3039 3246 3166 3313 quin
3209 3248 3452 3316 Evange-

1876 3335 2007 3386 lium
2041 3334 2359 3386 Hebraieum
2397 3333 2629 3386 Matthzei
2670 3347 2817 3389 esset
2852 3349 3233 3390 conservatum
3302 3339 3444 3407 apud

1877 3426 2181 3490 Nazarteos,
2229 3427 2319 3480 sed
2381 3439 2690 3495 suspectum
2755 3428 3009 3482 habuisse
3063 3430 3129 3484 de
3190 3432 3450 3487 nonnulla

1878 3521 2249 3589 corruptione,
2314 3531 2472 3588 prout
2534 3517 2910 3574 Ebionitarum
2973 3521 3444 3590 corruptissimum

1879 3626 1998 3663 esse
2039 3622 2186 3664 certo
2217 3626 2248 3661 n
2261 3619 2466 3664 overat.

1949 3729 2039 3783 40.
2068 3728 2326 3782 Similiter
2349 3739 2571 3782 sanctus
2600 3729 2981 3800 Hieronymus,
3022 3733 3120 3784 etsi
3162 3731 3446 3786 Νεωτέρο-

1883 3839 1998 3875 rum
2044 3822 2392 3891 Evangelium
2413 3837 2520 3874 non
2555 3838 2678 3875 raro
2703 3824 2916 3889 alleget,
2954 3839 3228 3890 nunquam
3267 3834 3444 3878 tamen

1881 3921 2081 3963 tantam
2144 3911 2242 3977 ipsi
2294 3912 2668 3963 aucrorilatem
2714 3913 2920 3972 tribuit,
2967 3923 3222 3980 quantam
3278 3915 3445 3967 textui

1879 4003 2064 4058 (ἱμερο
2087 4004 2168 4055 vel
2200 4002 2386 4054 Latino
2418 4003 2483 4055 ab
2524 4003 2755 4056 Ecclesia
2796 4013 3029 4072 recepto.
3089 4007 3142 4058 Id
3193 4007 3309 4072 ipse
3364 4011 3450 4059 ln-

1882 4098 2083 4160 siuuat,
2119 4095 2212 4149 lib.
2243 4113 2321 4160 ιιι,
2361 4094 2554 4149 Contra
2588 4095 2920 4165 Pelagianos,
2954 4098 3041 4150 ubi
3095 4098 3353 4153 nonnulla
3381 4115 3444 4155 ex

1882 4189 1973 4240 illo
2009 4190 2317 4256 Evangelia,
2379 4198 2433 4240 et
2468 4188 2644 4240 locum
2687 4191 2919 4255 aliquem
2965 4191 3020 4241 S.
3068 4191 3253 4259 lgnatii
3297 4207 3444 4246 mar-

1885 4282 2013 4352 tyris
2054 4282 2267 4352 allegat,
2303 4291 2356 4335 et
2389 4283 2510 4335 n'iox
2562 4282 2782 4351 subjicit
2827 4303 2837 4335 :
2889 4300 2905 4332 ι
2964 4284 3170 4349 Quibus
3205 4286 3453 4340 testimo-

1881 4374 1986 4428 niis
2024 4375 2063 4428 si
2109 4391 2212 4426 non
2254 4374 2420 4428 uteris
2471 4373 2533 4426 ad
2596 4376 2986 4437 auctoritatem,
3043 4380 3198 4430 utere
3255 4379 3446 4430 saltent

1885 4462 1948 4513 ad
2005 4461 2405 4526 antiquitatem,
2489 4462 2618 4526 quid
2684 4476 2875 4513 omnes
2933 4463 3288 4516 ecclesiastici
3347 4464 3449 4518 viri

1887 4552 2180 4606 senserint.
2241 4569 2258 4600 ι
2298 4549 2413 4603 Hac
2467 4551 2534 4604 de
2589 4567 2753 4605 causa
2797 4561 3018 4606 sanctus
3067 4553 3449 4627 Hieronymus,

1885 4642 2103 4709 quando
2129 4641 2354 4708 jubente
2386 4649 2573 4694 sancto
2600 4641 2823 4695 Damaso
2848 4642 3012 4712 Papa,
3054 4655 3257 4698 textum
3306 4646 3403 4699 Lat
3426 4674 3452 4689 -

1884 4750 2011 4786 num
2048 4743 2279 4800 quatuor
2311 4732 2724 4801 Evangeliorum
2758 4736 3144 4803 corrigendum
3179 4739 3443 4806 suscepit,

1885 4840 1992 4878 non
2019 4834 2100 4878 est
2120 4839 2247 4878 usus
2275 4823 2566 4893 exemplari
2603 4823 2869 4878 Hebraico
2905 4827 3034 4890 ullo,
3065 4829 3208 4896 quod
3235 4829 3443 4881 nullum

1887 4917 2050 4969 sciret
2092 4918 2224 4970 satis
2271 4917 2682 4984 incorruptum;
2744 4919 2836 4972 sed
2898 4921 3120 4973 vetustis
3173 4921 3452 4975 codicibus

1885 5007 2108 5067 Grmcis.
2139 5017 2197 5061 ut
2229 5009 2344 5076 ipse
2378 5009 2564 5061 seribit
2593 5011 2658 5061 ad
2692 4992 2997 5066 Damasum.
3034 5011 3090 5063 In
3123 5012 3311 5064 eadem
3371 5018 3451 5064 ta-

1887 5115 2008 5153 men
2044 5099 2109 5152 ad
2142 5100 2427 5152 Damasum
2458 5097 2772 5169 prmfatione
2815 5100 2990 5162 docet,
3040 5100 3318 5155 Hebraicis
3354 5102 3453 5156 lite

1889 5193 2018 5246 teris
2047 5208 2199 5246 usum
2237 5206 2357 5247 esse
2400 5190 2734 5253 Matthzeum.
2773 5194 2840 5245 ita
2869 5194 3152 5250 scribens:
3187 5193 3260 5248 De
3299 5193 3450 5248 Novo

1885 5300 2031 5338 nunc
2069 5285 2258 5352 loquor
2293 5283 2639 5338 Testamento
2677 5301 2690 5334 :
2727 5285 2866 5352 quod
2895 5284 3137 5339 Graecum
3165 5301 3286 5340 esse
3337 5302 3447 5340 non

1887 5375 2107 5428 dubium
2137 5384 2240 5434 est,
2276 5383 2504 5442 excepto
2529 5376 2774 5442 apostolo
2827 5375 3100 5442 Matthazo,
3127 5377 3216 5445 qui
3241 5377 3448 5445 primus

1890 5468 1940 5519 in
1996 5466 2179 5521 Judaea
2244 5466 2591 5535 Evangelium
2666 5466 2866 5520 Christi
2933 5467 3205 5522 Hebraicis
3255 5469 3450 5525 litteris

1889 5559 2077 5612 edidit.
2118 5577 2134 5607 ι
2166 5559 2318 5612 Nune
2348 5558 2515 5613 lector
2570 5559 2849 5612 studiosus
2876 5558 3077 5627 judicet
3121 5559 3187 5613 de
3229 5560 3448 5612 ratioci-

1884 5652 1993 5704 niis
2038 5649 2303 5719 Basnagii.
2379 5652 2604 5719 ejusque
2661 5650 2713 5702 in
2780 5651 3153 5704 ratiocinando
3201 5650 3447 5705 assertis.

1887 5740 2028 5794 Vidit
2061 5752 2279 5795 sanctus
2316 5741 2673 5811 Hieronymus
2727 5741 3049 5795 Hebraicum
3075 5739 3445 5811 Evangelium,

1888 5848 1995 5901 quo
2025 5833 2315 5885 utebantur
2342 5833 2600 5892 Nazarazi,
2633 5833 2984 5904 Craterumque
3050 5831 3181 5887 illud
3226 5843 3277 5888 et
3308 5831 3451 5885 Lati-
