4188 6436
802 368 902 432 175

2015 371 2299 430 MENSIS
2342 370 2813 431 SEPTEMBER.

3955 366 4071 427 776

800 499 932 537 num
992 483 1247 548 reddidit,
1280 496 1330 543 et
1370 495 1485 555 post
1524 502 1753 541 examen
1790 496 1895 541 tam
1932 498 2202 545 exactum.
2230 487 2374 553 judi-
2399 496 2445 550 Α
2480 499 2585 540 tum
2610 497 2712 550 est,
2750 489 2982 554 primum
3010 501 3069 538 ex
3096 485 3349 537 omnibus
3374 483 3718 551 evangelistis
3736 482 4069 551 scripsisse,

796 577 934 629 cavit
995 592 1116 631 cum
1182 576 1238 630 S.
1304 577 1625 647 Epiphanio.
1704 580 1878 648 ipsum
1959 596 2079 634 esse
2132 579 2365 633 Matthxi

794 666 1146 729 Hebraicum,
1179 670 1270 723 sed
1306 671 1511 737 aliquot
1566 670 1700 725 locis
1739 680 2077 740 corruptum,
2136 672 2366 737 ideoque

791 758 969 810 debita
1027 760 1350 812 auctoritate
1412 775 1654 822 carens;
1717 760 2013 829 Basnagius
2065 776 2212 821 vero,
2274 761 2363 825 qui

794 865 1070 919 nunquam
1119 852 1245 904 illud
1277 851 1428 911 vidit,
1487 853 1767 904 contendit
1826 852 2175 920 Evangelium
2234 851 2365 905 illud

792 955 995 992 meram
1038 941 1205 995 fuisse
1248 944 1553 995 versionem
1588 959 1651 995 ex
1691 942 1879 997 Cra-co
1909 944 2144 996 Matth-ei
2174 952 2362 1004 textu;

793 1025 869 1094 id,
937 1036 1177 1098 inquam,
1236 1036 1515 1086 contendit
1571 1044 1757 1087 contra
1834 1048 2076 1087 omnium
2146 1033 2362 1086 Patrum

792 1128 1191 1188 auctoritatem,
1231 1135 1284 1177 et
1319 1127 1435 1177 sine
1462 1126 1570 1178 ullo
1624 1126 1821 1178 vetusti
1876 1125 2159 1193 scriptoris
2215 1126 2363 1177 testi-

790 1218 993 1267 monio.
1032 1217 1143 1283 Ego
1178 1232 1307 1268 sane
1344 1233 1451 1269 non
1505 1219 1658 1285 capio
1687 1234 1792 1285 quo
1841 1218 1969 1270 illud
2021 1218 2229 1285 judicio
2269 1233 2363 1268 co.

790 1303 961 1371 gitare
1005 1316 1260 1370 potuerit,
1293 1321 1397 1373 qua
1446 1307 1623 1358 l’ronte
1659 1321 1824 1359 ausus
1882 1306 2045 1359 fuerit
2099 1308 2359 1369 edicere;

789 1395 1228 1463 quandoquidem
1312 1404 1522 1448 tantum
1595 1410 1703 1447 non
1778 1404 1965 1461 aperte
2026 1395 2359 1461 pronuntiat,

790 1488 1255 1553 reetiusiudicare
1280 1502 1336 1539 se
1370 1487 1607 1554 potuisse
1645 1486 1710 1539 de
1760 1486 2051 1553 Evangelia
2085 1500 2359 1552 nunquam

787 1577 939 1638 viso;
969 1593 1128 1642 quam
1159 1579 1533 1633 doctissumum
1577 1575 1963 1646 Hieronymum
2038 1577 2103 1630 de
2168 1579 2357 1629 eodem

790 1670 1358 1740 frequenterperlecto
1378 1674 1685 1742 collatoque
1716 1690 1835 1727 cuni
1856 1670 2056 1727 Graecis
2087 1682 2138 1725 et
2156 1671 2359 1726 Latinis

788 1764 1212 1831 exemplaribus.

852 1853 939 1906 41.
978 1854 1055 1907 Ne
1093 1864 1271 1907 tamen
1324 1856 1458 1909 nihil
1498 1856 1776 1909 videretur
1826 1871 1889 1909 ex
1943 1856 2183 1923 antiquis
2227 1856 2352 1909 alle-

784 1957 943 2011 gasse
1015 1944 1333 2015 Basnagius,
1410 1948 1587 2001 locum
1656 1947 1872 2002 adducit
1926 1965 1987 2001 ex
2054 1948 2356 2016 Epiphanio

785 2034 985 2088 Ha'res.
1014 2037 1100 2093 50.
1136 2054 1255 2106 cap.
1293 2041 1344 2100 5.
1378 2050 1433 2091 ιιι
1464 2040 1653 2108 probet
1698 2039 1906 2093 Novum
1941 2040 2350 2092 Testamentum

784 2145 847 2181 ex
882 2131 1067 2184 Grazco
1102 2132 1271 2184 fuisse
1304 2132 1568 2186 Hebraice
1620 2136 1914 2186 redditum.
1976 2134 2213 2186 Aﬂ'eram
2251 2148 2351 2202 ego

782 2221 961 2276 locum
1020 2230 1313 2295 integrum,
1347 2242 1506 2294 quem
1557 2228 1644 2279 ille
1694 2230 1930 2280 medium
1982 2229 2248 2282 recitavit.
2298 2234 2355 2278 ut

780 2316 963 2367 videat
1010 2316 1177 2368 lector
1212 2319 1357 2369 hunc
1408 2320 1585 2385 ipsum
1623 2332 1742 2370 esse
1794 2318 2058 2385 Basnagio
2121 2320 2353 2371 maxime

781 2412 1145 2461 contrarium.
1214 2427 1232 2459 ι
1298 2409 1530 2469 Etenim,
1600 2410 1773 2477 inquit
1828 2410 2182 2479 Epiphanius,
2228 2425 2352 2462 vere

779 2497 910 2549 illud
940 2499 1208 2553 amt-mare
1257 2516 1569 2568 possumus,
1613 2518 1777 2554 unum
1812 2518 1874 2554 ex
1922 2503 2181 2554 omnibus
2216 2502 2348 2554 Novi

779 2590 1112 2644 'l‘estameuti
1179 2594 1538 2660 scriptoribus
1607 2593 1915 2645 Matthieutu
1969 2593 2231 2646 Hebraice
2289 2610 2350 2648 ac

779 2682 977 2737 litteris
1033 2684 1314 2740 Hebraicis
1352 2686 1717 2756 evangelicam
1756 2687 2038 2741 historiam
2087 2688 2345 2740 texuisse.

780 2773 889 2829 Nec
924 2778 1148 2830 defuere
1191 2778 1281 2845 qui
1349 2778 1415 2832 de
1459 2776 1683 2832 Joannis
1733 2777 2022 2849 Evangelio
2062 2778 2350 2832 conﬁrma—

780 2876 923 2925 rent.
990 2870 1120 2921 illud
1190 2869 1449 2922 Hebraice
1542 2871 1862 2924 translatum
1941 2869 2225 2921 Tiberiade
2297 2872 2347 2921 in

774 2955 1086 3010 Judieorum
1120 2959 1521 3028 gazopliylaciis
1554 2960 1839 3019 asservari,
1881 2968 1935 3012 et
1995 2962 2045 3011 in
2097 2960 2351 3013 secretio-

777 3052 931 3103 ribus
986 3052 1311 3118 quibusdam
1366 3052 1738 3120 penetralibus
1784 3050 2002 3104 recondi
2065 3053 2165 3104 :id
2207 3053 2348 3120 quod

776 3144 1026 3196 nonnulli
1060 3145 1216 3205 milii,
1251 3146 1339 3211 qui
1368 3160 1423 3196 se
1446 3146 1510 3196 ad
1547 3143 1752 3195 Christi
1794 3142 1949 3196 [idem
1995 3158 2024 3197 e
2068 3144 2348 3198 Judaismo

2469 589 2522 631 et
2570 577 3345 646 Evangeliumcomposuisse,
3395 576 3705 641 priusquam
3756 592 3823 627 ex
3864 575 4067 628 Judaea

2468 668 2773 721 discederet
2804 668 2865 720 ad
2899 666 3302 733 pra-dicandum
3336 666 3457 716 aliis
3495 666 3770 733 gentibus.
3844 664 3907 716 S.
3947 667 4068 717 Ire-

2470 775 2618 813 nrcus
2700 759 2789 811 lib.
2859 775 2911 810 III
2967 758 3161 812 Contra
3238 756 3496 815 Ilienses.
3546 773 3665 823 cap.
3727 757 3777 817 ‘l,
3836 757 4066 809 videtur

2468 848 2822 916 scriptioneni
2889 848 3303 917 Evangeliorum
3381 848 3556 903 serius
3634 848 3828 916 figere.
3892 865 4060 914 quam

2468 942 2661 1008 reliqui
2703 943 2913 1001 Patres.
2965 943 3068 995 nisi
3097 944 3257 993 verba
3312 942 3484 1009 ipsius
3518 941 3622 993 alio
3663 957 3837 993 sensu
3873 942 4057 993 fozsan

2467 1035 2667 1103 exponi
2722 1035 2957 1087 valeant.
3006 1034 3189 1086 Latina
3259 1034 3633 1098 interpretatio
3692 1035 3743 1083 in
3807 1034 4058 1086 editione

2464 1126 2753 1178 novissima
2785 1128 2861 1178 sic
2903 1127 3066 1177 liabet
3106 1142 3117 1176 :
3164 1144 3180 1174 ι
3225 1125 3301 1178 lla
3339 1125 3625 1177 Mattbarus
3694 1127 3746 1175 in
3797 1125 4057 1176 Hebro-is

2466 1218 2909 1285 ipsorumlingua
2967 1220 3292 1282 scripturam
3346 1218 3513 1268 edidit
3554 1216 3864 1284 Evangelii.
3926 1234 4047 1274 cum

2463 1310 2654 1361 Petrus
2689 1319 2741 1362 et
2789 1308 2986 1363 l’aulus
3034 1308 3218 1360 Romae
3256 1308 3719 1375 evangelizarent,
3759 1320 3815 1359 et
3853 1307 4054 1359 funda-

2464 1412 2585 1453 rent
2621 1400 2937 1453 Ecclesium.
2985 1419 3002 1449 ι
3056 1400 3320 1453 Omnibus
3352 1408 3497 1452 certe.
3534 1399 3790 1451 Patribus
3820 1412 4052 1453 conita-

2464 1494 2581 1545 rius
2610 1494 2712 1544 erit
2740 1492 2993 1553 lreinens,
3025 1492 3065 1541 si
3124 1492 3192 1544 ita
3227 1493 3293 1542 sit
3337 1492 3715 1559 explicandus,
3761 1501 3820 1544 ut
3856 1493 4049 1545 eodem

2462 1596 2703 1652 tempore
2731 1585 3010 1649 scripserit
3066 1584 3367 1640 Matthieus,
3406 1599 3513 1651 quo
3557 1584 3745 1637 Romae
3788 1586 4047 1655 Evange-

2459 1678 2587 1729 liuin
2628 1679 2997 1744 prtediealiaut
3060 1676 3251 1729 Pctius
3290 1691 3341 1727 et
3388 1675 3603 1728 I‘aulus.
3658 1680 3728 1730 At
3785 1682 4045 1745 suspicer

2458 1770 2980 1821 noluisselreineuin
3018 1768 3063 1820 id
3101 1769 3472 1829 iudicare,svd
3506 1769 3679 1819 solum
3729 1771 4050 1823 insinuasse

2396 1857 2683 1925 Bquinain
2758 1871 2941 1912 essent
3000 1872 3250 1911 auctores
3320 1858 3767 1927 Eiaiigelioruui,
3821 1878 4045 1927 quinam

2462 1966 2591 2001 vero
2629 1951 2938 2002 traditionis
2978 1949 3235 2002 Romana:
3271 1953 3544 2013 Ecclesiae,
3590 1955 3857 2020 eaquede
3885 1970 4045 2007 causa

2460 2041 2536 2092 sit:
2572 2040 2811 2093 loculum
2842 2056 2985 2093 esse.
3020 2040 3179 2093 Certe
3232 2041 3519 2095 haereticos
3550 2046 3599 2094 in
3641 2045 3739 2096 illo
3791 2046 3937 2097 libro
3969 2063 4047 2097 reo

2460 2129 2602 2182 futat
2671 2146 2735 2184 ex
2796 2132 3091 2184 traditione
3158 2134 3391 2199 primum
3450 2130 3707 2187 lioinauze
3764 2136 4043 2195 Ecclesim,

2458 2224 2613 2289 Cujus
2669 2232 2921 2275 auctores
2953 2223 3172 2275 Petrum
3226 2224 3414 2275 statuit
3449 2233 3503 2277 ct
3561 2225 3836 2291 Paulum;
3896 2243 3949 2282 et
3983 2248 4043 2285 ex

2457 2313 2755 2381 Scripturis
2809 2313 2940 2367 Novi
2989 2313 3345 2375 Testamenti,
3405 2331 3467 2367 ex
3520 2317 3721 2382 quibus
3803 2322 4039 2387 primum

2458 2406 2587 2459 dicit
2614 2406 2962 2475 Evangelium
2990 2406 3247 2461 Mattlnci.
3286 2409 3351 2461 Et
3382 2424 3512 2462 sane
3577 2421 3760 2465 textus
3817 2412 4041 2467 Grreciis

2456 2513 2561 2551 non
2594 2510 2674 2552 est
2701 2501 3009 2554 necessario
3048 2504 3404 2570 exponendus
3434 2518 3497 2555 eo
3532 2519 3719 2564 sensu,
3766 2517 3824 2557 ut
3860 2508 4033 2559 Ειέὶιιο

2455 2593 2652 2657 geliuni
2678 2592 2868 2645 eodem
2906 2593 3064 2660 plane
3105 2604 3347 2661 tempore
3371 2596 3634 2657 seiiptum
3664 2596 3907 2655 dit'atur,
3932 2613 4039 2662 quo

2456 2682 2648 2734 Petrus
2675 2693 2727 2733 et
2778 2683 2976 2735 Paulus
3011 2684 3193 2734 Itonia:
3253 2686 3635 2748 praeditarunt.
3702 2681 3881 2735 Veilia
3916 2703 4035 2737 cum

2454 2769 2675 2824 litterali
2701 2773 3063 2838 explicatione
3085 2774 3354 2841 sulijungo
3385 2791 3396 2824 :
3438 2775 3496 2824 Ὀ
3528 2774 3627 2840 μὲν
3663 2775 3726 2843 ἰὴ
3757 2777 4035 2836 Μζτῧαῗες

2453 2862 2507 2913 ὲν
2547 2865 2659 2924 τοῖς
2709 2861 2981 2930 Ἑϐραίοις
3018 2866 3080 2931 τῇ
3117 2863 3222 2931 ἰδίᾳ
3256 2864 3519 2932 διαλέκτῳ
3554 2866 3729 2918 uirili;
3759 2872 3859 2918 καὶ
3897 2887 4031 2936 γρι-

2454 2956 2559 3024 φὴν
2619 2957 2910 3025 ἐξήνεγκεν
2958 2957 3312 3023 Εὐαγγέλίςυ,
3372 2957 3463 3009 τοῦ
3527 2960 3736 3026 Πέτρου
3803 2968 3898 3012 καὶ
3944 2963 4031 3013 τεῦ

2454 3048 2663 3100 Πτῶον
2689 3051 2743 3100 ἐν
2775 3048 2959 3118 Ἰἰῖλμῃ
2984 3049 3484 3117 εὐαγγελιζομένων
3518 3052 3610 3101 καὶ
3630 3051 3789 3117 Ostia}
3811 3054 4030 3104 ιούιτωί

2451 3140 2547 3207 τὴν
2602 3141 2947 3208 Ἐκκλησίαν.
3000 3158 3017 3189 ι
3051 3141 3333 3194 Mattlitctts
3378 3143 3597 3209 quidem
3667 3144 3723 3195 iti
3793 3144 4032 3195 Hebraeis

777 3236 1192 3296 transtulerant,
1240 3237 1651 3289 accuratissime
1706 3236 2076 3289 declararunt.
2132 3236 2244 3290 lino
2296 3216 2419 3287 etC
2456 3235 2671 3299 propria
2734 3232 2973 3300 ipsorum
3047 3232 3225 3301 lingua
3287 3244 3339 3285 et
3420 3235 3749 3300 scripturam
3814 3238 4033 3299 protulit

774 3329 1146 3396 apostolorum
1190 3331 1358 3381 Actus
1392 3330 1445 3380 in
1492 3329 1820 3383 Hebraicuni
1858 3346 2166 3384 sermonem
2220 3346 2345 3397 pcr-

776 3420 901 3473 inde
932 3431 1227 3475 conversos
1264 3436 1293 3473 e
1324 3421 1511 3474 Graeco
1548 3422 1739 3475 iisdem
1770 3424 1822 3474 in
1852 3426 2122 3474 thesauris
2162 3423 2346 3474 haberi

776 3514 1072 3566 multorum
1120 3529 1369 3567 sermone
1409 3515 1747 3582 percrebruit
1790 3530 1802 3561 :
1840 3524 1894 3566 et
1924 3515 2013 3580 qui
2068 3513 2223 3565 nobis
2251 3515 2347 3566 ista

774 3606 1090 3660 narrabant.
1131 3605 1369 3656 indidem
1407 3606 1735 3660 Christiana:
1780 3604 2175 3671 amplectenda:
2226 3605 2346 3658 fidei

774 3698 1121 3747 occasionem
1181 3706 1535 3763 acceperunt.
1584 3715 1604 3747 ι
1670 3696 1794 3750 H.cc
1849 3696 2207 3765 Epiphanius.
2274 3699 2347 3750 Ex

772 3798 838 3834 eo
865 3794 1041 3836 autem
1084 3786 1201 3838 loco
1246 3787 1456 3837 discere
1486 3788 1717 3839 debebat
1765 3786 2090 3853 Basnagius,
2160 3787 2350 3838 Patres

773 3878 1083 3929 distinxisse
1120 3879 1262 3929 inter
1292 3878 1453 3929 libros
1485 3878 1716 3944 primum
1772 3875 2036 3929 Hebraice
2088 3878 2347 3945 scriptos,

775 3979 825 4023 et
871 3971 1008 4030 Illos,
1044 3971 1131 4035 qui
1182 3984 1243 4021 ex
1291 3969 1491 4021 Gt‘mcis
1542 3971 1736 4022 redditi
1783 3981 1906 4021 sunt
1964 3968 2252 4033 Hebraici;
2296 3977 2349 4021 et

776 4059 936 4129 longe
985 4063 1356 4113 accuratiores
1393 4072 1511 4113 esse
1551 4062 1601 4112 ill
1637 4064 1791 4113 iactis
1824 4062 2347 4126 enarrandis,quam

775 4163 834 4205 ut
878 4155 1120 4221 ipsorum
1152 4153 1531 4205 auctoritatem
1574 4163 1775 4206 temere
1812 4154 2049 4221 alijicere
2078 4160 2346 4220 oporteat.

776 4243 910 4298 Nam
946 4260 1010 4297 ex
1044 4245 1270 4315 allegato
1302 4244 1420 4300 loco
1464 4245 1687 4309 inferre,
1731 4251 1893 4299 etiam
1916 4245 2149 4297 Mattheei
2173 4246 2349 4297 Evan-

776 4337 973 4408 gelium
1030 4352 1092 4388 ex
1156 4336 1343 4388 Graeco
1408 4336 1729 4389 Hebraicum
1786 4353 1905 4389 esse
1965 4339 2253 4399 redditum,
2299 4338 2347 4389 id

774 4427 1011 4480 amentis
1044 4425 1225 4494 potius
1254 4436 1355 4485 est.
1380 4443 1539 4497 quam
1577 4427 1970 4482 ratiocinantis.
2003 4426 2171 4492 Quale
2187 4431 2347 4482 etiam

2457 3323 2760 3391 Evangelii,
2800 3324 2957 3375 Petro
2989 3335 3044 3375 et
3078 3324 3241 3377 Paulo
3300 3324 3479 3375 Romae
3524 3327 4029 3390 erangehtatttibus

2452 3425 2505 3467 et
2531 3415 2825 3468 l'lcclesiam
2880 3414 3252 3467 I‘undautibus.
3294 3432 3311 3462 ι
3368 3414 3493 3467 llazc
3532 3416 3693 3466 verba
3732 3416 3893 3469 lacile
3953 3419 4027 3469 sic

2455 3517 2683 3570 possunt
2712 3504 3036 3573 intelligi,ut
3068 3504 3540 3557 satiittuslrettieus
3574 3506 3816 3557 noluerit
3854 3512 4027 3561 dicere

2457 3610 2746 3664 utrumque
2773 3599 2963 3651 eodem
3004 3608 3249 3666 tempore
3287 3597 3507 3651 faitum.
3532 3602 3599 3651 At
3644 3589 3829 3652 libens
3867 3600 4028 3652 fateor

2458 3689 2624 3758 magis
2658 3690 2947 3745 diﬂicultcr
3010 3692 3206 3762 caponi
3242 3708 3400 3761 posse
3453 3695 3613 3744 verba
3659 3693 3850 3745 ire-inet
3914 3711 4025 3747 mox

2452 3784 2729 3845 sequentia
2750 3783 2814 3832 de
2838 3782 3056 3847 reliquis
3075 3785 3441 3849 etangelistis,
3462 3799 3584 3834 natn
3609 3785 3826 3837 videtur
3848 3790 4023 3841 dicere

2456 3869 2577 3923 illos
2619 3887 2810 3924 omnes
2863 3873 3148 3941 seiipsisse
3199 3881 3318 3940 pest
3357 3884 3584 3924 mortem
3623 3874 3723 3925 bS.
3769 3875 3914 3930 Petri
3979 3891 4024 3932 et

2452 3962 2625 4025 Pauli,
2664 3968 2765 4018 nisi
2802 3977 2980 4019 textus
3010 3969 3077 4019 sit
3103 3976 3415 4034 Corruptus,
3457 3975 3513 4018 ut
3547 3980 3865 4035 suspicatur
3923 3970 4023 4027 τιι-

2452 4058 2763 4117 lemoutius,
2805 4068 2936 4110 toro.
2996 4056 3061 4117 ll,
3108 4069 3231 4111 nuta
3285 4060 3317 4112 5
3372 4077 3421 4111 ιιι
3474 4076 3723 4113 saucuni
3764 4060 4018 4117 Marcum.

2450 4150 2723 4218 Quidquid
2784 4149 2873 4211 sit,
2923 4151 2965 4201 si
3022 4164 3086 4201 ea
3140 4151 3208 4202 sit
3267 4152 3438 4203 sancti
3496 4153 3683 4206 lretta'i
3730 4158 4018 4212 sententia.

2450 4243 2628 4308 qualis
2654 4253 2900 4310 apparet.
2939 4241 3119 4293 malim
3161 4240 3407 4305 Credere,
3440 4242 3616 4309 ipsum
3645 4250 3828 4297 minus
3854 4258 4021 4299 atten-

2452 4333 2596 4383 disse
2652 4334 2717 4383 ad
2770 4339 3013 4385 exactam
3063 4334 3274 4386 illorum
3336 4335 3581 4387 omnium
3620 4336 4015 4398 clironotaxiui,

2453 4422 2596 4489 quod
2626 4421 2715 4474 illa
2748 4427 2811 4473 ad
2842 4424 3177 4492 propositum
3219 4426 3389 4493 ipsius
3428 4442 3618 4492 parum
3668 4431 4016 4491 conduceret,

777 4525 883 4578 est,
918 4517 1061 4586 quod
1095 4518 1263 4577 addit.
1306 4534 1367 4571 ex
1394 4519 1774 4588 antiquissima
1811 4521 2060 4573 versione
2089 4521 2345 4574 Hebraica
2378 4550 2426 4609 Β
2454 4530 2613 4582 quam
2635 4514 2699 4567 ad
2730 4530 2815 4566 res
2840 4516 2983 4582 ipsas
3007 4529 3143 4583 quas
3200 4518 3300 4568 sibi
3343 4516 3571 4569 habebat
3595 4524 3938 4587 propositas;
3970 4531 4017 4572 el

777 4620 956 4665 ortam
1003 4624 1123 4663 esse
1152 4610 1496 4662 traditionem
1534 4610 1601 4663 de
1650 4614 1851 4679 scripto
1882 4611 2140 4665 Hebraice
2172 4615 2346 4665 Evan-

776 4704 940 4771 gelio.
982 4700 1095 4755 Nisi
1132 4704 1275 4757 enini
1334 4702 1521 4756 Patres
1578 4718 1767 4757 omnes
1816 4703 2142 4757 intolerabili
2205 4704 2346 4758 fastu

777 4796 1008 4849 velimus
1031 4806 1402 4859 cautemnere,
1441 4812 1507 4849 ne
1542 4797 1806 4865 suspicari
1867 4799 2084 4867 quidem
2141 4800 2347 4868 poteri-

778 4898 922 4946 mus,
961 4886 1099 4937 adeo
1137 4900 1330 4939 omnes
1366 4885 1536 4940 fuisse
1572 4887 1851 4954 deceptos,
1893 4896 1949 4939 ut
2005 4903 2179 4956 neque
2210 4890 2347 4941 anti-

776 4978 1022 5046 quissimi
1049 4988 1103 5033 et
1136 4980 1510 5049 apostolorum
1570 4982 1911 5051 temporibus
1940 4984 2171 5053 proximi
2205 4984 2346 5037 scire

782 5072 1063 5138 potuerint
1086 5086 1186 5140 qua
1232 5072 1411 5140 lingua
1443 5073 1493 5125 in
1532 5074 1819 5128 scribendo
1855 5090 1985 5129 usus
2021 5076 2182 5128 tuerit
2211 5076 2347 5127 Mat-

781 5162 976 5227 thieus,
1009 5177 1109 5216 nec
1140 5164 1439 5217 doctissimi
1483 5165 1719 5227 illorum,
1750 5166 2049 5236 linguaeque
2070 5167 2346 5223 Hebraicze

779 5254 1116 5321 peritissimi,
1149 5254 1360 5324 (quales
1403 5256 1626 5312 fuerunt
1677 5267 1825 5311 certo
1888 5260 2243 5329 Hieronymus
2293 5268 2346 5313 et

779 5344 1064 5412 Origenes,
1108 5347 1214 5401 itno
1246 5358 1300 5399 el
1330 5348 1685 5418 Epiphanius)
1724 5350 2135 5419 deprehendere
2158 5350 2344 5405 volue-

779 5437 914 5497 rint,
964 5453 1024 5489 ex
1084 5436 1270 5493 Graeco
1318 5439 1553 5492 Matthxi
1615 5456 1804 5494 cusum
1859 5453 1943 5496 est
1998 5444 2343 5514 Evangelium

783 5527 1137 5593 Hebraicuin,
1168 5531 1309 5597 quod
1354 5532 1623 5584 habebant
1682 5534 1937 5586 Nazarcei.
1979 5532 2173 5588 Verum
2224 5537 2343 5603 plus

780 5636 942 5689 quani
981 5623 1109 5673 Salis
1139 5624 1204 5674 de
1239 5622 1459 5692 ineptiis
1498 5622 1766 5694 Basnagii.

853 5711 939 5762 4'2.
986 5712 1056 5766 De
1097 5730 1262 5777 anno,
1293 5733 1397 5783 quo
1432 5730 1651 5771 sanctus
1686 5718 1971 5773 Marthzcus
1998 5720 2341 5789 Evangelium

788 5806 1133 5872 Conscripsit,
1185 5810 1315 5860 nihil
1357 5814 1488 5862 certi
1525 5811 1766 5863 :ilicrtur.
1799 5810 1929 5863 illud
1995 5824 2167 5866 tamen
2231 5830 2347 5866 cer~

2457 4607 2535 4659 sic
2565 4614 2881 4658 reverenter
2937 4605 3005 4657 ab
3042 4606 3160 4674 ipso
3196 4606 3473 4669 recedere,
3535 4622 3696 4669 quam
3735 4625 3763 4661 a
3801 4615 4015 4682 reliquis

2450 4698 2724 4751 omnibus.

2521 4791 2606 4843 ιδ.
2669 4788 2934 4846 Baronius
2983 4790 3036 4844 in
3094 4791 3399 4846 Annalibus
3464 4792 3727 4863 scriptum
3783 4794 4009 4850 Mattliti

2450 4887 2804 4957 Evangelium
2840 4887 3004 4941 refert
3032 4886 3098 4940 ad
3138 4903 3341 4941 annum
3379 4890 3578 4942 Cliristi
3606 4890 3665 4943 Η
3700 4908 3715 4955 ;
3755 4892 3872 4956 sed,
3900 4910 4009 4949 cum

2452 4984 2602 5037 illum
2640 4990 2889 5034 numeret
2952 4979 3067 5035 Caii
3116 4979 3464 5047 imperatoris
3502 4985 3745 5047 tertium,
3781 4986 4008 5055 designa-

2451 5084 2537 5128 tur
2588 5091 2653 5127 ex
2688 5072 3011 5127 clironotaxi
3076 5070 3220 5141 Pagii
3274 5081 3328 5125 et
3386 5072 3615 5125 aliorum
3669 5089 3852 5128 annus
3905 5091 4007 5130 atra

2448 5166 2777 5220 Christiana:
2812 5165 3120 5218 tricesimus
3164 5180 3360 5218 nonus.
3404 5163 3902 5221 LaudatBaronius
3924 5183 4005 5238 pro

2449 5256 2732 5326 designato
2756 5270 2901 5310 anno
2926 5256 3039 5309 Caii
3092 5254 3253 5307 tertio
3288 5252 3605 5309 Clironicon
3659 5255 3901 5322 Eusebii,
3960 5259 4003 5310 in

2450 5365 2559 5415 quo
2614 5348 2743 5402 illud
2782 5349 2999 5418 legitur,
3040 5357 3203 5417 prout
3249 5348 3454 5403 editum
3494 5347 3685 5403 Latine
3746 5362 3865 5403 erat
3898 5362 4002 5403 ante

2451 5438 2765 5493 Barouium.
2835 5442 2924 5502 At,
2968 5438 3425 5508 quemadmodum
3486 5440 3806 5493 observavit
3852 5440 3999 5496 Titie-

2450 5531 2709 5593 niontius,
2759 5547 2866 5585 non
2892 5532 3144 5599 leguntur
3185 5543 3247 5582 ea
3278 5529 3331 5582 in
3367 5529 3607 5585 editione
3659 5532 3868 5591 Grteca.
3916 5548 3999 5589 nec

2451 5624 2503 5675 iii
2548 5624 2733 5676 Latina
2765 5622 3045 5689 Scaligeri,
3106 5636 3282 5689 neque
3310 5624 3471 5676 etiam
3507 5625 3558 5677 in
3591 5626 3872 5678 (Ilimnico
3916 5627 3997 5679 La-

2454 5726 2565 5769 tino
2596 5733 2696 5769 ins.
2728 5717 2966 5776 Eusebii,
3008 5718 3148 5783 quod
3178 5726 3420 5768 servatur
3474 5718 3527 5768 in
3580 5717 3765 5769 Mnsco
3813 5732 3995 5769 nostro.

2452 5813 2842 5876 Qttai‘csalteut
2878 5811 3109 5861 dubitari
3165 5821 3339 5874 potest
3405 5826 3469 5862 an
3532 5812 3579 5863 id
3641 5828 3909 5876 nunquam
3946 5816 3995 5863 de
