4188 6436
201 372 297 435 ΠἿ

1480 360 1654 424 νιτΑ
1697 359 1757 427 5.
1806 359 2190 420 ΜΑΤΤΗᾸΞΙ.

3356 353 3462 418 778

196 494 434 548 Matthxi
488 487 778 560 Evangelio
813 485 1095 554 scripserit
1131 480 1414 539 Eusebius.
1474 485 1555 533 vel
1598 477 1762 531 etiam
1803 486 1840 539 Α
1876 478 2130 546 rum,qui
2173 486 2266 531 aut
2329 483 2518 531 sancto
2554 474 2750 529 Joanni
2802 472 3073 544 apostolo.
3135 479 3230 527 aut
3277 482 3469 528 sancto

197 584 473 651 interpres
490 580 885 650 Hieronymus;
917 587 969 631 et
1001 584 1406 642 consequenter
1433 573 1602 627 multo
1623 571 1783 624 etiam

199 675 468 728 incertius
518 682 619 734 est.
681 688 749 724 an
803 671 896 724 illo
957 684 1102 722 anno
1175 667 1340 745 fuerit
1389 666 1785 729 conscriptum.

203 766 611 826 Tillemontius,
659 762 847 819 tom.l
904 762 956 814 in
1010 759 1190 813 lndice
1251 757 1637 827 cbronologico
1679 766 1786 809 tam

202 859 613 925 dispersioncm
648 855 1019 925 apostolorum
1048 868 1207 921 quam
1260 841 1614 920 Evangelium
1651 847 1788 902 Mat-

208 951 336 1003 thari
399 949 508 1018 figit
564 949 708 1001 circa
782 963 984 1002 annum
1052 945 1140 998 36.
1195 943 1295 995 Alii
1358 943 1570 995 malunt
1610 942 1788 1008 fateri,

207 1057 415 1095 annum
489 1056 614 1094 esse
675 1041 968 1098 incertum,
1046 1045 1208 1104 prout
1275 1049 1454 1087 annus
1503 1033 1790 1088 divisionis

209 1136 585 1202 apostolorum
639 1133 829 1201 nequit
884 1131 1048 1183 certis
1114 1128 1374 1198 assignari
1429 1126 1786 1196 argumentis.

209 1229 366 1296 Apud
411 1241 508 1280 nos
537 1227 602 1279 ad
654 1226 719 1278 15
779 1223 905 1276 Julii
971 1222 1037 1276 de
1086 1221 1351 1274 divisione
1416 1219 1787 1289 apostolorum

211 1328 394 1370 actum
425 1328 530 1379 est,
572 1316 754 1384 ibique
784 1331 844 1367 ea
888 1314 991 1366 fixa
1040 1328 1184 1366 anno
1221 1327 1343 1366 :erae
1378 1311 1620 1380 vulgaris
1654 1327 1788 1379 qua-

210 1409 524 1479 dragesimo
607 1407 907 1462 secundum
998 1406 1378 1460 clironotaxim
1462 1403 1790 1457 Ilensclicuii

210 1501 407 1561 nostri,
445 1515 548 1567 qua
585 1499 788 1554 Christi
823 1497 1035 1551 Domini
1067 1497 1249 1552 obitus
1288 1496 1470 1567 ﬁgitur
1510 1500 1612 1549 sub
1655 1511 1792 1548 cou-

209 1595 392 1643 sulatu
439 1591 670 1643 duorum
730 1589 1110 1650 Geminorum,
1185 1589 1300 1643 sive
1351 1604 1495 1642 anno
1546 1587 1615 1640 ‘29
1673 1602 1793 1641 acra:

209 1682 468 1751 vulgaris,
491 1682 562 1735 ita
591 1692 647 1735 ut
673 1683 1139 1751 duodecimopost
1157 1679 1256 1736 Cln
1274 1681 1360 1733 isti
1386 1681 1787 1740 Ascensionem

213 1789 359 1828 anno
398 1782 630 1841 ponatur
655 1774 1026 1842 apostolorum
1065 1772 1286 1826 divisio.
1325 1768 1504 1824 Videri
1535 1779 1793 1839 poterunt

1894 569 2080 634 Paulo,
2123 578 2218 622 aut
2243 578 2436 623 sancto
2471 567 2753 632 Barnabas,
2795 575 2890 620 aut
2941 575 3130 620 sancto
3160 565 3344 630 Luem,
3377 572 3472 620 aut

1893 661 1994 736 ipsi
2024 661 2277 715 Matth-mo
2299 663 2610 715 versionem
2642 659 2886 714 Graecam
2915 658 3308 720 attribuerunt,
3333 667 3472 712 teste

1892 753 2136 805 (Talmeto
2189 752 2240 805 in
2312 750 2631 820 praefatione
2681 751 2747 803 ad
2807 749 3143 813 Matthatum,
3207 765 3327 820 pag.
3379 750 3471 802 26.

1895 845 2025 898 Nam
2071 854 2262 900 auctor
2297 843 2588 915 SynOpsis,
2641 844 2743 898 etsi
2793 843 2930 897 forte
2961 859 3070 896 non
3139 845 3208 897 sit
3241 843 3479 896 Athana-

1896 935 2032 997 sius,
2073 935 2262 988 saltem
2330 934 2576 988 eruditus
2635 935 2929 987 admodum
2967 932 3086 996 fuit,
3113 945 3166 987 et
3200 933 3479 1002 antiquior

1897 1025 2114 1078 videtur
2173 1025 2400 1077 aliarum
2459 1025 2856 1078 sententiarum
2930 1024 3201 1092 patronis.
3244 1023 3478 1086 Verum,

1894 1117 2143 1184 quisquis
2177 1114 2342 1168 fuerit
2392 1115 2682 1183 interpres,
2731 1124 2941 1166 certum
3009 1115 3248 1179 videtur,
3306 1115 3480 1168 inter-

1896 1209 2260 1276 pretationem
2307 1206 2549 1262 GI‘J‘CQm
2610 1209 2981 1277 apostolorum
3049 1217 3296 1277 tempore
3359 1223 3480 1262 esse

1895 1300 2113 1355 factam.

1966 1391 2054 1448 45.
2092 1393 2418 1448 Theodorus
2457 1396 2652 1464 lector,
2678 1399 2775 1452 lib.
2817 1414 2875 1463 ιι,
2923 1413 3041 1468 pag.
3087 1395 3190 1451 557
3223 1395 3480 1452 editionis

1900 1486 2098 1541 Valesii
2136 1489 2184 1540 in
2215 1487 2436 1542 Zenone
2466 1490 2579 1544 haec
2626 1492 2816 1545 scribit
2846 1509 2900 1546 ζ(
2939 1491 3199 1546 Barnabae
3243 1489 3476 1560 apostoli

1898 1581 2143 1650 reliquize
2172 1583 2224 1634 in
2251 1582 2428 1653 Cypro
2457 1585 2558 1636 sub
2582 1585 2776 1638 arbore
2811 1586 3006 1653 siliqua
3071 1595 3300 1653 repertae
3328 1591 3478 1636 sunt.

1903 1673 2080 1742 Super
2148 1673 2308 1743 cujus
2367 1685 2588 1745 pectore
2639 1685 2755 1730 erat
2814 1675 3168 1745 Evangelium
3221 1675 3479 1740 Matthaai,

1903 1767 2073 1837 ipsius
2101 1766 2544 1822 Bariiabaetnanu
2574 1768 2979 1840 descriptum...
3016 1767 3073 1824 Id
3131 1768 3480 1840 Evangelium

215 1865 362 1920 dicta
399 1827 470 1919 de
511 1827 781 1919 divisione
813 1865 1214 1934 apostolorum,
1268 1873 1322 1916 et
1359 1827 1596 1916 Diatriba
1655 1861 1796 1916 lleu-
1833 1827 1869 1882 Β
1906 1860 2056 1914 Zeno
2089 1861 2344 1930 deposuit
2384 1862 2436 1913 in
2474 1861 2696 1931 palatio,
2759 1827 2813 1916 in
2865 1865 2980 1918 aede
3020 1861 3076 1917 S.
3124 1827 3408 1932 Stephvani.
3458 1880 3478 1912 ι

213 1957 426 2011 sehenii
461 1967 587 2011 ante
619 1956 867 2010 tomuml
904 1955 1133 2025 Aprilis;
1168 1969 1344 2023 neque
1369 1954 1514 2006 enim
1541 1953 1799 2006 hiclocus

208 2050 402 2116 exigit,
443 2060 502 2103 ut
528 2060 771 2120 repetam
799 2049 925 2102 alibi
958 2049 1252 2115 disputata.
1283 2044 1493 2098 Dixisse
1537 2043 1796 2106 sufﬁciat,

210 2144 362 2196 circa
435 2143 576 2196 idem
641 2153 856 2208 tempus
907 2156 936 2192 a
988 2139 1240 2192 Matthmo
1300 2137 1564 2206 scriptum
1629 2134 1801 2188 fuisse

219 2232 600 2302 Evangelium.
651 2239 748 2283 aut
803 2231 963 2301 paulo
993 2241 1139 2295 ante,
1191 2227 1512 2299 priusquam
1568 2225 1800 2295 separati

211 2337 375 2380 erant
414 2325 666 2394 apostoli.

288 2418 377 2472 44.
419 2418 588 2472 Porro
620 2417 884 2472 incertum
914 2431 1066 2485 aeque
1097 2423 1201 2476 est,
1247 2414 1368 2482 quis
1401 2412 1610 2482 primus
1642 2410 1806 2463 fuerit

216 2512 494 2581 interpres
526 2511 747 2566 Grzecus
788 2511 1064 2578 Evangelii
1101 2509 1408 2560 secundum
1457 2504 1800 2558 Matthmum.

219 2604 280 2657 In
307 2604 536 2674 Synopsi
572 2601 1245 2671 sanctoAthanasiovulgo
1277 2599 1563 2662 attributa,
1601 2608 1734 2653 tom.
1760 2596 1805 2650 ιι

220 2695 462 2765 Operam
524 2695 698 2748 sancti
755 2693 1037 2751 Athanasii
1104 2693 1360 2750 editionis
1410 2690 1806 2753 Montfauconi,

223 2805 350 2858 pag.
411 2785 516 2840 902
543 2785 658 2841 lucc
718 2787 971 2854 leguntur
1004 2803 1015 2838 :
1056 2805 1073 2835 ι
1115 2784 1470 2854 Evangelium
1508 2785 1806 2839 secundum

221 2879 538 2934 Mattlireum
566 2881 632 2934 ab
665 2880 780 2949 ipso
820 2879 1071 2932 Mattlmo
1102 2876 1373 2930 Hebraico
1413 2876 1645 2930 dialeclo
1677 2891 1803 2929 con-

221 2974 610 3041 scriptumest,
649 2981 702 3024 et
743 2972 947 3024 editum
1012 2968 1427 3041 Hierosolymis,
1486 2968 1810 3038 interpreta-

223 3076 454 3134 tumquc
526 3076 610 3119 est
669 3079 715 3118 a.
759 3064 965 3118 Iacobo
1019 3063 1186 3118 fratre
1241 3063 1452 3116 Domini
1508 3063 1806 3116 secundum

1905 1949 2064 2002 Plura
2097 1948 2165 2002 de
2214 1949 2298 2002 liis
2325 1950 2518 2003 scribit
2563 1950 2873 2005 Alexander
2911 1950 3215 2002 monachus
3256 1949 3487 2019 Cyprius

1905 2043 1957 2095 in
1994 2042 2147 2097 Actis
2183 2043 2356 2097 sancti
2415 2042 2696 2107 Barnabee,
2748 2043 2890 2115 apud
2930 2058 3032 2099 nos
3080 2043 3243 2098 editis
3294 2043 3362 2097 ad
3422 2041 3480 2095 Η

1906 2133 2079 2191 Junii.
2131 2135 2266 2190 Nam
2323 2152 2446 2208 pag.
2513 2137 2636 2200 £50,
2679 2148 2902 2192 sanctus
2954 2136 3236 2192 Barnabas
3289 2117 3493 2192 dicitur

1909 2231 2232 2300 apparuisse
2283 2231 2580 2285 Anthemio
2643 2231 2931 2286 Salamina:
2983 2230 3262 2302 episcopo,
3333 2231 3493 2299 eique

1913 2323 2186 2377 indicasse
2227 2323 2318 2378 ubi
2371 2323 2675 2393 depositum
2712 2332 2859 2378 esset
2900 2337 3100 2393 corpus
3160 2336 3320 2376 suum
3367 2337 3492 2377 cum

1910 2414 2204 2484 Evangelio
2263 2412 2438 2469 sancti
2484 2412 2746 2468 Matthaei.
2809 2414 2990 2468 Verba
3039 2413 3323 2481 nonnulla,
3370 2428 3498 2484 qua;

1910 2516 2139 2560 sanctus
2167 2506 2445 2560 Barnabas
2478 2507 2775 2561 Anthemio
2800 2507 3004 2561 dixisse
3050 2505 3332 2572 scribitur,
3391 2508 3500 2560 huc

1912 2595 2182 2652 transfero
2217 2611 2231 2646 :
2258 2613 2277 2646 ι
2320 2597 2433 2649 Sub
2463 2596 2657 2650 arbore
2675 2596 2870 2665 siliqua
2891 2596 3118 2652 eiiodias
3144 2613 3156 2649 :
3179 2597 3494 2666 speluncam

1911 2689 2056 2744 enim
2103 2698 2266 2758 atque
2303 2703 2486 2742 arcam
2516 2689 2790 2750 invenies,
2837 2688 3093 2759 queniam
3144 2688 3256 2743 illic
3324 2699 3497 2744 totum

1913 2795 2111 2852 cerpus
2142 2797 2326 2836 meum
2358 2781 2639 2838 conditum
2672 2791 2775 2848 est,
2824 2791 2879 2836 et
2936 2782 3290 2854 Evangelium
3332 2799 3496 2838 manu

1915 2877 2134 2946 propria
2177 2875 2467 2943 scriptum,
2503 2875 2646 2942 quod
2691 2891 2720 2928 a
2758 2885 2948 2930 sancto
2970 2877 3223 2946 apostolo
3251 2885 3306 2933 et
3330 2894 3497 2933 evan-

1915 2968 2102 3032 gelista
2127 2966 2380 3021 Matthiae
2419 2965 2629 3035 excepi.
2671 2985 2688 3015 ›
2719 2965 2781 3020 Et
2816 2981 2942 3021 mox
2984 2970 3495 3038 corporisinventio

1917 3060 2176 3122 refertur,
2233 3069 2289 3115 et
2336 3059 2404 3115 de
2439 3059 2737 3130 Evangelio
2780 3060 3050 3116 additur:
3106 3080 3124 3113 ‹
3164 3061 3498 3118 invenerunt

219 3171 468 3218 carnem,
512 3157 605 3225 qui
637 3165 690 3209 et
728 3157 934 3224 primus
983 3153 1484 3224 Hierosolymorum
1517 3155 1807 3222 episcopus
1839 3167 1877 3220 ε
1913 3154 2075 3206 etiam
2127 3153 2480 3223 Evangelium
2519 3169 2686 3224 supra
2745 3153 3010 3211 Barnabas
3069 3169 3262 3227 pectus
3321 3159 3500 3229 impoo

219 3250 558 3304 constitutus
588 3259 670 3304 est
707 3268 733 3302 a
759 3249 962 3304 sanctis
992 3247 1275 3318 apostolis.
1315 3245 1430 3303 Non
1485 3244 1661 3315 placet
1691 3245 1805 3297 haec

221 3343 498 3396 sententia
533 3340 883 3395 Tillemontio
905 3349 1031 3396 nota
1071 3340 1106 3392 2
1140 3340 1198 3393 in
1241 3337 1585 3392 Matthazum.
1623 3335 1808 3390 Primo

219 3436 319 3499 ait,
345 3436 460 3489 haec
490 3435 665 3489 solum
685 3434 785 3505 legi
821 3435 872 3486 in
897 3433 1178 3486 additione
1212 3431 1445 3502 Synepsi
1472 3432 1707 3503 adjecta.
1740 3434 1809 3486 At

223 3532 435 3586 nullam
455 3528 650 3597 allegat
678 3529 970 3586 rationem,
993 3541 1092 3579 cur
1108 3524 1401 3585 existimet,
1425 3524 1511 3576 illa
1546 3539 1656 3577 non
1689 3540 1809 3578 esse

222 3617 800 3686 ejusdcmSynopseos
819 3623 1065 3686 partem:
1110 3628 1213 3668 nec
1249 3627 1350 3684 ego
1383 3612 1546 3678 ullam
1589 3612 1810 3667 invenio

225 3710 374 3773 apud
409 3708 878 3764 blontfauconum.
905 3707 1156 3774 Secundo
1200 3706 1295 3773 ait,
1345 3721 1532 3762 vocem
1565 3705 1808 3762 Graecam

226 3802 556 3875 ἡρμηνεύθη
615 3818 777 3873 posse
811 3802 1015 3874 exponi
1069 3816 1223 3872 a-que
1282 3800 1351 3854 de
1387 3803 1531 3854 nuda
1578 3801 1811 3869 explica-

226 3898 402 3955 tione,
436 3912 596 3964 quam
633 3896 1156 3948 detranslationein
1195 3895 1356 3947 aliam
1387 3893 1649 3963 linguam.
1676 3890 1813 3947 Vere

227 3989 337 4041 hoc
365 3987 472 4040 dici
500 3987 567 4040 de
608 4001 737 4041 voce
767 3985 954 4041 Graeca
1010 3986 1189 4042 libens
1235 4001 1506 4056 agnosco;
1564 3987 1658 4041 sed
1689 4000 1812 4040 cum

225 4082 488 4149 adjuncta
524 4080 709 4134 omnia
756 4091 812 4136 et
838 4083 999 4152 paulo
1035 4091 1159 4152 post
1189 4081 1471 4152 sequentia
1499 4080 1811 4139 ostendant,

227 4176 310 4246 agi
339 4178 405 4230 de
457 4177 812 4231 translatione
882 4177 934 4229 in
994 4177 1233 4244 linguam
1279 4174 1546 4237 Graecam,
1586 4189 1692 4227 non
1735 4180 1815 4225 est

229 4269 367 4324 satis
393 4267 615 4321 fundata
642 4267 728 4319 illa
753 4265 1011 4336 objectio,
1041 4275 1136 4318 aut
1162 4266 1307 4335 iusta
1339 4254 1812 4336 suspicio,vocém

233 4363 325 4416 hic
368 4362 440 4413 ita
479 4360 925 4430 intelligendam:
961 4375 1082 4412 nam
1109 4360 1301 4413 eadem
1350 4375 1455 4414 vox
1501 4359 1816 4427 frequenter

229 4453 464 4508 recurrit
490 4453 556 4506 de
581 4453 937 4508 translatione
964 4456 1014 4508 in
1053 4454 1213 4507 aliam
1249 4453 1603 4523 linguaui,dc
1643 4468 1818 4522 eaque

248 4546 319 4597 ibi
352 4544 515 4598 unice
541 4545 740 4614 agitur.
782 4544 972 4599 Tertio
1018 4547 1096 4598 ait
1139 4545 1525 4599 'fillernomius
1562 4564 1574 4599 :
1618 4563 1634 4596 ‹
1679 4547 1819 4599 San-

233 4645 358 4690 ctus
385 4633 649 4699 Jacobus,
683 4636 770 4689 cui
806 4651 936 4690 cura
975 4637 1042 4689 de
1069 4635 1273 4690 Iudaeis
1305 4635 1818 4705 Hicrnsolyniitauis

232 4739 355 4784 erat
401 4730 716 4793 commissa,
753 4729 800 4783 is
831 4738 950 4782 erat
986 4730 1132 4783 inter
1163 4744 1356 4782 omnes
1398 4729 1696 4798 apostolos,
1731 4729 1816 4782 cui

234 4820 418 4875 minor
455 4831 574 4874 erat
608 4822 998 4892 opportunitas
1021 4833 1074 4876 et
1105 4822 1406 4875 necessitas
1448 4819 1814 4874 transferendi

231 4912 586 4982 Evangelium
640 4913 817 4966 sancti
869 4914 1104 4967 Matthtei
1152 4915 1206 4966 in
1258 4913 1420 4966 aliam
1483 4913 1743 4980 linguam.
1797 4931 1813 4962 ι

229 5005 302 5060 At
336 5020 436 5076 ego
490 5021 600 5060 non
646 5006 825 5071 video,
886 5008 1010 5075 quis
1060 5007 1431 5075 apostolorum
1486 5005 1536 5059 id
1583 5005 1818 5061 ofﬁcium

233 5099 407 5170 magis
432 5107 742 5169 opportune
779 5110 835 5152 et
865 5100 1150 5154 commode
1187 5099 1340 5153 obire
1387 5097 1644 5168 potuerit.
1686 5097 1818 5151 Nam

229 5192 474 5247 Jacobus
537 5192 794 5246 manebat
858 5191 1298 5262 Hierosolymis;
1348 5191 1580 5260 apostoli
1630 5205 1822 5244 omnes

231 5285 300 5339 ad
331 5287 466 5339 alias
493 5285 987 5355 proficiscebantur
1018 5286 1350 5354 provincias,
1390 5298 1494 5339 nec
1547 5286 1690 5347 scire
1720 5300 1820 5354 po-

236 5387 442 5444 terant,
473 5379 715 5448 quandiu
756 5381 809 5431 in
849 5379 1080 5450 singulis
1130 5381 1448 5433 civitatibus
1508 5389 1603 5433 aut
1655 5383 1819 5434 etiam

233 5471 536 5538 provinciis
559 5480 868 5523 manerent.
921 5471 1195 5525 Habitanti
1230 5480 1411 5524 autem
1442 5470 1494 5523 in
1528 5482 1632 5523 una
1685 5486 1821 5526 con-

233 5569 444 5616 stanter
473 5564 696 5616 civitate
719 5567 1062 5618 commodius
1089 5577 1171 5618 est
1222 5565 1420 5618 librum
1455 5564 1697 5619 scribere
1729 5574 1822 5617 aut

237 5655 610 5720 interpretari,
646 5671 810 5725 quam
837 5657 904 5709 de
937 5657 1158 5711 civitate
1201 5659 1254 5709 in
1303 5657 1581 5713 civitatem
1637 5667 1823 5711 trans-

237 5748 390 5804 eunti
426 5754 481 5801 et
517 5760 785 5816 perpetuo
837 5753 1236 5820 peregrinanti.
1266 5751 1449 5821 Itaque
1478 5752 1565 5805 illa
1595 5763 1821 5808 senten-

239 5844 310 5896 tia
341 5842 531 5897 saltem
564 5855 674 5894 non
714 5843 896 5898 minus
952 5844 1266 5899 verisimilis
1332 5857 1437 5911 est,
1477 5861 1635 5913 quam
1687 5845 1821 5899 alio-

564 5934 831 5996 PATnoL.
890 5939 1010 5999 Gn.
1047 5939 1223 6000 CXV.

1917 3248 2103 3302 situm.
2145 3268 2162 3299 ι
2208 3248 2413 3303 Deinde
2447 3264 2596 3314 vero,
2624 3264 2747 3303 cum
2780 3248 3114 3306 Anthemius
3152 3269 3265 3306 rem
3288 3265 3498 3324 gestam

1916 3341 2262 3410 exposuisset
2294 3339 2501 3397 Zenoni
2545 3342 2885 3411 imperatori,
2947 3353 3003 3398 et
3054 3345 3404 3410 obtinuisset,
3443 3357 3503 3401 ut

1918 3435 2130 3506 Cyprus
2163 3450 2272 3488 non
2304 3436 2554 3490 subesset
2586 3435 2914 3504 patriarcha:
2962 3436 3308 3493 Antiocheno
3331 3480 3345 3502 ,
3405 3455 3505 3509 pe-

1920 3527 2006 3578 tiit
2042 3526 2279 3580 vicissim
2325 3526 2492 3589 Zeno,
2531 3537 2588 3579 ut
2626 3527 2694 3580 ad
2747 3541 2808 3582 se
2851 3528 3169 3584 mitteretur
3217 3531 3502 3586 inventum

1922 3618 2156 3673 Matthsei
2188 3619 2558 3688 Evangelium.
2602 3639 2617 3670 ι
2653 3621 2928 3675 Asscusus
2962 3632 3045 3677 est
3099 3625 3224 3694 ejus
3251 3627 3505 3695 petitioni

1921 3713 2235 3784 episcopus,
2287 3715 2364 3769 ait
2409 3715 2740 3778 Alexander,
2796 3729 2947 3770 num.
2993 3716 3083 3778 Η,
3127 3726 3181 3772 et
3214 3719 3505 3789 quemdam

1921 3819 1985 3857 ex
2018 3804 2104 3866 iis,
2138 3818 2277 3870 quos
2321 3819 2508 3857 secum
2542 3804 2776 3858 habebat
2808 3803 3352 3879 (Constantinopoli),
3375 3822 3507 3869 'uua

1922 3909 2043 3949 eum
2090 3893 2409 3947 fidelissimo
2465 3893 2818 3962 imperatoris
2873 3897 3124 3951 ministro
3185 3899 3506 3969 episcopum

1926 3986 2098 4048 misit,
2139 3987 2229 4056 qui
2263 3986 2619 4058 Evangelium
2681 3987 2814 4043 illud
2852 3989 2904 4042 in
2951 3990 3142 4045 urbem
3192 3990 3511 4048 Constanti-

1924 4079 2173 4149 nupolitn
2241 4080 2568 4135 attulerunt.
2642 4079 2812 4135 Erant
2879 4093 3064 4140 autem
3125 4086 3244 4139 libri
3302 4087 3510 4141 tabella:

1929 4173 2132 4242 thyinis
2164 4173 2321 4244 lignis
2362 4175 2700 4244 compositm.
2747 4177 3104 4248 Evangelium
3155 4181 3289 4234 illud
3338 4183 3509 4253 impe-

1929 4275 2075 4321 rator
2111 4267 2164 4321 in
2189 4280 2409 4322 manum
2437 4267 2692 4338 sumpsit,
2721 4281 2776 4323 et
2811 4270 3159 4326 deosculatus
3205 4281 3311 4337 est,
3346 4289 3512 4330 auro-

1931 4375 2036 4431 que
2059 4361 2233 4415 multo
2268 4372 2596 4418 exornatum
2627 4363 2682 4417 in
2728 4364 2932 4435 palatio
2983 4380 3082 4420 suo
3117 4367 3384 4436 reposuit,
3421 4368 3511 4423 ubi

1930 4453 1997 4506 ad
2033 4452 2359 4506 hodiernum
2406 4470 2579 4522 usque
2603 4455 2745 4508 diem
2806 4468 3075 4519 servatur,
3125 4465 3177 4509 et
3227 4455 3278 4509 in
3317 4472 3512 4528 magna

1860 4539 1898 4590 υ
1932 4545 2119 4612 quinta
2155 4545 2375 4600 Pascha:
2409 4546 2542 4601 feria
2585 4549 2879 4618 quotannis
2924 4549 2978 4601 in
3037 4548 3223 4618 palatii
3269 4551 3512 4606 oratorio

1930 4636 2281 4709 Evangelium
2331 4655 2394 4693 cx
2438 4656 2503 4694 eo
2573 4641 2710 4693 libro
2768 4641 3051 4696 recitatur.
3099 4659 3116 4692 ι
3173 4642 3299 4698 Haec
3352 4643 3514 4699 lectio

1925 4731 2289 4794 demonstrat,
2321 4731 2508 4791 Cra-ce
2529 4734 2793 4803 scriptum
2821 4735 2990 4791 fuisse
3026 4737 3169 4790 istud
3209 4739 3512 4808 exemplar,

1925 4841 2050 4877 cum
2101 4824 2214 4878 sola
2240 4826 2420 4896 lingua
2451 4828 2636 4882 Graeca
2681 4827 3155 4898 Constantinopoli
3210 4842 3352 4884 esset
3397 4832 3511 4884 vul-

1926 4918 2108 4988 garis;
2169 4921 2402 4987 indeque
2469 4922 2849 4982 confirmatur,
2912 4924 3220 4977 versionem
3269 4923 3509 4979 Gram-am

1925 5011 2300 5080 apostolorum
2338 5021 2584 5082 tempore
2617 5015 2814 5068 factam
2836 5029 2982 5069 esse.

1998 5103 2090 5160 46.
2125 5103 2534 5174 Papebrocliius
2568 5117 2751 5164 noster
2815 5108 2867 5161 in
2906 5109 3196 5164 Adnotatis
3226 5109 3292 5164 ad
3346 5110 3510 5164 verba

1921 5195 2033 5264 jam
2084 5197 2207 5251 data
2243 5199 2559 5267 apparentis
2600 5199 2857 5254 Barnabee
2889 5201 3144 5256 observat
3174 5205 3456 5271 sequentia
3494 5220 3506 5256 :

1935 5310 1949 5338 ι
1983 5289 2208 5346 Nativus
2230 5291 2522 5344 verborum
2559 5307 2757 5346 sensus
2797 5293 3012 5346 videtur
3050 5295 3358 5362 esse,quud
3381 5293 3510 5346 Bar-

1929 5384 2096 5436 nabas
2150 5382 2532 5453 Evangrlium,
2606 5384 2861 5454 primitus
2919 5383 3185 5439 Hebraice
3270 5386 3506 5448 editum,

1930 5475 2145 5543 propria
2188 5492 2351 5529 mauu
2387 5479 2670 5546 exceperit
2731 5492 2801 5532 ex
2849 5492 2943 5532 ore
3000 5477 3288 5546 ipsiusmet
3335 5480 3507 5532 sancti

1927 5567 2188 5632 Matrhei,
2230 5569 2359 5622 illud
2409 5567 2596 5623 Graece
2648 5569 2928 5632 dictantis,
2964 5579 3019 5623 et
3058 5586 3242 5624 secum
3298 5571 3506 5634 tulerit,

1926 5660 2073 5712 sicut
2098 5664 2262 5714 etiam
2302 5659 2501 5717 fecisse
2531 5661 2735 5715 dicitur
2781 5672 3007 5716 sanctus
3075 5663 3509 5718 Bartholommus

1928 5749 2015 5820 (de
2049 5750 2316 5807 Hebraico
2349 5755 2661 5818 nimirum),
2703 5755 2889 5824 plures
2939 5756 3166 5810 forsuan
3220 5758 3332 5822 alii,
3398 5772 3508 5810 uno

1927 5848 2226 5916 eodemque
2265 5859 2454 5904 tenore
2485 5861 2538 5905 et
2566 5862 2832 5922 tempore,
2866 5852 3001 5907 citra
3052 5854 3212 5909 ullam
3245 5853 3510 5907 diﬂ‘eren-

3113 5944 3186 6005 εδ
