4188 6436
734 349 833 411 ’179

1949 341 2110 401 ΜΕΝ
2119 339 2233 400 SIS
2275 337 2565 399 SEPTEM
2577 336 2748 397 BER.

3874 327 4009 391 780

736 468 902 529 tiam;
936 477 1056 530 qua:
1089 460 1321 516 inveniri
1359 458 1604 525 deberet,
1633 458 1678 512 si
1713 457 1945 527 quisque
1968 471 2070 510 suo
2125 466 2300 509 marte
2332 457 2374 513 Α
2404 453 2502 517 dit,
2548 470 2737 523 parum
2777 459 2870 506 aut
2934 448 3069 504 nihil
3129 449 3197 503 de
3275 447 3669 518 praedicatione
3740 443 4013 499 Matthzel

731 553 1006 627 propriam
1041 533 1144 608 sibi
1176 551 1491 607 versionem
1524 548 1764 611 fecisset,
1793 548 1950 616 cujus
1978 546 2302 601 ditlerentia:

732 643 935 697 nullum
961 641 1170 710 uspiam
1194 648 1370 693 exstat
1406 638 1692 692 indicium.
1726 639 1903 706 Atque
1934 636 2062 690 hinc
2097 636 2301 689 factum

732 736 817 799 sit,
850 743 909 787 ut
932 734 1017 789 alii
1050 732 1339 797 Jacobum,
1367 730 1454 785 alii
1479 730 1768 793 Joannem,
1790 730 1878 784 alii
1905 732 2067 783 etiam
2097 730 2300 785 Lucam

736 828 816 881 vel
869 826 1095 880 Paulum
1162 826 1521 894 interpretem
1583 825 1833 889 fecerint,
1886 834 2049 893 prout
2096 822 2305 876 scilicet

734 930 957 985 quaeque
990 915 1233 969 Ecclesia
1270 914 1621 985 Evangelium
1650 914 1862 983 legebat
1908 928 1973 966 ex
2023 913 2185 980 hujus
2217 914 2302 967 vel

732 1010 875 1061 illius
930 1008 1159 1076 apostoli
1225 1007 1583 1077 autographa.
1643 1026 1659 1058 ›
1719 1005 2039 1059 Verisimilis
2084 1005 2301 1073 quidem

734 1112 956 1170 apparet
995 1101 1108 1155 haec
1136 1102 1485 1168 conjectura;
1538 1099 1841 1158 prtesertim
1900 1112 2021 1151 cum
2072 1096 2301 1166 apostoli

734 1211 840 1247 non
872 1194 1154 1247 videantur
1209 1194 1435 1262 profecti
1481 1193 1544 1245 ad
1610 1191 1935 1261 longinquas
1997 1188 2304 1259 provincias

734 1295 861 1340 ante
911 1289 1171 1355 scripturn
1219 1287 1457 1341 Matthaei
1508 1286 1888 1355 Evangeliunt,
1955 1292 2014 1337 ut
2065 1280 2302 1337 dubitari

734 1381 821 1435 vix
870 1381 1061 1451 possit,
1133 1380 1262 1448 quin
1297 1379 1492 1449 singuli
1546 1377 1823 1447 exemplar
1879 1375 2095 1445 aliquod
2158 1374 2303 1428 illius

735 1472 1006 1541 Evangelii
1059 1487 1245 1525 secum
1286 1471 1533 1523 tulerint.
1568 1470 1704 1524 Cum
1754 1478 1934 1523 autem
1989 1483 2097 1521 non
2145 1465 2302 1535 pauci

735 1582 799 1620 ex
831 1566 935 1619 illis
976 1564 1453 1634 proficiscerentur
1508 1562 1572 1616 ad
1626 1560 1953 1631 provincias,
2007 1559 2058 1612 in
2108 1558 2303 1627 quibus

736 1660 845 1714 fere
870 1659 979 1712 sola
1014 1658 1213 1711 usitata
1244 1666 1361 1711 erat
1402 1656 1580 1726 lingua
1613 1653 1818 1718 Graeca,
1856 1652 2300 1706 verisimillitnum

734 1762 838 1814 est,
871 1753 990 1805 illos
1013 1750 1261 1804 Grmcum
1295 1750 1473 1819 potius
1506 1749 1805 1817 exemplar,
1859 1756 1918 1799 ut
1970 1755 2181 1798 constat
2239 1746 2305 1798 de

2405 554 2744 614 compertum
2785 544 2889 598 sibi
2955 543 3148 596 fuisse.
3209 540 3425 594 Etenim
3482 538 3686 592 nullam
3738 539 4016 590 nominat

2406 637 2743 707 provinciam
2773 644 2868 689 aut
2897 635 3113 695 urbem,
3148 633 3201 687 in
3239 648 3344 701 qua
3380 631 3540 684 fidem
3598 629 4015 699 praedicaverit

2405 729 2714 791 Matthtcus,
2747 737 2941 797 prater
2990 725 3325 795 Hierapolim
3382 723 3573 796 Syriae,
3602 724 3655 776 in
3684 740 3797 793 qua
3829 740 4015 777 mar—

2406 820 2543 891 tyrio
2579 828 2898 873 coronatum
2956 819 3205 874 credidit.
3250 816 3363 871 Hae
3414 818 3481 870 de
3527 829 3715 879 causa,
3773 817 4013 883 opinor,

2404 928 2528 983 pag.
2565 911 2671 965 404
2726 926 2791 964 ex
2858 911 2973 965 sola
3034 909 3410 964 verisimiliter
3464 909 3787 976 conjectura
3844 905 4012 970 dicit,

2405 1007 2583 1076 ipsum
2623 1020 2853 1075 corpore
2884 1006 3052 1059 fuisse
3084 1004 3464 1069 imbecilliore,
3516 1001 4011 1071 Evangeliumque

2404 1100 2712 1169 scripsisse,
2741 1099 2869 1154 dum
2892 1099 2980 1152 alii
3006 1098 3147 1167 apud
3176 1099 3352 1151 varias
3377 1104 3565 1169 gentes
3592 1093 4011 1165 praedicabant.

2405 1192 2659 1247 Pluribus
2685 1208 2817 1246 sane
2860 1192 3041 1245 verbis
3086 1191 3137 1245 id
3196 1190 3393 1244 Orator
3450 1190 3831 1259 prosequitur,
3904 1186 4010 1239 sed

2406 1301 2574 1356 pauca
2597 1284 2886 1347 sufﬁcient,
2918 1299 3045 1337 cum
3083 1293 3297 1337 constet
3330 1284 3396 1337 de
3416 1284 3621 1352 scripto
3656 1283 4006 1355 Evangelia:

2412 1395 2430 1427 ι
2464 1374 2705 1445 Quaeque
2734 1376 2871 1429 adeo
2908 1375 3101 1444 reliqui
3151 1374 3425 1444 (apostoli)
3482 1375 3740 1445 gentibus
3796 1377 4011 1444 lingua:

2408 1483 2637 1524 munere
2671 1482 2779 1520 non
2811 1466 3016 1534 scripta
3050 1466 3411 1529 tradiderant,
3440 1467 3556 1521 hate
3591 1483 3834 1537 magnus
3868 1468 4014 1521 blat-

2409 1565 2581 1615 thazus
2639 1559 2842 1628 scripta
2915 1558 3378 1612 commentatione
3461 1573 3673 1611 summa
3733 1560 4011 1628 colligens

2410 1663 2579 1707 totum
2640 1650 2799 1704 Verbi
2863 1647 3183 1719 mysterium
3256 1646 3427 1701 sacris
3504 1650 4007 1715 praedieatiouibus

2411 1745 2664 1799 intexuit.
2704 1762 2723 1795 ι
2768 1744 2842 1796 Ita
2896 1742 3035 1811 ipse,
3092 1741 3392 1809 interprete
3446 1738 3809 1802 Combefisio,
3862 1740 4008 1792 blat-

736 1842 1002 1905 Barnaba,
1029 1816 1349 1910 sumpsisse,
1381 1855 1539 1907 quam
1604 1816 1950 1901 Hebraicum,
1990 1847 2045 1890 ut
2080 1836 2205 1888 illud
2251 1837 2302 1887 in
2335 1816 2380 1874 Β
2415 1838 2615 1890 thzeum
2678 1834 2884 1889 inducit
2918 1834 3273 1897 scribentem,
3329 1832 3455 1886 dum
3492 1830 3580 1884 alii
3627 1833 3871 1901 apostoli
3909 1849 4011 1901 per

733 1933 1261 2001 ccclesiiserigendis
1292 1931 1573 2000 legendum
1605 1928 1735 1982 dare
1773 1939 1995 1996 possent
2022 1937 2074 1980 et
2104 1926 2305 1980 exscri-

736 2026 993 2080 bendum.
1022 2024 1407 2079 Verumtamen
1442 2022 1767 2090 conjecturae.
1792 2030 1998 2074 tantum
2031 2030 2157 2074 sunt
2190 2019 2302 2084 hae;

736 2129 916 2182 neque
955 2114 1088 2168 certi
1123 2112 1327 2182 aliquid
1372 2110 1602 2181 proferri
1663 2118 1840 2180 potest
1888 2109 1954 2164 de
2001 2110 2165 2163 rebus
2221 2109 2306 2162 in-

737 2209 922 2262 certis.

808 2301 895 2353 47.
928 2297 1069 2363 Quin
1100 2306 1156 2351 et
1180 2298 1341 2351 verba
1377 2294 1721 2364 Papiae,data
1745 2311 1895 2347 num.
1926 2294 2308 2358 50,contraria

736 2388 993 2443 videntur
1027 2387 1185 2441 dictis
1215 2384 1563 2457 conjecturis,
1600 2383 1643 2437 si
1696 2383 2039 2452 intelligenda
2091 2383 2201 2436 sint
2246 2398 2309 2436 eo

740 2496 927 2543 sensu,
956 2493 1063 2546 quo
1085 2478 1287 2548 passim
1314 2483 1681 2547 exponuntur.
1720 2493 1736 2526 t
1766 2475 2048 2529 Matlhaaus
2065 2475 2307 2548 quidem,

742 2571 938 2639 inquit,
966 2569 1232 2624 llehraieo
1265 2584 1517 2623 sermone
1548 2569 1725 2622 divina
1789 2569 2007 2639 scripsit
2041 2569 2259 2624 oracula
2294 2586 2305 2621 :

742 2663 1134 2731 interpretatus
1165 2670 1248 2716 est
1306 2675 1489 2716 autem
1532 2660 1906 2731 unusquisque
1965 2661 2076 2725 illa,
2149 2673 2310 2731 prout

743 2756 937 2823 potuit.
972 2773 990 2805 ›
1030 2754 1153 2808 ιιωο
1185 2752 1349 2807 verba
1374 2770 1403 2807 a
1429 2753 1590 2806 variis
1619 2752 1690 2805 ita
1722 2752 1962 2822 exposita
1995 2754 2178 2817 video,
2201 2753 2308 2807 acsi

741 2849 935 2918 Papias
994 2849 1238 2913 dixisset,
1292 2862 1733 2915 unumquemque
1784 2861 1881 2914 pro
1936 2861 2034 2901 suo
2092 2846 2311 2917 ingenio

740 2955 1053 3011 aggressum
1088 2954 1206 2993 esse
1248 2937 1748 3008 interpretationem
1807 2936 2071 2992 Graecam.
2138 2940 2206 2992 At
2247 2955 2310 2995 ea

742 3035 919 3102 Papia:
952 3033 1237 3086 verborum
1264 3032 1532 3101 expositio
1564 3048 1909 3102 nequaquam
1942 3033 2077 3086 mihi
2112 3048 2310 3086 neces-

2416 1929 2679 1984 tuundum
2714 1928 3118 1990 discurrebant,
3147 1937 3201 1979 et
3234 1926 3475 1994 undique
3502 1940 3654 1979 sacra
3711 1923 4006 1994 Evangelii

2412 2024 2620 2077 semina
2650 2021 2947 2090 jaciebant.
2983 2019 3181 2073 Verum
3216 2034 3318 2073 nec
3384 2018 3823 2072 imbecillitatem
3877 2033 4009 2070 cor-

2412 2119 2581 2188 poris,
2618 2117 2684 2171 de
2714 2132 2817 2185 qua
2852 2114 2987 2168 nihil
3017 2113 3159 2183 apud
3184 2112 3534 2173 vetustiores,
3554 2110 3812 2165 Matthazo
3830 2110 4007 2165 fuisse

2414 2208 2811 2278 impedimento
2840 2206 3058 2275 Opinor,
3091 2218 3199 2271 quo
3233 2202 3413 2256 minus
3456 2201 3818 2272 Evangelium
3853 2218 4006 2271 prae-

2414 2299 2668 2361 dicaret;
2735 2311 2837 2349 nec
2882 2297 3159 2348 assentior
3192 2292 3417 2357 Nicette,
3468 2302 3597 2346 tunc
3654 2308 3685 2345 a
3743 2293 4007 2346 Matth-eeo

2414 2389 2681 2459 scriptum
2739 2386 2911 2441 fuisse
2951 2384 3327 2457 Evangelium,
3376 2385 3594 2455 quando
3626 2386 3716 2439 alii
3760 2386 4005 2455 apostoli

2413 2486 2477 2536 ad
2507 2484 2829 2553 longinquas
2862 2480 3094 2551 profecti
3129 2490 3287 2534 erant
3314 2479 3658 2549 provincias;
3713 2478 3830 2540 sed,
3865 2493 3995 2531 eum

2415 2577 2528 2646 ipsc
2556 2574 2775 2629 Nicctas
2810 2589 2931 2643 pag.
2977 2573 3081 2627 406
3128 2573 3294 2636 dicat,
3331 2570 3582 2625 omittere
3622 2585 3679 2623 sc
3730 2571 4001 2638 praeclara

2415 2677 2588 2737 gesta,
2656 2665 3062 2734 prtedicationis
3127 2664 3383 2717 nimirum
3464 2670 3518 2715 et
3582 2661 4002 2725 miraculorum,

2414 2760 2599 2815 malim
2627 2758 2875 2822 credere,
2908 2767 3181 2810 oratorem
3235 2754 3375 2809 nihil
3407 2755 3543 2808 certi
3589 2754 3655 2808 de
3690 2754 3797 2806 illis
3848 2753 4003 2807 inve-

2416 2855 2582 2917 nisse,
2642 2865 2803 2921 quam
2846 2849 3159 2904 Matthaeum
3232 2864 3339 2903 non
3394 2848 3721 2917 praedicasse
3770 2863 3783 2899 :
3825 2861 4004 2915 neque

2414 2946 2561 3000 enim
2657 2945 2879 3015 scriptio
2954 2943 3225 3015 Evangelii
3310 2952 3463 2997 tanto
3557 2953 3807 3011 tempore
3877 2956 4000 2994 san-

2416 3051 2566 3095 ctum
2617 3038 2869 3093 detinere
2906 3037 3117 3105 debuit,
3143 3046 3199 3090 ut
3251 3051 3357 3089 non
3384 3036 3625 3104 potuerit
3648 3034 3844 3087 eodem
3874 3047 3999 3086 cum

747 3127 890 3177 saria
940 3123 1173 3185 videtur,
1222 3123 1331 3176 imo
1366 3139 1433 3176 ne
1481 3124 1613 3176 satis
1663 3123 1879 3192 quidem
1941 3124 2235 3191 probabilis
2295 3141 2306 3176 :

2417 3134 2535 3187 aliis
2577 3141 2822 3200 tempore
2876 3129 3152 3199 proficisci
3211 3128 3277 3182 ad
3335 3127 3674 3197 provinciam
3716 3125 3819 3179 sibi
3859 3124 4001 3178 assi-

747 3231 871 3271 nam
903 3230 1005 3271 vox
1060 3213 1416 3284 unusquisque
1479 3222 1688 3269 tantum
1731 3216 1970 3270 insinuat
2021 3232 2308 3271 numerum

744 3310 1122 3375 interpretum,
1158 3316 1216 3359 ut
1248 3320 1357 3359 non
1412 3304 1504 3359 fiat
1541 3306 1854 3373 verisimile,
1894 3306 2117 3377 Papiam
2158 3309 2311 3362 Iocu-

744 3407 859 3450 tum
892 3409 1012 3449 esse
1062 3394 1127 3449 de
1155 3395 1609 3464 interpretatione
1663 3397 1831 3451 totius
1884 3398 2159 3465 Evangelii
2198 3399 2314 3450 sive

744 3488 1095 3543 translatione
1148 3490 1203 3543 in
1262 3490 1499 3558 linguam
1580 3490 1843 3542 Graecam.
1904 3487 2083 3553 Quare
2141 3489 2313 3543 solum

743 3580 899 3643 dicit,
937 3580 1121 3633 divina
1168 3578 1396 3634 Oraeula
1453 3595 1482 3634 a
1540 3579 1793 3634 Matthan
1830 3582 2029 3650 scripto
2078 3582 2313 3646 tradita;

742 3671 812 3725 ab
834 3671 955 3725 aliis
979 3687 1106 3725 vero
1133 3686 1230 3741 pro
1255 3672 1681 3742 uniuscujusque
1711 3674 2014 3741 capacitate
2042 3676 2206 3728 verbo
2224 3686 2315 3728 aut

744 3765 950 3833 scripto
977 3765 1241 3833 exposita.
1294 3764 1479 3829 Itaque
1506 3764 1656 3815 nullo
1710 3765 1871 3816 modo
1909 3765 2118 3817 videtur
2165 3766 2315 3832 loqui

749 3857 815 3910 de
841 3856 1197 3909 translatione
1232 3854 1506 3923 Evangelii
1551 3854 1599 3906 in
1649 3853 1884 3925 linguam
1924 3854 2187 3921 Gnatam,
2221 3859 2315 3913 sed

747 3949 827 4001 vel
861 3946 1034 4001 solum
1062 3945 1127 4001 de
1163 3946 1551 4016 praedicatione
1587 3946 1888 4016 Evangelii,
1932 3949 2014 4003 vel
2038 3951 2104 4002 tle
2134 3966 2310 4020 expo-

748 4041 947 4095 sitione
983 4056 1196 4105 eorum,
1220 4054 1341 4107 qua:
1378 4040 1432 4090 in
1460 4039 1754 4108 Evangelio
1792 4038 2028 4092 Mattha-i
2059 4056 2316 4095 occurre-

751 4134 883 4187 bant
912 4133 1243 4186 diﬂiciliora.
1284 4130 1399 4186 Hoc
1444 4130 1638 4185 fecisse
1668 4148 2113 4203 unumquemque
2138 4138 2318 4190 docto-

752 4243 872 4280 rum
926 4225 1082 4280 facile
1114 4224 1433 4279 credimus:
1473 4233 1528 4277 at
1577 4239 2021 4294 unumquemque
2071 4242 2167 4295 pro
2219 4242 2319 4282 suo

748 4319 966 4390 ingenio
1008 4316 1359 4386 Evangelium
1420 4314 1656 4369 Matthxi
1697 4314 1944 4368 Graecum
1980 4317 2163 4370 facere
2224 4334 2311 4371 vo-

748 4412 936 4475 luisse,
977 4424 1077 4464 nec
1108 4407 1401 4464 verisimile
1449 4415 1557 4474 est,
1599 4422 1701 4462 nec
1740 4406 1872 4463 dicit
1926 4406 2136 4477 Papias.
2192 4409 2316 4466 Sola

2415 3231 2651 3293 gnatam.

2487 3313 2571 3367 49.
2612 3314 2896 3369 Provineia
2929 3323 3132 3375 autem,
3171 3326 3291 3378 qua:
3324 3310 3377 3362 in
3438 3309 3589 3361 Actis
3641 3307 3875 3362 edendis
3946 3317 4001 3362 et

2416 3406 2645 3459 aliorum
2684 3403 2999 3458 testimonio
3030 3402 3306 3472 assignata
3360 3400 3462 3454 fuit
3506 3409 3697 3453 saneto
3722 3399 3999 3463 Matthxi),

2417 3512 2499 3556 est
2550 3497 2861 3567 EthiOpia,
2891 3496 3212 3551 latissimum
3276 3494 3475 3549 Africae
3512 3510 3763 3565 regnum,
3818 3496 3861 3547 si
3901 3509 4001 3546 vox

2421 3591 2701 3663 Aithiopia
2735 3590 2806 3645 sit
2837 3588 3190 3659 intelligenda
3211 3602 3375 3643 sensu
3411 3588 3647 3642 maxime
3677 3586 3861 3641 obvio.
3894 3584 4002 3638 ltu-

2417 3687 2582 3752 finus,
2617 3688 2712 3742 lib.
2746 3703 2801 3753 χ,
2827 3700 2950 3755 cap.
2985 3686 3039 3751 9,
3079 3684 3195 3738 haec
3227 3684 3460 3739 scribit:
3512 3684 3600 3737 tln
3636 3698 3702 3737 ea
3726 3680 3999 3735 divisione

2418 3780 2569 3833 orbis
2627 3788 2806 3841 terrae,
2852 3790 2973 3844 quae
3028 3776 3096 3827 ad
3158 3776 3566 3844 praedicandum
3627 3777 3856 3829 verbum
3906 3774 4000 3828 Dei

2419 3879 2567 3927 sorte
2593 3885 2691 3941 per
2721 3868 2999 3940 apostolos
3030 3866 3309 3921 celebrata
3351 3874 3471 3931 est;
3525 3880 3648 3919 cum
3703 3862 3825 3917 alia:
3879 3866 4000 3919 aliis

2421 3965 2717 4036 provinciae
2741 3965 3121 4027 obvenissent,
3154 3959 3378 4015 Thoma:
3400 3959 3639 4024 Parthia,
3666 3966 3721 4012 et
3743 3956 3997 4011 Mattheeo

2421 4054 2726 4121 Aﬂthiopia,
2767 4054 2927 4121 eique
2954 4053 3241 4105 adhaerens
3273 4053 3498 4106 citerior
3522 4052 3677 4105 lndia
3711 4049 3999 4104 Bartholo-

2422 4155 2559 4195 [meo
2589 4140 2790 4195 dicitur
2826 4149 2975 4193 sorte
3001 4138 3244 4192 decreta.
3274 4158 3291 4190 ›
3328 4140 3528 4195 Eodem
3565 4142 3679 4196 fere
3720 4143 3882 4197 modo
3910 4140 3999 4195 So-

2422 4245 2625 4297 crates,
2662 4233 2757 4285 lib.
2781 4246 2819 4294 t,
2854 4244 2974 4300 cap.
3027 4230 3093 4285 l9
3126 4245 3140 4282 :
3185 4248 3199 4279 ι
3230 4227 3365 4282 Cum
3398 4232 3627 4301 apostoli
3656 4234 3998 4299 praedicatio.

2423 4326 2508 4376 nis
2528 4339 2695 4377 causa
2722 4322 2789 4376 ad
2831 4331 3022 4394 gentes
3054 4318 3373 4390 profecturi,
3426 4336 3518 4373 eas
3546 4320 3692 4374 inter
3715 4337 3775 4375 se
3802 4326 3995 4377 sortito

2422 4414 2743 4477 dividerint,
2790 4413 3027 4466 Thomas
3102 4414 3321 4481 quidem
3389 4412 3647 4477 Parthia},
3707 4413 3993 4472 Mattlneus

748 4501 1155 4556 neotericorum
1230 4500 1496 4568 expositio
1558 4499 1888 4553 sententiam
1940 4500 2084 4553 illam
2140 4500 2316 4571 Papiae
2344 4515 2395 4574 ι)
2427 4522 2557 4560 vero
2582 4504 2877 4575 ίῙΞιιιὶορίω
2901 4504 3267 4574 apostolatutn
3298 4505 3531 4559 sonitus
3556 4520 3660 4560 est.
3706 4506 3992 4563 Bartholo-

749 4596 1019 4659 attribuit,
1056 4592 1182 4647 licet
1210 4607 1311 4647 vox
1342 4589 1526 4646 Grteca
1572 4591 1910 4660 ἡρμήνευσε,
1940 4593 2316 4662 interpretatus

751 4701 856 4755 est,
897 4689 1042 4743 illam
1068 4685 1467 4755 expositionem
1494 4684 1725 4738 minime
1771 4686 2036 4755 requirat,
2068 4686 2161 4741 sed
2188 4703 2318 4757 pro-

753 4789 874 4851 pter
937 4777 1187 4846 adjuncta
1239 4776 1419 4846 potius
1465 4786 1683 4830 renuat.
1711 4777 1932 4831 Certum
1985 4779 2149 4848 igitur
2199 4796 2319 4835 esse

752 4873 935 4935 debet,
981 4871 1352 4941 apostolorum
1388 4881 1634 4940 tempore
1673 4873 1868 4926 factam
1936 4889 2058 4927 esse
2116 4877 2321 4929 versio-

753 4978 876 5018 nem
902 4962 1174 5028 Graecam,
1209 4962 1534 5032 unicamque
1563 4962 1731 5017 fuisse
1784 4965 2165 5034 approbatam,
2194 4981 2318 5020 cum

757 5056 821 5112 de
844 5056 1093 5124 pluribus
1124 5056 1307 5108 nullus
1325 5054 1657 5108 meminerit.
1695 5054 1921 5124 Reliqua
1953 5058 2018 5109 ad
2074 5056 2321 5127 Evange-

754 5142 887 5196 liunt
924 5142 1158 5197 Matthxi
1195 5143 1499 5212 spectantia
1547 5142 1936 5212 interpretibus
1979 5160 2145 5199 sacra:
2176 5148 2323 5199 Scri-

757 5246 926 5303 ptura)
957 5238 1314 5291 examinanda
1345 5236 1619 5307 relinquo.

755 5373 781 5442 ᾗ
834 5371 924 5426 ιν.
967 5371 1279 5425 Ρνωάίεαιὶο
1326 5372 1499 5424 sancti
1556 5371 1795 5427 Matthwi
1856 5384 1903 5427 ct
1978 5373 2319 5442 Martyrium.

826 5510 918 5563 48.
937 5509 1009 5562 De
1032 5508 1414 5578 prtedicatione
1439 5510 1708 5578 Evangelii
1731 5511 1783 5561 in
1804 5509 2009 5572 Juda'a,
2032 5518 2321 5576 antequam

755 5601 988 5669 apostoli
1030 5600 1082 5653 in
1110 5601 1420 5669 designatas
1448 5600 1552 5651 sibi
1593 5601 1900 5669 provincias
1928 5602 2321 5666 discesserunt,

756 5693 967 5745 nullum
997 5702 1079 5746 est
1108 5692 1357 5746 dubium.
1414 5692 1630 5746 Nicetas
1662 5694 1931 5762 Paphlago
1971 5697 2022 5745 in
2065 5694 2323 5748 Oratione

755 5786 1165 5853 encoutiastica,
1194 5787 1332 5855 apud
1363 5785 1781 5853 Cotnhefisium,
1822 5804 1939 5857 pag.
1965 5789 2088 5854 404,
2125 5802 2322 5843 osten-

2428 4616 2561 4654 tnaeo
2596 4600 2766 4661 India,
2806 4613 2924 4666 quae
2952 4596 3247 4664 Ethiopian
3282 4600 3515 4651 continis
3576 4606 3684 4664 est,
3721 4600 3932 4670 obtigit.
3974 4621 3990 4652 ι

2426 4691 2655 4746 Accedit
2677 4688 3015 4742 Fortunatus
3038 4687 3181 4741 infra
3206 4688 3518 4743 laudandus
3548 4704 3674 4744 eum
3724 4690 3852 4746 aliis
3882 4696 3995 4761 plu-

2427 4784 2603 4846 ribus,
2638 4782 2781 4835 inter
2811 4793 2951 4849 quos
3007 4778 3135 4833 Milo
3186 4781 3488 4836 monachus
3526 4780 3578 4835 in
3629 4782 3745 4835 \‘ita
3774 4783 3995 4837 metrica

2429 4878 2485 4930 δ.
2519 4873 2775 4938 Amandi,
2806 4883 2935 4927 tum.
2984 4873 3001 4925 l
3052 4872 3340 4927 Februarii
3403 4874 3550 4940 data,
3606 4890 3727 4944 pag.
3775 4873 3881 4930 87$
3927 4877 3995 4930 ita

2429 4970 2577 5024 canit
2602 4986 2615 5018 :

2431 5077 2712 5133 Matthtrus
2746 5074 3024 5143 ﬁtltiopas
3059 5084 3284 5129 torrente
3309 5077 3495 5130 ardore
3529 5090 3786 5133 crematos

2435 5149 2493 5203 Ut
2529 5146 2669 5202 Geon
2700 5147 2923 5199 nimim
2952 5160 3161 5198 sacrato
3192 5149 3348 5200 diluit
3383 5162 3561 5211 amne,

2433 5219 2505 5273 Et
2534 5221 2662 5288 facit
2700 5220 2753 5269 in
2789 5218 3009 5284 speciem
3038 5217 3168 5268 lotos
3205 5220 3429 5271 candere
3466 5220 3715 5273 nivalem.

2503 5332 2591 5385 50.
2628 5329 3001 5384 Florentinius
3041 5330 3096 5383 in
3130 5327 3282 5383 Notis
3317 5331 3381 5384 ad
3429 5330 3734 5387 lndiculum
3780 5344 3992 5402 aposto-

2430 5425 2608 5477 lorum
2666 5422 2719 5475 in
2773 5420 3027 5475 Matthan
3057 5437 3177 5492 pag.
3246 5423 3349 5477 158
3415 5425 3541 5477 ait:
3588 5443 3606 5475 ι
3645 5423 3993 5481 Communior

2432 5524 2615 5567 autem
2641 5514 2862 5566 videtur
2890 5515 3185 5577 sententia,
3224 5514 3538 5569 Mattlnuum
3590 5518 3915 5585 prandio-isse
3944 5524 3990 5574 iu

2432 5607 2671 5658 citcriori
2698 5603 2996 5675 :Ethiopia,
3028 5622 3147 5675 qua:
3174 5608 3405 5661 vicinior
3435 5619 3520 5663 est
3548 5608 3782 5679 (Egypto
3814 5624 3993 5679 etquae

2436 5694 2649 5747 Sonnar
2720 5695 2881 5749 hodie
2932 5697 3151 5758 dicitur,
3215 5713 3279 5751 ac
3349 5708 3627 5754 mortuum
3677 5702 3730 5753 in
3788 5704 3993 5756 civitate

2437 5787 2585 5840 Lueh
2625 5788 2785 5857 (apud
2816 5805 2844 5840 a
2888 5788 3084 5858 Lapide
3119 5789 3324 5861 Luach)
3359 5791 3445 5846 ubi
3479 5794 3779 5848 etiamnum
3811 5797 3992 5864 templa
