4188 6436
184 436 286 499 781

1443 427 1620 492 νιτΑ
1665 430 1724 491 S.
1768 431 2156 492 MATTIIJEI.

3318 441 3423 500 78‘!

189 558 245 609 in
276 557 537 609 honorem
566 553 741 608 sancti
770 550 1007 607 Matthaei
1039 562 1254 606 exstare
1287 548 1452 603 habet
1484 562 1548 603 ex
1581 548 1753 602 tradi—
1788 553 1835 609 Α
1862 547 2145 603 Candaccs
2175 551 2370 620 regina:
2403 550 2565 605 fuisse
2602 552 2835 623 Egypto
2868 555 3171 624 proximum
3211 566 3263 610 et
3298 572 3429 611 con-

192 646 441 701 tionibus
508 644 832 715 )Ethiopum
902 647 979 713 (et
1031 646 1227 697 litteris
1288 642 1757 697 missionariorum

188 738 443 808 quamvis
471 752 565 791 eas
588 752 697 789 non
733 737 935 790 laudeti
970 736 1258 789 Cornelius
1284 750 1313 787 a
1344 734 1551 802 Lapide
1578 748 1700 802 cap.
1725 734 1760 787 3

188 829 456 883 I‘rocmuii
495 829 546 881 in
585 829 920 883 Matthteum.
972 829 1217 898 Regnum
1255 829 1385 882 illud
1444 828 1758 897 AithiOpia,

187 921 336 987 quod
370 920 441 973 illi
480 918 714 982 Sonnar,
761 920 848 973 alii
890 920 1099 973 Sennar
1138 921 1444 982 nominant,
1475 923 1637 975 situm
1670 928 1756 974 est

188 1013 337 1066 inter
375 1010 664 1081 Egyptum
691 1022 745 1065 et
787 1027 1010 1080 regnum
1038 1012 1361 1066 hodiernum
1399 1013 1757 1067 Habessinizz.

184 1104 362 1159 Jobus
428 1103 709 1169 Ludoll‘us,
776 1105 827 1156 in
887 1103 1126 1158 Historia
1194 1105 1516 1172 Ait/iiopica,
1578 1106 1671 1160 lib.
1722 1123 1761 1168 ι,

188 1212 316 1267 cap.
349 1197 405 1260 2,
454 1198 529 1250 ait
581 1213 804 1267 regnum
857 1196 1069 1250 Sennar
1115 1213 1235 1251 esse
1285 1206 1492 1267 partem
1561 1199 1760 1252 veteris

189 1288 405 1342 Nubiae.
446 1288 755 1342 Martiniere
793 1288 846 1341 in
875 1288 1209 1343 Dictionario
1237 1288 1598 1359 geographieo
1626 1290 1762 1343 Sen-

190 1396 297 1434 nar
321 1395 544 1451 regnum
584 1395 706 1434 cum
750 1394 917 1450 regno
951 1379 1139 1435 Nabim
1185 1382 1324 1435 idem
1361 1381 1505 1434 facit.
1560 1380 1760 1434 Verum

192 1484 421 1523 necesse
455 1484 561 1521 non
612 1476 695 1521 est
728 1469 793 1521 ad
846 1470 1186 1538 propositum
1224 1480 1472 1522 nostrum
1523 1469 1683 1522 latius
1713 1469 1761 1521 id

193 1563 479 1627 indagare.
524 1557 668 1613 Satis
720 1569 807 1613 est
847 1560 1113 1613 indicasse
1142 1575 1365 1629 regnum
1400 1560 1609 1613 Sennar
1647 1573 1768 1613 esse

192 1652 248 1704 in
320 1660 471 1719 parte
547 1652 959 1719 septentrionali
1036 1650 1326 1719 EthiOpize
1393 1662 1447 1705 et
1526 1653 1766 1720 proxima

194 1739 453 1809 Egypto.
494 1740 550 1794 In
591 1741 779 1794 eadem
802 1756 1017 1809 quoque
1044 1740 1339 1810 Aithi0pia2
1372 1754 1523 1810 parte
1551 1752 1768 1811 aposto-

195 1832 374 1883 lorum
405 1832 742 1900 temporibus
771 1848 1029 1901 regnasse
1059 1831 1347 1886 Candacen
1376 1834 1637 1903 reginam,
1671 1847 1765 1884 cu-

192 1922 287 1990 jus
311 1923 597 1976 eunuchus
629 1938 657 1975 a
683 1934 873 1976 saneto
901 1922 1155 1991 Philippo
1191 1924 1423 1976 diacono
1460 1926 1765 1990 baptizatus
1805 1906 1841 1957 Η

194 2024 305 2075 est.
333 2015 547 2066 abunde
572 2014 840 2081 colligitur
878 2029 939 2065 ex
976 2012 1185 2083 dictis§
1216 2016 1264 2077 l;
1312 2025 1364 2066 at
1404 2030 1616 2067 rursum
1660 2031 1765 2067 non

198 2105 420 2173 inquiro
462 2119 528 2157 an
584 2105 671 2157 illa
721 2104 884 2158 latius
935 2115 1028 2158 aut
1097 2109 1277 2158 minus
1330 2108 1434 2159 late
1499 2117 1767 2175 regnaret.

197 2194 485 2249 Sententia
538 2208 720 2250 autem
772 2196 1008 2260 illorum,
1061 2198 1151 2267 qui
1202 2198 1519 2251 existimant
1568 2200 1618 2250 in
1687 2198 1770 2250 illa

200 2296 360 2356 parte
408 2286 703 2356 Atltbiopiae
754 2288 1079 2357 praedicasse
1139 2302 1385 2343 sanetum
1439 2289 1773 2354 Manlianum,

203 2378 339 2435 mihi
388 2380 680 2433 admodum
733 2380 1025 2447 probabilis
1058 2391 1281 2450 apparet
1326 2392 1381 2437 et
1415 2382 1772 2436 verisimilis:

200 2488 327 2527 cum
363 2472 488 2539 quia
520 2472 763 2540 proxima
813 2481 935 2523 erat
965 2472 1205 2526 ltomano
1242 2474 1469 2543 imperio
1498 2490 1561 2528 ex
1614 2485 1768 2545 parte

201 2560 447 2630 Aigypti,
482 2569 590 2613 tum
623 2562 750 2627 quia
784 2561 1075 2613 eunuchus
1130 2562 1327 2630 regina:
1358 2562 1637 2616 Candaces
1663 2573 1778 2616 erat

202 2669 532 2720 conversus,
564 2664 618 2709 et
651 2654 718 2708 de
746 2654 893 2708 illius
932 2654 1292 2708 conversione
1323 2663 1473 2707 certo
1496 2651 1777 2707 constabat

204 2746 491 2817 apostolis,
524 2754 634 2798 tum
670 2744 794 2813 quia
825 2744 1067 2799 ecclesiae
1101 2746 1269 2799 sancti
1301 2744 1556 2809 Matthxi,
1580 2744 1777 2798 ibidem

207 2839 465 2898 inventae,
500 2835 779 2888 insinuant
813 2834 998 2904 populi
1020 2835 1296 2903 antiquam
1328 2837 1696 2896 traditionem.
1722 2853 1781 2892 ac

204 2930 428 2983 demum
459 2929 583 2995 quia
612 2926 909 2996 scriptores
963 2937 1235 2981 testantur
1259 2928 1587 2998 {Ethiopiam
1619 2930 1784 2985 fuisse

212 3020 467 3074 blatthaao
498 3019 868 3088 assignatam;
907 3035 1007 3073 nec
1043 3020 1146 3073 ulla
1180 3022 1326 3089 regio
1371 3024 1541 3091 magis
1571 3024 1785 3092 proprie

211 3109 491 3179 Ethiopia
524 3109 625 3163 fuit
655 3122 866 3175 vocata,
898 3125 1058 3178 quam
1094 3111 1206 3169 illa.
1231 3113 1317 3165 cui
1350 3128 1547 3168 nomen
1574 3114 1789 3169 ,ιειιιίο-

215 3204 320 3275 pize
352 3202 620 3257 dederunt
651 3216 841 3257 omnes
872 3201 1163 3272 geographi
1200 3202 1431 3271 antiqui.

1864 640 2179 703 terminum,
2231 657 2354 695 eum
2403 643 2654 699 Candace
2700 645 2989 714 aliquando
3032 649 3149 702 sine
3199 649 3428 702 transitu

1863 732 2088 785 alterius
2125 732 2352 787 ditionis
2380 736 2431 785 in
2458 732 2756 806 (Egyptttm
2790 753 2853 791 ex
2892 754 3057 807 regno
3093 754 3190 792 suo
3218 741 3431 793 exerci-

1866 831 1976 875 tum
2005 822 2245 886 duxerit,
2280 833 2334 877 et
2364 840 2575 878 rursum
2625 827 2849 881 Romani
2888 830 3139 884 similiter
3169 832 3431 887 ditionem

1866 914 2036 973 ipsius
2089 914 2389 969 invaserint
2435 932 2502 970 ex
2552 918 2799 988 Egypto.
2839 920 2954 985 Qua
3003 922 3168 991 igitur
3217 937 3427 977 ratione

1866 1020 2061 1074 negare
2122 1008 2297 1074 potuit
2365 1008 2521 1061 ﬁdem
2575 1011 2627 1063 in
2679 1012 2951 1080 [Ethiopia
3006 1016 3431 1083 septemtrionali

1866 1092 2209 1160 praedicatam
2247 1094 2412 1149 fuisse
2443 1108 2568 1151 ante
2596 1101 2848 1153 sarculum
2878 1102 2967 1155 tv?

1939 1183 2027 1237 52.
2086 1186 2385 1241 Audiamus
2429 1190 2608 1252 modo,
2661 1206 2763 1259 qua
2814 1193 3021 1247 ratione
3062 1194 3433 1250 Tillemontius

1869 1276 2060 1344 probet.
2101 1276 2153 1329 in
2198 1278 2535 1343 Frumentio,
2588 1291 2720 1335 tom.
2757 1282 2863 1348 νιν,
2898 1297 3021 1338 nota
3052 1287 3287 1351 2,lidem
3322 1304 3430 1342 non

1867 1365 2037 1419 fuisse
2072 1368 2414 1433 praedicatam
2444 1373 2497 1424 in
2535 1370 2813 1441 Aithiopia
2853 1377 3281 1443 septemtrionali
3309 1388 3435 1432 ante

1868 1460 2125 1511 smculum
2152 1476 2224 1513 Iv.
2263 1458 2496 1516 Sanctus
2517 1464 2864 1520 Frumentius
2886 1469 3081 1521 swculo
3111 1485 3179 1530 Iv,
3208 1470 3437 1523 testibus

1872 1550 2068 1603 Ruﬁno
2092 1552 2183 1605 lib.
2208 1568 2261 1615 χ,
2286 1568 2402 1621 cap.
2426 1555 2479 1621 9,
2515 1556 2737 1611 Socrate
2762 1559 3008 1628 aliisque,
3044 1561 3202 1613 fidem
3226 1575 3438 1613 annun-

1873 1643 2023 1696 tiavit
2060 1644 2326 1718 gentibus,
2351 1660 2486 1714 quos
2527 1647 2598 1699 illi
2637 1660 2829 1702 vocant
2860 1650 3017 1703 Indos
3050 1652 3357 1716 ulteriores,
3384 1662 3439 1706 et

1873 1736 2072 1802 quibus
2139 1736 2293 1790 [idem
2361 1748 2485 1791 ante
2543 1756 2816 1809 nunquam
2872 1744 3214 1811 pra-dicatam
3269 1745 3438 1797 fuisse

1880 1836 2172 1881 testantur.
2221 1830 2292 1882 Ex
2350 1832 2542 1885 litteris
2580 1848 2706 1885 vero
2756 1833 3058 1888 Constantii
3097 1837 3440 1905 imperatoris

1873 1921 2012 1986 apud
2043 1931 2290 1974 sanetum
2323 1923 2679 1978 Athanasium
2712 1927 2764 1979 in
2800 1930 3055 1996 Apologia
3079 1930 3143 1981 ad
3172 1930 3435 1983 Constan-

1875 2014 2029 2076 tium,
2082 2025 2211 2065 tom.
2266 2014 2304 2076 Ι,
2358 2032 2475 2084 pag.
2535 2018 2660 2082 515,
2716 2019 3017 2073 ostenditur
3068 2020 3424 2075 Frumentiuu

1876 2102 2042 2155 fuisse
2071 2106 2381 2173 epiSeOpum
2426 2109 2850 2162 Auvumitanum
2902 2111 3014 2162 sive
3053 2112 3439 2166 Axumitanum

1877 2194 1929 2247 in
1986 2195 2282 2265 AithiOpia.
2335 2199 2438 2251 Per
2498 2201 2658 2254 indos
2712 2203 2874 2272 igitur
2925 2203 3252 2274 intelligendi
3318 2218 3445 2261 sunt

1877 2284 2184 2353 z’Ethiopcs,
2224 2297 2278 2341 et
2308 2294 2681 2359 consequitur,
2730 2304 2786 2346 ut
2818 2294 2904 2348 his
2960 2297 3117 2350 Iidem
3166 2314 3441 2365 nunquam

1879 2390 2005 2433 ante
2055 2382 2313 2434 saeculum
2344 2398 2392 2435 iv
2446 2384 2791 2450 prcedicatam
2839 2386 3007 2440 fuisse
3037 2387 3304 2441 dicamus.
3338 2388 3453 2443 Res

1881 2473 2128 2542 spondeo
2184 2482 2352 2526 totum
2379 2475 2478 2527 hoc
2504 2476 2848 2529 ratioeinium
2876 2477 3152 2531 tolerabili-
3180 2480 3445 2540 futurum,

1883 2566 1923 2617 si
1952 2567 2155 2618 Axuma
2207 2576 2349 2619 esset
2386 2568 2435 2618 in
2464 2566 2741 2637 [Ethiopia
2769 2574 3218 2638 septemtrionali.
3249 2573 3443 2625 Verum

1882 2661 2086 2711 Axuma
2146 2670 2227 2711 est
2284 2660 2333 2711 in
2373 2659 2717 2725 Habcssinia,
2755 2666 2911 2730 cujus
2954 2666 3080 2716 olim
3120 2666 3219 2720 fuit
3247 2675 3445 2717 metro-

1883 2749 2043 2817 polis,
2073 2764 2172 2803 nec
2202 2757 2287 2803 est
2317 2750 2367 2801 in
2404 2759 2555 2818 parte
2588 2755 3013 2818 septemtrionali
3047 2754 3359 2825 .-’F.thiopi:e,
3384 2757 3451 2812 do

1884 2856 1987 2910 qua
2017 2840 2376 2909 disputamus.
2430 2840 2624 2896 Totum
2664 2859 2883 2912 regnum
2922 2845 3150 2907 Sennar,
3194 2858 3251 2901 ut
3293 2849 3453 2903 hodie

1890 2941 2137 2994 vocatur,
2190 2933 2305 2990 sive
2354 2931 2629 2987 Nubiense
2664 2949 2910 3003 regnum,
2944 2947 3035 2992 aut
3086 2952 3307 3005 regnum
3340 2938 3452 2992 Me-

1889 3040 2032 3087 roes,
2066 3025 2155 3078 ubi
2191 3025 2319 3077 olim
2352 3026 2531 3094 regina
2554 3026 2803 3079 Candace
2830 3026 2933 3078 late
2963 3026 3278 3093 imperabat,
3316 3030 3457 3082 inter

1891 3116 2180 3186 Aigyptnm
2238 3123 2293 3169 et
2338 3118 2681 3169 Auxumense
2726 3116 2806 3168 vel
2864 3116 3172 3170 Axumrnse
3229 3132 3453 3187 regnum

1813 3242 1858 3299 Ο
1892 3215 1974 3259 est
2012 3206 2419 3271 intermedium,
2458 3208 2595 3259 sicut
2638 3206 2796 3263 modo
2846 3223 3066 3276 regnum
3100 3209 3307 3261 Sennar
3355 3210 3459 3263 lia-

290 3296 379 3350 51.
422 3294 807 3350 Verumtamen
852 3311 913 3349 ea
956 3296 1139 3364 opinio
1181 3295 1457 3364 displicuit
1488 3296 1783 3350 Tillemon-
1814 3281 1858 3301 υ
1894 3297 2187 3352 bessiniam
2222 3302 2366 3351 inter
2394 3311 2447 3351 et
2483 3298 2771 3366 Aigyptum
2797 3299 2960 3365 jacet.
2986 3298 3325 3369 Quapropter
3355 3304 3457 3353 tale

218 3389 295 3442 tio
321 3408 331 3440 :
361 3404 483 3442 nam
509 3388 617 3449 hic,
645 3398 771 3441 nota
798 3387 831 3441 2
857 3390 906 3441 in
931 3388 1261 3454 Mattheum,
1288 3388 1511 3459 allegata
1534 3389 1791 3458 Opinione

218 3481 457 3534 Cornelii
492 3496 520 3531 a
559 3480 776 3549 Lapide.
804 3497 966 3550 quam
997 3480 1361 3535 Florentinius
1383 3483 1567 3536 retulit
1590 3483 1789 3551 potius,

218 3588 384 3641 quam
420 3581 642 3625 secutus
670 3582 775 3629 est,
821 3573 1052 3626 rotunde
1096 3573 1261 3626 edicit
1314 3588 1417 3626 non
1474 3577 1794 3642 prmdieasse

222 3672 470 3715 sanctum
523 3661 827 3716 Matthazum
900 3664 951 3717 in
1008 3662 1285 3733 IEtliiopia
1339 3664 1792 3733 septemtrionali.

224 3755 483 3811 Bailletus
512 3756 742 3811 ﬁdeliter
777 3767 998 3813 secutus
1032 3768 1115 3813 est
1164 3757 1592 3813 Tillemontium.
1630 3758 1795 3813 Unica

227 3850 514 3919 utriusque
568 3851 727 3916 ratio,
785 3865 955 3918 caque
1004 3866 1068 3905 cx
1126 3866 1310 3906 errore
1353 3860 1501 3915 nata,
1552 3852 1663 3905 hac
1695 3862 1795 3912 est,

225 3944 371 4019 quod
396 3942 673 4010 ASthiOpia
699 3943 1175 4009 septemtrionalis,
1205 3951 1255 3996 et
1280 3942 1508 4011 Aigvpto
1536 3942 1796 4008 proxima,

227 4049 337 4089 non
372 4034 645 4102 exceperit
683 4032 839 4086 iidem
865 4034 1253 4095 Christianam,
1281 4034 1381 4086 nisi
1416 4033 1680 4087 saeculorv
1708 4050 1801 4103 per

231 4126 293 4180 5.
350 4124 745 4181 Frumentium.
798 4126 1070 4180 Promittit
1124 4136 1302 4179 autem
1362 4137 1585 4196 uterque
1637 4129 1689 4181 id
1745 4143 1801 4181 se

230 4229 579 4273 ostensurum
630 4220 683 4272 in
735 4219 856 4274 Vita
906 4218 1078 4274 sancti
1113 4217 1415 4273 Frumenti.
1464 4219 1659 4273 Verum
1694 4235 1799 4273 non

230 4311 423 4367 dubito
477 4312 663 4366 eadem
704 4311 965 4366 brevitate
1009 4315 1361 4379 respondere,
1401 4327 1467 4365 ex
1504 4315 1617 4366 sola
1652 4313 1802 4381 igno-

235 4410 410 4463 rantia
446 4418 499 4462 et
524 4420 709 4462 errore
741 4405 1039 4476 proiectam
1076 4419 1195 4459 esse
1230 4404 1513 4475 utriusque
1543 4403 1803 4471 objectio-

236 4517 386 4564 nem,
434 4501 578 4571 quod
635 4514 860 4571 regnum
918 4497 1251 4553 Habessiniae
1301 4496 1643 4552 confuderint
1681 4512 1803 4551 cum

1892 3397 1976 3442 est
2003 3389 2222 3440 omnino
2247 3399 2621 3456 argumentum
2648 3387 2999 3451 Tillemuntii,
3028 3408 3087 3443 ac
3122 3393 3162 3443 si
3190 3392 3307 3459 quis
3337 3409 3458 3459 pro-

1894 3481 2075 3535 basset
2115 3480 2271 3534 tidem
2310 3497 2415 3532 non
2451 3478 2616 3534 fuisse
2650 3481 2991 3548 praedic-alam
3048 3483 3097 3534 in
3132 3483 3299 3535 Frisia
3334 3489 3458 3537 ante

1898 3573 2151 3626 sreculum
2180 3590 2289 3634 vu,
2337 3573 2567 3641 indeque
2624 3572 2825 3628 inferre
2876 3574 3035 3630 vellet
3078 3575 3318 3628 eamdem
3352 3592 3457 3628 non

1900 3662 2067 3714 fuiSse
2103 3671 2228 3713 ante
2262 3662 2464 3714 dictum
2515 3663 2773 3716 saeculum
2803 3663 2853 3715 in
2893 3662 3057 3716 Gallia
3092 3665 3455 3733 prtedicatam.

1898 3752 2162 3822 Princeps
2192 3753 2474 3818 Auxuma,
2510 3750 2651 3822 apud
2698 3768 2858 3819 quem
2892 3763 3130 3821 tempore
3160 3757 3461 3812 Constantii

1902 3857 1955 3900 et
1995 3846 2276 3900 Athanasii
2312 3845 2468 3897 [idem
2503 3845 2815 3913 praedicavit
2841 3857 3059 3901 sanctus
3091 3847 3461 3917 Fruuieutius,

1902 3946 2114 4006 paterat
2139 3938 2356 4006 quidem
2386 3954 2569 4006 pacem
2593 3954 2715 3993 cum
2754 3940 3007 3994 Romanis
3035 3954 3126 3995 aut
3155 3943 3465 3998 inimicitias

1903 4044 2180 4092 exercere,
2229 4031 2351 4099 quia
2389 4031 2769 4085 dominabatur
2817 4033 2881 4085 ad
2922 4034 3099 4086 sinum
3137 4036 3464 4101 Arabicum;

1905 4124 1997 4177 sed
2050 4122 2181 4175 alias
2226 4123 2381 4193 longe
2413 4124 2600 4177 aberat
2630 4140 2657 4176 a
2705 4124 2899 4177 ﬁnibus
2946 4126 3157 4194 imperii
3205 4126 3463 4188 llotnani:

1906 4215 1998 4267 sed
2035 4214 2152 4268 hzec
2200 4214 2363 4268 latius
2393 4215 2753 4269 examinanda
2783 4218 3001 4270 venient
3028 4217 3080 4271 in
3120 4229 3307 4272 sancto
3336 4220 3469 4274 Fru-

1908 4305 2111 4359 mentio
2160 4306 2227 4360 ad
2273 4306 2340 4358 27
2373 4306 2639 4371 Octobris,
2690 4307 2780 4360 ubi
2821 4307 2983 4362 simul
3028 4310 3350 4379 inquiretur.
3398 4328 3467 4367 an

1910 4405 2056 4450 recte
2114 4395 2263 4452 India
2310 4407 2499 4453 vocata
2537 4397 2703 4453 fuerit
2738 4399 2884 4468 regio
2926 4414 3021 4470 per
3057 4412 3301 4456 sanctum
3332 4402 3469 4456 Fru—

1911 4492 2169 4543 mentium
2206 4507 2483 4546 conversa.

236 4593 509 4663 Ethiopia
585 4593 1050 4662 septemtrionali;
1120 4592 1401 4646 historiam
1460 4605 1587 4645 vero
1632 4591 1885 4650 sanctiD
1984 4582 2070 4635 53-
2114 4582 2268 4647 Ωυοά
2335 4593 2709 4651 δτευῐηεηιιηη
2776 4584 3101 4640 Τίηῡηῖοιιῑῖὶ
3183 4599 3474 4656 utcumque

240 4682 541 4737 Frumentii
570 4684 705 4737 adeo
737 4696 843 4735 non
876 4684 1093 4736 obstare
1124 4682 1297 4735 sancti
1334 4680 1564 4735 Matthzei
1610 4682 1805 4751 pradi-

240 4775 442 4831 cationi
475 4775 526 4829 in
561 4774 844 4844 Aithiopia
893 4773 1346 4844 septemtrionali.
1392 4783 1450 4828 ut
1483 4774 1661 4843 potius
1698 4774 1808 4827 haec

242 4867 557 4939 prmdicatio
606 4866 954 4922 verisimilior
987 4868 1080 4919 tiat
1110 4880 1173 4921 ex
1208 4865 1293 4920 il'la
1341 4864 1588 4920 historia.
1624 4865 1809 4918 Prius-

242 4976 405 5028 quam
446 4969 622 5015 tamen
673 4968 1053 5030 argumentum
1088 4959 1258 5028 ipsius
1297 4958 1610 5019 discutiam,
1660 4958 1813 5010 lubet

246 5050 433 5119 paucis
462 5051 749 5106 ostendere
797 5065 957 5121 quam
990 5050 1127 5105 belle
1154 5064 1336 5105 secum
1369 5051 1484 5121 ipse
1519 5049 1809 5103 cohaereat.

248 5140 645 5205 'l'illemontius,
679 5152 805 5198 tom.
835 5141 879 5196 ll
906 5142 961 5195 in
995 5141 1050 5197 S.
1088 5140 1337 5211 Philippo
1365 5142 1616 5203 diacono,
1647 5154 1814 5209 expo-

249 5232 329 5284 nit
358 5241 505 5301 gesta
529 5230 767 5285 eunuchi
805 5234 1004 5300 regina:
1024 5232 1319 5299 Candaces,
1350 5246 1511 5301 quem
1536 5231 1816 5299 Philippus

250 5323 513 5377 diaconus
548 5322 703 5376 ﬁdem
751 5319 1115 5377 Christianam
1163 5324 1346 5377 docuit
1402 5332 1455 5376 et
1503 5322 1815 5390 baptizavit.

251 5414 375 5467 Aet.
402 5414 453 5467 8.
478 5413 684 5467 Laudat
707 5414 778 5468 ibi
804 5424 1051 5469 sanctum
1087 5414 1468 5479 lrena'um,lib.
1502 5430 1707 5482 iit,cap.
1738 5412 1819 5475 1'2,

254 5512 505 5559 sanctum
540 5504 798 5575 Cyrillum
835 5507 1386 5575 ilierosolytnitanum
1423 5506 1541 5560 Cat.
1578 5507 1664 5569 Π,
1696 5505 1820 5558 Hie-

257 5609 566 5663 ronymum,
592 5597 883 5652 Eusebium
906 5599 1170 5667 aliosque,
1202 5599 1479 5661 docentes,
1510 5597 1824 5653 eunuchum

259 5686 410 5740 illum
452 5687 503 5739 in
527 5688 858 5759 Ethiopian:
885 5690 1054 5745 fuisse
1078 5693 1301 5747 missum
1326 5693 1391 5745 ad
1423 5690 1825 5760 praedicandum

261 5777 649 5850 Evangelium;
686 5784 860 5852 iisque
895 5784 1213 5847 asseutitur,
1255 5794 1349 5841 aut
1374 5793 1525 5839 certe
1553 5799 1661 5837 non
1695 5798 1831 5836 con-

265 5870 479 5925 tradicit
529 5868 928 5928 Tillemontius.
976 5875 1135 5945 Atqui
1194 5885 1400 5929 certum
1434 5884 1557 5941 cest,
1603 5888 1829 5942 regnum

1910 4672 2135 4735 evincit,
2168 4684 2221 4726 et
2252 4674 2409 4727 latius
2440 4674 2631 4741 probat
2656 4675 2823 4728 Jobus
2852 4674 3113 4730 Ludolfus
3146 4678 3195 4730 in
3238 4677 3471 4733 Historia

1911 4764 2218 4835 EthiOpiea
2244 4766 2355 4822 sive
2391 4767 2538 4839 regni
2565 4768 3002 4835 Habessinorum,
3034 4770 3127 4824 lib.
3157 4786 3236 4835 ιιι,
3268 4772 3472 4842 ςερμῖ,

1914 4855 2069 4910 ﬁdem
2104 4857 2485 4927 Apostolorum
2518 4867 2759 4926 tempore
2789 4860 3137 4928 prtediratam
3168 4876 3274 4914 non
3307 4862 3474 4917 fuisse

1916 4948 1967 5002 in
1999 4965 2163 5018 regno
2209 4950 2621 5005 Auxumitarum
2657 4952 2771 5007 sive
2812 4952 3258 5015 Hahessinorum,
3306 4955 3476 5023 magis

1917 5044 2261 5099 verisimilem
2279 5043 2411 5099 facit
2426 5046 2863 5115 predieationem
2882 5046 2938 5101 S.
2956 5046 3187 5103 Matthxi
3203 5050 3252 5101 in
3269 5047 3480 5103 Ethio-

1919 5138 2003 5204 pia
2030 5136 2261 5206 Egypto
2305 5139 2666 5193 contermina.
2698 5139 2835 5194 llinc
2865 5140 3113 5195 laudatus
3139 5137 3395 5193 Ludolfus
3425 5142 3478 5194 in

1920 5227 2206 5282 Annotatis
2238 5228 2302 5283 ad
2357 5230 2449 5283 lib.
2487 5245 2569 5292 In,
2602 5245 2723 5299 cap.
2754 5233 2806 5283 9..
2847 5246 2967 5299 pag.
3004 5231 3110 5285 280
3142 5245 3206 5285 ex
3249 5230 3477 5286 Historia

1922 5319 2228 5389 Ethiopiea
2279 5319 2609 5375 Balthasaris
2660 5319 2903 5386 Teilezii,
2953 5338 3110 5390 quam
3152 5322 3480 5389 frequentis-

1924 5414 2057 5468 sime
2092 5415 2296 5477 laudat,
2328 5414 2443 5469 haec
2467 5414 2681 5467 adducit
2713 5424 2766 5468 et
2796 5416 3038 5483 sequitur
3060 5413 3217 5468 verba
3250 5432 3261 5467 :
3304 5408 3484 5476 (Quod

1928 5507 2172 5561 nonnulli
2233 5507 2421 5561 dicunt
2470 5519 2712 5561 sanctum
2778 5506 3085 5560 Matthteum
3136 5505 3485 5575 Evangelium

1928 5598 2249 5666 prmdicasse
2276 5598 2326 5651 in
2356 5597 2654 5667 Ethiopia,
2690 5614 2777 5653 res
2806 5598 2945 5651 inter
2991 5597 3321 5651 Habessinos
3349 5609 3489 5648 nova

1929 5696 2032 5755 est,
2069 5700 2123 5744 et
2154 5688 2507 5745 fundamento
2534 5700 2701 5746 caret.
2734 5688 2868 5743 Cum
2904 5688 3134 5759 religiosi
3174 5686 3340 5740 nostri
3384 5685 3490 5740 illis

1931 5795 1997 5834 ex
2043 5781 2281 5837 historiis
2316 5784 2517 5837 nostris
2551 5784 2601 5837 id
2632 5790 2938 5844 narrarent,
2985 5777 3381 5849 responderunt
3415 5780 3493 5841 (et

1934 5876 2149 5945 quidem
2194 5885 2358 5942 recte,
2396 5876 2468 5932 ait
2497 5874 2774 5947 Ludolfus)
2807 5875 2909 5928 hoc
2940 5869 3347 5940 intelligendum
3372 5882 3492 5922 esse
