4188 6436
737 386 846 449 ’183

1983 386 2266 447 MENSIS
2304 388 2751 448 SEPTEMBER

3907 394 4023 455 781

745 497 813 549 de
858 493 1138 564 EthiOpia
1173 494 1417 550 infcriori
1456 494 1691 562 (scilicet
1720 497 1934 567 prOpric
1970 498 2136 560 dicta,
2174 499 2324 552 addit
2353 503 2399 561 Α
2432 497 2781 561 Fortunatus,
2812 498 3137 559 Eucherius,
3175 498 3310 558 Ado.
3345 498 3623 553 Usuardus
3647 486 4025 560 et’Rabanus.

747 584 1027 657 Ludolfus)
1079 601 1200 655 qua:
1243 586 1553 642 extenditur
1606 604 1636 640 a
1689 585 1976 657 Suaqueua
2036 604 2207 659 usque
2268 591 2325 642 in

742 681 1055 751 JEgyptum.
1082 678 1531 748 Quandoquidem
1557 679 1759 733 nullam
1788 695 2025 748 unquam
2070 680 2322 734 notitiam

744 774 971 837 habent,
998 773 1144 842 quod
1174 782 1396 827 sanctus
1427 772 1717 826 Mattltatus
1752 782 1847 827 aut
1878 773 2155 841 apostolus
2185 774 2324 829 alius

745 866 1117 921 Habessiniam
1145 866 1431 917 intraverit
1474 872 1619 931 (ante
1640 873 1890 918 sanctum
1923 862 2321 926 Frumentium,

743 972 802 1014 ut
835 975 1049 1013 rursum
1105 958 1259 1011 addit
1305 956 1590 1027 Ludoll‘us)
1627 957 1699 1009 uti
1754 965 1904 1010 certo
1949 956 2148 1011 docent
2197 956 2321 1011 libri

752 1051 967 1105 illorum
1003 1060 1165 1117 atque
1196 1048 1293 1101 viri
1337 1048 1550 1101 illorum
1581 1043 1748 1111 docti,
1781 1048 1873 1116 qui
1908 1048 2141 1101 maxime
2168 1048 2321 1117 gnari

741 1142 843 1196 sibi
881 1141 1135 1196 videntur
1166 1155 1289 1196 esse
1318 1139 1680 1208 antiquitatis.
1717 1158 1734 1190 ι
1784 1140 1979 1197 Sub-dit
2010 1139 2271 1193 Ludolfus
2306 1157 2319 1193 :

751 1236 773 1275 ⁸
804 1235 1059 1303 Proxime
1107 1232 1270 1303 igitur
1315 1232 1384 1285 ad
1423 1232 1712 1286 veritatem
1750 1233 2013 1287 accedere
2066 1232 2323 1287 videntur

738 1327 799 1390 ii,
839 1328 931 1396 qui
954 1325 1140 1380 Nubize
1163 1325 1579 1381 conversionem
1616 1326 1879 1379 Matthaeo
1910 1327 2157 1395 apostolo
2182 1328 2321 1381 assi-

739 1428 1064 1488 gnaverunt,
1093 1432 1213 1487 quae
1240 1416 1465 1471 indubie
1499 1417 1795 1487 IEthiOpiae
1822 1418 2059 1487 antiqua!
2093 1427 2151 1472 et
2186 1433 2315 1487 pro—

740 1510 856 1580 prie
880 1510 1039 1565 dicta:
1064 1526 1186 1579 pars
1208 1520 1311 1565 est.
1343 1529 1360 1561 ι
1399 1511 1477 1564 Ex
1506 1511 1655 1564 hisee
1692 1510 1853 1581 igitur
1882 1512 2070 1580 liquet,
2104 1510 2321 1566 Aithio-

740 1602 884 1672 piam
940 1600 1175 1671 Egypto
1237 1600 1563 1670 proximam,
1623 1616 1741 1671 quae
1802 1601 2026 1656 nomine
2084 1609 2319 1658 maxime

740 1692 965 1763 preprio
996 1691 1276 1762 AZthiopia
1325 1691 1431 1746 fuit
1466 1692 1608 1747 dicta
1665 1703 1910 1762 tempore
1963 1694 2139 1747 sancti
2183 1692 2318 1747 Mat-

743 1785 891 1846 threi,
917 1793 971 1838 et
1001 1784 1090 1837 ubi
1132 1784 1326 1837 incolae
1358 1784 1511 1853 nigro
1557 1794 1687 1837 sunt
1730 1786 1914 1838 colore
1950 1785 2121 1853 magis
2152 1801 2311 1853 quam

2433 588 2745 644 Matthmum
2791 592 2842 642 in
2879 587 3154 658 {Ethiopia
3197 590 3523 659 priedicasse
3568 591 3809 653 tradunt,
3855 592 4030 659 idque

2434 679 2932 747 probabilissimum
2972 691 3123 750 puto,
3156 681 3199 733 si
3244 695 3353 732 non
3389 679 3551 733 etiam
3594 681 3860 735 historice
3902 697 4028 738 cer-

2431 776 2546 822 tum
2579 770 2759 824 dicere
2791 780 3057 840 oporteat.

2503 863 2592 917 55.
2634 864 3025 920 Verumtamen
3063 868 3413 922 nominantur
3461 878 3515 923 et
3544 869 3660 925 alie
3696 870 4024 937 provincit,

2429 960 2483 1007 in
2511 955 2709 1023 quibus
2750 958 3145 1024 prredicaverit,
3171 973 3264 1015 aut
3298 959 3760 1016 mortcm‘obierit
3784 971 4025 1016 sanctus

2428 1045 2735 1101 llatthmus.
2770 1046 2827 1101 S.
2859 1048 3183 1105 Ambrosius
3214 1053 3268 1105 in
3294 1052 3567 1106 Psalmum
3595 1068 3719 1113 ην,
3744 1069 3907 1107 nttm.
3931 1053 4017 1113 20,

2424 1140 2520 1199 ait,
2565 1138 2819 1194 Marthaao
2850 1142 3089 1196 Persiam
3133 1145 3392 1212 patuisse,
3432 1154 3486 1199 et
3515 1145 3741 1198 Thema:
3776 1143 4018 1207 Indiam.

2423 1230 2709 1286 insinuans
2766 1232 2926 1287 fidem
2959 1250 2986 1287 a
3016 1246 3206 1291 sancto
3232 1235 3486 1293 Matthaeo
3517 1240 3569 1292 in
3605 1237 3839 1293 Perside
3878 1255 4017 1308 prae-

2424 1322 2676 1377 dicatam.
2710 1323 2945 1380 Sanctus
2978 1325 3235 1382 Paulinus
3275 1330 3514 1385 Nolanus
3563 1333 3617 1385 in
3651 1331 3919 1388 Poemate
3961 1334 4020 1388 I9

2422 1414 2532 1467 ait:
2585 1433 2602 1465 ι
2640 1416 2861 1470 Parthia
2898 1417 3212 1474 Matthaaum
3250 1424 3655 1491 complectitur.
3696 1442 3714 1475 ι
3756 1425 4021 1478 Consen-

2424 1506 2568 1560 tiunt
2596 1507 2971 1581 Martyrologia
3000 1511 3425 1582 Hieronymiana
3460 1515 3691 1570 inferius
3713 1516 4020 1579 laudanda,

2421 1596 2477 1650 in
2508 1596 2708 1665 quibus
2745 1615 2893 1654 mars
2924 1602 3097 1655 sancti
3134 1602 3186 1655 in
3214 1603 3435 1657 Perside
3471 1604 3666 1675 figitur.
3695 1605 3804 1659 Alii
3832 1605 4021 1659 viden-

2421 1698 2508 1742 tur
2546 1690 2729 1743 dicere
2770 1691 2821 1744 in
2864 1692 3085 1748 Parthia
3119 1704 3369 1749 sanetum
3416 1710 3538 1749 esse
3568 1706 3890 1759 mortuum;
3925 1698 4017 1750 sed

2419 1782 2679 1835 censendi
2712 1793 2839 1837 sunt
2870 1785 3146 1838 Parthiam
3180 1801 3288 1839 non
3317 1786 3630 1840 distinxisse
3656 1802 3685 1839 a
3716 1787 4016 1840 Persarum

740 1876 794 1928 in
834 1874 1181 1938 Ilabessinia,
1216 1874 1367 1927 nullo
1414 1884 1738 1945 argumento
1775 1874 2052 1930 exclusam
2086 1875 2251 1932 fuisse
2284 1894 2313 1931 a
2352 1857 2392 1910 Β
2428 1872 2681 1942 imperio,
2733 1876 2879 1942 quod
2933 1875 3121 1931 Parthi
3184 1885 3427 1946 tempore
3472 1876 3710 1930 Matthaei
3761 1877 4017 1931 domina-

742 1968 1129 2037 prmdicatione
1176 1968 1345 2021 sancti
1383 1967 1643 2021 Matthazi.

811 2061 899 2115 54.
943 2060 1112 2115 Porro
1149 2060 1486 2129 Ethiopian]
1519 2060 1688 2115 fuisse
1730 2078 2053 2119 eonvcrsam
2075 2064 2165 2118 diu
2192 2073 2318 2119 ante

738 2154 1033 2207 concilium
1068 2154 1375 2215 Nicmnnm,
1412 2153 1627 2208 videtur
1657 2155 1877 2227 probari
1919 2173 1981 2210 ex
2017 2158 2318 2212 canonibus

743 2246 990 2300 Arabicis
1025 2246 1245 2299 concilii
1272 2245 1503 2310 Nicaani,
1538 2261 1678 2316 quos
1714 2246 1983 2302 habemus
2014 2249 2158 2317 apud
2184 2248 2322 2304 Lab-

741 2338 903 2393 beum
962 2345 1095 2390 tom.
1136 2336 1175 2389 ll
1208 2335 1615 2403 Conciliorum;
1659 2352 1785 2390 nam
1843 2337 1897 2391 in
1945 2339 2028 2392 his
2065 2356 2185 2408 cap.
2230 2339 2317 2405 56,

741 2427 847 2481 col.
896 2426 1024 2489 502,
1062 2427 1135 2478 ita
1178 2425 1416 2496 legitur:
1460 2444 1479 2476 ι
1512 2425 1582 2479 Ut
1612 2441 1721 2478 non
1769 2428 1984 2494 possint
2031 2428 2321 2499 Aithiopes

737 2535 925 2574 creare
958 2533 1058 2572 nec
1092 2517 1294 2587 eligere
1320 2517 1686 2586 patriarcham
1711 2536 1723 2583 ;
1752 2519 1883 2588 quin
1917 2520 2097 2589 potius
2128 2535 2317 2574 eorum

738 2610 997 2680 praelatus
1049 2611 1152 2663 sub
1199 2615 1472 2678 potestate
1516 2610 1636 2678 ejus
1672 2608 1765 2673 sit,
1807 2610 1896 2679 qui
1936 2620 2083 2665 tenet
2131 2612 2317 2667 sedem

735 2703 1104 2759 Alexandria}.
1149 2702 1230 2755 Sit
1283 2711 1461 2755 tamen
1499 2703 1640 2770 apud
1678 2717 1773 2758 eos
1820 2704 1941 2759 loco
1969 2705 2316 2774 patriarcha),

737 2808 793 2852 et
836 2797 1142 2868 appelletur
1192 2794 1516 2848 catholicus.
1574 2795 1692 2848 Non
1755 2808 1935 2851 tamen
1979 2796 2069 2864 jus
2124 2796 2320 2853 habeat

737 2892 1116 2949 constituendi
1148 2888 1612 2959 archiepiscopus,
1654 2898 1709 2939 ut
1743 2886 1913 2940 habet
1951 2885 2265 2956 patriarcha
2302 2904 2314 2939 :

734 2986 1003 3056 siquidem
1040 2998 1149 3037 non
1188 2981 1353 3037 habet
1399 2979 1725 3052 patriarcha:
1768 2979 2032 3032 honorem
2083 2992 2186 3032 nec
2217 2993 2316 3048 po-

736 3089 1011 3136 tcstatem.
1054 3078 1207 3143 Quod
1240 3077 1285 3130 si
1346 3074 1608 3129 acciderit
1652 3081 1710 3123 ut
1750 3070 2041 3123 com-ilium
2079 3070 2133 3122 in
2163 3071 2317 3124 Grae-

736 3176 819 3231 cia
883 3174 1171 3234 habeatur,
1242 3171 1515 3235 fueritque
1582 3179 1823 3235 praisens
1896 3164 1986 3219 hic
2060 3165 2382 3253 praalatusc

736 3268 1080 3337 Ethiopum.
1107 3264 1305 3319 habeat
1339 3260 1630 3331 septimum
1664 3259 1843 3314 locum
1873 3266 1998 3329 post
2032 3258 2314 3327 praelatum

737 3362 1029 3417 Seleucia.
1066 3358 1130 3413 Et
1171 3355 1397 3428 quando
1430 3354 1567 3408 facta
1599 3351 1761 3407 fuerit
1800 3351 1850 3405 ei
1901 3358 2144 3420 potestas
2180 3366 2313 3405 con-

737 3455 1002 3513 stitucndi
1033 3451 1474 3523 archiepiscopos
1509 3449 1563 3503 in
1590 3447 1874 3518 provincia
1906 3461 2026 3508 sua,
2050 3461 2159 3498 non
2192 3446 2317 3499 lice-

736 3551 817 3606 bit
847 3548 922 3602 illi
965 3546 1306 3599 constituere
1338 3543 1575 3608 aliquem
1621 3554 1686 3592 ex
1715 3537 1821 3591 illis
1849 3554 1863 3591 :
1901 3546 1955 3592 et
1984 3537 2315 3609 quicumque

736 3657 849 3697 non
898 3637 1159 3706 paruerit,
1199 3633 1438 3705 synodus
1468 3646 1591 3685 eum
1642 3629 2099 3686 excommunicat.
2143 3650 2161 3682 ›
2204 3629 2314 3685 No-

734 3734 828 3788 lim
862 3742 1041 3787 tamen
1072 3727 1428 3790 contendere,
1456 3724 1603 3779 hunc
1622 3739 1889 3778 canonem
1916 3724 2086 3777 fuisse
2112 3724 2312 3777 factum

735 3842 766 3880 a
796 3824 1032 3880 concilio
1052 3820 1307 3886 Niceno;
1335 3833 1458 3871 cum
1487 3832 1598 3870 non
1628 3816 1893 3886 ignorem,
1918 3830 2158 3871 canones
2180 3815 2315 3871 Ara-

736 3920 890 3975 bicos
923 3917 990 3972 ab
1034 3913 1267 3970 eruditis
1296 3910 1498 3982 passim
1544 3908 1719 3979 rejici.
1758 3907 1812 3962 Id
1847 3924 2013 3962 unum
2056 3912 2310 3975 observo,

738 4023 1027 4073 canonem,
1066 4006 1108 4060 si
1161 4002 1291 4074 quid
1327 4002 1494 4065 valet,
1539 4000 1699 4055 unice
1747 4000 1929 4055 valere
1974 4014 2072 4070 pro
2117 3997 2312 4063 Nubia,

737 4105 853 4159 sive
887 4115 986 4172 pro
1021 4095 1299 4164 Ethiopia
1347 4094 1491 4146 inter
1523 4090 1901 4144 Ilabcssiniam
1935 4100 1989 4143 et
2018 4089 2310 4160 Arigyptum

735 4196 937 4252 media.
968 4189 1239 4245 Attulerat
1268 4184 1521 4240 eumdem
1552 4180 1820 4237 Ludolfus
1857 4182 1914 4235 in
1945 4180 2179 4235 Historia
2212 4199 2310 4239 sua

732 4290 802 4344 ad
838 4280 1253 4340 conversionem
1285 4275 1628 4331 Habessinia
1674 4274 2054 4344 probandam;
2088 4276 2183 4329 sed
2212 4292 2311 4346 po-

737 4352 945 4436 stearin
992 4372 1279 4430 Adnotatis
1322 4386 1444 4442 pag.
1475 4369 1583 4423 282
1615 4368 1751 4422 vidit
1783 4377 1842 4421 et
1882 4367 2141 4421 indicavit
2180 4383 2311 4420 ana-

736 4470 1139 4527 chronismum.
1166 4478 1288 4519 cum
1321 4460 1639 4515 Habessinia
1686 4457 1852 4513 fuerit
1895 4472 2161 4513 conversa
2191 4469 2311 4527 post

2424 1979 2630 2023 rentur.
2664 1969 2942 2024 lndiculus
2971 1970 3243 2041 Hippolyti
3281 1971 3421 2041 apud
3453 1971 3848 2026 Combelisium
3884 1982 4014 2024 tom.

2424 2062 2617 2119 lll.col.
2651 2062 2863 2125 83I,ita
2888 2062 3049 2117 habet
3078 2081 3090 2117 :
3126 2082 3143 2115 ι
3175 2063 3480 2127 Mattliteus,
3501 2080 3623 2117 cum
3653 2063 4016 2133 Evangelium

2424 2150 2687 2205 Hebraice
2722 2152 3051 2221 scripsisset,
3086 2153 3480 2225 Hierosolymis
3511 2156 3704 2218 edidit,
3739 2154 4019 2210 abdomi-

2422 2242 2607 2313 vitque
2638 2242 2842 2298 Hierea:
2882 2243 3204 2300 Parthorum
3236 2247 3478 2302 civitate.
3516 2266 3534 2299 ι
3572 2248 3778 2303 Verum
3816 2248 4011 2317 exigua

2423 2342 2601 2401 poterit
2631 2346 2751 2385 esse
2784 2334 3083 2387 auctoritas
3111 2334 3255 2387 illius
3286 2334 3537 2395 lndiculi,
3570 2337 3779 2403 apertis
3805 2338 4016 2406 aliquot

2422 2422 2708 2476 erroribus
2751 2423 2957 2490 fmdati,
3006 2425 3161 2494 cujus
3192 2435 3381 2479 auctor
3413 2436 3498 2481 est
3531 2427 3797 2482 incertus.
3846 2430 4014 2485 Addit

2421 2513 2779 2568 Combclisius
2811 2514 2865 2568 in
2892 2516 3185 2570 Annotatis
3221 2535 3232 2570 :
3274 2536 3293 2567 ι
3331 2518 3506 2572 Etiam
3538 2518 3855 2575 Dorotheus
3885 2519 4014 2575 Hie-

2421 2608 2594 2679 ropoli
2619 2608 2855 2663 Parthia:
2871 2609 3073 2664 obiisse
3107 2610 3289 2663 tradit.
3318 2629 3335 2660 ι
3372 2611 3435 2663 At
3465 2611 4011 2677 pseudo-Dorotheus

2419 2700 2595 2753 nihilo
2624 2700 2816 2752 melior
2847 2710 2931 2754 est
2980 2699 3292 2769 Hippolyto.
3343 2700 3702 2767 Freculphus,
3737 2701 3791 2753 in
3832 2700 4010 2755 Chro-

2421 2788 2568 2849 nico,
2598 2786 2692 2842 lib.
2727 2802 2790 2853 Il,
2812 2802 2932 2856 cap.
2958 2786 3010 2860 4,
3041 2793 3161 2855 post
3188 2785 3422 2856 elogium
3455 2787 3692 2843 Matthaei
3723 2806 3787 2844 cx
3817 2802 4009 2845 sancto

2421 2879 2753 2951 Hieronymo
2782 2879 2967 2934 datum
3006 2877 3125 2932 base
3159 2878 3311 2933 addit
3342 2896 3355 2932 :
3411 2898 3430 2931 ι
3465 2879 3514 2935 Is
3556 2881 3793 2951 primum
3832 2884 3885 2938 in
3914 2885 4007 2939 Ju-

2419 2973 2534 3028 drea
2566 2972 2982 3044 evangelizavit,
3027 2972 3373 3042 postmodum
3414 2974 3467 3028 in
3499 2975 3827 3031 Macedonia
3862 2994 4006 3049 pra:-

2420 3065 2655 3130 dicavit;
2695 3065 2987 3136 requiescit
3022 3066 3073 3120 ir.
3100 3067 3381 3122 monlibus
3416 3068 3765 3124 Parthorum.
3799 3090 3817 3123 ι
3851 3072 4005 3139 Quod

2420 3158 2486 3212 de
2510 3156 2826 3217 Macedonia
2856 3159 3078 3223 dicitur,
3108 3160 3245 3216 mihi
3279 3176 3389 3214 non
3422 3160 3556 3214 satis
3593 3160 3651 3214 tit
3685 3164 4005 3228 verisimile,

2417 3252 2548 3321 quia
2584 3253 2770 3307 notius
2798 3253 2852 3307 id
2886 3252 3078 3307 fuisset
3108 3251 3335 3317 Grzecis,
3377 3253 3419 3307 si
3454 3253 3656 3307 factum
3685 3267 3859 3311 esset.
3904 3259 4007 3311 Ea-

2417 3342 2541 3397 dem
2580 3343 2649 3398 de
2678 3358 2841 3398 causa
2882 3344 3091 3407 dubito,
3126 3358 3193 3395 an
3243 3345 3373 3396 satis
3421 3346 3720 3413 probabilis
3769 3349 3843 3402 sit
3871 3349 4009 3402 Mat-

2420 3434 2544 3487 thaei
2583 3434 2896 3502 przedieatio
2925 3433 3199 3507 Hierapoli
3236 3431 3288 3486 in
3339 3434 3515 3506 Syria,
3554 3454 3717 3507 quam
3768 3441 4007 3495 adstruit

2418 3498 2635 3578 Nicetes
2674 3523 2966 3597 Paphlago,
3005 3498 3065 3577 in
3093 3498 3288 3579 eadem
3322 3498 3483 3581 etiam
3520 3498 3652 3583 urbe
3681 3533 4004 3588 defunctum

2416 3618 2679 3672 scribens.

2492 3732 2576 3789 56.
2623 3733 3019 3805 Metaphrasles
3078 3736 3311 3793 Parthos
3379 3739 3753 3809 prmdicationi
3836 3742 4006 3813 ipsius

2415 3826 2689 3889 attribuit,
2743 3828 2838 3880 sed
2885 3827 3218 3897 [Ethiopian]
3272 3830 3513 3884 ultimam
3562 3832 3691 3888 facit
3738 3838 4007 3904 prcedica-

2418 3915 2586 3970 tionis
2617 3914 2853 3971 Matthtei
2892 3924 2949 3971 et
3001 3917 3244 3989 martyrii
3280 3919 3608 3987 palaestram.
3642 3923 3804 3992 Apud
3836 3928 4007 3981 Asse-

2419 4022 2639 4061 manum
2692 4008 2751 4062 in
2802 4008 3129 4063 Bibliotheca
3162 4007 3440 4074 Orientati,
3469 4018 3605 4085 tom.
3636 4012 3729 4078 III,
3761 4027 3901 4081 part.
3946 4038 4004 4082 ιι,

2420 4113 2538 4168 pag.
2565 4099 2617 4161 5,
2643 4098 2862 4161 Amrus,
2884 4103 3118 4168 scriptor
3142 4102 3321 4156 saeculi
3346 4119 3457 4168 XIV,
3480 4104 3545 4159 de
3569 4104 3826 4163 Mattiaco
3844 4112 3954 4164 ait:
3983 4131 4000 4162 ι

2426 4211 2442 4243 ε
2476 4190 2683 4246 Ferunt
2715 4190 3025 4245 Matthaeum
3060 4194 3449 4262 evangelistam
3498 4194 3705 4250 Indiam
3749 4204 4001 4267 petiisse,

2417 4287 2602 4356 ibique
2638 4284 2983 4356 pratdicasse.
3028 4304 3045 4337 ι
3084 4284 3286 4340 Verum
3319 4302 3421 4342 nec
3448 4287 3597 4342 Amri
3628 4289 3777 4347 illius
3801 4307 3998 4348 aucto-

2420 4383 2552 4432 ritas
2584 4388 2729 4433 tanta
2762 4388 2866 4441 est,
2898 4388 2955 4433 ut
2985 4381 3313 4449 persuadere
3343 4381 3502 4438 nobis
3535 4384 3711 4453 possit
3743 4402 3921 4456 usque
3949 4390 4001 4442 in

2420 4469 2623 4524 Indiam
2643 4471 2857 4525 venisse
2876 4480 3123 4523 sanctum
3150 4471 3482 4527 Matthzeum.
3502 4476 3835 4531 Asscmanus
3861 4482 4002 4548 ipse,

735 4562 1031 4622 concilium
1074 4558 1375 4621 Nicmnum,
1413 4563 1472 4609 ut
1514 4553 1629 4623 ipse
1673 4552 1940 4622 agnoscit.
1975 4551 2307 4619 Lequienus,
2348 4536 2387 4590 (³
2421 4579 2541 4634 pag,
2580 4564 2634 4628 3,
2667 4562 2922 4617 observat
2956 4578 2985 4616 ει
3018 4560 3167 4633 Syris
3201 4573 3255 4617 et
3296 4564 3562 4619 Chaldgis
3594 4567 3757 4621 etiam
3802 4585 3998 4626 nume-

737 4671 870 4714 tom.
900 4657 942 4712 ll
974 4652 1214 4710 Orientis
1249 4648 1568 4712 Christiani,
1604 4661 1731 4716 pag.
1766 4644 1863 4699 6M
1898 4644 2150 4697 eumdem
2185 4660 2309 4713 pro-

735 4754 887 4810 ducit
934 4762 1200 4805 canonem
1247 4760 1344 4815 pro
1380 4742 1743 4797 conversione
1779 4737 2225 4799 Habessinorum.
2259 4749 2314 4794 et

735 4845 820 4897 vel
872 4841 952 4895 sic
987 4851 1180 4895 eorum
1218 4833 1634 4889 conversionem
1691 4830 1943 4883 attribuit
1992 4830 2313 4883 Frumentio

735 4942 859 5006 post
888 4928 1178 4986 concilium
1230 4926 1509 4981 Nicxnum
1544 4922 1814 4979 ordinato.
1873 4920 2071 4975 Verum
2123 4923 2313 4990 nequit

736 5044 833 5098 pro
865 5026 1095 5079 aliorum
1145 5018 1464 5087 .‘Ethiopum
1510 5014 1614 5069 fide
1647 5028 1824 5067 canon
1878 5012 1968 5066 ille
2011 5011 2228 5075 adduci,
2264 5014 2309 5067 si

732 5120 989 5174 Niccenus
1039 5112 1315 5174 credatur,
1347 5123 1509 5179 quam
1540 5120 1635 5178 pro
1679 5104 2031 5173 Ethiopibus
2077 5103 2311 5175 A-Igypto

738 5211 1019 5283 proximis,
1054 5216 1108 5261 et
1137 5219 1204 5260 eo
1233 5202 1457 5257 nomine
1502 5198 1737 5285 maxime
1785 5200 1926 5251 notis
1979 5198 2119 5266 apud
2170 5185 2310 5250 anti-

733 5321 895 5376 quos.
925 5302 1033 5355 llos
1065 5307 1249 5353 autem
1298 5296 1428 5349 olim
1478 5294 1643 5347 fuisse
1686 5290 2029 5347 Cbrist'anos
2070 5301 2303 5358 constat,

732 5413 837 5451 nec
866 5394 996 5449 satis
1028 5390 1289 5453 innotuit,
1328 5402 1357 5441 a
1404 5401 1513 5456 quo
1560 5386 1763 5438 fuerint
1810 5383 2080 5437 conversi.
2116 5384 2307 5438 Eunu-

732 5491 900 5544 chum
941 5487 1142 5555 reginm
1179 5482 1481 5539 Candaces,
1536 5494 1658 5547 qtae
1713 5486 1863 5531 certo
1922 5478 1976 5529 in
2032 5477 2117 5529 illa
2157 5487 2307 5545 parte

734 5579 1025 5648 lEthiopia:
1064 5575 1333 5647 regnavit,
1395 5573 1584 5627 Patres
1632 5570 1785 5623 multi
1843 5566 2041 5624 ibidem
2099 5569 2307 5627 faciunt

730 5671 1037 5744 apostolum
1071 5688 1085 5721 :
1122 5676 1179 5721 at
1228 5674 1380 5721 certo
1406 5662 1693 5718 eunuchus
1730 5660 1817 5716 ille
1849 5662 2019 5727 solus,
2054 5677 2176 5716 cum
2210 5663 2307 5716 lai-

730 5779 829 5819 cus
858 5769 1023 5824 esset,
1051 5757 1313 5813 ecclesias
1342 5754 1415 5809 ibi
1444 5754 1735 5807 instituere
1776 5768 1883 5806 non
1916 5753 2111 5820 potuit.
2152 5751 2306 5805 Ruti-

736 5866 843 5917 nas
877 5863 932 5909 et
984 5852 1259 5914 Socrates,
1285 5848 1481 5918 quibus
1527 5844 1875 5901 consentiunt
1917 5844 1971 5899 S.
2004 5844 2295 5914 Gregorius

2420 4656 2524 4709 rari
2554 4655 2864 4709 Matthceum
2908 4656 3053 4709 inter
3106 4657 3385 4726 apostolos
3432 4658 3520 4727 qui
3551 4660 3919 4727 pra'dicarunt
3948 4664 3999 4716 in

2419 4745 2567 4816 Syria
2593 4756 2644 4800 et
2673 4747 2957 4814 Chaldzea;
2988 4763 3096 4801 non
3122 4755 3300 4803 tamen
3330 4753 3680 4805 annumerari
3708 4758 4002 4825 praecipuis

2416 4839 2630 4894 illarum
2689 4840 3094 4908 provinciarum
3128 4841 3408 4910 apostolis.
3456 4841 3612 4909 Quod
3648 4845 4000 4916 Nicephorus

2416 4944 2541 4984 cum
2573 4928 2793 4982 Menazis
2836 4928 3148 4983 Matthreum
3180 4928 3453 4984 Mirmena:
3486 4934 3629 5000 apud
3676 4936 3999 5007 Anthropo-

2418 5024 2621 5094 phagos
2642 5022 2717 5077 ait
2745 5021 3067 5091 pra-dicasse
3090 5029 3145 5076 et
3172 5023 3519 5089 occubuisse,
3548 5026 3635 5079 vix
3659 5027 3852 5081 referri
3884 5049 3999 5084 mc-

2416 5124 2587 5177 retur,
2630 5128 2754 5167 cum
2786 5113 2994 5166 oriatur
3014 5128 3081 5167 ex
3110 5114 3336 5167 historia
3373 5114 3616 5169 fabulosa
3650 5126 3707 5171 et
3734 5119 3899 5187 plane
3930 5124 3973 5175 ri

2412 5205 2611 5259 dicula.
2656 5205 2814 5258 Videt
2856 5205 3136 5259 studiosus
3185 5207 3378 5270 lector,
3411 5216 3676 5277 quantum
3714 5213 3991 5275 existimo.

2413 5298 2595 5352 omnia
2626 5298 2715 5352 illa
2748 5297 2815 5351 de
2851 5297 3086 5352 Matthei
3134 5300 3520 5366 prmilicatione
3555 5302 3723 5372 magis
3784 5305 3996 5362 incerta

2412 5405 2552 5453 esse,
2593 5404 2755 5457 quam
2791 5398 2848 5442 ut
2879 5390 3083 5459 aliquid
3117 5400 3233 5445 tuto
3270 5391 3523 5447 atiirmari
3562 5397 3774 5463 possit;
3814 5398 3998 5465 plures

2412 5494 2593 5537 tamen
2640 5485 2952 5537 consentire
2993 5484 3047 5538 in
3097 5482 3379 5539 Persidem
3416 5494 3512 5539 aut
3541 5486 3842 5555 Parthiam,
3873 5507 3998 5560 qu;e

2411 5573 2724 5641 provincize,
2768 5567 2894 5628 licet
2925 5575 3196 5628 distincta
3241 5576 3372 5637 sint,
3406 5574 3560 5631 facile
3586 5578 3854 5632 confundi
3897 5598 3997 5650 po.

2411 5676 2653 5728 luerunt,
2687 5666 2980 5735 cumquod
3032 5666 3261 5719 invicem
3299 5667 3488 5720 vicina:
3532 5668 3664 5729 sint,
3700 5677 3815 5723 tum
3846 5676 3995 5741 quod

2415 5767 2659 5826 tempore
2692 5757 2867 5812 sancti
2914 5756 3150 5810 Matthxi
3186 5757 3475 5825 imperium
3511 5766 3655 5813 esset
3687 5766 3829 5831 apud
3865 5762 3995 5818 Par-

2410 5853 2550 5913 thos,
2584 5849 2725 5916 quod
2762 5858 2943 5918 postea
2976 5848 3150 5903 Persa:
3175 5858 3521 5916 receperunt.
