4188 6436
192 405 298 468 785

1463 405 1640 469 VlTA
1681 409 1741 468 S.
1787 407 2176 466 MATTHJEL

3333 395 3437 458 786

265 522 351 574 57.
397 521 469 574 De
501 521 620 575 loco
649 524 839 577 mortis
869 531 960 576 aut
988 522 1228 592 martyrii
1263 539 1370 576 non
1407 524 1586 577 minus
1617 523 1764 576 varia
1794 522 1844 580 Α
1871 516 2098 588 Rt‘gum.
2133 519 2225 571 lib.
2250 535 2320 577 ιν»
2351 531 2468 584 cati-
2497 504 2716 576 4ιηἰιηιι
2741 513 2825 576 ίδν
2855 518 3097 565 sam-"um
3126 507 3435 562 “auhmum

201 620 252 662 ct
289 609 521 663 invicem
558 610 831 663 contraria
863 611 1232 677 reperiuntur.
1278 610 1336 663 In
1373 609 1765 680 Martyrologiis

198 698 624 769 Hieronymianis
653 711 882 769 quatuor
910 702 1113 756 diebus
1147 703 1409 755 memoria
1441 700 1499 756 S.
1526 701 1764 756 Matth-ei

196 792 582 857 annun'tiatur;
613 792 706 846 sed
739 793 953 847 duobus
980 794 1132 848 locus
1162 790 1454 857 omittitur,
1489 795 1607 847 aliis
1637 808 1766 848 vero

193 883 409 940 duobus
429 886 762 954 adjungitur.
790 885 870 940 Ad
898 891 1041 942 hunc
1065 889 1206 942 diem
1242 897 1420 944 textus
1447 888 1765 943 Florentinii

193 979 274 1032 sic
323 979 530 1035 habet:
577 1000 594 1030 ι
637 981 696 1034 lu
742 979 965 1036 Persida
1005 983 1229 1038 civitate
1260 984 1518 1038 Tarseum
1571 984 1765 1037 natalis

195 1068 370 1122 sancti
416 1069 653 1124 Matthaai
707 1071 935 1139 apostoli
989 1082 1042 1128 et
1073 1074 1432 1143 evangelista.
1473 1093 1490 1125 ι
1542 1075 1600 1128 lu
1635 1074 1768 1128 Cor-

197 1159 440 1213 heieusi:
480 1179 498 1210 c
535 1161 589 1214 In
627 1159 845 1215 Persida
874 1163 1092 1218 civitate
1123 1164 1394 1218 Tarrium.
1428 1183 1446 1216 ι
1484 1167 1541 1217 in
1579 1165 1768 1232 Epte-r-

197 1250 422 1304 nat-ensi
478 1250 597 1305 aliis
652 1250 959 1320 antiquiore
1007 1253 1178 1306 solum
1218 1254 1435 1323 legitur,
1490 1274 1506 1304 ι
1548 1253 1603 1307 ιιι
1640 1254 1766 1308 Per-

197 1339 337 1407 sida,
379 1361 396 1393 ι
435 1342 632 1395 omissa
663 1343 918 1409 civitate;
953 1344 1027 1398 uti
1049 1346 1210 1399 etiam
1243 1345 1298 1399 tit
1327 1346 1378 1399 in
1412 1346 1768 1401 Rhinovieusi

199 1433 341 1502 apud
371 1447 490 1487 nos.
516 1431 945 1490 Richenovieuse
974 1451 1102 1490 vero
1128 1447 1395 1492 consonat
1423 1436 1764 1503 Corbeiensi,

202 1523 477 1592 habetque
507 1525 727 1580 civitate
765 1525 1033 1590 Tarrium,
1068 1529 1522 1597 quemadmodum
1556 1541 1609 1584 et
1634 1529 1770 1584 Cor-

198 1608 425 1665 heiense
465 1610 729 1668 brevius.-
758 1615 980 1685 Reliqua
1013 1616 1431 1690 Hieronymiana
1481 1630 1573 1674 aut
1601 1621 1768 1674 solam

199 1695 476 1753 Persidem
509 1700 768 1768 indicant,
801 1714 894 1758 aut
932 1706 1109 1761 locum
1136 1723 1358 1775 prorsus
1381 1711 1656 1764 omittunt.
1685 1710 1772 1765 Sic

199 1791 271 1848 ad
308 1808 353 1845 vr
387 1792 533 1858 Maii,
585 1793 654 1847 In
695 1795 912 1851 Persida
964 1801 1322 1854 annuntiatur
1364 1812 1589 1858 sanctus
1639 1806 1772 1859 Mat-

201 1883 403 1945 tbaaus,
440 1898 546 1937 non
588 1883 870 1955 designato
925 1888 1145 1956 propius
1197 1892 1440 1962 martyrii
1472 1893 1610 1947 loco.
1648 1895 1770 1949 Flo-

201 1973 474 2030 rentinius
502 1976 557 2030 in
591 1977 878 2034 Annotatis
907 1979 973 2033 ad
1012 1980 1157 2036 hunc
1193 1983 1335 2035 diem
1373 1984 1465 2037 dat
1487 1986 1771 2054 conjectu-

204 2083 321 2120 ram
375 2077 741 2135 sequentem:
785 2089 801 2122 ι
835 2070 1091 2128 Tarsiana
1151 2074 1290 2129 urbs
1328 2074 1630 2131 Carmania:
1678 2093 1770 2133 seu

203 2157 405 2214 Persia:
453 2159 744 2216 Ptolemaeo
795 2172 895 2228 est,
953 2172 1018 2218 et.
1052 2163 1300 2221 Tarsium
1345 2168 1646 2223 Carmaniae
1680 2186 1773 2225 seu

207 2252 406 2306 Persize
426 2256 877 2322 promontorium,
899 2257 965 2314 de
987 2273 1094 2326 quo
1126 2259 1389 2314 Arrianus
1421 2262 1476 2315 in
1503 2261 1720 2317 Indicis.
1752 2282 1768 2313 ι

206 2343 302 2395 Est
329 2340 611 2396 Carmania
645 2342 850 2398 Persidi
899 2347 1117 2414 proprie
1153 2349 1312 2404 dicta:
1347 2354 1682 2406 contermina
1711 2355 1775 2410 ad

203 2432 380 2483 sinum
417 2429 692 2487 Persicum
729 2451 918 2491 versus
962 2438 1191 2516 lndiam,
1239 2431 1462 2512 eratque
1500 2446 1777 2514 provincia

205 2521 418 2590 imperii
454 2521 682 2593 Persici,
709 2526 914 2583 habens
938 2531 1003 2584 ad
1028 2531 1167 2586 latus
1188 2535 1626 2602 seplemtrionale
1654 2536 1781 2592 Par—

206 2613 403 2679 thiam,
439 2614 509 2668 ita
563 2625 622 2669 ut
653 2617 810 2672 facile
859 2619 938 2674 sic
977 2621 1232 2690 explicari
1269 2636 1487 2692 pos$ent
1518 2626 1779 2700 Martyro-

203 2705 370 2776 logia,
403 2722 524 2775 qua:
559 2719 784 2765 mortem
816 2710 996 2766 Sancti
1030 2725 1238 2782 ponunt
1266 2715 1575 2772 in'Persidc
1603 2732 1696 2777 aut
1729 2722 1780 2775 in

204 2799 488 2854 montibus
516 2800 865 2866 Parthorum,
917 2820 1147 2872 quorum
1197 2816 1324 2863 tunc
1354 2822 1470 2866 erat
1499 2810 1779 2868 Persicum

206 2887 518 2953 imperium.
552 2891 742 2946 Posset
765 2894 959 2949 similis
987 2896 1100 2949 fieri
1124 2899 1437 2967 conjectura
1459 2903 1526 2956 dc
1553 2902 1779 2956 Tariana

207 2987 304 3031 aut
333 2975 590 3033 Tarsiana
621 2981 865 3047 civitate,
898 3000 1057 3053 quam
1089 2990 1141 3040 in
1175 2987 1426 3056 Susiana,
1457 2994 1623 3048 altera
1657 2997 1780 3050 Per-

206 3067 303 3122 sici
331 3068 541 3140 imperii
569 3073 864 3142 provincia,
899 3089 1140 3134 recenset
1162 3077 1425 3138 Cellarius
1457 3084 1510 3137 in
1543 3083 1780 3155 Geogra-

1872 621 2027 666 vocat
2055 609 2344 677 [Ethiopian
2380 605 2815 677 praedicatorem.
2879 602 2934 656 S.
2981 598 3275 654 Venantius
3304 598 3436 652 For-

1872 712 2092 756 tnnatus
2113 702 2372 773 Gregorio
2405 707 2916 767 contemporaueus,
2941 695 3034 748 lib.
3063 711 3116 755 v,
3138 690 3329 760 cap.9.,
3367 690 3438 746 ita

1872 797 2019 850 canit
2058 813 2070 848 :

1872 887 2158 940 Mattiariis
2197 886 2462 952 {Ethiopes
2496 893 2812 951 attempcrat
2851 894 2938 934 ore
2969 894 3202 944 vapores,

1953 957 2179 1022 Vivaque
2207 959 2258 1010 in
2286 966 2463 1008 exusto
2484 957 2707 1023 ﬂumina
2742 952 2873 1018 fudit
2906 968 3053 1018 agro.

1943 1073 2088 1128 Idem
2131 1087 2370 1136 rursum,
2398 1069 2492 1124 lib.
2530 1071 2562 1122 8
2604 1068 2828 1122 carm.‘
2863 1085 2875 1120 :

1874 1162 2008 1216 lude
2043 1162 2448 1228 triumphantem
2483 1158 2762 1227 fert-India
2800 1157 3266 1216 Burtholomwum,

1944 1233 2251 1286 Matthwum
2282 1231 2530 1284 eximium
2559 1228 2844 1282 NudJaver
2874 1228 2985 1280 ulla
3018 1229 3204 1280 cirum.

1874 1345 1932 1396 ln
1970 1341 2220 1412 sequenti
2253 1340 2497 1395 carmine
2533 1337 2600 1392 de
2634 1336 2915 1392 Naddaver
2945 1352 3162 1389 rursum
3197 1334 3444 1388 meminit

1874 1434 2231 1494 Fortunatus,
2269 1431 2556 1486 insinuans
2602 1429 2913 1482 Matthaeum
2958 1427 3028 1481 ibi
3067 1437 3341 1480 mortuum
3391 1435 3445 1479 et

1875 1525 2176 1594 sepultum,
2205 1522 2667 1593 quemadmodum
2697 1521 2944 1573 Andreas
2972 1519 3164 1580 Patris,
3205 1520 3445 1572 Joannes

1873 1617 2074 1685 Ephesi
2147 1615 2364 1670 fuerunt
2421 1613 2661 1669 defuncti
2723 1621 2775 1666 et
2834 1612 3049 1681 sepulti.
3117 1609 3429 1664 Versiculos

1878 1707 1965 1762 hic
2000 1718 2080 1761 est
2115 1725 2128 1760 :

1949 1799 2089 1863 Quos
2124 1798 2312 1860 Petra,
2347 1815 2473 1868 quas
2517 1798 2769 1868 Ephesiis,
2807 1797 3230 1851 Noddauerarcc
3284 1803 3446 1847 tenet.

1877 1890 2001 1946 Haec
2028 1890 2376 1948 Fortunatus.
2410 1891 2503 1959 qui
2541 1890 2726 1957 procul
2759 1890 2922 1942 dubio
2955 1887 3186 1941 credidit
3230 1885 3448 1939 Nadda-

1877 1999 1972 2037 ver
1998 1983 2345 2037 esseurbem
2399 1972 2710 2048 Ethiopian,
2754 1995 2872 2033 cum
2907 1979 3022 2031 ineo
3055 1978 3285 2046 primum
3319 1976 3448 2028 alle-

1876 2085 2001 2144 gato
2039 2090 2144 2128 non
2174 2076 2332 2139 alios,
2368 2072 2832 2144 quam/Ethiopcs
2885 2070 3170 2125 docentem
3229 2067 3455 2121 inducat

1883 2167 2222 2221 Matthaeum.

1951 2253 2036 2312 59.
2070 2258 2322 2312 Attamen
2351 2257 2634 2312 contrariae
2684 2253 2957 2324 opinionis
2985 2261 3066 2306 est
3117 2251 3446 2307 Muratorius

1881 2355 1930 2407 in
1960 2354 2251 2405 Annotatis
2281 2353 2345 2405 ad
2377 2351 2433 2405 S.
2469 2350 2750 2405 Paulinum
2785 2347 2892 2403 col.
2958 2346 3084 2408 451,
3126 2346 3212 2399 ubi
3262 2345 3444 2399 dicit.:

1886 2462 1903 2493 ι
1945 2443 2140 2498 lirbcm
2174 2441 2548 2496 Naddaverem
2596 2443 2649 2494 in
2685 2439 2899 2494 Parthia
2942 2438 3172 2507 positam
3219 2435 3442 2492 arbitra:

1884 2552 1992 2598 rer,
2025 2550 2130 2603 quo
2179 2535 2354 2588 sancti
2392 2528 2627 2587 Matthaei
2657 2545 2778 2586 ossa
2836 2539 2957 2599 post.
2984 2536 3211 2583 mortem
3247 2527 3448 2581 fuerint

1885 2627 2164 2680 translata.
2207 2643 2224 2676 ι
2273 2623 2383 2679 Hoc
2419 2625 2531 2690 ille,
2563 2633 2620 2677 ut
2656 2632 2905 2677 sanctum
2940 2621 3225 2674 Paulinum
3269 2617 3452 2672 conci-

1884 2718 1980 2772 liet
2018 2733 2140 2772 cum
2197 2726 2386 2774 sancto
2421 2716 2688 2772 Venantio
2743 2714 3060 2778 Fortunato,
3117 2710 3346 2766 credens
3400 2708 3451 2761 in

1887 2821 2119 2879 utroque
2152 2825 2316 2880 regno
2351 2807 2670 2878 praedicasse
2690 2806 3021 2868 Matthmum,
3051 2802 3144 2857 sed
3168 2804 3220 2855 in
3246 2799 3455 2854 Aithio-

1885 2901 1969 2971 pia
2007 2900 2344 2964 defunctum,
2377 2913 2684 2967 corpusque
2711 2911 2775 2950 ex
2797 2894 3076 2963 Ethiopia
3101 2894 3153 2946 in
3176 2891 3452 2946 Parthiam

1886 3001 1980 3046 aut
2013 2992 2290 3047 Persidem
2328 3007 2355 3045 a
2393 2991 2679 3060 discipulis
2713 2989 3054 3043 translatum.
3094 2986 3290 3040 Verum
3331 2998 3454 3036 cum

1885 3083 2045 3138 venia
2077 3085 2173 3137 viri
2208 3083 2592 3145 eruditissimi,
2650 3097 2679 3136 a
2718 3081 2908 3152 paucis
2965 3077 3123 3134 annis
3188 3076 3454 3137 defuncti,

209 3161 338 3229 phia
362 3162 583 3232 antiqua
615 3179 716 3236 pag
762 3165 884 3220 488.
914 3167 1100 3223 Neutri
1127 3173 1460 3240 conjectura:
1488 3178 1782 3233 obstabunt
1814 3188 1852 3250 ς
1887 3179 2210 3247 conjectura
2245 3179 2336 3230 ilia
2380 3176 2512 3230 mihi
2545 3176 2692 3229 omni
2733 3171 3226 3229 verisimilitudinis
3276 3170 3456 3240 specie

212 3253 310 3317 illi,
343 3253 437 3323 qui
473 3255 730 3312 dixerunt
772 3257 1082 3314 Matthaeum
1128 3263 1454 3319 occubuisse
1487 3267 1539 3318 in
1577 3269 1776 3321 monti-

212 3349 315 3400 bus
346 3346 688 3405 Parthorum.
726 3359 784 3403 ut
815 3351 1156 3425 Freculphus
1187 3356 1462 3425 superius,
1501 3369 1555 3414 et
1587 3358 1780 3416 Petrus

139 3490 143 3494 Α
212 3440 282 3492 de
334 3439 612 3495 Natalibus
664 3443 757 3497 lib.
788 3461 904 3509 \‘lll,
943 3462 1064 3516 cap.
1108 3448 1227 3504 100.
1279 3450 1595 3522 Auouymus
1637 3456 1777 3526 apud

212 3529 639 3594 (Ecumenium,
698 3537 788 3602 qui
851 3535 1162 3593 Blatthseum
1219 3541 1409 3594 scribit
1470 3543 1669 3601 obiisse
1727 3547 1779 3599 in

214 3617 379 3670 Hiera
404 3619 620 3674 civitate
652 3622 908 3683 Parthiae.
942 3632 1078 3679 teste
1111 3625 1470 3691 Florentinio,
1500 3648 1618 3704 pag.
1659 3637 1777 3698 159,

216 3710 295 3764 uti
346 3718 400 3764 et
438 3725 601 3781 supra
661 3713 999 3786 Hippolytus,
1040 3727 1094 3771 et
1153 3717 1454 3777 Dorotheus
1506 3725 1778 3798 llicropuli

217 3802 470 3869 Parthiae,
505 3812 790 3862 nominant
835 3810 1015 3864 locum
1071 3811 1228 3882 plane
1280 3814 1521 3884 ignotum
1564 3821 1615 3871 in
1653 3820 1775 3872 Par-

219 3895 438 3946 thorum
498 3897 743 3964 imperio.
801 3899 909 3954 Nec
944 3919 1270 3972 magnopere
1313 3907 1610 3961 audiendos
1651 3921 1782 3978 puto

217 3983 359 4048 illos,
425 3985 514 4054 qui
569 3985 838 4056 Hierapoli
891 3991 944 4043 in
1007 3993 1158 4062 Syria
1225 4010 1393 4063 prope
1452 3996 1779 4065 Euphratem

217 4074 420 4132 abiisse
471 4079 721 4135 scribunt
755 4080 1086 4148 Matthaeum,
1137 4095 1194 4138 ut
1241 4085 1454 4142 Nicetas
1495 4090 1781 4164 Paphlago,

216 4177 273 4220 et
302 4179 491 4223 auctor
520 4171 802 4243 Menologii
830 4173 1107 4230 Bssiliani.
1141 4179 1352 4233 Etenim
1395 4197 1502 4235 non
1532 4185 1782 4240 videntur

217 4258 505 4326 Eusebius,
557 4262 937 4333 Hieronymus,
985 4253 1420 4336 Cllt'ySOSl’OttlltS,
1470 4269 1783 4329 Theodore-

219 4361 331 4413 tus,
361 4353 560 4422 aliique
601 4352 806 4420 Patres,
857 4357 946 4425 qui
977 4357 1028 4410 in
1059 4358 1210 4430 Syria
1243 4371 1336 4414 aut
1366 4363 1648 4419 Palaestina
1681 4366 1781 4423 llo-

217 4452 466 4509 tu-erunt,
503 4461 693 4502 omnes
729 4448 1022 4518 ignoraturi
1051 4461 1145 4504 aut
1169 4453 1379 4507 tacituri
1408 4454 1575 4508 fuisse
1602 4457 1779 4512 locum

219 4535 545 4592 mortualem
605 4541 773 4592 sancti
816 4540 1073 4606 Mattbau,
1130 4545 1174 4597 si
1224 4543 1489 4617 Hierapoli
1533 4548 1584 4601 in
1638 4548 1789 4621 Syria

219 4628 470 4686 obiisset.
1764 4656 1766 4658 τ

293 4719 381 4775 58.
446 4723 577 4777 Acta
626 4724 836 4779 edenda
907 4725 1103 4781 habent
1182 4740 1426 4783 sanctum
1480 4733 1787 4790 Maritimum

222 4815 486 4885 martyrio
515 4829 837 4871 coronat-um
871 4834 992 4874 esse
1059 4821 1112 4873 in
1149 4820 1448 4893 Ethiopia.
1489 4825 1544 4879 in
1571 4829 1791 4883 civitate

211 4908 390 4976 regia,
422 4924 542 4977 quae
571 4910 768 4964 ibidem
818 4909 1110 4976 Naldaber,
1144 4915 1276 4967 aiias
1329 4915 1612 4972 Nuddttbcr
1653 4921 1787 4974 serio

223 4999 390 5052 bitur.
447 4999 729 5063 Sententia
783 5013 964 5057 autem
1007 5005 1121 5058 haec
1180 5007 1248 5058 de
1302 5008 1686 5076 prazdicationc
1740 5022 1793 5066 et

223 5096 404 5143 tnorte
438 5091 615 5144 sancti
651 5090 886 5148 Matthzei
929 5096 982 5149 iu
1027 5095 1302 5167 Aitliiopia
1349 5099 1530 5169 plures
1582 5101 1793 5157 videtur

225 5179 428 5236 habere
460 5193 716 5251 patronos
751 5197 806 5238 et
835 5187 1109 5250 meliores,
1153 5206 1315 5258 quam
1356 5193 1457 5245 ulla
1506 5194 1629 5246 alia.
1657 5195 1790 5249 Nam

225 5281 424 5341 prater
463 5273 720 5330 Rufinum
789 5288 846 5331 et
903 5279 1203 5343 Socratem,
1237 5294 1460 5338 sant-lus
1493 5286 1793 5343 Eucherius

225 5365 634 5434 Lugdunensis,
671 5370 909 5439 scriptor
942 5371 1121 5425 smculi
1169 5392 1216 5435 v,
1251 5374 1304 5426 in
1346 5390 1513 5443 opere
1549 5378 1619 5430 De
1648 5396 1792 5448 qure-

225 5457 478 5513 utoniblu
501 5462 613 5513 novi
653 5465 969 5519 Tc‘stamcnti
993 5506 1006 5528 ,
1040 5473 1170 5518 tom.
1219 5467 1277 5521 Vl
1313 5467 1640 5524 Bibliotheca:
1686 5472 1794 5524 Ρα-

227 5559 366 5603 trum
404 5551 538 5606 edit.
574 5552 817 5624 Lngdun.
857 5571 977 5626 pag.
1007 5559 1133 5623 852,
1172 5561 1240 5613 ita
1281 5562 1518 5628 loquitur
1549 5581 1562 5615 :
1600 5583 1616 5614 ε
1667 5564 1791 5617 Bar-

229 5641 552 5700 tholomazus
589 5645 639 5697 in
670 5646 851 5711 Indos,
882 5648 1122 5703 Thomas
1176 5653 1405 5719 tetendit
1443 5653 1495 5706 in
1533 5655 1788 5709 Parthos:

229 5730 515 5791 Mattlmus
537 5735 843 5806 Ethiopcs,
875 5740 1117 5794 Andreas
1139 5740 1374 5812 Scythas
1407 5746 1795 5812 prredicatione

229 5825 485 5889 mollivit.
524 5845 542 5877 δ
586 5838 688 5886 etc.
727 5828 782 5884 S.
842 5829 1140 5902 Gregorius
1181 5834 1233 5887 in
1297 5835 1497 5889 librum
1559 5838 1791 5906 primum

1887 3271 2148 3322 destituta
2181 3270 2412 3333 videtur,
2455 3268 2715 3336 omnique
2748 3281 2940 3320 cerere
2989 3264 3364 3318 fundamento.
3400 3263 3458 3316 Si

1892 3362 2228 3416 Fortunatus
2251 3363 2444 3419 urbem
2502 3361 2789 3416 Naddaver
2844 3361 2897 3412 in
2950 3357 3166 3412 Parthia
3226 3356 3456 3425 positam

1890 3453 2232 3516 credidisset,
2280 3463 2563 3523 postquam
2624 3451 2919 3506 docentem
2967 3447 3256 3520 Ethiopes
3306 3447 3458 3499 exhi—

1891 3536 2084 3600 buerat
2110 3545 2445 3610 Matthaeum,
2481 3545 2724 3600 translati
2759 3542 3010 3612 corporis
3045 3542 3206 3596 etiam
3273 3541 3462 3593 memi-

1891 3637 2083 3701 nisset,
2118 3652 2185 3690 ne
2216 3636 2447 3691 lectores
2484 3651 2612 3690 suos
2649 3637 2701 3687 in
2731 3648 2976 3688 errorem
3015 3633 3321 3686 induceret.
3360 3630 3459 3684 Fa-

1892 3729 2048 3783 cilius
2082 3731 2264 3798 itaque
2303 3740 2355 3784 et
2413 3729 2764 3783 verisimilius
2811 3728 2914 3782 dici
2955 3737 3154 3796 potest,
3209 3736 3456 3780 sanctum

1893 3824 2177 3879 Paulinum
2212 3833 2304 3876 aut
2346 3823 2519 3877 solum
2558 3822 2698 3890 loqui
2729 3822 2794 3875 de
2825 3819 3205 3890 praedicatione
3227 3817 3458 3871 Matthaci

1892 3920 2032 3983 apud
2064 3915 2316 3978 Parthos,
2372 3913 2459 3966 ubi
2503 3914 2747 3980 ejusdem
2790 3910 2930 3979 apud
2968 3910 3160 3962 Persas
3199 3909 3459 3976 pra’dica-

1893 4007 2093 4061 tionem
2126 4002 2463 4060 solummodo
2490 4002 2960 4056 alliunatsauctns
2994 3999 3309 4053 Ambrosius
3333 4008 3459 4062 ;aut

1895 4100 2110 4169 utrique
2158 4101 2336 4151 minus
2393 4106 2698 4166 perspectas
2767 4093 2933 4148 fuisse
2983 4092 3231 4163 regiones
3304 4103 3460 4147 extra

1894 4191 2198 4246 Romanum
2251 4189 2537 4257 imperium
2591 4188 2821 4255 positas,
2865 4186 3099 4253 ideoque
3169 4194 3462 4252 utrumque

1893 4283 2127 4338 credere
2170 4280 2430 4350 potuisse,
2481 4277 2789 4331 Matthzum
2840 4276 2892 4328 in
2947 4275 3228 4344 provincia
3285 4275 3461 4342 aliqua

1894 4373 2249 4432 famosissimi
2315 4369 2528 4439 imperii
2604 4368 2803 4423 Persici
2847 4376 2940 4420 aut
2998 4365 3234 4420 Parthici
3298 4379 3462 4418 occu-

1894 4467 2094 4521 buisse.
2130 4464 2240 4519 Hoc
2270 4470 2474 4517 ccrtmn
2517 4471 2620 4523 est.
2685 4469 2943 4513 neutrum
2987 4459 3224 4522 edicere,
3268 4457 3320 4510 in
3355 4472 3463 4526 qua

1894 4567 2049 4629 parte
2090 4555 2342 4611 latissimi
2409 4552 2555 4608 illius
2600 4551 2815 4621 imperii
2865 4550 3025 4604 fuerit
3049 4558 3270 4603 sanctus
3332 4549 3465 4604 Mat-

1896 4651 2067 4706 lhazus
2100 4667 2114 4703 :
2145 4648 2375 4718 ideoque
2410 4646 2620 4699 illorum
2646 4641 3027 4696 auctoritatem
3072 4656 3178 4693 non
3219 4655 3340 4694 esse
3374 4639 3461 4694 hic

1895 4742 2027 4796 tanti
2056 4740 2387 4804 faciendam,
2410 4737 2601 4808 quanti
2628 4737 2789 4800 foret,
2822 4737 2864 4788 si
2903 4735 3084 4788 minus
3109 4749 3242 4805 vage
3270 4734 3458 4803 loque-

1895 4840 2106 4882 TCIIUII'.

1959 4925 2036 4978 .60
2079 4921 2193 4975 Ado
2230 4922 2284 4975 in
2327 4920 2512 4975 libello
2547 4919 2618 4971 De
2666 4920 3049 4990 festivitatibus.
3083 4917 3461 4986 apostolorum,

1897 5028 2016 5082 pag.
2048 5010 2116 5064 ’ὀί
2145 5008 2462 5078 martyrium
2491 5010 2662 5063 sancti
2689 5008 2920 5062 Matth-iri
2961 5007 3211 5060 similiter
3237 5006 3463 5060 collocat

1895 5103 1949 5156 in
1980 5099 2283 5171 Ethiopia,
2314 5101 2502 5156 dicens
2535 5120 2547 5154 :
2585 5119 2602 5151 ι
2636 5099 2735 5164 Qui
2773 5099 2980 5168 primus
3008 5099 3061 5152 in
3086 5098 3264 5151 Iudaea
3287 5096 3464 5149 Evan-

1896 5190 2097 5266 gelium
2134 5194 2335 5262 Christi
2367 5194 2595 5249 Hebrzeo
2624 5207 2878 5246 sermone
2945 5189 3292 5258 conscripsit.
3337 5187 3465 5242 Post

1895 5301 2023 5340 vero
2057 5286 2198 5355 apud
2224 5285 2557 5356 Aithiopiam
2585 5285 2903 5354 przedicans,
2932 5281 3248 5352 martyrium
3273 5284 3463 5349 passus

1896 5389 1995 5434 est.
2030 5398 2046 5430 ι
2091 5378 2456 5433 Consentiunt
2484 5380 2741 5433 liabanus
2770 5388 2823 5432 et
2855 5375 3136 5430 Usuardus
3163 5374 3229 5427 de
3263 5371 3461 5442 praedi-

1897 5472 2114 5525 catione
2143 5532 2146 5535 χ
2178 5481 2231 5524 et
2272 5472 2528 5542 martyrio
2572 5471 2624 5523 in
2675 5468 2974 5537 .EthiOpia,
3022 5469 3475 5532 recentioresquo.

1899 5563 2137 5631 plurimi.
2168 5563 2431 5618 Omnibus
2460 5573 2638 5616 autern
2668 5561 3027 5615 consideratis
3086 5567 3140 5614 et
3183 5554 3455 5624 expensis.

1898 5653 2010 5708 haec
2035 5656 2166 5708 mihi
2193 5642 2459 5709 sententia
2508 5651 2836 5724 probabilior
2864 5652 3094 5710 videtur.
3131 5663 3289 5716 quam
3328 5662 3466 5715 quie-

1901 5748 1952 5799 in
2006 5748 2225 5801 Perside
2271 5757 2362 5802 aut
2415 5748 2629 5806 Parthia
2687 5747 2998 5803 defunctum
3074 5740 3254 5793 tradit.
3303 5738 3460 5794 Ratio

1898 5841 2070 5912 prima
2125 5850 2226 5900 est,
2275 5839 2731 5912 quod..&llhiopia
2775 5850 2908 5893 esset
2964 5830 3192 5904 J’Egyp‘to
3251 5839 3470 5886 conter-
