4188 6436
750 410 850 472 ’787

1980 396 2262 460 MENSIS
2299 391 2592 452 SEPTEM
2604 393 2772 453 BER.

3902 392 4025 457 788

747 522 913 583 mina,
950 518 1182 586 ideoque
1214 532 1323 571 non
1358 515 1609 570 videatur
1651 510 2115 584 praetermittenda
2151 507 2321 562 fuisse
2353 507 2398 559 Α
2434 520 2453 554 t
2485 504 2656 569 Quem
2680 501 3005 573 (Christum)
3030 502 3304 557 imitantes
3337 501 3586 571 apostoli,
3621 500 3789 570 utqui
3811 515 4023 554 revera

748 613 813 665 ab
837 611 1117 680 apostolis,
1146 609 1447 678 praesertim
1483 623 1608 662 cum
1645 604 1881 660 eunuchi
1924 605 2122 673 reginae
2174 602 2319 657 Can-

748 707 913 760 daces
969 703 1260 758 conversio
1310 717 1462 772 spem
1527 715 1777 771 magnam
1828 696 2071 768 praebere
2134 705 2320 765 posset

751 798 1048 867 xEtliiopiaa
1081 796 1487 852 convertenda.
1518 794 1729 864 Itaque,
1780 806 1903 847 cum
1945 806 2057 845 non
2107 800 2322 845 constet

748 893 817 947 de
847 892 1236 961 praedicatione
1270 891 1434 944 ullius
1461 888 1688 943 alterius
1722 902 1783 941 ex
1814 884 2096 955 discipulis
2115 882 2317 938 Christi

746 987 803 1040 in
825 986 1129 1056 Aitliiopia,
1148 985 1335 1040 Patres
1357 999 1482 1039 vero
1500 985 1681 1053 plures
1717 983 2028 1036 eunuchum
2051 980 2229 1050 ipsum
2249 977 2321 1031 ibi

748 1079 869 1132 fidei
914 1093 1221 1148 prteconem
1289 1076 1509 1141 faciant,
1563 1074 1783 1129 videtur
1838 1074 2067 1127 omnino
2130 1085 2321 1125 assen-

749 1171 994 1224 tiendum
1032 1171 1157 1234 illis,
1201 1171 1295 1240 qui
1328 1172 1643 1225 Matthzeum
1668 1184 1736 1224 eo
1772 1167 1997 1222 missum
2029 1173 2317 1220 asserunt:

751 1260 922 1316 solius
946 1262 1092 1315 enim
1125 1262 1388 1327 eunuchi,
1446 1269 1639 1332 utpote
1678 1259 1826 1323 laici,
1857 1259 1985 1313 dum
2020 1273 2087 1313 eo
2137 1271 2323 1311 rever-

753 1366 848 1405 sus
888 1360 991 1414 est,
1012 1363 1238 1407 conatus
1268 1370 1375 1407 non
1408 1362 1621 1421 poterat
1652 1351 1902 1405 sulliccre
1944 1348 2009 1403 ad
2063 1349 2324 1405 ecclesias

747 1444 1055 1513 erigendas,
1119 1445 1223 1501 nisi
1276 1448 1565 1501 accederet
1615 1448 1931 1516 apoStolus,
1985 1453 2080 1498 aut
2134 1444 2321 1499 saltem

749 1537 1006 1591 sacerdos
1036 1538 1254 1607 aliquis.
1305 1537 1462 1593 Hunc
1495 1553 1621 1593 vero
1652 1539 1821 1594 fuisse
1867 1537 2182 1591 Matthaeum
2216 1544 2325 1587 tra-

749 1625 889 1680 dunt
938 1627 1237 1707 scriptores
1276 1629 1407 1685 satis
1460 1629 1667 1699 antiqui
1711 1640 1764 1684 et
1801 1644 1995 1700 graves
2048 1628 2113 1682 ad
2165 1626 2323 1679 fidem

752 1716 852 1769 hac
882 1716 938 1768 in
962 1730 1019 1770 re
1041 1717 1419 1772 obtinendam.
1437 1719 1617 1773 Altera
1644 1722 1782 1773 ratio
1805 1730 1909 1782 est,
1932 1718 2074 1788 quod
2110 1717 2323 1773 Persica

2423 598 2608 645 essent
2630 591 2940 661 cognitione
2969 590 3179 660 praediti
3210 600 3264 645 et
3298 591 3548 657 perfecti,
3584 607 3686 659 pro
3720 590 4024 653 ecclesiis,

2423 668 2559 754 quas
2602 685 2925 748 fundarunt,
2988 685 3130 754 passi
3182 694 3327 740 sunt.
3385 703 3404 737 ›
3473 685 3825 754 Quapropter
3870 684 4025 735 mihi

2424 780 2579 851 longe
2613 779 2947 849 probabilior
2976 787 3202 847 apparet
3235 782 3506 832 sententia
3539 777 3877 831 communis.
3901 791 4021 844 qua

2427 879 2627 941 martyr
2676 869 2919 924 creditur
2968 869 3295 923 Mattheus:
3345 884 3468 921 nam
3502 884 3602 921 nec
3637 867 4027 934 Menologium

2424 963 2755 1017 Basilianum
2794 962 2938 1016 clare
2972 963 3309 1016 contrarium
3364 960 3548 1023 habet,
3577 974 3679 1012 nec
3702 959 4028 1011 Heracleoo

2425 1056 2564 1125 apud
2596 1054 2939 1111 Clementem
2975 1071 2987 1106 :
3034 1066 3137 1106 nec
3168 1052 3363 1105 horum
3400 1050 3702 1104 auctoritas
3730 1064 3835 1117 par
3863 1060 4029 1102 esset

2428 1148 2652 1216 reliquis
2677 1146 2957 1209 omnibus,
2987 1145 3030 1199 si
3065 1144 3294 1199 omnino
3322 1144 3660 1198 contrarium
3709 1142 4027 1195 haberent.

2427 1244 2501 1297 De
2534 1253 2779 1313 tempore
2829 1240 3074 1311 martyrii
3116 1254 3226 1293 non
3284 1246 3519 1293 constat.
3580 1237 4028 1305 Chrysostomus

2428 1347 2609 1391 tamen
2688 1336 2835 1390 hom.
2914 1332 2980 1387 76
3045 1330 3136 1401 (al.
3222 1330 3313 1399 77)
3382 1330 3439 1382 in
3501 1330 3818 1382 Matt/ticum
3874 1325 4024 1379 insio

2429 1440 2585 1493 nuat,
2639 1428 2917 1483 Sanctum-
2956 1426 3130 1480 fuisse
3181 1423 3499 1477 defunctum
3556 1430 3686 1476 ante
3731 1420 4024 1473 excidium

2428 1524 3005 1598 Hierosolymitanum,
3040 1518 3184 1590 quod
3210 1518 3389 1589 [igitur
3416 1532 3559 1571 anno
3584 1514 3654 1568 ’ΞΟ
3685 1529 3814 1569 ara:
3847 1510 4020 1566 Chri-

2428 1618 2639 1674 stianze.

2500 1713 2587 1766 62.
2632 1710 2900 1766 Caeterum
2968 1708 3034 1763 de
3107 1706 3271 1762 modo
3326 1703 3543 1760 vivendi
3605 1710 3661 1755 et
3707 1698 4024 1753 virtutibus

751 1820 845 1863 aut
880 1807 1137 1863 Parthica
1169 1812 1345 1865 sancti
1394 1812 1707 1881 praedicatio
1765 1811 1939 1866 solum
1987 1811 2226 1867 breviter
2273 1822 2325 1864 et
2356 1844 2401 1903 Β
2432 1805 2489 1860 S.
2520 1802 2757 1859 Matth-.ei
2808 1817 2976 1872 pauca
3024 1799 3376 1869 reperiuntur
3428 1796 3568 1867 apud
3608 1804 3851 1849 veteres.
3888 1790 4023 1843 Cle-

750 1917 885 1971 vage
922 1902 993 1955 sit
1019 1915 1229 1958 asserta
1256 1906 1323 1959 ab
1343 1905 1635 1961 Ambrosio
1669 1916 1723 1961 et
1747 1906 1993 1972 Paulino,
2028 1922 2091 1961 ex
2125 1907 2323 1976 quibus

754 1994 808 2047 in
851 1993 1043 2050 Fastos
1103 1997 1558 2068 llieronymianos
1612 1998 1846 2054 transire
1909 2000 2107 2069 potuit.
2144 1999 2326 2052 Potuit

756 2097 937 2144 tamen
978 2090 1045 2145 ibi
1080 2107 1297 2160 quoque
1322 2093 1639 2160 praedicare,
1678 2103 1732 2146 et
1772 2102 1960 2163 postea
1996 2093 2048 2145 in
2107 2091 2326 2145 Ethio-

754 2179 897 2247 piam
928 2181 1206 2249 proficisci
1240 2200 1253 2235 :
1289 2200 1415 2236 nam
1454 2184 1521 2238 de
1555 2194 1730 2238 morte
1779 2195 1873 2239 aut
1904 2186 2159 2255 martyrio
2206 2188 2324 2239 lau-

753 2272 865 2326 dati
898 2273 1084 2330 Patres
1114 2276 1250 2331 nihil
1304 2277 1595 2331 allirmant.
1629 2277 1784 2343 Quod
1822 2295 1949 2332 vero
2000 2288 2211 2348 spectat
2260 2279 2325 2332 ad

752 2366 1057 2434 civitatem,
1092 2385 1212 2438 quae
1241 2369 1527 2424 Naddaver
1558 2370 1611 2423 in
1670 2372 1815 2423 Actis
1860 2380 1912 2423 et
1962 2371 2102 2439 apud
2137 2370 2329 2425 Fortu-

754 2468 945 2513 nalum
972 2472 1219 2525 vocatur,
1260 2464 1407 2515 nulla
1444 2463 1589 2517 illius
1630 2464 2059 2533 plane-nominis
2088 2475 2213 2520 nota
2248 2474 2329 2520 est

752 2546 811 2600 in
842 2548 1142 2619 Aithiopia.
1202 2552 1334 2605 Erat
1380 2562 1559 2607 tamen
1629 2554 1855 2625 Augusti
1905 2564 2144 2624 tempore
2200 2556 2328 2609 urbs

750 2638 958 2709 Napata
1027 2641 1169 2707 apud
1231 2641 1553 2697 Strabonem
1620 2662 1742 2716 pag.
1797 2645 1899 2698 820
1945 2647 2107 2709 dicta,
2167 2664 2325 2716 quam

754 2732 1043 2787 Petronius
1105 2733 1351 2790 Romano
1404 2736 1669 2791 exercitui
1726 2739 2015 2807 praefectus
2064 2740 2213 2807 cepit
2266 2755 2330 2793 ac

753 2824 921 2879 diruit
952 2827 1003 2878 in
1043 2827 1184 2881 bello
1214 2838 1403 2883 contra
1454 2832 1693 2900 reginam
1729 2832 2045 2887 Candacen.
2082 2832 2327 2903 Napatis,

755 2927 895 2972 teste
938 2918 1229 2985 Strabone,
1260 2918 1544 2975 Candaces
1576 2923 1720 2993 regia
1753 2933 1892 2978 erat.
1917 2925 2035 2979 Jam
2067 2943 2197 2980 vero
2239 2928 2326 2981 alii

755 3011 1131 3077 considerent,
1166 3027 1231 3065 an
1262 3013 1391 3068 urbs
1418 3012 1757 3085 Ethiopica,
1791 3032 1951 3085 quam
2000 3015 2202 3087 Napata
2231 3034 2328 3072 vo-

756 3111 953 3156 carunt
989 3102 1185 3170 Graeci,
1236 3118 1348 3157 non
1384 3108 1624 3173 potuerit
1672 3107 1775 3159 alia
1808 3108 2150 3175 expositione
2183 3110 2329 3162 vocis

2432 1914 2585 1953 mens
2618 1896 3041 1959 Alexandrinus,
3072 1894 3169 1948 lib.
3199 1908 3234 1946 tt
3264 1891 3569 1960 Pwdagogi,
3595 1905 3719 1958 cap.
3749 1890 3801 1947 t,
3836 1885 4022 1937 victus

2428 1991 2778 2046 sobrietatem
2804 1988 3010 2050 laudat,
3052 1986 3122 2040 ita
3176 1985 3424 2039 scribens
3463 1998 3480 2039 :
3520 2001 3538 2033 ι
3581 1981 3873 2034 hlatthaeus
3910 1978 4020 2029 ita-

2426 2101 2531 2156 que
2563 2082 2840 2153 apostolus
2875 2079 3197 2138 seminibus.
3230 2076 3416 2131 baccis
3439 2085 3493 2130 et
3522 2074 3767 2129 oleribus
3802 2072 4020 2138 absque

2429 2178 2689 2233 carnibus
2732 2176 3005 2228 utebatur.
3048 2193 3066 2223 ι
3124 2170 3571 2239 Clirysostomus,
3627 2168 3778 2219 hom.
3813 2165 3879 2216 Η
3917 2166 4016 2230 (al.

2429 2271 2517 2340 t8)
2553 2274 2603 2321 in
2647 2267 2838 2320 Matth.
2874 2281 2937 2318 ex
2983 2265 3151 2319 sacris
3182 2262 3402 2317 Litteris
3433 2261 3667 2329 elogium
3717 2258 4022 2312 collectum

2432 2366 2503 2417 ita
2550 2360 2867 2417 contexuit:
2909 2380 2925 2412 ι
2958 2358 3143 2430 Cogita
3180 2356 3314 2411 mihi
3367 2354 3587 2425 (inquit)
3630 2354 3778 2406 hunc
3833 2352 4019 2420 ipsum

2431 2455 2844 2524 evangelistam,
2900 2451 3111 2506 etiamsi
3162 2463 3269 2502 non
3326 2458 3491 2501 totam
3541 2448 3659 2515 ejus
3709 2445 3874 2498 vitam
3914 2444 4019 2495 de-

2430 2549 2686 2617 scriptam
2727 2545 3070 2598 habeamus:
3107 2550 3346 2594 attamen
3391 2553 3454 2593 ex
3495 2536 3707 2607 paucis.
3756 2550 3877 2603 qua:
3929 2549 4019 2585 re-

2431 2650 2596 2702 stant,
2624 2640 2749 2693 licet
2769 2638 3059 2705 imaginem
3080 2637 3197 2703 ejus
3218 2633 3595 2701 splendentem
3622 2631 3824 2682 videre.
3853 2627 4014 2691 Quod

2435 2731 2653 2785 humilis
2702 2739 2758 2782 et
2788 2728 3057 2782 contritus
3106 2734 3273 2789 esset,
3307 2724 3431 2777 audi
3466 2722 3640 2791 ipsum
3673 2720 3728 2772 in
3762 2719 4017 2780 Evange-

2434 2826 2504 2878 lio
2533 2840 2650 2878 sese
2675 2822 3024 2894 publicanum
3051 2828 3373 2882 vocantem;
3412 2814 3556 2886 quod
3582 2826 3766 2867 autem
3801 2813 4017 2865 miseri-

2432 2935 2554 2973 cors
2596 2926 2761 2980 esset,
2797 2916 2917 2969 vide
2958 2913 3109 2967 illum
3140 2911 3396 2965 omnibus
3422 2919 3649 2962 exutum
3680 2905 3869 2959 .lesum
3928 2920 4017 2958 se-

2432 3021 2713 3083 quentem.
2765 3008 2919 3073 Quod
2956 3006 3077 3076 pius
3109 3014 3275 3068 esset,
3314 3004 3489 3071 palam
3515 3009 3694 3054 estex
3736 2997 4015 3068 dogmati-

2435 3104 2555 3157 bus.
2591 3098 3006 3171 intelligentiam
3042 3109 3095 3149 et
3129 3094 3452 3151 charitatem
3499 3091 3619 3161 ejus
3644 3106 3712 3144 ex
3745 3104 3836 3151 eo,
3867 3090 4015 3159 quod

755 3192 1106 3265 Ethiopicze,
1142 3206 1233 3249 aut
1282 3196 1473 3251 saltem
1504 3198 1859 3268 corruptione
1910 3198 2194 3254 Naddaver
2238 3218 2329 3254 ex-
2360 3203 2399 3259 (ἶ
2434 3195 2783 3265 conscripsit,
2837 3192 3130 3263 Evangelio
3185 3188 3369 3243 videre
3400 3189 3481 3241 est
3514 3205 3525 3240 :
3578 3184 3824 3239 universi
3862 3184 4015 3236 enim

754 3286 944 3356 primi.
978 3286 1235 3341 Eamdem
1272 3286 1464 3341 urbem
1495 3288 1628 3341 alibi
1669 3288 1902 3360 Naggata
1947 3291 2110 3346 scribi
2144 3292 2331 3347 obser-

754 3388 849 3436 vat
880 3378 1167 3444 Cellarius,
1202 3379 1254 3433 in
1288 3378 1885 3453 Geograp/iia‘autiqua,
1921 3383 2015 3437 lib.
2038 3399 2111 3449 tv,
2132 3401 2251 3456 cap.
2277 3386 2329 3451 8,

757 3485 882 3543 pag.
918 3472 1019 3524 156

831 3565 920 3620 6t.
956 3563 1110 3631 Quod
1151 3576 1360 3637 spectat
1394 3568 1460 3622 ad
1495 3570 1813 3641 martyrium
1856 3571 2029 3625 sancti
2067 3572 2330 3641 Matthxi,

756 3659 865 3714 hoc
895 3661 1072 3729 ipsum
1107 3660 1321 3715 videtur
1358 3662 1606 3716 dubium.
1640 3663 2014 3735 Martyrologia
2064 3665 2329 3737 llierony-

760 3750 943 3805 miana
973 3761 1028 3806 et
1096 3756 1227 3805 Acta
1259 3751 1450 3805 Latina
1503 3768 1625 3805 eum
1676 3756 2051 3825 martyrologis
2079 3759 2332 3814 omnibus

759 3842 923 3896 medii
962 3843 1063 3896 :evi
1099 3843 1397 3909 insinuant,
1433 3843 1743 3901 Matthaeum
1764 3848 1968 3904 ohiisse
2007 3862 2330 3922 martyrem.

759 3935 829 3988 At
871 3935 1230 4008 menologium
1252 3936 1585 3993 Basiliantnn
1603 3940 1669 3993 ad
1691 3941 1755 3995 16
1778 3939 2095 3999 Novembris
2111 3946 2176 3999 de
2193 3961 2333 3999 mar-

762 4029 900 4099 tyrio
921 4030 1070 4083 clare
1102 4031 1291 4085 saltem
1328 4049 1435 4087 non
1466 4035 1731 4102 loquitur,
1764 4037 1857 4089 sed
1894 4040 2064 4091 utitur
2084 4055 2217 4093 voce
2236 4058 2329 4092 τεο

756 4120 1022 4187 λειοῦται,
1045 4134 1592 4196 consummatur,quo
1613 4137 1791 4183 tamen
1822 4130 1989 4184 verbo
2013 4134 2331 4204 martyrium

760 4218 913 4267 ἰηιιυὶ
978 4225 1181 4283 potest,
1236 4218 1472 4271 maxime
1526 4234 1649 4273 cum
1716 4224 1879 4290 paulo
1945 4233 2070 4278 ante
2118 4227 2335 4282 dicatur

762 4306 929 4360 multa
977 4317 1243 4363 tormenta
1303 4323 1593 4378 perpessus
1655 4311 1799 4379 apud
1856 4315 2330 4385 Antropophagos.

756 4399 820 4453 1n
853 4397 1045 4453 eodem
1069 4397 1373 4469 Menologio
1404 4402 1472 4454 ad
1498 4402 1566 4456 '50
1611 4400 1762 4456 Junii
1822 4404 2022 4459 dicitur
2063 4404 2333 4476 lapidibus

761 4492 1014 4548 obrutus.
1046 4491 1451 4565 Metaphrastcs
1510 4505 1564 4548 et
1613 4496 1828 4551 ﬁicetas
1875 4499 2150 4569 Paphlago
2191 4516 2332 4553 mar-
2368 4558 2375 4565 _

762 4587 957 4656 tyrium
994 4590 1291 4657 generatim
1344 4597 1615 4641 asserunt.
1665 4588 1718 4641 In
1753 4591 1975 4644 Menaeis
2027 4596 2092 4647 ad
2131 4594 2193 4647 l6
2223 4596 2334 4647 No-

762 4680 998 4734 vembris
1016 4682 1249 4747 primum
1283 4682 1546 4733 asseritur
1569 4698 1662 4751 per
1692 4685 1868 4753 ignem
1903 4697 2333 4752 consummatus,

763 4772 959 4825 deinde
991 4774 1152 4827 datur
1178 4772 1412 4843 elogium
1478 4772 1811 4838 fabulosum,
1873 4778 1925 4829 in
1966 4794 2073 4846 quo
2138 4778 2337 4832 illaesus

764 4866 831 4919 ab
864 4864 987 4934 igne
1018 4881 1139 4919 mox
1184 4865 1238 4919 iu
1296 4867 1541 4922 oratione
1571 4867 1773 4923 obiisse
1824 4870 2044 4937 dicitur,
2084 4881 2141 4925 ut
2174 4872 2335 4926 etiam

764 4960 928 5015 habet
960 4958 1328 5029 Nicephorus.
1387 4960 1709 5027 Heraeleon,
1756 4965 2045 5020 haereticus
2098 4966 2337 5020 Valenti-

763 5053 996 5116 nianus,
1047 5054 1187 5124 apud
1224 5053 1564 5110 Clementem
1609 5056 2078 5123 Alexandrinum,
2142 5060 2232 5114 lib.
2287 5073 2337 5113 tv

762 5145 1119 5207 Stromatum,
1146 5146 1361 5200 videtur
1389 5163 1585 5218 negare
1629 5150 1945 5217 martyrium
1996 5166 2102 5204 non
2160 5152 2333 5206 solum

762 5237 1025 5302 lelthati,
1050 5237 1145 5292 sed
1180 5237 1342 5289 etiam
1380 5239 1639 5309 Philippi,
1659 5239 1882 5295 Thomze
1899 5252 1954 5296 et
1983 5242 2333 5313 Levis,qucm

766 5346 1051 5399 perperam
1084 5345 1109 5383 a
1133 5329 1387 5383 Matthteo
1410 5331 1710 5403 distinguit,
1738 5334 1841 5389 nisi
1872 5335 2011 5389 forte
2046 5336 2332 5393 Lebbceum

765 5422 882 5475 sive
900 5419 1233 5475 Thaddteum
1265 5436 1332 5477 eo
1373 5421 1591 5477 nomine
1620 5424 1903 5495 designare
1945 5427 2131 5480 voluit.
2183 5427 2329 5483 Atta-

768 5526 889 5565 men
921 5510 1134 5581 phrasis
1160 5520 1243 5565 est
1266 5512 1567 5575 obscurior,
1610 5512 1852 5583 mihique
1904 5516 2219 5588 ambiguum
2256 5526 2338 5572 est

767 5619 837 5659 an
892 5619 1080 5658 revera
1148 5604 1440 5659 lleracleon
1508 5621 1707 5675 negare
1771 5607 2020 5667 voluerit.
2074 5620 2337 5681 martyres

768 5697 940 5751 fuisse
973 5696 1218 5750 laudatos
1257 5698 1555 5767 apostolos.
1591 5699 1743 5764 Quod
1780 5699 1821 5752 si
1853 5715 2037 5753 revera
2068 5702 2119 5755 id
2150 5706 2335 5759 volue-

768 5787 861 5849 rit,
920 5789 1123 5853 exiguae
1175 5789 1317 5857 apud
1363 5801 1557 5841 omnes
1610 5791 1767 5843 debet
1813 5805 1931 5844 esse
1992 5794 2331 5849 auctoritatis

768 5880 969 5936 dictqu
1009 5879 1301 5947 illud,cum
1341 5880 1595 5937 Clemens
1628 5880 1738 5951 ipse
1781 5884 1937 5953 paulo
1970 5896 2087 5953 post
2116 5885 2254 5942 dicat
2303 5906 2313 5941 :

2435 3294 2580 3349 orbis
2612 3306 2795 3347 curam
2832 3288 3015 3360 gessit.
3054 3285 3326 3339 Bonorum
3356 3296 3585 3352 operum
3620 3288 4016 3347 argumentum

2436 3386 2602 3440 habes
2637 3399 2700 3436 ex
2736 3382 2953 3443 throno,
2992 3379 3046 3431 in
3094 3391 3202 3445 quo
3246 3389 3501 3429 sessurus
3555 3380 3637 3423 est
3670 3386 3683 3421 :
3736 3369 4019 3423 fortitudi-

2436 3492 2581 3539 nem,
2614 3473 2755 3546 quod
2786 3471 3030 3545 gaudens
3071 3484 3323 3523 reversus
3355 3467 3422 3519 sit
3455 3481 3483 3519 a
3525 3465 3664 3518 facie
3709 3463 3953 3516 concilii.
3993 3481 4010 3512 ι

2436 3570 2705 3623 Hactenus
2730 3566 3170 3636 Clirysostomus.
3197 3558 3674 3616 Eininetttissiinus
3701 3555 3848 3609 Bona
3872 3555 3968 3608 lib.
3997 3571 4011 3607 t

2436 3664 2635 3717 Rerum
2664 3660 3056 3730 liturgicarum,
3084 3672 3203 3725 cap.
3239 3656 3290 3716 8,
3331 3669 3481 3706 num.
3514 3651 3568 3715 ἓ,
3604 3649 3768 3703 refert
3794 3658 4012 3702 exstare

2435 3758 2597 3812 etiam
2640 3753 2861 3807 nomine
2913 3750 3089 3802 sancti
3131 3745 3367 3800 Matthxi
3404 3743 3701 3809 Liturgiam
3749 3742 4014 3807 aliquam,

2433 3867 2552 3919 qua:
2578 3846 2896 3914 JEtliiopum
2922 3856 3043 3896 esse
3077 3840 3294 3895 dicitur.
3322 3835 3618 3909 Liturgiam
3636 3833 3961 3903 Aithiopum
3988 3852 4013 3883 :i

2435 3946 2599 3999 variis
2644 3942 2841 3996 editam
2895 3936 3152 3997 invenio;
3191 3933 3285 3987 sed
3328 3946 3438 3985 non
3486 3930 3639 3985 video
3692 3928 4013 3981 attributam

2436 4046 2623 4092 sancto
2649 4034 2921 4087 hlatthteo.
2953 4030 3111 4085 Certe
3138 4025 3506 4098 Raynodotius
3538 4026 3589 4077 in
3612 4022 3793 4091 Opere
3826 4022 3895 4076 de
3929 4020 4015 4073 Li-

2438 4128 2626 4198 turgiis
2669 4124 3040 4181 Orientalibus
3093 4121 3256 4173 etiam
3302 4115 3646 4184 Ethiopicas
3696 4114 3913 4168 edidit:
3964 4124 4014 4165 at

2436 4220 2639 4274 nullam
2673 4217 2741 4272 ibi
2778 4215 3000 4269 nomine
3035 4210 3271 4268 Matthri
3306 4208 3619 4279 insignitam
3659 4207 3791 4259 vidi.
3832 4204 4012 4270 Quare

2435 4315 2687 4372 existimo
2744 4312 2887 4365 illam
2946 4323 3050 4363 non
3103 4306 3194 4360 diu
3268 4302 3325 4359 S.
3378 4301 3634 4355 Matthmo
3692 4300 4010 4353 attributam

2436 4411 2622 4465 fuisse.

2439 4524 2464 4595 ἓ
2506 4524 2568 4577 γ.
2621 4522 2691 4575 De
2720 4518 3150 4595 translationibus
3186 4512 3418 4595 corporis
3451 4507 3612 4577 quod,
3648 4508 3921 4595 intentum
3957 4508 4011 4557 in

2514 4595 2771 4647 Lucania.
2843 4590 3161 4657 transfertur
3230 4578 3529 4640 Sitlermmt,
3602 4594 3666 4630 ac
3739 4578 4011 4630 brachium

2509 4663 2693 4717 deinde
2728 4663 3095 4715 Beneventum.

2511 4779 2603 4834 65.
2623 4773 3070 4844 Quandoquidem
3088 4786 3193 4825 non
3207 4769 3473 4825 habemus
3487 4769 3615 4821 Acta
3636 4763 4010 4819 translationis

2440 4872 2612 4929 sancti
2648 4867 2911 4934 Matthaei,
2952 4880 3073 4935 quae
3108 4864 3265 4918 fidem
3314 4870 3592 4916 merentur
3628 4859 3729 4911 viri
3774 4859 4001 4917 eruditi,

2439 4974 2531 5020 aut
2562 4980 2683 5019 eam
2724 4963 2970 5016 obtinere
3006 4957 3361 5028 possunthoc
3390 4964 3655 5022 tempore,
3690 4960 3744 5007 et
3773 4952 4009 5018 scripto-

2440 5073 2524 5112 res
2558 5053 2892 5123 antiquiores
2922 5064 3030 5103 non
3062 5048 3166 5101 nisi
3192 5062 3378 5117 vagam
3411 5043 3645 5114 aliquam
3673 5052 3725 5096 et
3746 5043 4009 5095 incertam

2439 5152 2707 5205 dederunt
2754 5143 3001 5200 notitiam
3053 5142 3119 5197 dc
3160 5140 3300 5204 loco,
3354 5139 3406 5192 in
3450 5153 3558 5207 quo
3586 5149 3787 5203 corpus
3827 5149 4006 5187 serva-

2441 5243 2598 5297 batttr
2643 5250 2767 5294 ante
2813 5238 3219 5292 translationem
3265 5234 3318 5285 itt
3373 5230 3677 5296 Europam,
3723 5224 4008 5280 difﬁculter

2440 5335 2642 5403 aliquid
2688 5329 2823 5387 certi
2868 5328 3170 5397 reperietur
3212 5324 3279 5377 de
3322 5319 3611 5374 occasione
3650 5325 3706 5370 et
3738 5327 4006 5384 tempore,

2442 5443 2548 5495 quo
2584 5424 2818 5496 primum
2873 5420 2923 5474 in
2970 5419 3179 5474 italiam
3218 5415 3319 5467 fuit
3350 5413 3715 5482 deportatum.
3752 5409 4005 5463 Illustris-

2441 5520 2613 5573 siinus
2651 5516 2916 5573 Columna
2950 5513 3060 5583 jam
3093 5508 3363 5571 laudatus,
3406 5507 3497 5576 qui
3548 5504 3810 5571 majorem
3845 5501 4001 5558 ﬁdem

2441 5628 2601 5684 quam
2629 5611 2810 5665 erisim
2841 5604 3086 5661 adhibuit
3121 5602 3174 5655 in
3216 5600 3493 5670 sequendo
3519 5594 3832 5651 Belationes
3855 5594 3999 5659 μῆ..

2443 5699 2981 5775 quasimprobahiles
3002 5710 3120 5749 esse
3137 5690 3393 5761 ostendi§
3427 5693 3475 5755 Ι,
3509 5689 3800 5743 Historiam
3831 5699 4002 5741 trans-

2448 5796 2667 5853 lationis
2702 5794 2849 5851 dedit
2889 5790 3113 5846 minime
3160 5785 3527 5843 verisimilem.
3567 5782 3783 5837 Etenim
3827 5797 3943 5847 cap.
3976 5784 4007 5837 5

2438 5898 2620 5945 narrat
2656 5887 2825 5942 sancti
2870 5900 3069 5954 corpus
3124 5896 3186 5936 ex
3236 5878 3509 5948 Ethiopia
3552 5876 3795 5932 delatum
3829 5872 3883 5929 in
3913 5874 4011 5931 Bri-
