4188 6436
199 408 308 472 789

1477 408 1654 472 VlTA
1700 409 1762 471 S.
1807 411 2192 480 MATTH.'EI.

3334 414 3441 477 790

201 525 450 577 tanniam
489 526 821 578 Armoricam
851 541 944 593 per
977 534 1301 580 mercatores
1327 523 1615 576 Britannos
1644 527 1770 573 tem~
1802 524 1848 578 Α
1879 523 2095 592 bentur,
2137 529 2267 581 tom.
2314 531 2351 584 V
2380 531 2703 600 Scriptorum
2741 532 2940 596 Nalm,
2971 545 3091 600 pag.
3127 528 3216 589 3‘2,
3251 527 3438 581 eadem

199 629 333 683 pore
384 613 524 682 regis
571 613 896 678 Salomonis,
946 617 1036 684 qui
1087 617 1332 685 regnavit
1373 624 1496 681 post
1526 613 1766 665 medium

200 704 387 758 saeculi
417 720 498 769 ix;
530 704 674 773 (nam
709 721 805 774 pro
835 706 1022 759 ﬁctitio
1058 721 1203 758 nunc
1236 706 1469 759 habetur
1496 705 1636 758 alius
1669 703 1770 756 Sa-

201 795 410 857 lomon,
449 813 607 866 quem
663 798 867 867 aliquot
913 798 1126 852 saxulis
1178 799 1341 852 citius
1395 800 1450 853 in
1490 798 1769 851 Armorica

200 901 461 955 regnasse
499 888 662 956 aliqui
702 890 832 943 olim
863 888 1235 959 crediderunt)
1267 889 1686 959 depositumque
1718 888 1769 940 in

201 977 426 1031 civitate
460 978 805 1050 Legionensi.
836 980 904 1032 At
935 995 1040 1033 non
1074 980 1414 1050 ignorassent
1438 979 1560 1041 hoc,
1597 995 1770 1047 neque

202 1070 505 1123 tacuissent
525 1086 713 1124 omnes
735 1071 1024 1140 scriptores
1044 1072 1182 1126 Galli
1210 1072 1419 1125 illorum
1447 1081 1768 1140 temporum,

199 1171 298 1213 aut
353 1161 516 1230 paulo
563 1162 947 1232 posteriorum,
1007 1165 1049 1216 si
1097 1163 1297 1216 factum
1357 1173 1518 1218 esset.
1571 1163 1770 1217 Deinde

200 1267 329 1321 cap.
361 1254 392 1307 6
429 1254 590 1308 refert
647 1253 993 1308 Salomonem
1024 1270 1205 1325 regem
1246 1271 1389 1309 anno
1432 1256 1769 1325 quinquage-

200 1341 345 1397 simo
379 1359 406 1397 a
439 1343 790 1397 translatione
825 1344 1072 1412 corporis
1105 1360 1132 1398 a
1179 1344 1452 1399 Britannis
1484 1345 1594 1399 suis
1626 1345 1768 1398 occi~

199 1447 325 1486 sum
351 1448 365 1496 ;
405 1447 576 1500 eaque
606 1433 673 1487 dc
699 1449 861 1489 causa
895 1431 1333 1488 Valentinianum
1364 1435 1767 1505 imperatorem.

200 1521 297 1590 qui
329 1520 533 1590 aliquot
576 1522 786 1578 sceculis
839 1532 964 1578 ante
998 1523 1338 1579 Salomonem
1372 1525 1471 1579 fuit
1505 1534 1769 1589 mortuus,

202 1631 270 1668 ex
305 1612 452 1668 Italia
480 1616 756 1686 ingentem
779 1617 990 1672 misisse
1014 1619 1241 1673 classem
1267 1618 1333 1672 ad
1359 1618 1771 1689 expugnandam

202 1708 567 1772 Britanniam,
594 1719 646 1763 et
689 1709 788 1774 sic,
819 1719 974 1776 capta
1014 1709 1231 1762 civitate
1266 1707 1612 1778 Legionensi,
1645 1727 1768 1765 cor-

203 1815 310 1869 pus
346 1799 518 1852 sancti
548 1798 780 1851 Matthagi
819 1800 871 1850 in
921 1797 1210 1852 Lucaniam
1251 1800 1591 1854 translatum.
1647 1801 1770 1856 Haec

1873 615 2070 670 clarius
2099 630 2153 673 et
2189 623 2381 677 melius
2417 623 2694 692 leguntur.
2732 623 2900 677 Verba
2939 624 3166 692 accipe:
3205 640 3220 671 ε
3263 621 3316 672 1η
3364 622 3443 689 ip-

1873 709 1988 762 sius
2037 711 2296 777 principis
2343 715 2591 784 Gisulphi
2641 716 2976 784 temporibus
3028 715 3311 768 inventum
3359 721 3442 766 est

1875 801 2301 854 sacratissimum
2342 818 2542 872 corpus
2574 804 2634 857 Β.
2673 803 2898 858 Μίδωιωὶ
2933 805 2984 855 in
3026 801 3278 856 Lucaniae
3315 801 3438 854 ﬁni-

1873 889 1995 951 bus,
2033 899 2193 959 atque
2241 905 2364 945 cum
2395 894 2580 947 debito
2618 895 2824 948 honore
2867 908 2960 960 per
2989 893 3286 962 iussionem
3329 891 3438 957 jam

1875 979 1963 1035 fati
2015 981 2266 1052 Gisulphi
2315 985 2576 1053 principis
2631 987 2915 1040 Salernum
2977 985 3280 1039 deducitur.
3335 981 3438 1035 Sed

1873 1089 2006 1144 quot
2037 1079 2320 1133 evenerint
2347 1081 2496 1150 signa
2521 1091 2572 1135 et
2611 1081 2866 1134 miracula
2896 1091 2952 1134 et
2976 1079 3248 1148 quomodo
3275 1075 3440 1131 fuerit

1874 1179 2190 1238 repertum,
2247 1173 2562 1226 omnimodo
2605 1188 2748 1227 nunc
2797 1173 3037 1242 pandere
3089 1171 3436 1225 omittimus:

1873 1263 2239 1330 postmodum,
2304 1265 2410 1318 Deo
2465 1274 2758 1328 annuente,
2823 1263 3230 1316 innotescemus
3279 1268 3440 1326 atque

1875 1347 2002 1401 huic
2073 1348 2323 1405 Historia:
2404 1349 2694 1405 adneCIere
2753 1351 3031 1406 faciemus.
3082 1367 3100 1400 ›
3169 1347 3458 1402 llactenus

1872 1448 2082 1500 auctor,
2112 1441 2439 1509 quicumque
2472 1440 2561 1502 sit,
2595 1439 2736 1509 quod
2778 1454 2884 1491 non
2920 1436 3154 1506 inquiro.

1949 1532 2038 1586 66.
2079 1533 2154 1587 De
2219 1550 2365 1588 anno
2405 1535 2760 1597 inventionis,
2793 1549 2953 1604 quem
3009 1532 3113 1586 954
3157 1529 3290 1585 dixit
3332 1527 3441 1581 Leo

1874 1623 2162 1690 Ostiensis,
2195 1627 2404 1681 etiamsi
2429 1626 2565 1682 forte
2590 1642 2698 1681 non
2722 1628 2949 1680 omnino
2970 1625 3040 1678 sit
3065 1631 3269 1686 certus,
3291 1620 3440 1673 litem

1876 1717 2202 1771 movendam
2231 1733 2340 1771 non
2380 1732 2611 1783 censeo;
2638 1732 2760 1770 cum
2801 1724 2949 1770 certe
2987 1715 3076 1768 illo
3117 1728 3262 1767 anno
3289 1710 3441 1781 prin-

1879 1809 2118 1878 ciparum
2162 1809 2566 1864 Salernitanum
2603 1811 2878 1864 obtineret
2924 1806 3222 1876 Gisulphus
3280 1802 3445 1859 Guaia

205 1890 478 1950 retulisse,
505 1889 721 1943 omissis
753 1889 913 1943 etiam
945 1890 1775 1970 improbabilibustranslationis
1812 1873 1848 1926 Β
1883 1900 2034 1952 marii
2089 1900 2254 1962 ﬁlius,
2319 1902 2420 1955 sub
2465 1917 2571 1970 quo
2621 1900 2990 1954 inventionem
3032 1896 3321 1966 contigisse
3371 1893 3445 1946 ait

201 1981 497 2049 adiunctis,
539 1980 803 2035 refutasse
831 1991 935 2036 est.

279 2075 367 2128 64.
409 2074 548 2140 Mox,
585 2091 705 2143 cap.
743 2076 790 2136 7,
825 2076 1028 2131 fatetur
1072 2087 1280 2142 auctor,
1316 2093 1534 2132 omnem
1569 2094 1774 2132 memo-

211 2163 348 2217 riam
400 2165 466 2219 de
503 2177 718 2218 servato
774 2166 824 2218 in
885 2167 1028 2220 Italia
1066 2183 1293 2235 corpore
1328 2169 1502 2222 sancti
1542 2167 1776 2223 Mattha-i

203 2255 462 2324 paulatim
508 2255 897 2321 intcrcedisse;
937 2258 1420 2328 inventionemque
1473 2260 1549 2313 ait
1599 2261 1776 2315 couti—

201 2347 350 2415 gisse
381 2347 522 2398 circa
550 2348 896 2401 millesimum
933 2358 988 2402 et
1032 2351 1542 2420 quinquagesimum
1575 2366 1776 2404 annum

200 2450 232 2487 a
267 2433 488 2488 Christo
523 2446 671 2494 nato.
704 2437 860 2492 Hisce
893 2439 958 2492 de
992 2454 1224 2508 corpore
1254 2442 1347 2494 diu
1379 2441 1695 2495 abscondito
1727 2453 1780 2496 et

202 2525 424 2580 demum
470 2527 694 2584 invento
748 2531 1099 2585 consentiunt
1144 2533 1442 2602 scriptores
1475 2532 1578 2588 ﬁde
1610 2535 1775 2604 digni,

200 2619 301 2673 sed
339 2618 539 2675 factum
580 2623 717 2676 illud
753 2623 924 2694 ﬁgunt
971 2635 1084 2679 toto
1120 2624 1232 2679 fere
1265 2627 1461 2681 sarculo
1494 2627 1677 2690 citius,
1721 2635 1778 2680 ut

200 2727 329 2765 mox
350 2713 656 2768 ostendam.
685 2713 898 2768 interea
929 2716 1180 2780 observo,
1215 2718 1396 2785 priora
1425 2718 1628 2785 omnia,
1660 2734 1778 2786 quae

198 2801 515 2857 referuntur
568 2805 634 2859 de
697 2807 910 2876 gemina
966 2809 1340 2871 translatione,
1400 2810 1656 2863 nimirum
1711 2828 1777 2865 ex

198 2891 477 2962 Ethiopia
511 2894 563 2947 in
593 2895 950 2963 Britanniam,
1004 2908 1057 2952 et
1087 2913 1150 2951 ex
1205 2897 1480 2952 Britannia
1517 2899 1570 2952 in
1603 2899 1775 2954 Luca-

200 2984 372 3049 niam,
401 3002 464 3039 ex
490 2986 825 3055 coniecturis
858 2990 1080 3044 incertis
1109 2991 1352 3060 potuisse
1382 2993 1652 3063 conﬁngi;
1683 2995 1775 3046 sed

198 3083 312 3127 tam
347 3075 774 3143 improbabiliter
803 3079 972 3133 fuisse
1004 3083 1274 3148 exposita,
1315 3093 1374 3136 ut
1407 3083 1588 3136 malim
1623 3085 1776 3154 igno-

1876 2004 2180 2058 anonymus
2227 1989 2622 2043 Salernitanus.
2656 1987 2935 2056 Ugliellus,
2959 1995 3087 2038 tom.
3111 1983 3304 2043 X,col.
3348 1981 3441 2036 157
3507 1992 3510 1995 ’

1879 2081 1929 2134 in
1955 2082 2225 2150 episcopis
2258 2080 2540 2144 Paestanis,
2583 2087 2638 2134 et
2660 2079 2933 2133 Antonius
2963 2076 3140 2130 Mazza
3163 2075 3231 2128 ~in
3267 2073 3449 2128 Histo-

1881 2173 1958 2224 ria
2001 2173 2149 2224 urbis
2195 2172 2573 2230 Saleruitanae.
2612 2186 2728 2238 cap.
2769 2170 2824 2230 5,
2863 2184 3016 2221 num.
3071 2170 3156 2230 15,
3185 2167 3253 2222 de
3302 2181 3444 2221 anno

1878 2263 2042 2315 etiam
2089 2263 2465 2318 consentiunt.
2514 2261 2586 2316 De
2639 2263 2758 2316 loco
2795 2261 2871 2314 ait
2916 2259 3192 2330 Ugltellus,
3246 2274 3445 2327 corpus

1878 2349 2158 2404 inventum
2183 2365 2301 2404 esse
2323 2350 2376 2403 in
2401 2366 2600 2404 eversa
2629 2350 2779 2404 urbis
2806 2347 3104 2418 (Paestanas)
3133 2347 3442 2401 ruderibus.

1878 2441 2055 2496 Mazza
2090 2441 2263 2495 solum
2319 2441 2474 2506 dicit,
2505 2441 2558 2495 in
2613 2440 2866 2496 Lucaniae
2895 2441 3092 2494 ﬁnibus
3139 2440 3443 2492 inventum.

1880 2530 2319 2585 Translationem
2345 2547 2473 2586 vero
2503 2530 3016 2586 enarrathisverbis
3049 2546 3061 2580 :
3096 2548 3114 2580 ι
3149 2528 3445 2598 Gisulphus

1878 2618 2178 2674 Guaimarii
2239 2621 2379 2674 ﬁlius
2405 2621 2568 2675 etiam
2623 2621 2883 2690 parvulus
2917 2620 3054 2690 patri
3103 2619 3445 2674 succedendo

1879 2710 2145 2779 regnavit.
2213 2709 2362 2764 Beati
2387 2710 2640 2780 apostoli,
2673 2710 3022 2779 evangelista:
3074 2723 3136 2761 ac
3188 2709 3443 2777 martyris

1881 2802 2117 2857 Ilattlnei
2160 2818 2378 2872 corpus,
2428 2802 2678 2856 Lucaniae
2723 2801 2923 2854 ﬁnibus
2986 2800 3364 2861 inventum,...
3413 2811 3445 2851 e

1876 2895 2120 2948 Pmstana
2168 2895 2389 2948 civitate
2445 2909 2588 2946 anno
2620 2892 2722 2947 934
2752 2932 2766 2956 ,
2821 2901 3063 2960 tempore
3124 2889 3444 2960 praesulatus

1875 2987 2136 3042 Bernardi
2198 2988 2261 3049 ll,
2320 3003 2526 3042 summa
2566 3002 2690 3040 cum
2749 2984 3097 3039 veneratione
3147 2983 3201 3036 in
3254 2982 3442 3036 urbem

1879 3080 2283 3134 Salernitanam
2330 3078 2631 3142 transtulit,
2673 3079 2831 3147 cujus
2883 3077 3180 3130 adventum
3225 3082 3448 3128 sanctus

202 3181 328 3221 rare
374 3182 486 3235 quo
532 3169 697 3223 modo
723 3180 776 3224 et
815 3186 922 3238 quo
956 3181 1198 3240 tempore
1228 3188 1439 3226 sacrum
1474 3175 1602 3228 illud
1647 3177 1775 3230 'cor-
1804 3207 1844 3260 ο
1879 3169 2249 3224 Grammatins
2310 3169 2352 3222 ll
2410 3169 2785 3222 Salernitanus
2867 3167 3177 3236 episcopus,
3239 3165 3447 3220 ultimis

197 3272 306 3327 pus
340 3257 394 3310 in
442 3257 736 3315 Lucaniam
789 3262 1119 3331 pervenerit,
1170 3278 1330 3330 quam
1365 3265 1450 3317 vel
1484 3264 1766 3318 minimum

197 3363 270 3403 ex
311 3350 573 3405 relatione
615 3351 699 3405 illa
744 3352 1025 3422 adoptare.
1058 3351 1130 3406 De
1161 3355 1336 3422 capite
1370 3354 1570 3418 sancti,
1627 3355 1769 3424 quod

201 3441 309 3496 sibi
364 3443 670 3497 attribuunt
713 3444 1003 3510 Armorici,
1039 3456 1225 3512 postea
1270 3455 1459 3513 agetur
1498 3461 1599 3500 suo
1632 3447 1770 3501 loco.

201 3535 313 3587 Leo
334 3534 602 3588 Ostiensis
633 3537 686 3587 in
725 3537 975 3589 Chronico
1009 3535 1308 3598 Casinensr’,
1345 3537 1436 3590 lib.
1480 3553 1541 3602 rt,
1573 3554 1691 3607 cap.
1718 3542 1771 3605 5,

202 3626 270 3678 ad
308 3627 640 3694 propositum
683 3637 927 3681 nostrum
961 3627 1072 3682 lucc
1104 3628 1326 3683 scribit:
1370 3628 1569 3695 Quinto
1610 3631 1771 3699 huius

200 3716 414 3772 abbatis
444 3717 725 3788 (Aligerni)
752 3734 915 3781 anno,
945 3719 1037 3792 qui
1072 3730 1154 3774 est
1182 3736 1210 3772 a
1247 3719 1534 3775 Nativitatc
1563 3721 1771 3775 Domini

202 3811 653 3880 nongentesimus
680 3811 1165 3881 quinquagesimus
1195 3822 1442 3882 quartus,
1472 3814 1772 3876 beatissimi

198 3902 434 3968 apostoli
460 3910 509 3952 et
541 3895 883 3970 evangelista;
907 3902 1138 3955 llatthaei
1178 3920 1394 3972 corpus,
1433 3908 1573 3974 quod
1598 3909 1773 3976 primo

200 3991 347 4060 apud
381 3989 737 4059 Ethiopian),
771 3991 859 4044 ubi
892 4001 947 4046 et
979 4008 1172 4062 passus
1197 3994 1395 4058 fuerat,
1430 3999 1772 4067 postmodum

200 4096 386 4139 autem
419 4084 561 4153 apud
591 4082 928 4138 Britanniam
965 4102 1060 4155 per
1094 4095 1340 4158 tempora
1377 4090 1592 4145 diversa
1621 4095 1775 4160 quie-

205 4187 384 4242 verat,
423 4178 641 4233 tandem
689 4180 936 4250 ejusdem
973 4181 1140 4235 sancti
1171 4185 1516 4252 evangelistae
1564 4187 1774 4239 revela-

202 4273 355 4326 tione
383 4283 678 4341 repertum,
719 4282 880 4342 atque
914 4273 966 4324 in
998 4271 1281 4326 Salernum
1319 4277 1638 4330 translatum
1668 4289 1769 4333 cst.

202 4366 495 4432 Baronius,
543 4365 637 4435 qui
689 4365 811 4419 data
845 4364 1044 4420 Leonis
1077 4367 1240 4422 verba
1292 4367 1543 4438 allegavit
1578 4370 1642 4424 ad
1677 4387 1774 4425 an-

200 4473 335 4512 num
365 4457 490 4520 954,
512 4471 663 4509 num.
694 4458 749 4518 2,
774 4457 826 4509 in
853 4459 1091 4527 margine
1128 4461 1354 4523 notavit,
1392 4477 1488 4529 pro
1523 4464 1772 4530 vocibus,

203 4549 348 4619 apud
378 4548 735 4609 Britanniam,
769 4548 903 4599 alias
928 4546 1054 4616 legi,
1088 4549 1229 4615 apud
1265 4548 1590 4619 Bithyniam.

276 4641 364 4694 65.
401 4641 718 4706 Anonymus
744 4636 1114 4693 Salernitanus
1135 4638 1187 4691 in
1209 4637 1478 4696 Chronico
1503 4656 1622 4711 cap.
1647 4642 1768 4705 145,

203 4733 322 4788 sive
355 4741 483 4785 tom.
517 4727 558 4783 ll
611 4727 942 4796 Scriptorum
984 4727 1178 4793 Malim,
1227 4741 1367 4798 part.
1404 4748 1462 4794 ll,
1497 4733 1599 4786 col.
1644 4733 1768 4799 280,

201 4829 274 4882 dc
307 4825 619 4879 inventione
649 4823 717 4875 ita
765 4821 1041 4890 loquitur:
1081 4839 1098 4872 ι
1143 4821 1198 4873 ln
1234 4821 1403 4889 ipsius
1433 4824 1771 4891 temporibus

206 4920 486 4972 inventum
517 4926 600 4969 est
630 4913 1059 4968 sacratissimum
1107 4930 1308 4982 corpus
1343 4913 1400 4965 Β.
1439 4913 1674 4969 Mattlnei
1717 4917 1769 4969 in

204 5009 459 5063 Lucania:
489 5006 708 5068 ﬁnibus,
738 5012 901 5073 atque
922 5020 1044 5058 cum
1077 5005 1259 5059 debito
1289 5006 1497 5061 honore
1529 5025 1625 5077 per
1655 5010 1771 5079 jus-

207 5101 420 5159 sionem
454 5099 562 5169 iam
588 5099 681 5153 fati
720 5095 983 5167 principis
1013 5095 1299 5152 Salernum
1326 5099 1635 5154 deducitur.
1664 5102 1768 5155 Sed

205 5203 340 5265 quot
369 5193 522 5262 signa
571 5202 627 5245 et
660 5190 936 5255 miracula,
978 5198 1030 5242 et
1075 5193 1348 5260 quomodo
1392 5189 1556 5246 fuerit
1587 5209 1772 5262 reper-

207 5300 344 5350 tum,
371 5285 682 5340 omnimodo
706 5299 851 5338 nunc
901 5283 1135 5354 pandere
1166 5285 1485 5339 omittimus.
1521 5284 1768 5340 Postmo-

211 5381 365 5444 dum,
403 5377 512 5430 Deo
547 5385 845 5438 annuente,
888 5375 1118 5430 ﬁdeliter
1153 5376 1581 5439 innotescamus,
1611 5388 1771 5447 atque

207 5471 337 5524 huic
363 5467 610 5523 Historiae
641 5478 933 5522 annectere
970 5468 1228 5523 faciamus
1255 5488 1267 5522 :
1301 5469 1424 5524 llaec
1448 5485 1775 5540 anonymus,

208 5561 310 5616 sub
340 5560 605 5630 Gisulpho
655 5561 902 5629 principe
950 5559 1299 5614 Salernitana
1337 5576 1646 5615 memorans
1684 5562 1769 5616 in-

209 5651 538 5711 ventionem.
572 5650 696 5703 licet
727 5650 776 5703 id
813 5666 919 5703 non
945 5660 1200 5718 appareat
1224 5650 1341 5704 loco
1366 5652 1617 5720 allegato,
1645 5655 1770 5720 quia

209 5752 382 5800 totum
415 5752 596 5811 caput,
623 5742 673 5794 iu
708 5756 814 5808 quo
846 5742 912 5796 de
936 5741 1201 5812 Gisulpbo
1226 5743 1424 5813 agitur,
1452 5755 1534 5796 est
1563 5759 1627 5798 eo
1652 5744 1768 5798 loco

205 5834 493 5891 omissum.
527 5832 585 5888 in
615 5834 898 5904 Excerptis
926 5848 1043 5904 qua:
1070 5833 1406 5904 Heremperti
1433 5835 1652 5892 nomine
1678 5835 1768 5890 ba-

1877 3261 1996 3328 ejus
2029 3262 2149 3314 vita:
2187 3261 2337 3314 horis
2379 3260 2463 3315 his
2510 3258 2760 3329 prardixit
2795 3259 2978 3314 verbis
3031 3276 3046 3314 :
3115 3277 3133 3309 ‹
3173 3259 3291 3312 Non
3324 3267 3444 3326 post

1875 3349 2044 3403 multa
2081 3360 2322 3418 tempora
2371 3351 2597 3403 ecclesia
2656 3349 2995 3403 Salernitana
3061 3349 3269 3403 caelesti
3328 3347 3447 3402 the-

1874 3459 2035 3497 sauro
2109 3442 2476 3506 tlecorabitur,
2541 3451 2703 3512 atque
2762 3444 2828 3496 ad
2900 3458 3171 3496 summum
3227 3443 3445 3496 honoris

1875 3536 2088 3604 apicem
2122 3537 2375 3591 ducetur.
2429 3535 2649 3591 Festum
2710 3552 2840 3589 vero
2877 3535 3034 3590 dicta:
3077 3536 3447 3591 translationis

1874 3625 2100 3696 singulis
2131 3628 2435 3695 quibusque
2479 3628 2641 3681 annis
2663 3629 2841 3697 pridie
2873 3625 3056 3682 Nonas
3087 3629 3208 3682 Maii
3243 3629 3442 3684 solem-

1876 3720 2017 3774 niter
2053 3734 2147 3789 per
2167 3728 2289 3773 octo
2309 3720 2424 3774 dies
2452 3717 2694 3791 hymnis,
2758 3719 2897 3774 rosis
2938 3729 2993 3773 et
3027 3718 3275 3785 ﬁoribus,
3332 3734 3446 3773 ma-

1877 3813 2022 3864 ximo
2059 3811 2242 3882 populi
2293 3827 2564 3866 concursu
2618 3811 2927 3866 celebratur
2982 3829 2996 3866 :
3047 3813 3446 3880 universusque

1877 3902 2078 3968 clerus,
2115 3904 2357 3967 abbates,
2381 3920 2445 3958 ac
2475 3905 2967 3972 comprovinciales
2998 3905 3179 3958 cuncti
3200 3904 3443 3973 episcopi
3479 3887 3483 3891 ’

1877 3993 2066 4061 primis
2097 3996 2360 4062 vesperis,
2387 4009 2491 4048 nec
2528 4009 2638 4047 non
2684 3995 2859 4049 missae
2896 3995 3128 4049 solemni
3176 3997 3446 4052 interesse

1879 4085 2302 4154 compelluntur.
2337 4105 2353 4137 ι
2394 4086 2520 4142 llaec
2567 4086 2770 4140 Mazza.
2823 4086 2976 4153 Quod
3006 4097 3187 4143 autem
3238 4099 3448 4158 spectat

1879 4183 1944 4237 ad
2003 4181 2412 4254 przedictiouem
2465 4181 2639 4234 sancti
2708 4182 3050 4243 Grammatii,
3118 4196 3234 4234 eam
3282 4181 3445 4234 etiam

1879 4275 2042 4330 refert
2086 4272 2362 4343 Ugliellus,
2410 4271 2892 4340 inArchiepisropis
2930 4271 3305 4336 Salernitanis,
3330 4274 3446 4329 sive

1881 4378 2011 4421 tom.
2038 4365 2144 4429 V'll,
2173 4364 2276 4420 col.
2308 4363 2413 4418 552
2436 4363 2488 4418 in
2523 4374 2710 4417 sancto
2745 4363 3096 4423 Gratnmatio,
3132 4364 3222 4432 qui
3245 4363 3442 4417 ibidem

1880 4458 2078 4513 dicitur
2104 4458 2313 4512 colidie
2343 4456 2394 4508 ll
2434 4454 2724 4518 Octobris;
2761 4455 2825 4506 ad
2894 4470 3054 4522 quem
3093 4453 3235 4506 diem
3286 4455 3444 4509 latius

1805 4558 1847 4612 ι)
1877 4549 2019 4618 apud
2063 4564 2168 4602 nos
2197 4547 2496 4601 examinari
2528 4544 2752 4612 poterit.
2809 4544 2883 4597 De
2933 4545 3155 4613 reliquis
3194 4545 3445 4600 similiter

1883 4640 2074 4694 Mazue
2100 4639 2396 4693 assentitur
2429 4634 2693 4704 Ughellus
2721 4635 2775 4689 in
2803 4635 3082 4690 Bernarth
3117 4635 3180 4700 ll,
3206 4638 3439 4696 col.562.

1881 4732 2135 4798 additque
2166 4744 2365 4797 corpus
2407 4728 2646 4782 delatum
2681 4743 2801 4781 esse
2837 4729 2889 4781 in
2920 4727 3211 4781 ecclesiam
3270 4729 3444 4796 majo-

1880 4837 1992 4875 rem
2035 4832 2236 4876 sancta:
2265 4820 2463 4874 Mariae.
2523 4819 2729 4888 Gaspar
2775 4818 2953 4870 Musca
2997 4817 3052 4870 in
3101 4817 3442 4886 Compendio

1881 4916 2015 4971 Vita:
2046 4916 2216 4972 sancti
2261 4914 2499 4969 Matthmi
2531 4915 2596 4966 de
2640 4913 2724 4966 his
2756 4911 2831 4964 ait
2872 4929 2885 4965 :
2921 4929 2939 4964 ι
2986 4911 3146 4966 Anno
3183 4927 3308 4965 vero
3339 4912 3436 4966 95³

1882 5009 1983 5061 sub
2017 5008 2239 5077 Agapito
2275 5005 2512 5059 secundo
2541 5007 2746 5072 qmpa),
2805 5002 3118 5057 Bernardus
3169 5005 3445 5058 secundus

1883 5101 2045 5169 hujus
2077 5098 2313 5153 nominis
2344 5096 2650 5166 episcopus,
2700 5111 2761 5149 ac
2824 5094 3120 5164 Cisulphus
3187 5094 3444 5163 princeps

1881 5191 2348 5245 Salernitanorum
2381 5188 2466 5242 die
2497 5196 2647 5241 sexta
2675 5184 2822 5250 Maii,
2852 5199 3056 5255 corpus
3112 5185 3346 5253 apostoli
3374 5201 3438 5239 ex

1883 5285 2126 5338 Paestana
2167 5279 2388 5333 civitate
2435 5274 2745 5339 Salernum,
2779 5276 2831 5329 in
2861 5272 3227 5328 cathedralem
3267 5274 3440 5329 eccle‘

1882 5377 2018 5431 siam
2067 5371 2168 5426 sub
2230 5368 2491 5425 vocabulo
2573 5368 2787 5420 Sancta:
2854 5363 3031 5418 Mariae
3111 5365 3438 5432 Angelorum

1885 5463 2167 5522 transferri
2200 5471 2482 5525 curarunt,
2511 5459 2565 5512 in
2597 5475 2701 5527 qua
2733 5456 3001 5524 requievit
3055 5471 3227 5509 annos
3253 5454 3376 5507 121.
3418 5474 3433 5494 ι

1880 5561 1958 5614 De
2002 5560 2099 5612 hac
2151 5553 2503 5608 translatione
2539 5553 2721 5620 itaque
2778 5565 2886 5604 non
2938 5548 3151 5604 videtur
3184 5546 3437 5600 dubitan-

1881 5653 2027 5707 dum.

1952 5742 2041 5793 G7.
2078 5741 2325 5792 Attamen
2375 5737 2478 5791 alia
2523 5734 2783 5788 nonnulla
2808 5735 3033 5787 veniunt
3058 5729 3438 5794 examinanda,

1883 5851 1999 5905 qua:
2041 5835 2092 5887 in
2133 5830 2378 5902 corporis
2442 5826 2764 5883 inventione
2795 5835 2856 5882 er
2882 5833 3004 5878 ante
3028 5821 3438 5876 translationem
