4188 6436
774 402 868 464 791

2030 402 2311 461 ΜΕΝΞὶς
2350 400 2817 461 SEPTEMBER.

3942 396 4047 456 7‘39.

776 517 1182 572 Saleruitanam
1214 530 1399 573 narrat
1431 521 1721 584 Marsilius,
1756 531 1809 575 et
1837 522 2071 575 breviter
2101 522 2420 575 laudatusA
2454 517 2687 584 aliquot,
2725 519 2926 586 quibus
2978 519 3117 571 facta
3176 520 3226 569 in
3289 534 3388 570 ms.
3449 519 3613 569 relata
3671 516 3853 584 magis
3910 514 4048 567 ﬁunt

774 612 953 665 Musca
982 614 1299 681 perstringit
1351 615 1431 668 his
1457 616 1633 668 verbis
1671 633 1682 667 :
1723 635 1739 665 ι
1784 616 1902 680 Quo
1934 624 2177 683 tempore
2214 615 2341 667 bea-

774 702 1018 756 tissimus
1065 704 1341 772 apostolus
1381 704 1607 775 Pelagite
1639 707 1855 761 cuidam
1897 706 2114 760 moniali
2149 705 2341 762 vetula

775 795 829 847 iu
878 798 1089 848 somnis
1161 810 1357 865 corpus
1407 811 1565 850 suum
1631 798 2020 859 manifestans,
2062 798 2177 865 ipsa
2235 797 2344 851 lilio

774 888 1067 941 Athanasio
1095 890 1386 953 monacho,
1419 890 1512 958 qui
1540 892 1588 941 in
1616 891 1770 943 altari
1819 893 2052 959 quodam
2079 906 2108 944 a
2155 890 2347 945 barba-

778 981 851 1031 ris
873 981 1073 1041 diruto,
1094 991 1145 1034 et
1164 983 1418 1049 veprihus
1442 983 1803 1052 undequaquc
1836 995 2105 1048 contecto,
2129 999 2343 1038 sacrum

778 1087 983 1137 corpus
1040 1073 1342 1140 reperiens,
1393 1074 1594 1128 exinde
1647 1075 1712 1127 ad
1780 1090 2001 1144 parvam
2059 1075 2346 1129 ecclesiam

781 1178 953 1230 prope
987 1163 1291 1217 Paestauam
1322 1165 1600 1221 civitatem
1632 1168 1851 1222 locavit.
1880 1168 2019 1222 Hine
2038 1182 2163 1221 vero
2181 1167 2345 1221 Joan-

781 1269 878 1307 nes
907 1252 1185 1309 Ptestanus
1212 1255 1497 1326 episc0pus
1536 1259 1601 1312 ad
1666 1258 2036 1313 cathedraiem
2089 1258 2348 1311 vocabulo

778 1344 991 1400 Sanctae
1034 1347 1212 1401 Mariae
1262 1350 1462 1403 eximia
1519 1367 1714 1420 pompa
1774 1352 2097 1421 deportavit.
2142 1369 2159 1400 ι
2209 1351 2347 1403 Mar-

785 1438 941 1492 silius
995 1455 1115 1510 cap.
1167 1440 1197 1493 7
1242 1458 1349 1495 una
1383 1457 1507 1495 cum
1552 1444 1816 1498 relatione
1862 1460 1967 1498 ms.
2012 1444 2197 1505 habet,
2250 1442 2347 1497 Pe-

782 1531 940 1598 lagia:
965 1532 1288 1600 apparuisse
1314 1543 1561 1588 sanctum
1597 1535 1910 1588 Matth-reum
1949 1536 2127 1587 tribus
2159 1551 2352 1587 conse-

781 1632 1015 1690 quenter
1093 1624 1371 1686 noctibus,
1424 1625 1586 1694 eique
1649 1628 1795 1680 varia
1857 1628 2128 1680 indicasse
2179 1629 2350 1697 signa,

783 1715 984 1784 quibus
1003 1730 1219 1771 sacrum
1239 1734 1441 1787 corpus
1474 1721 1828 1788 reperiretur,
1855 1721 2193 1790 jussisseque
2238 1738 2353 1773 om-

2447 610 2847 678 improbabilia,
2872 620 2926 662 et
2951 611 3144 679 magis,
3168 623 3326 679 quam
3359 624 3579 663 necesse
3598 620 3680 661 est
3735 619 4045 661 accusatur

2446 702 2807 755 Athanasius.

2518 814 2604 867 69.
2656 812 2832 880 Quare
2903 816 3002 868 ista
3048 829 3261 881 quoque
3325 831 3387 866 ex
3430 830 3528 865 ms.
3573 815 3675 865 huc
3732 811 3985 864 traduce
4033 828 4044 861 :

2454 924 2469 953 ι
2514 905 2723 955 interea
2755 904 2888 956 clam
2923 903 3329 955 sanctissimum
3381 917 3581 969 corpus
3632 901 4046 954 ConStantino-

2449 996 2639 1064 poleos
2674 996 2888 1048 deferre
2919 995 3286 1048 meditabatur
3319 995 3383 1046 ad
3413 995 3627 1053 urbem,
3663 1008 3867 1045 revera
3938 1007 4042 1042 non

2451 1085 2727 1154 religionis
2797 1086 2994 1155 gratia,
3054 1084 3147 1137 sed
3210 1084 3345 1136 lucri
3420 1084 3720 1152 cupiditate
3790 1082 4043 1133 illectus.

2453 1175 2744 1244 lgnorante
2782 1175 2962 1242 itaque
3000 1184 3199 1235 matre,
3258 1176 3456 1227 tollens
3497 1173 3730 1239 apostoli
3800 1184 4041 1238 corpus.

2452 1267 2795 1334 Amalphiam
2864 1265 3015 1318 adire
3050 1264 3301 1328 tentavit,
3352 1281 3577 1333 sperans
3606 1280 3662 1317 se
3698 1261 3771 1316 ibi
3814 1261 4042 1330 aliquod

2456 1361 2809 1411 inventurum
2845 1371 2967 1409 esse
2997 1357 3299 1425 navigium,
3349 1372 3457 1423 quo
3492 1354 4041 1420 Constantinopolim

2456 1460 2795 1520 properaret.
2856 1448 3102 1516 Cumque
3157 1446 3387 1500 festinus
3434 1447 3673 1500 lembum
3750 1447 4041 1501 intrasset.

2456 1543 2577 1596 velo
2625 1556 2887 1610 remoque
2945 1541 3248 1595 nitentibus
3287 1540 3486 1599 nautis,
3543 1540 3609 1593 ad
3665 1541 3878 1602 locum,
3936 1555 4043 1607 quo

2457 1633 2823 1701 disposuerat,
2858 1633 3033 1701 pergit
3090 1634 3186 1685 ire.
3236 1631 3339 1689 Sed
3384 1640 3441 1683 ut
3480 1630 3629 1682 navis
3674 1629 3967 1697 paululum
4016 1643 4044 1678 a

2459 1734 2602 1777 terra
2642 1724 3009 1784 discessisset,
3047 1733 3213 1775 ruunt
3263 1721 3475 1791 agmina
3510 1731 3819 1781 ventorum,
3857 1717 4042 1787 pluvia

786 1808 880 1861 nia
920 1824 1039 1862 earn
1068 1810 1308 1865 indicare
1330 1815 1625 1867 Athanasio
1648 1815 1778 1876 filio,
1812 1828 1867 1869 et
1897 1830 2018 1866 cum
2054 1830 2118 1867 eo
2149 1831 2351 1883 corpus
2387 1853 2430 1910 Β
2459 1825 2513 1867 et
2546 1822 2844 1882 tempestas
2873 1823 3057 1867 exorta
3091 1822 3196 1876 est,
3234 1812 3288 1864 in
3347 1821 3558 1864 tantum
3625 1809 3917 1879 equidem,
3989 1820 4047 1861 ut

784 1914 1051 1969 quaerere.
1089 1898 1271 1954 Tertia
1300 1912 1481 1955 autem
1512 1914 1691 1963 nocte,
1719 1904 1763 1955 si
1786 1917 1896 1956 rem
1950 1914 2093 1956 recte
2130 1918 2354 1955 enarra-

785 1992 864 2046 vit
899 2004 1112 2057 auctor,
1142 1994 1335 2047 eadem
1391 1994 1531 2048 visio
1567 1996 1814 2063 apparuit
1854 1997 2015 2048 etiam
2060 1996 2357 2048 Athanasio

788 2085 1079 2146 monacho,
1110 2093 1165 2137 et
1198 2086 1414 2153 utrique
1434 2101 1648 2155 poenam
1680 2081 1960 2140 minitatus
1985 2095 2066 2138 est
2090 2101 2358 2153 apparens

789 2174 1095 2241 apostolus,
1130 2174 1232 2227 nisi
1265 2174 1330 2227 ad
1369 2190 1583 2228 sacrum
1624 2191 1827 2244 corpus
1882 2177 2229 2241 quaerendum
2298 2191 2357 2229 se

788 2264 1158 2332 accingereut.
1210 2264 1553 2336 Quapropter
1592 2282 1753 2321 mane
1793 2269 1952 2322 simul
2004 2268 2361 2338 egrediuntur

788 2373 886 2425 per
921 2358 1064 2411 viam
1098 2357 1414 2419 iudicatam,
1446 2372 1697 2428 quaerunt
1749 2362 1871 2414 (lala
1907 2361 2129 2434 indicia,
2170 2367 2224 2412 el.
2250 2360 2359 2411 cito

791 2450 1097 2517 reperiunt.
1133 2448 1410 2503 Fodieudo
1451 2452 1612 2517 igitur
1643 2451 1813 2503 altare
1838 2453 2118 2518 detegunt,
2147 2458 2359 2502 amota-

791 2558 896 2610 que
955 2558 1142 2596 mensa
1178 2558 1505 2607 marmorea,
1553 2559 1764 2598 sacrum
1811 2559 2011 2614 corpus
2048 2542 2356 2596 inveniunt.

796 2633 910 2688 Hoc
947 2647 1073 2688 vero
1106 2635 1633 2690 defertAtbanasius
1658 2638 1722 2690 ad
1755 2638 1941 2691 matris
1972 2637 2213 2698 domum,
2251 2633 2359 2689 ibi-

797 2745 903 2797 que
950 2730 1217 2783 asservari
1253 2729 1428 2799 jubet,
1486 2731 1664 2800 inquit
1720 2730 2011 2798 Marsilius,
2064 2752 2081 2784 r
2121 2737 2361 2804 quaudiu

795 2820 980 2875 divina
1008 2821 1261 2890 quapiam
1308 2822 1642 2877 revelatione
1685 2832 1993 2885 moneatur,
2021 2826 2149 2893 quid
2174 2827 2239 2881 de
2297 2846 2362 2882 eo

794 2910 867 2963 sit
928 2909 1187 2979 deinceps
1240 2910 1308 2965 ab
1351 2912 1483 2981 ipsis
1538 2914 1831 2981 agendum.
1882 2933 1903 2966 ι
1946 2914 2089 2970 Nihil
2150 2919 2203 2972 in
2259 2936 2361 2975 ms.

793 3000 992 3071 legitur
1015 3001 1082 3055 de
1111 3011 1428 3071 exspectata
1457 3002 1557 3057 bac
1597 3006 1948 3071 revelatione,
1984 3010 2119 3063 nihil
2148 3028 2361 3081 quoque

793 3093 862 3147 de
895 3093 1153 3147 mandato
1184 3095 1595 3165 apoStoli,quod
1631 3096 1903 3153 Marsilius
1929 3103 2142 3168 astruit,
2167 3121 2281 3175 cap.
2307 3105 2359 3161 8.

799 3193 858 3237 ut
882 3197 1082 3251 corpus
1106 3184 1495 3241 transferretur
1525 3189 1835 3249 Salernum.

866 3274 955 3329 68.
987 3274 1116 3329 Post
1135 3277 1504 3345 apparitiones
1532 3281 1760 3353 Pelagia
1786 3295 1838 3338 et
1857 3287 2152 3344 Athanasio
2171 3291 2360 3355 factas,

796 3365 853 3418 in
884 3380 1117 3435 quarum
1144 3367 1329 3421 ultima
1364 3372 1521 3424 minae
1543 3383 1701 3427 erant
1739 3375 2028 3445 atljunetre,
2062 3380 2113 3434 in
2136 3398 2235 3437 ms.
2283 3385 2365 3436 in-

798 3457 983 3511 ventio
1037 3457 1119 3513 sic
1151 3461 1386 3513 refertur
1435 3480 1447 3515 ς
1498 3482 1515 3513 r
1573 3464 1688 3530 Qua
1747 3471 2170 3525 comminatione
2220 3490 2367 3527 eom-

797 3550 990 3619 pulsus
1069 3553 1420 3616 Athanasius,
1515 3556 1828 3613 fslcastrum
1923 3561 2365 3631 (instrumentum

798 3643 959 3697 falcis
1018 3643 1281 3700 instarad
1334 3649 1757 3707 rescindeudum
1799 3658 2014 3729 vepres)
2077 3660 2365 3731 arripiens,

799 3738 1121 3806 praedictum
1170 3740 1271 3794 sibi
1322 3742 1499 3796 locum
1565 3747 1774 3801 curiosa
1818 3750 2163 3818 indagatione
2207 3754 2371 3820 cuipit

800 3830 1099 3899 inquirere.
1136 3830 1244 3884 Sed
1285 3833 1331 3889 is
1383 3835 1534 3888 locus
1591 3847 1739 3893 tanta
1779 3852 1895 3894 erat
1944 3844 2187 3912 veprium
2240 3848 2371 3901 den-

800 3922 965 3978 sitate
1011 3934 1318 3987 contectus,
1372 3935 1431 3982 ut
1482 3929 1685 3998 nullus,
1733 3945 1838 4001 qua
1883 3934 2092 4003 ingredi
2163 3951 2366 4006 posset,

803 4024 1017 4084 pateret
1047 4016 1246 4070 aditus.
1270 4018 1338 4071 Ει
1394 4034 1515 4071 cum
1579 4023 1825 4089 veprium
1874 4024 2199 4081 densitatem
2262 4037 2371 4083 toto

804 4104 930 4159 nisu
961 4103 1289 4171 succideret,
1334 4110 1549 4162 tandem
1597 4124 1788 4164 eversa
1852 4117 2109 4182 ecclesia,
2173 4129 2231 4173 ut
2269 4121 2369 4175 sibi

810 4215 908 4268 per
956 4201 1346 4256 revelationem
1388 4219 1614 4257 ostensa
1640 4204 1836 4270 fuerat,
1873 4209 2042 4263 oculis
2076 4212 2218 4266 illius
2275 4230 2371 4285 ap-

805 4300 956 4358 paret
1003 4292 1145 4345 :sed
1178 4291 1370 4355 altare,
1398 4294 1521 4359 quia
1569 4296 1819 4364 congerie
1872 4298 2152 4366 Spinarutu
2209 4304 2372 4370 atque

805 4383 1105 4437 urticarum
1149 4384 1441 4439 admodum
1476 4396 1586 4438 eral
1624 4398 1958 4453 contuetum,
2016 4393 2242 4445 minime
2277 4411 2373 4464 po-

806 4485 945 4529 terat
976 4474 1198 4528 intueri.
1236 4474 1391 4529 Tune
1440 4479 1614 4540 caesis,
1652 4494 1768 4546 quae
1814 4493 2158 4549 supererant,
2201 4486 2372 4553 spinis

804 4585 867 4622 ac
901 4568 1171 4632 sentibus,
1199 4568 1264 4621 ad
1292 4570 1435 4636 quod
1458 4570 1566 4637 jam
1590 4572 1850 4639 llagrandi
1883 4574 2158 4627 desiderio
2190 4579 2369 4631 inlen-

804 4663 988 4724 dehat,
1015 4663 1190 4731 ipsum
1234 4664 1396 4715 etiam
1429 4663 1596 4715 altare
1628 4663 1833 4717 invenit
1870 4680 1887 4715 :
1931 4668 2214 4726 inventum
2250 4688 2369 4723 cum

807 4770 996 4826 magna
1028 4754 1241 4809 cautela
1280 4770 1523 4808 reserare
1563 4758 1833 4810 tentavit:
1889 4769 1942 4812 et
1996 4770 2053 4812 ut
2112 4777 2371 4827 marmor,

805 4863 911 4914 quo
947 4849 1088 4900 idem
1118 4848 1285 4900 altare
1324 4858 1441 4899 erat
1471 4859 1744 4916 opertum,
1783 4866 1845 4903 ex
1878 4866 1977 4905 suo
2026 4854 2146 4907 loco
2175 4856 2373 4909 movis-

806 4952 909 5004 set,
969 4941 1112 4995 illico
1160 4941 1311 4995 locus
1363 4943 1587 5009 quadris
1644 4952 1934 4999 contextus
1986 4947 2271 5004 lateribus.
2323 4950 2372 4999 in

805 5046 918 5100 quo
972 5046 1176 5100 corpus
1238 5033 1569 5115 sanctissimi
1619 5037 1846 5103 apostoli
1914 5048 1964 5090 et
2038 5040 2397 5109 evangelista

805 5122 1144 5192 quiescebat,
1171 5125 1442 5193 apparuit.
1474 5126 1603 5179 Inde.
1630 5127 1963 5180 Athanasius
1989 5132 2378 5184 tremebundus

808 5231 1010 5285 corpus
1040 5216 1271 5287 apostoli
1300 5218 1583 5285 detegens,
1618 5234 1740 5273 cum
1791 5220 1956 5273 multa
1988 5222 2266 5292 diligentia
2325 5225 2375 5276 in

737 5323 739 5326 ‘
810 5312 1040 5366 sindon:
1070 5311 1271 5364 munda
1298 5311 1541 5375 involvit,
1568 5309 1792 5379 suisque
1823 5314 2105 5381 imponens
2138 5316 2379 5369 humeris

810 5403 876 5456 ad
936 5401 1219 5472 proprium
1249 5402 1619 5456 habitaculum
1654 5404 1937 5462 remeavit,
1971 5414 2021 5457 et
2078 5408 2376 5474 pretiosum

807 5495 1129 5549 thesaurum
1168 5496 1323 5547 matri
1370 5494 1785 5548 custodiendum
1847 5495 2012 5549 dedit.
2059 5518 2075 5547 ι
2134 5497 2251 5549 Mox
2325 5502 2377 5551 in

811 5600 912 5638 ms.
936 5583 1206 5654 sequitur,
1236 5586 1474 5640 voluisse
1501 5587 1863 5641 Athanasium
1908 5589 2082 5657 primo
2107 5589 2378 5643 Constan-

810 5678 1115 5746 tinoriolim,
1188 5679 1387 5733 deinde
1452 5680 1699 5743 Romam,
1752 5696 1873 5734 cum
1934 5697 2089 5736 sacro
2152 5699 2379 5751 corpore

810 5769 1101 5836 navigare;
1135 5770 1228 5824 sed
1249 5769 1318 5825 ab
1339 5781 1571 5841 utroque
1600 5770 1794 5826 itinere
1818 5773 2153 5842 impeditum.
2179 5771 2376 5829 Eadem

810 5873 1020 5925 narrat,
1053 5877 1171 5932 cap.
1200 5862 1251 5930 8,
1289 5862 1580 5931 Marsilius,
1640 5865 1734 5921 sed
1786 5880 1896 5919 non
1931 5865 2049 5921 siue
2102 5868 2369 5938 adiunctis

2462 1905 2549 1958 vix
2574 1905 2639 1958 ad
2665 1914 2905 1972 portmn,
2972 1918 3132 1971 quem
3200 1902 3524 1970 reliquerat,
3580 1911 3873 1954 remearet.
3932 1900 4045 1954 Hoc

2462 1997 2552 2052 ille
2606 1996 2903 2050 frustratus
2951 1994 3202 2055 consilio,
3253 1993 3452 2047 iterum
3508 2007 3691 2046 secum
3739 1993 4043 2060 cogitabat,

2459 2087 2701 2158 qualiter
2724 2101 2846 2139 cum
2877 2083 3227 2138 sanctissimo
3281 2096 3514 2150 corpore
3571 2079 3800 2133 Romam
3842 2095 4044 2148 propc-

2463 2189 2608 2235 raret
2642 2196 2653 2231 :
2688 2178 2784 2232 sed
2829 2191 3171 2245 nequaquam
3208 2173 3297 2227 Dei
3335 2172 3504 2226 valuit
3550 2171 3819 2225 obsistere
3850 2171 4047 2223 volun-

2465 2273 2581 2335 tati,
2612 2270 2701 2340 qui
2732 2270 2844 2323 tale
2870 2269 3037 2322 initas
3076 2274 3256 2337 partes
3282 2265 3536 2336 dignatus
3560 2272 3643 2318 est
3664 2263 4046 2315 transmittere

2463 2364 2689 2417 donum.
2728 2361 2862 2415 Nam
2898 2360 3082 2414 denuo
3107 2358 3323 2426 navigio
3355 2367 3681 2425 praaparato,
3740 2356 4046 2424 assumptis

2466 2456 2658 2509 validis
2723 2455 2777 2507 in
2830 2450 3147 2523 remigando
3208 2449 3363 2511 viris,
3422 2448 3633 2517 placida
3687 2461 3913 2514 aequora
3968 2454 4047 2495 est

2468 2549 2769 2620 ingressus.
2803 2543 2910 2597 Sed
2946 2552 3239 2612 antequam
3276 2540 3431 2594 littus
3457 2540 3540 2592 vix
3577 2537 3756 2591 oculis
3792 2536 4048 2605 reliquis-

2465 2653 2569 2705 set,
2605 2639 2799 2708 ingeus
2825 2636 3061 2704 procella
3096 2634 3277 2687 subito
3309 2632 3509 2699 erupit,
3532 2632 3606 2683 ita
3647 2639 3708 2683 ut
3772 2630 3862 2681 vix
3891 2643 4047 2682 vora-

2466 2736 2644 2805 ginem
2678 2728 2976 2783 evaderent
3046 2724 3241 2795 pelagi.
3298 2723 3562 2784 Tandem,
3616 2721 3868 2790 quatnvis
3925 2735 4045 2773 cum

2466 2839 2658 2895 magna
2702 2819 2985 2881 mwstitia,
3037 2817 3335 2872 semivivus
3369 2831 3495 2869 suos
3544 2813 3684 2868 redit
3720 2813 3785 2866 ad
3861 2812 4043 2865 lines:

2465 2928 2697 2981 cumque
2729 2909 3074 2981 cognovisset
3102 2908 3391 2970 veraciter,
3415 2904 3515 2958 sibi
3549 2902 3720 2956 Deum
3748 2903 4043 2962 obsistere,

2466 3014 2519 3057 et
2551 3003 2688 3055 adeo
2740 3009 2931 3053 contra
2982 3012 3039 3051 se
3071 2994 3407 3049 insensibilia
3446 2992 3723 3047 elementa
3775 3003 4043 3059 pugnare,

2466 3095 2519 3149 in
2548 3091 2802 3152 ecclesia,
2842 3105 2961 3157 quae
3017 3102 3125 3142 non
3160 3087 3319 3157 longe
3356 3100 3387 3137 a
3413 3084 3550 3138 cella
3590 3084 3737 3137 illius
3778 3082 3885 3136 sita
3908 3092 4044 3143 erat,

2394 3210 2439 3272 ς
2470 3185 2900 3243 sacratissimum
2936 3181 3223 3237 abscondit
3254 3181 3592 3234 thesaurum.
3627 3196 3646 3227 ι
3684 3176 3811 3229 Haec
3849 3176 4044 3233 inms.,

2471 3296 2533 3334 ex
2566 3294 2675 3347 quo
2714 3278 2903 3345 nequit
2944 3281 3094 3331 certo
3128 3272 3335 3341 colligi,
3382 3268 3736 3323 Athanasium
3771 3267 4045 3320 Constan—

2470 3371 2700 3440 tinopoli
2760 3380 2852 3421 aut
2889 3368 3071 3421 Romae
3132 3379 3344 3417 sacrum
3406 3376 3607 3432 corpus
3660 3361 3903 3413 vendere
3957 3373 4046 3409 \o-

2470 3467 2659 3526 luisse,
2696 3472 2755 3515 ut
2783 3461 2973 3516 scribit
3008 3458 3296 3512 Marsilius.
3348 3456 3585 3509 Lucrum
3640 3455 3785 3507 enim
3827 3467 4046 3522 sperare

2473 3565 2705 3630 poterat,
2731 3556 2941 3609 etiamsi
2973 3569 3171 3621 corpus
3207 3567 3311 3604 non
3356 3549 3651 3605 venderet,
3705 3561 3771 3599 ex
3810 3546 4046 3599 benevo—

2471 3651 2718 3721 lentiaet
2751 3648 3075 3701 liberalitate
3104 3661 3317 3705 eorum,
3362 3644 3561 3712 quibus
3600 3640 3729 3691 illud
3790 3641 4041 3692 donaret.

2478 3744 2591 3795 Alia
2638 3741 2858 3795 Marsilii
2893 3736 3154 3806 adjuncta
3178 3739 3353 3790 mitto.

2545 3857 2611 3911 70
2678 3853 2802 3908 Post
2844 3852 2966 3907 data
3010 3850 3171 3904 verba
3217 3852 3405 3902 auctor
3461 3862 3562 3900 ms.
3622 3854 3835 3911 narrat,
3888 3845 4041 3899 inuo—

2476 3951 2642 4004 tuisse
2673 3947 2865 4002 Joanni
2915 3943 3172 4013 episc0p0
3200 3941 3445 3995 Paestano
3514 3940 3895 3993 inventionem
3924 3954 4044 3993 ear-

2476 4039 2622 4109 poris
2650 4038 2822 4092 sancti
2857 4033 3125 4095 Matthxi;
3158 4046 3393 4097 etunque
3429 4044 3552 4081 cum
3583 4029 3801 4081 clericis
3845 4028 4046 4094 aliquot

2475 4129 2781 4201 porrexisse
2810 4142 2905 4195 per
2934 4140 3119 4178 auram
3183 4121 3414 4191 pluviam
3468 4126 3519 4171 cl
3554 4128 3838 4171 ventosam
3867 4120 3932 4169 ad
3974 4117 4046 4168 lo-

2474 4236 2621 4283 cum,
2679 4217 2765 4271 ubi
2814 4214 3117 4282 depositum
3173 4220 3321 4274 erat;
3368 4224 3543 4277 eoque
3592 4207 3773 4261 vocari
3822 4208 4049 4276 jussisse

2478 4309 2851 4365 Athanasium.
2885 4303 3060 4365 Hunc,
3092 4302 3181 4354 ubi
3216 4300 3533 4360 advenerat,
3564 4300 3629 4351 de
3663 4299 3894 4350 invento
3929 4312 4046 4349 eor-

2477 4419 2607 4471 pore
2653 4403 2968 4465 interrogat.
3005 4410 3065 4449 ac
3105 4392 3548 4461 tergiversantem
3604 4391 3765 4443 minis
3795 4400 3971 4459 urget,
4003 4399 4053 4441 et

2481 4496 2558 4549 sic
2587 4493 2813 4551 obtinet,
2864 4500 2921 4542 ut
2953 4489 3019 4541 ad
3053 4486 3346 4539 videndum
3384 4498 3595 4537 sacrum
3650 4498 3857 4550 corpus
3885 4483 4053 4535 duca-

2484 4597 2589 4649 tur,
2624 4584 2859 4651 illudque
2886 4596 3006 4635 cum
3041 4578 3254 4632 clericis
3280 4578 3479 4630 videat.
3518 4593 3535 4625 ι
3569 4574 3876 4642 Episcopus
3903 4589 4048 4631 vero,

2481 4679 2554 4729 ait
2586 4683 2793 4735 auctor,
2833 4684 3046 4722 sacrum
3078 4683 3276 4734 corpus
3304 4666 3430 4733 (iam
3461 4667 3656 4731 visum)
3689 4665 3929 4717 sindone
3960 4666 4052 4717 ite-

2481 4782 2597 4818 rum
2636 4762 2933 4815 involutum
2974 4758 3157 4809 annuli
3182 4757 3262 4809 sui
3290 4754 3647 4823 impressione
3682 4754 3942 4821 signavit,
3977 4754 4037 4803 si-

2481 4866 2702 4927 gnatum
2734 4854 2784 4905 in
2818 4868 2940 4903 area
2978 4849 3114 4902 seris
3149 4847 3377 4906 munita,
3412 4846 3600 4914 sigillis
3633 4842 3893 4895 similiter
3923 4858 4042 4895 con-

2482 4953 2711 5020 signata,
2744 4943 3005 5015 reposuit.
3052 4963 3067 4994 ι
3104 4942 3197 4995 His
3229 4940 3403 5000 factis,
3437 4939 3479 4992 si
3516 4939 3790 4991 credimus
3820 4938 4045 4997 auctori,

2483 5042 2636 5111 petiit
2666 5039 2978 5109 episcOpus,
3008 5046 3062 5089 ut
3107 5032 3437 5088 Athanasius
3472 5027 3773 5081 monachus
3804 5028 4047 5081 esuriena

2486 5136 2630 5187 libus
2665 5132 2844 5185 cibum
2882 5136 3152 5196 qnatrerct
3206 5136 3258 5176 et
3293 5128 3612 5191 apponeret.
3646 5120 3716 5173 At
3766 5120 3859 5173 ille
3909 5120 4047 5171 cibos

2482 5227 2697 5292 quidem
2734 5220 2989 5281 habebat,
3018 5218 3111 5270 sed
3147 5215 3273 5269 vino
3303 5229 3528 5283 prorsus
3557 5212 3801 5265 carebat.
3836 5210 4044 5278 Episco-

2484 5333 2584 5386 pus
2620 5314 2779 5384 igitur
2808 5313 2948 5365 inter
2983 5308 3377 5365 comedendum
3422 5305 3601 5358 afTerri
3626 5304 3790 5373 jussit
3826 5318 4043 5356 vacuum

2482 5411 2792 5468 vasculum,
2835 5405 2979 5473 quod
3021 5405 3275 5457 omnibus
3303 5399 3581 5455 snlIiciens
3610 5397 3801 5451 vinum
3838 5395 4043 5456 elIudit,

2481 5504 2523 5554 si
2558 5516 2683 5553 vera
2728 5510 2913 5552 narrat
2943 5510 3262 5566 anonvmus,
3304 5493 3395 5561 qui
3431 5508 3491 5547 ea
3524 5490 3775 5562 plmibus
3806 5486 4038 5555 exponit.

2483 5591 2749 5646 Marsilius
2779 5603 2906 5642 Vero
2932 5590 3079 5657 plura
3103 5584 3265 5639 etiam
3297 5584 3559 5654 adjungit.
3586 5580 3740 5645 Μὶιιί,
3771 5591 3830 5635 ul.
3861 5582 4038 5635 fatear.

2483 5681 2664 5734 omnia
2707 5680 2790 5731 illa
2823 5678 2995 5747 magis
3029 5682 3278 5742 suspecta
3326 5683 3453 5727 sunt
3490 5670 3759 5735 falsitatis,
3803 5684 3961 5740 quam
3990 5676 4037 5719 ut

2483 5774 2596 5842 ipsa
2628 5772 2787 5824 verba
2815 5771 2920 5822 huc.
2947 5767 3241 5822 transferre
3272 5763 3472 5817 lubeat.
3507 5762 3766 5831 Apertius
3795 5770 3878 5812 est
3904 5772 4035 5811 com-

2483 5877 2752 5929 mentum,
2782 5865 2925 5933 quod
2958 5861 3223 5932 sequitur,
3262 5875 3321 5912 ac
3354 5857 3397 5912 si
3430 5870 3595 5909 uocru
3625 5870 3721 5924 per
3754 5854 4029 5907 fenestram
