  <div class='ocr_page' id='page_1' title='image "/cluster/home/n/w/nwhite01/storage/ocr_20150623/115/nnc1.0046980261/414.png"; bbox 0 0 4188 6436; ppageno 0'>
   <div class='ocr_carea' id='block_1_1' title="bbox 185 425 298 485">
    <p class='ocr_par' dir='ltr' id='par_1_1' title="bbox 185 425 298 485">
     <span class='ocr_line' id='line_1_1' title="bbox 185 425 298 485; baseline 0.018 -2"><span class='ocrx_word' id='word_1_1' title='bbox 185 425 298 485; x_wconf 79' lang='grc'><strong>793</strong></span> 
     </span>
    </p>
   </div>
   <div class='ocr_carea' id='block_1_2' title="bbox 1465 417 2182 481">
    <p class='ocr_par' dir='ltr' id='par_1_2' title="bbox 1465 417 2182 481">
     <span class='ocr_line' id='line_1_2' title="bbox 1465 417 2182 481; baseline -0.001 0"><span class='ocrx_word' id='word_1_2' title='bbox 1465 418 1645 481; x_wconf 77' lang='lat' dir='ltr'><strong>YlTA</strong></span> <span class='ocrx_word' id='word_1_3' title='bbox 1689 417 1750 475; x_wconf 86' lang='lat' dir='ltr'><strong>S.</strong></span> <span class='ocrx_word' id='word_1_4' title='bbox 1798 417 2182 480; x_wconf 72' lang='grc' dir='ltr'><strong>ΜΑΊἽἩΑΞιτ.</strong></span> 
     </span>
    </p>
   </div>
   <div class='ocr_carea' id='block_1_3' title="bbox 3339 420 3447 487">
    <p class='ocr_par' dir='ltr' id='par_1_3' title="bbox 3339 420 3447 487">
     <span class='ocr_line' id='line_1_3' title="bbox 3339 420 3447 487; baseline -0.009 -2"><span class='ocrx_word' id='word_1_5' title='bbox 3339 420 3447 487; x_wconf 73' lang='grc'><strong>’194</strong></span> 
     </span>
    </p>
   </div>
   <div class='ocr_carea' id='block_1_4' title="bbox 191 537 3448 608">
    <p class='ocr_par' dir='ltr' id='par_1_4' title="bbox 191 537 3448 608">
     <span class='ocr_line' id='line_1_4' title="bbox 191 537 3448 608; baseline -0.002 -11"><span class='ocrx_word' id='word_1_6' title='bbox 191 544 245 597; x_wconf 85' lang='lat' dir='ltr'><strong>in</strong></span> <span class='ocrx_word' id='word_1_7' title='bbox 280 544 563 598; x_wconf 77' lang='lat' dir='ltr'><strong>ecclesiam</strong></span> <span class='ocrx_word' id='word_1_8' title='bbox 590 544 898 607; x_wconf 73' lang='lat' dir='ltr'><strong>irrumpere</strong></span> <span class='ocrx_word' id='word_1_9' title='bbox 928 543 1191 596; x_wconf 84' lang='lat' dir='ltr'><strong>voluisset</strong></span> <span class='ocrx_word' id='word_1_10' title='bbox 1223 540 1578 603; x_wconf 76' lang='lat' dir='ltr'><strong>Athanasius,</strong></span> <span class='ocrx_word' id='word_1_11' title='bbox 1608 548 1661 593; x_wconf 89' lang='lat' dir='ltr'><strong>et</strong></span> <span class='ocrx_word' id='word_1_12' title='bbox 1686 554 1770 592; x_wconf 88' lang='lat' dir='ltr'><strong>sa-</strong></span> <span class='ocrx_word' id='word_1_13' title='bbox 1807 537 1845 589; x_wconf 84' lang='lat' dir='ltr'><strong>A</strong></span> <span class='ocrx_word' id='word_1_14' title='bbox 1883 538 2110 590; x_wconf 71' lang='lat' dir='ltr'><strong>habebat</strong></span> <span class='ocrx_word' id='word_1_15' title='bbox 2144 538 2328 594; x_wconf 80' lang='lat' dir='ltr'><strong>libant.</strong></span> <span class='ocrx_word' id='word_1_16' title='bbox 2366 540 2522 606; x_wconf 82' lang='lat' dir='ltr'><strong>cujus</strong></span> <span class='ocrx_word' id='word_1_17' title='bbox 2569 539 2773 591; x_wconf 78' lang='lat' dir='ltr'><strong>viscera</strong></span> <span class='ocrx_word' id='word_1_18' title='bbox 2805 544 2911 591; x_wconf 82' lang='lat' dir='ltr'><strong>tam</strong></span> <span class='ocrx_word' id='word_1_19' title='bbox 2944 537 3193 608; x_wconf 76' lang='lat' dir='ltr'><strong>gravibus</strong></span> <span class='ocrx_word' id='word_1_20' title='bbox 3223 546 3448 591; x_wconf 85' lang='lat' dir='ltr'><strong>contor-</strong></span> 
     </span>
    </p>
   </div>
   <div class='ocr_carea' id='block_1_5' title="bbox 187 631 1762 704">
    <p class='ocr_par' dir='ltr' id='par_1_5' title="bbox 187 631 1762 704">
     <span class='ocr_line' id='line_1_5' title="bbox 187 631 1762 704; baseline -0.003 -17"><span class='ocrx_word' id='word_1_21' title='bbox 187 651 342 687; x_wconf 83' lang='lat' dir='ltr'><strong>crum</strong></span> <span class='ocrx_word' id='word_1_22' title='bbox 382 650 578 702; x_wconf 90' lang='lat' dir='ltr'><strong>corpus</strong></span> <span class='ocrx_word' id='word_1_23' title='bbox 615 636 749 688; x_wconf 82' lang='lat' dir='ltr'><strong>clam</strong></span> <span class='ocrx_word' id='word_1_24' title='bbox 799 637 904 686; x_wconf 85' lang='lat' dir='ltr'><strong>alio</strong></span> <span class='ocrx_word' id='word_1_25' title='bbox 947 635 1252 704; x_wconf 74' lang='lat' dir='ltr'><strong>deportare.</strong></span> <span class='ocrx_word' id='word_1_26' title='bbox 1305 633 1480 700; x_wconf 66' lang='lat' dir='ltr'><strong>Eque</strong></span> <span class='ocrx_word' id='word_1_27' title='bbox 1515 631 1762 685; x_wconf 80' lang='lat' dir='ltr'><strong>fabulosa</strong></span> 
     </span>
    </p>
   </div>
   <div class='ocr_carea' id='block_1_6' title="bbox 195 723 1761 796">
    <p class='ocr_par' dir='ltr' id='par_1_6' title="bbox 195 723 1761 796">
     <span class='ocr_line' id='line_1_6' title="bbox 195 723 1761 796; baseline -0.004 -18"><span class='ocrx_word' id='word_1_28' title='bbox 195 729 456 780; x_wconf 86' lang='lat' dir='ltr'><strong>videntur</strong></span> <span class='ocrx_word' id='word_1_29' title='bbox 488 727 739 796; x_wconf 83' lang='lat' dir='ltr'><strong>adjuncta</strong></span> <span class='ocrx_word' id='word_1_30' title='bbox 772 728 951 779; x_wconf 88' lang='lat' dir='ltr'><strong>omnia</strong></span> <span class='ocrx_word' id='word_1_31' title='bbox 1001 725 1370 778; x_wconf 77' lang='lat' dir='ltr'><strong>translationis</strong></span> <span class='ocrx_word' id='word_1_32' title='bbox 1395 725 1460 777; x_wconf 85' lang='lat' dir='ltr'><strong>ad</strong></span> <span class='ocrx_word' id='word_1_33' title='bbox 1490 723 1761 777; x_wconf 85' lang='lat' dir='ltr'><strong>civitatem</strong></span> 
     </span>
    </p>
   </div>
   <div class='ocr_carea' id='block_1_7' title="bbox 184 812 1764 889">
    <p class='ocr_par' dir='ltr' id='par_1_7' title="bbox 184 812 1764 889">
     <span class='ocr_line' id='line_1_7' title="bbox 184 812 1764 889; baseline -0.008 -13"><span class='ocrx_word' id='word_1_34' title='bbox 184 823 688 889; x_wconf 82' lang='lat' dir='ltr'><strong>Caputaquensem.</strong></span> <span class='ocrx_word' id='word_1_35' title='bbox 722 821 908 884; x_wconf 90' lang='lat' dir='ltr'><strong>ltaqne</strong></span> <span class='ocrx_word' id='word_1_36' title='bbox 935 819 1148 873; x_wconf 80' lang='lat' dir='ltr'><strong>omissis</strong></span> <span class='ocrx_word' id='word_1_37' title='bbox 1181 816 1407 884; x_wconf 91' lang='lat' dir='ltr'><strong>reliquis</strong></span> <span class='ocrx_word' id='word_1_38' title='bbox 1465 812 1650 868; x_wconf 90' lang='lat' dir='ltr'><strong>ultima</strong></span> <span class='ocrx_word' id='word_1_39' title='bbox 1673 828 1764 866; x_wconf 86' lang='lat' dir='ltr'><strong>sn-</strong></span> 
     </span>
    </p>
   </div>
   <div class='ocr_carea' id='block_1_8' title="bbox 188 903 1765 980">
    <p class='ocr_par' dir='ltr' id='par_1_8' title="bbox 188 903 1765 980">
     <span class='ocr_line' id='line_1_8' title="bbox 188 903 1765 980; baseline -0.006 -18"><span class='ocrx_word' id='word_1_40' title='bbox 188 911 303 964; x_wconf 64' lang='grc'><strong>111111</strong></span> <span class='ocrx_word' id='word_1_41' title='bbox 339 913 500 965; x_wconf 84' lang='lat' dir='ltr'><strong>verba</strong></span> <span class='ocrx_word' id='word_1_42' title='bbox 533 912 843 980; x_wconf 68' lang='lat' dir='ltr'><strong>subiungo:</strong></span> <span class='ocrx_word' id='word_1_43' title='bbox 898 929 913 960; x_wconf 83' lang='grc'><strong>1</strong></span> <span class='ocrx_word' id='word_1_44' title='bbox 951 909 1224 970; x_wconf 77' lang='lat' dir='ltr'><strong>Castrum,</strong></span> <span class='ocrx_word' id='word_1_45' title='bbox 1271 905 1355 960; x_wconf 91' lang='lat' dir='ltr'><strong>cui</strong></span> <span class='ocrx_word' id='word_1_46' title='bbox 1389 903 1566 972; x_wconf 84' lang='lat' dir='ltr'><strong>Caput</strong></span> <span class='ocrx_word' id='word_1_47' title='bbox 1595 903 1765 970; x_wconf 81' lang='lat' dir='ltr'><strong>Aquis</strong></span> 
     </span>
    </p>
   </div>
   <div class='ocr_carea' id='block_1_9' title="bbox 189 996 1765 1067">
    <p class='ocr_par' dir='ltr' id='par_1_9' title="bbox 189 996 1765 1067">
     <span class='ocr_line' id='line_1_9' title="bbox 189 996 1765 1067; baseline -0.003 -15"><span class='ocrx_word' id='word_1_48' title='bbox 189 1015 391 1052; x_wconf 84' lang='lat' dir='ltr'><strong>nomen</strong></span> <span class='ocrx_word' id='word_1_49' title='bbox 423 1011 524 1059; x_wconf 90' lang='lat' dir='ltr'><strong>est,</strong></span> <span class='ocrx_word' id='word_1_50' title='bbox 574 1004 957 1060; x_wconf 81' lang='lat' dir='ltr'><strong>ascenderunt,</strong></span> <span class='ocrx_word' id='word_1_51' title='bbox 1002 1009 1163 1067; x_wconf 90' lang='lat' dir='ltr'><strong>atque</strong></span> <span class='ocrx_word' id='word_1_52' title='bbox 1198 1000 1252 1051; x_wconf 91' lang='lat' dir='ltr'><strong>in</strong></span> <span class='ocrx_word' id='word_1_53' title='bbox 1296 996 1522 1051; x_wconf 80' lang='lat' dir='ltr'><strong>ecclesia</strong></span> <span class='ocrx_word' id='word_1_54' title='bbox 1560 1004 1765 1050; x_wconf 68' lang='lat' dir='ltr'><strong>sanctae</strong></span> 
     </span>
    </p>
   </div>
   <div class='ocr_carea' id='block_1_10' title="bbox 197 1089 1763 1162">
    <p class='ocr_par' dir='ltr' id='par_1_10' title="bbox 197 1089 1763 1162">
     <span class='ocr_line' id='line_1_10' title="bbox 197 1089 1763 1162; baseline -0.003 -18"><span class='ocrx_word' id='word_1_55' title='bbox 197 1089 433 1162; x_wconf 76' lang='lat' dir='ltr'><strong>Virginis</strong></span> <span class='ocrx_word' id='word_1_56' title='bbox 465 1094 665 1154; x_wconf 64' lang='lat' dir='ltr'><strong>Mariae,</strong></span> <span class='ocrx_word' id='word_1_57' title='bbox 701 1093 752 1144; x_wconf 95' lang='lat' dir='ltr'><strong>in</strong></span> <span class='ocrx_word' id='word_1_58' title='bbox 795 1107 898 1160; x_wconf 88' lang='lat' dir='ltr'><strong>qua</strong></span> <span class='ocrx_word' id='word_1_59' title='bbox 936 1091 1192 1160; x_wconf 70' lang='lat' dir='ltr'><strong>praefatus</strong></span> <span class='ocrx_word' id='word_1_60' title='bbox 1223 1091 1512 1160; x_wconf 88' lang='lat' dir='ltr'><strong>episcopus</strong></span> <span class='ocrx_word' id='word_1_61' title='bbox 1553 1104 1763 1160; x_wconf 66' lang='lat' dir='ltr'><strong>praesu-</strong></span> 
     </span>
    </p>
   </div>
   <div class='ocr_carea' id='block_1_11' title="bbox 190 1184 1758 1256">
    <p class='ocr_par' dir='ltr' id='par_1_11' title="bbox 190 1184 1758 1256">
     <span class='ocr_line' id='line_1_11' title="bbox 190 1184 1758 1256; baseline -0.003 -18"><span class='ocrx_word' id='word_1_62' title='bbox 190 1186 360 1239; x_wconf 83' lang='lat' dir='ltr'><strong>latum</strong></span> <span class='ocrx_word' id='word_1_63' title='bbox 387 1187 624 1256; x_wconf 81' lang='lat' dir='ltr'><strong>regebat,</strong></span> <span class='ocrx_word' id='word_1_64' title='bbox 656 1201 778 1240; x_wconf 89' lang='lat' dir='ltr'><strong>cum</strong></span> <span class='ocrx_word' id='word_1_65' title='bbox 805 1185 949 1240; x_wconf 90' lang='lat' dir='ltr'><strong>omni</strong></span> <span class='ocrx_word' id='word_1_66' title='bbox 986 1184 1290 1239; x_wconf 88' lang='lat' dir='ltr'><strong>reverentia</strong></span> <span class='ocrx_word' id='word_1_67' title='bbox 1312 1184 1706 1254; x_wconf 86' lang='lat' dir='ltr'><strong>deposuerunt.</strong></span> <span class='ocrx_word' id='word_1_68' title='bbox 1741 1202 1758 1233; x_wconf 84' lang='grc'><strong>1</strong></span> 
     </span>
    </p>
   </div>
   <div class='ocr_carea' id='block_1_12' title="bbox 191 1277 1761 1348">
    <p class='ocr_par' dir='ltr' id='par_1_12' title="bbox 191 1277 1761 1348">
     <span class='ocr_line' id='line_1_12' title="bbox 191 1277 1761 1348; baseline -0.003 -15"><span class='ocrx_word' id='word_1_69' title='bbox 191 1279 272 1333; x_wconf 78' lang='lat' dir='ltr'><strong>Ex</strong></span> <span class='ocrx_word' id='word_1_70' title='bbox 324 1278 406 1331; x_wconf 91' lang='lat' dir='ltr'><strong>his</strong></span> <span class='ocrx_word' id='word_1_71' title='bbox 467 1279 668 1342; x_wconf 80' lang='lat' dir='ltr'><strong>verbis,</strong></span> <span class='ocrx_word' id='word_1_72' title='bbox 725 1281 768 1332; x_wconf 91' lang='lat' dir='ltr'><strong>si</strong></span> <span class='ocrx_word' id='word_1_73' title='bbox 826 1279 952 1348; x_wconf 90' lang='lat' dir='ltr'><strong>quid</strong></span> <span class='ocrx_word' id='word_1_74' title='bbox 1008 1278 1209 1343; x_wconf 83' lang='lat' dir='ltr'><strong>valent,</strong></span> <span class='ocrx_word' id='word_1_75' title='bbox 1267 1285 1414 1332; x_wconf 89' lang='lat' dir='ltr'><strong>recte</strong></span> <span class='ocrx_word' id='word_1_76' title='bbox 1472 1277 1761 1346; x_wconf 79' lang='lat' dir='ltr'><strong>colligitur,</strong></span> 
     </span>
    </p>
   </div>
   <div class='ocr_carea' id='block_1_13' title="bbox 192 1369 1768 1442">
    <p class='ocr_par' dir='ltr' id='par_1_13' title="bbox 192 1369 1768 1442">
     <span class='ocr_line' id='line_1_13' title="bbox 192 1369 1768 1442; baseline -0.003 -18"><span class='ocrx_word' id='word_1_77' title='bbox 192 1372 482 1440; x_wconf 83' lang='lat' dir='ltr'><strong>episcopos</strong></span> <span class='ocrx_word' id='word_1_78' title='bbox 516 1372 788 1426; x_wconf 67' lang='lat' dir='ltr'><strong>Paestanas</strong></span> <span class='ocrx_word' id='word_1_79' title='bbox 812 1374 923 1442; x_wconf 78' lang='lat' dir='ltr'><strong>jam</strong></span> <span class='ocrx_word' id='word_1_80' title='bbox 955 1372 1152 1425; x_wconf 76' lang='lat' dir='ltr'><strong>szcculo</strong></span> <span class='ocrx_word' id='word_1_81' title='bbox 1180 1388 1207 1424; x_wconf 72' lang='grc' dir='ltr'><strong><em>ι</em></strong></span> <span class='ocrx_word' id='word_1_82' title='bbox 1244 1371 1512 1426; x_wconf 71' lang='lat' dir='ltr'><strong>resedisse</strong></span> <span class='ocrx_word' id='word_1_83' title='bbox 1544 1370 1596 1423; x_wconf 93' lang='lat' dir='ltr'><strong>in</strong></span> <span class='ocrx_word' id='word_1_84' title='bbox 1635 1369 1768 1421; x_wconf 90' lang='lat' dir='ltr'><strong>civi-</strong></span> 
     </span>
    </p>
   </div>
   <div class='ocr_carea' id='block_1_14' title="bbox 195 1459 1766 1531">
    <p class='ocr_par' dir='ltr' id='par_1_14' title="bbox 195 1459 1766 1531">
     <span class='ocr_line' id='line_1_14' title="bbox 195 1459 1766 1531; baseline -0.001 -16"><span class='ocrx_word' id='word_1_85' title='bbox 195 1472 307 1518; x_wconf 82' lang='lat' dir='ltr'><strong>tate</strong></span> <span class='ocrx_word' id='word_1_86' title='bbox 350 1461 730 1531; x_wconf 80' lang='lat' dir='ltr'><strong>Caputaquens</strong></span> <span class='ocrx_word' id='word_1_87' title='bbox 759 1503 772 1526; x_wconf 95' lang='lat'><strong>,</strong></span> <span class='ocrx_word' id='word_1_88' title='bbox 823 1473 884 1520; x_wconf 87' lang='lat' dir='ltr'><strong>et</strong></span> <span class='ocrx_word' id='word_1_89' title='bbox 912 1473 1306 1531; x_wconf 72' lang='lat' dir='ltr'><strong>consequenter</strong></span> <span class='ocrx_word' id='word_1_90' title='bbox 1341 1463 1631 1530; x_wconf 75' lang='lat' dir='ltr'><strong>episcopos</strong></span> <span class='ocrx_word' id='word_1_91' title='bbox 1661 1459 1766 1514; x_wconf 81' lang='lat' dir='ltr'><strong>Ca-</strong></span> 
     </span>
    </p>
   </div>
   <div class='ocr_carea' id='block_1_15' title="bbox 192 1552 1766 1624">
    <p class='ocr_par' dir='ltr' id='par_1_15' title="bbox 192 1552 1766 1624">
     <span class='ocr_line' id='line_1_15' title="bbox 192 1552 1766 1624; baseline 0.002 -20"><span class='ocrx_word' id='word_1_92' title='bbox 192 1564 564 1622; x_wconf 85' lang='lat' dir='ltr'><strong>putaquenses</strong></span> <span class='ocrx_word' id='word_1_93' title='bbox 613 1570 673 1608; x_wconf 77' lang='lat' dir='ltr'><strong>ex</strong></span> <span class='ocrx_word' id='word_1_94' title='bbox 729 1555 991 1610; x_wconf 63' lang='lat' dir='ltr'><strong>Paestanis</strong></span> <span class='ocrx_word' id='word_1_95' title='bbox 1048 1566 1216 1616; x_wconf 90' lang='lat' dir='ltr'><strong>ortos,</strong></span> <span class='ocrx_word' id='word_1_96' title='bbox 1272 1557 1339 1609; x_wconf 88' lang='lat' dir='ltr'><strong>de</strong></span> <span class='ocrx_word' id='word_1_97' title='bbox 1396 1568 1503 1624; x_wconf 85' lang='lat' dir='ltr'><strong>quo</strong></span> <span class='ocrx_word' id='word_1_98' title='bbox 1554 1552 1766 1608; x_wconf 84' lang='lat' dir='ltr'><strong>dubitat</strong></span> 
     </span>
    </p>
   </div>
   <div class='ocr_carea' id='block_1_16' title="bbox 197 1644 1307 1714">
    <p class='ocr_par' dir='ltr' id='par_1_16' title="bbox 197 1644 1307 1714">
     <span class='ocr_line' id='line_1_16' title="bbox 197 1644 1307 1714; baseline -0.001 -13"><span class='ocrx_word' id='word_1_99' title='bbox 197 1644 480 1714; x_wconf 73' lang='lat' dir='ltr'><strong>lighellus.</strong></span> <span class='ocrx_word' id='word_1_100' title='bbox 521 1648 716 1700; x_wconf 75' lang='lat' dir='ltr'><strong>Verum</strong></span> <span class='ocrx_word' id='word_1_101' title='bbox 747 1651 813 1700; x_wconf 80' lang='lat' dir='ltr'><strong>ad</strong></span> <span class='ocrx_word' id='word_1_102' title='bbox 853 1664 965 1701; x_wconf 88' lang='lat' dir='ltr'><strong>rem</strong></span> <span class='ocrx_word' id='word_1_103' title='bbox 1001 1647 1307 1702; x_wconf 78' lang='lat' dir='ltr'><strong>redeamus.</strong></span> 
     </span>
    </p>
   </div>
   <div class='ocr_carea' id='block_1_17' title="bbox 267 1738 1767 1810">
    <p class='ocr_par' dir='ltr' id='par_1_17' title="bbox 267 1738 1767 1810">
     <span class='ocr_line' id='line_1_17' title="bbox 267 1738 1767 1810; baseline -0.001 -18"><span class='ocrx_word' id='word_1_104' title='bbox 267 1739 354 1792; x_wconf 78' lang='lat'><strong>71.</strong></span> <span class='ocrx_word' id='word_1_105' title='bbox 399 1738 660 1793; x_wconf 79' lang='lat' dir='ltr'><strong>Audierat</strong></span> <span class='ocrx_word' id='word_1_106' title='bbox 710 1739 1008 1808; x_wconf 83' lang='lat' dir='ltr'><strong>Gisulphus</strong></span> <span class='ocrx_word' id='word_1_107' title='bbox 1080 1741 1334 1810; x_wconf 84' lang='lat' dir='ltr'><strong>princeps</strong></span> <span class='ocrx_word' id='word_1_108' title='bbox 1387 1738 1767 1794; x_wconf 84' lang='lat' dir='ltr'><strong>Salernitanus</strong></span> 
     </span>
    </p>
   </div>
   <div class='ocr_carea' id='block_1_18' title="bbox 191 1833 1842 1925">
    <p class='ocr_par' dir='ltr' id='par_1_18' title="bbox 191 1833 1842 1925">
     <span class='ocr_line' id='line_1_18' title="bbox 191 1833 1842 1925; baseline -0.002 -37"><span class='ocrx_word' id='word_1_109' title='bbox 191 1833 568 1888; x_wconf 70' lang='lat' dir='ltr'><strong>inventionem</strong></span> <span class='ocrx_word' id='word_1_110' title='bbox 595 1844 649 1889; x_wconf 90' lang='lat' dir='ltr'><strong>et</strong></span> <span class='ocrx_word' id='word_1_111' title='bbox 684 1834 1094 1889; x_wconf 71' lang='lat' dir='ltr'><strong>translationem</strong></span> <span class='ocrx_word' id='word_1_112' title='bbox 1128 1834 1268 1888; x_wconf 85' lang='lat' dir='ltr'><strong>sacri</strong></span> <span class='ocrx_word' id='word_1_113' title='bbox 1294 1835 1563 1904; x_wconf 82' lang='lat' dir='ltr'><strong>corporis,</strong></span> <span class='ocrx_word' id='word_1_114' title='bbox 1593 1848 1766 1902; x_wconf 81' lang='lat' dir='ltr'><strong>eaque</strong></span> <span class='ocrx_word' id='word_1_115' title='bbox 1804 1873 1842 1925; x_wconf 68' lang='grc' dir='ltr'><strong><em>Β</em></strong></span> 
     </span>
    </p>
   </div>
   <div class='ocr_carea' id='block_1_19' title="bbox 206 1926 1766 1982">
    <p class='ocr_par' dir='ltr' id='par_1_19' title="bbox 206 1926 1766 1982">
     <span class='ocr_line' id='line_1_19' title="bbox 206 1926 1766 1982; baseline -0.001 -1"><span class='ocrx_word' id='word_1_116' title='bbox 206 1928 276 1981; x_wconf 91' lang='lat' dir='ltr'><strong>de</strong></span> <span class='ocrx_word' id='word_1_117' title='bbox 307 1944 492 1981; x_wconf 88' lang='lat' dir='ltr'><strong>causa.</strong></span> <span class='ocrx_word' id='word_1_118' title='bbox 524 1951 540 1979; x_wconf 76' lang='grc' dir='ltr'>ς</span> <span class='ocrx_word' id='word_1_119' title='bbox 571 1927 808 1981; x_wconf 68' lang='lat' dir='ltr'><strong>Nimium</strong></span> <span class='ocrx_word' id='word_1_120' title='bbox 845 1929 910 1981; x_wconf 90' lang='lat' dir='ltr'><strong>de</strong></span> <span class='ocrx_word' id='word_1_121' title='bbox 969 1927 1100 1980; x_wconf 91' lang='lat' dir='ltr'><strong>tanti</strong></span> <span class='ocrx_word' id='word_1_122' title='bbox 1159 1927 1398 1982; x_wconf 85' lang='lat' dir='ltr'><strong>thesauri</strong></span> <span class='ocrx_word' id='word_1_123' title='bbox 1449 1926 1766 1980; x_wconf 88' lang='lat' dir='ltr'><strong>inventione</strong></span> 
     </span>
    </p>
   </div>
   <div class='ocr_carea' id='block_1_20' title="bbox 187 2017 1765 2089">
    <p class='ocr_par' dir='ltr' id='par_1_20' title="bbox 187 2017 1765 2089">
     <span class='ocr_line' id='line_1_20' title="bbox 187 2017 1765 2089; baseline -0.002 -15"><span class='ocrx_word' id='word_1_124' title='bbox 187 2019 434 2089; x_wconf 73' lang='lat' dir='ltr'><strong>gavisus,</strong></span> <span class='ocrx_word' id='word_1_125' title='bbox 482 2019 558 2071; x_wconf 85' lang='lat' dir='ltr'><strong>ait</strong></span> <span class='ocrx_word' id='word_1_126' title='bbox 604 2034 906 2088; x_wconf 78' lang='lat' dir='ltr'><strong>anonymus</strong></span> <span class='ocrx_word' id='word_1_127' title='bbox 957 2020 1010 2070; x_wconf 92' lang='lat' dir='ltr'><strong>in</strong></span> <span class='ocrx_word' id='word_1_128' title='bbox 1080 2033 1206 2080; x_wconf 90' lang='lat' dir='ltr'><strong>ms.,</strong></span> <span class='ocrx_word' id='word_1_129' title='bbox 1261 2017 1590 2073; x_wconf 78' lang='lat' dir='ltr'><strong>venerabilis</strong></span> <span class='ocrx_word' id='word_1_130' title='bbox 1642 2017 1765 2071; x_wconf 70' lang='lat' dir='ltr'><strong>vitae</strong></span> 
     </span>
    </p>
   </div>
   <div class='ocr_carea' id='block_1_21' title="bbox 186 2108 1764 2187">
    <p class='ocr_par' dir='ltr' id='par_1_21' title="bbox 186 2108 1764 2187">
     <span class='ocr_line' id='line_1_21' title="bbox 186 2108 1764 2187; baseline -0.002 -23"><span class='ocrx_word' id='word_1_131' title='bbox 186 2109 459 2164; x_wconf 78' lang='lat' dir='ltr'><strong>Joannem</strong></span> <span class='ocrx_word' id='word_1_132' title='bbox 513 2109 764 2187; x_wconf 49' lang='lat' dir='ltr'><strong>a&#39;bbatem</strong></span> <span class='ocrx_word' id='word_1_133' title='bbox 821 2110 1067 2178; x_wconf 88' lang='lat' dir='ltr'><strong>aliosque</strong></span> <span class='ocrx_word' id='word_1_134' title='bbox 1108 2109 1456 2164; x_wconf 87' lang='lat' dir='ltr'><strong>honorabiles</strong></span> <span class='ocrx_word' id='word_1_135' title='bbox 1505 2110 1650 2162; x_wconf 88' lang='lat' dir='ltr'><strong>viros</strong></span> <span class='ocrx_word' id='word_1_136' title='bbox 1700 2108 1764 2161; x_wconf 90' lang='lat' dir='ltr'><strong>ad</strong></span> 
     </span>
    </p>
   </div>
   <div class='ocr_carea' id='block_1_22' title="bbox 186 2199 1768 2270">
    <p class='ocr_par' dir='ltr' id='par_1_22' title="bbox 186 2199 1768 2270">
     <span class='ocr_line' id='line_1_22' title="bbox 186 2199 1768 2270; baseline -0.003 -16"><span class='ocrx_word' id='word_1_137' title='bbox 186 2200 501 2255; x_wconf 82' lang='lat' dir='ltr'><strong>Paestanum</strong></span> <span class='ocrx_word' id='word_1_138' title='bbox 540 2199 736 2254; x_wconf 84' lang='lat' dir='ltr'><strong>direxit</strong></span> <span class='ocrx_word' id='word_1_139' title='bbox 783 2202 1121 2270; x_wconf 88' lang='lat' dir='ltr'><strong>episcopum,</strong></span> <span class='ocrx_word' id='word_1_140' title='bbox 1157 2201 1447 2266; x_wconf 87' lang='lat' dir='ltr'><strong>mandans,</strong></span> <span class='ocrx_word' id='word_1_141' title='bbox 1491 2209 1768 2270; x_wconf 65' lang='grc'><strong>1111111111-</strong></span> 
     </span>
    </p>
   </div>
   <div class='ocr_carea' id='block_1_23' title="bbox 187 2291 1770 2362">
    <p class='ocr_par' dir='ltr' id='par_1_23' title="bbox 187 2291 1770 2362">
     <span class='ocr_line' id='line_1_23' title="bbox 187 2291 1770 2362; baseline -0.002 -14"><span class='ocrx_word' id='word_1_142' title='bbox 187 2294 396 2348; x_wconf 85' lang='lat' dir='ltr'><strong>cinium</strong></span> <span class='ocrx_word' id='word_1_143' title='bbox 447 2293 634 2362; x_wconf 67' lang='lat' dir='ltr'><strong>patriae</strong></span> <span class='ocrx_word' id='word_1_144' title='bbox 688 2291 1044 2347; x_wconf 70' lang='lat' dir='ltr'><strong>Saiernitanas</strong></span> <span class='ocrx_word' id='word_1_145' title='bbox 1097 2292 1452 2347; x_wconf 88' lang='lat' dir='ltr'><strong>adinventum</strong></span> <span class='ocrx_word' id='word_1_146' title='bbox 1511 2293 1612 2347; x_wconf 82' lang='lat' dir='ltr'><strong>sibi</strong></span> <span class='ocrx_word' id='word_1_147' title='bbox 1668 2291 1770 2346; x_wconf 87' lang='lat' dir='ltr'><strong>sub</strong></span> 
     </span>
    </p>
   </div>
   <div class='ocr_carea' id='block_1_24' title="bbox 189 2383 1772 2452">
    <p class='ocr_par' dir='ltr' id='par_1_24' title="bbox 189 2383 1772 2452">
     <span class='ocr_line' id='line_1_24' title="bbox 189 2383 1772 2452; baseline -0.001 -13"><span class='ocrx_word' id='word_1_148' title='bbox 189 2387 343 2439; x_wconf 88' lang='lat' dir='ltr'><strong>omni</strong></span> <span class='ocrx_word' id='word_1_149' title='bbox 387 2385 668 2438; x_wconf 79' lang='lat' dir='ltr'><strong>celeritate</strong></span> <span class='ocrx_word' id='word_1_150' title='bbox 731 2386 1142 2438; x_wconf 83' lang='lat' dir='ltr'><strong>transmitteret.</strong></span> <span class='ocrx_word' id='word_1_151' title='bbox 1197 2383 1458 2452; x_wconf 81' lang='lat' dir='ltr'><strong>Sequenti</strong></span> <span class='ocrx_word' id='word_1_152' title='bbox 1509 2399 1636 2437; x_wconf 85' lang='lat' dir='ltr'><strong>vero</strong></span> <span class='ocrx_word' id='word_1_153' title='bbox 1682 2385 1772 2438; x_wconf 89' lang='lat' dir='ltr'><strong>die</strong></span> 
     </span>
    </p>
   </div>
   <div class='ocr_carea' id='block_1_25' title="bbox 187 2476 1772 2544">
    <p class='ocr_par' dir='ltr' id='par_1_25' title="bbox 187 2476 1772 2544">
     <span class='ocr_line' id='line_1_25' title="bbox 187 2476 1772 2544; baseline 0.001 -16"><span class='ocrx_word' id='word_1_154' title='bbox 187 2476 522 2531; x_wconf 81' lang='lat' dir='ltr'><strong>venerabilis</strong></span> <span class='ocrx_word' id='word_1_155' title='bbox 548 2476 735 2536; x_wconf 81' lang='lat' dir='ltr'><strong>abbas,</strong></span> <span class='ocrx_word' id='word_1_156' title='bbox 765 2486 819 2529; x_wconf 90' lang='lat' dir='ltr'><strong>et</strong></span> <span class='ocrx_word' id='word_1_157' title='bbox 850 2477 937 2544; x_wconf 89' lang='lat' dir='ltr'><strong>qui</strong></span> <span class='ocrx_word' id='word_1_158' title='bbox 968 2491 1088 2528; x_wconf 87' lang='lat' dir='ltr'><strong>cum</strong></span> <span class='ocrx_word' id='word_1_159' title='bbox 1117 2491 1184 2530; x_wconf 81' lang='lat' dir='ltr'><strong>eo</strong></span> <span class='ocrx_word' id='word_1_160' title='bbox 1213 2476 1363 2528; x_wconf 89' lang='lat' dir='ltr'><strong>missi</strong></span> <span class='ocrx_word' id='word_1_161' title='bbox 1395 2484 1543 2539; x_wconf 87' lang='lat' dir='ltr'><strong>sunt,</strong></span> <span class='ocrx_word' id='word_1_162' title='bbox 1569 2476 1772 2529; x_wconf 74' lang='lat' dir='ltr'><strong>intesti-</strong></span> 
     </span>
    </p>
   </div>
   <div class='ocr_carea' id='block_1_26' title="bbox 190 2564 1764 2635">
    <p class='ocr_par' dir='ltr' id='par_1_26' title="bbox 190 2564 1764 2635">
     <span class='ocr_line' id='line_1_26' title="bbox 190 2564 1764 2635; baseline -0.002 -14"><span class='ocrx_word' id='word_1_163' title='bbox 190 2566 380 2621; x_wconf 89' lang='lat' dir='ltr'><strong>tnabili</strong></span> <span class='ocrx_word' id='word_1_164' title='bbox 416 2566 672 2619; x_wconf 78' lang='lat' dir='ltr'><strong>thesauro</strong></span> <span class='ocrx_word' id='word_1_165' title='bbox 703 2565 884 2619; x_wconf 86' lang='lat' dir='ltr'><strong>onusti</strong></span> <span class='ocrx_word' id='word_1_166' title='bbox 922 2573 1292 2620; x_wconf 73' lang='lat' dir='ltr'><strong>revertuntur.</strong></span> <span class='ocrx_word' id='word_1_167' title='bbox 1328 2564 1436 2619; x_wconf 87' lang='lat' dir='ltr'><strong>Sed</strong></span> <span class='ocrx_word' id='word_1_168' title='bbox 1471 2575 1764 2635; x_wconf 84' lang='lat' dir='ltr'><strong>antequam</strong></span> 
     </span>
    </p>
   </div>
   <div class='ocr_carea' id='block_1_27' title="bbox 190 2657 1770 2728">
    <p class='ocr_par' dir='ltr' id='par_1_27' title="bbox 190 2657 1770 2728">
     <span class='ocr_line' id='line_1_27' title="bbox 190 2657 1770 2728; baseline -0.001 -16"><span class='ocrx_word' id='word_1_169' title='bbox 190 2661 386 2714; x_wconf 83' lang='lat' dir='ltr'><strong>urbem</strong></span> <span class='ocrx_word' id='word_1_170' title='bbox 418 2660 640 2728; x_wconf 78' lang='lat' dir='ltr'><strong>propius</strong></span> <span class='ocrx_word' id='word_1_171' title='bbox 671 2659 1016 2724; x_wconf 80' lang='lat' dir='ltr'><strong>accederent,</strong></span> <span class='ocrx_word' id='word_1_172' title='bbox 1072 2673 1174 2712; x_wconf 86' lang='lat' dir='ltr'><strong>una</strong></span> <span class='ocrx_word' id='word_1_173' title='bbox 1203 2673 1324 2712; x_wconf 91' lang='lat' dir='ltr'><strong>cum</strong></span> <span class='ocrx_word' id='word_1_174' title='bbox 1357 2657 1638 2712; x_wconf 88' lang='lat' dir='ltr'><strong>Bernardo</strong></span> <span class='ocrx_word' id='word_1_175' title='bbox 1674 2673 1770 2711; x_wconf 87' lang='lat' dir='ltr'><strong>ve-</strong></span> 
     </span>
    </p>
   </div>
   <div class='ocr_carea' id='block_1_28' title="bbox 192 2751 1772 2822">
    <p class='ocr_par' dir='ltr' id='par_1_28' title="bbox 192 2751 1772 2822">
     <span class='ocr_line' id='line_1_28' title="bbox 192 2751 1772 2822; baseline -0.001 -15"><span class='ocrx_word' id='word_1_176' title='bbox 192 2753 442 2807; x_wconf 85' lang='lat' dir='ltr'><strong>nerando</strong></span> <span class='ocrx_word' id='word_1_177' title='bbox 493 2752 722 2820; x_wconf 64' lang='lat' dir='ltr'><strong>pussula</strong></span> <span class='ocrx_word' id='word_1_178' title='bbox 772 2762 880 2806; x_wconf 84' lang='lat' dir='ltr'><strong>tota</strong></span> <span class='ocrx_word' id='word_1_179' title='bbox 939 2751 1131 2806; x_wconf 80' lang='lat' dir='ltr'><strong>civitas</strong></span> <span class='ocrx_word' id='word_1_180' title='bbox 1187 2751 1400 2805; x_wconf 81' lang='lat' dir='ltr'><strong>obviam</strong></span> <span class='ocrx_word' id='word_1_181' title='bbox 1449 2752 1623 2822; x_wconf 79' lang='lat' dir='ltr'><strong>pergit</strong></span> <span class='ocrx_word' id='word_1_182' title='bbox 1669 2752 1772 2806; x_wconf 90' lang='lat' dir='ltr'><strong>ire.</strong></span> 
     </span>
    </p>
   </div>
   <div class='ocr_carea' id='block_1_29' title="bbox 193 2845 1775 2913">
    <p class='ocr_par' dir='ltr' id='par_1_29' title="bbox 193 2845 1775 2913">
     <span class='ocr_line' id='line_1_29' title="bbox 193 2845 1775 2913; baseline -0.001 -11"><span class='ocrx_word' id='word_1_183' title='bbox 193 2846 298 2902; x_wconf 86' lang='lat' dir='ltr'><strong>Ubi</strong></span> <span class='ocrx_word' id='word_1_184' title='bbox 351 2854 532 2898; x_wconf 89' lang='lat' dir='ltr'><strong>autem</strong></span> <span class='ocrx_word' id='word_1_185' title='bbox 579 2846 938 2913; x_wconf 89' lang='lat' dir='ltr'><strong>apostolicum</strong></span> <span class='ocrx_word' id='word_1_186' title='bbox 983 2860 1182 2913; x_wconf 90' lang='lat' dir='ltr'><strong>corpus</strong></span> <span class='ocrx_word' id='word_1_187' title='bbox 1213 2845 1394 2913; x_wconf 89' lang='lat' dir='ltr'><strong>adepti</strong></span> <span class='ocrx_word' id='word_1_188' title='bbox 1438 2855 1584 2908; x_wconf 91' lang='lat' dir='ltr'><strong>sunt,</strong></span> <span class='ocrx_word' id='word_1_189' title='bbox 1623 2856 1712 2900; x_wconf 89' lang='lat' dir='ltr'><strong>tan</strong></span> <span class='ocrx_word' id='word_1_190' title='bbox 1743 2863 1775 2900; x_wconf 91' lang='grc' dir='ltr'>ο</span> 
     </span>
    </p>
   </div>
   <div class='ocr_carea' id='block_1_30' title="bbox 197 2937 1774 3008">
    <p class='ocr_par' dir='ltr' id='par_1_30' title="bbox 197 2937 1774 3008">
     <span class='ocr_line' id='line_1_30' title="bbox 197 2937 1774 3008; baseline -0.001 -15"><span class='ocrx_word' id='word_1_191' title='bbox 197 2937 392 3008; x_wconf 89' lang='lat' dir='ltr'><strong>repleti</strong></span> <span class='ocrx_word' id='word_1_192' title='bbox 418 2944 545 2990; x_wconf 89' lang='lat' dir='ltr'><strong>sunt</strong></span> <span class='ocrx_word' id='word_1_193' title='bbox 574 2937 790 3007; x_wconf 88' lang='lat' dir='ltr'><strong>gaudio,</strong></span> <span class='ocrx_word' id='word_1_194' title='bbox 815 2950 869 2989; x_wconf 90' lang='lat' dir='ltr'><strong>ut</strong></span> <span class='ocrx_word' id='word_1_195' title='bbox 896 2948 1047 3006; x_wconf 85' lang='lat' dir='ltr'><strong>gestu</strong></span> <span class='ocrx_word' id='word_1_196' title='bbox 1075 2947 1128 2990; x_wconf 88' lang='lat' dir='ltr'><strong>et</strong></span> <span class='ocrx_word' id='word_1_197' title='bbox 1159 2939 1383 2992; x_wconf 85' lang='lat' dir='ltr'><strong>vocibus</strong></span> <span class='ocrx_word' id='word_1_198' title='bbox 1413 2939 1774 2992; x_wconf 80' lang='lat' dir='ltr'><strong>exsultantem</strong></span> 
     </span>
    </p>
   </div>
   <div class='ocr_carea' id='block_1_31' title="bbox 193 3027 1775 3098">
    <p class='ocr_par' dir='ltr' id='par_1_31' title="bbox 193 3027 1775 3098">
     <span class='ocr_line' id='line_1_31' title="bbox 193 3027 1775 3098; baseline -0.002 -13"><span class='ocrx_word' id='word_1_199' title='bbox 193 3031 442 3085; x_wconf 63' lang='lat' dir='ltr'><strong>laetitiam</strong></span> <span class='ocrx_word' id='word_1_200' title='bbox 477 3036 838 3083; x_wconf 79' lang='lat' dir='ltr'><strong>ostentarent.</strong></span> <span class='ocrx_word' id='word_1_201' title='bbox 874 3027 1075 3083; x_wconf 65' lang='lat' dir='ltr'><strong>Prmsnl</strong></span> <span class='ocrx_word' id='word_1_202' title='bbox 1107 3043 1258 3094; x_wconf 88' lang='lat' dir='ltr'><strong>vero,</strong></span> <span class='ocrx_word' id='word_1_203' title='bbox 1295 3041 1580 3098; x_wconf 81' lang='lat' dir='ltr'><strong>assumpto</strong></span> <span class='ocrx_word' id='word_1_204' title='bbox 1612 3045 1775 3083; x_wconf 85' lang='lat' dir='ltr'><strong>vene-</strong></span> 
     </span>
    </p>
   </div>
   <div class='ocr_carea' id='block_1_32' title="bbox 196 3124 1773 3194">
    <p class='ocr_par' dir='ltr' id='par_1_32' title="bbox 196 3124 1773 3194">
     <span class='ocr_line' id='line_1_32' title="bbox 196 3124 1773 3194; baseline -0.004 -13"><span class='ocrx_word' id='word_1_205' title='bbox 196 3125 360 3181; x_wconf 85' lang='lat' dir='ltr'><strong>rabili</strong></span> <span class='ocrx_word' id='word_1_206' title='bbox 395 3138 626 3192; x_wconf 89' lang='lat' dir='ltr'><strong>corpore</strong></span> <span class='ocrx_word' id='word_1_207' title='bbox 654 3132 705 3176; x_wconf 90' lang='lat' dir='ltr'><strong>et</strong></span> <span class='ocrx_word' id='word_1_208' title='bbox 748 3124 940 3177; x_wconf 89' lang='lat' dir='ltr'><strong>sericis</strong></span> <span class='ocrx_word' id='word_1_209' title='bbox 979 3125 1240 3179; x_wconf 88' lang='lat' dir='ltr'><strong>obvoluto</strong></span> <span class='ocrx_word' id='word_1_210' title='bbox 1267 3125 1616 3194; x_wconf 80' lang='lat' dir='ltr'><strong>tegminibus,</strong></span> <span class='ocrx_word' id='word_1_211' title='bbox 1650 3140 1773 3178; x_wconf 91' lang='lat' dir='ltr'><strong>cum</strong></span> 
     </span>
    </p>
   </div>
   <div class='ocr_carea' id='block_1_33' title="bbox 1867 626 3450 698">
    <p class='ocr_par' dir='ltr' id='par_1_33' title="bbox 1867 626 3450 698">
     <span class='ocr_line' id='line_1_33' title="bbox 1867 626 3450 698; baseline -0.003 -15"><span class='ocrx_word' id='word_1_212' title='bbox 1867 632 2173 698; x_wconf 82' lang='lat' dir='ltr'><strong>quebantur</strong></span> <span class='ocrx_word' id='word_1_213' title='bbox 2211 630 2512 689; x_wconf 87' lang='lat' dir='ltr'><strong>doloribus.</strong></span> <span class='ocrx_word' id='word_1_214' title='bbox 2545 639 2602 683; x_wconf 93' lang='lat' dir='ltr'><strong>ut</strong></span> <span class='ocrx_word' id='word_1_215' title='bbox 2633 626 2853 688; x_wconf 89' lang='lat' dir='ltr'><strong>medici,</strong></span> <span class='ocrx_word' id='word_1_216' title='bbox 2884 626 3232 696; x_wconf 85' lang='lat' dir='ltr'><strong>impendendi</strong></span> <span class='ocrx_word' id='word_1_217' title='bbox 3267 639 3450 679; x_wconf 77' lang='lat' dir='ltr'><strong>reme-</strong></span> 
     </span>
    </p>
   </div>
   <div class='ocr_carea' id='block_1_34' title="bbox 1868 716 3451 786">
    <p class='ocr_par' dir='ltr' id='par_1_34' title="bbox 1868 716 3451 786">
     <span class='ocr_line' id='line_1_34' title="bbox 1868 716 3451 786; baseline -0.005 -9"><span class='ocrx_word' id='word_1_218' title='bbox 1868 724 1937 777; x_wconf 85' lang='lat' dir='ltr'><strong>dii</strong></span> <span class='ocrx_word' id='word_1_219' title='bbox 1973 740 2130 775; x_wconf 55' lang='lat' dir='ltr'><strong>retusa</strong></span> <span class='ocrx_word' id='word_1_220' title='bbox 2169 723 2500 786; x_wconf 81' lang='lat' dir='ltr'><strong>laborantes,</strong></span> <span class='ocrx_word' id='word_1_221' title='bbox 2526 721 2735 777; x_wconf 91' lang='lat' dir='ltr'><strong>nullum</strong></span> <span class='ocrx_word' id='word_1_222' title='bbox 2768 721 3010 774; x_wconf 83' lang='lat' dir='ltr'><strong>valerent</strong></span> <span class='ocrx_word' id='word_1_223' title='bbox 3033 716 3284 771; x_wconf 85' lang='lat' dir='ltr'><strong>conferre</strong></span> <span class='ocrx_word' id='word_1_224' title='bbox 3317 716 3451 771; x_wconf 85' lang='lat' dir='ltr'><strong>sub-</strong></span> 
     </span>
    </p>
   </div>
   <div class='ocr_carea' id='block_1_35' title="bbox 1870 806 3449 882">
    <p class='ocr_par' dir='ltr' id='par_1_35' title="bbox 1870 806 3449 882">
     <span class='ocr_line' id='line_1_35' title="bbox 1870 806 3449 882; baseline -0.006 -14"><span class='ocrx_word' id='word_1_225' title='bbox 1870 813 2088 868; x_wconf 76' lang='lat' dir='ltr'><strong>sidium.</strong></span> <span class='ocrx_word' id='word_1_226' title='bbox 2135 811 2262 882; x_wconf 76' lang='lat' dir='ltr'><strong>Ejus</strong></span> <span class='ocrx_word' id='word_1_227' title='bbox 2301 813 2580 868; x_wconf 88' lang='lat' dir='ltr'><strong>cruciatus</strong></span> <span class='ocrx_word' id='word_1_228' title='bbox 2608 823 2781 866; x_wconf 81' lang='lat' dir='ltr'><strong>mater</strong></span> <span class='ocrx_word' id='word_1_229' title='bbox 2806 827 2911 865; x_wconf 84' lang='lat' dir='ltr'><strong>noo</strong></span> <span class='ocrx_word' id='word_1_230' title='bbox 2945 810 3244 869; x_wconf 78' lang='lat' dir='ltr'><strong>sustinens,</strong></span> <span class='ocrx_word' id='word_1_231' title='bbox 3286 806 3449 860; x_wconf 88' lang='lat' dir='ltr'><strong>ﬁliam</strong></span> 
     </span>
    </p>
   </div>
   <div class='ocr_carea' id='block_1_36' title="bbox 1867 895 3452 974">
    <p class='ocr_par' dir='ltr' id='par_1_36' title="bbox 1867 895 3452 974">
     <span class='ocr_line' id='line_1_36' title="bbox 1867 895 3452 974; baseline -0.006 -15"><span class='ocrx_word' id='word_1_232' title='bbox 1867 907 1933 959; x_wconf 92' lang='lat' dir='ltr'><strong>ad</strong></span> <span class='ocrx_word' id='word_1_233' title='bbox 1965 919 2162 974; x_wconf 84' lang='lat' dir='ltr'><strong>corpus</strong></span> <span class='ocrx_word' id='word_1_234' title='bbox 2190 905 2420 974; x_wconf 84' lang='lat' dir='ltr'><strong>apostoli</strong></span> <span class='ocrx_word' id='word_1_235' title='bbox 2475 904 2690 964; x_wconf 79' lang='lat' dir='ltr'><strong>detulit,</strong></span> <span class='ocrx_word' id='word_1_236' title='bbox 2745 902 2835 956; x_wconf 92' lang='lat' dir='ltr'><strong>ubi</strong></span> <span class='ocrx_word' id='word_1_237' title='bbox 2893 898 3208 970; x_wconf 82' lang='lat' dir='ltr'><strong>lacrymosis</strong></span> <span class='ocrx_word' id='word_1_238' title='bbox 3255 895 3452 950; x_wconf 87' lang='lat' dir='ltr'><strong>oblatis</strong></span> 
     </span>
    </p>
   </div>
   <div class='ocr_carea' id='block_1_37' title="bbox 1869 988 3452 1068">
    <p class='ocr_par' dir='ltr' id='par_1_37' title="bbox 1869 988 3452 1068">
     <span class='ocr_line' id='line_1_37' title="bbox 1869 988 3452 1068; baseline -0.006 -18"><span class='ocrx_word' id='word_1_239' title='bbox 1869 998 2142 1068; x_wconf 75' lang='lat' dir='ltr'><strong>precibus,</strong></span> <span class='ocrx_word' id='word_1_240' title='bbox 2197 997 2426 1051; x_wconf 84' lang='lat' dir='ltr'><strong>salutem</strong></span> <span class='ocrx_word' id='word_1_241' title='bbox 2478 1004 2642 1054; x_wconf 72' lang='lat' dir='ltr'><strong>natae.</strong></span> <span class='ocrx_word' id='word_1_242' title='bbox 2700 1010 2861 1064; x_wconf 89' lang='lat' dir='ltr'><strong>quam</strong></span> <span class='ocrx_word' id='word_1_243' title='bbox 2917 991 3122 1063; x_wconf 78' lang='lat' dir='ltr'><strong>ingenti</strong></span> <span class='ocrx_word' id='word_1_244' title='bbox 3175 988 3452 1044; x_wconf 85' lang='lat' dir='ltr'><strong>desiderio</strong></span> 
     </span>
    </p>
   </div>
   <div class='ocr_carea' id='block_1_38' title="bbox 1870 1072 3454 1158">
    <p class='ocr_par' dir='ltr' id='par_1_38' title="bbox 1870 1072 3454 1158">
     <span class='ocr_line' id='line_1_38' title="bbox 1870 1072 3454 1158; baseline -0.002 -21"><span class='ocrx_word' id='word_1_245' title='bbox 1870 1089 2240 1158; x_wconf 78' lang='lat' dir='ltr'><strong>postulabant,</strong></span> <span class='ocrx_word' id='word_1_246' title='bbox 2297 1087 2496 1141; x_wconf 85' lang='lat' dir='ltr'><strong>meruit</strong></span> <span class='ocrx_word' id='word_1_247' title='bbox 2540 1072 2853 1155; x_wconf 80' lang='lat' dir='ltr'><strong>impetrare,</strong></span> <span class='ocrx_word' id='word_1_248' title='bbox 2887 1085 2957 1138; x_wconf 86' lang='lat' dir='ltr'><strong>ita</strong></span> <span class='ocrx_word' id='word_1_249' title='bbox 2995 1092 3053 1137; x_wconf 92' lang='lat' dir='ltr'><strong>ut</strong></span> <span class='ocrx_word' id='word_1_250' title='bbox 3100 1097 3218 1151; x_wconf 75' lang='lat' dir='ltr'><strong>qua:</strong></span> <span class='ocrx_word' id='word_1_251' title='bbox 3258 1080 3454 1134; x_wconf 89' lang='lat' dir='ltr'><strong>alienis</strong></span> 
     </span>
    </p>
   </div>
   <div class='ocr_carea' id='block_1_39' title="bbox 1868 1170 3452 1236">
    <p class='ocr_par' dir='ltr' id='par_1_39' title="bbox 1868 1170 3452 1236">
     <span class='ocr_line' id='line_1_39' title="bbox 1868 1170 3452 1236; baseline -0.006 -5"><span class='ocrx_word' id='word_1_252' title='bbox 1868 1179 2024 1234; x_wconf 80' lang='lat' dir='ltr'><strong>allata</strong></span> <span class='ocrx_word' id='word_1_253' title='bbox 2085 1178 2262 1231; x_wconf 86' lang='lat' dir='ltr'><strong>fuerat</strong></span> <span class='ocrx_word' id='word_1_254' title='bbox 2318 1177 2594 1236; x_wconf 83' lang='lat' dir='ltr'><strong>manibus,</strong></span> <span class='ocrx_word' id='word_1_255' title='bbox 2656 1173 2877 1227; x_wconf 85' lang='lat' dir='ltr'><strong>domum</strong></span> <span class='ocrx_word' id='word_1_256' title='bbox 2934 1187 3058 1226; x_wconf 87' lang='lat' dir='ltr'><strong>cum</strong></span> <span class='ocrx_word' id='word_1_257' title='bbox 3113 1179 3284 1224; x_wconf 81' lang='lat' dir='ltr'><strong>matre</strong></span> <span class='ocrx_word' id='word_1_258' title='bbox 3337 1170 3452 1222; x_wconf 84' lang='lat' dir='ltr'><strong>suis</strong></span> 
     </span>
    </p>
   </div>
   <div class='ocr_carea' id='block_1_40' title="bbox 1867 1269 2526 1340">
    <p class='ocr_par' dir='ltr' id='par_1_40' title="bbox 1867 1269 2526 1340">
     <span class='ocr_line' id='line_1_40' title="bbox 1867 1269 2526 1340; baseline -0.003 -21"><span class='ocrx_word' id='word_1_259' title='bbox 1867 1269 2141 1340; x_wconf 74' lang='lat' dir='ltr'><strong>gressibus</strong></span> <span class='ocrx_word' id='word_1_260' title='bbox 2173 1276 2460 1320; x_wconf 87' lang='lat' dir='ltr'><strong>remearet.</strong></span> <span class='ocrx_word' id='word_1_261' title='bbox 2503 1285 2526 1316; x_wconf 70' lang='grc'><strong>1</strong></span> 
     </span>
    </p>
   </div>
   <div class='ocr_carea' id='block_1_41' title="bbox 1939 1355 3449 1424">
    <p class='ocr_par' dir='ltr' id='par_1_41' title="bbox 1939 1355 3449 1424">
     <span class='ocr_line' id='line_1_41' title="bbox 1939 1355 3449 1424; baseline -0.006 -10"><span class='ocrx_word' id='word_1_262' title='bbox 1939 1362 2023 1415; x_wconf 69' lang='grc'><strong>74.</strong></span> <span class='ocrx_word' id='word_1_263' title='bbox 2069 1359 2312 1412; x_wconf 81' lang='lat' dir='ltr'><strong>Tertium</strong></span> <span class='ocrx_word' id='word_1_264' title='bbox 2360 1357 2684 1410; x_wconf 86' lang='lat' dir='ltr'><strong>beneﬁcium</strong></span> <span class='ocrx_word' id='word_1_265' title='bbox 2718 1355 2915 1410; x_wconf 90' lang='lat' dir='ltr'><strong>dicitur</strong></span> <span class='ocrx_word' id='word_1_266' title='bbox 2941 1355 3243 1424; x_wconf 65' lang='lat' dir='ltr'><strong>praestitum</strong></span> <span class='ocrx_word' id='word_1_267' title='bbox 3290 1366 3449 1407; x_wconf 81' lang='lat' dir='ltr'><strong>servo</strong></span> 
     </span>
    </p>
   </div>
   <div class='ocr_carea' id='block_1_42' title="bbox 1867 1440 3450 1516">
    <p class='ocr_par' dir='ltr' id='par_1_42' title="bbox 1867 1440 3450 1516">
     <span class='ocr_line' id='line_1_42' title="bbox 1867 1440 3450 1516; baseline -0.011 -5"><span class='ocrx_word' id='word_1_268' title='bbox 1867 1452 2086 1512; x_wconf 78' lang='lat' dir='ltr'><strong>cuidam</strong></span> <span class='ocrx_word' id='word_1_269' title='bbox 2124 1449 2413 1511; x_wconf 67' lang='lat' dir='ltr'><strong>Bothildte,</strong></span> <span class='ocrx_word' id='word_1_270' title='bbox 2453 1448 2660 1502; x_wconf 91' lang='lat' dir='ltr'><strong>sororis</strong></span> <span class='ocrx_word' id='word_1_271' title='bbox 2697 1446 2946 1516; x_wconf 86' lang='lat' dir='ltr'><strong>Gisulphi</strong></span> <span class='ocrx_word' id='word_1_272' title='bbox 2977 1442 3240 1515; x_wconf 84' lang='lat' dir='ltr'><strong>principis</strong></span> <span class='ocrx_word' id='word_1_273' title='bbox 3270 1440 3450 1494; x_wconf 82' lang='lat' dir='ltr'><strong>Saler-</strong></span> 
     </span>
    </p>
   </div>
   <div class='ocr_carea' id='block_1_43' title="bbox 1868 1533 3450 1610">
    <p class='ocr_par' dir='ltr' id='par_1_43' title="bbox 1868 1533 3450 1610">
     <span class='ocr_line' id='line_1_43' title="bbox 1868 1533 3450 1610; baseline -0.011 -7"><span class='ocrx_word' id='word_1_274' title='bbox 1868 1545 2066 1610; x_wconf 89' lang='lat' dir='ltr'><strong>nitani,</strong></span> <span class='ocrx_word' id='word_1_275' title='bbox 2099 1554 2154 1599; x_wconf 89' lang='lat' dir='ltr'><strong>et</strong></span> <span class='ocrx_word' id='word_1_276' title='bbox 2189 1543 2368 1597; x_wconf 65' lang='lat' dir='ltr'><strong>viduae</strong></span> <span class='ocrx_word' id='word_1_277' title='bbox 2399 1537 2727 1607; x_wconf 78' lang='lat' dir='ltr'><strong>Athenolphi</strong></span> <span class='ocrx_word' id='word_1_278' title='bbox 2759 1538 3022 1606; x_wconf 83' lang='lat' dir='ltr'><strong>principis</strong></span> <span class='ocrx_word' id='word_1_279' title='bbox 3047 1533 3450 1589; x_wconf 85' lang='lat' dir='ltr'><strong>Beneventani.</strong></span> 
     </span>
    </p>
   </div>
   <div class='ocr_carea' id='block_1_44' title="bbox 1869 1623 3449 1706">
    <p class='ocr_par' dir='ltr' id='par_1_44' title="bbox 1869 1623 3449 1706">
     <span class='ocr_line' id='line_1_44' title="bbox 1869 1623 3449 1706; baseline -0.012 -12"><span class='ocrx_word' id='word_1_280' title='bbox 1869 1635 2203 1706; x_wconf 83' lang='lat' dir='ltr'><strong>Athenolpbi</strong></span> <span class='ocrx_word' id='word_1_281' title='bbox 2251 1643 2432 1689; x_wconf 89' lang='lat' dir='ltr'><strong>autem</strong></span> <span class='ocrx_word' id='word_1_282' title='bbox 2469 1632 2613 1686; x_wconf 81' lang='lat' dir='ltr'><strong>illius</strong></span> <span class='ocrx_word' id='word_1_283' title='bbox 2648 1632 2982 1684; x_wconf 83' lang='lat' dir='ltr'><strong>mentionem</strong></span> <span class='ocrx_word' id='word_1_284' title='bbox 3033 1625 3241 1680; x_wconf 87' lang='lat' dir='ltr'><strong>invenit</strong></span> <span class='ocrx_word' id='word_1_285' title='bbox 3273 1623 3449 1676; x_wconf 82' lang='lat' dir='ltr'><strong>Mura-</strong></span> 
     </span>
    </p>
   </div>
   <div class='ocr_carea' id='block_1_45' title="bbox 1871 1716 3452 1794">
    <p class='ocr_par' dir='ltr' id='par_1_45' title="bbox 1871 1716 3452 1794">
     <span class='ocr_line' id='line_1_45' title="bbox 1871 1716 3452 1794; baseline -0.012 -6"><span class='ocrx_word' id='word_1_286' title='bbox 1871 1733 2064 1794; x_wconf 89' lang='lat' dir='ltr'><strong>torius,</strong></span> <span class='ocrx_word' id='word_1_287' title='bbox 2102 1730 2153 1783; x_wconf 92' lang='lat' dir='ltr'><strong>in</strong></span> <span class='ocrx_word' id='word_1_288' title='bbox 2187 1727 2480 1782; x_wconf 80' lang='lat' dir='ltr'><strong>Annalibus</strong></span> <span class='ocrx_word' id='word_1_289' title='bbox 2527 1723 2724 1789; x_wconf 70' lang='lat' dir='ltr'><strong>Italica,</strong></span> <span class='ocrx_word' id='word_1_290' title='bbox 2773 1736 2944 1789; x_wconf 86' lang='lat' dir='ltr'><strong>usque</strong></span> <span class='ocrx_word' id='word_1_291' title='bbox 2984 1720 3048 1774; x_wconf 90' lang='lat' dir='ltr'><strong>ad</strong></span> <span class='ocrx_word' id='word_1_292' title='bbox 3082 1733 3282 1773; x_wconf 89' lang='lat' dir='ltr'><strong>annum</strong></span> <span class='ocrx_word' id='word_1_293' title='bbox 3318 1716 3452 1790; x_wconf 72' lang='grc'><strong>940,</strong></span> 
     </span>
    </p>
   </div>
   <div class='ocr_carea' id='block_1_46' title="bbox 1875 1809 3453 1883">
    <p class='ocr_par' dir='ltr' id='par_1_46' title="bbox 1875 1809 3453 1883">
     <span class='ocr_line' id='line_1_46' title="bbox 1875 1809 3453 1883; baseline -0.011 -4"><span class='ocrx_word' id='word_1_294' title='bbox 1875 1828 1945 1879; x_wconf 88' lang='lat' dir='ltr'><strong>ita</strong></span> <span class='ocrx_word' id='word_1_295' title='bbox 1971 1835 2029 1877; x_wconf 91' lang='lat' dir='ltr'><strong>ut</strong></span> <span class='ocrx_word' id='word_1_296' title='bbox 2054 1823 2178 1876; x_wconf 86' lang='lat' dir='ltr'><strong>inde</strong></span> <span class='ocrx_word' id='word_1_297' title='bbox 2206 1821 2480 1883; x_wconf 82' lang='lat' dir='ltr'><strong>conjiciat,</strong></span> <span class='ocrx_word' id='word_1_298' title='bbox 2507 1817 2698 1871; x_wconf 85' lang='lat' dir='ltr'><strong>eodem</strong></span> <span class='ocrx_word' id='word_1_299' title='bbox 2725 1830 2868 1868; x_wconf 92' lang='lat' dir='ltr'><strong>anno</strong></span> <span class='ocrx_word' id='word_1_300' title='bbox 2894 1811 3198 1882; x_wconf 65' lang='grc'><strong>9101111111111</strong></span> <span class='ocrx_word' id='word_1_301' title='bbox 3226 1809 3453 1864; x_wconf 84' lang='lat' dir='ltr'><strong>obiisse.</strong></span> 
     </span>
    </p>
   </div>
   <div class='ocr_carea' id='block_1_47' title="bbox 1876 1897 3454 1976">
    <p class='ocr_par' dir='ltr' id='par_1_47' title="bbox 1876 1897 3454 1976">
     <span class='ocr_line' id='line_1_47' title="bbox 1876 1897 3454 1976; baseline -0.012 -5"><span class='ocrx_word' id='word_1_302' title='bbox 1876 1919 2000 1971; x_wconf 80' lang='lat' dir='ltr'><strong>Mihi</strong></span> <span class='ocrx_word' id='word_1_303' title='bbox 2041 1927 2267 1968; x_wconf 88' lang='lat' dir='ltr'><strong>necesse</strong></span> <span class='ocrx_word' id='word_1_304' title='bbox 2313 1926 2420 1964; x_wconf 90' lang='lat' dir='ltr'><strong>non</strong></span> <span class='ocrx_word' id='word_1_305' title='bbox 2476 1917 2581 1973; x_wconf 88' lang='lat' dir='ltr'><strong>est,</strong></span> <span class='ocrx_word' id='word_1_306' title='bbox 2630 1918 2847 1976; x_wconf 86' lang='lat' dir='ltr'><strong>tempus</strong></span> <span class='ocrx_word' id='word_1_307' title='bbox 2895 1905 3077 1959; x_wconf 89' lang='lat' dir='ltr'><strong>obitus</strong></span> <span class='ocrx_word' id='word_1_308' title='bbox 3126 1897 3454 1968; x_wconf 82' lang='lat' dir='ltr'><strong>Athenolphi</strong></span> 
     </span>
    </p>
   </div>
   <div class='ocr_carea' id='block_1_48' title="bbox 1878 1990 3455 2076">
    <p class='ocr_par' dir='ltr' id='par_1_48' title="bbox 1878 1990 3455 2076">
     <span class='ocr_line' id='line_1_48' title="bbox 1878 1990 3455 2076; baseline -0.01 -17"><span class='ocrx_word' id='word_1_309' title='bbox 1878 2005 2097 2076; x_wconf 79' lang='lat' dir='ltr'><strong>propius</strong></span> <span class='ocrx_word' id='word_1_310' title='bbox 2149 2002 2445 2072; x_wconf 87' lang='lat' dir='ltr'><strong>inquirere.</strong></span> <span class='ocrx_word' id='word_1_311' title='bbox 2492 1998 2680 2052; x_wconf 85' lang='lat' dir='ltr'><strong>Solum</strong></span> <span class='ocrx_word' id='word_1_312' title='bbox 2735 1997 2989 2056; x_wconf 87' lang='lat' dir='ltr'><strong>observo,</strong></span> <span class='ocrx_word' id='word_1_313' title='bbox 3029 1993 3247 2048; x_wconf 83' lang='lat' dir='ltr'><strong>videam</strong></span> <span class='ocrx_word' id='word_1_314' title='bbox 3283 1990 3455 2060; x_wconf 84' lang='lat' dir='ltr'><strong>ipsius</strong></span> 
     </span>
    </p>
   </div>
   <div class='ocr_carea' id='block_1_49' title="bbox 1878 2084 3453 2164">
    <p class='ocr_par' dir='ltr' id='par_1_49' title="bbox 1878 2084 3453 2164">
     <span class='ocr_line' id='line_1_49' title="bbox 1878 2084 3453 2164; baseline -0.013 -11"><span class='ocrx_word' id='word_1_315' title='bbox 1878 2099 2190 2153; x_wconf 75' lang='lat' dir='ltr'><strong>Rothildam</strong></span> <span class='ocrx_word' id='word_1_316' title='bbox 2228 2094 2472 2164; x_wconf 86' lang='lat' dir='ltr'><strong>potuisse</strong></span> <span class='ocrx_word' id='word_1_317' title='bbox 2515 2091 2674 2147; x_wconf 77' lang='lat' dir='ltr'><strong>facile</strong></span> <span class='ocrx_word' id='word_1_318' title='bbox 2726 2101 3016 2159; x_wconf 85' lang='lat' dir='ltr'><strong>superesse</strong></span> <span class='ocrx_word' id='word_1_319' title='bbox 3051 2099 3221 2155; x_wconf 88' lang='lat' dir='ltr'><strong>usque</strong></span> <span class='ocrx_word' id='word_1_320' title='bbox 3256 2084 3322 2138; x_wconf 90' lang='lat' dir='ltr'><strong>ad</strong></span> <span class='ocrx_word' id='word_1_321' title='bbox 3354 2096 3453 2135; x_wconf 79' lang='lat' dir='ltr'><strong>an-</strong></span> 
     </span>
    </p>
   </div>
   <div class='ocr_carea' id='block_1_50' title="bbox 1880 2175 3458 2257">
    <p class='ocr_par' dir='ltr' id='par_1_50' title="bbox 1880 2175 3458 2257">
     <span class='ocr_line' id='line_1_50' title="bbox 1880 2175 3458 2257; baseline -0.014 -9"><span class='ocrx_word' id='word_1_322' title='bbox 1880 2211 2012 2248; x_wconf 88' lang='lat' dir='ltr'><strong>num</strong></span> <span class='ocrx_word' id='word_1_323' title='bbox 2045 2192 2170 2253; x_wconf 66' lang='lat'><strong>95!,</strong></span> <span class='ocrx_word' id='word_1_324' title='bbox 2204 2203 2310 2257; x_wconf 87' lang='lat' dir='ltr'><strong>quo</strong></span> <span class='ocrx_word' id='word_1_325' title='bbox 2345 2186 2528 2241; x_wconf 88' lang='lat' dir='ltr'><strong>omnia</strong></span> <span class='ocrx_word' id='word_1_326' title='bbox 2573 2183 2868 2251; x_wconf 76' lang='lat' dir='ltr'><strong>contigisse</strong></span> <span class='ocrx_word' id='word_1_327' title='bbox 2911 2181 3186 2241; x_wconf 90' lang='lat' dir='ltr'><strong>dicuntur,</strong></span> <span class='ocrx_word' id='word_1_328' title='bbox 3223 2175 3458 2229; x_wconf 66' lang='lat' dir='ltr'><strong>maxime</strong></span> 
     </span>
    </p>
   </div>
   <div class='ocr_carea' id='block_1_51' title="bbox 1876 2266 3455 2345">
    <p class='ocr_par' dir='ltr' id='par_1_51' title="bbox 1876 2266 3455 2345">
     <span class='ocr_line' id='line_1_51' title="bbox 1876 2266 3455 2345; baseline -0.013 -5"><span class='ocrx_word' id='word_1_329' title='bbox 1876 2284 2068 2341; x_wconf 91' lang='lat' dir='ltr'><strong>cumin</strong></span> <span class='ocrx_word' id='word_1_330' title='bbox 2098 2280 2357 2334; x_wconf 81' lang='lat' dir='ltr'><strong>viduitate</strong></span> <span class='ocrx_word' id='word_1_331' title='bbox 2387 2276 2704 2345; x_wconf 82' lang='lat' dir='ltr'><strong>perdurans.</strong></span> <span class='ocrx_word' id='word_1_332' title='bbox 2734 2273 2785 2326; x_wconf 91' lang='lat' dir='ltr'><strong>id</strong></span> <span class='ocrx_word' id='word_1_333' title='bbox 2808 2280 2911 2335; x_wconf 85' lang='lat' dir='ltr'><strong>est,</strong></span> <span class='ocrx_word' id='word_1_334' title='bbox 2943 2271 3038 2323; x_wconf 86' lang='lat' dir='ltr'><strong>diu</strong></span> <span class='ocrx_word' id='word_1_335' title='bbox 3067 2269 3228 2321; x_wconf 87' lang='lat' dir='ltr'><strong>vidua</strong></span> <span class='ocrx_word' id='word_1_336' title='bbox 3272 2266 3324 2318; x_wconf 90' lang='lat' dir='ltr'><strong>in</strong></span> <span class='ocrx_word' id='word_1_337' title='bbox 3350 2280 3455 2320; x_wconf 89' lang='lat' dir='ltr'><strong>ms.</strong></span> 
     </span>
    </p>
   </div>
   <div class='ocr_carea' id='block_1_52' title="bbox 1880 2359 3458 2432">
    <p class='ocr_par' dir='ltr' id='par_1_52' title="bbox 1880 2359 3458 2432">
     <span class='ocr_line' id='line_1_52' title="bbox 1880 2359 3458 2432; baseline -0.014 0"><span class='ocrx_word' id='word_1_338' title='bbox 1880 2385 2177 2432; x_wconf 86' lang='lat' dir='ltr'><strong>asseratur.</strong></span> <span class='ocrx_word' id='word_1_339' title='bbox 2207 2373 2410 2425; x_wconf 86' lang='lat' dir='ltr'><strong>Servus</strong></span> <span class='ocrx_word' id='word_1_340' title='bbox 2441 2377 2619 2422; x_wconf 89' lang='lat' dir='ltr'><strong>autem</strong></span> <span class='ocrx_word' id='word_1_341' title='bbox 2651 2362 2940 2424; x_wconf 63' lang='lat' dir='ltr'><strong>ltothildat,</strong></span> <span class='ocrx_word' id='word_1_342' title='bbox 2991 2359 3308 2429; x_wconf 82' lang='lat' dir='ltr'><strong>Stephanus</strong></span> <span class='ocrx_word' id='word_1_343' title='bbox 3357 2372 3458 2411; x_wconf 86' lang='lat' dir='ltr'><strong>no-</strong></span> 
     </span>
    </p>
   </div>
   <div class='ocr_carea' id='block_1_53' title="bbox 1880 2447 3465 2525">
    <p class='ocr_par' dir='ltr' id='par_1_53' title="bbox 1880 2447 3465 2525">
     <span class='ocr_line' id='line_1_53' title="bbox 1880 2447 3465 2525; baseline -0.011 -9"><span class='ocrx_word' id='word_1_344' title='bbox 1880 2464 2046 2523; x_wconf 83' lang='lat' dir='ltr'><strong>mine,</strong></span> <span class='ocrx_word' id='word_1_345' title='bbox 2085 2460 2284 2514; x_wconf 89' lang='lat' dir='ltr'><strong>dicitur</strong></span> <span class='ocrx_word' id='word_1_346' title='bbox 2309 2472 2434 2513; x_wconf 91' lang='lat' dir='ltr'><strong>cum</strong></span> <span class='ocrx_word' id='word_1_347' title='bbox 2474 2453 2816 2525; x_wconf 83' lang='lat' dir='ltr'><strong>impatientia</strong></span> <span class='ocrx_word' id='word_1_348' title='bbox 2851 2461 3060 2507; x_wconf 90' lang='lat' dir='ltr'><strong>etcum</strong></span> <span class='ocrx_word' id='word_1_349' title='bbox 3107 2447 3465 2504; x_wconf 79' lang='lat' dir='ltr'><strong>invocatione</strong></span> 
     </span>
    </p>
   </div>
   <div class='ocr_carea' id='block_1_54' title="bbox 1878 2537 3460 2618">
    <p class='ocr_par' dir='ltr' id='par_1_54' title="bbox 1878 2537 3460 2618">
     <span class='ocr_line' id='line_1_54' title="bbox 1878 2537 3460 2618; baseline -0.01 -11"><span class='ocrx_word' id='word_1_350' title='bbox 1878 2552 2077 2607; x_wconf 90' lang='lat' dir='ltr'><strong>diaboli</strong></span> <span class='ocrx_word' id='word_1_351' title='bbox 2133 2564 2328 2618; x_wconf 85' lang='lat' dir='ltr'><strong>aquam</strong></span> <span class='ocrx_word' id='word_1_352' title='bbox 2387 2547 2634 2616; x_wconf 84' lang='lat' dir='ltr'><strong>petiisse,</strong></span> <span class='ocrx_word' id='word_1_353' title='bbox 2685 2554 3078 2612; x_wconf 85' lang='lat' dir='ltr'><strong>aceeptamque</strong></span> <span class='ocrx_word' id='word_1_354' title='bbox 3124 2551 3319 2608; x_wconf 85' lang='lat' dir='ltr'><strong>aquam</strong></span> <span class='ocrx_word' id='word_1_355' title='bbox 3367 2537 3460 2592; x_wconf 87' lang='lat' dir='ltr'><strong>ubi</strong></span> 
     </span>
    </p>
   </div>
   <div class='ocr_carea' id='block_1_55' title="bbox 1884 2627 3459 2699">
    <p class='ocr_par' dir='ltr' id='par_1_55' title="bbox 1884 2627 3459 2699">
     <span class='ocr_line' id='line_1_55' title="bbox 1884 2627 3459 2699; baseline -0.012 0"><span class='ocrx_word' id='word_1_356' title='bbox 1884 2642 2162 2699; x_wconf 86' lang='lat' dir='ltr'><strong>ebibisset.</strong></span> <span class='ocrx_word' id='word_1_357' title='bbox 2197 2638 2454 2692; x_wconf 81' lang='lat' dir='ltr'><strong>obsessus</strong></span> <span class='ocrx_word' id='word_1_358' title='bbox 2484 2635 2653 2688; x_wconf 84' lang='lat' dir='ltr'><strong>fuisse</strong></span> <span class='ocrx_word' id='word_1_359' title='bbox 2677 2649 2704 2686; x_wconf 86' lang='lat' dir='ltr'><strong>a</strong></span> <span class='ocrx_word' id='word_1_360' title='bbox 2734 2635 3000 2687; x_wconf 65' lang='lat' dir='ltr'><strong>daemone.</strong></span> <span class='ocrx_word' id='word_1_361' title='bbox 3027 2628 3134 2683; x_wconf 80' lang='lat' dir='ltr'><strong>Res</strong></span> <span class='ocrx_word' id='word_1_362' title='bbox 3163 2627 3459 2684; x_wconf 78' lang='lat' dir='ltr'><strong>confestim</strong></span> 
     </span>
    </p>
   </div>
   <div class='ocr_carea' id='block_1_56' title="bbox 1884 2719 3463 2791">
    <p class='ocr_par' dir='ltr' id='par_1_56' title="bbox 1884 2719 3463 2791">
     <span class='ocr_line' id='line_1_56' title="bbox 1884 2719 3463 2791; baseline -0.013 0"><span class='ocrx_word' id='word_1_363' title='bbox 1884 2737 2122 2791; x_wconf 86' lang='lat' dir='ltr'><strong>innotuit</strong></span> <span class='ocrx_word' id='word_1_364' title='bbox 2157 2747 2264 2786; x_wconf 90' lang='lat' dir='ltr'><strong>non</strong></span> <span class='ocrx_word' id='word_1_365' title='bbox 2320 2730 2493 2783; x_wconf 88' lang='lat' dir='ltr'><strong>solum</strong></span> <span class='ocrx_word' id='word_1_366' title='bbox 2526 2725 2816 2790; x_wconf 66' lang='lat' dir='ltr'><strong>Rothildre,</strong></span> <span class='ocrx_word' id='word_1_367' title='bbox 2847 2723 2946 2778; x_wconf 89' lang='lat' dir='ltr'><strong>sed</strong></span> <span class='ocrx_word' id='word_1_368' title='bbox 2975 2722 3142 2777; x_wconf 89' lang='lat' dir='ltr'><strong>etiam</strong></span> <span class='ocrx_word' id='word_1_369' title='bbox 3197 2719 3463 2789; x_wconf 85' lang='lat' dir='ltr'><strong>Gisulpho</strong></span> 
     </span>
    </p>
   </div>
   <div class='ocr_carea' id='block_1_57' title="bbox 1884 2811 3462 2901">
    <p class='ocr_par' dir='ltr' id='par_1_57' title="bbox 1884 2811 3462 2901">
     <span class='ocr_line' id='line_1_57' title="bbox 1884 2811 3462 2901; baseline -0.013 -17"><span class='ocrx_word' id='word_1_370' title='bbox 1884 2827 2136 2901; x_wconf 81' lang='lat' dir='ltr'><strong>principi,</strong></span> <span class='ocrx_word' id='word_1_371' title='bbox 2169 2824 2489 2888; x_wconf 77' lang='lat' dir='ltr'><strong>cunctisque</strong></span> <span class='ocrx_word' id='word_1_372' title='bbox 2529 2818 2851 2891; x_wconf 85' lang='lat' dir='ltr'><strong>proceribus</strong></span> <span class='ocrx_word' id='word_1_373' title='bbox 2894 2825 2949 2872; x_wconf 89' lang='lat' dir='ltr'><strong>et</strong></span> <span class='ocrx_word' id='word_1_374' title='bbox 2992 2817 3247 2886; x_wconf 86' lang='lat' dir='ltr'><strong>episcopo</strong></span> <span class='ocrx_word' id='word_1_375' title='bbox 3279 2811 3462 2866; x_wconf 73' lang='lat' dir='ltr'><strong>Saler-</strong></span> 
     </span>
    </p>
   </div>
   <div class='ocr_carea' id='block_1_58' title="bbox 1885 2905 3457 2983">
    <p class='ocr_par' dir='ltr' id='par_1_58' title="bbox 1885 2905 3457 2983">
     <span class='ocr_line' id='line_1_58' title="bbox 1885 2905 3457 2983; baseline -0.013 -5"><span class='ocrx_word' id='word_1_376' title='bbox 1885 2927 2090 2979; x_wconf 90' lang='lat' dir='ltr'><strong>nitano.</strong></span> <span class='ocrx_word' id='word_1_377' title='bbox 2124 2917 2456 2973; x_wconf 86' lang='lat' dir='ltr'><strong>Servabatur</strong></span> <span class='ocrx_word' id='word_1_378' title='bbox 2488 2926 2894 2983; x_wconf 87' lang='lat' dir='ltr'><strong>energumenus</strong></span> <span class='ocrx_word' id='word_1_379' title='bbox 2929 2911 2982 2964; x_wconf 92' lang='lat' dir='ltr'><strong>in</strong></span> <span class='ocrx_word' id='word_1_380' title='bbox 3033 2909 3236 2963; x_wconf 84' lang='lat' dir='ltr'><strong>sacello</strong></span> <span class='ocrx_word' id='word_1_381' title='bbox 3270 2905 3457 2976; x_wconf 85' lang='lat' dir='ltr'><strong>palatii</strong></span> 
     </span>
    </p>
   </div>
   <div class='ocr_carea' id='block_1_59' title="bbox 1882 3000 3463 3073">
    <p class='ocr_par' dir='ltr' id='par_1_59' title="bbox 1882 3000 3463 3073">
     <span class='ocr_line' id='line_1_59' title="bbox 1882 3000 3463 3073; baseline -0.013 -3"><span class='ocrx_word' id='word_1_382' title='bbox 1882 3012 2114 3070; x_wconf 86' lang='lat' dir='ltr'><strong>vinculis</strong></span> <span class='ocrx_word' id='word_1_383' title='bbox 2135 3008 2489 3068; x_wconf 83' lang='lat' dir='ltr'><strong>constrictus,</strong></span> <span class='ocrx_word' id='word_1_384' title='bbox 2516 3014 2572 3060; x_wconf 91' lang='lat' dir='ltr'><strong>et</strong></span> <span class='ocrx_word' id='word_1_385' title='bbox 2605 3004 2895 3073; x_wconf 87' lang='lat' dir='ltr'><strong>episcopus</strong></span> <span class='ocrx_word' id='word_1_386' title='bbox 2924 3015 3116 3053; x_wconf 92' lang='lat' dir='ltr'><strong>omnes</strong></span> <span class='ocrx_word' id='word_1_387' title='bbox 3145 3000 3463 3052; x_wconf 73' lang='lat' dir='ltr'><strong>hortabatur</strong></span> 
     </span>
    </p>
   </div>
   <div class='ocr_carea' id='block_1_60' title="bbox 1886 3091 3463 3178">
    <p class='ocr_par' dir='ltr' id='par_1_60' title="bbox 1886 3091 3463 3178">
     <span class='ocr_line' id='line_1_60' title="bbox 1886 3091 3463 3178; baseline -0.015 -14"><span class='ocrx_word' id='word_1_388' title='bbox 1886 3113 1951 3164; x_wconf 89' lang='lat' dir='ltr'><strong>ad</strong></span> <span class='ocrx_word' id='word_1_389' title='bbox 1989 3121 2177 3178; x_wconf 76' lang='lat' dir='ltr'><strong>preces</strong></span> <span class='ocrx_word' id='word_1_390' title='bbox 2206 3118 2304 3171; x_wconf 90' lang='lat' dir='ltr'><strong>pro</strong></span> <span class='ocrx_word' id='word_1_391' title='bbox 2329 3116 2394 3156; x_wconf 90' lang='lat' dir='ltr'><strong>eo</strong></span> <span class='ocrx_word' id='word_1_392' title='bbox 2426 3096 2753 3154; x_wconf 73' lang='lat' dir='ltr'><strong>fundendus.</strong></span> <span class='ocrx_word' id='word_1_393' title='bbox 2789 3114 2809 3148; x_wconf 82' lang='grc'><strong>1</strong></span> <span class='ocrx_word' id='word_1_394' title='bbox 2843 3095 2978 3148; x_wconf 90' lang='lat' dir='ltr'><strong>Dum</strong></span> <span class='ocrx_word' id='word_1_395' title='bbox 3007 3091 3125 3147; x_wconf 67' lang='lat' dir='ltr'><strong>haec</strong></span> <span class='ocrx_word' id='word_1_396' title='bbox 3151 3099 3463 3161; x_wconf 74' lang='lat' dir='ltr'><strong>agerentur,</strong></span> 
     </span>
    </p>
   </div>
   <div class='ocr_carea' id='block_1_61' title="bbox 197 3181 1782 3289">
    <p class='ocr_par' dir='ltr' id='par_1_61' title="bbox 197 3209 1770 3289">
     <span class='ocr_line' id='line_1_61' title="bbox 197 3209 1770 3289; baseline -0.004 -17"><span class='ocrx_word' id='word_1_397' title='bbox 197 3218 420 3289; x_wconf 73' lang='lat' dir='ltr'><strong>hymnis</strong></span> <span class='ocrx_word' id='word_1_398' title='bbox 450 3227 503 3271; x_wconf 91' lang='lat' dir='ltr'><strong>et</strong></span> <span class='ocrx_word' id='word_1_399' title='bbox 535 3217 786 3273; x_wconf 85' lang='lat' dir='ltr'><strong>laudibus</strong></span> <span class='ocrx_word' id='word_1_400' title='bbox 823 3219 876 3269; x_wconf 92' lang='lat' dir='ltr'><strong>in</strong></span> <span class='ocrx_word' id='word_1_401' title='bbox 909 3218 1095 3272; x_wconf 90' lang='lat' dir='ltr'><strong>urbem</strong></span> <span class='ocrx_word' id='word_1_402' title='bbox 1129 3218 1333 3272; x_wconf 89' lang='lat' dir='ltr'><strong>rediit:</strong></span> <span class='ocrx_word' id='word_1_403' title='bbox 1369 3217 1615 3287; x_wconf 86' lang='lat' dir='ltr'><strong>atquein</strong></span> <span class='ocrx_word' id='word_1_404' title='bbox 1656 3209 1770 3268; x_wconf 75' lang='lat' dir='ltr'><strong>aula</strong></span> 
     </span>
    </p>
   </div>
   <div class='ocr_carea' id='block_1_62' title="bbox 1882 3181 3465 3289">
    <p class='ocr_par' dir='ltr' id='par_1_62' title="bbox 1887 3181 3465 3257">
     <span class='ocr_line' id='line_1_62' title="bbox 1887 3181 3465 3257; baseline -0.012 -4"><span class='ocrx_word' id='word_1_405' title='bbox 1887 3203 1961 3254; x_wconf 88' lang='lat' dir='ltr'><strong>alt</strong></span> <span class='ocrx_word' id='word_1_406' title='bbox 1993 3207 2205 3257; x_wconf 88' lang='lat' dir='ltr'><strong>auctor,</strong></span> <span class='ocrx_word' id='word_1_407' title='bbox 2233 3191 2565 3248; x_wconf 81' lang='lat' dir='ltr'><strong>Athanasius</strong></span> <span class='ocrx_word' id='word_1_408' title='bbox 2587 3191 2853 3242; x_wconf 89' lang='lat' dir='ltr'><strong>intererat</strong></span> <span class='ocrx_word' id='word_1_409' title='bbox 2875 3185 3174 3240; x_wconf 86' lang='lat' dir='ltr'><strong>monachus</strong></span> <span class='ocrx_word' id='word_1_410' title='bbox 3199 3181 3465 3254; x_wconf 85' lang='lat' dir='ltr'><strong>(corporis</strong></span> 
     </span>
    </p>
   </div>
   <div class='ocr_carea' id='block_1_63' title="bbox 199 3309 1770 3379">
    <p class='ocr_par' dir='ltr' id='par_1_63' title="bbox 199 3309 1770 3379">
     <span class='ocr_line' id='line_1_63' title="bbox 199 3309 1770 3379; baseline -0.004 -11"><span class='ocrx_word' id='word_1_411' title='bbox 199 3313 299 3368; x_wconf 85' lang='lat' dir='ltr'><strong>Dei</strong></span> <span class='ocrx_word' id='word_1_412' title='bbox 334 3309 628 3366; x_wconf 85' lang='lat' dir='ltr'><strong>Genitricis</strong></span> <span class='ocrx_word' id='word_1_413' title='bbox 660 3312 844 3366; x_wconf 88' lang='lat' dir='ltr'><strong>debita</strong></span> <span class='ocrx_word' id='word_1_414' title='bbox 890 3311 1195 3366; x_wconf 74' lang='lat' dir='ltr'><strong>reverentia</strong></span> <span class='ocrx_word' id='word_1_415' title='bbox 1230 3310 1536 3373; x_wconf 87' lang='lat' dir='ltr'><strong>collocavit,</strong></span> <span class='ocrx_word' id='word_1_416' title='bbox 1576 3310 1628 3363; x_wconf 91' lang='lat' dir='ltr'><strong>in</strong></span> <span class='ocrx_word' id='word_1_417' title='bbox 1665 3325 1770 3379; x_wconf 89' lang='lat' dir='ltr'><strong>qua</strong></span> 
     </span>
    </p>
   </div>
   <div class='ocr_carea' id='block_1_64' title="bbox 200 3401 1777 3475">
    <p class='ocr_par' dir='ltr' id='par_1_64' title="bbox 200 3401 1777 3475">
     <span class='ocr_line' id='line_1_64' title="bbox 200 3401 1777 3475; baseline 0.001 -21"><span class='ocrx_word' id='word_1_418' title='bbox 200 3405 553 3475; x_wconf 55' lang='lat' dir='ltr'><strong>praesentiam</strong></span> <span class='ocrx_word' id='word_1_419' title='bbox 590 3403 671 3456; x_wconf 90' lang='lat' dir='ltr'><strong>sui</strong></span> <span class='ocrx_word' id='word_1_420' title='bbox 718 3404 961 3472; x_wconf 90' lang='lat' dir='ltr'><strong>corporis</strong></span> <span class='ocrx_word' id='word_1_421' title='bbox 1012 3403 1345 3474; x_wconf 80' lang='lat' dir='ltr'><strong>evangelista</strong></span> <span class='ocrx_word' id='word_1_422' title='bbox 1400 3401 1777 3457; x_wconf 86' lang='lat' dir='ltr'><strong>sanctissimus</strong></span> 
     </span>
    </p>
   </div>
   <div class='ocr_carea' id='block_1_65' title="bbox 199 3493 1774 3562">
    <p class='ocr_par' dir='ltr' id='par_1_65' title="bbox 199 3493 1774 3562">
     <span class='ocr_line' id='line_1_65' title="bbox 199 3493 1774 3562; baseline -0.007 -7"><span class='ocrx_word' id='word_1_423' title='bbox 199 3500 323 3555; x_wconf 85' lang='lat' dir='ltr'><strong>suis</strong></span> <span class='ocrx_word' id='word_1_424' title='bbox 356 3500 612 3552; x_wconf 88' lang='lat' dir='ltr'><strong>virtutum</strong></span> <span class='ocrx_word' id='word_1_425' title='bbox 647 3495 926 3549; x_wconf 82' lang='lat' dir='ltr'><strong>miraculis</strong></span> <span class='ocrx_word' id='word_1_426' title='bbox 956 3493 1272 3550; x_wconf 86' lang='lat' dir='ltr'><strong>declaravit.</strong></span> <span class='ocrx_word' id='word_1_427' title='bbox 1310 3515 1328 3546; x_wconf 87' lang='grc'><strong>1</strong></span> <span class='ocrx_word' id='word_1_428' title='bbox 1379 3494 1497 3548; x_wconf 76' lang='lat' dir='ltr'><strong>Mox</strong></span> <span class='ocrx_word' id='word_1_429' title='bbox 1526 3509 1774 3562; x_wconf 84' lang='lat' dir='ltr'><strong>sequun-</strong></span> 
     </span>
    </p>
   </div>
   <div class='ocr_carea' id='block_1_66' title="bbox 203 3583 1782 3657">
    <p class='ocr_par' dir='ltr' id='par_1_66' title="bbox 203 3583 1782 3657">
     <span class='ocr_line' id='line_1_66' title="bbox 203 3583 1782 3657; baseline -0.006 -12"><span class='ocrx_word' id='word_1_430' title='bbox 203 3605 296 3646; x_wconf 86' lang='lat' dir='ltr'><strong>tur</strong></span> <span class='ocrx_word' id='word_1_431' title='bbox 342 3592 392 3643; x_wconf 92' lang='lat' dir='ltr'><strong>in</strong></span> <span class='ocrx_word' id='word_1_432' title='bbox 445 3599 675 3657; x_wconf 90' lang='lat' dir='ltr'><strong>utroque</strong></span> <span class='ocrx_word' id='word_1_433' title='bbox 714 3585 813 3643; x_wconf 78' lang='lat' dir='ltr'><strong>Ms.</strong></span> <span class='ocrx_word' id='word_1_434' title='bbox 861 3585 1121 3642; x_wconf 88' lang='lat' dir='ltr'><strong>beneﬁcia</strong></span> <span class='ocrx_word' id='word_1_435' title='bbox 1177 3585 1427 3656; x_wconf 69' lang='lat' dir='ltr'><strong>quaedam</strong></span> <span class='ocrx_word' id='word_1_436' title='bbox 1477 3583 1782 3655; x_wconf 87' lang='lat' dir='ltr'><strong>patrocinio</strong></span> 
     </span>
    </p>
   </div>
   <div class='ocr_carea' id='block_1_67' title="bbox 202 3674 1778 3747">
    <p class='ocr_par' dir='ltr' id='par_1_67' title="bbox 202 3674 1778 3747">
     <span class='ocr_line' id='line_1_67' title="bbox 202 3674 1778 3747; baseline -0.006 -11"><span class='ocrx_word' id='word_1_437' title='bbox 202 3681 380 3737; x_wconf 81' lang='lat' dir='ltr'><strong>sancti</strong></span> <span class='ocrx_word' id='word_1_438' title='bbox 441 3679 674 3735; x_wconf 78' lang='lat' dir='ltr'><strong>lllatthzei</strong></span> <span class='ocrx_word' id='word_1_439' title='bbox 721 3677 938 3733; x_wconf 82' lang='lat' dir='ltr'><strong>miseris</strong></span> <span class='ocrx_word' id='word_1_440' title='bbox 981 3677 1242 3747; x_wconf 76' lang='lat' dir='ltr'><strong>prtestita,</strong></span> <span class='ocrx_word' id='word_1_441' title='bbox 1293 3691 1413 3746; x_wconf 73' lang='lat' dir='ltr'><strong>quae</strong></span> <span class='ocrx_word' id='word_1_442' title='bbox 1465 3674 1778 3739; x_wconf 85' lang='lat' dir='ltr'><strong>lectoribus,</strong></span> 
     </span>
    </p>
   </div>
   <div class='ocr_carea' id='block_1_68' title="bbox 203 3769 1783 3844">
    <p class='ocr_par' dir='ltr' id='par_1_68' title="bbox 203 3769 1783 3844">
     <span class='ocr_line' id='line_1_68' title="bbox 203 3769 1783 3844; baseline -0.004 -18"><span class='ocrx_word' id='word_1_443' title='bbox 203 3785 374 3844; x_wconf 90' lang='lat' dir='ltr'><strong>prout</strong></span> <span class='ocrx_word' id='word_1_444' title='bbox 399 3772 471 3834; x_wconf 86' lang='lat' dir='ltr'><strong>ibi</strong></span> <span class='ocrx_word' id='word_1_445' title='bbox 507 3773 785 3843; x_wconf 82' lang='lat' dir='ltr'><strong>leguntur,</strong></span> <span class='ocrx_word' id='word_1_446' title='bbox 825 3769 1266 3835; x_wconf 81' lang='lat' dir='ltr'><strong>communicabo,</strong></span> <span class='ocrx_word' id='word_1_447' title='bbox 1315 3769 1572 3823; x_wconf 84' lang='lat' dir='ltr'><strong>abscissis</strong></span> <span class='ocrx_word' id='word_1_448' title='bbox 1604 3777 1783 3820; x_wconf 83' lang='lat' dir='ltr'><strong>tanton</strong></span> 
     </span>
    </p>
   </div>
   <div class='ocr_carea' id='block_1_69' title="bbox 203 3862 1597 3932">
    <p class='ocr_par' dir='ltr' id='par_1_69' title="bbox 203 3862 1597 3932">
     <span class='ocr_line' id='line_1_69' title="bbox 203 3862 1597 3932; baseline -0.006 -10"><span class='ocrx_word' id='word_1_449' title='bbox 203 3867 491 3923; x_wconf 82' lang='lat' dir='ltr'><strong>nonnullis</strong></span> <span class='ocrx_word' id='word_1_450' title='bbox 521 3864 827 3932; x_wconf 84' lang='lat' dir='ltr'><strong>superﬂuis,</strong></span> <span class='ocrx_word' id='word_1_451' title='bbox 862 3878 980 3930; x_wconf 66' lang='lat' dir='ltr'><strong>quae</strong></span> <span class='ocrx_word' id='word_1_452' title='bbox 1009 3863 1217 3917; x_wconf 79' lang='lat' dir='ltr'><strong>tradam</strong></span> <span class='ocrx_word' id='word_1_453' title='bbox 1253 3862 1597 3932; x_wconf 86' lang='lat' dir='ltr'><strong>compendio.</strong></span> 
     </span>
    </p>
   </div>
   <div class='ocr_carea' id='block_1_70' title="bbox 277 3954 1780 4024">
    <p class='ocr_par' dir='ltr' id='par_1_70' title="bbox 277 3954 1780 4024">
     <span class='ocr_line' id='line_1_70' title="bbox 277 3954 1780 4024; baseline -0.001 -11"><span class='ocrx_word' id='word_1_454' title='bbox 277 3959 364 4013; x_wconf 70' lang='lat'><strong>7‘2.</strong></span> <span class='ocrx_word' id='word_1_455' title='bbox 410 3954 504 4009; x_wconf 75' lang='lat' dir='ltr'><strong>Vir</strong></span> <span class='ocrx_word' id='word_1_456' title='bbox 550 3955 794 4024; x_wconf 77' lang='lat' dir='ltr'><strong>quidam,</strong></span> <span class='ocrx_word' id='word_1_457' title='bbox 854 3954 1102 4008; x_wconf 85' lang='lat' dir='ltr'><strong>Andreas</strong></span> <span class='ocrx_word' id='word_1_458' title='bbox 1150 3956 1391 4021; x_wconf 88' lang='lat' dir='ltr'><strong>nomine,</strong></span> <span class='ocrx_word' id='word_1_459' title='bbox 1449 3957 1606 4024; x_wconf 84' lang='lat' dir='ltr'><strong>cuius</strong></span> <span class='ocrx_word' id='word_1_460' title='bbox 1675 3958 1780 4011; x_wconf 89' lang='lat' dir='ltr'><strong>ﬁlia</strong></span> 
     </span>
    </p>
   </div>
   <div class='ocr_carea' id='block_1_71' title="bbox 207 4046 1789 4117">
    <p class='ocr_par' dir='ltr' id='par_1_71' title="bbox 207 4046 1789 4117">
     <span class='ocr_line' id='line_1_71' title="bbox 207 4046 1789 4117; baseline -0.001 -9"><span class='ocrx_word' id='word_1_461' title='bbox 207 4050 422 4108; x_wconf 89' lang='lat' dir='ltr'><strong>diutina</strong></span> <span class='ocrx_word' id='word_1_462' title='bbox 449 4048 764 4102; x_wconf 80' lang='lat' dir='ltr'><strong>infirmitate</strong></span> <span class='ocrx_word' id='word_1_463' title='bbox 800 4061 1059 4116; x_wconf 89' lang='lat' dir='ltr'><strong>oppressa</strong></span> <span class='ocrx_word' id='word_1_464' title='bbox 1099 4046 1405 4117; x_wconf 87' lang='lat' dir='ltr'><strong>languebat,</strong></span> <span class='ocrx_word' id='word_1_465' title='bbox 1435 4049 1572 4104; x_wconf 90' lang='lat' dir='ltr'><strong>adeo</strong></span> <span class='ocrx_word' id='word_1_466' title='bbox 1602 4059 1658 4104; x_wconf 91' lang='lat' dir='ltr'><strong>ut</strong></span> <span class='ocrx_word' id='word_1_467' title='bbox 1692 4053 1789 4107; x_wconf 83' lang='lat' dir='ltr'><strong>do-</strong></span> 
     </span>
    </p>
   </div>
   <div class='ocr_carea' id='block_1_72' title="bbox 211 4138 1788 4211">
    <p class='ocr_par' dir='ltr' id='par_1_72' title="bbox 211 4138 1788 4211">
     <span class='ocr_line' id='line_1_72' title="bbox 211 4138 1788 4211; baseline -0.004 -12"><span class='ocrx_word' id='word_1_468' title='bbox 211 4159 337 4199; x_wconf 89' lang='lat' dir='ltr'><strong>mus</strong></span> <span class='ocrx_word' id='word_1_469' title='bbox 372 4148 479 4196; x_wconf 89' lang='lat' dir='ltr'><strong>tota</strong></span> <span class='ocrx_word' id='word_1_470' title='bbox 515 4138 751 4193; x_wconf 91' lang='lat' dir='ltr'><strong>vicinum</strong></span> <span class='ocrx_word' id='word_1_471' title='bbox 783 4139 891 4208; x_wconf 84' lang='lat' dir='ltr'><strong>jam</strong></span> <span class='ocrx_word' id='word_1_472' title='bbox 919 4138 1038 4208; x_wconf 83' lang='lat' dir='ltr'><strong>ejus</strong></span> <span class='ocrx_word' id='word_1_473' title='bbox 1063 4138 1269 4193; x_wconf 91' lang='lat' dir='ltr'><strong>obitum</strong></span> <span class='ocrx_word' id='word_1_474' title='bbox 1303 4151 1662 4209; x_wconf 78' lang='lat' dir='ltr'><strong>exspectaret.</strong></span> <span class='ocrx_word' id='word_1_475' title='bbox 1695 4160 1788 4211; x_wconf 84' lang='lat' dir='ltr'><strong>pn-</strong></span> 
     </span>
    </p>
   </div>
   <div class='ocr_carea' id='block_1_73' title="bbox 213 4231 1789 4301">
    <p class='ocr_par' dir='ltr' id='par_1_73' title="bbox 213 4231 1789 4301">
     <span class='ocr_line' id='line_1_73' title="bbox 213 4231 1789 4301; baseline -0.003 -9"><span class='ocrx_word' id='word_1_476' title='bbox 213 4250 375 4292; x_wconf 88' lang='lat' dir='ltr'><strong>terno</strong></span> <span class='ocrx_word' id='word_1_477' title='bbox 425 4243 604 4290; x_wconf 90' lang='lat' dir='ltr'><strong>tnotns</strong></span> <span class='ocrx_word' id='word_1_478' title='bbox 659 4234 867 4288; x_wconf 85' lang='lat' dir='ltr'><strong>viscere</strong></span> <span class='ocrx_word' id='word_1_479' title='bbox 921 4232 1011 4286; x_wconf 84' lang='lat' dir='ltr'><strong>ditt</strong></span> <span class='ocrx_word' id='word_1_480' title='bbox 1063 4231 1301 4301; x_wconf 83' lang='lat' dir='ltr'><strong>plorans,</strong></span> <span class='ocrx_word' id='word_1_481' title='bbox 1352 4231 1567 4286; x_wconf 86' lang='lat' dir='ltr'><strong>tandem</strong></span> <span class='ocrx_word' id='word_1_482' title='bbox 1615 4233 1789 4288; x_wconf 84' lang='lat' dir='ltr'><strong>fessus</strong></span> 
     </span>
    </p>
   </div>
   <div class='ocr_carea' id='block_1_74' title="bbox 213 4323 1786 4394">
    <p class='ocr_par' dir='ltr' id='par_1_74' title="bbox 213 4323 1786 4394">
     <span class='ocr_line' id='line_1_74' title="bbox 213 4323 1786 4394; baseline -0.002 -11"><span class='ocrx_word' id='word_1_483' title='bbox 213 4343 412 4383; x_wconf 79' lang='lat' dir='ltr'><strong>somno</strong></span> <span class='ocrx_word' id='word_1_484' title='bbox 438 4326 713 4394; x_wconf 86' lang='lat' dir='ltr'><strong>arripitur.</strong></span> <span class='ocrx_word' id='word_1_485' title='bbox 756 4344 772 4375; x_wconf 87' lang='grc'><strong>1</strong></span> <span class='ocrx_word' id='word_1_486' title='bbox 831 4324 1147 4376; x_wconf 82' lang='lat' dir='ltr'><strong>Somniabat</strong></span> <span class='ocrx_word' id='word_1_487' title='bbox 1181 4331 1386 4386; x_wconf 84' lang='lat' dir='ltr'><strong>autem,</strong></span> <span class='ocrx_word' id='word_1_488' title='bbox 1441 4323 1600 4381; x_wconf 67' lang='lat' dir='ltr'><strong>ﬁliam</strong></span> <span class='ocrx_word' id='word_1_489' title='bbox 1633 4340 1786 4381; x_wconf 86' lang='lat' dir='ltr'><strong>suam</strong></span> 
     </span>
    </p>
   </div>
   <div class='ocr_carea' id='block_1_75' title="bbox 210 4412 1790 4480">
    <p class='ocr_par' dir='ltr' id='par_1_75' title="bbox 210 4412 1790 4480">
     <span class='ocr_line' id='line_1_75' title="bbox 210 4412 1790 4480; baseline -0.001 -7"><span class='ocrx_word' id='word_1_490' title='bbox 210 4421 316 4473; x_wconf 78' lang='lat' dir='ltr'><strong>sibi</strong></span> <span class='ocrx_word' id='word_1_491' title='bbox 347 4437 373 4469; x_wconf 86' lang='lat' dir='ltr'><strong>e</strong></span> <span class='ocrx_word' id='word_1_492' title='bbox 406 4415 638 4468; x_wconf 85' lang='lat' dir='ltr'><strong>brachiis</strong></span> <span class='ocrx_word' id='word_1_493' title='bbox 669 4415 804 4480; x_wconf 87' lang='lat' dir='ltr'><strong>eripi</strong></span> <span class='ocrx_word' id='word_1_494' title='bbox 850 4429 876 4465; x_wconf 89' lang='lat' dir='ltr'><strong>a</strong></span> <span class='ocrx_word' id='word_1_495' title='bbox 929 4421 1066 4466; x_wconf 88' lang='lat' dir='ltr'><strong>tetro</strong></span> <span class='ocrx_word' id='word_1_496' title='bbox 1110 4412 1340 4480; x_wconf 81' lang='lat' dir='ltr'><strong>Spiritu;</strong></span> <span class='ocrx_word' id='word_1_497' title='bbox 1375 4429 1498 4468; x_wconf 79' lang='lat' dir='ltr'><strong>mox</strong></span> <span class='ocrx_word' id='word_1_498' title='bbox 1537 4431 1666 4469; x_wconf 85' lang='lat' dir='ltr'><strong>vero</strong></span> <span class='ocrx_word' id='word_1_499' title='bbox 1697 4417 1790 4471; x_wconf 89' lang='lat' dir='ltr'><strong>ad-</strong></span> 
     </span>
    </p>
   </div>
   <div class='ocr_carea' id='block_1_76' title="bbox 212 4506 1787 4576">
    <p class='ocr_par' dir='ltr' id='par_1_76' title="bbox 212 4506 1787 4576">
     <span class='ocr_line' id='line_1_76' title="bbox 212 4506 1787 4576; baseline -0.003 -10"><span class='ocrx_word' id='word_1_500' title='bbox 212 4525 361 4568; x_wconf 87' lang='lat' dir='ltr'><strong>stare</strong></span> <span class='ocrx_word' id='word_1_501' title='bbox 393 4511 569 4564; x_wconf 91' lang='lat' dir='ltr'><strong>virum</strong></span> <span class='ocrx_word' id='word_1_502' title='bbox 620 4507 1008 4571; x_wconf 84' lang='lat' dir='ltr'><strong>venerabilem,</strong></span> <span class='ocrx_word' id='word_1_503' title='bbox 1059 4506 1149 4576; x_wconf 90' lang='lat' dir='ltr'><strong>qui</strong></span> <span class='ocrx_word' id='word_1_504' title='bbox 1199 4507 1404 4565; x_wconf 86' lang='lat' dir='ltr'><strong>dolenti</strong></span> <span class='ocrx_word' id='word_1_505' title='bbox 1455 4509 1592 4576; x_wconf 87' lang='lat' dir='ltr'><strong>patri</strong></span> <span class='ocrx_word' id='word_1_506' title='bbox 1625 4509 1787 4561; x_wconf 88' lang='lat' dir='ltr'><strong>ﬁliam</strong></span> 
     </span>
    </p>
   </div>
   <div class='ocr_carea' id='block_1_77' title="bbox 213 4601 1779 4672">
    <p class='ocr_par' dir='ltr' id='par_1_77' title="bbox 213 4601 1779 4672">
     <span class='ocr_line' id='line_1_77' title="bbox 213 4601 1779 4672; baseline 0.001 -13"><span class='ocrx_word' id='word_1_507' title='bbox 213 4603 476 4659; x_wconf 90' lang='lat' dir='ltr'><strong>restituit.</strong></span> <span class='ocrx_word' id='word_1_508' title='bbox 515 4602 684 4672; x_wconf 79' lang='lat' dir='ltr'><strong>Rogat</strong></span> <span class='ocrx_word' id='word_1_509' title='bbox 739 4609 911 4667; x_wconf 87' lang='lat' dir='ltr'><strong>pater,</strong></span> <span class='ocrx_word' id='word_1_510' title='bbox 950 4601 1071 4670; x_wconf 91' lang='lat' dir='ltr'><strong>quis</strong></span> <span class='ocrx_word' id='word_1_511' title='bbox 1119 4601 1210 4664; x_wconf 89' lang='lat' dir='ltr'><strong>sit,</strong></span> <span class='ocrx_word' id='word_1_512' title='bbox 1263 4609 1318 4654; x_wconf 93' lang='lat' dir='ltr'><strong>et</strong></span> <span class='ocrx_word' id='word_1_513' title='bbox 1367 4617 1562 4657; x_wconf 90' lang='lat' dir='ltr'><strong>mtmus</strong></span> <span class='ocrx_word' id='word_1_514' title='bbox 1596 4604 1779 4660; x_wconf 73' lang='lat' dir='ltr'><strong>offert.</strong></span> 
     </span>
    </p>
   </div>
   <div class='ocr_carea' id='block_1_78' title="bbox 212 4693 1794 4764">
    <p class='ocr_par' dir='ltr' id='par_1_78' title="bbox 212 4693 1794 4764">
     <span class='ocr_line' id='line_1_78' title="bbox 212 4693 1794 4764; baseline -0.001 -12"><span class='ocrx_word' id='word_1_515' title='bbox 212 4697 306 4752; x_wconf 88' lang='lat' dir='ltr'><strong>Ille</strong></span> <span class='ocrx_word' id='word_1_516' title='bbox 338 4704 517 4749; x_wconf 86' lang='lat' dir='ltr'><strong>autem</strong></span> <span class='ocrx_word' id='word_1_517' title='bbox 551 4693 764 4764; x_wconf 77' lang='lat' dir='ltr'><strong>placido</strong></span> <span class='ocrx_word' id='word_1_518' title='bbox 795 4694 942 4750; x_wconf 71' lang='lat' dir='ltr'><strong>vultu</strong></span> <span class='ocrx_word' id='word_1_519' title='bbox 977 4693 1259 4761; x_wconf 79' lang='lat' dir='ltr'><strong>respondit</strong></span> <span class='ocrx_word' id='word_1_520' title='bbox 1286 4710 1300 4746; x_wconf 90' lang='lat'><strong>:</strong></span> <span class='ocrx_word' id='word_1_521' title='bbox 1339 4711 1356 4742; x_wconf 78' lang='grc'><strong>1</strong></span> <span class='ocrx_word' id='word_1_522' title='bbox 1392 4693 1552 4749; x_wconf 74' lang='lat' dir='ltr'><strong>Nullo</strong></span> <span class='ocrx_word' id='word_1_523' title='bbox 1585 4706 1678 4750; x_wconf 90' lang='lat' dir='ltr'><strong>tuo</strong></span> <span class='ocrx_word' id='word_1_524' title='bbox 1709 4699 1794 4752; x_wconf 83' lang='lat' dir='ltr'><strong>in-</strong></span> 
     </span>
    </p>
   </div>
   <div class='ocr_carea' id='block_1_79' title="bbox 215 4785 1798 4859">
    <p class='ocr_par' dir='ltr' id='par_1_79' title="bbox 215 4785 1798 4859">
     <span class='ocr_line' id='line_1_79' title="bbox 215 4785 1798 4859; baseline 0 -14"><span class='ocrx_word' id='word_1_525' title='bbox 215 4789 378 4859; x_wconf 84' lang='lat' dir='ltr'><strong>digeo</strong></span> <span class='ocrx_word' id='word_1_526' title='bbox 427 4801 684 4852; x_wconf 90' lang='lat' dir='ltr'><strong>munere;</strong></span> <span class='ocrx_word' id='word_1_527' title='bbox 731 4785 825 4840; x_wconf 89' lang='lat' dir='ltr'><strong>sed</strong></span> <span class='ocrx_word' id='word_1_528' title='bbox 877 4785 1036 4847; x_wconf 88' lang='lat' dir='ltr'><strong>scias,</strong></span> <span class='ocrx_word' id='word_1_529' title='bbox 1090 4799 1175 4838; x_wconf 90' lang='lat' dir='ltr'><strong>tne</strong></span> <span class='ocrx_word' id='word_1_530' title='bbox 1221 4798 1342 4840; x_wconf 89' lang='lat' dir='ltr'><strong>esse</strong></span> <span class='ocrx_word' id='word_1_531' title='bbox 1392 4789 1694 4855; x_wconf 85' lang='lat' dir='ltr'><strong>apostolum</strong></span> <span class='ocrx_word' id='word_1_532' title='bbox 1746 4798 1798 4846; x_wconf 87' lang='lat' dir='ltr'><strong>et</strong></span> 
     </span>
    </p>
   </div>
   <div class='ocr_carea' id='block_1_80' title="bbox 215 4878 1797 4949">
    <p class='ocr_par' dir='ltr' id='par_1_80' title="bbox 215 4878 1797 4949">
     <span class='ocr_line' id='line_1_80' title="bbox 215 4878 1797 4949; baseline 0.002 -14"><span class='ocrx_word' id='word_1_533' title='bbox 215 4878 610 4949; x_wconf 79' lang='lat' dir='ltr'><strong>evangelistam</strong></span> <span class='ocrx_word' id='word_1_534' title='bbox 637 4879 972 4941; x_wconf 64' lang='lat' dir='ltr'><strong>Matthatum,</strong></span> <span class='ocrx_word' id='word_1_535' title='bbox 1005 4879 1164 4946; x_wconf 89' lang='lat' dir='ltr'><strong>cujus</strong></span> <span class='ocrx_word' id='word_1_536' title='bbox 1199 4894 1396 4947; x_wconf 86' lang='lat' dir='ltr'><strong>corpus</strong></span> <span class='ocrx_word' id='word_1_537' title='bbox 1423 4880 1680 4937; x_wconf 84' lang='lat' dir='ltr'><strong>hesterno</strong></span> <span class='ocrx_word' id='word_1_538' title='bbox 1709 4883 1797 4938; x_wconf 87' lang='lat' dir='ltr'><strong>die</strong></span> 
     </span>
    </p>
   </div>
   <div class='ocr_carea' id='block_1_81' title="bbox 217 4973 1799 5037">
    <p class='ocr_par' dir='ltr' id='par_1_81' title="bbox 217 4973 1799 5037">
     <span class='ocr_line' id='line_1_81' title="bbox 217 4973 1799 5037; baseline 0.002 -9"><span class='ocrx_word' id='word_1_539' title='bbox 217 4974 504 5028; x_wconf 81' lang='lat' dir='ltr'><strong>Salernum</strong></span> <span class='ocrx_word' id='word_1_540' title='bbox 543 4973 859 5025; x_wconf 87' lang='lat' dir='ltr'><strong>translatum</strong></span> <span class='ocrx_word' id='word_1_541' title='bbox 879 4983 1014 5026; x_wconf 68' lang='lat' dir='ltr'><strong>est.»</strong></span> <span class='ocrx_word' id='word_1_542' title='bbox 1053 4973 1117 5027; x_wconf 88' lang='lat' dir='ltr'><strong>Et</strong></span> <span class='ocrx_word' id='word_1_543' title='bbox 1153 4975 1267 5029; x_wconf 47' lang='lat' dir='ltr'><strong>haec</strong></span> <span class='ocrx_word' id='word_1_544' title='bbox 1296 4975 1506 5037; x_wconf 88' lang='lat' dir='ltr'><strong>dicens,</strong></span> <span class='ocrx_word' id='word_1_545' title='bbox 1539 4977 1607 5030; x_wconf 83' lang='lat' dir='ltr'><strong>ab</strong></span> <span class='ocrx_word' id='word_1_546' title='bbox 1628 4977 1799 5032; x_wconf 87' lang='lat' dir='ltr'><strong>oculis</strong></span> 
     </span>
    </p>
   </div>
   <div class='ocr_carea' id='block_1_82' title="bbox 218 5061 1799 5136">
    <p class='ocr_par' dir='ltr' id='par_1_82' title="bbox 218 5061 1799 5136">
     <span class='ocr_line' id='line_1_82' title="bbox 218 5061 1799 5136; baseline 0 -14"><span class='ocrx_word' id='word_1_547' title='bbox 218 5068 342 5136; x_wconf 66' lang='lat' dir='ltr'><strong>eius</strong></span> <span class='ocrx_word' id='word_1_548' title='bbox 369 5065 578 5118; x_wconf 83' lang='lat' dir='ltr'><strong>ablatus</strong></span> <span class='ocrx_word' id='word_1_549' title='bbox 610 5074 713 5118; x_wconf 80' lang='lat' dir='ltr'><strong>est.</strong></span> <span class='ocrx_word' id='word_1_550' title='bbox 743 5061 1193 5132; x_wconf 74' lang='lat' dir='ltr'><strong>Exspergefactus</strong></span> <span class='ocrx_word' id='word_1_551' title='bbox 1226 5067 1483 5121; x_wconf 70' lang='lat' dir='ltr'><strong>Andrmas</strong></span> <span class='ocrx_word' id='word_1_552' title='bbox 1517 5083 1639 5122; x_wconf 90' lang='lat' dir='ltr'><strong>cum</strong></span> <span class='ocrx_word' id='word_1_553' title='bbox 1686 5085 1799 5122; x_wconf 85' lang='lat' dir='ltr'><strong>ma-</strong></span> 
     </span>
    </p>
   </div>
   <div class='ocr_carea' id='block_1_83' title="bbox 218 5157 1796 5227">
    <p class='ocr_par' dir='ltr' id='par_1_83' title="bbox 218 5157 1796 5227">
     <span class='ocr_line' id='line_1_83' title="bbox 218 5157 1796 5227; baseline -0.001 -11"><span class='ocrx_word' id='word_1_554' title='bbox 218 5176 330 5227; x_wconf 75' lang='lat' dir='ltr'><strong>gno</strong></span> <span class='ocrx_word' id='word_1_555' title='bbox 366 5167 598 5212; x_wconf 88' lang='lat' dir='ltr'><strong>tremore</strong></span> <span class='ocrx_word' id='word_1_556' title='bbox 643 5172 796 5211; x_wconf 87' lang='lat' dir='ltr'><strong>suatu</strong></span> <span class='ocrx_word' id='word_1_557' title='bbox 825 5157 984 5211; x_wconf 88' lang='lat' dir='ltr'><strong>tiliam</strong></span> <span class='ocrx_word' id='word_1_558' title='bbox 1018 5157 1296 5226; x_wconf 82' lang='lat' dir='ltr'><strong>requisivit</strong></span> <span class='ocrx_word' id='word_1_559' title='bbox 1325 5177 1336 5212; x_wconf 95' lang='lat'>:</span> <span class='ocrx_word' id='word_1_560' title='bbox 1364 5160 1458 5213; x_wconf 78' lang='lat' dir='ltr'><strong>Sed</strong></span> <span class='ocrx_word' id='word_1_561' title='bbox 1489 5175 1607 5213; x_wconf 89' lang='lat' dir='ltr'><strong>eam</strong></span> <span class='ocrx_word' id='word_1_562' title='bbox 1637 5160 1796 5215; x_wconf 91' lang='lat' dir='ltr'><strong>saluti</strong></span> 
     </span>
    </p>
   </div>
   <div class='ocr_carea' id='block_1_84' title="bbox 216 5249 1801 5318">
    <p class='ocr_par' dir='ltr' id='par_1_84' title="bbox 216 5249 1801 5318">
     <span class='ocr_line' id='line_1_84' title="bbox 216 5249 1801 5318; baseline 0.002 -17"><span class='ocrx_word' id='word_1_563' title='bbox 216 5251 333 5318; x_wconf 82' lang='lat' dir='ltr'><strong>jam</strong></span> <span class='ocrx_word' id='word_1_564' title='bbox 359 5251 640 5318; x_wconf 83' lang='lat' dir='ltr'><strong>reperiens</strong></span> <span class='ocrx_word' id='word_1_565' title='bbox 662 5249 990 5310; x_wconf 89' lang='lat' dir='ltr'><strong>restitutam,</strong></span> <span class='ocrx_word' id='word_1_566' title='bbox 1019 5252 1161 5318; x_wconf 90' lang='lat' dir='ltr'><strong>quod</strong></span> <span class='ocrx_word' id='word_1_567' title='bbox 1183 5250 1285 5302; x_wconf 92' lang='lat' dir='ltr'><strong>sibi</strong></span> <span class='ocrx_word' id='word_1_568' title='bbox 1317 5249 1367 5302; x_wconf 90' lang='lat' dir='ltr'><strong>in</strong></span> <span class='ocrx_word' id='word_1_569' title='bbox 1391 5251 1594 5305; x_wconf 90' lang='lat' dir='ltr'><strong>somnis</strong></span> <span class='ocrx_word' id='word_1_570' title='bbox 1620 5261 1801 5306; x_wconf 85' lang='lat' dir='ltr'><strong>osten-</strong></span> 
     </span>
    </p>
   </div>
   <div class='ocr_carea' id='block_1_85' title="bbox 223 5338 1799 5406">
    <p class='ocr_par' dir='ltr' id='par_1_85' title="bbox 223 5338 1799 5406">
     <span class='ocr_line' id='line_1_85' title="bbox 223 5338 1799 5406; baseline 0.002 -15"><span class='ocrx_word' id='word_1_571' title='bbox 223 5353 350 5391; x_wconf 85' lang='lat' dir='ltr'><strong>sum</strong></span> <span class='ocrx_word' id='word_1_572' title='bbox 386 5338 583 5398; x_wconf 84' lang='lat' dir='ltr'><strong>fuerat,</strong></span> <span class='ocrx_word' id='word_1_573' title='bbox 619 5338 855 5400; x_wconf 80' lang='lat' dir='ltr'><strong>cunctis,</strong></span> <span class='ocrx_word' id='word_1_574' title='bbox 885 5339 972 5406; x_wconf 87' lang='lat' dir='ltr'><strong>qui</strong></span> <span class='ocrx_word' id='word_1_575' title='bbox 1005 5340 1253 5403; x_wconf 79' lang='lat' dir='ltr'><strong>aderant,</strong></span> <span class='ocrx_word' id='word_1_576' title='bbox 1287 5341 1576 5392; x_wconf 81' lang='lat' dir='ltr'><strong>enarravit.</strong></span> <span class='ocrx_word' id='word_1_577' title='bbox 1617 5341 1799 5395; x_wconf 86' lang='lat' dir='ltr'><strong>Primo</strong></span> 
     </span>
    </p>
   </div>
   <div class='ocr_carea' id='block_1_86' title="bbox 223 5429 1799 5501">
    <p class='ocr_par' dir='ltr' id='par_1_86' title="bbox 223 5429 1799 5501">
     <span class='ocr_line' id='line_1_86' title="bbox 223 5429 1799 5501; baseline 0.003 -18"><span class='ocrx_word' id='word_1_578' title='bbox 223 5437 408 5483; x_wconf 87' lang='lat' dir='ltr'><strong>autem</strong></span> <span class='ocrx_word' id='word_1_579' title='bbox 441 5429 682 5484; x_wconf 89' lang='lat' dir='ltr'><strong>diluculo</strong></span> <span class='ocrx_word' id='word_1_580' title='bbox 717 5430 1080 5483; x_wconf 81' lang='lat' dir='ltr'><strong>venerabilem</strong></span> <span class='ocrx_word' id='word_1_581' title='bbox 1117 5431 1249 5483; x_wconf 83' lang='lat' dir='ltr'><strong>adiit</strong></span> <span class='ocrx_word' id='word_1_582' title='bbox 1290 5429 1596 5498; x_wconf 56' lang='lat' dir='ltr'><strong>praesulem,</strong></span> <span class='ocrx_word' id='word_1_583' title='bbox 1641 5433 1799 5501; x_wconf 76' lang='lat' dir='ltr'><strong>eirpie</strong></span> 
     </span>
    </p>
   </div>
   <div class='ocr_carea' id='block_1_87' title="bbox 226 5517 1800 5593">
    <p class='ocr_par' dir='ltr' id='par_1_87' title="bbox 226 5517 1800 5593">
     <span class='ocr_line' id='line_1_87' title="bbox 226 5517 1800 5593; baseline 0.001 -19"><span class='ocrx_word' id='word_1_584' title='bbox 226 5517 476 5574; x_wconf 85' lang='lat' dir='ltr'><strong>mirabile</strong></span> <span class='ocrx_word' id='word_1_585' title='bbox 512 5519 715 5574; x_wconf 86' lang='lat' dir='ltr'><strong>factum</strong></span> <span class='ocrx_word' id='word_1_586' title='bbox 749 5521 1002 5590; x_wconf 86' lang='lat' dir='ltr'><strong>apostoli,</strong></span> <span class='ocrx_word' id='word_1_587' title='bbox 1055 5523 1198 5589; x_wconf 88' lang='lat' dir='ltr'><strong>quod</strong></span> <span class='ocrx_word' id='word_1_588' title='bbox 1233 5521 1284 5574; x_wconf 90' lang='lat' dir='ltr'><strong>in</strong></span> <span class='ocrx_word' id='word_1_589' title='bbox 1316 5523 1434 5574; x_wconf 80' lang='lat' dir='ltr'><strong>tilia</strong></span> <span class='ocrx_word' id='word_1_590' title='bbox 1469 5522 1595 5590; x_wconf 80' lang='lat' dir='ltr'><strong>ejus</strong></span> <span class='ocrx_word' id='word_1_591' title='bbox 1623 5534 1800 5593; x_wconf 84' lang='lat' dir='ltr'><strong>patra-</strong></span> 
     </span>
    </p>
   </div>
   <div class='ocr_carea' id='block_1_88' title="bbox 223 5608 1802 5683">
    <p class='ocr_par' dir='ltr' id='par_1_88' title="bbox 223 5608 1802 5683">
     <span class='ocr_line' id='line_1_88' title="bbox 223 5608 1802 5683; baseline 0.002 -18"><span class='ocrx_word' id='word_1_592' title='bbox 223 5621 399 5672; x_wconf 88' lang='lat' dir='ltr'><strong>verat,</strong></span> <span class='ocrx_word' id='word_1_593' title='bbox 425 5608 618 5664; x_wconf 89' lang='lat' dir='ltr'><strong>ordine</strong></span> <span class='ocrx_word' id='word_1_594' title='bbox 651 5613 916 5666; x_wconf 76' lang='lat' dir='ltr'><strong>recitavit.</strong></span> <span class='ocrx_word' id='word_1_595' title='bbox 951 5631 967 5663; x_wconf 92' lang='grc'><strong>1</strong></span> <span class='ocrx_word' id='word_1_596' title='bbox 1013 5612 1314 5667; x_wconf 70' lang='lat' dir='ltr'><strong>Verisimile</strong></span> <span class='ocrx_word' id='word_1_597' title='bbox 1343 5624 1446 5677; x_wconf 90' lang='lat' dir='ltr'><strong>est,</strong></span> <span class='ocrx_word' id='word_1_598' title='bbox 1474 5626 1676 5682; x_wconf 81' lang='lat' dir='ltr'><strong>patrem</strong></span> <span class='ocrx_word' id='word_1_599' title='bbox 1710 5631 1802 5683; x_wconf 91' lang='lat' dir='ltr'><strong>pro</strong></span> 
     </span>
    </p>
   </div>
   <div class='ocr_carea' id='block_1_89' title="bbox 225 5699 1801 5774">
    <p class='ocr_par' dir='ltr' id='par_1_89' title="bbox 225 5699 1801 5774">
     <span class='ocr_line' id='line_1_89' title="bbox 225 5699 1801 5774; baseline 0.001 -17"><span class='ocrx_word' id='word_1_600' title='bbox 225 5703 338 5757; x_wconf 82' lang='lat' dir='ltr'><strong>ﬁlia</strong></span> <span class='ocrx_word' id='word_1_601' title='bbox 373 5699 546 5771; x_wconf 89' lang='lat' dir='ltr'><strong>pridie</strong></span> <span class='ocrx_word' id='word_1_602' title='bbox 572 5715 727 5769; x_wconf 85' lang='lat' dir='ltr'><strong>Opem</strong></span> <span class='ocrx_word' id='word_1_603' title='bbox 759 5713 930 5758; x_wconf 77' lang='lat' dir='ltr'><strong>sancti</strong></span> <span class='ocrx_word' id='word_1_604' title='bbox 961 5703 1198 5757; x_wconf 76' lang='lat' dir='ltr'><strong>Mattlttei</strong></span> <span class='ocrx_word' id='word_1_605' title='bbox 1232 5706 1553 5774; x_wconf 83' lang='lat' dir='ltr'><strong>implorasse</strong></span> <span class='ocrx_word' id='word_1_606' title='bbox 1587 5723 1600 5758; x_wconf 93' lang='lat'>:</span> <span class='ocrx_word' id='word_1_607' title='bbox 1644 5706 1692 5760; x_wconf 89' lang='lat' dir='ltr'><strong>id</strong></span> <span class='ocrx_word' id='word_1_608' title='bbox 1725 5717 1801 5759; x_wconf 81' lang='lat' dir='ltr'><strong>ta-</strong></span> 
     </span>
    </p>
   </div>
   <div class='ocr_carea' id='block_1_90' title="bbox 223 5791 975 5859">
    <p class='ocr_par' dir='ltr' id='par_1_90' title="bbox 223 5791 975 5859">
     <span class='ocr_line' id='line_1_90' title="bbox 223 5791 975 5859; baseline -0.003 -13"><span class='ocrx_word' id='word_1_609' title='bbox 223 5807 352 5846; x_wconf 82' lang='lat' dir='ltr'><strong>men</strong></span> <span class='ocrx_word' id='word_1_610' title='bbox 390 5799 579 5845; x_wconf 89' lang='lat' dir='ltr'><strong>auctor</strong></span> <span class='ocrx_word' id='word_1_611' title='bbox 609 5791 975 5859; x_wconf 71' lang='lat' dir='ltr'><strong>praetermisit.</strong></span> 
     </span>
    </p>
   </div>
   <div class='ocr_carea' id='block_1_91' title="bbox 303 5887 1794 5961">
    <p class='ocr_par' dir='ltr' id='par_1_91' title="bbox 303 5887 1794 5961">
     <span class='ocr_line' id='line_1_91' title="bbox 303 5887 1794 5961; baseline 0.001 -16"><span class='ocrx_word' id='word_1_612' title='bbox 303 5887 388 5945; x_wconf 71' lang='grc' dir='ltr'>ἶὸ.</span> <span class='ocrx_word' id='word_1_613' title='bbox 438 5907 458 5940; x_wconf 77' lang='grc'><strong>1</strong></span> <span class='ocrx_word' id='word_1_614' title='bbox 502 5887 703 5944; x_wconf 89' lang='lat' dir='ltr'><strong>Eodem</strong></span> <span class='ocrx_word' id='word_1_615' title='bbox 756 5897 996 5958; x_wconf 84' lang='lat' dir='ltr'><strong>tempore</strong></span> <span class='ocrx_word' id='word_1_616' title='bbox 1050 5891 1246 5944; x_wconf 85' lang='lat' dir='ltr'><strong>mulier</strong></span> <span class='ocrx_word' id='word_1_617' title='bbox 1292 5889 1532 5961; x_wconf 68' lang='lat' dir='ltr'><strong>quaedam</strong></span> <span class='ocrx_word' id='word_1_618' title='bbox 1582 5891 1794 5946; x_wconf 83' lang='lat' dir='ltr'><strong>unicam</strong></span> 
     </span>
    </p>
   </div>
   <div class='ocr_carea' id='block_1_92' title="bbox 1887 3272 3467 3359">
    <p class='ocr_par' dir='ltr' id='par_1_92' title="bbox 1887 3272 3467 3359">
     <span class='ocr_line' id='line_1_92' title="bbox 1887 3272 3467 3359; baseline -0.013 -12"><span class='ocrx_word' id='word_1_619' title='bbox 1887 3291 2179 3359; x_wconf 79' lang='lat' dir='ltr'><strong>inventor),</strong></span> <span class='ocrx_word' id='word_1_620' title='bbox 2209 3287 2323 3357; x_wconf 91' lang='lat' dir='ltr'><strong>qui,</strong></span> <span class='ocrx_word' id='word_1_621' title='bbox 2358 3295 2416 3340; x_wconf 92' lang='lat' dir='ltr'><strong>ut</strong></span> <span class='ocrx_word' id='word_1_622' title='bbox 2464 3283 2574 3352; x_wconf 83' lang='lat' dir='ltr'><strong>jam</strong></span> <span class='ocrx_word' id='word_1_623' title='bbox 2610 3280 2873 3341; x_wconf 78' lang='lat' dir='ltr'><strong>diximus,</strong></span> <span class='ocrx_word' id='word_1_624' title='bbox 2919 3279 2986 3332; x_wconf 83' lang='lat' dir='ltr'><strong>de</strong></span> <span class='ocrx_word' id='word_1_625' title='bbox 3026 3293 3191 3332; x_wconf 83' lang='lat' dir='ltr'><strong>manu</strong></span> <span class='ocrx_word' id='word_1_626' title='bbox 3235 3272 3467 3330; x_wconf 66' lang='lat' dir='ltr'><strong>Paestani</strong></span> 
     </span>
    </p>
   </div>
   <div class='ocr_carea' id='block_1_93' title="bbox 1883 3369 3468 3458">
    <p class='ocr_par' dir='ltr' id='par_1_93' title="bbox 1883 3369 3468 3458">
     <span class='ocr_line' id='line_1_93' title="bbox 1883 3369 3468 3458; baseline -0.012 -21"><span class='ocrx_word' id='word_1_627' title='bbox 1883 3382 2130 3458; x_wconf 69' lang='lat' dir='ltr'><strong>prtesnlis</strong></span> <span class='ocrx_word' id='word_1_628' title='bbox 2154 3381 2371 3458; x_wconf 87' lang='lat' dir='ltr'><strong>dentem</strong></span> <span class='ocrx_word' id='word_1_629' title='bbox 2401 3372 2727 3429; x_wconf 85' lang='lat' dir='ltr'><strong>sanctissimi</strong></span> <span class='ocrx_word' id='word_1_630' title='bbox 2759 3369 3105 3440; x_wconf 68' lang='lat' dir='ltr'><strong>evangelista:</strong></span> <span class='ocrx_word' id='word_1_631' title='bbox 3147 3377 3468 3436; x_wconf 86' lang='lat' dir='ltr'><strong>susceperat</strong></span> 
     </span>
    </p>
   </div>
   <div class='ocr_carea' id='block_1_94' title="bbox 1887 3453 3465 3547">
    <p class='ocr_par' dir='ltr' id='par_1_94' title="bbox 1887 3453 3465 3547">
     <span class='ocr_line' id='line_1_94' title="bbox 1887 3453 3465 3547; baseline -0.015 -18"><span class='ocrx_word' id='word_1_632' title='bbox 1887 3453 2164 3547; x_wconf 44' lang='lat' dir='ltr'><strong>{nimirum</strong></span> <span class='ocrx_word' id='word_1_633' title='bbox 2188 3455 2324 3526; x_wconf 85' lang='lat' dir='ltr'><strong>dum</strong></span> <span class='ocrx_word' id='word_1_634' title='bbox 2356 3467 2532 3521; x_wconf 89' lang='lat' dir='ltr'><strong>eidem</strong></span> <span class='ocrx_word' id='word_1_635' title='bbox 2584 3476 2788 3532; x_wconf 87' lang='lat' dir='ltr'><strong>corpus</strong></span> <span class='ocrx_word' id='word_1_636' title='bbox 2816 3458 3057 3523; x_wconf 82' lang='lat' dir='ltr'><strong>tradidit,</strong></span> <span class='ocrx_word' id='word_1_637' title='bbox 3107 3456 3201 3511; x_wconf 88' lang='lat' dir='ltr'><strong>ubi</strong></span> <span class='ocrx_word' id='word_1_638' title='bbox 3233 3455 3285 3509; x_wconf 90' lang='lat' dir='ltr'><strong>id</strong></span> <span class='ocrx_word' id='word_1_639' title='bbox 3321 3453 3465 3547; x_wconf 75' lang='grc'><strong>111111·-</strong></span> 
     </span>
    </p>
   </div>
   <div class='ocr_carea' id='block_1_95' title="bbox 1888 3546 3466 3629">
    <p class='ocr_par' dir='ltr' id='par_1_95' title="bbox 1888 3546 3466 3629">
     <span class='ocr_line' id='line_1_95' title="bbox 1888 3546 3466 3629; baseline -0.013 -9"><span class='ocrx_word' id='word_1_640' title='bbox 1888 3546 1997 3620; x_wconf 79' lang='lat' dir='ltr'><strong>tnat</strong></span> <span class='ocrx_word' id='word_1_641' title='bbox 2026 3563 2260 3629; x_wconf 87' lang='lat' dir='ltr'><strong>auctor).</strong></span> <span class='ocrx_word' id='word_1_642' title='bbox 2290 3559 2339 3614; x_wconf 94' lang='lat' dir='ltr'><strong>ls</strong></span> <span class='ocrx_word' id='word_1_643' title='bbox 2362 3557 2654 3615; x_wconf 88' lang='lat' dir='ltr'><strong>accedens,</strong></span> <span class='ocrx_word' id='word_1_644' title='bbox 2681 3553 2920 3624; x_wconf 67' lang='lat' dir='ltr'><strong>praefatae</strong></span> <span class='ocrx_word' id='word_1_645' title='bbox 2948 3549 3213 3605; x_wconf 68' lang='lat' dir='ltr'><strong>Hothildte</strong></span> <span class='ocrx_word' id='word_1_646' title='bbox 3239 3546 3466 3602; x_wconf 76' lang='lat' dir='ltr'><strong>auribus</strong></span> 
     </span>
    </p>
   </div>
   <div class='ocr_carea' id='block_1_96' title="bbox 1888 3643 3471 3718">
    <p class='ocr_par' dir='ltr' id='par_1_96' title="bbox 1888 3643 3471 3718">
     <span class='ocr_line' id='line_1_96' title="bbox 1888 3643 3471 3718; baseline -0.012 -8"><span class='ocrx_word' id='word_1_647' title='bbox 1888 3656 2174 3718; x_wconf 86' lang='lat' dir='ltr'><strong>iatimavit,</strong></span> <span class='ocrx_word' id='word_1_648' title='bbox 2217 3653 2449 3707; x_wconf 84' lang='lat' dir='ltr'><strong>dicens;</strong></span> <span class='ocrx_word' id='word_1_649' title='bbox 2483 3648 2658 3700; x_wconf 85' lang='lat' dir='ltr'><strong>Penes</strong></span> <span class='ocrx_word' id='word_1_650' title='bbox 2711 3661 2797 3698; x_wconf 86' lang='lat' dir='ltr'><strong>me</strong></span> <span class='ocrx_word' id='word_1_651' title='bbox 2845 3644 3021 3696; x_wconf 88' lang='lat' dir='ltr'><strong>habeo</strong></span> <span class='ocrx_word' id='word_1_652' title='bbox 3073 3643 3296 3694; x_wconf 89' lang='lat' dir='ltr'><strong>dentem</strong></span> <span class='ocrx_word' id='word_1_653' title='bbox 3330 3654 3471 3708; x_wconf 78' lang='lat' dir='ltr'><strong>apo-</strong></span> 
     </span>
    </p>
   </div>
   <div class='ocr_carea' id='block_1_97' title="bbox 1885 3730 3470 3815">
    <p class='ocr_par' dir='ltr' id='par_1_97' title="bbox 1885 3730 3470 3815">
     <span class='ocr_line' id='line_1_97' title="bbox 1885 3730 3470 3815; baseline -0.013 -12"><span class='ocrx_word' id='word_1_654' title='bbox 1885 3748 2010 3803; x_wconf 80' lang='lat' dir='ltr'><strong>stoli</strong></span> <span class='ocrx_word' id='word_1_655' title='bbox 2059 3756 2114 3801; x_wconf 86' lang='lat' dir='ltr'><strong>et</strong></span> <span class='ocrx_word' id='word_1_656' title='bbox 2160 3741 2506 3815; x_wconf 64' lang='lat' dir='ltr'><strong>evangelista:</strong></span> <span class='ocrx_word' id='word_1_657' title='bbox 2540 3737 2796 3793; x_wconf 73' lang='lat' dir='ltr'><strong>blatthrci.</strong></span> <span class='ocrx_word' id='word_1_658' title='bbox 2839 3735 2937 3790; x_wconf 84' lang='lat' dir='ltr'><strong>Hic</strong></span> <span class='ocrx_word' id='word_1_659' title='bbox 2987 3747 3148 3788; x_wconf 89' lang='lat' dir='ltr'><strong>manu</strong></span> <span class='ocrx_word' id='word_1_660' title='bbox 3210 3730 3470 3802; x_wconf 44' lang='lat' dir='ltr'><strong>praesulis</strong></span> 
     </span>
    </p>
   </div>
   <div class='ocr_carea' id='block_1_98' title="bbox 1888 3827 3468 3913">
    <p class='ocr_par' dir='ltr' id='par_1_98' title="bbox 1888 3827 3468 3913">
     <span class='ocr_line' id='line_1_98' title="bbox 1888 3827 3468 3913; baseline -0.011 -18"><span class='ocrx_word' id='word_1_661' title='bbox 1888 3842 2134 3896; x_wconf 87' lang='lat' dir='ltr'><strong>mittatur</strong></span> <span class='ocrx_word' id='word_1_662' title='bbox 2157 3838 2212 3892; x_wconf 93' lang='lat' dir='ltr'><strong>in</strong></span> <span class='ocrx_word' id='word_1_663' title='bbox 2232 3835 2568 3891; x_wconf 86' lang='lat' dir='ltr'><strong>benedictam</strong></span> <span class='ocrx_word' id='word_1_664' title='bbox 2590 3845 2805 3900; x_wconf 84' lang='lat' dir='ltr'><strong>aquam,</strong></span> <span class='ocrx_word' id='word_1_665' title='bbox 2832 3843 2990 3913; x_wconf 87' lang='lat' dir='ltr'><strong>quam</strong></span> <span class='ocrx_word' id='word_1_666' title='bbox 3013 3827 3139 3881; x_wconf 85' lang='lat' dir='ltr'><strong>dum</strong></span> <span class='ocrx_word' id='word_1_667' title='bbox 3171 3829 3468 3893; x_wconf 73' lang='lat' dir='ltr'><strong>sumpserit</strong></span> 
     </span>
    </p>
   </div>
   <div class='ocr_carea' id='block_1_99' title="bbox 1885 3916 3464 3990">
    <p class='ocr_par' dir='ltr' id='par_1_99' title="bbox 1885 3916 3464 3990">
     <span class='ocr_line' id='line_1_99' title="bbox 1885 3916 3464 3990; baseline -0.014 -1"><span class='ocrx_word' id='word_1_668' title='bbox 1885 3931 2279 3990; x_wconf 62' lang='lat' dir='ltr'><strong>dumoniacus,</strong></span> <span class='ocrx_word' id='word_1_669' title='bbox 2310 3924 2580 3978; x_wconf 88' lang='lat' dir='ltr'><strong>mirabilia</strong></span> <span class='ocrx_word' id='word_1_670' title='bbox 2617 3922 2708 3973; x_wconf 84' lang='lat' dir='ltr'><strong>Dei</strong></span> <span class='ocrx_word' id='word_1_671' title='bbox 2752 3920 2976 3972; x_wconf 84' lang='lat' dir='ltr'><strong>videbis.</strong></span> <span class='ocrx_word' id='word_1_672' title='bbox 3011 3916 3077 3970; x_wconf 79' lang='lat' dir='ltr'><strong>Et</strong></span> <span class='ocrx_word' id='word_1_673' title='bbox 3111 3918 3226 3970; x_wconf 74' lang='lat' dir='ltr'><strong>haec</strong></span> <span class='ocrx_word' id='word_1_674' title='bbox 3253 3917 3464 3978; x_wconf 80' lang='lat' dir='ltr'><strong>dicens,</strong></span> 
     </span>
    </p>
   </div>
   <div class='ocr_carea' id='block_1_100' title="bbox 1889 4007 3464 4082">
    <p class='ocr_par' dir='ltr' id='par_1_100' title="bbox 1889 4007 3464 4082">
     <span class='ocr_line' id='line_1_100' title="bbox 1889 4007 3464 4082; baseline -0.012 -5"><span class='ocrx_word' id='word_1_675' title='bbox 1889 4019 2142 4077; x_wconf 73' lang='lat' dir='ltr'><strong>Rothilda</strong></span> <span class='ocrx_word' id='word_1_676' title='bbox 2174 4024 2450 4070; x_wconf 86' lang='lat' dir='ltr'><strong>annuente</strong></span> <span class='ocrx_word' id='word_1_677' title='bbox 2475 4025 2533 4069; x_wconf 87' lang='lat' dir='ltr'><strong>et</strong></span> <span class='ocrx_word' id='word_1_678' title='bbox 2559 4014 2891 4082; x_wconf 76' lang='lat' dir='ltr'><strong>deposcente</strong></span> <span class='ocrx_word' id='word_1_679' title='bbox 2945 4019 3004 4062; x_wconf 92' lang='lat' dir='ltr'><strong>ut</strong></span> <span class='ocrx_word' id='word_1_680' title='bbox 3040 4007 3216 4071; x_wconf 89' lang='lat' dir='ltr'><strong>ﬁeret,</strong></span> <span class='ocrx_word' id='word_1_681' title='bbox 3246 4008 3464 4060; x_wconf 87' lang='lat' dir='ltr'><strong>dentem</strong></span> 
     </span>
    </p>
   </div>
   <div class='ocr_carea' id='block_1_101' title="bbox 1890 4099 3471 4182">
    <p class='ocr_par' dir='ltr' id='par_1_101' title="bbox 1890 4099 3471 4182">
     <span class='ocr_line' id='line_1_101' title="bbox 1890 4099 3471 4182; baseline -0.011 -16"><span class='ocrx_word' id='word_1_682' title='bbox 1890 4109 2110 4182; x_wconf 69' lang='lat' dir='ltr'><strong>praesuli</strong></span> <span class='ocrx_word' id='word_1_683' title='bbox 2145 4107 2260 4162; x_wconf 88' lang='lat' dir='ltr'><strong>suis</strong></span> <span class='ocrx_word' id='word_1_684' title='bbox 2294 4105 2514 4182; x_wconf 80' lang='lat' dir='ltr'><strong>tradidit</strong></span> <span class='ocrx_word' id='word_1_685' title='bbox 2557 4104 2834 4157; x_wconf 86' lang='lat' dir='ltr'><strong>manibus.</strong></span> <span class='ocrx_word' id='word_1_686' title='bbox 2876 4100 3052 4155; x_wconf 83' lang='lat' dir='ltr'><strong>Allata</strong></span> <span class='ocrx_word' id='word_1_687' title='bbox 3088 4099 3276 4170; x_wconf 86' lang='lat' dir='ltr'><strong>itaque</strong></span> <span class='ocrx_word' id='word_1_688' title='bbox 3307 4111 3471 4166; x_wconf 83' lang='lat' dir='ltr'><strong>aqua,</strong></span> 
     </span>
    </p>
   </div>
   <div class='ocr_carea' id='block_1_102' title="bbox 1892 4176 3470 4272">
    <p class='ocr_par' dir='ltr' id='par_1_102' title="bbox 1892 4176 3470 4272">
     <span class='ocr_line' id='line_1_102' title="bbox 1892 4176 3470 4272; baseline -0.011 -13"><span class='ocrx_word' id='word_1_689' title='bbox 1892 4176 2036 4259; x_wconf 78' lang='lat' dir='ltr'><strong>idem</strong></span> <span class='ocrx_word' id='word_1_690' title='bbox 2069 4176 2501 4272; x_wconf 78' lang='lat' dir='ltr'><strong>pratsulsignurit</strong></span> <span class='ocrx_word' id='word_1_691' title='bbox 2532 4195 2710 4249; x_wconf 85' lang='lat' dir='ltr'><strong>crucis</strong></span> <span class='ocrx_word' id='word_1_692' title='bbox 2739 4193 2928 4254; x_wconf 90' lang='lat' dir='ltr'><strong>edidit,</strong></span> <span class='ocrx_word' id='word_1_693' title='bbox 2955 4193 3174 4246; x_wconf 87' lang='lat' dir='ltr'><strong>dentem</strong></span> <span class='ocrx_word' id='word_1_694' title='bbox 3200 4191 3252 4242; x_wconf 88' lang='lat' dir='ltr'><strong>in</strong></span> <span class='ocrx_word' id='word_1_695' title='bbox 3275 4205 3470 4258; x_wconf 84' lang='lat' dir='ltr'><strong>aquam</strong></span> 
     </span>
    </p>
   </div>
   <div class='ocr_carea' id='block_1_103' title="bbox 1891 4282 3474 4360">
    <p class='ocr_par' dir='ltr' id='par_1_103' title="bbox 1891 4282 3474 4360">
     <span class='ocr_line' id='line_1_103' title="bbox 1891 4282 3474 4360; baseline -0.013 -6"><span class='ocrx_word' id='word_1_696' title='bbox 1891 4300 2064 4354; x_wconf 82' lang='lat' dir='ltr'><strong>misit.</strong></span> <span class='ocrx_word' id='word_1_697' title='bbox 2098 4297 2387 4360; x_wconf 74' lang='lat' dir='ltr'><strong>ablataque</strong></span> <span class='ocrx_word' id='word_1_698' title='bbox 2418 4290 2603 4353; x_wconf 88' lang='lat' dir='ltr'><strong>dente,</strong></span> <span class='ocrx_word' id='word_1_699' title='bbox 2640 4302 2837 4358; x_wconf 82' lang='lat' dir='ltr'><strong>aquam</strong></span> <span class='ocrx_word' id='word_1_700' title='bbox 2867 4285 2962 4347; x_wconf 89' lang='lat' dir='ltr'><strong>illi,</strong></span> <span class='ocrx_word' id='word_1_701' title='bbox 2991 4284 3082 4354; x_wconf 87' lang='lat' dir='ltr'><strong>qui</strong></span> <span class='ocrx_word' id='word_1_702' title='bbox 3109 4283 3342 4352; x_wconf 87' lang='lat' dir='ltr'><strong>maligno</strong></span> <span class='ocrx_word' id='word_1_703' title='bbox 3363 4282 3474 4349; x_wconf 85' lang='lat' dir='ltr'><strong>spi-</strong></span> 
     </span>
    </p>
   </div>
   <div class='ocr_carea' id='block_1_104' title="bbox 1897 4377 3464 4449">
    <p class='ocr_par' dir='ltr' id='par_1_104' title="bbox 1897 4377 3464 4449">
     <span class='ocr_line' id='line_1_104' title="bbox 1897 4377 3464 4449; baseline -0.011 -3"><span class='ocrx_word' id='word_1_704' title='bbox 1897 4396 2000 4446; x_wconf 90' lang='lat' dir='ltr'><strong>ritu</strong></span> <span class='ocrx_word' id='word_1_705' title='bbox 2034 4388 2358 4449; x_wconf 82' lang='lat' dir='ltr'><strong>vexabatur,</strong></span> <span class='ocrx_word' id='word_1_706' title='bbox 2397 4383 2596 4438; x_wconf 87' lang='lat' dir='ltr'><strong>obtulit</strong></span> <span class='ocrx_word' id='word_1_707' title='bbox 2633 4381 3052 4445; x_wconf 88' lang='lat' dir='ltr'><strong>comminanter,</strong></span> <span class='ocrx_word' id='word_1_708' title='bbox 3081 4391 3264 4446; x_wconf 90' lang='lat' dir='ltr'><strong>atque,</strong></span> <span class='ocrx_word' id='word_1_709' title='bbox 3297 4385 3356 4430; x_wconf 91' lang='lat' dir='ltr'><strong>ut</strong></span> <span class='ocrx_word' id='word_1_710' title='bbox 3389 4377 3464 4429; x_wconf 90' lang='lat' dir='ltr'><strong>bi-</strong></span> 
     </span>
    </p>
   </div>
   <div class='ocr_carea' id='block_1_105' title="bbox 1896 4471 3474 4551">
    <p class='ocr_par' dir='ltr' id='par_1_105' title="bbox 1896 4471 3474 4551">
     <span class='ocr_line' id='line_1_105' title="bbox 1896 4471 3474 4551; baseline -0.011 -10"><span class='ocrx_word' id='word_1_711' title='bbox 1896 4487 2071 4547; x_wconf 82' lang='lat' dir='ltr'><strong>beret,</strong></span> <span class='ocrx_word' id='word_1_712' title='bbox 2095 4479 2406 4551; x_wconf 79' lang='lat' dir='ltr'><strong>imperavit.</strong></span> <span class='ocrx_word' id='word_1_713' title='bbox 2433 4478 2548 4544; x_wconf 84' lang='lat' dir='ltr'><strong>Qua</strong></span> <span class='ocrx_word' id='word_1_714' title='bbox 2571 4486 2808 4545; x_wconf 85' lang='lat' dir='ltr'><strong>sumpta,</strong></span> <span class='ocrx_word' id='word_1_715' title='bbox 2838 4475 3038 4528; x_wconf 79' lang='lat' dir='ltr'><strong>acriter</strong></span> <span class='ocrx_word' id='word_1_716' title='bbox 3064 4473 3246 4526; x_wconf 73' lang='lat' dir='ltr'><strong>vexari</strong></span> <span class='ocrx_word' id='word_1_717' title='bbox 3282 4471 3474 4540; x_wconf 76' lang='lat' dir='ltr'><strong>cmpit.</strong></span> 
     </span>
    </p>
   </div>
   <div class='ocr_carea' id='block_1_106' title="bbox 1827 4565 3478 4647">
    <p class='ocr_par' dir='ltr' id='par_1_106' title="bbox 1827 4565 3478 4647">
     <span class='ocr_line' id='line_1_106' title="bbox 1827 4565 3478 4647; baseline -0.008 -19"><span class='ocrx_word' id='word_1_718' title='bbox 1827 4571 1868 4622; x_wconf 88' lang='grc' dir='ltr'><strong>ι)</strong></span> <span class='ocrx_word' id='word_1_719' title='bbox 1910 4581 1975 4636; x_wconf 76' lang='lat' dir='ltr'><strong>Et</strong></span> <span class='ocrx_word' id='word_1_720' title='bbox 2014 4576 2140 4647; x_wconf 88' lang='lat' dir='ltr'><strong>quia</strong></span> <span class='ocrx_word' id='word_1_721' title='bbox 2176 4575 2396 4642; x_wconf 82' lang='lat' dir='ltr'><strong>iniquus</strong></span> <span class='ocrx_word' id='word_1_722' title='bbox 2433 4571 2622 4631; x_wconf 88' lang='lat' dir='ltr'><strong>hostis,</strong></span> <span class='ocrx_word' id='word_1_723' title='bbox 2656 4583 2814 4622; x_wconf 80' lang='lat' dir='ltr'><strong>sacro</strong></span> <span class='ocrx_word' id='word_1_724' title='bbox 2854 4565 3160 4620; x_wconf 83' lang='lat' dir='ltr'><strong>obsistente</strong></span> <span class='ocrx_word' id='word_1_725' title='bbox 3196 4575 3349 4633; x_wconf 93' lang='lat' dir='ltr'><strong>p0tu,</strong></span> <span class='ocrx_word' id='word_1_726' title='bbox 3385 4578 3478 4630; x_wconf 91' lang='lat' dir='ltr'><strong>per</strong></span> 
     </span>
    </p>
   </div>
   <div class='ocr_carea' id='block_1_107' title="bbox 1907 4658 3481 4730">
    <p class='ocr_par' dir='ltr' id='par_1_107' title="bbox 1907 4658 3481 4730">
     <span class='ocr_line' id='line_1_107' title="bbox 1907 4658 3481 4730; baseline -0.013 -3"><span class='ocrx_word' id='word_1_727' title='bbox 1907 4686 1968 4727; x_wconf 88' lang='lat' dir='ltr'><strong>os</strong></span> <span class='ocrx_word' id='word_1_728' title='bbox 1997 4670 2145 4724; x_wconf 77' lang='lat' dir='ltr'><strong>exire</strong></span> <span class='ocrx_word' id='word_1_729' title='bbox 2176 4682 2284 4720; x_wconf 90' lang='lat' dir='ltr'><strong>non</strong></span> <span class='ocrx_word' id='word_1_730' title='bbox 2319 4665 2515 4725; x_wconf 84' lang='lat' dir='ltr'><strong>valuit,</strong></span> <span class='ocrx_word' id='word_1_731' title='bbox 2545 4677 2666 4714; x_wconf 88' lang='lat' dir='ltr'><strong>cum</strong></span> <span class='ocrx_word' id='word_1_732' title='bbox 2695 4658 2898 4730; x_wconf 82' lang='lat' dir='ltr'><strong>ingenti</strong></span> <span class='ocrx_word' id='word_1_733' title='bbox 2948 4658 3143 4711; x_wconf 58' lang='lat' dir='ltr'><strong>foetore</strong></span> <span class='ocrx_word' id='word_1_734' title='bbox 3177 4670 3272 4725; x_wconf 91' lang='lat' dir='ltr'><strong>per</strong></span> <span class='ocrx_word' id='word_1_735' title='bbox 3297 4667 3481 4726; x_wconf 85' lang='lat' dir='ltr'><strong>poste-</strong></span> 
     </span>
    </p>
   </div>
   <div class='ocr_carea' id='block_1_108' title="bbox 1903 4747 3480 4830">
    <p class='ocr_par' dir='ltr' id='par_1_108' title="bbox 1903 4747 3480 4830">
     <span class='ocr_line' id='line_1_108' title="bbox 1903 4747 3480 4830; baseline -0.012 -13"><span class='ocrx_word' id='word_1_736' title='bbox 1903 4764 2043 4817; x_wconf 88' lang='lat' dir='ltr'><strong>riora</strong></span> <span class='ocrx_word' id='word_1_737' title='bbox 2071 4771 2322 4830; x_wconf 86' lang='lat' dir='ltr'><strong>egressus</strong></span> <span class='ocrx_word' id='word_1_738' title='bbox 2351 4765 2453 4814; x_wconf 84' lang='lat' dir='ltr'><strong>est.</strong></span> <span class='ocrx_word' id='word_1_739' title='bbox 2487 4752 2829 4822; x_wconf 70' lang='lat' dir='ltr'><strong>Quapmptet:</strong></span> <span class='ocrx_word' id='word_1_740' title='bbox 2858 4761 3050 4803; x_wconf 83' lang='lat' dir='ltr'><strong>omnes</strong></span> <span class='ocrx_word' id='word_1_741' title='bbox 3075 4748 3340 4801; x_wconf 82' lang='lat' dir='ltr'><strong>Salvatori</strong></span> <span class='ocrx_word' id='word_1_742' title='bbox 3371 4747 3480 4800; x_wconf 82' lang='lat' dir='ltr'><strong>Deo</strong></span> 
     </span>
    </p>
   </div>
   <div class='ocr_carea' id='block_1_109' title="bbox 1902 4840 3478 4924">
    <p class='ocr_par' dir='ltr' id='par_1_109' title="bbox 1902 4840 3478 4924">
     <span class='ocr_line' id='line_1_109' title="bbox 1902 4840 3478 4924; baseline -0.012 -15"><span class='ocrx_word' id='word_1_743' title='bbox 1902 4855 2106 4924; x_wconf 78' lang='lat' dir='ltr'><strong>pariter</strong></span> <span class='ocrx_word' id='word_1_744' title='bbox 2151 4850 2352 4919; x_wconf 77' lang='lat' dir='ltr'><strong>gratias</strong></span> <span class='ocrx_word' id='word_1_745' title='bbox 2403 4844 2660 4906; x_wconf 74' lang='lat' dir='ltr'><strong>retulere,</strong></span> <span class='ocrx_word' id='word_1_746' title='bbox 2707 4844 2797 4911; x_wconf 87' lang='lat' dir='ltr'><strong>qui</strong></span> <span class='ocrx_word' id='word_1_747' title='bbox 2833 4857 2928 4910; x_wconf 92' lang='lat' dir='ltr'><strong>per</strong></span> <span class='ocrx_word' id='word_1_748' title='bbox 2965 4840 3270 4906; x_wconf 82' lang='lat' dir='ltr'><strong>apostolum</strong></span> <span class='ocrx_word' id='word_1_749' title='bbox 3318 4853 3478 4894; x_wconf 90' lang='lat' dir='ltr'><strong>suum</strong></span> 
     </span>
    </p>
   </div>
   <div class='ocr_carea' id='block_1_110' title="bbox 1904 4926 3482 5013">
    <p class='ocr_par' dir='ltr' id='par_1_110' title="bbox 1904 4926 3482 5013">
     <span class='ocr_line' id='line_1_110' title="bbox 1904 4926 3482 5013; baseline -0.013 -12"><span class='ocrx_word' id='word_1_750' title='bbox 1904 4948 2008 5001; x_wconf 82' lang='lat' dir='ltr'><strong>tale</strong></span> <span class='ocrx_word' id='word_1_751' title='bbox 2060 4944 2314 5013; x_wconf 87' lang='lat' dir='ltr'><strong>dignatus</strong></span> <span class='ocrx_word' id='word_1_752' title='bbox 2368 4948 2444 4992; x_wconf 79' lang='lat' dir='ltr'><strong>est</strong></span> <span class='ocrx_word' id='word_1_753' title='bbox 2493 4937 2706 5006; x_wconf 90' lang='lat' dir='ltr'><strong>operari</strong></span> <span class='ocrx_word' id='word_1_754' title='bbox 2760 4926 3107 4988; x_wconf 84' lang='lat' dir='ltr'><strong>miraculum.</strong></span> <span class='ocrx_word' id='word_1_755' title='bbox 3151 4931 3482 4986; x_wconf 78' lang='lat' dir='ltr'><strong>Athanasius</strong></span> 
     </span>
    </p>
   </div>
   <div class='ocr_carea' id='block_1_111' title="bbox 1902 5020 3477 5099">
    <p class='ocr_par' dir='ltr' id='par_1_111' title="bbox 1902 5020 3477 5099">
     <span class='ocr_line' id='line_1_111' title="bbox 1902 5020 3477 5099; baseline -0.014 -6"><span class='ocrx_word' id='word_1_756' title='bbox 1902 5051 2079 5093; x_wconf 89' lang='lat' dir='ltr'><strong>autem</strong></span> <span class='ocrx_word' id='word_1_757' title='bbox 2111 5037 2350 5093; x_wconf 71' lang='lat' dir='ltr'><strong>dentem,</strong></span> <span class='ocrx_word' id='word_1_758' title='bbox 2379 5046 2541 5099; x_wconf 90' lang='lat' dir='ltr'><strong>quem</strong></span> <span class='ocrx_word' id='word_1_759' title='bbox 2571 5027 2639 5080; x_wconf 86' lang='lat' dir='ltr'><strong>ad</strong></span> <span class='ocrx_word' id='word_1_760' title='bbox 2663 5026 3048 5095; x_wconf 70' lang='lat' dir='ltr'><strong>expellendum</strong></span> <span class='ocrx_word' id='word_1_761' title='bbox 3082 5025 3289 5076; x_wconf 73' lang='lat' dir='ltr'><strong>hostem</strong></span> <span class='ocrx_word' id='word_1_762' title='bbox 3329 5020 3477 5072; x_wconf 84' lang='lat' dir='ltr'><strong>mali-</strong></span> 
     </span>
    </p>
   </div>
   <div class='ocr_carea' id='block_1_112' title="bbox 1902 5114 3469 5205">
    <p class='ocr_par' dir='ltr' id='par_1_112' title="bbox 1902 5114 3469 5205">
     <span class='ocr_line' id='line_1_112' title="bbox 1902 5114 3469 5205; baseline -0.011 -20"><span class='ocrx_word' id='word_1_763' title='bbox 1902 5148 2064 5205; x_wconf 82' lang='lat' dir='ltr'><strong>gnum</strong></span> <span class='ocrx_word' id='word_1_764' title='bbox 2099 5128 2346 5186; x_wconf 84' lang='lat' dir='ltr'><strong>dederat,</strong></span> <span class='ocrx_word' id='word_1_765' title='bbox 2396 5120 2714 5191; x_wconf 82' lang='lat' dir='ltr'><strong>recolligere</strong></span> <span class='ocrx_word' id='word_1_766' title='bbox 2758 5131 3028 5187; x_wconf 81' lang='lat' dir='ltr'><strong>satagens,</strong></span> <span class='ocrx_word' id='word_1_767' title='bbox 3063 5115 3248 5168; x_wconf 81' lang='lat' dir='ltr'><strong>multis</strong></span> <span class='ocrx_word' id='word_1_768' title='bbox 3278 5114 3469 5168; x_wconf 75' lang='lat' dir='ltr'><strong>frustra</strong></span> 
     </span>
    </p>
   </div>
   <div class='ocr_carea' id='block_1_113' title="bbox 1905 5204 3391 5289">
    <p class='ocr_par' dir='ltr' id='par_1_113' title="bbox 1905 5204 3391 5289">
     <span class='ocr_line' id='line_1_113' title="bbox 1905 5204 3391 5289; baseline -0.017 -7"><span class='ocrx_word' id='word_1_769' title='bbox 1905 5204 2092 5282; x_wconf 69' lang='lat' dir='ltr'><strong>otiosis</strong></span> <span class='ocrx_word' id='word_1_770' title='bbox 2161 5217 2439 5289; x_wconf 86' lang='lat' dir='ltr'><strong>precibus,</strong></span> <span class='ocrx_word' id='word_1_771' title='bbox 2483 5224 2840 5279; x_wconf 83' lang='lat' dir='ltr'><strong>nequaquam</strong></span> <span class='ocrx_word' id='word_1_772' title='bbox 2903 5207 3073 5260; x_wconf 88' lang='lat' dir='ltr'><strong>valuit</strong></span> <span class='ocrx_word' id='word_1_773' title='bbox 3124 5204 3391 5258; x_wconf 86' lang='lat' dir='ltr'><strong>obtinere.</strong></span> 
     </span>
    </p>
   </div>
   <div class='ocr_carea' id='block_1_114' title="bbox 1905 5298 3334 5382">
    <p class='ocr_par' dir='ltr' id='par_1_114' title="bbox 1905 5298 3334 5382">
     <span class='ocr_line' id='line_1_114' title="bbox 1905 5298 3334 5382; baseline -0.016 -11"><span class='ocrx_word' id='word_1_774' title='bbox 1905 5320 2182 5372; x_wconf 78' lang='lat' dir='ltr'><strong>Hactenus</strong></span> <span class='ocrx_word' id='word_1_775' title='bbox 2212 5311 2388 5382; x_wconf 85' lang='lat' dir='ltr'><strong>priora</strong></span> <span class='ocrx_word' id='word_1_776' title='bbox 2425 5303 2690 5362; x_wconf 85' lang='lat' dir='ltr'><strong>beneﬁcia</strong></span> <span class='ocrx_word' id='word_1_777' title='bbox 2719 5300 3080 5356; x_wconf 85' lang='lat' dir='ltr'><strong>Salernitanis</strong></span> <span class='ocrx_word' id='word_1_778' title='bbox 3118 5298 3334 5352; x_wconf 80' lang='lat' dir='ltr'><strong>collata.</strong></span> 
     </span>
    </p>
   </div>
   <div class='ocr_carea' id='block_1_115' title="bbox 1978 5402 3477 5485">
    <p class='ocr_par' dir='ltr' id='par_1_115' title="bbox 1978 5402 3477 5485">
     <span class='ocr_line' id='line_1_115' title="bbox 1978 5402 3477 5485; baseline -0.014 -7"><span class='ocrx_word' id='word_1_779' title='bbox 1978 5423 2064 5478; x_wconf 80' lang='lat'><strong>73.</strong></span> <span class='ocrx_word' id='word_1_780' title='bbox 2111 5422 2169 5475; x_wconf 91' lang='lat' dir='ltr'><strong>ln</strong></span> <span class='ocrx_word' id='word_1_781' title='bbox 2196 5429 2424 5485; x_wconf 87' lang='lat' dir='ltr'><strong>utroque</strong></span> <span class='ocrx_word' id='word_1_782' title='bbox 2459 5427 2562 5466; x_wconf 90' lang='lat' dir='ltr'><strong>ms.</strong></span> <span class='ocrx_word' id='word_1_783' title='bbox 2587 5409 2935 5480; x_wconf 64' lang='lat' dir='ltr'><strong>subiungitur</strong></span> <span class='ocrx_word' id='word_1_784' title='bbox 2959 5405 3244 5460; x_wconf 84' lang='lat' dir='ltr'><strong>translatio</strong></span> <span class='ocrx_word' id='word_1_785' title='bbox 3264 5402 3477 5458; x_wconf 87' lang='lat' dir='ltr'><strong>brachii</strong></span> 
     </span>
    </p>
   </div>
   <div class='ocr_carea' id='block_1_116' title="bbox 1908 5495 3481 5576">
    <p class='ocr_par' dir='ltr' id='par_1_116' title="bbox 1908 5495 3481 5576">
     <span class='ocr_line' id='line_1_116' title="bbox 1908 5495 3481 5576; baseline -0.015 -4"><span class='ocrx_word' id='word_1_786' title='bbox 1908 5520 2297 5572; x_wconf 85' lang='lat' dir='ltr'><strong>Beneventum,</strong></span> <span class='ocrx_word' id='word_1_787' title='bbox 2328 5509 2395 5564; x_wconf 90' lang='lat' dir='ltr'><strong>de</strong></span> <span class='ocrx_word' id='word_1_788' title='bbox 2425 5521 2534 5576; x_wconf 89' lang='lat' dir='ltr'><strong>quo</strong></span> <span class='ocrx_word' id='word_1_789' title='bbox 2564 5513 2746 5558; x_wconf 72' lang='lat' dir='ltr'><strong>tamen</strong></span> <span class='ocrx_word' id='word_1_790' title='bbox 2790 5500 2920 5554; x_wconf 88' lang='lat' dir='ltr'><strong>nihil</strong></span> <span class='ocrx_word' id='word_1_791' title='bbox 2959 5498 3174 5569; x_wconf 88' lang='lat' dir='ltr'><strong>reperio</strong></span> <span class='ocrx_word' id='word_1_792' title='bbox 3219 5497 3361 5566; x_wconf 90' lang='lat' dir='ltr'><strong>apud</strong></span> <span class='ocrx_word' id='word_1_793' title='bbox 3393 5495 3481 5550; x_wconf 84' lang='lat' dir='ltr'><strong>Vi-</strong></span> 
     </span>
    </p>
   </div>
   <div class='ocr_carea' id='block_1_117' title="bbox 1909 5590 3479 5682">
    <p class='ocr_par' dir='ltr' id='par_1_117' title="bbox 1909 5590 3479 5682">
     <span class='ocr_line' id='line_1_117' title="bbox 1909 5590 3479 5682; baseline -0.014 -18"><span class='ocrx_word' id='word_1_794' title='bbox 1909 5624 2089 5682; x_wconf 83' lang='lat' dir='ltr'><strong>peram</strong></span> <span class='ocrx_word' id='word_1_795' title='bbox 2109 5607 2351 5673; x_wconf 79' lang='lat' dir='ltr'><strong>aliosque</strong></span> <span class='ocrx_word' id='word_1_796' title='bbox 2369 5601 2663 5668; x_wconf 85' lang='lat' dir='ltr'><strong>scriptores</strong></span> <span class='ocrx_word' id='word_1_797' title='bbox 2688 5595 3120 5647; x_wconf 88' lang='lat' dir='ltr'><strong>Beneventanos.</strong></span> <span class='ocrx_word' id='word_1_798' title='bbox 3142 5590 3282 5656; x_wconf 84' lang='lat' dir='ltr'><strong>Quid</strong></span> <span class='ocrx_word' id='word_1_799' title='bbox 3303 5605 3479 5646; x_wconf 71' lang='lat' dir='ltr'><strong>causa:</strong></span> 
     </span>
    </p>
   </div>
   <div class='ocr_carea' id='block_1_118' title="bbox 1909 5681 3476 5770">
    <p class='ocr_par' dir='ltr' id='par_1_118' title="bbox 1909 5681 3476 5770">
     <span class='ocr_line' id='line_1_118' title="bbox 1909 5681 3476 5770; baseline -0.016 -11"><span class='ocrx_word' id='word_1_800' title='bbox 1909 5706 1998 5768; x_wconf 88' lang='lat' dir='ltr'><strong>sit,</strong></span> <span class='ocrx_word' id='word_1_801' title='bbox 2039 5715 2252 5770; x_wconf 85' lang='lat' dir='ltr'><strong>nequeo</strong></span> <span class='ocrx_word' id='word_1_802' title='bbox 2302 5696 2573 5751; x_wconf 84' lang='lat' dir='ltr'><strong>divinare,</strong></span> <span class='ocrx_word' id='word_1_803' title='bbox 2625 5687 2726 5740; x_wconf 89' lang='lat' dir='ltr'><strong>nisi</strong></span> <span class='ocrx_word' id='word_1_804' title='bbox 2780 5684 2940 5748; x_wconf 82' lang='lat' dir='ltr'><strong>forte,</strong></span> <span class='ocrx_word' id='word_1_805' title='bbox 2994 5684 3140 5754; x_wconf 87' lang='lat' dir='ltr'><strong>quod</strong></span> <span class='ocrx_word' id='word_1_806' title='bbox 3192 5681 3476 5737; x_wconf 82' lang='lat' dir='ltr'><strong>brachium</strong></span> 
     </span>
    </p>
   </div>
   <div class='ocr_carea' id='block_1_119' title="bbox 1909 5776 3482 5849">
    <p class='ocr_par' dir='ltr' id='par_1_119' title="bbox 1909 5776 3482 5849">
     <span class='ocr_line' id='line_1_119' title="bbox 1909 5776 3482 5849; baseline -0.013 -1"><span class='ocrx_word' id='word_1_807' title='bbox 1909 5793 2049 5849; x_wconf 79' lang='lat' dir='ltr'><strong>istud</strong></span> <span class='ocrx_word' id='word_1_808' title='bbox 2087 5806 2193 5844; x_wconf 90' lang='lat' dir='ltr'><strong>non</strong></span> <span class='ocrx_word' id='word_1_809' title='bbox 2245 5786 2336 5842; x_wconf 88' lang='lat' dir='ltr'><strong>diu</strong></span> <span class='ocrx_word' id='word_1_810' title='bbox 2373 5782 2632 5839; x_wconf 89' lang='lat' dir='ltr'><strong>manserit</strong></span> <span class='ocrx_word' id='word_1_811' title='bbox 2666 5777 2986 5835; x_wconf 85' lang='lat' dir='ltr'><strong>Beneventi.</strong></span> <span class='ocrx_word' id='word_1_812' title='bbox 3022 5776 3361 5846; x_wconf 72' lang='lat' dir='ltr'><strong>Subiungam</strong></span> <span class='ocrx_word' id='word_1_813' title='bbox 3397 5783 3482 5830; x_wconf 84' lang='lat' dir='ltr'><strong>ta-</strong></span> 
     </span>
    </p>
   </div>
   <div class='ocr_carea' id='block_1_120' title="bbox 1911 5866 3483 5956">
    <p class='ocr_par' dir='ltr' id='par_1_120' title="bbox 1911 5866 3483 5956">
     <span class='ocr_line' id='line_1_120' title="bbox 1911 5866 3483 5956; baseline -0.015 -13"><span class='ocrx_word' id='word_1_814' title='bbox 1911 5902 2055 5952; x_wconf 89' lang='lat' dir='ltr'><strong>men,</strong></span> <span class='ocrx_word' id='word_1_815' title='bbox 2088 5900 2207 5956; x_wconf 76' lang='lat' dir='ltr'><strong>qua:</strong></span> <span class='ocrx_word' id='word_1_816' title='bbox 2234 5883 2289 5938; x_wconf 88' lang='lat' dir='ltr'><strong>in</strong></span> <span class='ocrx_word' id='word_1_817' title='bbox 2315 5895 2445 5937; x_wconf 88' lang='lat' dir='ltr'><strong>mss.</strong></span> <span class='ocrx_word' id='word_1_818' title='bbox 2475 5876 2710 5948; x_wconf 86' lang='lat' dir='ltr'><strong>reperio,</strong></span> <span class='ocrx_word' id='word_1_819' title='bbox 2739 5885 2965 5945; x_wconf 67' lang='lat' dir='ltr'><strong>quisque</strong></span> <span class='ocrx_word' id='word_1_820' title='bbox 2985 5885 3052 5926; x_wconf 79' lang='lat' dir='ltr'><strong>ex</strong></span> <span class='ocrx_word' id='word_1_821' title='bbox 3086 5869 3278 5925; x_wconf 87' lang='lat' dir='ltr'><strong>iisdem</strong></span> <span class='ocrx_word' id='word_1_822' title='bbox 3309 5866 3483 5923; x_wconf 75' lang='lat' dir='ltr'><strong>etiam</strong></span> 
     </span>
    </p>
   </div>
  </div>
