4188 6436
742 397 875 462 ,795

1997 398 2225 458 MENSI
2240 397 2279 455 S
2322 396 2609 455 SEPTEM
2624 396 2714 455 BE
2725 398 2791 458 Β.

3941 400 4051 462 796

770 512 1048 569 enarravit
1092 512 1381 575 Marsilitts.
1434 528 1531 583 cap
1588 513 1686 568 l0:
1746 534 1762 565 ι
1800 513 1934 568 Cum
1986 525 2170 568 autem
2207 512 2347 565 fama
2379 510 2423 566 A
2455 511 2627 574 Quam
2662 510 2820 566 facile
2859 524 3040 567 autem
3089 512 3235 567 illius
3293 511 3537 581 corporis
3578 513 3844 567 memoria
3898 514 4051 567 inte-

771 606 939 675 lignis
986 606 1374 675 miraculisque
1427 607 1585 677 longe
1634 608 1853 674 lateque
1910 605 2243 669 vulgaretur,
2294 612 2347 657 et

774 696 1127 764 Landulphus
1169 696 1582 751 Beneventanus
1605 699 1857 765 princeps
1881 698 2140 760 audisset,
2172 695 2347 749 Saler-

772 788 1021 842 nitauum
1042 788 1297 855 populum
1322 788 1618 843 beatissimi
1638 788 1872 844 Matthrei
1893 804 2110 858 corpus,
2132 789 2347 845 Christo

772 879 1031 941 donante,
1085 879 1386 947 possidere,
1441 896 1749 935 convocans
1793 896 1919 935 suos
1965 891 2244 951 magnetes
2294 891 2349 935 et

773 969 1066 1034 sapientes,
1119 968 1348 1034 Scitote,
1388 970 1587 1039 inquit,
1623 986 1652 1024 a
1689 970 1796 1024 Deo
1824 973 2077 1026 donatam
2113 972 2345 1025 salutem

774 1058 1137 1114 Salernitanis
1169 1063 1480 1125 advenisse,
1539 1078 1741 1132 eosque
1773 1080 1976 1131 corpus
2016 1062 2346 1119 sanctissimi

772 1151 1002 1217 apostoli
1030 1161 1084 1205 et
1116 1154 1465 1223 evangelista:
1501 1153 1763 1218 Matthaci,
1811 1155 1929 1223 ipso
1962 1157 2256 1213 revelante.
2293 1155 2346 1208 in

774 1238 1022 1295 Lucania:
1054 1243 1251 1299 ﬁnibus
1285 1256 1583 1314 repertum,
1615 1261 1740 1299 cum
1778 1247 1992 1317 hymnis
2020 1258 2071 1301 et
2097 1248 2347 1301 laudibus

773 1330 915 1385 intra
959 1334 1107 1388 urbis
1144 1351 1256 1390 sua:
1290 1337 1492 1390 moenia
1519 1337 1836 1391 collocasse.
1873 1335 2044 1403 Unde,
2074 1338 2117 1392 si
2146 1340 2344 1407 placet,

769 1421 1173 1479 Salernitanum
1219 1429 1525 1496 principem
1578 1438 1742 1497 atque
1788 1429 2099 1497 pontiﬁcem
2145 1431 2346 1498 pariter

770 1514 1486 1584 obsecrandomandcmus,
1525 1529 1582 1573 ut
1614 1520 1681 1573 ad
1717 1521 1939 1573 tutelam
1968 1531 2171 1575 nostra
2205 1536 2341 1591 quo-

770 1620 875 1673 que
907 1607 1144 1662 civitatis
1175 1626 1239 1663 ex
1286 1612 1476 1665 eodem
1507 1612 1853 1667 sanctissimo
1885 1629 2110 1682 corpore
2140 1625 2346 1683 partem

769 1698 1000 1764 aliquam
1029 1700 1204 1770 largiri
1233 1702 1543 1772 dignentur.
1573 1705 1880 1757 lllisautem
1909 1706 2176 1774 principis
2199 1706 2342 1759 dicta

772 1788 1153 1857 probantibus,
1193 1794 1345 1848 missi
1374 1805 1504 1849 sunt
1535 1796 1785 1862 protinus
1834 1798 2073 1851 illustres
2114 1799 2209 1851 viri
2246 1799 2347 1853 Sa-

770 1879 1005 1947 lernum,
1060 1888 1240 1955 magni
1288 1889 1533 1942 muneris
1584 1906 1771 1959 preces
1821 1891 2152 1945 humillimas
2202 1893 2350 1948 defe-

770 1982 973 2026 rentus.
1023 1975 1170 2040 Quos
1220 1977 1477 2048 princeps
1522 1990 1575 2033 et
1620 1982 1861 2050 pontifex
1900 1984 2131 2053 benigne
2177 1987 2355 2040 suscio

773 2063 1010 2129 pientes,
1040 2076 1201 2136 atque
1235 2083 1423 2123 eorum
1464 2072 1817 2138 petitionibus
1863 2085 2191 2140 annuentes,
2230 2077 2350 2130 bra-

770 2154 954 2207 chium
1003 2157 1109 2209 illis
1161 2161 1303 2213 sacri
1340 2164 1587 2229 corporis
1633 2179 1847 2217 summa
1880 2182 2003 2218 cum
2043 2169 2347 2222 reverentia

774 2247 992 2302 tradunt
1024 2252 1138 2303 suis
1190 2254 1508 2309 concivibus
1534 2256 1913 2317 deferendum.
1946 2261 2068 2324 Quo
2100 2274 2345 2330 accepto,

772 2336 1065 2403 plurimum
1139 2345 1499 2412 gratulantes,
1551 2348 1956 2418 immensasque
2008 2353 2117 2406 Deo
2187 2364 2349 2421 atque

772 2433 1018 2495 apostolo
1037 2432 1237 2488 Christi
1263 2438 1463 2504 gratias
1483 2439 1804 2501 referentes,
1828 2442 2349 2514 iucomparahiltque

773 2518 916 2571 dono
949 2523 1335 2591 tripudiantes,
1387 2526 1759 2586 Beneventum
1808 2537 2027 2589 concito
2060 2540 2228 2607 gradu
2264 2556 2349 2594 rc-

770 2612 939 2676 gressi
989 2624 1138 2667 sunt.
1193 2615 1300 2671 Sed
1347 2629 1643 2688 antequam
1680 2624 1826 2678 urbis
1872 2628 2144 2683 menibus
2176 2632 2348 2700 appli-

771 2701 1033 2765 cuissent,
1065 2706 1202 2760 idem
1240 2711 1493 2780 princeps
1537 2724 1590 2767 et
1619 2716 1933 2786 episcopus,
1980 2722 2071 2787 qui
2109 2732 2238 2775 tunc
2265 2725 2348 2775 ei-

771 2791 893 2845 dem
927 2795 1130 2851 civitati
1165 2812 1457 2868 praeerant,
1490 2822 1614 2859 cutn
1644 2809 1789 2860 omni
1830 2810 2030 2878 populo
2061 2813 2347 2882 utriusque

774 2897 935 2940 sexus
987 2898 1041 2941 et
1089 2893 1265 2945 anatis
1300 2896 1380 2947 eis
1429 2896 1644 2950 obviam
1692 2900 1962 2967 exierunt,
2014 2914 2176 2974 atque
2224 2924 2345 2962 cum

778 2975 992 3045 hymnis
1020 2992 1075 3036 et
1117 2983 1370 3041 laudibus
1400 2989 1541 3042 sacri
1571 2994 1816 3059 corporis
1845 2995 2131 3050 brachium
2175 3000 2345 3053 hono-

772 3073 1011 3128 rabiliter
1038 3082 1454 3146 transtulerunt,
1489 3094 1654 3153 atque
1683 3086 1821 3139 intra
1849 3089 1999 3141 urbis
2027 3094 2227 3145 [omnia
2260 3110 2342 3147 re-

772 3175 1024 3219 verenter
1054 3170 1409 3225 collocarunt.
1447 3193 1462 3224 ι

845 3255 930 3311 76.
974 3260 1065 3315 His
1088 3262 1305 3318 additur
1331 3266 1674 3335 beneﬁcium,
1712 3272 1854 3339 quod
1887 3276 2165 3344 accepisse
2200 3294 2347 3333 asse-

774 3348 909 3401 ritnr
948 3351 1302 3424 Lnndulphns
1335 3376 1701 3429 cognomento
1749 3364 1994 3431 Graecus,
2041 3370 2134 3437 qui
2171 3369 2341 3425 Bene-

776 3442 918 3495 venti
951 3459 1169 3501 carcere
1200 3460 1316 3501 erat
1350 3452 1614 3512 recluStts.
1646 3466 1701 3507 et
1728 3458 1982 3509 manibus
2013 3460 2347 3528 pedibusque

775 3529 1010 3585 vinctus.
1050 3534 1182 3587 Dum
1214 3541 1360 3589 enim
1388 3541 1640 3596 audiebat
1669 3546 1884 3599 sonitus
1912 3547 2157 3615 feSIivos,
2194 3552 2352 3607 intel-

776 3616 1079 3693 ligebatque
1107 3642 1201 3682 eos
1237 3630 1323 3683 edi
1371 3631 1440 3686 ob
1470 3633 1693 3689 allatum
1731 3641 1905 3695 sancti
1954 3642 2189 3699 Matthaei
2228 3647 2350 3701 bra-

774 3709 983 3774 chium,
1053 3715 1227 3770 eidem
1280 3734 1470 3775 saneto
1529 3739 1588 3777 se
1637 3730 2063 3791 commendavit,
2122 3745 2176 3785 et
2226 3752 2346 3789 mox

775 3804 956 3855 omnia
994 3805 1205 3860 vincula
1239 3824 1335 3863 sua
1382 3812 1599 3883 dirupta
1639 3816 1790 3881 vidit,
1840 3821 2161 3876 tuirantibus
2205 3840 2349 3878 cun-

778 3890 901 3951 etis,
950 3893 1040 3962 qui
1090 3896 1338 3956 aderant.
1396 3921 1415 3954 ι
1454 3904 1699 3975 Cumque
1748 3909 1850 3965 hoc
1889 3913 2119 3982 principi
2162 3914 2353 3972 fuisset

780 3983 1029 4047 relatum,
1061 3989 1237 4058 inquit
1262 4004 1476 4056 auctor,
1510 4013 1636 4051 eum
1667 4002 1822 4057 ocius
1847 4004 1911 4057 de
1944 4021 2163 4060 carcere
2194 4010 2348 4063 educi

780 4078 1075 4139 mandavit,
1127 4091 1290 4150 atque
1333 4095 1460 4142 ante
1507 4105 1665 4143 suum
1703 4105 2056 4161 conspectum
2104 4101 2297 4156 adduci
2335 4121 2349 4157 :

777 4184 937 4235 quem
985 4174 1199 4240 placitis
1232 4192 1545 4248 correptum
1587 4176 1765 4239 verbis
1792 4203 1893 4241 suo
1923 4192 2210 4246 confestim
2253 4197 2353 4249 ho-

779 4268 894 4315 nori
930 4270 1184 4335 restituit,
1208 4274 1603 4345 pristinatnque
1630 4278 1705 4335 illi
1733 4284 1961 4351 gratiam
1989 4286 2294 4341 redonavit.
2329 4307 2347 4339 ο

778 4352 1051 4412 Hactenus
1071 4372 1260 4415 auctor
1287 4378 1614 4435 anonymus,
1646 4371 1738 4438 qui
1767 4374 2136 4429 verisituilitcr
2166 4377 2352 4433 ﬂoruit

780 4452 980 4503 saeculo
1013 4468 1066 4511 ι.
1123 4469 1245 4509 cum
1283 4457 1420 4512 nihil
1478 4460 1652 4515 tradat
1684 4463 1751 4517 de
1797 4463 1884 4527 iis,
1932 4483 2051 4535 quae
2101 4474 2347 4540 sequenti

2455 605 2561 655 rire
2593 603 2827 670 potuerit
2860 604 2912 656 in
2946 602 3208 667 Lucania,
3247 605 3333 659 ubi
3377 606 3686 672 depositum
3740 606 3938 658 fuerat
3993 607 4045 656 in

2451 693 2681 746 ecclesia
2717 711 2884 764 prope
2944 697 3201 757 Paestum,
3240 695 3511 749 civitatem
3543 696 3750 750 bellicis
3789 696 4049 749 motibus

2452 797 2679 850 prorsus
2709 786 2965 847 dirtttam,
3016 788 3159 839 clare
3216 786 3606 855 perspiciemus
3662 803 3723 839 ex
3768 788 3854 849 iis,
3928 803 4049 853 quae

2451 877 2699 943 sequenti
2735 877 2933 930 szcculo
2961 878 3303 945 contigerunt
3328 878 3380 929 in
3418 878 3531 946 ipsa
3574 878 3797 931 civitate
3849 878 4046 931 Saler-

2452 966 2660 1029 nitana,
2691 967 2779 1020 ubi
2812 968 3061 1021 similiter
3084 968 3257 1035 primo
3294 969 3391 1020 fuit
3420 968 3696 1022 oblivione
3723 971 4039 1036 perditum.

2450 1073 2513 1111 ac
2544 1070 2730 1127 postea
2757 1058 2989 1113 feliciter
3024 1062 3324 1114 inventum.
3360 1061 3626 1113 Baronius
3686 1060 3753 1113 ad
3826 1078 4040 1113 annum

2453 1150 2592 1203 1080
2624 1166 2690 1203 ex
2723 1151 3043 1218 conjectura
3101 1152 3492 1205 verisimillima
3546 1154 3701 1217 dicit,
3764 1154 3835 1206 ob
3896 1158 4039 1205 varia

2451 1243 2715 1297 bellorum
2750 1244 3067 1297 discrimina
3096 1243 3427 1297 occultatum
3462 1244 3649 1307 fuisse,
3706 1254 3785 1306 ct,
3824 1257 3879 1296 nt
3920 1262 4040 1297 crc-

2451 1336 2610 1399 didit,
2642 1352 2705 1390 ex
2768 1337 3047 1390 hominum
3090 1340 3350 1390 memoria
3417 1337 3522 1405 jam
3568 1338 3883 1396 efﬂuxerat.
3949 1338 4036 1390 sed

2454 1426 2571 1480 fere
2596 1428 2768 1480 solum
2795 1427 3011 1496 ignotus
3032 1437 3145 1480 erat
3181 1427 3353 1490 locus,
3375 1428 3461 1481 ubi
3491 1428 3667 1481 fuerat
3690 1429 4034 1496 depositura.

2453 1517 2565 1570 Hoc
2589 1527 2770 1572 autem
2827 1534 2931 1569 non
2958 1532 3081 1570 raro
3110 1519 3336 1586 contigit
3366 1518 3431 1571 de
3466 1518 3587 1571 aliis
3630 1534 3853 1587 quoque
3911 1536 4037 1570 san-

2452 1617 2660 1662 ctorum
2694 1609 3037 1677 corporibus,
3070 1623 3189 1676 qua:
3219 1608 3410 1661 timore
3439 1608 3624 1670 nimio,
3644 1625 3711 1662 ne
3742 1609 4038 1661 auferren-

2455 1711 2541 1754 tur
2580 1717 2607 1753 (ι
2642 1717 2937 1771 quoquam,
2974 1701 3218 1770 deposita
3249 1700 3467 1754 fuerant
3524 1702 3643 1754 loco
3684 1703 3880 1770 paucis
3950 1719 4041 1755 (υς

2453 1794 2622 1861 guito,
2660 1804 2711 1848 et
2734 1796 2813 1849 sic
2830 1804 2925 1848 aut
2950 1795 3120 1848 multo
3153 1804 3395 1864 tempore
3420 1793 3694 1847 latuerunt
3728 1796 4035 1852 autetiamv

2455 1901 2581 1938 num
2612 1886 2800 1940 latent.

2524 1978 2609 2029 78.
2638 1977 2859 2032 Certum
2878 1993 3094 2047 quoque
3116 1988 3218 2041 est,
3242 1988 3485 2048 tempore
3512 1976 3569 2032 S.
3599 1978 3853 2049 Gregorii
3876 1977 4036 2046 Papa:

2453 2066 2537 2121 VII
2575 2069 2853 2121 inventum
2898 2070 3066 2123 fuisse
3090 2069 3299 2122 Salerni
3334 2084 3531 2138 corpus
3557 2072 3732 2125 sancti
3769 2069 4035 2134 Matthxi,

2453 2170 2505 2213 et
2540 2161 2835 2214 secundam
2880 2161 3020 2214 hanc
3078 2176 3197 2215 esse
3263 2162 3633 2215 inventionem
3692 2164 3835 2215 sacri
3890 2165 4037 2216 illius

2456 2254 2698 2306 thesauri
2765 2254 2818 2307 in
2885 2268 3051 2322 regno
3126 2252 3499 2322 Neapolitano,
3574 2254 3701 2307 licet
3762 2254 4035 2309 Marsilitis

2454 2360 2575 2410 cap.
2606 2346 2636 2396 9
2672 2344 2965 2396 secundant
3003 2344 3376 2397 inventionem
3418 2359 3540 2397 cum
3578 2345 3750 2413 prima
3793 2346 4034 2399 confu-

2454 2435 2565 2488 dat.
2607 2436 2819 2487 Annum
2857 2435 3193 2490 inventionis
3250 2437 3504 2491 secundae
3561 2437 3753 2490 nullibi
3789 2439 4039 2508 assigna-

2453 2538 2563 2582 tttm
2598 2529 2833 2583 invenio.
2871 2529 2941 2581 At
2971 2544 3119 2591 cum,
3164 2530 3501 2598 temporibus
3527 2528 3773 2598 Gregorii
3806 2530 3918 2591 VII,
3949 2534 4033 2581 Al.

2450 2620 2613 2690 phani
2633 2619 3026 2687 archiepiscopi
3047 2619 3395 2680 Salernitani,
3424 2630 3479 2672 et
3500 2619 3788 2671 Salernum
3808 2630 4033 2672 tenente

2451 2710 2688 2763 Itoberto
2719 2708 3035 2770 Guiseardo,
3085 2708 3223 2761 facta
3248 2709 3317 2761 sit
3346 2708 3433 2761 illa
3462 2709 3721 2773 inventio,
3750 2713 4039 2779 utrolligit

2450 2817 2512 2855 ex
2552 2802 2747 2855 litteris
2800 2800 3128 2871 Gregoriiad
3166 2802 3477 2869 Alplianum
3516 2819 3639 2857 mox
3704 2805 4032 2869 recitandis,

2451 2910 2559 2947 non
2596 2902 2773 2960 potest
2793 2894 2948 2963 longe
2977 2894 3167 2949 abesse
3196 2895 3265 2948 ab
3293 2910 3443 2948 anno
3474 2896 3630 2960 1080,
3652 2914 3759 2966 quo
3794 2899 4035 2951 refertur

2450 3002 2478 3039 a
2509 2985 2764 3038 Baronio.
2802 2985 2934 3039 Nam
2986 3002 3128 3041 anno
3178 2987 3313 3041 I077
3378 2986 3661 3043 Salernum
3709 3007 3737 3043 a
3791 2991 4037 3045 Rolierto

2451 3079 2751 3133 Guiscardo
2817 3094 3139 3149 occupatum
3215 3081 3487 3135 existimat
3563 3082 3913 3147 Muralorins,
3982 3087 4032 3137 in

2377 3188 2418 3243 ε
2455 3174 2751 3224 Annalibus
2788 3172 2984 3233 Italiw,
3028 3172 3092 3225 ad
3137 3188 3339 3225 annum
3394 3173 3548 3226 1077.
3602 3173 3701 3226 Alii
3758 3175 3823 3226 ad
3896 3175 4036 3228 1075

2452 3274 2546 3316 aut
2595 3264 2730 3317 1076
2766 3265 2913 3318 illius
2964 3266 3199 3318 civitatis
3248 3266 3703 3335 expugnationem
3761 3265 4033 3319 referunt.

2452 3360 2604 3414 Obiit
2633 3374 2815 3413 autem
2875 3361 3127 3413 laudatus
3182 3360 3451 3412 Rohertus
3482 3376 3624 3411 anno
3667 3360 3819 3413 1085.
3854 3361 3936 3412 υιὶ
3986 3374 4035 3413 et

2452 3451 2747 3521 Gregorius
2810 3451 2921 3516 VII,
2987 3454 3095 3506 into
3148 3464 3203 3505 et
3250 3453 3533 3520 Aipltanus
3584 3454 4035 3521 arcltiepiscotius

2453 3544 2757 3597 secundum
2796 3543 3103 3613 Ugltcllum.
3137 3544 3387 3598 Iuventio
3419 3545 3583 3615 igitur
3624 3554 3773 3597 certo
3798 3550 4032 3615 contigit

2455 3638 2594 3690 inter
2624 3653 2824 3690 annum
2865 3639 2995 3691 l075
3023 3650 3075 3692 ct
3113 3640 3273 3700 1085,
3310 3639 3561 3707 ideoque.
3597 3650 3654 3691 ut
3707 3638 4025 3699 minimum,

2454 3741 2672 3784 centum
2715 3741 2771 3783 et
2810 3732 2996 3800 viginti
3032 3734 3191 3787 annis
3234 3744 3354 3801 post
3388 3732 3642 3801 primam,
3676 3742 3727 3783 nt
3763 3730 3916 3782 nulla
3956 3748 4032 3781 ia-

2456 3822 2600 3873 tioue
2630 3836 2752 3874 cum
2773 3823 2863 3875 illa
2888 3824 3150 3876 confundi
3187 3826 3383 3878 valeat.
3420 3825 3583 3877 ltecte
3646 3824 3807 3892 igitur
3838 3826 4035 3878 ambas

2455 3916 2802 3973 inventiones
2836 3914 3126 3986 distinguit
3156 3914 3362 3984 Gaspar
3394 3914 3572 3967 Musca
3611 3917 3661 3965 in
3694 3914 4034 3981 Compendm

2453 4010 2519 4063 de
2556 4010 2675 4064 Vita
2742 4022 2796 4066 et
2846 4008 3301 4064 translationibus
3358 4006 3531 4061 sancti
3580 4004 3817 4058 Mattha'i
3861 4017 3921 4059 et
3984 4009 4031 4058 in

2454 4104 2889 4172 archiepiscopis
2919 4101 3308 4156 Salernitanis.

2528 4196 2614 4247 79.
2643 4194 2880 4260 Epistula
2908 4191 2966 4244 S.
2995 4191 3242 4260 Gregorii
3292 4189 3404 4253 VII,
3448 4204 3509 4242 ex
3570 4204 3673 4257 qua
3720 4188 3831 4257 jam
3889 4190 4029 4243 dicta

2456 4286 2808 4353 colliguntur,
2844 4283 2990 4351 apud
3021 4280 3312 4334 Baronium
3354 4281 3419 4331 ad
3452 4294 3654 4331 annum
3697 4280 3833 4331 1080
3898 4282 4032 4333 reci-

2460 4385 2606 4430 tatur
2639 4375 2741 4428 hoc
2796 4374 2957 4427 modo
3012 4387 3025 4425 :
3073 4389 3092 4422 ι
3154 4369 3451 4442 Gregorius
3501 4368 3795 4437 episcopus
3843 4385 4030 4423 servus

2459 4482 2742 4522 servorum
2775 4465 2867 4519 Dei
2894 4464 3051 4519 fratri
3082 4474 3137 4519 et
3171 4464 3502 4533 coepiscopo
3535 4460 3894 4516 Salernitano
3935 4464 4026 4514 Δι-

780 4542 979 4596 steculo
1012 4546 1148 4600 facta
1178 4549 1519 4617 videbimus;
1550 4553 1660 4607 imo
1697 4556 2055 4612 vehementer
2084 4537 2349 4631 suspicor,
2383 4537 2427 4593 D
2460 4565 2638 4633 phano
2660 4562 2890 4615 salutem
2932 4568 2988 4612 et
3021 4558 3377 4626 apostolicam
3438 4554 3909 4608 benedictionem.
3944 4554 4025 4606 Di-

778 4646 885 4685 non
925 4636 1090 4689 alium
1124 4653 1246 4693 esse
1287 4643 1354 4695 ab
1384 4656 1656 4713 anonymo
1697 4645 2065 4713 Salernitano,
2100 4655 2191 4722 qui
2229 4671 2352 4709 ver-

780 4721 864 4775 bis
898 4741 1050 4778 num.
1085 4726 1154 4782 65
1183 4729 1324 4784 datis
1366 4738 1435 4787 de
1470 4734 1619 4790 hisce
1662 4739 1886 4795 uberius
1934 4759 1991 4801 se
2022 4721 2348 4815 scripturum

781 4828 1053 4880 promisit.

776 4970 805 5041 §
840 4973 921 5028 Vl.
952 4975 1150 5050 Corpus
1178 4981 1366 5034 iterum
1410 4985 1671 5038 inventum
1700 4986 1936 5049 Salerni.
1972 5002 2019 5043 et
2049 4998 2118 5046 ad
2168 5013 2351 5050 novam

890 5048 1163 5102 ecclesiam
1191 5054 1530 5108 translatum.
1576 5055 1733 5110 Varia
1762 5048 1946 5113 Sancti
1976 5066 2236 5132 beneﬁcia.

862 5187 954 5240 77.
983 5187 1301 5258 Quanquam
1337 5208 1445 5245 non
1489 5194 1620 5248 satis
1658 5196 1927 5255 novimus.
1956 5216 2063 5266 quo
2116 5211 2354 5270 tempore

785 5287 880 5333 aut
907 5279 1064 5347 cujus
1086 5297 1247 5347 opera
1278 5300 1475 5354 corpus
1507 5286 1686 5341 sancti
1714 5287 1948 5344 Matthaei
1983 5294 2032 5343 in
2061 5293 2352 5349 Lucaniam

786 5369 955 5424 fuerit
998 5370 1264 5436 delatum,
1308 5376 1435 5430 illud
1494 5385 1671 5432 tamen
1710 5380 1909 5434 ibidem
1960 5396 2103 5435 anno
2137 5383 2241 5435 954
2275 5384 2355 5435 in-

788 5474 1036 5527 ventum,
1069 5477 1124 5520 et
1176 5468 1463 5521 Salernum
1496 5485 1661 5541 Opera
1714 5471 1963 5543 Gisulphi
2013 5476 2273 5543 principis
2304 5488 2357 5530 et

783 5556 1078 5613 Bernardis
1108 5562 1349 5630 episcopi
1370 5561 1695 5617 Salernitani
1720 5566 2036 5619 translatum
2058 5570 2355 5636 scriptores

786 5661 1057 5706 testantur
1096 5662 1202 5705 tam
1255 5654 1485 5722 antiqui,
1516 5655 1773 5709 nimirum
1816 5658 2133 5728 Anonymus
2178 5663 2357 5713 Saler-

787 5745 1025 5807 nitanus,
1056 5747 1147 5814 qui
1182 5748 1291 5802 fere
1328 5750 1518 5803 eodem
1573 5752 1770 5806 vixisse
1828 5762 2069 5823 tempore
2121 5756 2351 5818 videtur,

787 5848 837 5891 et
880 5836 985 5891 Leo
1018 5838 1302 5907 Ostiensis,
1366 5852 1423 5897 ut
1454 5842 1611 5896 ﬁdem
1642 5844 1707 5899 iis
1744 5860 1941 5916 negare
1996 5864 2347 5917 nequeamus.

2457 4653 2595 4705 viiia:
2626 4650 2843 4720 pietatis
2874 4647 3145 4717 respectui
3183 4647 3384 4715 gratias
3416 4646 3666 4713 ingentes
3716 4647 4025 4701 referimus.

2454 4743 2613 4812 cuius
2652 4739 2897 4811 dignatio
2930 4739 3249 4793 thesaurum
3291 4750 3548 4805 magnum
3575 4736 3787 4799 totique
3831 4743 4025 4792 mundo

2454 4836 2801 4906 profuturum
2838 4835 3040 4887 nostris
3078 4831 3416 4900 temporibus
3461 4830 3894 4884 misericorditer
3949 4848 4027 4883 re-

2455 4930 2675 4984 velavit.
2728 4926 2843 4982 Non
2872 4926 3146 4980 immerito
3177 4935 3284 4977 tua:
3329 4936 3549 4991 quoque
3579 4922 3865 4975 dilectioni
3904 4940 4022 4989 gn-

2456 5024 2712 5083 tulamur,
2740 5035 2861 5088 qua:
2894 5026 3055 5071 tanta:
3078 5015 3281 5068 Iretitiaa
3310 5014 3525 5068 ecrlitus
3571 5028 3762 5066 revera
3805 5026 4023 5067 ostensa:

2459 5113 2753 5181 participes
2789 5126 2887 5164 nos
2941 5110 3157 5163 efﬁcere
3189 5108 3421 5162 sollicite
3472 5108 3817 5177 procuravit.
3847 5108 4021 5161 Credi-

2459 5220 2579 5257 mus
2612 5203 2880 5273 siquidem
2930 5210 2985 5256 et
3015 5202 3396 5254 incunctanter
3424 5199 3744 5260 asserimus,
3798 5199 3867 5252 de
3896 5202 4016 5251 tanti

2457 5296 2701 5364 corporis
2740 5293 3054 5348 inventione
3088 5308 3195 5345 non
3229 5293 3402 5345 solum
3436 5291 3615 5359 ipsum
3648 5290 3870 5344 beatum
3897 5292 4019 5343 Mat-

2461 5391 2658 5443 tha:um
2685 5388 3014 5457 apostolum,
3052 5401 3241 5438 verum
3276 5384 3439 5438 etiam
3483 5393 3713 5437 cazteros
3740 5396 4017 5453 coaposto-

2459 5481 2539 5534 los
2563 5497 2685 5534 cum
2714 5480 2934 5533 Sanctis
2964 5478 3221 5529 omnibus
3264 5476 3505 5544 ipsisque
3555 5475 3874 5527 cmlostibus
3904 5477 4016 5541 spi-

2464 5574 2681 5636 ritibus,
2707 5582 2759 5624 et
2790 5570 3023 5641 gloriosa
3060 5569 3151 5621 Dei
3175 5568 3450 5621 Genitrice
3485 5566 3673 5627 Maria,
3707 5568 4015 5619 mortalibus

2463 5666 2829 5732 cottgaudere.
2868 5672 3027 5729 atque
3057 5660 3297 5729 ipsorum
3343 5658 3586 5710 onmium
3644 5659 3826 5710 studia
3886 5658 4015 5709 circa

2464 5758 2759 5809 humanum
2796 5770 2965 5825 genus
3005 5755 3103 5805 hoc
3153 5763 3419 5821 tempore,
3452 5767 3611 5819 quam
3662 5751 3805 5811 aliis,
3860 5750 4016 5801 multo

2465 5849 2816 5919 pr0pen5iora
2884 5846 3222 5915 multumque
3314 5859 3433 5898 esse
3529 5843 3902 5899 uberautiora.
3965 5840 4011 5893 Si
