4188 6436
158 429 269 492 797

158 541 311 598 enim
390 541 598 596 ceteris
670 542 1008 611 temporibus

160 635 394 692 trocinia
446 636 533 705 pia
590 649 698 688 non
751 635 1045 700 deserunt;
1100 634 1406 690 certissime
1472 640 1608 715 tunc
1646 646 1745 699 po-

161 729 435 783 tissimum
469 728 738 796 speranda
770 736 899 781 sunt
934 741 1124 781 eorum
1181 726 1404 788 auxilia,
1449 739 1577 779 eum
1614 738 1748 776 san-

158 820 412 876 ctissima
445 835 635 874 eorum
661 834 891 888 corpora
923 819 1081 874 nobis
1114 820 1270 887 quasi
1301 817 1545 872 rediviva
1564 817 1751 870 divino

162 924 305 966 nutu
347 912 801 966 manifestantur:
832 923 888 966 et
926 913 1068 966 sicut
1092 928 1191 982 per
1222 912 1471 981 corporei
1493 918 1752 979 aspectus

163 1004 431 1058 intuitum
485 1014 743 1073 tanquam
802 1003 935 1058 ﬁdes
1002 1004 1274 1069 cernitur,
1331 1017 1458 1071 spes
1507 1004 1618 1073 jam
1672 1014 1754 1056 te-

163 1107 371 1161 netur;
429 1097 500 1149 ita
548 1112 738 1151 eorum
812 1095 1076 1150 beneﬁcia
1136 1104 1267 1150 tunc
1339 1110 1466 1164 erga
1525 1095 1750 1149 devotos

164 1192 444 1253 renovari,
493 1190 827 1258 uberiusque
882 1190 1192 1243 redundare
1260 1187 1594 1242 credendum
1641 1199 1748 1243 eat.

166 1281 323 1336 Unde
383 1282 546 1336 etiam
607 1292 797 1336 sancta
855 1282 1183 1336 universalis
1233 1280 1496 1341 Ecclesia.
1539 1281 1743 1334 dudum

165 1373 382 1441 magnis
409 1371 716 1428 turbinibus
750 1370 1021 1440 variisque
1050 1371 1306 1439 procellis
1337 1370 1595 1440 impulsa,
1630 1369 1745 1423 cla-

169 1480 379 1519 morem
404 1479 562 1518 suum
594 1480 623 1518 a
656 1464 1227 1519 Domino'exauditum
1254 1480 1361 1519 non
1393 1462 1626 1528 dubitet,
1649 1464 1745 1519 sed

165 1559 233 1611 ad
267 1557 437 1627 quieti
471 1556 670 1611 littoris
703 1558 1056 1611 securitatem
1088 1559 1300 1612 alacres
1356 1558 1548 1613 oculos
1610 1572 1641 1611 e
1671 1557 1749 1612 vi-

163 1650 293 1704 cino
328 1651 640 1712 intendens,
669 1650 811 1704 beati
846 1650 1081 1705 Mattbazi
1149 1652 1379 1721 apostoli
1431 1651 1746 1721 prasidium

160 1743 316 1812 juxta
355 1744 793 1812 contempletur:
824 1745 1083 1813 quoniam
1117 1745 1227 1811 jam
1266 1759 1413 1799 nunc
1442 1758 1551 1797 non
1586 1743 1749 1798 dubie

161 1835 276 1903 agit
317 1836 370 1888 in
402 1844 582 1905 portu,
612 1837 695 1889 cui
732 1851 881 1888 suam
914 1838 1258 1904 prazsentiam
1286 1836 1525 1890 ostendit
1546 1836 1747 1906 guber-

1458 428 1627 487 Vl'l‘A
1671 428 1732 487 S.
1771 429 2157 488 ΜΑΤἸἮᾹΞΙ.

1106 552 1419 596 sanctorum
1504 556 1606 593 nos
1657 554 1749 608 pa-
1783 546 1825 599 Α
1858 541 2047 593 venire
2076 555 2139 594 ac
2174 539 2365 609 primis
2397 539 2653 607 \‘esperis
2682 553 2781 593 nec
2817 553 2925 594 non
2957 537 3139 592 misse
3201 537 3432 593 solemni

3323 424 3428 491 798

1858 633 2260 703 pontiﬁcalibus
2319 633 2494 686 induti
2551 636 2835 694 interesse,
2922 641 3068 685 certa
3154 631 3433 700 proposita

1857 741 2013 795 pwna
2047 736 2327 780 teneatur.
2367 724 2525 790 Quod
2560 726 2756 780 etsine
2786 724 3211 792 .intcrmissione
3241 725 3435 779 hacte-

1859 833 1964 871 nus
1991 817 2411 885 diligentissime
2446 826 2721 871 scrvatum
2754 826 2863 879 est,
2898 826 2953 871 et
2982 816 3203 870 assidue
3246 830 3435 870 serva-

1857 922 1964 967 tur.
2013 933 2029 963 ι
2063 911 2187 966 Post
2213 911 2327 965 hmc
2363 911 2617 965 laudatus
2646 921 2839 964 auctor
2870 912 3049 976 vergit
3103 910 3168 964 ad
3221 909 3433 964 descri-

1857 1004 2099 1074 ptionem
2124 1002 2363 1073 regionis
2402 1002 2831 1064 Picentinorum,
2860 1012 2914 1054 et
2944 1000 3096 1055 urbis
3134 999 3435 1053 Salernita—

1855 1108 1961 1159 nar,
2000 1109 2120 1163 quae
2142 1094 2261 1162 ejus
2288 1101 2369 1146 est
2405 1091 2725 1161 tnetrOpolis
2759 1093 2824 1145 ad
2884 1105 3033 1145 mare
3086 1088 3432 1160 Tyrrhenum

1854 1194 1907 1237 et
1942 1184 2124 1236 sinum
2171 1183 2580 1236 Salernitanum
2633 1182 2755 1235 sita.
2809 1180 2945 1234 Tum
3012 1178 3273 1247 templum
3317 1178 3433 1247 jam

1850 1276 2083 1336 dictum,
2115 1274 2264 1343 quod
2312 1273 2793 1343 metropolitanum
2837 1280 2941 1334 est,
2998 1271 3105 1324 late
3150 1268 3431 1331 describit,

1852 1367 2096 1436 illudque
2121 1367 2342 1420 aitesse
2391 1363 2744 1435 longitudinis
2794 1378 3053 1434 passuum
3116 1361 3434 1432 nonaginta,

1853 1458 2157 1515 latitudinis
2213 1472 2343 1513 vero
2402 1457 2647 1527 triginta,
2686 1466 2740 1510 et
2785 1456 2947 1526 justae
3007 1454 3199 1509 itidem
3250 1452 3436 1507 altitu-

1854 1555 2019 1610 (linis.

1925 1648 2014 1703 81.
2047 1648 2303 1719 Gryptam
2334 1648 2520 1719 templi
2562 1648 3007 1707 subterraneam,
3037 1644 3093 1698 in
3128 1656 3231 1711 qua
3260 1640 3434 1709 depo-

1853 1742 2016 1796 situm
2050 1752 2132 1797 est
2160 1758 2360 1811 corpus
2414 1741 2589 1797 sancti
2630 1740 2888 1803 blatthaai,
2946 1736 3196 1793 similiter
3228 1734 3435 1788 descri-

1852 1835 1953 1899 bit,
1986 1834 2128 1889 etde
2152 1849 2384 1904 corpore
2406 1834 2477 1887 ibi
2509 1834 2821 1890 servatoita
2881 1829 3143 1899 loquitur,
3178 1841 3298 1895 pag.
3340 1824 3427 1877 80:

163 1939 327 1983 nator
356 1926 637 1994 antiquus.
667 1924 1014 1995 Quapropter
1042 1927 1108 1981 de
1140 1927 1273 1981 tanti
1312 1928 1556 1981 thesauri
1588 1944 1742 1983 reve-
1781 1922 1818 1976 ll
1855 1947 1875 1980 ι
1913 1926 2019 1981 Sed
2062 1915 2208 1995 quod
2258 1936 2342 1978 est
2374 1926 2427 1978 in
2460 1926 2573 1993 ipsa
2610 1932 2795 1992 crypta
2840 1918 3227 1978 venerabilius,
3264 1924 3319 1968 et
3366 1928 3429 1966 ex

162 2020 373 2073 latione
406 2030 500 2073 tua
543 2018 855 2074 fraternitas
896 2021 1129 2075 exsultet
1159 2024 1210 2074 in
1247 2020 1495 2085 Domino,
1532 2033 1587 2076 et
1621 2023 1747 2076 bea-

165 2111 416 2166 tissimas
482 2110 743 2181 reliquias
783 2113 981 2167 debita:
1032 2114 1405 2169 venerationis
1463 2115 1747 2184 obsequiis

164 2204 353 2274 dignis
413 2205 771 2273 amplectens,
815 2206 1115 2276 gloriosum
1178 2206 1372 2261 ducetn
1424 2205 1744 2273 Robertnm,

165 2295 872 2367 ipsiusquenobiliSsimam
926 2299 1210 2368 conjugem
1262 2300 1510 2354 hortetur
1544 2310 1599 2355 et
1630 2318 1747 2355 mo-

168 2396 318 2449 neat,
361 2397 636 2454 quatenus
706 2397 811 2440 tam
871 2389 1070 2458 insigni
1123 2400 1372 2457 patrono,
1424 2393 1511 2459 qui
1571 2408 1627 2447 se
1671 2395 1749 2449 eis

166 2482 550 2534 demonstrare
575 2480 826 2549 dignatus
853 2488 957 2546 est,
990 2483 1349 2535 reverentiam
1394 2493 1450 2537 et
1483 2484 1745 2540 honorem

167 2571 799 2637 decenterexhibentes,
860 2572 1031 2643 ipsius
1096 2575 1326 2644 gratiam
1382 2584 1439 2629 et
1486 2577 1745 2630 auxilium

169 2667 276 2720 sibi
313 2665 540 2736 suisque
573 2669 872 2736 promereri
924 2666 1137 2721 nisibus
1185 2684 1411 2722 summm
1444 2669 1748 2725 devotionis

169 2759 532 2813 contendant.
599 2760 717 2813 Dat.
747 2759 932 2815 Romre
989 2777 1084 2814 xm
1122 2760 1241 2817 Kal.
1280 2759 1473 2816 Octob.
1511 2781 1529 2813 ›
1556 2762 1752 2817 Hacte-

169 2867 276 2905 nus
311 2849 625 2920 Gregorius,
686 2851 842 2920 cujus
897 2851 1137 2920 Epistola
1199 2850 1600 2921 procul'dubio
1628 2855 1749 2907 data

166 2952 273 3001 est.
319 2949 604 3010 postquam
656 2956 845 3010 pacem
906 2942 1103 2996 inierat
1157 2958 1281 2997 cum
1336 2944 1577 2999 Roberto
1621 2946 1752 3001 Gui-

168 3032 390 3097 scardo,
424 3033 566 3102 quod
602 3034 800 3087 factum
828 3043 908 3089 est
933 3050 1079 3090 anno
1134 3034 1292 3101 1078,
1325 3046 1383 3090 ιιι
1416 3038 1631 3093 ostendi
1685 3040 1750 3094 ad

170 3128 239 3181 16
273 3126 616 3195 Septembris
650 3127 701 3179 in
739 3126 799 3180 B.
842 3125 1064 3182 Victore
1124 3129 1214 3191 ill,
1241 3129 1266 3200 §
1294 3131 1354 3196 8,
1384 3146 1508 3185 cum
1574 3133 1751 3188 hono-

170 3218 384 3273 riﬁcam
451 3216 519 3271 de
572 3216 813 3271 Robcrto
863 3216 1028 3269 faciat
1094 3220 1454 3270 mentionem.
1514 3216 1749 3271 Rursum

168 3310 375 3381 scripta
402 3320 550 3364 certo
566 3318 649 3363 est
681 3309 907 3376 epistola
938 3308 1206 3378 Gregorii,
1257 3318 1550 3378 antequam
1577 3310 1750 3364 Roma

171 3419 326 3458 anno
361 3402 501 3456 1084
545 3401 871 3463 discederet,
904 3412 957 3455 et
984 3404 1356 3459 verisimiliter
1395 3414 1522 3457 ante
1561 3403 1753 3458 condi-

174 3508 285 3549 tam
320 3511 349 3547 a
377 3493 623 3548 Roberto
667 3496 844 3549 sancti
908 3495 1142 3551 Matthazi
1180 3497 1490 3561 ecclesiam,
1534 3496 1601 3551 de
1646 3513 1751 3565 qua

173 3603 300 3643 mox
341 3603 518 3660 agam,
556 3596 614 3643 ut
655 3604 882 3643 necesse
910 3591 1002 3651 sit,
1041 3599 1147 3643 tam
1174 3590 1749 3656 inventionem,quam

170 3680 529 3751 scriptionem
570 3681 819 3749 Epistolaa
848 3679 1095 3749 Gregorii
1144 3680 1310 3748 ﬁgere
1339 3681 1484 3734 circa
1545 3694 1750 3733 annum

172 3775 317 3829 1080
350 3791 362 3827 :
396 3774 497 3827 hoc
533 3773 677 3827 enim
739 3773 856 3843 ipso
921 3787 1064 3827 anno
1117 3773 1428 3844 contigerit,
1487 3784 1581 3830 aut
1643 3791 1752 3829 uno

171 3867 416 3919 alterove
439 3878 583 3917 anno
616 3864 779 3919 citius
818 3875 910 3919 aut
934 3866 1132 3919 serius.

247 3956 338 4011 80.
376 3956 450 4010 De
484 3967 800 4012 constructo
833 3958 1007 4009 sancti
1064 3956 1302 4010 Matthxi
1366 3960 1567 4027 templo
1632 3971 1752 4027 post

170 4059 545 4118 expugnatum
567 4049 852 4101 Salernum
873 4048 925 4101 in
950 4046 1204 4103 Chronico
1223 4048 1503 4104 Casinensi
1552 4051 1644 4104 lib.
1669 4070 1749 4116 ιιι,

173 4156 300 4209 cap.
341 4141 430 4202 45,
459 4142 722 4211 leguntur
746 4142 1029 4211 sequentia
1062 4158 1076 4195 :
1113 4161 1131 4192 ι
1173 4142 1407 4196 Civitate
1424 4153 1606 4197 autem
1654 4161 1753 4213 po-

176 4234 294 4297 tita,
340 4234 608 4290 Robertus
650 4236 939 4293 ecclesiam
973 4235 1145 4289 sancti
1211 4235 1443 4304 apostoli
1484 4248 1538 4289 et
1584 4252 1749 4290 evan-

173 4325 381 4397 gelista:
404 4325 637 4381 Matthxi
678 4326 810 4380 inibi
839 4327 1290 4395 construijussit,
1331 4328 1385 4381 iu
1438 4343 1544 4396 qua
1588 4329 1750 4379 etiam

173 4435 395 4474 sacrum
446 4420 696 4490 ejusdem
736 4420 967 4489 apostoli
1013 4435 1213 4490 corpus
1261 4434 1469 4474 summa
1501 4434 1623 4471 cntn
1656 4434 1750 4472 ve-

174 4512 457 4567 neratione
486 4512 709 4574 locavit,
743 4527 804 4567 os
827 4514 1100 4581 integrum
1138 4514 1348 4567 brachii
1380 4513 1522 4579 ejus,
1552 4528 1750 4583 argen-

1850 2018 1981 2073 orbe
2014 2026 2125 2071 toto
2156 2014 2499 2071 Christianos
2528 2014 2780 2068 homines
2804 2010 2974 2064 allicit
3006 2026 3019 2071 ;
3051 2007 3287 2078 quiescit
3326 2005 3430 2058 ibi-

1853 2111 1976 2165 dem
2014 2109 2423 2164 sanctissimum
2448 2116 2503 2162 et
2537 2105 2993 2179 gloriosissimum
3025 2101 3265 2156 Matthaei
3294 2114 3431 2167 apo-

1849 2205 1970 2258 stoli
2010 2215 2063 2257 et
2094 2204 2441 2271 evangelista:
2483 2217 2684 2271 corpus
2726 2197 3133 2269 religiosissime
3197 2194 3432 2249 colloca-

1852 2305 1963 2350 tum
2002 2314 2015 2349 :
2054 2294 2323 2364 siquidem
2379 2295 2704 2362 quadratum
2764 2299 2847 2345 est
2901 2291 2955 2343 in
3014 2288 3193 2344 media
3246 2292 3432 2356 crypta

1851 2391 2107 2460 spatium,
2137 2388 2282 2459 quod
2324 2387 2521 2457 lapidei
2586 2384 2978 2454 cancellatique
3010 2382 3248 2453 parietes
3278 2379 3430 2433 bicu-

1853 2481 2049 2535 bitoles
2088 2482 2337 2536 ambiunt
2360 2482 2425 2535 ad
2464 2480 2621 2534 ulnas
2654 2496 2718 2533 ex
2739 2478 2887 2534 omni
2915 2477 3083 2531 latere
3120 2472 3433 2535 duodecim,

1851 2589 1960 2641 quo
1991 2575 2158 2626 veluti
2191 2584 2346 2641 septo
2387 2574 2558 2627 altare
2582 2574 2820 2642 cingitur
2850 2570 3307 2627 vetustissimum,
3329 2564 3432 2618 sub

1851 2680 1958 2735 quo
1997 2664 2289 2718 thesaurus
2325 2664 2414 2718 ille
2452 2666 2727 2733 repositus
2754 2672 2859 2725 est,
2891 2664 2964 2715 ita
3018 2671 3075 2715 ut
3108 2661 3262 2715 locus
3310 2660 3431 2728 ipse

1852 2773 1949 2828 per
1978 2757 2186 2811 ferreos
2218 2756 2493 2812 cancellos
2522 2754 2811 2811 commode
2835 2754 3003 2808 videri
3043 2753 3233 2823 possit.
3257 2750 3431 2805 Tanta

1854 2850 1956 2904 fuit
1987 2861 2166 2905 autem
2193 2850 2322 2904 olim
2354 2859 2407 2903 et
2436 2859 2518 2903 est
2554 2848 2718 2903 hodie
2744 2862 2961 2917 quoque
3007 2845 3293 2901 celebritas
3323 2844 3431 2898 loci

1854 2942 2035 3011 hujus,
2066 2952 2125 2994 ut
2153 2957 2260 2994 non
2320 2940 2650 2995 Salernitani
2691 2940 2873 3003 modo,
2906 2940 3001 2993 sed
3028 2937 3272 2991 omnium
3325 2935 3433 2991 cir-

1854 3048 2203 3104 cumquaque
2235 3032 2639 3103 provinciarum
2692 3033 2883 3087 incola:
2937 3032 3157 3086 assidue
3196 3047 3434 3085 concur-

1858 3138 2024 3192 rant;
2057 3130 2165 3181 imo
2226 3140 2359 3181 vero
2384 3134 2441 3179 et
2472 3124 2858 3180 remmissimte
2889 3136 3109 3192 quoque
3143 3131 3333 3192 gentes
3367 3135 3432 3175 ex

1856 3217 2075 3289 Europa
2105 3229 2216 3274 tota
2251 3220 2571 3289 frequenter
2598 3218 2900 3284 conﬂuant,
2937 3226 2992 3272 et
3018 3226 3128 3271 tam
3156 3216 3436 3288 ingentem

1857 3309 2057 3363 visura:
2105 3310 2519 3372 beatitudinem,
2569 3321 2622 3364 et
2661 3328 2689 3364 a
2726 3311 2832 3364 Deo
2862 3309 3095 3363 Domino
3155 3326 3221 3364 ex
3273 3311 3437 3376 hujus

1856 3401 2083 3472 apostoli
2119 3402 2328 3458 meritis
2379 3404 2629 3473 petiturae
2677 3402 2920 3465 divitias,
2976 3402 3268 3467 honorem,
3306 3403 3435 3456 vita:

1858 3497 2307 3561 diuturnitatem,
2358 3508 2596 3568 optatam
2629 3498 2867 3568 denique
2903 3497 3217 3553 felicitatem
3242 3498 3297 3551 in
3333 3497 3436 3551 hoc

1857 3588 2079 3649 sa‘culo,
2109 3597 2161 3639 et
2189 3589 2483 3656 (praecipue
2509 3589 2754 3655 quidem,
2803 3590 2849 3642 si
2914 3593 3156 3659 sapiunt,
3204 3588 3434 3658 gratiam

1858 3676 1968 3733 Deo
1993 3678 2137 3733 bene
2163 3679 2458 3746 serviendi,
2486 3680 2903 3750 obtinendique)
2930 3683 3155 3752 gloriam
3179 3684 3233 3736 iu
3252 3682 3438 3736 futuro

1856 3781 2200 3841 perpetuam.
2237 3775 2554 3841 Augctcum
2578 3772 2936 3829 admiratione
2962 3774 3219 3843 pietatem
3252 3774 3437 3843 liquor

1858 3866 2132 3931 pretiosus
2172 3873 2474 3919 ctsanctns
2515 3864 2736 3934 (matma
2794 3868 2954 3937 vulgo
2988 3868 3205 3936 dicitur)
3254 3870 3342 3935 qui
3370 3884 3435 3919 ex

1857 3956 2171 4011 beatissimo
2213 3973 2440 4027 corpore
2475 3970 2680 4024 manat,
2718 3959 2784 4014 ad
2811 3961 2948 4013 mala
3011 3962 3193 4014 omnia
3222 3963 3435 4030 propel-

1857 4047 2012 4101 lenda
2085 4048 2368 4103 antidotus
2454 4050 2903 4118 praesentissima,
2971 4052 3433 4120 quemadmodum

1854 4137 2109 4206 frequens
2140 4141 2324 4192 dueuit
2384 4142 2721 4208 experientia
2783 4143 3017 4212 plurium
3088 4144 3435 4199 seculorum.

1857 4227 1983 4284 Hzec
2016 4231 2082 4284 de
2112 4246 2265 4285 saera
2292 4234 2538 4301 corporis
2572 4236 2865 4289 novissima
2891 4237 3248 4290 translatione
3283 4238 3432 4291 Suni—

1858 4326 2030 4388 ciant,
2078 4343 2095 4374 ι
2159 4325 2338 4394 inquit
2393 4336 2606 4391 auctor,
2666 4327 2758 4396 qui
2821 4328 3015 4381 transit
3058 4329 3122 4380 ad
3174 4329 3432 4382 miraCuIa

1855 4418 2103 4487 qnazdam
2162 4420 2510 4487 exponenda.
2561 4422 2629 4474 At
2702 4422 2988 4476 nonnullla
3055 4439 3121 4486 ex
3171 4421 3275 4477 illis
3321 4423 3430 4492 jam

1855 4511 2103 4578 exposui,
2129 4507 2230 4563 alia
2255 4512 2499 4579 quasdam
2536 4514 2602 4566 ad
2632 4513 2770 4567 alios
2802 4514 2983 4583 pOtins
3002 4524 3245 4579 sanctos,
3270 4530 3431 4585 quam

174 4616 261 4661 tea
296 4606 454 4659 theca
489 4605 835 4660 reconditum
868 4606 934 4660 ad
961 4621 1114 4660 suam
1138 4605 1484 4675 ﬁliorumque
1520 4609 1744 4662 tutelam
1783 4616 1825 4671 ι)
1854 4603 1919 4655 ad
1957 4613 2207 4659 sanctum
2247 4602 2557 4657 Manlianum
2612 4618 2857 4674 spectare
2889 4606 3161 4659 videntur.
3186 4608 3433 4674 Quapro-

174 4711 487 4752 reservans.
524 4715 544 4748 ι
582 4696 656 4751 De
676 4696 840 4766 hujus
874 4698 1119 4753 ecclesiae
1170 4700 1583 4755 constructione
1630 4703 1751 4755 illuv

175 4790 484 4844 strissimus
521 4790 815 4854 Marsilius,
842 4806 965 4861 cap.
1001 4791 1055 4858 9,
1084 4808 1211 4863 pag.
1257 4792 1349 4859 Ἠ,
1388 4793 1491 4847 ista
1523 4794 1749 4848 scribit:

179 4899 197 4930 ι
241 4880 525 4951 Regnante
560 4883 725 4952 igitur
756 4882 1001 4939 Roberto
1046 4885 1371 4953 Guiscardo,
1430 4902 1493 4941 ac
1525 4890 1753 4943 sedente

174 4971 443 5042 Gregorio
473 4974 578 5037 Vll,
628 4977 846 5046 triginta
879 4979 1101 5032 circiter
1140 4982 1268 5031 anni
1305 4982 1374 5034 ab
1434 4981 1752 5035 inventione

176 5067 509 5121 transierant
540 5068 674 5137 (imo
701 5080 923 5123 centum
952 5080 1007 5125 et
1035 5071 1254 5125 circiter
1286 5074 1475 5141 viginti
1509 5074 1752 5142 quinque

175 5161 244 5213 ab
274 5150 593 5217 inventione
627 5163 737 5225 illa,
784 5163 853 5216 de
904 5180 1011 5232 qua
1073 5166 1334 5234 loquitur,
1398 5166 1453 5220 in
1510 5169 1753 5237 partibus

177 5250 453 5323 Lucaniae)
484 5256 1087 5324 magnilicentissitmnn
1130 5259 1392 5328 templum
1425 5260 1551 5314 divo
1619 5277 1752 5329 apo-

177 5346 317 5400 stolo
348 5349 691 5402 construitur
712 5366 833 5403 aera:
868 5349 1038 5419 ipsius
1090 5348 1312 5406 Robcrti
1379 5352 1661 5421 peculiari,
1700 5355 1751 5406 in

178 5452 288 5508 quo
332 5456 430 5508 per
452 5454 652 5495 novam
672 5442 835 5496 veluti
872 5444 1289 5501 translationem
1315 5461 1485 5501 sacrae
1511 5448 1753 5516 reliquiae

177 5532 395 5587 demum
424 5537 674 5605 reposita:
704 5548 852 5603 sunt,
885 5550 941 5594 et
1000 5540 1163 5595 hodie
1197 5557 1415 5610 quoque
1464 5543 1755 5613 religiosis-

177 5625 316 5679 sime
381 5637 756 5692 asservantur,
826 5640 881 5684 et
930 5631 1159 5700 singulis
1222 5632 1528 5701 quibusque
1596 5635 1753 5687 annis

178 5715 353 5785 pridie
386 5712 568 5770 Nonas
594 5719 713 5774 Maii
751 5719 949 5775 festum
988 5723 1160 5791 ipsius
1185 5725 1384 5777 divina:
1441 5729 1751 5779 translatio-

177 5810 265 5862 nis
295 5809 613 5864 solemniter
661 5814 999 5879 celebratur,
1059 5832 1169 5884 quo
1231 5820 1409 5871 clerus
1448 5820 1749 5881 uniuersus,

179 5897 427 5969 abbates,
465 5912 520 5959 et
547 5906 1041 5975 comprovinciales
1106 5908 1348 5980 episcopi
1400 5927 1588 5966 omnes
1622 5928 1750 5965 con-

1858 4708 1979 4766 ptcr
2027 4712 2087 4748 ea
2129 4707 2339 4749 tantum
2402 4698 2505 4750 huc
2548 4698 2776 4755 traduco
2847 4700 3104 4765 breviter,
3166 4713 3437 4770 quatenus

1858 4789 2032 4843 Saucti
2069 4788 2636 4859 Matthwipatrociuio
2670 4792 2974 4862 prudenter
3016 4795 3253 4849 adscribi
3311 4812 3438 4865 pos-

1859 4893 2012 4938 sunt.

1928 4980 2016 5033 82.
2044 4978 2197 5034 Mitto
2228 4980 2391 5050 igitur
2416 4998 2556 5050 quae,
2628 4997 2749 5050 cap.
2795 4983 2879 5048 ll,
2943 4982 3113 5038 refert
3159 4981 3435 5039 Marsilius

1856 5072 1922 5124 de.
1952 5074 2222 5126 translatis
2247 5073 2312 5126 ad
2336 5074 2624 5127 ecclesiam
2649 5077 2818 5130 sancti
2849 5074 3085 5130 Matthxi
3107 5078 3435 5147 corporibus

1855 5164 1954 5219 SS.
1989 5164 2295 5231 Fortunati,
2340 5166 2456 5221 Caii
2503 5179 2559 5223 et
2603 5170 2812 5223 Antbes
2867 5179 3162 5241 martyrum
3212 5187 3436 5239 :neqne

1856 5262 1999 5313 enim
2034 5271 2288 5328 spectant
2320 5262 2385 5316 ad
2419 5272 2668 5316 sanctum
2728 5262 3066 5330 Matthaeum,
3099 5274 3155 5317 et
3179 5262 3247 5318 de
3277 5266 3439 5319 dictis

1859 5352 2189 5421 martyribus
2246 5355 2388 5421 apud
2442 5369 2544 5408 nos
2596 5370 2776 5409 aetum
2827 5366 2912 5409 est
2962 5357 3028 5409 ad
3078 5354 3148 5412 28
3184 5358 3433 5428 Augusti,

1860 5444 1950 5497 ubi
2005 5446 2287 5499 translatio
2344 5445 2449 5499 ulla
2479 5448 2788 5503 accuratius
2822 5458 2905 5503 est
2947 5450 3212 5519 exposita.
3282 5452 3436 5513 Quod

1861 5538 2143 5609 subjungtt
2185 5539 2250 5591 de
2302 5539 2387 5609 pia
2440 5556 2571 5605 anu,
2609 5544 2696 5596 cui
2747 5557 2945 5595 nomen
3000 5554 3118 5597 erat
3164 5542 3436 5608 l‘olisena,

1863 5632 2052 5700 nequit
2117 5640 2269 5685 certo
2324 5634 2552 5690 attribui
2631 5634 2894 5688 beneﬁcio
2947 5636 3118 5689 sancti
3174 5620 3431 5689 Μαιώτιδι.

1867 5723 2035 5776 \‘erba
2072 5733 2252 5777 tamen
2292 5727 2548 5795 pleraque
2589 5729 2829 5782 auctoris
2859 5730 2965 5783 huc
2996 5726 3437 5783 trausfero.Fre-

1862 5816 2158 5886 que‘ntabat
2199 5818 2285 5872 illa
2334 5819 2773 5888 diligentissime,
2824 5832 2881 5874 ut
2946 5822 3194 5892 pluribus
3244 5822 3435 5884 refert,

1862 5908 2143 5964 ecclesiam
2177 5911 2365 5968 Sancti
2419 5912 2687 5977 Matthtci,
2750 5914 2992 5983 quotidie
3038 5916 3305 5970 accedens
3356 5918 3424 5971 ad
