4188 6436
769 397 875 460 793)

1989 404 2273 464 MENSIS
2314 401 2786 465 SEPTEMBER.

3934 398 4041 460 800

772 528 985 573 acrum
1015 517 1283 573 Officium.
1322 540 1341 572 ‹
1384 521 1609 575 Pactum
1672 522 1792 586 fuit,
1851 522 2048 591 inquit,
2094 534 2171 586 ut,
2220 536 2343 573 cum
2377 521 2421 576 Α
2451 519 2666 586 quentis
2705 518 2854 581 anni,
2894 518 3015 572 licet
3044 519 3108 571 de
3138 528 3357 586 peccato
3394 534 3493 572 suo
3522 518 3755 569 multum
3790 514 4036 569 doleret.

778 606 1002 661 solemni
1037 612 1270 677 quodam
1320 612 1407 666 die
1468 614 1652 681 templi
1704 613 1965 683 ingressa,
2026 622 2136 667 toto
2184 611 2348 666 corde

776 695 1062 765 gloriosum
1093 702 1396 768 apostolum
1424 701 1704 767 salutaret,
1735 712 1786 755 et
1820 703 2022 755 lustrali
2049 716 2171 756 sesc
2207 716 2346 769 aqua

777 788 1145 855 perfunderet,
1207 802 1374 861 guttm
1432 806 1643 858 omnes,
1712 806 2067 862 quaecumque
2129 791 2347 858 pallium

774 890 939 948 atque
977 881 1233 935 liuteolos
1273 885 1581 952 tetigerant,
1633 883 1684 935 in
1750 897 1941 936 amum
2000 882 2349 951 purissimum

782 982 1147 1039 verterentur,
1179 973 1323 1040 quod
1360 982 1410 1026 et
1437 976 1667 1042 populus
1703 974 1993 1027 universus
2019 988 2206 1042 magna
2226 988 2348 1025 cum

774 1062 1135 1117 admiratione
1164 1066 1457 1134 perspeIit,
1506 1074 1559 1118 et
1614 1064 1831 1117 familia:
1865 1079 2064 1118 nomen
2095 1079 2161 1117 ex
2210 1064 2352 1119 acd-

774 1152 924 1207 deuti
960 1155 1149 1219 edidit,
1210 1171 1330 1225 qua:
1360 1157 1426 1209 de
1455 1156 1718 1210 Aurotino
1749 1156 1971 1218 dicitttr,
2028 1164 2190 1223 prout
2255 1170 2352 1222 per

776 1254 990 1313 patrum
1030 1247 1351 1302 traditiones
1377 1250 1444 1302 ad
1478 1250 1618 1302 hanc
1654 1264 1825 1317 usque
1855 1248 1999 1302 diem
2045 1248 2185 1301 fama
2222 1262 2350 1317 per-

778 1338 937 1391 rexit.
981 1356 1001 1388 ι
1041 1336 1239 1391 Verum
1277 1354 1385 1392 non
1414 1347 1639 1407 apparet
1695 1324 1827 1392 mihi
1880 1339 2080 1392 factum
2115 1338 2256 1391 istud
2287 1352 2350 1391 ex

778 1429 891 1483 sola
957 1430 1250 1486 traditione
1303 1430 1434 1484 satis
1471 1439 1704 1494 certum,
1762 1430 1958 1504 nedum
1996 1438 2144 1483 certo
2201 1428 2354 1481 attri-

779 1522 1059 1575 buemlum
1101 1532 1290 1576 sancto
1320 1522 1589 1578 Matthazo.
1621 1524 1697 1578 Ει
1724 1522 2013 1576 traditione
2040 1521 2153 1575 sola
2185 1522 2348 1575 etiam

778 1613 1010 1667 fortasse
1041 1612 1573 1682 scripsitMarsilius,
1607 1614 1752 1683 quod
1806 1613 2081 1681 subjuugit
2134 1612 2203 1665 de
2252 1609 2350 1663 Sa-

780 1702 935 1757 lerno
981 1699 1246 1757 divinitus
1280 1703 1507 1757 defenso
1548 1714 1737 1757 contra
1773 1702 2182 1759 Ferdinandum
2211 1701 2351 1754 San-

781 1793 1090 1846 severinum
1123 1792 1422 1861 principem
1451 1794 1878 1847 Salernitanum.
1922 1791 2143 1845 Factum
2170 1802 2346 1845 tamen

2452 611 2631 685 Pridie
2669 610 2810 664 illius
2846 611 2977 675 diei,
3014 625 3136 665 cum
3171 610 3235 662 ad
3278 610 3565 662 ecclesiam
3606 608 3890 676 pergeret,
3920 618 4038 655 mo-

2451 712 2659 754 netura
2697 701 2946 755 mendico
2991 701 3162 755 sancti
3207 700 3541 754 Germiniani
3590 697 3837 767 episcopi
3875 694 4041 747 Mulio

2451 794 2640 846 nensis
2661 807 2819 860 opem
2844 793 3154 860 implorare.
3185 792 3414 855 Quando
3446 802 3625 844 autem
3669 786 3954 858 postridie
3984 785 4037 837 in

2449 886 2681 939 ecclesia
2740 886 2909 939 sancti
2946 883 3181 940 Mattha-i
3222 886 3410 939 divino
3458 884 3679 938 servitio
3740 883 4034 942 intererat.

2452 974 2768 1045 proferente
2840 978 3095 1045 episcopo
3140 977 3303 1030 verba
3366 975 3507 1029 illa:
3561 993 3579 1024 ι
3630 974 3775 1031 Ecce
3822 974 4035 1039 lignum

2450 1067 2652 1129 crucis,
2682 1066 2758 1120 ait
2807 1076 3017 1128 auctor,
3048 1067 3445 1130 Bcrnardinus,
3482 1068 3572 1135 qui
3607 1077 3829 1117 summa
3866 1062 4036 1116 devo-

2452 1156 2600 1209 tione
2637 1155 2955 1223 prociderat,
3003 1157 3187 1211 diviuo
3223 1156 3427 1225 Spiritu
3478 1154 3742 1225 agitante,
3778 1153 4035 1206 clamavit

2451 1262 2584 1318 voce
2624 1262 2819 1316 magna
2841 1266 2856 1303 :
2877 1247 3015 1304 Ecce
3053 1248 3257 1319 lignum
3285 1248 3487 1309 crucis,
3520 1256 3841 1314 czeteraque
3874 1244 4033 1297 verba

2451 1339 2663 1407 singula
2717 1338 2975 1407 deinceps
3035 1339 3314 1407 explicuit,
3391 1351 3511 1406 quas
3575 1352 3672 1406 per
3727 1335 4031 1391 antistitem

2452 1434 2592 1487 dicta
2625 1442 2772 1496 sunt,
2799 1442 2854 1486 et
2885 1431 3065 1485 statim
3108 1431 3274 1485 veluti
3307 1443 3558 1483 mortuus
3593 1428 3824 1482 cecidit.
3880 1425 4029 1479 Tunc

2453 1540 2605 1587 vero,
2630 1524 2754 1592 quia
2788 1532 2950 1576 notus
2981 1522 3196 1574 civibus
3239 1531 3377 1583 erat,
3415 1533 3471 1573 et
3498 1534 3660 1573 uenio
3718 1518 4028 1586 ignorabat,

2452 1614 2602 1667 illum
2631 1623 2789 1666 antea
2814 1611 2961 1680 loqui
3004 1624 3107 1666 non
3151 1609 3413 1677 potuisse,
3446 1606 4032 1675 acclamavitpopulus

2456 1700 2742 1754 universus
2786 1718 2800 1754 :
2852 1698 3204 1753 Miraculuml
3272 1696 3624 1750 miraculum!
3703 1706 3762 1749 et
3820 1696 4029 1748 tametsi

2455 1806 2552 1859 per
2584 1791 2635 1844 id
2670 1799 2883 1860 tempus
2940 1792 3121 1845 nullus
3152 1794 3223 1844 sit
3277 1788 3329 1841 in
3358 1788 3605 1842 ecclesiis
3636 1803 4029 1856 campanarum

780 1884 1020 1937 breviter
1046 1884 1297 1953 subji'cio.
1331 1883 1753 1937 Valdemontius
1779 1882 2147 1950 Lotharingire
2178 1884 2344 1952 leguli
2384 1866 2420 1918 Β
2456 1899 2608 1945 usus,
2648 1884 2741 1937 sed
2771 1899 2835 1937 ex
2874 1886 3042 1937 veteri
3080 1881 3338 1937 Ecclesiae
3370 1882 3473 1934 ritu
3500 1880 3696 1947 ligneis
3731 1880 4029 1932 indumen-

776 1973 966 2037 frater,
989 1974 1186 2043 inquit,
1209 1974 1354 2033 facili
1393 1976 1614 2043 negotio
1637 1984 2003 2044 occupaverat
2033 1974 2347 2038 Salernum,

777 2073 836 2119 ut
866 2066 1116 2134 pluribus
1146 2062 1330 2119 narrat
1361 2063 1707 2130 Muratorius,
1730 2066 1785 2118 in
1820 2064 2116 2123 Annalibus
2152 2064 2342 2127 (mlite,

772 2155 841 2211 ad
872 2171 1074 2209 annum
1111 2156 1269 2210 1527.
1304 2156 1684 2211 Ferdinandus
1718 2157 1990 2225 princeps.
2042 2171 2099 2208 re
2137 2156 2350 2211 intelle-

779 2257 891 2309 cia.
929 2248 1221 2302 confestim
1256 2260 1494 2301 turmam
1532 2247 1735 2316 colligit
1781 2247 2069 2299 militarem
2123 2261 2187 2302 ao
2214 2246 2349 2299 civi-

779 2348 944 2392 tatem
1002 2339 1433 2409 recuperandam
1469 2345 1522 2392 ct
1548 2336 1698 2390 cives
1730 2336 2036 2406 puniendos
2069 2355 2082 2390 :
2121 2354 2143 2387 ι
2203 2336 2349 2389 Tan-

778 2433 890 2484 tum
921 2426 1118 2492 abfuit,
1161 2427 1337 2496 inquit
1383 2437 1593 2493 auctor,
1623 2436 1681 2481 ut
1721 2428 1827 2481 voti
1853 2442 2083 2497 compos
2118 2428 2351 2481 exsiste-

777 2530 883 2585 ret,
937 2525 1075 2575 utet
1108 2519 1393 2576 confestim
1433 2522 1681 2589 repulsus
1743 2521 1926 2589 fuerit,
1982 2533 2038 2576 et
2089 2521 2351 2592 plurimos

776 2629 843 2667 ex
875 2614 992 2668 suis
1029 2614 1293 2671 militibus
1324 2614 1485 2668 unius
1514 2616 1661 2670 horae
1699 2616 1876 2685 spatio
1929 2615 2342 2671 desideraverit.

774 2703 885 2763 Nec
912 2720 1041 2760 vero
1082 2713 1188 2759 tam
1225 2706 1436 2761 felicem
1466 2706 1771 2775 fortemque
1822 2721 2046 2776 operam
2092 2707 2350 2777 oppidani

778 2798 1170 2868 praestiterunt,
1221 2799 1403 2866 quiet
1459 2797 1771 2866 paucissimi
1829 2798 2067 2855 inermes
2124 2810 2282 2852 erant
2334 2816 2348 2852 :

776 2888 873 2945 sed
931 2896 1135 2941 stetere
1206 2904 1402 2959 magno
1464 2889 1680 2958 quidem
1728 2903 1956 2943 numero
2010 2888 2064 2940 in
2116 2888 2351 2942 hostium

774 2991 1075 3050 conspectu
1104 2996 1203 3050 pro
1231 2982 1441 3035 civibus
1469 2980 1660 3049 galeati
1716 2981 2092 3052 thoracatique
2157 2982 2351 3037 milites

777 3074 1020 3127 cmlestis
1051 3072 1327 3126 esercitus
1357 3073 1460 3125 sub
1498 3080 1734 3141 quatuor
1763 3072 2081 3128 ductoribus
2114 3075 2348 3139 eximiis.

2451 1976 2521 2029 tis
2562 1978 2732 2029 Soleat
2756 1976 3014 2045 strepitus
3038 1974 3263 2028 excitari
3292 1972 3560 2042 lugubris,
3582 1969 3846 2039 quamdiu
3864 1971 4030 2036 jacuit

2452 2066 2508 2120 in
2551 2068 2806 2135 sepulcro
2864 2066 3134 2129 Salvator,
3172 2081 3271 2134 pro
3318 2063 3568 2118 miraculi
3620 2072 3812 2116 tamen
3873 2061 4029 2130 hujus

2450 2157 2692 2211 novitate
2716 2172 2909 2213 omnes
2934 2172 3211 2224 campana:
3267 2155 3555 2209 confestim
3602 2153 3837 2223 pulsata:
3878 2164 4023 2213 suat,

2454 2255 2762 2313 creteraque
2818 2247 3180 2297 instrumenta
3230 2243 3435 2303 omnia,
3493 2254 3615 2310 qua:
3656 2238 3934 2294 habentur
3982 2240 4028 2289 iu

2452 2336 2695 2390 ecclesiis
2723 2335 2788 2390 ad
2811 2335 3175 2404 psallendum.

2522 2424 2610 2479 8i.
2640 2424 2860 2478 Interim
2912 2424 2977 2477 ad
3017 2439 3074 2478 se
3109 2437 3357 2478 reversus
3410 2418 3787 2476 Bernardinus
3854 2418 4029 2488 palam

2452 2514 2579 2570 fecit
2625 2516 2900 2578 omnibus,
2963 2515 3104 2586 quod
3178 2517 3443 2570 hactenus
3494 2513 3799 2582 agitaverat
3863 2508 4034 2562 corde

2455 2615 2693 2671 tantum,
2727 2621 2923 2675 nempe
2955 2618 3081 2659 ante
3115 2621 3316 2658 annum
3357 2619 3419 2658 ca
3475 2603 3589 2670 ipsa
3658 2601 3743 2653 die
3804 2600 4028 2666 impium

2454 2696 2922 2764 seinlldelemque
2953 2694 3142 2755 fuisse,
3197 2693 3343 2762 quod
3406 2687 3790 2744 sacratissima:
3848 2689 4031 2742 crucis

2454 2785 2771 2857 particulam
2825 2784 3183 2839 adulterinam
3213 2791 3268 2836 et
3303 2780 3730 2836 commentitiam
3781 2780 4033 2833 Credide-

2454 2880 2827 2948 rit;ideoque
2886 2876 3138 2948 loquendi
3194 2875 3448 2929 facultate
3508 2874 3706 2927 merito
3756 2871 4028 2941 privatum

2453 2970 2621 3024 fuisse
2658 2986 2671 3023 :
2706 2984 2850 3024 nunc
2906 2984 3037 3024 vero
3062 2968 3388 3038 pratcedcnti
3426 2966 3515 3022 illa
3562 2977 3721 3017 nocte
3752 2978 3945 3016 secum
3981 2967 4029 3014 in

2453 3063 2682 3117 somniis
2712 3063 2954 3117 locutum
2990 3044 3161 3115 fuisse
3187 3062 3404 3114 beatum
3446 3055 3833 3110 Geminiancm
3865 3054 4029 3107 Muti-

777 3178 917 3231 quos
946 3162 1112 3217 fuisse
1148 3163 1592 3233 gloriosissimum
1618 3163 1925 3218 Matthrum
1960 3176 2013 3218 et
2041 3175 2151 3217 tres
2202 3174 2345 3219 tute-

2456 3170 2703 3217 ncusem,
2766 3154 3169 3229 monuisscquc.
3208 3160 3265 3203 ut
3322 3141 3510 3202 eadem
3550 3147 3660 3214 ipsa
3714 3145 3869 3211 hora,
3912 3162 4030 3215 qux

778 3254 919 3309 lares
990 3268 1212 3313 sanctos
1258 3255 1635 3321 {Fortunatum
1673 3266 1725 3307 et
1779 3254 1973 3324 socios)
2035 3254 2176 3309 haud
2219 3270 2350 3309 sane

779 3348 1011 3401 dubiutn
1078 3347 1222 3407 fuit;
1270 3364 1395 3401 cum
1448 3347 1711 3416 populare
1762 3347 1925 3404 fuerit
1962 3350 2346 3418 spectaculum,

778 3450 832 3493 et
862 3440 1118 3509 princeps
1148 3438 1261 3508 ipse
1288 3439 1592 3508 singulique
1624 3440 1822 3497 milites
1843 3440 1894 3492 id
1926 3442 2127 3508 ipsum,
2150 3442 2351 3507 pacatis

779 3544 966 3603 postea
1023 3532 1207 3595 rebus,
1272 3534 1717 3600 prmtlicavcrint.
1767 3550 1783 3581 ι
1826 3531 2098 3584 Haetcnus
2139 3543 2349 3591 auctor,

777 3626 869 3693 qui
901 3622 1091 3677 eodem
1126 3623 1327 3677 srecnlo
1359 3622 1603 3690 scripsit,
1638 3622 1803 3676 rebus
1844 3632 2021 3676 tamen
2045 3625 2213 3694 gestis
2246 3639 2351 3679 non

779 3714 974 3781 adfuit,
1008 3720 1191 3785 utpote
1214 3714 1446 3768 necdum
1488 3720 1671 3765 natus.

851 3809 942 3862 85.
1001 3806 1298 3876 Sohjungit
1324 3804 1468 3859 aliud
1499 3804 1724 3871 factum,
1762 3805 1905 3874 quod
1947 3806 2023 3859 ait
2062 3806 2350 3878 contigisse

780 3903 923 3956 circa
952 3899 1089 3955 idem
1121 3901 1232 3955 fere
1260 3911 1493 3968 tempus.
1531 3898 1704 3952 Pauca
1754 3899 1909 3955 nobis
1971 3900 2036 3953 de
2080 3900 2173 3953 illo
2206 3900 2351 3956 sufii-

776 3990 944 4045 cient.
980 3989 1087 4043 Fur
1140 3990 1439 4056 sacrilegus
1481 3990 1659 4042 locum
1726 3988 1957 4055 sepulcri
1999 3990 2167 4042 saneti
2215 3989 2349 4043 Mat-

782 4083 907 4139 thxi
961 4083 1243 4150 expilavit.
1293 4079 1741 4147 Comprehensos
1815 4080 1903 4133 ille
1968 4078 2067 4134 fuit
2135 4081 2239 4135 alia
2284 4082 2351 4136 de

782 4190 968 4238 causa,
1002 4189 1174 4243 eaque
1204 4173 1493 4227 occasione
1535 4171 1678 4227 istud
1727 4186 1943 4242 quoque.
1967 4172 2173 4226 crimen
2212 4174 2353 4227 ultro

782 4268 1088 4320 confessus.
1144 4286 1161 4316 ι
1204 4266 1268 4319 lit
1325 4276 1443 4335 post
1497 4267 1613 4319 dies
1666 4264 1892 4335 aliquot,
1960 4265 2155 4334 inquit,
2206 4276 2353 4319 tanto

780 4367 861 4413 est
892 4358 1097 4411 findere
1137 4360 1377 4426 (fictore,
1412 4357 1626 4425 Opinor)
1649 4374 1712 4411 ac
1760 4374 1992 4413 Inmrorc
2045 4369 2348 4427 correptus,

780 4460 842 4505 ut
866 4457 1149 4503 contracta
1186 4447 1423 4518 propria:
1455 4450 1635 4503 carnis
1665 4453 1945 4520 corruptio
1990 4452 2043 4504 in
2068 4452 2346 4520 pediculos

2457 3254 2583 3296 tunc
2635 3258 2779 3295 anno
2842 3251 3152 3295 rccurrente
3199 3239 3419 3307 jamjam
3475 3238 3784 3305 appetebat,
3834 3238 4027 3290 eodem

2457 3338 2577 3389 loco
2606 3348 2764 3388 suum
2826 3332 3145 3402 deploraret
3199 3341 3480 3400 peccaturo
3523 3343 3702 3381 (oram
3748 3328 4030 3397 gloriosis-

2452 3425 2589 3475 simo
2621 3422 2863 3490 aposmlo
2894 3418 3187 3483 Matth-ato;
3232 3430 3285 3472 ct
3356 3419 3603 3473 crederet
3640 3431 3825 3469 veram
3886 3419 4027 3470 illam

2452 3516 2632 3569 crucis
2662 3530 2782 3569 esse
2817 3515 3144 3584 portionem,
3182 3514 3235 3565 in
3266 3527 3374 3579 quo
3424 3511 3673 3565 Salvator
3722 3510 3885 3564 Jesus
3936 3528 4028 3580 pro

2456 3605 2687 3659 humana
2750 3613 2906 3672 gente
2944 3606 3199 3672 pependit
3242 3621 3254 3656 :
3293 3607 3484 3658 fecisse
3539 3620 3598 3657 se
3661 3606 3822 3673 paulo
3877 3618 4026 3669 ante,

2453 3691 2712 3763 quidquid
2736 3696 2815 3743 vir
2843 3691 2927 3744 ille
2957 3704 3176 3746 sanctus
3200 3702 3501 3756 monuerat,
3539 3702 3587 3745 et
3623 3696 4027 3747 sanctissimum

2454 3784 2764 3839 Matthacuin
2797 3798 3078 3849 exorasse,
3123 3795 3180 3837 ut
3222 3784 3342 3837 fidei
3400 3800 3511 3840 suae
3577 3787 4028 3854 protestatiouem

2453 3883 2673 3935 Christo
2711 3880 2939 3935 Domino
2970 3881 3287 3950 dignaretur
3323 3878 3545 3943 oﬂcrre,
3608 3895 3672 3934 ac
3708 3880 3895 3933 statim
3950 3879 4027 3931 lo-

2455 3976 2657 4043 quendi
2728 3976 2832 4029 vim
2902 3974 3157 4028 amissam
3231 3987 3603 4042 recuperasse.
3663 3973 3786 4025 Haec
3847 3974 4028 4026 omnia

2457 4066 2630 4118 fusius
2661 4068 2775 4136 ipse
2813 4082 3014 4135 perque
3036 4067 3234 4119 multos
3267 4071 3501 4135 gemitus
3541 4063 3712 4132 palam
3745 4067 4027 4132 exposuit;

2459 4159 2771 4227 rogavitque
2803 4158 3111 4225 praesulem,
3159 4168 3216 4210 ut
3280 4158 3606 4209 miraculum
3659 4157 3806 4209 istud
3869 4172 4029 4209 cura-

2457 4260 2537 4303 ret
2594 4249 2643 4300 in
2675 4256 2790 4301 acta
2837 4246 3023 4300 referri
3064 4248 3129 4301 ad
3176 4258 3491 4315 perpetuam
3532 4248 3604 4299 rei
3663 4250 4007 4299 memoriam.

2455 4342 2818 4410 Quamobrem
2879 4338 3109 4409 publicis
3169 4338 3517 4391 documentis
3575 4339 3735 4407 jussit
3784 4336 3887 4391 hoc
3946 4340 4022 4391 di-

2458 4434 2688 4504 ligenter
2762 4433 3196 4500 comprehendi:
3252 4432 3399 4501 quod
3465 4441 3575 4485 tum
3659 4430 3837 4498 ipsius
3909 4431 4028 4483 Ber-

781 4540 948 4601 fuerit
979 4540 1237 4609 paulatim
1264 4556 1547 4603 conversa,
1594 4556 1825 4618 quorum
1886 4551 2036 4594 tanta
2099 4544 2350 4611 epullula-

2460 4527 2671 4580 nardini
2720 4526 3103 4596 jurejurando,
3170 4534 3280 4577 tum
3320 4527 3713 4577 canonicorum
3759 4527 4026 4585 omnium,

779 4633 873 4689 bat
900 4633 1003 4693 vis,
1030 4642 1105 4683 ut-
1155 4646 1262 4683 non
1302 4629 1463 4685 modo
1507 4630 1721 4683 tunicas
1763 4633 1881 4700 ejus
1920 4646 2110 4685 omnes
2168 4632 2353 4701 imple-

784 4732 884 4786 ret,
919 4721 1014 4776 sed
1048 4729 1217 4775 totum
1250 4722 1407 4791 plane
1425 4736 1623 4790 corpus
1645 4725 1840 4791 passim
1861 4724 2133 4779 crodcret.
2154 4722 2353 4789 Quam-

780 4819 969 4871 obrem
1021 4815 1339 4870 foedissimis
1390 4814 1495 4869 illis
1553 4816 1831 4869 vermibus
1852 4817 2350 4885 celeriterputruit,

782 4919 838 4964 ct
885 4911 1034 4979 justa
1066 4908 1235 4963 divini
1288 4907 1538 4962 Numinis
1601 4909 1678 4959 ira
1732 4906 2206 4977 (quemadmodum
2241 4910 2353 4977 ipse

783 5002 960 5072 palam
987 5000 1242 5055 omnibus
1289 4999 1583 5069 fatebatur)
1617 5014 1682 5053 eo
1708 5001 1826 5069 ipso
1867 5000 2062 5054 inorbo
2096 5004 2350 5055 miseram

788 5091 1033 5145 evomuit
1060 5091 1321 5145 animam.
1381 5108 1403 5142 ι
1432 5090 1488 5145 In
1524 5107 1690 5159 pauca
1726 5092 1977 5145 similiter
2007 5096 2349 5155 contraham,

786 5184 932 5250 quod
962 5198 1107 5237 anno
1141 5183 1281 5237 15⁸25
1319 5195 1372 5236 et
1402 5184 1540 5236 15'26
1569 5170 1859 5255 contigisse
1886 5193 2073 5235 auctor
2105 5183 2349 5236 affirmat.

788 5273 1166 5329 Bernardinus
1195 5275 1413 5343 quidam
1445 5290 1473 5326 e
1498 5273 1929 5328 Naccarcllorum
1974 5272 2195 5337 familia,
2228 5275 2353 5326 dum

790 5365 929 5420 feria
955 5377 1107 5423 sexta
1148 5365 1199 5417 in
1233 5379 1521 5433 parasccve
1550 5365 1744 5432 prioris
1778 5365 1904 5418 anni
1926 5370 2044 5421 erat
2068 5363 2119 5417 in
2181 5368 2355 5420 cccle-

790 5459 870 5511 sia
895 5456 1069 5508 sancti
1115 5455 1375 5517 Matthtei,
1436 5452 1828 5510 dubitabat‘de
1861 5454 2123 5523 particula
2170 5470 2353 5508 sacro-

790 5554 993 5600 sanctu:
1019 5545 1221 5608 crucis,
1258 5545 1602 5599 venerationi
1645 5544 1943 5612 proposita,
1975 5554 2029 5597 et
2057 5545 2218 5614 impia
2245 5548 2356 5600 haec

791 5640 954 5693 verba
983 5638 1206 5706 protulit
1240 5654 1253 5690 :
1295 5656 1311 5687 ε
1340 5639 1524 5697 Eheu!
1563 5639 1691 5707 quid
1725 5639 1765 5690 si
1795 5634 1993 5691 Christi
2034 5653 2163 5691 crux
2203 5655 2356 5694 mons

794 5730 909 5794 ipse
940 5728 1206 5782 Vcsuvius
1262 5728 1491 5789 fuisset?
1548 5748 1565 5781 ι
1623 5730 1716 5782 His
1745 5730 1920 5793 dictis,
1964 5729 2143 5782 statim
2166 5730 2356 5785 obmu-

795 5820 920 5886 tuit,
948 5831 1237 5892 mutosque
1282 5824 1479 5879 mansit
1514 5836 1684 5893 usque
1717 5822 1779 5882 ad
1807 5822 2055 5877 etiindem
2084 5822 2219 5879 diem
2269 5840 2355 5878 se-

2455 4619 2545 4686 qui
2578 4630 2872 4686 prasentes
2904 4615 3389 4681 fuerant,solcmni
3425 4615 3641 4667 fuerant
3679 4617 4026 4667 altestationc

2457 4710 2689 4762 firmata.
2741 4727 2758 4758 i

2528 4822 2613 4876 85.
2662 4821 2784 4876 l'ost
2812 4820 2925 4875 hinc
2953 4818 3125 4891 pergit
3147 4828 3336 4873 auctor
3367 4819 3432 4873 ad
3454 4817 3781 4872 beneficium
3823 4818 4024 4871 defensi

2456 4913 2711 4968 divinitus
2739 4926 2928 4967 contra
2980 4915 3206 4967 classem
3254 4912 3551 4966 Turcaruin
3632 4910 3867 4964 Salerni.
3927 4911 4025 4964 Hoc

2458 5007 2684 5066 accidit,
2721 5005 2839 5075 ipso
2869 5009 3057 5060 saltem
3096 5008 3337 5071 vivente,
3376 5008 3471 5059 sed
3526 5009 3762 5059 necdum
3822 5006 4025 5062 Salerni

2461 5098 2715 5167 «legente.
2770 5098 3086 5151 Secundum
3127 5098 3370 5152 Annales
3418 5096 3701 5150 Muratorii
3763 5114 3853 5151 res
3900 5099 4023 5150 facta

2458 5200 2539 5242 est
2568 5202 2710 5241 anno
2753 5188 2908 5249 1544.
2946 5189 3245 5243 Audiamus
3289 5188 3607 5246 Marsilium,
3663 5188 4021 5240 resciscista-

2461 5297 2584 5335 men
2665 5282 2933 5349 adjunctis
2991 5280 3195 5349 aliquot
3249 5297 3357 5333 non
3424 5280 3747 5333 necessariis
3790 5297 3804 5332 :
3848 5299 3865 5329 ι
3918 5277 4021 5341 Qu:

2462 5383 2772 5442 tempore...
2810 5370 3039 5425 Carolus
3100 5372 3138 5423 \'
3181 5372 3546 5425 llornanorum
3598 5370 3912 5438 imperator,
3976 5380 4023 5421 et

2460 5459 2830 5515 Frauciscusl
2880 5460 3153 5514 Gallorum
3220 5476 3311 5513 rex
3372 5458 3435 5512 de
3481 5458 3647 5511 totius
3709 5458 3823 5509 fere
3875 5456 4021 5509 Itala

2462 5552 2696 5620 primatu
2722 5551 3145 5608 contendebant,
3169 5548 3472 5615 impetravit
3496 5548 3681 5601 Gallus
3699 5544 4020 5615 aSolymano

2461 5642 2759 5696 Turcarum
2795 5641 3041 5710 principe
3061 5642 3288 5695 classem
3312 5641 3541 5693 validam
3575 5648 3626 5690 et
3653 5653 4017 5695 numerosam.

2462 5734 2767 5789 Haradieno
2793 5732 3117 5786 Barbarussa
3162 5731 3435 5801 prmfecto,
3473 5742 3529 5785 ut
3560 5731 3859 5786 maritimas
3885 5746 4016 5787 oras,

2466 5843 2582 5897 quae
2607 5840 2854 5879 caesarea:
2895 5824 3150 5880 factionis
3186 5832 3359 5888 erant,
3392 5831 3609 5876 vexaret
3639 5833 3802 5891 atque
3831 5821 4023 5891 diripe-
