4188 6436
182 404 284 466 801

1472 406 1506 464 γ
1526 401 1647 461 rra
1692 401 1751 460 s.
1791 386 2177 465 narrum.

3349 406 3454 470 802

182 529 294 573 ret.
338 538 354 572 ι
387 518 607 574 Factum
647 519 752 575 hoc
804 533 948 574 anno
988 519 1140 574 1545.
1187 522 1272 582 At,
1330 535 1450 572 cum
1515 519 1766 587 sequuiti
1799 520 1847 579 Α
1878 518 2006 575 Diva
2039 519 2292 589 Divirquc
2315 532 2505 576 omnes
2527 522 2913 592 propitiaatur.
2941 533 2996 576 et
3025 539 3241 579 sacrum
3277 531 3457 581 missae

178 628 329 665 anno
356 613 677 667 Frant-iscus
736 613 754 667 1
817 612 1115 666 terribilem
1159 612 1301 665 illam
1344 612 1592 674 classem,
1646 627 1768 680 quae

179 704 583 773 nihilutilitatis
608 704 885 763 attulerat.
920 703 1129 758 meliori
1160 704 1392 757 consilio
1424 705 1762 767 remitteret;

179 797 515 849 Barbarussa
549 795 602 848 in
632 795 862 849 transitu
920 794 1096 848 varias
1161 794 1412 848 civitates
1466 794 1787 848 maritimas

174 899 232 941 et
266 889 469 940 insulas
496 887 694 955 partim
734 886 940 940 frustra
985 886 1231 947 tentavit,
1269 894 1324 938 ct
1383 886 1579 953 partim
1622 885 1766 954 cepit

174 996 237 1039 er
266 982 513 1051 diripuit,
564 991 618 1035 ut
650 982 896 1051 pluribus
932 981 1163 1049 exponit
1194 990 1414 1035 auctor.
1476 982 1763 1038 Salernum

176 1072 436 1135 similiter
468 1076 730 1129 invadere
763 1074 954 1127 voluit.
1005 1092 1023 1123 ‹
1065 1073 1232 1127 Plane
1273 1072 1364 1129 ubi
1405 1073 1458 1127 in
1492 1072 1611 1141 ejus
1632 1088 1766 1126 con-

174 1177 429 1235 spectum
463 1168 703 1228 devenit,
780 1166 959 1236 inquit
999 1166 1295 1230 Marsilius,
1356 1180 1629 1219 armorum
1659 1163 1765 1219 ful-.

179 1275 313 1329 gore
345 1270 399 1313 et
448 1259 700 1329 aSpcctus
734 1258 955 1317 feritate
989 1259 1270 1317 terribilis.
1306 1258 1516 1311 civibus
1549 1254 1765 1310 cunctis

178 1360 406 1405 catenas
451 1362 506 1405 et
532 1352 849 1419 compedes,
877 1351 995 1406 urbi
1030 1359 1213 1403 autem
1256 1349 1541 1403 barbaram
1578 1356 1762 1403 vasta-

179 1450 387 1499 tionem
426 1440 805 1496 denuntiabat.
843 1440 1109 1507 Quocirca
1141 1441 1204 1494 ad
1246 1450 1451 1494 trucem
1478 1449 1761 1510 tympano-

179 1530 303 1588 rum
334 1534 573 1589 sonitum
617 1544 669 1588 et
699 1535 941 1588 minaces
971 1534 1228 1587 tibiarum
1272 1532 1552 1595 modulos,
1589 1546 1760 1601 usque

180 1629 322 1682 adeo
356 1626 589 1696 papulas
650 1627 942 1682 universus
1000 1627 1242 1697 expavit,
1286 1633 1347 1679 ut
1398 1626 1764 1696 demigrantes

179 1720 376 1774 incohe
411 1720 596 1775 animo
616 1728 1004 1783 consternato,
1037 1729 1092 1774 et
1152 1734 1368 1771 summa
1423 1734 1546 1772 cum
1590 1718 1759 1786 trepi-

178 1812 406 1866 datione
442 1810 557 1866 fere
587 1827 778 1866 omnes
810 1811 875 1865 ad
904 1824 1161 1865 montana
1196 1810 1578 1879 confugerent.
1626 1808 1762 1863 Fer—

179 1905 341 1957 vebat
382 1913 500 1957 tum
529 1905 765 1957 maxime
802 1913 962 1957 testas
990 1904 1090 1957 sub
1151 1902 1443 1971 septimum
1497 1900 1764 1956 Kalendas

179 1996 514 2061 Quinctiles,
542 2004 596 2051 et
623 2004 770 2049 tanta
795 2004 913 2051 erat
943 1996 1065 2050 coeli
1127 1997 1407 2065 marisque
1458 1993 1767 2063 tranquilli-

176 2100 282 2157 tas,
326 2103 387 2145 ut
418 2090 696 2144 immobile
726 2090 887 2159 plane
925 2089 1205 2143 videretur
1260 2090 1481 2159 pelagus
1516 2104 1528 2139 :
1568 2087 1768 2142 Barba-

181 2200 344 2238 russa
409 2192 590 2237 autem
634 2182 918 2253 prtedcnsa
973 2182 1310 2253 navigiorum
1367 2182 1483 2235 acie
1540 2182 1762 2251 jamjam

177 2273 479 2339 accedens,
541 2274 834 2328 tormentis
870 2274 922 2327 in
967 2272 1148 2327 fronte
1183 2273 1483 2333 collocatis,
1521 2262 1766 2342 pronun-

178 2367 357 2431 tiavit,
399 2368 684 2423 utmilites
720 2366 1138 2423 descensionem
1179 2366 1447 2431 facerent,
1480 2376 1533 2420 et
1571 2359 1765 2436 praeda:

172 2468 343 2528 atque
384 2460 655 2515 incendiis
681 2459 1065 2513 incumberent
1102 2476 1115 2511 :
1150 2473 1272 2514 eum
1308 2475 1435 2515 ecce
1468 2468 1764 2529 tempestas

176 2552 653 2607 turbulentissime
715 2562 942 2621 repente
974 2551 1243 2617 exoritur,
1289 2562 1343 2605 et
1375 2551 1539 2605 veluti
1574 2551 1763 2621 prodi-

173 2645 331 2716 gioso
363 2660 424 2697 ac
449 2644 696 2699 horribili
726 2654 883 2699 terra:
916 2652 1065 2698 motu
1093 2659 1241 2699 mare
1275 2644 1591 2698 concutitur
1625 2644 1765 2698 inter

174 2737 518 2807 Amalphiam
560 2746 722 2807 atque
771 2736 1060 2792 Salernum
1118 2753 1132 2791 :
1198 2737 1457 2792 inusitata
1502 2748 1763 2806 praeterea

175 2830 522 2883 diversorum
583 2842 870 2885 ventorum
951 2828 1329 2896 conjuratione
1393 2843 1562 2897 usque
1628 2828 1765 2882 adeo

176 2931 519 2977 commotum
576 2923 840 2983 intimnit,
923 2928 980 2975 ut
1050 2920 1333 2975 immensis
1382 2919 1633 2974 fluctibus
1676 2920 1764 2989 ja-

174 3024 319 3069 ctata
373 3014 563 3067 classis
624 3015 674 3067 in
725 3015 879 3067 littus
949 3016 1289 3084 adigeretur,
1329 3029 1613 3083 navesque
1641 3030 1765 3069 om-

175 3123 278 3161 nes
326 3109 645 3163 nutantibus
699 3106 875 3169 malis,
939 3117 1102 3175 atque
1157 3106 1300 3160 inter
1346 3122 1404 3160 se
1444 3108 1623 3175 proris
1671 3107 1764 3163 ad-

1870 612 2113 666 solemne
2170 612 2480 669 conficitur.
2536 632 2553 665 ι
2622 611 2898 672 Hactenus
2962 615 3235 670 hlarsilins
3297 622 3457 673 annis

1872 703 2097 760 circiter
2168 706 2383 775 triginta
2457 706 2702 776 quinque
2774 718 2896 776 post
2962 725 3075 762 rem
3150 719 3455 777 peractam,

1856 797 2088 863 quando
2138 797 2289 849 multi
2325 797 2514 865 procul
2568 798 2733 853 dubio
2774 799 3036 853 vivebant.
3096 797 3456 857 Salernitani.

1870 888 1961 957 qui
2001 887 2202 941 factum
2243 876 2681 947 illud‘vidcrant.
2710 901 2760 943 et
2793 891 2859 945 de
2896 891 3171 958 adjunctis
3200 890 3457 945 omnibus

1871 987 2123 1046 poterant
2147 980 2416 1049 judicare.
2458 981 2658 1035 Eadem
2691 982 2912 1037 brevius
2960 984 3211 1038 referunt
3248 984 3451 1045 Musca,

1867 1069 1957 1138 qui
1985 1069 2223 1126 Marsilio
2269 1073 2528 1136 convixit,
2578 1073 2630 1127 in
2673 1074 3109 1144 archiepiscopis
3150 1075 3452 1129 Salerni'ta-

1869 1161 1974 1222 nis,
2009 1177 2133 1232 pag.
2162 1164 2250 1229 56,
2285 1161 2488 1224 Mazza,
2514 1166 2565 1218 in
2589 1164 2831 1219 Historia
2855 1165 3223 1227 Saleruitmta,
3246 1182 3365 1235 cap.
3397 1167 3450 1231 6,

1867 1261 1923 1307 et
1956 1254 2242 1324 Ughcllus.
2265 1266 2396 1310 tom.
2432 1256 2519 1311 Vl!
2547 1258 2598 1311 in
2626 1259 3042 1327 Art-liie‘piscopis
3074 1256 3451 1321 Solerititonis,

1870 1347 1921 1397 in
1955 1344 2185 1400 Nicolao
2227 1347 2538 1419 Rodulpho,
2560 1350 2648 1415 qui
2679 1360 2805 1403 tunc
2837 1360 3071 1420 prmeral
3092 1350 3454 1405 Salernitanae

1867 1435 2129 1491 ecclesiae.
2167 1436 2349 1492 Redeo
2370 1441 2439 1496 ad
2474 1439 2798 1494 Marsilium.

1938 1520 2026 1583 87.
2072 1549 2091 1582 ι
2132 1529 2439 1586 Novissime
2460 1532 2638 1599 placet
2672 1534 2798 1587 illud
2828 1548 2936 1589 non
2974 1533 3227 1597 reticere,
3251 1533 3453 1603 inquit,

1866 1620 2015 1687 quod
2056 1621 2214 1675 nobis
2256 1622 2387 1691 ipsis
2431 1624 2484 1675 in
2516 1624 2619 1678 hac
2669 1623 2900 1677 ecclesia
2954 1625 3273 1679 sedentibus
3327 1635 3455 1679 ante

1872 1708 2156 1763 biennium
2189 1712 2435 1782 contigit.
2477 1713 2725 1767 Tametsi
2767 1716 2913 1767 enim
2976 1716 3044 1770 ab
3071 1730 3136 1768 eo
3195 1715 3302 1774 die,
3345 1730 3457 1784 quo

1873 1798 2023 1853 locus
2066 1801 2155 1854 ille
2188 1801 2289 1855 fuit
2317 1818 2415 1872 per
2471 1805 2819 1875 sacrilegium
2853 1790 3281 1872 contaminatus,
3362 1803 3453 1863 ubi

1868 1894 2294 1964 gloriosissimus
2342 1897 2815 1967 apostolusjacel,
2863 1899 3081 1953 divinus
3120 1900 3297 1968 liquor
3328 1915 3455 1970 pero

1869 1986 2098 2056 exiguus
2136 2002 2354 2056 semper
2379 1991 2689 2049 emerserit.
2727 1979 2889 2044 adeo.
2920 2000 2977 2046 ut
3039 1991 3122 2044 vix
3156 1992 3452 2046 multorum

1870 2077 2082 2131 dierum
2116 2077 2293 2148 spatio
2332 2078 2545 2133 modica
2583 2086 2823 2149 potuerit
2875 2078 3126 2150 eju'sdem
3179 2082 3457 2151 quantitas

1872 2167 2114 2232 hauriri;
2159 2168 2582 2224 advenientibus
2631 2167 2812 2225 tamen
2849 2172 3160 2227 illustribus
3221 2190 3287 2228 ex
3320 2173 3454 2229 Sar-

1870 2260 2034 2312 matia
2070 2260 2202 2314 viris
2230 2259 2468 2332 Georgio
2494 2260 2790 2325 Radziroil,
2827 2268 3182 2333 episcopatus
3203 2264 3455 2320 thnen-

1872 2348 1948 2403 sis
1980 2349 2323 2418 coadjutore,
2358 2360 2412 2405 et
2439 2352 2667 2407 Alberto
2705 2352 2984 2423 Radziroil
3011 2352 3200 2418 fratre,
3236 2364 3291 2409 et
3314 2355 3455 2412 duce

1867 2437 1922 2491 in
1954 2436 2124 2504 Olica;
2166 2454 2231 2493 ac
2268 2439 2463 2496 devote
2493 2443 2849 2512 petentibus,
2892 2452 2951 2498 ut
2985 2452 3041 2499 et
3089 2444 3193 2499 loci
3225 2445 3453 2502 videndi

1868 2540 1925 2584 et
1961 2546 2175 2586 manna:
2205 2532 2378 2602 ipsius
2422 2534 2473 2587 in
2500 2535 3079 2605 patriaindeferendae
3126 2538 3340 2608 cepiam
3374 2539 3457 2594 fa-

1869 2633 2141 2687 ceremus,
2174 2622 2411 2677 libenter
2462 2633 2755 2693 utrumque
2809 2628 3185 2684 concessimus
3246 2648 3260 2685 :
3309 2629 3456 2701 lage-

1871 2728 2109 2781 namque
2144 2716 2343 2783 ipsam,
2383 2732 2507 2784 qua:
2537 2718 2713 2785 pridie
2740 2718 2892 2772 arida
2941 2735 3090 2789 pene
3117 2721 3316 2788 fuerat,
3360 2736 3455 2776 sa-

1870 2818 1965 2859 cro
1999 2805 2230 2860 humore
2264 2806 2401 2860 adeo
2453 2807 2717 2877 repletam
2772 2810 3187 2880 undantemque
3244 2812 3457 2882 reperi-

1869 2889 2012 2964 nius,
2066 2908 2124 2951 ut
2163 2895 2460 2955 liberaliter
2486 2902 2831 2973 principibus
2870 2904 3007 2974 ipsis
3059 2905 3194 2961 viris
3234 2919 3455 2960 coruino

1867 3008 1974 3061 que
2009 2992 2305 3048 comitibus
2342 2995 2684 3062 potuerimus
2746 2995 2919 3065 ipsam
2951 2997 3307 3053 distribuere.
3336 2999 3453 3055 imo

1870 3096 1999 3140 vero
2028 3096 2083 3141 et
2117 3086 2255 3142 duas
2317 3086 2807 3156 ampullas,eodem
2878 3088 3088 3158 liquore
3148 3089 3337 3160 plenas
3382 3092 3452 3148 ad

172 3199 355 3255 versis
422 3214 485 3254 ac
554 3199 829 3270 puppibus
889 3208 1304 3261 concurrentes,
1358 3198 1561 3271 ingenti
1623 3200 1763 3254 cala-

1869 3177 2197 3250 Grcgorium
2264 3177 2382 3232 Xlll
2421 3180 2483 3234 P.
2541 3178 2615 3233 ﬂ.
2687 3180 2889 3235 deferri
2927 3182 3265 3245 curavimus,
3315 3198 3484 3253 quas

174 3292 367 3346 initatc
428 3291 629 3347 collisa:
700 3308 764 3349 ac
812 3292 1102 3363 dil'fractie,

171 3393 578 3451 mergerentur.
618 3404 636 3437 ι

247 3472 337 3529 86.
381 3491 399 3525 ι
440 3476 685 3532 Accessit
741 3492 957 3548 quoque
1014 3478 1278 3535 miraculo
1314 3480 1465 3535 visus
1514 3479 1565 3535 in
1626 3481 1765 3535 cmlo

172 3582 348 3623 senex
376 3584 606 3623 summa:
635 3572 982 3643 proceritatis
1004 3613 1017 3634 ,
1041 3573 1263 3641 ipsaque
1300 3574 1524 3642 prolixae.
1586 3576 1763 3628 barba:

1181 3296 1431 3351 luctuoso
1479 3292 1764 3365 naufragio

172 3659 477 3726 spectanda
510 3660 712 3713 canitie
754 3659 1109 3730 conspicuus,
1153 3662 1243 3731 qui
1293 3662 1582 3717 videbatur
1617 3665 1795 3729 illam.

170 3748 419 3801 excitare
454 3750 770 3818 procellam,
806 3760 859 3806 ct
906 3768 1006 3822 pro
1047 3769 1140 3807 sua
1193 3755 1343 3824 quasi
1403 3756 1620 3812 civitate
1663 3776 1762 3827 pu-

171 3856 348 3911 gnarc.
390 3843 561 3898 :visac
594 3854 717 3899 sunt
790 3846 953 3900 etiam
1009 3847 1359 3901 validissima:
1411 3852 1761 3921 promptissi-

172 3951 394 3988 morum
448 3938 679 3990 militum
727 3947 781 3991 et
846 3940 1047 3993 civium
1087 3943 1362 4007 cohortes,
1432 3945 1764 4016 fulgentibus

171 4044 278 4101 per
306 4029 447 4081 muri
475 4044 732 4083 coronam
778 4031 949 4100 galeis
984 4042 1151 4101 atque
1181 4034 1532 4095 thoracibus.
1570 4036 1760 4090 urbem

172 4128 445 4191 perpetua
481 4124 636 4191 quasi
668 4123 902 4176 statione
933 4121 1248 4177 defendcre.
1322 4122 1472 4178 Unde
1525 4135 1758 4193 constat,

176 4216 479 4269 immanem
538 4216 690 4268 illum
748 4216 1039 4271 barbarum
1094 4233 1159 4273 ea
1195 4219 1282 4273 die
1337 4223 1759 4286 contremuisse,

173 4315 234 4362 et
264 4306 609 4377 paucissimis
645 4308 981 4373 triremibus,
1020 4324 1142 4379 qum
1169 4311 1251 4363 vix
1282 4323 1580 4369 evaserunt
1615 4315 1763 4371 inco-

172 4400 375 4465 lumes,
442 4399 585 4454 ultra
639 4400 979 4465 Palinurum,
1045 4402 1511 4460 invalesccntibus
1559 4409 1757 4473 ventis,

176 4500 393 4560 raptum
421 4491 612 4545 fuisse.
638 4492 849 4547 Cretera
875 4495 1088 4565 navigia
1112 4498 1510 4570 cujuscumque
1545 4502 1761 4569 generis

1866 3275 1917 3327 ei
1959 3274 2297 3344 gratissimas
2348 3274 2629 3333 exstitiSSe
2693 3289 2791 3345 per
2853 3274 3062 3330 litteras
3116 3277 3450 3347 accepimus.

1868 3365 2059 3423 Tantm
2086 3369 2250 3437 igitur
2283 3368 2360 3421 rei
2394 3369 2698 3422 novitatem
2725 3368 2879 3422 valde
2920 3368 3171 3422 admirati
3208 3383 3399 3424 sumus
3432 3387 3451 3437 ;

1868 3461 1926 3515 et
1972 3460 2153 3523 veriti,
2210 3473 2279 3513 ne
2332 3458 2690 3514 beatissimus
2742 3461 3024 3530 apostolus
3066 3461 3452 3531 huicpopulo

1867 3553 1936 3606 ob
1987 3552 2194 3607 scelera
2256 3554 2428 3606 multa
2489 3562 2834 3617 succenseat,
2889 3553 3104 3624 precari
3149 3567 3449 3622 numquam

1866 3643 2189 3698 thStSltlllltS
2263 3642 2440 3705 illum,
2533 3654 2594 3697 ut
2644 3645 2923 3697 civitatem
2973 3647 3133 3700 istam
3194 3651 3450 3716 civesque

1866 3748 2059 3790 omnes
2125 3735 2377 3806 dignetur
2411 3752 2510 3806 pro
2565 3751 2662 3791 sua
2695 3747 2959 3792 consueta
2996 3739 3241 3795 bonitate
3264 3749 3452 3810 protc-

1866 3845 2013 3899 gere.
2065 3846 2083 3879 ι

1936 3920 2025 3975 88.
2061 3938 2079 3971 ς
2138 3918 2379 3976 Tandem
2428 3932 2484 3977 et
2534 3922 2666 3976 illud
2729 3923 2908 3992 placet
2986 3925 3129 3979 inter
3185 3926 3449 3985 miracula

1866 4029 2180 4076 recensere,
2222 4016 2363 4082 quod
2390 4030 2455 4068 ex
2505 4011 2758 4069 universa
2792 4017 3077 4086 provincia
3125 4017 3452 4089 frequentis-

1864 4106 2002 4159 sime
2037 4104 2343 4159 afferuntur
2373 4092 2626 4161 homines
2661 4111 2948 4178 utriusque
2996 4126 3184 4172 sexus,
3221 4113 3309 4181 qui
3336 4128 3450 4167 ma-

1865 4205 1932 4258 lis
1957 4202 2243 4273 spiritibus
2284 4204 2549 4258 acerrime
2600 4205 2930 4259 divexantur
2979 4225 2992 4259 :
3035 4216 3089 4262 et
3114 4223 3212 4264 eos
3256 4225 3451 4266 omnes

1865 4305 1993 4350 ante
2035 4296 2212 4365 ipsum
2247 4295 2311 4348 D.
2350 4295 2585 4350 Mattliaei
2620 4297 2794 4352 altare
2827 4299 3159 4355 constitutos
3193 4302 3450 4357 sacerdos

1868 4403 2013 4443 unus
2068 4389 2326 4458 imposita
2361 4407 2522 4445 manu
2567 4390 2778 4448 liberat.
2805 4390 2981 4461 -Quod
3021 4408 3173 4461 sane,
3232 4396 3447 4449 tametsi

1864 4486 1931 4539 ab
1961 4487 2079 4556 ipso
2122 4488 2497 4543 translationis
2532 4488 2683 4541 initio
2710 4488 3019 4543 factitatum
3066 4491 3287 4546 assidue
3310 4492 3444 4555 fuit,

173 4585 259 4638 vel
300 4584 457 4652 plane
489 4595 743 4653 quassata
776 4586 977 4641 sensim
1010 4588 1263 4659 absorpta
1314 4600 1466 4652 sunt,
1496 4592 1579 4644 vel
1612 4592 1760 4648 fatali

1868 4580 1990 4648 quia
2027 4589 2211 4637 tamen
2248 4581 2315 4635 ad
2352 4581 2465 4634 haec
2501 4596 2673 4651 usque
2718 4590 2967 4652 tempora
3010 4594 3347 4655 perseverat,
3394 4600 3451 4640 et

177 4678 233 4729 iu
271 4677 455 4733 littore
479 4678 835 4742 desedernnt,
875 4682 1163 4752 praedaque
1203 4684 1410 4748 omnia,
1444 4700 1606 4757 quam
1662 4702 1761 4758 per

178 4772 262 4826 fas
322 4782 378 4827 et
447 4773 601 4826 nefas
658 4773 926 4828 barbarus
990 4777 1374 4846 undecumque
1449 4779 1759 4851 collegerat,

176 4864 245 4919 ad
279 4862 681 4917 Salermtauum
709 4863 866 4919 littus
910 4864 1107 4934 ejecta,
1145 4866 1338 4935 incolis
1362 4872 1762 4938 occupantibus

175 4963 263 5007 est
296 4953 546 5021 quaesita.
578 4952 717 5007 Cum
770 4954 933 5023 igitur
975 4956 1351 5012 imminentem
1397 4960 1605 5013 cladem
1655 4971 1760 5014 tam

179 5046 327 5100 felici
378 5056 604 5107 eventu,
633 5061 741 5097 non
775 5047 1025 5101 humana:
1080 5050 1241 5113 vires,
1278 5051 1372 5102 sed
1437 5051 1576 5103 Dens
1638 5052 1761 5121 Opt.

184 5142 326 5191 Max.
368 5137 685 5200 avertisset,
726 5149 1015 5207 acceptum
1062 5140 1114 5193 id
1143 5141 1475 5195 Salernitani
1518 5146 1767 5199 tulerunt

183 5231 445 5299 precibus
484 5239 540 5283 et
576 5230 788 5283 meritis
843 5231 1079 5284 Matthmi
1112 5241 1167 5285 ct
1220 5217 1454 5287 Andreé
1486 5238 1763 5305 apostolo-

183 5338 339 5379 rum:
377 5322 462 5375 bic
495 5321 957 5393 Amalphitanatn,
996 5324 1082 5378 ille
1118 5324 1521 5381 Salernitanam
1551 5330 1761 5398 plagam

182 5414 526 5468 defenderat.
552 5412 922 5478 Quamobrem
953 5417 1201 5484 Sequenti
1262 5416 1349 5469 die
1382 5418 1764 5474 Salernitanus

185 5507 422 5577 populus
487 5508 597 5562 Deo
640 5507 895 5577 ingentes
941 5510 1142 5579 gratias
1194 5510 1304 5579 egit
1344 5526 1353 5559 :
1391 5517 1445 5562 et
1509 5510 1765 5579 deinceps

187 5599 482 5669 quotannis
510 5613 572 5652 ea
606 5600 718 5669 ipsa
753 5599 839 5652 die
872 5598 1118 5653 miraculi
1150 5601 1412 5653 meritoria
1445 5608 1760 5663 renovatur,

188 5695 313 5761 quia
381 5702 437 5745 ct
496 5692 777 5760 proprium
834 5691 903 5745 ob
966 5693 1012 5744 id
1053 5688 1301 5746 Oﬂiciuni
1350 5694 1660 5745 celebratur
1710 5695 1761 5746 in

186 5790 357 5842 choro
409 5784 634 5851 majoris
661 5787 929 5849 ecclesiae,
982 5794 1034 5839 et
1068 5801 1165 5853 per
1197 5783 1474 5839 civitatem
1531 5783 1762 5840 solemni

188 5880 540 5951 proccssione
573 5878 915 5944 discurritur,
964 5879 1016 5933 in
1074 5894 1178 5948 qua
1230 5878 1458 5933 alternis
1513 5878 1763 5948 precibus

1868 4673 2027 4727 nobis
2069 4673 2233 4727 etiam
2268 4672 2587 4727 videntibus
2624 4673 2954 4742 quandoque
3017 4685 3298 4745 peractum
3336 4686 3446 4739 est,

1868 4768 2109 4822 nonfuit
2150 4768 2259 4822 ulla
2297 4769 2509 4823 ratione
2541 4770 2988 4839 prastereundum
3032 4770 3276 4826 silentio.
3316 4790 3331 4823 ι
3372 4772 3447 4826 Ita

1866 4870 2079 4915 auctor.
2129 4860 2206 4914 Ex
2262 4860 2469 4914 ultimis
2527 4862 2712 4921 verbis
2760 4862 2979 4934 colligo,
3052 4865 3222 4917 multa
3275 4864 3445 4918 sancti

1869 4953 2106 5007 Mattha-i
2153 4955 2416 5015 beneiicia
2479 4958 2703 5027 scriptis
2756 4956 3074 5027 consignata
3108 4971 3222 5011 non
3253 4956 3443 5012 fuisse:

1870 5060 2045 5115 neque
2074 5046 2223 5099 enim
2262 5061 2765 5119 energmnenorum
2818 5047 3175 5105 liberationes
3226 5049 3447 5113 invenio

1864 5139 2120 5208 scriptas.

1937 5230 2025 5283 89.
2071 5230 2141 5281 Ex
2177 5228 2279 5283 illis
2312 5246 2478 5284 unum
2507 5231 2688 5287 Sancti
2724 5230 3043 5289 beneficium
3082 5230 3446 5292 Salernitanis

1869 5324 2168 5393 prmSIitttm
2197 5323 2429 5377 refertur
2455 5340 2482 5377 a
2509 5323 2811 5377 Rouiualdo
2838 5323 2880 5377 ll
2909 5326 3320 5393 archiepiscopo
3353 5323 3450 5377 Sa-

1870 5416 2166 5473 lcrnitano.
2206 5416 2296 5484 qui
2333 5416 2515 5469 omnia
2568 5430 2806 5493 prmsens
2859 5419 3043 5470 videre
3096 5416 3292 5485 potuit,
3323 5432 3446 5469 cum

1872 5511 2045 5580 patria
2102 5509 2271 5562 fuerit
2321 5508 2717 5573 Salernitanus,
2773 5520 2826 5563 et
2882 5510 3182 5565 secundum
3241 5509 3446 5580 Uglielli

1868 5604 2244 5656 chronotaxitn
2274 5604 2383 5670 jam
2418 5603 2607 5668 patria.-
2652 5618 2761 5656 sua:
2792 5615 3039 5672 praeesset
3084 5604 3450 5671 archiepisco—

1870 5709 1989 5764 pus,
2022 5695 2239 5762 quando
2276 5709 2361 5745 res
2399 5705 2613 5763 peracta
2647 5705 2747 5759 est,
2796 5703 2887 5747 aut
2914 5695 3276 5762 quadriennio
3325 5703 3445 5763 post

1870 5788 2314 5860 archiepiscopus
2343 5788 2501 5841 fuerit
2534 5788 2707 5863 factus
2738 5802 2802 5840 ex
2838 5788 3155 5841 cbronotaxi
3192 5788 3448 5856 GaSpatis

1872 5880 2071 5935 Musca.
2112 5878 2333 5933 Factum
2385 5894 2413 5930 a
2466 5878 2781 5947 Muratorio,
2838 5882 2887 5935 in
2926 5883 3215 5935 Annalibus
3250 5881 3442 5946 Italia,
