4188 6436
784 372 891 435 803

2014 382 2301 444 MENSIS
2335 384 2620 446 SEPTEM
2636 388 2724 446 BE
2737 389 2804 448 R.

3949 402 4055 464 83L

786 488 1022 542 refertur
1045 488 1109 543 ad
1144 504 1348 545 annum
1385 490 1538 557 1162,
1579 504 1742 565 atque
1766 494 1840 550 ita
1873 498 2163 566 exponitur
2194 512 2223 552 a
2256 498 2364 553 Ro-
2392 515 2434 563 Α
2467 500 2586 556 sitia
2632 512 2822 556 neuter
2863 504 3002 559 scire
3052 508 3255 574 potuit;
3295 520 3341 561 at
3397 513 3525 565 mihi
3574 515 3908 583 conjectura
3949 517 4057 571 Ro-

793 579 1023 644 mualdo,
1060 588 1189 632 tom.
1224 579 1310 633 VII
1340 580 1667 650 Scriptorum
1704 584 1899 650 Italia,
1941 586 2045 641 col.
2074 588 2199 642 205.
2226 588 2355 643 Gui-

791 673 1002 729 lielmus
1033 670 1050 724 l
1080 672 1281 727 Sicilire
1311 690 1403 727 rex
1444 685 1805 745 cognomento
1839 677 2027 743 Malus,
2059 688 2181 748 post
2209 696 2358 734 com-

789 781 1007 835 pressos
1034 767 1347 821 rebellionis
1373 778 1551 823 motus
1575 771 1628 822 in
1660 785 1826 840 regno
1854 769 2223 841 Neapolitano,
2258 793 2277 825 ‹
2304 785 2358 828 et

786 858 866 912 sic
902 867 1215 927 recuperata
1251 868 1390 912 terra
1428 867 1533 913 tota
1570 863 1712 930 (eum
1737 863 2023 931 exercitu),
2061 862 2351 919 Salernum

788 950 956 1003 venit.
988 948 1053 1003 Et
1093 950 1219 1019 quia
1256 949 1565 1021 indignatus
1594 963 1711 1007 erat
1740 953 2094 1009 Salernitanis
2122 957 2354 1023 civibus,

788 1039 976 1092 urbem
1026 1039 1229 1094 intrare
1259 1041 1449 1105 noluit,
1484 1042 1576 1095 sed
1604 1042 1755 1111 juxta
1789 1060 1905 1099 eam
1957 1047 2186 1099 tentoria
2223 1048 2354 1101 flvit.

788 1129 967 1199 Coepit
1004 1140 1185 1185 autem
1235 1147 1264 1185 a
1299 1133 1509 1188 civibus
1548 1150 1798 1205 magnam
1831 1137 2116 1206 pecuniam
2150 1149 2355 1208 petere.

786 1222 958 1287 Quam
984 1240 1149 1293 quum
1183 1224 1258 1278 illi
1284 1226 1465 1280 statim
1488 1227 1698 1282 solvere
1724 1244 1831 1283 non
1858 1238 2101 1298 possent,
2136 1231 2353 1287 inventa

782 1318 1070 1372 occasione
1126 1319 1411 1387 plurimum
1467 1321 1801 1392 indignatus,
1853 1325 2113 1392 quosdam
2157 1341 2222 1380 ex
2278 1325 2357 1381 eis

785 1412 1043 1480 suspendi
1072 1412 1220 1474 fecit,
1266 1414 1626 1469 comminatus
1672 1415 1812 1479 aliis,
1854 1418 2020 1487 quod,
2050 1419 2154 1473 nisi
2188 1434 2355 1488 pecu-

786 1503 932 1555 niam
962 1504 1074 1557 cito
1106 1503 1399 1567 solverent,
1435 1505 1623 1559 urbem
1661 1506 1987 1561 destrueret.
2026 1507 2224 1565 Beatus
2254 1526 2356 1564 au-

786 1600 896 1646 tem
936 1593 1212 1661 apostolus
1245 1594 1547 1661 Mattheus,
1579 1597 1671 1666 qui
1712 1597 2070 1653 Salernitanre
2094 1600 2295 1655 civitati
2327 1618 2353 1655 a

789 1681 899 1736 Deo
928 1692 1187 1753 patronus
1215 1687 1373 1742 datus
1401 1698 1484 1743 est
1509 1698 1564 1744 et
1590 1689 1865 1751 defensor,
1898 1690 2173 1745 civitatem
2201 1708 2352 1749 suam

785 1772 842 1826 in
879 1782 1028 1829 tanto
1059 1776 1373 1834 discrimine
1410 1796 1515 1834 non
1549 1780 1783 1849 reliquit.
1817 1780 1949 1834 Nam
1991 1797 2153 1847 quum
2183 1800 2275 1838 rex
2301 1786 2354 1840 in

2460 595 2662 648 mualdi
2698 596 3029 664 praeferenda
3064 601 3294 665 videtur,
3319 605 3443 671 quia
3469 607 3727 662 terribilis
3762 610 3857 663 ille
3889 611 4057 665 turbo

2458 699 2582 740 eum
2621 703 2811 743 revera
2843 688 3098 744 eﬂ'ectum
3133 694 3412 762 produxit,
3450 709 3506 750 ut
3541 701 3755 754 nullum
3783 713 4056 771 praeterea

2459 780 2717 835 damnum
2753 780 3114 839 Salernitanis
3138 787 3210 841 sit
3240 788 3443 841 illatum
3472 810 3485 853 ;
3526 796 3619 847 sed
3656 794 3831 848 vitam
3863 798 4055 850 occiso

2460 884 2565 922 non
2597 870 2855 924 reddidit.

2461 1027 2488 1100 §
2522 1027 2634 1082 VII.
2675 1027 2923 1097 Reliquiw
2956 1034 3271 1112 variislocis
3338 1051 3560 1091 serrata:
3596 1058 3613 1093 :
3653 1042 3773 1094 loca
3838 1045 4050 1112 aliquot

2845 1116 3000 1154 sum:
3035 1104 3089 1155 S.
3116 1105 3361 1161 Mattiaco
3379 1112 3574 1164 dicata.

2528 1213 2617 1268 9i.
2670 1213 2897 1269 Restant
2946 1217 3207 1270 nonnulla
3260 1220 3486 1274 dicenda
3543 1222 3610 1276 de
3667 1224 3928 1293 reliquiis
3996 1226 4048 1281 ς.

2458 1305 2714 1368 Matthzei,
2738 1323 2856 1376 qua:
2874 1322 2902 1360 a
2938 1309 3149 1373 reliquo
3171 1326 3400 1379 corpore
3421 1326 3687 1381 separata:
3720 1328 4043 1371 servantur.

2458 1396 2635 1451 Mazza
2664 1399 2903 1467 quidem,
2935 1401 2986 1453 in
3014 1401 3243 1455 Historia
3295 1402 3656 1469 Salernitana,
3693 1424 3825 1475 cap.
3857 1408 4044 1462 Edicit

2458 1490 2626 1543 sancti
2670 1490 2905 1545 Matthaei
2942 1496 3169 1562 apostoli
3230 1511 3424 1566 corpus
3480 1499 3776 1569 integrmn,
3817 1515 4046 1569 excepto

2457 1582 2619 1635 dente
2644 1583 2971 1650 acbrachio,
3019 1589 3221 1639 servari
3288 1590 3338 1641 in
3391 1591 3539 1643 altari
3597 1592 3778 1645 eidem
3843 1595 4044 1661 dicato,

2456 1675 2523 1729 de
2562 1692 2669 1745 quo
2724 1678 2807 1746 egi
2844 1696 2994 1733 num.
3045 1681 3131 1736 8i.
3167 1679 3234 1733 At
3277 1681 3403 1734 illud
3459 1685 3678 1738 certiori
3722 1686 4045 1738 testimonio

2458 1772 2571 1826 sive
2601 1772 2801 1826 ossium
2837 1774 3179 1843 inspectione
3212 1777 3500 1845 probatum
3532 1779 3753 1838 vellem.
3802 1789 3856 1832 et
3896 1790 4041 1834 certe

782 1878 853 1917 εο
908 1876 1055 1919 esset
1104 1870 1403 1937 ιπορθείιο.
1437 1873 1579 1939 quod
1628 1873 1790 1927 multa
1822 1877 1958 1929 mala
2002 1877 2353 1933 salernilanis
2390 1862 2427 1915 Β
2459 1873 2567 1918 tam
2604 1864 2788 1919 stricte
2827 1867 3150 1920 sumendum
3178 1884 3281 1922 non
3319 1876 3421 1929 est,
3480 1878 3537 1922 ut
3570 1871 3912 1925 credendum
3952 1875 4037 1937 sit,

787 1959 1032 2024 inferret,
1086 1962 1260 2017 media
1306 1964 1416 2027 die,
1464 1980 1631 2033 quum
1679 1976 1822 2022 tanta
1874 1981 2020 2023 esset
2065 1971 2353 2037 serenitas,

783 2055 925 2123 quod
956 2056 1100 2108 nulla
1134 2056 1188 2109 in
1236 2072 1359 2111 aere
1392 2060 1562 2113 nubes
1603 2071 1909 2129 appareret,
1957 2064 2139 2118 subito
2182 2080 2209 2117 a
2262 2065 2355 2119 Se-

784 2148 1110 2218 ptemtrione
1152 2160 1345 2203 ventus
1398 2150 1604 2205 validus
1635 2168 1756 2207 eum
1813 2155 2014 2226 ingenti
2064 2156 2263 2225 pluvia,
2302 2167 2357 2212 et

786 2240 945 2292 turbo
986 2240 1322 2307 impetuosus
1366 2239 1565 2311 erupit,
1607 2244 1699 2313 qui
1735 2245 1898 2299 totius
1930 2248 2199 2304 exercitus
2238 2254 2357 2304 ten-

784 2330 922 2384 toria
954 2332 1205 2386 universa
1236 2332 1451 2403 dejecit,
1490 2344 1541 2389 et
1574 2338 1867 2392 tentorium
1899 2340 2107 2407 regium
2134 2342 2185 2393 in
2219 2343 2357 2396 emi-

782 2423 931 2477 nenti
966 2424 1201 2491 positum
1240 2426 1317 2480 sic
1351 2442 1380 2480 a
1414 2427 1555 2490 loco,
1583 2428 1634 2481 in
1676 2446 1784 2498 quo
1826 2432 1989 2485 fixum
2022 2433 2219 2498 fuerat,
2256 2436 2357 2489 im-

782 2510 917 2579 pulit
946 2520 999 2565 et
1031 2514 1347 2575 commovit,
1394 2516 1536 2583 quod
1577 2531 1757 2587 regem
1804 2518 2166 2574 dormientem
2217 2537 2355 2591 pene

782 2605 1089 2675 prostravit.
1125 2605 1548 2678 Expergefaetus
1582 2626 1703 2674 rex,
1733 2619 1787 2665 et
1819 2622 1965 2668 tanta
1996 2614 2355 2673 inundatione

792 2696 1080 2760 attonitus,
1118 2704 1278 2765 erepit
1310 2700 1515 2769 fugere,
1541 2708 1592 2753 et
1626 2701 1868 2770 Apostoli
1899 2706 2158 2758 auxilium
2198 2707 2354 2761 invo-

782 2799 926 2847 care,
957 2796 1011 2840 et
1041 2787 1127 2840 vix
1170 2789 1219 2841 in
1260 2789 1493 2857 quodam
1546 2805 1715 2859 parvo
1762 2795 1994 2848 tentorio
2041 2795 2253 2865 fugiens
2295 2812 2356 2851 se

784 2878 1006 2947 recepit.

852 2968 940 3023 90.
985 2970 1047 3023 Et
1080 2972 1205 3025 licet
1237 2988 1328 3026 rex
1379 2974 1543 3027 animi
1597 2975 1678 3029 sui
1732 2977 1980 3032 timorem
2031 2994 2194 3049 super
2252 2980 2354 3035 hoc

781 3060 923 3115 facto
954 3062 1341 3128 dissimularet,
1387 3079 1665 3137 magnates
1710 3080 1888 3124 tamen
1942 3073 2105 3126 curia:
2158 3085 2211 3128 et
2248 3075 2351 3128 viri

792 3153 1090 3221 prudentes
1120 3156 1407 3211 manifeste
1439 3170 1721 3225 noverunt,
1754 3162 1853 3215 hoc
1889 3164 2209 3218 miraculum
2245 3166 2353 3218 vir-

782 3252 896 3297 tute
934 3246 1230 3312 apostolica
1261 3262 1649 3317 perpetratum.
1673 3254 1965 3321 Apostolus
1992 3256 2135 3308 enim
2168 3256 2220 3309 in
2248 3257 2349 3312 hoc

784 3335 924 3389 facto
950 3347 1004 3389 et
1025 3340 1316 3393 commisso
1347 3340 1448 3393 sibi
1478 3345 1675 3411 populo
1698 3354 1753 3397 et
1784 3346 1889 3416 regi
1917 3347 2201 3404 manifeste
2223 3365 2351 3405 eon-

782 3429 933 3493 sulit,
973 3429 1099 3484 dum
1131 3440 1187 3484 et
1224 3434 1573 3487 commissam
1603 3436 1707 3490 sibi
1738 3440 1991 3507 populum
2033 3457 2060 3493 a
2108 3443 2350 3510 periculo

782 3522 951 3587 eruit,
978 3532 1031 3575 et
1080 3539 1279 3592 regem,
1313 3540 1381 3579 ne
1412 3530 1745 3596 propositum
1795 3533 1995 3585 malum
2042 3532 2346 3599 perliceret,

787 3612 1088 3680 impedivit.
1115 3612 1229 3666 Rex
1261 3628 1409 3682 ergo,
1441 3620 1584 3684 quod
1609 3619 1805 3674 factum
1839 3621 2028 3685 fuerat,
2062 3639 2243 3677 secum
2271 3641 2351 3679 re-

780 3704 1045 3773 cogitans,
1099 3714 1152 3759 et
1202 3708 1622 3779 indignationem
1686 3714 2033 3782 apostolicam
2097 3717 2350 3786 pertime-

780 3810 959 3857 scens,
993 3812 1158 3867 quum
1187 3815 1245 3853 se
1271 3811 1606 3857 moraturum
1634 3805 1775 3859 circa
1801 3805 2083 3862 Salernum
2107 3811 2350 3879 aliquan-

779 3886 952 3938 tulum
1002 3888 1387 3955 disposuisset,
1435 3901 1642 3947 mutato
1694 3898 1989 3964 proposito,
2044 3900 2212 3955 altera
2264 3903 2352 3958 die

779 3974 959 4044 galeas
996 3975 1071 4046 (id
1118 3987 1203 4031 est
1255 3979 1524 4051 triremes)
1561 3983 1799 4052 intravit,
1845 3994 1901 4042 et
1929 3987 2255 4047 festinanter
2293 3993 2348 4048 in

781 4067 1024 4121 Siciliam
1058 4068 1237 4123 rediit.
1273 4088 1291 4120 ι
1325 4070 1477 4139 Hugo
1506 4072 1833 4140 Faleandus,
1858 4080 1947 4145 qui
1975 4081 2163 4136 eodem
2185 4084 2347 4139 etiam

778 4160 979 4214 saeculo
1032 4160 1268 4231 scripsit,
1328 4163 1382 4216 in
1436 4162 1675 4219 Historia
1726 4166 1932 4234 Sicula,
1981 4171 2178 4226 ibidem
2227 4186 2350 4243 post

780 4251 1064 4306 Romualdi
1087 4253 1385 4308 ehronicou
1414 4255 1580 4322 edita,
1603 4258 1667 4311 de
1698 4258 1838 4315 facto
1863 4262 2166 4333 prodigiose
2190 4265 2349 4335 plane

777 4343 1088 4409 consentit;
1130 4344 1222 4398 sed
1262 4360 1478 4400 causam
1521 4348 1749 4419 prodigii
1784 4354 2030 4409 attribuit
2065 4358 2220 4412 morti
2253 4359 2349 4412 ali-

778 4436 936 4502 cujus
964 4436 1169 4491 innoxii
1201 4437 1547 4507 Salernitani,
1580 4445 1671 4511 qui
1705 4444 1848 4512 regis
1875 4446 2030 4514 jussu
2064 4463 2188 4502 cum
2229 4452 2346 4507 aliis

2458 1956 2591 2009 nihil
2646 1957 2994 2026 reliquiarum
3030 1961 3199 2014 sancti
3239 1962 3468 2015 Matthxi
3522 1963 3587 2015 ad
3650 1964 3755 2015 alia
3823 1981 4041 2033 quoque

2457 2045 2571 2101 loca
2601 2050 2936 2117 pervenisse.
2977 2049 3197 2103 Interim
3261 2054 3505 2108 laudatus
3550 2064 3742 2108 auctor
3786 2066 4037 2119 testatur,

2458 2137 2675 2190 dentem
2713 2155 2880 2192 unum
2935 2151 2989 2193 et
3025 2141 3303 2195 brachium
3351 2143 3533 2198 Sancti
3573 2147 3622 2198 in
3651 2150 3931 2225 superiori
3958 2166 4041 2203 sa-

2458 2228 2636 2281 crario
2667 2229 2910 2297 ejusdem
2962 2233 3205 2288 ecclesia:
3259 2238 3591 2291 conservari.
3666 2241 3738 2294 De
3803 2254 4041 2313 utroque

2457 2320 2621 2374 etiam
2650 2322 2891 2390 loquitur
2922 2324 3205 2392 Marsilius,
3232 2342 3352 2397 cap.
3390 2329 3439 2386 9.
3472 2347 3591 2400 pag.
3630 2332 3718 2391 79.
3752 2334 3843 2387 ubi
3875 2351 4043 2404 expo-

2464 2412 2546 2462 nit
2577 2423 2789 2465 servata
2820 2414 2870 2465 in
2903 2420 3162 2477 Sacrario.
3183 2430 3344 2489 atque
3372 2421 3586 2475 dentem
3618 2425 3769 2477 illum
3803 2430 4038 2494 positum

2458 2516 2580 2556 esse
2616 2505 2669 2556 in
2700 2520 2861 2561 cruce
2910 2519 3163 2578 argentea
3207 2513 3369 2564 variis
3409 2514 3651 2582 reliquiis
3684 2510 3885 2577 dicata.
3927 2539 3946 2569 ι
3982 2520 4035 2573 ln

2458 2593 2645 2648 dextra
2682 2595 2857 2664 (parte
2913 2600 3113 2667 crucis)
3174 2600 3543 2670 gloriosissimi
3600 2604 3840 2661 Mattha'i
3904 2610 4039 2663 dens

2457 2684 2617 2746 alius,
2654 2685 2719 2740 de
2747 2703 2853 2755 quo
2893 2698 2947 2741 et
2976 2704 3097 2751 nos,
3139 2691 3333 2760 inquit,
3368 2709 3528 2763 supra
3559 2696 3726 2750 locuti
3762 2714 3981 2754 sumus.
4017 2720 4032 2749 ι

2459 2775 2702 2831 lnsinuat
2736 2778 2919 2846 igitur,
2962 2797 3083 2836 esse
3110 2782 3259 2835 illum
3296 2786 3469 2853 ipsum
3508 2786 3756 2851 dentem,
3789 2794 3881 2857 qui
3910 2808 4038 2846 con-

2458 2882 2643 2921 cessus
2676 2869 2854 2923 fuerat
2901 2872 3199 2929 Athanasio
3240 2878 3506 2932 monacho
3562 2883 3814 2950 corporis
3844 2884 4039 2942 inven-

2460 2960 2583 3023 tori,
2624 2970 2683 3014 ut
2750 2961 2958 3017 dictum
3010 2982 3162 3019 num.
3204 2968 3305 3035 74;
3356 2970 3557 3039 quique
3598 2974 3775 3025 eidem
3824 2976 4039 3028 ablatus

2457 3050 2653 3106 deinde
2692 3063 2797 3115 est,
2827 3058 3284 3123 quemadmodum
3317 3064 3619 3129 expositum
3663 3072 3745 3118 est
3768 3080 3925 3119 num.
3951 3068 4033 3120 7i.

2460 3140 2533 3194 De
2593 3143 2813 3198 brachio
2857 3148 3108 3203 laudatus
3148 3151 3415 3207 Marsilius
3448 3159 3517 3208 ita
3559 3155 3801 3226 loquitur
3834 3178 3847 3213 :
3887 3180 3906 3210 ι
3947 3159 4037 3213 Est

2453 3245 2505 3290 et
2536 3235 2597 3287 D.
2636 3237 2874 3292 Matthxi
2934 3240 3219 3296 brachiqu
3263 3244 3413 3307 illud,
3441 3249 3581 3313 quod
3612 3247 4034 3304 Beneventanus

2452 3331 2722 3398 quondam
2751 3335 3007 3404 princeps
3039 3352 3065 3387 a
3106 3336 3367 3406 Gisulpho
3408 3340 3660 3407 precibus
3704 3343 4035 3411 impetrave-

2452 3431 2535 3475 rat
2568 3439 2580 3473 :
2614 3433 2669 3476 et
2708 3428 2957 3491 quamvis
3002 3439 3228 3496 argento
3272 3433 3640 3495 concluditur,
3673 3450 3735 3488 ex
3768 3439 4030 3491 cancellis

2454 3524 2633 3570 tamen
2661 3519 2837 3573 carnis
2864 3528 2918 3572 et
2945 3522 3148 3573 ossium
3179 3532 3429 3590 aspectus
3467 3527 3807 3582 intuentibus
3822 3542 4027 3598 patet.»

2456 3608 2579 3661 Htec
2623 3610 2915 3675 Marsilius,
2946 3628 3051 3665 non
3084 3615 3386 3681 explicans,
3419 3634 3522 3687 qua
3584 3625 3874 3677 occasione
3905 3626 4030 3677 bra-

2460 3698 2667 3764 chium,
2730 3703 2875 3772 quod
2932 3706 3131 3759 saeculo
3178 3705 3220 3759 Χ
3274 3708 3639 3764 Beneventum
3703 3718 4028 3773 translatum

2451 3795 2739 3859 asseritur,
2775 3807 2961 3866 postea
3003 3801 3232 3855 relatum
3271 3803 3433 3857 fuerit
3463 3804 3775 3859 Salernum.
3824 3807 4024 3864 Verum

2451 3881 2593 3938 sicut
2624 3902 2819 3956 corpus
2854 3889 2911 3943 S.
2941 3890 3184 3947 Januarii
3220 3897 3418 3951 smculo
3452 3913 3500 3950 lx
3544 3900 3867 3955 translatum
3929 3903 4029 3957 fuit

2450 3974 2669 4048 Neapoli
2694 3980 3086 4049 Beneventum,
3112 3987 3347 4058 indeque
3378 3994 3591 4045 rursum
3625 3994 3731 4047 alio
3761 3995 4027 4052 delatum:

2449 4070 2777 4143 demumquc
2862 4076 3141 4147 Neapolim
3198 4082 3447 4144 relatum,
3522 4086 3611 4137 tali
3685 4100 3780 4139 aut
3862 4091 4027 4148 simili

2450 4165 2611 4218 modo
2647 4168 2929 4222 brachium
2997 4172 3169 4225 sancti
3223 4171 3457 4229 Matthxi
3506 4175 3794 4234 Salernum
3847 4181 4025 4239 redire

2452 4257 2666 4322 potuit.-
2703 4257 2863 4314 Certe
2888 4260 3019 4315 illud
3056 4265 3215 4319 modo
3252 4264 3464 4322 Salerni
3503 4285 3643 4329 esse.
3682 4274 3756 4327 uti
3791 4285 3847 4328 et
3896 4276 4027 4329 den—

2453 4352 2585 4409 tem,
2637 4351 2803 4402 etiam
2833 4353 3028 4406 asserit
3054 4353 3236 4409 Musca
3299 4357 3352 4410 in
3379 4358 3712 4429 Compendio
3760 4365 3875 4431 jam
3912 4367 4027 4420 lau-

2450 4436 2594 4492 dato.

779 4525 957 4579 fuerat
1002 4542 1324 4597 suspensus.
1376 4530 1450 4585 De
1498 4533 1713 4588 turbine
1759 4536 1923 4595 hanc.
1956 4546 2013 4590 ut
2057 4540 2249 4605 credit,
2278 4543 2346 4596 ob
2376 4574 2424 4632 Ι)
2482 4552 2611 4614 ,92,
2671 4551 2728 4608 Si
2761 4564 2941 4611 autem
2982 4557 3112 4614 illud
3185 4561 3361 4630 ipsum
3411 4562 3483 4618 είι
3529 4565 3837 4633 ιπεωιηωη1
3883 4572 4025 4643 quod

779 4629 998 4643 ηυρλ...
1032 4629 1214 4643 ..-Αηη
1282 4620 1346 4643 ε.-
1386 4621 1550 4643 .--μμ
1599 4641 1620 4643 _.
1661 4641 1671 4643 -
1721 4626 1732 4643 .
1783 4626 1886 4643 ηηη
2037 4631 2069 4643 η
2275 4634 2285 4643 .

778 4629 999 4670 causam
1030 4629 1238 4682 exorto,
1280 4620 1352 4674 ita
1384 4621 1622 4691 loquitur
1650 4626 1755 4680 col.
1783 4626 1923 4684 299:
1982 4648 1999 4681 α
2033 4631 2164 4685 Cum
2198 4634 2344 4687 enim

777 4706 916 4758 adeo
946 4722 1173 4764 serenus
1209 4722 1351 4766 esset
1376 4726 1486 4777 aer,
1514 4724 1572 4766 ut
1595 4715 1800 4770 nullum
1823 4734 2045 4788 prorsus
2074 4722 2128 4774 in
2159 4736 2224 4777 eo
2247 4738 2349 4776 nu-

780 4800 864 4850 bis
900 4801 1191 4870 vestigium
1236 4814 1543 4872 appareret,
1605 4818 1749 4862 tanta
1800 4820 2024 4880 repente
2061 4824 2351 4883 tempestas

777 4900 967 4946 exorta
1021 4904 1126 4958 est,
1183 4896 1441 4961 tonitrua,
1512 4901 1938 4967 coruscationes,
1988 4913 2044 4958 et
2097 4906 2349 4963 imbrium

779 4981 1062 5036 inundatio
1097 4981 1406 5051 subsecuta,
1436 4998 1494 5043 ut
1525 5006 1620 5059 per
1657 5001 1827 5048 totum
1858 4999 2153 5052 exercitum
2180 5000 2350 5053 instar

780 5076 1109 5142 rapitliSsimi
1141 5080 1400 5133 torrentis
1429 5096 1566 5150 aqua
1596 5084 1929 5151 decurreret,
1963 5097 2017 5141 et
2042 5100 2148 5143 tam
2183 5091 2351 5161 ipsius

778 5166 942 5235 regis,
984 5183 1141 5235 quam
1172 5182 1491 5226 ceterorum
1538 5176 1779 5231 omnium
1833 5181 2091 5246 tentoria,
2136 5185 2350 5252 paxillis

777 5258 979 5313 avulsis
1042 5262 1322 5332 ruptisque
1378 5264 1616 5331 funibus,
1676 5271 1910 5338 procella
1984 5275 2348 5344 subverteret,

779 5360 1071 5420 tantusque
1102 5369 1281 5425 regem
1314 5365 1368 5410 ct
1401 5360 1714 5416 universum
1745 5367 2041 5420 exercitum
2071 5379 2244 5426 terror
2272 5372 2351 5426 in-

777 5438 937 5503 vasit,
974 5449 1050 5503 ut,
1083 5459 1264 5498 rerum
1299 5447 1545 5503 oumium
1578 5452 1791 5521 jactura
1832 5456 2163 5524 posthabita,
2194 5475 2351 5532 coge-

778 5542 969 5587 rentur
1001 5533 1068 5589 de
1095 5539 1265 5594 salute
1310 5542 1531 5613 propria
1580 5547 1924 5617 desperare.»
1979 5549 2094 5607 Hoc
2145 5555 2254 5622 ille,
2296 5567 2351 5611 nt

777 5622 912 5687 dixi,
960 5626 1204 5683 evenisse
1254 5644 1408 5700 putat
1467 5635 1538 5689 ob
1587 5642 1786 5695 caedem
1833 5644 1968 5699 civis
2022 5646 2347 5714 innocentis,

776 5715 1114 5775 Bomualdus
1165 5723 1230 5777 ad
1288 5732 1753 5784 conservationem
1801 5738 1948 5791 urbis
2007 5748 2061 5793 et
2114 5742 2349 5809 plurium

775 5808 1150 5870 innocentium
1182 5832 1209 5871 a
1234 5817 1445 5876 damnis
1476 5822 1797 5883 inferendis.
1840 5826 2062 5887 Occulta
2096 5808 2188 5889 Dei
2219 5849 2351 5891 con-

2454 4644 2552 4698 fuit
2582 4649 2782 4703 smculo
2823 4666 2851 4702 x
2905 4650 3216 4719 Benevenii,
3280 4656 3490 4711 videtur
3520 4671 3574 4713 et
3630 4662 3863 4717 alterum
3906 4667 4024 4721 bra-

2451 4738 2633 4791 chium
2655 4754 2684 4791 a
2715 4738 2922 4809 reliquo
2944 4757 3169 4812 corpore
3197 4758 3500 4814 separatum
3535 4751 3704 4806 fuisse
3732 4758 3935 4812 seculo
3951 4776 4019 4815 xt.

2452 4826 2663 4897 Quippe
2702 4826 2971 4886 Robertus
3022 4832 3354 4891 Guiseardus
3409 4854 3473 4894 ex
3536 4842 3759 4900 invento
3798 4864 4019 4919 corpore

2454 4920 2719 4989 integrum
2743 4937 2805 4976 os
2832 4922 3039 4979 brachii
3066 4942 3162 4996 pro
3188 4944 3245 4983 se
3267 4931 3510 4996 retinuit,
3537 4946 3594 4989 ut
3612 4937 3851 4997 vidimus
3870 4959 4017 5001 num.

2452 5010 2540 5066 80.
2617 5012 2694 5068 De
2737 5014 2832 5069 illo
2876 5031 2996 5071 osse
3048 5018 3099 5072 in
3145 5019 3395 5077 Chronico
3444 5024 3731 5093 Casintemi,
3786 5033 3882 5090 lib.
3942 5053 4016 5105 tu,

2452 5118 2571 5173 cap.
2607 5104 2698 5171 57,
2727 5105 2889 5160 relata
2911 5105 3130 5163 Roberti
3159 5122 3357 5177 morte,
3392 5114 3505 5171 haec
3535 5117 3796 5190 leguntur
3834 5145 3846 5178 :
3882 5148 3898 5176 ι
3925 5127 4016 5182 llic

2453 5192 2661 5248 interea
2717 5194 3029 5266 (Hobertus)
3059 5200 3125 5253 ad
3181 5202 3324 5256 diem
3378 5205 3559 5262 obitus
3619 5214 3700 5264 sui
3738 5212 4014 5271 brachium

2453 5286 2626 5339 sancti
2671 5287 2898 5354 apostoli
2941 5302 2989 5344 et
3046 5298 3391 5364 evangelista:
3444 5298 3678 5355 Matthei
3730 5310 4015 5375 capellanis

2453 5379 2588 5443 suis,
2620 5378 2730 5433 lilio
2761 5395 2882 5445 suo,
2919 5381 3129 5440 Salerni
3170 5394 3578 5458 reportandurn,
3605 5404 3769 5465 atque
3800 5401 4016 5455 redden-

2453 5472 2580 5527 dum
2604 5475 2841 5545 reliquit.
2874 5477 2978 5532 Sed
3019 5479 3091 5533 illi
3143 5482 3443 5538 substantia
3498 5503 3787 5557 pauperes,
3828 5510 3888 5546 ac
3923 5496 4016 5551 ﬁde

2454 5568 2828 5635 pauperiores,
2866 5570 3080 5625 thecam
3121 5585 3455 5643 argenteam,
3500 5580 3552 5633 in
3605 5598 3711 5649 qua
3778 5599 4010 5641 sanctum

2453 5655 2736 5713 brachium
2772 5671 2891 5715 erat
2918 5664 3280 5728 reetmditum,
3309 5670 3449 5723 inter
3483 5688 3543 5727 se
3574 5674 3841 5739 div-Eduxit,
3868 5684 4013 5733 inde-

2454 5761 2559 5814 que
2623 5748 3047 5823 Hierosolymam
3117 5772 3423 5829 pergentes,
3496 5775 3713 5821 sauctas
3771 5772 4013 5837 reliquias

2456 5854 2627 5911 usque
2650 5842 2715 5897 ad
2741 5844 2881 5897 diem
2935 5846 3116 5903 obitus
3157 5854 3239 5905 sui
3290 5855 3433 5924 apud
3464 5870 3519 5910 se
3547 5859 3821 5915 retinuere
3873 5865 4007 5917 cela-
