4188 6436
156 365 265 427 805

1430 341 1606 412 ἨΤΑ
1651 350 1711 413 S.
1762 353 2145 414 ΜΑΤΊΗᾹΞῘ,

3307 346 3412 409 806

160 486 266 530 tas.
323 475 401 532 Ad
429 485 654 529 mortem
692 483 873 529 autem
908 471 1213 535 venientes,
1246 466 1585 539 supradictas
1610 465 1737 519 reli-
1762 468 1812 525 Δ
1843 466 2006 521 habet
2032 465 2444 526 monasterium.
2474 471 2550 523 et.
2594 470 2654 518 ut
2678 462 2932 517 laudatus
2984 470 3177 516 auctor
3227 462 3416 518 obser-

159 572 339 641 quias,
384 570 571 623 insciis
623 568 808 627 sociis,
857 565 1040 635 pueris
1075 564 1188 617 suis
1235 559 1585 623 contradunt,
1642 558 1735 626 qui

162 664 396 731 qualiter
426 669 673 715 sanctum
707 658 989 713 brachium
1024 653 1359 722 temporibus
1390 647 1604 703 Girardi
1644 648 1739 701 ab-

165 756 312 811 batis
351 754 417 807 ad
472 755 619 808 hunc
671 754 852 805 locum
899 747 1211 808 detulerint,
1260 745 1381 799 loco
1411 757 1508 798 suo
1539 740 1741 797 scribe-

165 862 311 900 mus.
352 865 369 896 ι
412 844 613 899 Deinde
643 843 734 897 lib.
766 858 839 905 tv,
862 856 984 909 cap.
1018 839 1105 903 7'5,
1130 836 1383 892 laudatus
1418 842 1608 891 auctor
1626 834 1744 887 hrcc

166 940 360 993 scribit
400 957 412 992 :
454 957 471 988 ι
511 937 609 990 llic
643 938 851 989 interea
883 934 1053 987 abbas
1079 930 1418 1000 (Casinensis
1458 926 1743 994 Girardus)

166 1048 295 1087 cum
340 1032 479 1101 apud
512 1030 882 1085 Beneventum
930 1028 982 1081 in
1025 1024 1338 1095 Apostolico
1368 1019 1587 1076 servitio
1626 1033 1746 1087 per—

169 1134 441 1187 maneret,
475 1133 531 1178 et
561 1131 713 1176 certo
740 1121 942 1175 certius
998 1117 1279 1171 brachium
1308 1112 1479 1167 sancti
1516 1108 1747 1181 apostoli

169 1226 229 1272 et
258 1216 599 1287 erangelisrae
642 1213 875 1268 Matthzri
918 1212 970 1265 in
1015 1211 1201 1265 eadem
1238 1207 1456 1263 civitate
1504 1203 1752 1259 recondi-

172 1320 291 1364 tum
326 1324 446 1364 esse
470 1308 769 1369 didicisset,
802 1306 867 1359 ad
899 1320 957 1361 se
982 1305 1092 1373 jam
1119 1303 1248 1356 dicti
1276 1297 1751 1355 brachiicustodes

171 1418 505 1462 convocans.
535 1400 786 1469 qualiter,
806 1398 888 1452 vel
935 1412 1044 1466 quo
1088 1396 1278 1450 ordine
1301 1392 1544 1464 ejusdem
1574 1387 1749 1444 sancti

175 1495 411 1564 apostoli
450 1492 731 1547 brachium
776 1491 1111 1552 habuissent,
1154 1484 1499 1557 percunctari
1548 1482 1754 1538 Studio-

172 1586 395 1640 sissime
443 1583 628 1652 cmpit.
672 1582 773 1647 Qui
809 1582 937 1635 dum
987 1580 1321 1641 retulissent,
1357 1575 1588 1645 qualiter
1625 1573 1751 1629 illud

176 1692 365 1731 St‘Cttm
439 1674 710 1729 Robertus
770 1676 877 1730 dux
932 1675 1216 1728 detulisset
1286 1674 1338 1724 in
1385 1669 1750 1737 expeditione,

174 1783 342 1836 quam
374 1779 561 1821 contra
595 1767 846 1820 Alexium
906 1766 1287 1833 imperatorem
1349 1758 1637 1822 habuerat,
1690 1774 1752 1813 ac

176 1863 399 1916 demum
424 1862 721 1930 capellanis
762 1861 879 1913 suis
916 1859 979 1911 ad
1008 1866 1236 1910 mortem
1286 1856 1601 1925 reliquerat,
1628 1852 1759 1921 ipsi-

178 1971 287 2024 que
327 1953 747 2024 posunodumin
784 1951 870 2005 die
910 1951 1090 2005 obitus
1122 1950 1203 2003 sui
1259 1947 1357 2002 sibi
1414 1947 1757 2007 dimiserant,

180 2048 351 2101 abbas
397 2061 618 2099 monere
646 2045 766 2099 illos
825 2044 1089 2097 attentius
1137 2042 1323 2109 carpit,
1379 2048 1435 2093 ut
1483 2048 1632 2091 tanta
1680 2038 1762 2091 di—

181 2139 370 2210 gniora
399 2137 685 2192 Casinensi
713 2135 965 2190 ccenobio
989 2133 1322 2188 conferrent.

256 2232 345 2286 93.
387 2249 405 2282 ι
444 2230 521 2284 illi
549 2238 730 2283 autem
754 2227 909 2281 ocius
929 2242 986 2279 se
1018 2226 1132 2278 haec
1167 2222 1466 2293 adimplere
1497 2226 1760 2285 latcntur,

184 2328 232 2381 si
282 2320 448 2381 abbas
499 2325 619 2377 illos
667 2334 1009 2390 quacumque
1059 2320 1191 2373 hora
1225 2317 1291 2372 ad
1344 2317 1763 2371 conversionem

184 2417 376 2471 venire
407 2414 627 2478 vellent,
672 2413 880 2482 absque
924 2412 1107 2480 aliquo
1154 2410 1330 2480 pretio
1385 2408 1503 2462 illos
1563 2406 1613 2458 in
1664 2406 1767 2459 hoc

188 2506 525 2563 monasterio
543 2506 834 2575 reciperet.
866 2503 1021 2569 Quod
1054 2518 1177 2556 cum
1204 2501 1375 2554 abbas
1408 2498 1767 2553 libentissime

189 2617 251 2656 se
281 2601 629 2671 impleturum
658 2598 1063 2669 spopondisset,
1109 2596 1183 2649 illi
1220 2592 1508 2649 confestim
1552 2601 1770 2646 sanctas

191 2696 456 2764 reliquias
488 2694 552 2748 ad
618 2693 766 2746 hunc
811 2692 988 2745 locum
1048 2688 1298 2743 ferendas
1358 2685 1533 2740 eidem
1589 2683 1768 2737 abbati

192 2788 547 2841 contradnnt.
603 2783 918 2852 Suscipiens
942 2782 1104 2851 igitur
1133 2780 1277 2834 idem
1322 2779 1491 2831 abbas
1552 2784 1770 2830 sanctas

195 2879 479 2949 reliquias,
548 2876 752 2945 diuque
802 2873 1150 2934 deosculans,
1212 2887 1310 2941 per
1372 2870 1533 2939 hujus
1577 2880 1774 2923 nostrae

196 2970 640 3041 congregationis
684 2968 882 3021 fratres
917 2968 982 3021 ad
1015 2966 1119 3020 hoc
1148 2963 1541 3019 monasteriqu
1598 2971 1776 3014 trans-

198 3069 420 3121 mittere
452 3066 680 3120 studuit.
725 3062 805 3117 Ad
862 3062 1018 3131 cujus
1083 3060 1377 3114 adventum
1431 3071 1620 3111 omnes
1671 3062 1777 3129 ter-

201 3171 343 3219 ram,
378 3158 467 3223 qui
503 3155 642 3207 hanc
678 3153 1074 3215 inhabitabant,
1110 3148 1460 3219 cumingenti
1484 3147 1773 3201 devotione
1803 3160 1843 3215 ο

202 3259 259 3303 et
292 3247 511 3318 gaudio,
541 3244 752 3298 obviam
792 3250 1199 3312 processerunt.
1239 3242 1382 3293 Sane
1416 3255 1539 3292 cum
1565 3240 1677 3291 hzec
1710 3239 1775 3291 ad

205 3342 375 3411 hujus
402 3348 602 3394 nostrae
637 3334 1073 3407 congregationis
1104 3332 1352 3386 notitiam
1376 3332 1775 3400 pervenissent,

204 3432 573 3488 inaestimabili
632 3430 993 3483 exsultatione
1055 3427 1265 3496 repleti,
1329 3441 1392 3480 ac
1444 3424 1782 3481 solemnibus

204 3523 553 3578 vestimentis
606 3520 820 3586 induti,
878 3535 999 3574 cum
1037 3517 1379 3586 lampadibus
1444 3525 1498 3568 et
1553 3517 1784 3583 thymia-

207 3616 448 3668 matibus
512 3626 683 3679 usque
715 3612 779 3663 ad
839 3618 1049 3677 portam
1105 3616 1343 3661 veterem
1398 3606 1666 3667 exierunt,
1722 3620 1784 3659 ac

208 3721 371 3763 terra:
399 3704 654 3777 prostrati
683 3711 931 3757 sanctum
970 3701 1360 3772 evangelistam
1387 3698 1779 3754 adoraverunt:

209 3810 612 3873 surgentesque
638 3817 758 3855 cum
792 3798 1027 3854 maxima
1084 3794 1397 3850 reverentia
1429 3794 1788 3847 deosculave—

212 3903 365 3959 runt,
400 3903 454 3946 et
488 3908 610 3944 cum
646 3890 860 3961 hymnis
887 3898 940 3942 et
964 3886 1215 3941 laudibus
1246 3884 1377 3938 illud
1432 3883 1485 3936 in
1515 3890 1788 3936 monaste-

210 3987 356 4039 rium
411 3983 834 4043 introducentes,
868 3992 1030 4048 atque
1070 3980 1122 4031 in
1171 3990 1429 4047 argentea
1464 3992 1648 4045 capsa,
1675 3985 1787 4029 tur-

213 4078 357 4128 rium
391 4075 561 4128 instar
594 4083 794 4139 aptata.
842 4082 1089 4125 sanctum
1153 4069 1437 4124 brachium
1502 4070 1791 4123 recluden—

216 4179 319 4232 tes,
347 4167 399 4220 in
424 4175 678 4237 argentea
707 4165 858 4219 trabe
891 4178 1017 4218 ante
1058 4164 1197 4218 beati
1242 4161 1517 4216 Benedicti
1538 4162 1789 4215 altarium

217 4260 646 4331 suspenderunt,
684 4272 829 4311 anno
888 4256 1182 4309 Dominicae
1232 4255 1635 4308 lncarnationis
1669 4253 1790 4306 mil—

216 4355 416 4409 lesimo
441 4351 741 4406 centesimo
779 4348 1037 4402 vicesimo
1074 4346 1338 4401 secundo.
1379 4363 1396 4395 ι
1449 4345 1504 4397 ιιι
1551 4345 1792 4399 Adnota-

218 4443 293 4495 tis
327 4441 512 4511 Angeli
548 4440 614 4493 de
648 4438 795 4493 Nuce
828 4438 1052 4492 cditoris
1083 4437 1304 4494 additur
1357 4436 1638 4489 brachium
1663 4435 1790 4488 illud

218 4536 385 4590 modo
408 4531 634 4594 servari,
692 4530 746 4582 in
812 4530 968 4582 theca
1027 4539 1301 4597 argentea,
1352 4528 1556 4582 brachii
1601 4528 1792 4583 forma.

220 4621 630 4695 l’apebrochius
678 4628 862 4673 noster
924 4617 975 4670 in
1049 4617 1333 4671 Itinerario
1387 4616 1511 4679 51s.,
1574 4619 1717 4685 quod
1767 4633 1796 4670 a

222 4732 379 4773 mora
414 4714 656 4769 Romana
721 4725 897 4779 usque
930 4709 997 4763 ad
1030 4708 1263 4763 reditum
1294 4708 1346 4761 in
1397 4707 1640 4779 Belgium
1668 4722 1798 4761 con-

221 4810 469 4876 scripsit,
504 4821 626 4876 pag.
667 4798 789 4865 108,
825 4801 968 4855 inter
1014 4797 1289 4868 reliquias,
1335 4811 1472 4866 quas
1542 4795 1679 4850 vidit
1745 4797 1796 4849 in

223 4902 468 4959 sacrario
489 4892 944 4959 Casinensi,illud
976 4907 1036 4946 os
1070 4892 1280 4946 brachii
1328 4891 1505 4946 sancti
1559 4890 1797 4944 Matthtei

227 5000 503 5051 recenset.

305 5088 393 5141 94.
432 5085 601 5139 lioma
648 5084 700 5137 in
732 5080 897 5134 variis
948 5078 1196 5134 ecclesiis
1220 5075 1479 5146 reliquias
1502 5077 1801 5130 nonnullas

226 5176 408 5235 sancti
446 5174 683 5228 Matthxi
735 5171 978 5228 exhibet.
1041 5168 1187 5222 Inter
1233 5179 1553 5220 numerosas
1622 5176 1801 5219 autem

231 5270 402 5324 Urbis
436 5266 694 5323 ecclesias
749 5279 852 5317 una
903 5274 987 5316 est
1033 5270 1222 5316 sancto
1289 5260 1541 5313 Matthteo
1600 5258 1800 5322 dicata,

231 5378 358 5434 qua:
383 5361 794 5431 cognominatur
826 5358 879 5409 in
918 5355 1229 5419 Marulana,
1282 5370 1380 5423 pro
1434 5354 1489 5404 in
1534 5352 1802 5415 Mariana,

233 5454 364 5523 quia
387 5451 685 5523 propinqua
719 5458 803 5504 est
849 5448 1065 5516 tropaeis
1114 5445 1291 5509 Marii,
1326 5456 1384 5499 ut
1408 5443 1540 5498 varii
1574 5444 1807 5512 scripto-

237 5563 331 5603 rcs
359 5554 633 5602 asserunt.
670 5544 1022 5606 Martincllus,
1051 5543 1103 5596 in
1133 5542 1299 5595 Roma
1324 5558 1504 5605 sacra,
1538 5556 1659 5611 pag.
1676 5540 1805 5601 257,

236 5641 437 5712 agitde
470 5641 571 5693 hac
641 5638 815 5692 sancti
845 5635 1077 5690 ilatthtei
1121 5634 1350 5689 ecclesia
1400 5636 1452 5687 in
1502 5634 1806 5694 Merulana,

236 5736 370 5787 alias
404 5731 674 5796 Mariana,
714 5730 767 5782 in
819 5730 1039 5798 regione
1069 5728 1360 5791 montium,
1391 5726 1573 5780 eundo
1599 5742 1627 5778 a
1662 5726 1809 5781 Basi-

236 5830 341 5882 lica
392 5823 446 5877 S.
484 5822 662 5877 Mariae
718 5819 936 5890 Majoris
986 5820 1049 5873 ad
1107 5817 1451 5874 Lateranum.
1514 5818 1801 5873 Anneaum

1841 563 1945 619 vat,
1990 556 2116 610 olim
2151 563 2269 611 erat
2305 554 2579 617 Fratrum,
2612 554 2705 623 qui
2756 553 3101 623 appellantur
3124 552 3415 620 Crucil'eri,

1840 664 1985 703 nunc
2024 658 2109 703 est
2143 648 2246 703 sub
2286 662 2412 703 cura
2442 645 2693 701 Fratrum
2740 646 2796 699 S.
2825 644 3131 715 Augustini,
3161 646 3419 700 nimirum

1844 738 2251 808 Hybernorum,
2284 744 2346 789 ut
2386 736 2533 791 addit
2576 744 2767 790 auctor
2824 734 3255 789 recentissimus.
3314 734 3423 790 Ob-

1844 839 2066 885 servant
2106 836 2370 898 praeterea
2426 836 2705 889 auctores,
2736 827 3023 882 ecclesiam
3053 826 3198 879 illam
3230 842 3425 882 recen-

1845 921 1951 977 seri
1993 925 2137 975 inter
2204 921 2391 975 titulos
2438 919 2841 983 Cardinalitios,
2898 930 2952 975 et
3006 920 3226 989 quidem
3283 920 3423 973 inter

1847 1013 2204 1081 antiquiores.
2273 1020 2332 1065 ut
2382 1011 2625 1080 plerique
2684 1010 2911 1065 addunt.
2961 1008 3214 1063 Nonnulli
3263 1009 3427 1063 etiam

1849 1113 2127 1168 asserunt,
2163 1112 2529 1159 constructam
2556 1103 2726 1157 fuisse
2758 1105 2902 1158 circa
2929 1118 3130 1157 annum
3152 1101 3427 1170 600,quod

1851 1210 1959 1248 non
2025 1195 2171 1248 lubet
2207 1193 2543 1248 examinare.
2596 1192 2709 1246 lloc
2743 1193 2948 1246 certius
2986 1202 3090 1256 est,
3121 1193 3426 1247 dedicatam

1854 1281 2024 1335 fuisse
2068 1298 2095 1335 a
2139 1280 2402 1337 Paschale
2455 1280 2522 1345 ll,
2580 1281 2695 1334 sive
2754 1282 2803 1334 id
2846 1284 3045 1335 factum
3091 1282 3256 1336 fuerit
3309 1290 3431 1353 post

1858 1375 2320 1428 constructionem
2358 1373 2610 1442 primam,
2642 1374 2757 1426 sive
2802 1383 2923 1442 post
2957 1374 3429 1430 instaurationem.

1857 1464 2072 1518 Etenim
2100 1464 2355 1517 laudatus
2378 1463 2718 1517 Martinellus
2743 1464 2958 1533 longam
2991 1464 3185 1518 recitat
3235 1464 3433 1516 inscri-

1861 1557 2130 1623 ptionem,
2166 1570 2286 1624 qum
2322 1556 2665 1610 consecratio
2716 1557 2803 1609 illa
2867 1556 3132 1609 asseritur
3177 1555 3229 1607 in
3290 1555 3435 1609 hunc

1861 1649 2106 1701 modum.
2154 1666 2171 1698 ι
2216 1649 2269 1701 In
2307 1648 2528 1702 nomine
2567 1648 2777 1701 Domini
2813 1648 2985 1705 nostri
3043 1647 3166 1701 Jesu
3212 1647 3433 1701 Christi.

1862 1742 2055 1795 Amen.
2094 1743 2255 1796 Anno
2301 1740 2699 1795 lncarnationis
2752 1740 3043 1795 Dominicae
3089 1740 3243 1805 HlO,
3293 1740 3438 1793 indi-

1795 1815 1834 1868 B
1861 1836 2045 1889 ctione
2079 1845 2158 1898 In,
2202 1835 2334 1887 feria
2374 1852 2422 1888 vr
2453 1845 2660 1903 quartae
2693 1834 2989 1888 Dominica:
3036 1834 3087 1887 in
3129 1834 3441 1903 Quadrage—

1863 1929 2022 1991 sima,
2058 1928 2147 1980 die
2176 1926 2575 1980 lncarnationis
2608 1927 2854 1994 ejusdem
2892 1926 2950 1979 Ι).
2994 1926 3056 1979 Ν.
3090 1927 3222 1981 Jesu
3275 1927 3438 1979 Chri—

1862 2016 1951 2082 sti,
2012 2018 2365 2088 ponliﬁcalus
2429 2018 2489 2073 D.
2551 2018 2828 2071 Paschalis
2881 2017 3040 2085 Papa:
3084 2017 3127 2071 ll
3184 2033 3327 2072 anno
3374 2019 3435 2072 11

1866 2110 2080 2177 (omnes
2104 2118 2249 2162 notat
2295 2107 2636 2161 concordant
2678 2120 2824 2158 anno
2866 2106 3020 2172 1110)
3071 2106 3319 2160 dedicata
3360 2116 3446 2160 est

1865 2200 2190 2255 venerabilis
2217 2199 2333 2253 haec
2369 2198 2602 2253 ecclesia
2639 2201 2693 2250 in
2730 2197 2992 2251 honorem
3034 2197 3145 2262 Dei,
3178 2198 3237 2252 B.
3266 2200 3445 2254 Maria:

1865 2308 2085 2364 semper
2118 2293 2373 2364 Virginis,
2426 2301 2482 2346 et
2534 2292 2677 2347 beati
2706 2293 2936 2364 apostoli
2992 2300 3048 2348 et
3100 2292 3448 2363 evangelista:

1868 2386 2127 2451 Matthaei,
2166 2400 2290 2440 cum
2323 2394 2559 2455 quatuor
2595 2386 2883 2451 altaribus,
2912 2400 3033 2454 quae
3078 2395 3210 2439 sunt
3251 2387 3303 2438 in
3359 2400 3445 2440 ea.

1869 2480 2001 2546 Qua:
2029 2479 2369 2534 consecratio
2401 2478 2543 2531 facta
2567 2486 2653 2530 est
2673 2492 2701 2530 a
2732 2476 2959 2546 praefato
2990 2477 3235 2543 domino,
3278 2486 3334 2531 et
3358 2491 3450 2531 ve-

1878 2570 2285 2625 nerabilissimo
2318 2568 2578 2622 Pontifice
2610 2568 2855 2621 Paschali
2890 2568 2934 2622 ll
2966 2583 3120 2637 papa.
3172 2568 3229 2622 In
3262 2568 3451 2638 majori

1872 2662 2141 2730 siquidem
2178 2656 2336 2714 altari
2369 2660 2666 2714 celebravit
2694 2659 2836 2713 idem
2864 2658 2924 2713 D.
2954 2675 3094 2736 papa
3136 2662 3356 2714 missam
3398 2661 3453 2713 in

1876 2755 2139 2809 honorem
2174 2754 2232 2807 Β.
2262 2752 2525 2807 Matthaei.
2547 2752 2911 2821 Coadjutores
2944 2769 3073 2808 vero
3099 2755 3215 2823 ejus
3232 2753 3457 2808 fuerunt

1877 2856 2086 2915 septem
2117 2826 2427 2907 {videlicet
2460 2842 2765 2913 Raynerius
2821 2846 2887 2897 de
2927 2843 3099 2905 Ostia,
3161 2841 3459 2897 Biccardus

1876 2940 1943 2993 de
1978 2939 2163 3001 Portu,
2202 2937 2397 2991 Petrus
2418 2938 2483 2993 de
2521 2937 2748 3002 Tibure,
2769 2937 3018 2992 Julianus
3049 2940 3113 2991 de
3140 2937 3459 3003 Ferentino,

1878 3032 2202 3085 Anastasius
2234 3033 2301 3086 de
2332 3032 2491 3094 Alba,
2513 3032 2709 3085 Petrus
2741 3031 2807 3084 de
2826 3031 3163 3095 Tusculano,
3192 3031 3461 3085 Antonius

1881 3124 1947 3177 de
1978 3123 2207 3185 Amelia,
2233 3124 2594 3192 praesentibus
2628 3122 2884 3176 onmibus
2911 3121 2969 3176 S.
3014 3123 3077 3179 li.
3114 3120 3177 3174 E.
3203 3122 3463 3175 Cardina-

1884 3218 2046 3281 libus,
2080 3218 2434 3286 presbyteris,
2459 3227 2515 3271 et
2540 3216 2885 3279 diaconibus,
2911 3229 3143 3270 necnon
3167 3214 3458 3269 innumera

1882 3309 2010 3362 cleri
2041 3322 2095 3363 et
2116 3313 2305 3379 populi
2330 3310 2559 3364 Romani
2589 3310 2961 3363 multitudine.

1954 3424 2043 3479 95.
2086 3422 2140 3476 in
2174 3425 2359 3495 majori
2393 3434 2577 3478 autem
2605 3424 2778 3490 altari,
2817 3435 3139 3480 consecrato
3173 3440 3201 3479 a
3237 3424 3465 3496 praefato

1887 3518 1950 3572 Ι).
1988 3533 2145 3587 papa,
2175 3518 2263 3572 cui
2300 3518 2463 3572 etiam
2501 3518 2706 3587 praefati
2733 3520 2975 3588 episcopi
3004 3521 3313 3583 astiterunt,
3349 3521 3468 3572 lue-

1888 3619 2014 3662 runt
2039 3610 2118 3661 hze
2140 3610 2378 3678 reliquia:
2414 3611 2720 3666 collocata:
2748 3622 2799 3666 et
2821 3612 2993 3681 primo
3014 3611 3079 3666 de
3100 3611 3247 3682 ligno
3267 3622 3468 3668 sanette

1887 3701 2099 3766 Crucis,
2137 3702 2421 3756 brachium
2463 3705 2635 3756 sancti
2669 3705 2926 3765 Matthxi,
2970 3705 3037 3757 de
3079 3704 3255 3772 lapide
3286 3706 3462 3773 sepul—

1890 3797 1971 3851 cri
2003 3796 2206 3851 Christi
2238 3805 2393 3851 etc...
2428 3795 2495 3850 Et
2518 3810 2617 3866 ego
2658 3793 2934 3849 Paschalis
2970 3810 3105 3865 papa
3142 3797 3468 3851 universalis

1892 3888 2151 3941 Ecclesiae
2182 3903 2303 3941 cum
2330 3886 2571 3956 praefatis
2602 3888 2869 3958 episcopis
2909 3889 3006 3943 has
3039 3900 3351 3944 sanctorum
3386 3908 3469 3946 re-

1892 3977 2085 4047 liquias
2130 3978 2299 4032 oculis
2344 3980 2579 4048 propriis
2613 3980 2741 4041 vidi,
2794 3976 3156 4049 manibusque
3192 3984 3329 4035 meis
3378 3993 3467 4037 at-

1897 4070 2145 4132 trectati,
2205 4079 2257 4124 et
2287 4070 2561 4125 recondidi
2617 4085 2740 4125 cum
2796 4071 3020 4142 antiquo
3074 4073 3229 4129 titulo
3260 4074 3313 4129 in
3347 4091 3474 4131 arca

1896 4180 2201 4218 marmorea
2245 4166 2345 4218 sub
2390 4166 2542 4218 altari
2592 4166 2808 4235 majori.
2849 4188 2867 4219 ι
2903 4168 3067 4223 Addit
3112 4169 3476 4248 indulgentias

1897 4257 2245 4309 visitantibus
2276 4258 2559 4310 ecelesiam
2596 4259 2738 4310 illam
2775 4276 2803 4311 a
2825 4260 2914 4313 die
2948 4265 3376 4318 conset‘rationis
3407 4265 3478 4320 25

1899 4348 2075 4403 Martii
2104 4364 2277 4417 usque
2316 4350 2383 4403 ad
2421 4347 2683 4403 Octavam
2737 4349 3119 4420 Pentecostes;
3157 4364 3210 4409 et
3255 4355 3477 4411 infesto

1901 4441 2075 4495 sancti
2122 4440 2359 4495 Matthazi
2405 4442 2467 4494 9.1
2522 4440 2879 4512 Septembris.
2918 4444 3188 4500 Caeterum
3217 4464 3312 4517 per
3351 4450 3479 4503 brae~

1902 4530 2084 4587 ch'tum
2115 4534 2287 4585 sancti
2338 4532 2594 4594 Matth-(ei,
2632 4536 2774 4603 quod
2806 4536 2858 4588 in
2907 4538 3059 4591 altari
3112 4541 3474 4606 reconditum,

1900 4621 2115 4689 aliquod
2140 4637 2202 4677 os
2244 4622 2454 4678 brachii
2499 4625 2907 4698 intelligendum
2957 4641 3109 4698 puto.
3154 4648 3261 4689 non
3302 4643 3476 4690 totum

1901 4711 2206 4767 brachium.
2244 4712 2557 4770 Pancirolus
2588 4718 2637 4771 in
2664 4733 2828 4790 opere
2853 4720 3039 4775 Italico
3078 4721 3153 4776 Dc
3197 4722 3479 4780 Tltesauris

1902 4803 2243 4869 absconditis,
2310 4806 2495 4860 Romae
2567 4809 2619 4861 in
2692 4813 2921 4866 ecclesia
3002 4815 3173 4869 sancti
3243 4815 3479 4873 Matthxi

1902 4911 2025 4967 pag.
2082 4895 2179 4951 157
2228 4900 2445 4964 asserit,
2496 4902 2642 4957 aliud
2693 4904 2976 4960 brachium
3025 4910 3198 4963 sancti
3248 4909 3479 4967 Matthxi

1904 4992 2106 5045 servari
2146 4993 2197 5045 in
2230 4992 2447 5048 basilica
2479 5006 2679 5048 sanctae
2716 4995 2895 5050 Mariae
2922 4998 3159 5068 Majoris,
3194 5001 3337 5057 aliud
3362 5020 3483 5058 rur-

1905 5097 2023 5135 sum
2062 5083 2114 5136 in
2163 5085 2390 5141 ecclesia
2432 5087 2605 5139 sancti
2638 5086 2873 5143 Marcelli
2912 5106 3102 5160 papae:
3136 5103 3188 5148 et
3218 5095 3270 5147 in
3305 5097 3481 5153 indice

1908 5176 2256 5243 reliquiartnu
2300 5178 2545 5250 adjungit
2580 5181 2752 5234 sancti
2791 5181 3024 5236 Matthaei
3059 5198 3262 5238 cosnun
3295 5188 3481 5243 haberi

1908 5264 1960 5317 in
1990 5268 2215 5321 ecclesia
2248 5268 2305 5323 δ.
2338 5270 2543 5325 Nicolai
2576 5272 2627 5325 in
2659 5272 2907 5329 Carcere.
2943 5276 3037 5331 llis
3068 5278 3321 5334 omnibus
3351 5294 3484 5335 con-

1909 5360 2074 5411 sentit
2106 5359 2295 5415 Piazza
2330 5362 2383 5417 in
2422 5363 2798 5435 llemerologio
2838 5383 2995 5422 sacro
3025 5370 3089 5423 ad
3141 5370 3285 5424 hunc
3318 5372 3479 5433 diem.

1911 5449 2002 5509 ubi
2029 5453 2196 5518 addit,
2229 5454 2476 5507 nonnihil
2514 5456 2676 5509 etiam
2730 5459 3081 5528 reliquiarum
3132 5463 3303 5516 sancti
3350 5464 3485 5520 Mat-

1912 5548 2035 5599 theei
2066 5546 2267 5599 servari
2306 5546 2359 5599 in
2390 5546 2609 5600 basilica
2643 5546 2898 5601 Vaticana
2930 5553 3102 5606 sancti
3146 5552 3312 5620 Petri,
3342 5565 3395 5610 et
3428 5558 3483 5612 in

1912 5622 2156 5692 ecclesiis
2203 5648 2511 5691 sanctorum
2578 5641 2945 5708 apostolorum
2997 5654 3050 5697 et
3108 5646 3167 5699 S.
3222 5647 3483 5714 Caeciliic;

1914 5730 2167 5797 variaque
2217 5740 2499 5784 enumerat
2546 5729 2729 5785 Romae
2758 5735 2929 5790 sancti
2972 5734 3210 5793 Matthaci
3262 5740 3483 5808 sacella,

1914 5838 2032 5892 quae
2063 5822 2340 5877 brevitatis
2370 5836 2531 5876 causa
2570 5823 2747 5879 mitto.
