4188 6436
791 369 896 431 807

2021 362 2304 425 MENSIS
2336 360 2804 423 SEPTEMBER.

3944 361 4050 425 808

857 477 946 532 96.
996 475 1233 530 Masinus
1286 476 1336 528 in
1393 475 1629 529 Bononia
1675 476 2023 540 perlustrant,
2080 493 2203 546 pag.
2261 471 2424 531 460A
2457 470 2700 540 catalogo
2754 470 3101 539 reliquiarum
3158 464 3441 539 utriusque
3492 472 3807 525 monasterii
3856 472 4047 524 nullas

790 577 1034 628 testatur,
1070 556 1325 621 Bononia:
1349 582 1468 620 esse
1487 567 1773 621 ecclesiam
1801 567 2143 637 parcecialem
2168 576 2359 619 sancto

787 658 1041 712 Matthiae
1071 656 1325 718 dicatam.
1358 657 1414 709 in
1456 672 1559 724 qua
1592 658 1761 725 ipsius
1792 658 2060 712 festivitas
2087 658 2361 727 praecipue

786 748 1128 810 celebratur,
1162 747 1215 799 in
1248 748 1348 801 alia
1396 763 1525 801 vero
1555 748 1782 803 ecclesia
1830 745 2142 815 parochiali,
2176 756 2362 799 sancto

788 836 1010 891 Nicolao
1057 854 1232 901 sacra,
1261 840 1501 908 ejusdem
1554 839 1783 907 apostoli
1818 838 2099 891 brachium
2144 835 2361 906 aliquod

787 930 1119 990 conservari,
1155 929 1337 998 ibique
1362 930 1759 984 solemnitatem
1794 928 1911 996 ejus
1943 927 2204 981 celebrari
2235 940 2360 979 cum

788 1022 1137 1091 indulgentiis
1215 1020 1497 1091 plenariis.
1558 1020 1879 1074 Laurentius
1921 1016 2257 1088 Beyerlinck,
2309 1018 2363 1069 in

792 1114 1012 1165 ’l'lieatro
1042 1113 1159 1166 vita:
1188 1115 1451 1176 humana,
1488 1121 1618 1165 tom.
1656 1114 1739 1175 Vl,
1775 1113 1840 1167 ad
1874 1126 2058 1167 vocem
2084 1111 2358 1180 Reliquia’,

788 1215 1039 1259 recenset
1072 1221 1193 1275 pag.
1231 1206 1335 1258 305
1388 1206 1639 1274 reliquias
1675 1205 1875 1259 multas
1905 1204 2123 1272 Neapoli
2171 1219 2359 1257 serva-

787 1310 886 1359 tas,
934 1300 1181 1366 interque
1222 1316 1312 1349 eas
1356 1299 1533 1351 sancti
1586 1297 1821 1351 Matth-dei
1857 1297 2115 1366 reliquias
2168 1296 2361 1349 tribuit

786 1391 1029 1444 ecclesize
1077 1389 1132 1442 S.
1197 1390 1375 1444 Mariae
1419 1391 1486 1443 de
1536 1389 1834 1458 Sapientia,
1877 1398 1930 1442 et
1959 1404 2076 1461 pag.
2111 1388 2213 1442 501
2237 1402 2357 1441 ossa

785 1483 954 1535 sancti
983 1482 1219 1537 Matthaei
1247 1483 1304 1536 S.
1340 1482 1517 1536 Maria:
1554 1483 1619 1535 de
1642 1500 1645 1505 ν
1665 1482 1979 1549 virginibus.
2012 1481 2156 1534 Inter
2184 1480 2357 1533 eccle-

783 1573 893 1626 sias
926 1572 1185 1641 plurimas
1219 1574 1367 1626 urbis
1410 1573 1647 1628 Venetia:
1685 1587 1790 1625 una
1823 1585 2040 1640 quoque
2087 1578 2169 1623 est
2205 1584 2361 1638 paro-

779 1667 972 1719 chialis
1006 1676 1195 1719 sancto
1240 1664 1494 1719 Matthreo
1530 1680 1700 1727 sacra,
1753 1675 1808 1717 ut
1836 1674 2091 1718 accurate
2131 1662 2352 1730 exponit

780 1758 1177 1813 illustrissimus
1209 1758 1443 1826 scriptor
1496 1757 1761 1825 nobisque
1792 1756 2178 1818 amicissimus,
2232 1755 2351 1808 Fla-

779 1850 979 1902 minius
1038 1847 1341 1911 Cornelius,
1408 1858 1626 1901 senator
1683 1848 1940 1910 Venetus,
1999 1847 2050 1899 in
2115 1846 2346 1916 eleganti

777 1956 944 2013 opere
996 1940 1070 1994 De
1104 1940 1335 1993 ecclesiis
1384 1938 1613 2001 Venetis,
1664 1940 1782 1994 dec.
1816 1956 1886 2003 tv,
1936 1954 2053 2009 pag.
2105 1939 2226 2007 ΠΖ),
2258 1937 2347 1992 ubi

777 2033 969 2087 recitat
1000 2032 1338 2085 laudationis
1390 2031 1603 2085 litteras
1649 2044 1712 2083 ex
1764 2030 2119 2101 autographo.
2154 2029 2229 2083 Ex
2264 2029 2348 2083 his

776 2134 929 2177 recte
982 2123 1223 2187 deducit,
1269 2122 1639 2177 laudationem
1690 2123 1859 2178 fuisse
1910 2124 2129 2186 l'actain,
2160 2139 2347 2178 mense

777 2214 1070 2269 Februario
1105 2214 1230 2267 anni
1267 2214 1405 2268 1155
1432 2230 1581 2267 more
1616 2214 1821 2267 Veneto
1860 2222 1915 2267 et
1945 2214 2171 2267 aliorum
2205 2215 2349 2267 illius

778 2306 1058 2376 temporis,
1104 2315 1160 2360 ut
1191 2306 1360 2374 liquet
1390 2321 1454 2360 ex
1504 2304 1802 2358 indictione
1838 2323 1887 2360 iv
1917 2307 1967 2359 in
2012 2306 2209 2360 litteris
2254 2306 2349 2360 ad-

773 2401 935 2468 jecta,
969 2416 1073 2468 qua
1115 2399 1429 2468 designatur
1482 2414 1657 2450 annus
1694 2397 1864 2463 “56;
1897 2397 1989 2451 sed
2028 2412 2213 2452 mense
2245 2396 2349 2451 Fe-

777 2494 997 2548 bruario
1046 2491 1302 2561 pergebat
1358 2501 1487 2546 tunc
1522 2505 1743 2547 currere
1783 2504 1962 2543 annus
2013 2489 2148 2543 1156
2178 2505 2347 2560 usque.

772 2587 841 2640 ad
870 2585 1093 2648 Pascha,
1136 2594 1228 2638 aut
1274 2595 1423 2639 certe
1467 2600 1636 2655 usque
1679 2583 1997 2638 adul‘estum
2036 2585 2346 2637 Annuntia-

774 2681 961 2744 tionis,
996 2682 1110 2735 sive
1141 2680 1284 2733 diem
1314 2675 1385 2734 25
1417 2678 1613 2733 Martii.
1648 2676 1923 2731 Fundator
1973 2677 2217 2731 ecclesire
2248 2675 2349 2730 fuit

776 2773 1092 2827 Lconardus
1157 2771 1474 2833 Cornarius,
1545 2769 1704 2838 cujus
1768 2769 1966 2823 littera:
2027 2768 2345 2831 recitantur,

774 2866 1228 2936 quemadmodum
1265 2873 1321 2919 et
1352 2864 1453 2918 alia
1487 2862 1732 2927 donatio,
1776 2877 1897 2932 qua:
1927 2877 2070 2916 anno
2109 2862 2244 2916 1166
2281 2863 2345 2916 ad

776 2959 1002 3025 primam
1034 2957 1284 3012 accessit.
1316 2956 1519 3011 Deinde
1547 2971 1613 3008 ex
1641 2962 1910 3008 vetustate
1933 2954 2189 3008 fatiscens
2214 2963 2347 3007 tem-

774 3057 921 3121 plum
960 3053 1293 3107 instauratur
1319 3066 1464 3105 anno
1499 3048 1713 3103 Domini
1758 3048 1917 3113 1615,
1949 3056 2008 3101 ut
2057 3063 2120 3101 ex
2154 3047 2346 3100 inscri-

776 3147 961 3216 ptione
998 3158 1301 3198 marmorea
1335 3143 1630 3196 edocemur
1670 3140 1861 3210 parieti
1889 3139 2065 3202 allisa,
2106 3159 2125 3192 ι
2170 3140 2347 3207 inquit

773 3236 1080 3299 Cornelius,
1140 3234 1284 3289 illam
1344 3235 1600 3288 recitans.
1654 3231 1797 3288 Idem
1845 3234 2006 3301 paulo
2054 3240 2179 3301 post
2224 3232 2344 3284 ait:

782 3345 800 3377 α
828 3329 1111 3381 Postremo
1146 3341 1266 3378 cum
1296 3324 1493 3378 nostris
1522 3324 1673 3377 hisce
1698 3322 2032 3390 temporibus
2066 3323 2129 3376 ad
2164 3322 2348 3376 ruinas

773 3431 1039 3491 vergeret,
1094 3417 1295 3469 Nicolai
1344 3415 1534 3469 Milesii
1588 3415 1803 3484 plebani
1848 3415 2029 3468 studio
2083 3430 2112 3468 a
2156 3415 2348 3469 funda-

773 3513 971 3566 mentis
1003 3513 1055 3563 in
1088 3508 1477 3579 elegantiorem
1526 3506 1754 3561 formam
1800 3507 2132 3567 restituitur,
2168 3519 2346 3557 sacra-

771 3620 878 3669 que
928 3602 1265 3673 supellectile
1310 3610 1363 3652 et
1409 3599 1745 3651 ornamentis
1798 3597 2015 3665 copiose
2060 3595 2350 3649 instruitur

771 3710 915 3747 anno
945 3692 1158 3745 Domini
1195 3688 1331 3743 1755
1363 3705 1459 3759 per
1492 3688 1767 3759 Aloysium
1798 3684 2090 3741 Foscarum
2121 3688 2349 3756 patriar-

771 3790 930 3841 cham
968 3776 1235 3838 Venatum
1266 3792 1638 3841 consecratur.
1675 3800 1691 3832 ι
1728 3780 1799 3835 De
1836 3780 2076 3849 reliquiis
2102 3780 2346 3848 ejusdem

772 3878 1014 3934 ecclesiae
1048 3884 1239 3931 auctor
1267 3890 1387 3944 pag.
1424 3874 1524 3927 I75
1565 3873 1755 3926 scribit
1785 3890 1797 3923 ε
1838 3890 1854 3922 ι
1893 3868 2177 3923 Nonnullis
2208 3870 2346 3923 dita-

774 3981 860 4024 tur
912 3970 1166 4024 Divorum
1226 3967 1468 4037 lipSanis,
1527 3980 1724 4033 nempe
1775 3979 1838 4017 ex
1893 3963 2111 4017 ossibus
2174 3962 2347 4017 sancti

771 4060 1000 4131 apostoli
1042 4059 1332 4121 Tutelaris,
1367 4076 1384 4107 ι
1419 4066 1524 4110 etc.
1564 4055 1721 4108 Plura
1753 4054 1819 4109 de
1869 4055 1954 4108 illa
1998 4052 2227 4109 ecclesia
2262 4055 2349 4108 di-

776 4157 1005 4226 ligenter
1032 4152 1234 4208 ibidem
1268 4153 1555 4205 observata
1588 4148 1760 4202 videri
1788 4156 2044 4216 possunt.

843 4244 935 4299 97.
975 4242 1262 4297 Cornelius
1315 4252 1495 4294 autem
1539 4241 1593 4294 in
1640 4237 1917 4309 Opusculo
1968 4237 2035 4292 de
2090 4237 2347 4292 Ecclesiis

771 4335 1127 4398 Torcellanis,
1163 4334 1304 4403 qtiod
1339 4334 1503 4404 priori
1540 4333 1765 4398 addidit,
1821 4332 1928 4386 duo
1963 4333 2201 4403 assignat
2235 4345 2353 4385 mo-

772 4430 1011 4485 nasteria
1060 4427 1379 4480 monialium
1435 4433 1622 4481 sancto
1658 4425 1911 4479 Manliano
1957 4433 2182 4479 sacrata.
2234 4421 2349 4475 Pri-

2455 564 2622 616 sancti
2657 562 2891 617 Matthaei
2928 564 3169 616 invenio.
3220 563 3288 614 At
3321 566 3492 619 sancti
3526 564 3761 618 Matthxi
3799 565 4049 632 reliquiae

2454 671 2596 708 anno
2626 656 2763 708 1554
2794 655 3015 709 inclusa:
3044 656 3267 709 fuerunt
3300 657 3349 708 in
3399 654 3553 709 altari
3583 659 3758 709 sancti
3800 658 4043 709 Abundii

2453 749 2594 815 quod
2632 747 2845 801 Sublact
2907 748 2960 800 in
3011 748 3164 800 Latio
3211 755 3340 801 tunc
3384 750 3725 802 consecravit
3780 750 4042 802 Andreas

2455 839 2679 892 Crucius
2708 839 2999 907 episcopus
3030 839 3372 901 Tiburtinus,
3408 852 3466 892 ut
3518 839 3679 892 habet
3721 840 4041 907 inscriptio,

2456 931 2577 984 data
2617 942 2746 984 tom.
2780 931 2843 985 VI
2874 932 3101 1001 Augusti
3145 946 3268 1000 pag.
3295 932 3419 985 655.
3468 932 3718 985 Rocchus
3761 933 3960 984 Pirrus
3996 935 4043 984 in

2458 1022 2638 1077 Sicilia
2671 1040 2845 1083 sacra,
2880 1034 3009 1078 tom.
3046 1025 3109 1087 Il,
3147 1040 3270 1094 pag.
3308 1026 3431 1085 474,
3464 1025 3551 1078 ubi
3584 1037 3883 1077 enumerat
3916 1028 4040 1077 reli-

2455 1118 2609 1184 quias
2637 1114 2883 1169 ecclesias
2932 1115 3261 1167 cathedralis
3295 1114 3775 1183 Cephalaeditanr,
3808 1116 3884 1167 ait
3928 1132 4042 1167 eam

2454 1206 2687 1275 gaudere
2724 1205 2858 1271 pede
2888 1205 3101 1272 integro
3134 1221 3257 1259 cum
3294 1207 3431 1275 pelle
3465 1207 3522 1259 Β.
3562 1206 3827 1260 Marthzi.
3860 1205 4041 1260 Sicilis

2456 1296 2662 1365 insigne
2687 1295 2946 1363 oppidum
2976 1294 3190 1357 Siciliae,
3222 1297 3272 1349 in
3315 1298 3450 1350 valle
3486 1296 3677 1350 Netina
3714 1306 3776 1350 et
3813 1299 4040 1351 dicrcesi

2458 1388 2821 1455 Syracusana,
2861 1400 2968 1437 non
3006 1386 3195 1454 procul
3224 1401 3252 1438 a
3291 1386 3480 1439 Netina
3509 1388 3753 1450 civitate,
3786 1398 4039 1440 sanetum

2457 1479 2771 1531 Matthzeum
2801 1486 3093 1531 veneratur
3123 1486 3414 1545 patronum
3442 1477 3737 1538 titularem,
3767 1481 3857 1531 cui
3896 1480 4044 1533 dedi-

2454 1579 2571 1623 cata
2600 1577 2682 1622 est
2712 1568 2969 1637 primaria
3003 1568 3231 1623 ecclesia
3278 1569 3629 1637 parochialis.
3672 1569 3793 1624 Non
3826 1571 4039 1630 dubito.

2454 1662 2582 1729 quin
2616 1669 2669 1712 et
2696 1661 2815 1714 alia:
2856 1669 3146 1714 serventur
3168 1660 3446 1729 particulae
3474 1661 3833 1729 reliquiarum
3868 1667 4041 1716 sancti

2456 1753 2693 1807 Matthmi
2727 1755 2777 1807 in
2810 1754 2961 1807 Italia
2992 1763 3046 1806 et
3079 1752 3301 1817 Sicilia;
3350 1753 3444 1806 sed
3473 1768 3665 1806 omnes
3710 1768 4041 1805 enumerare

2458 1860 2561 1899 non
2593 1853 2675 1898 est
2712 1854 2874 1898 tantm
2907 1846 3269 1911 necessitatis,
3298 1854 3515 1914 quanta:
3540 1843 3910 1898 dillicultatis.
3941 1845 4039 1897 Ita-

2456 1952 2559 2006 que
2595 1937 2647 1989 in
2680 1935 3023 1991 Germaniam
3060 1948 3299 2002 transeo,
3354 1936 3648 1992 nonnullas
3687 1946 3743 1991 et
3793 1938 3867 1991 ibi
3913 1939 4043 1991 assi-

2457 2038 2740 2098 gnaturus.

2528 2121 2613 2177 98.
2657 2121 2952 2191 Pragenses
2994 2123 3046 2175 in
3086 2121 3344 2176 Bohemia
3396 2122 3592 2176 multas
3626 2122 3878 2176 ecclesia:
3933 2140 4042 2177 suae

2454 2215 2757 2269 attribuunt
2793 2214 2967 2267 sancti
3002 2213 3237 2267 Matthzei
3270 2214 3546 2283 reliquias.
3583 2214 3827 2267 Thomas
3872 2214 4040 2268 Joan-

2454 2323 2554 2361 nes
2592 2306 2836 2370 Pessina,
2887 2308 2939 2360 in
2996 2306 3303 2377 Phosphoro
3350 2306 3623 2377 Pragensi,
3657 2323 3782 2378 pag.
3815 2308 3924 2361 518
3952 2324 4039 2360 eas

2456 2400 2535 2456 sic
2566 2407 2893 2454 enumerat:
2933 2398 3151 2455 «Sancti
3194 2400 3429 2454 Mattbaai
3455 2399 3681 2468 apostoli
3719 2408 3777 2453 et
3802 2415 4041 2469 cvange-

2456 2492 2589 2546 lista:
2616 2508 2712 2562 pes
2767 2495 2996 2561 integer,
3028 2502 3084 2546 et
3134 2492 3417 2547 brachium
3469 2507 3594 2545 cum
3657 2492 3842 2559 pelle:
3891 2504 4042 2545 costa

2456 2597 2679 2657 argento
2727 2586 3085 2649 circumdata,
3146 2596 3201 2639 et
3248 2590 3405 2641 dens.
3460 2586 3592 2641 Item
3650 2587 3754 2640 alia
3802 2598 4041 2655 quatuor

2456 2694 2605 2743 ossa,
2647 2679 2804 2732 simul
2843 2681 2892 2732 in
2919 2688 3175 2748 argentea
3207 2679 3361 2733 theca
3406 2680 3748 2749 composita:
3787 2680 3896 2732 alia
3943 2682 4042 2732 ite-

2456 2789 2574 2827 rum
2608 2772 2863 2826 notabilis
2890 2786 3035 2840 pars.
3077 2790 3094 2821 ι
3135 2771 3261 2825 Haec
3304 2771 3501 2825 dicitur
3532 2788 3657 2838 pars
3695 2772 3764 2826 de
3810 2776 4044 2827 humero

2456 2865 2509 2918 in
2537 2864 2792 2933 Catalogo
2825 2864 3091 2932 impresso
3124 2862 3477 2932 reliquiarum
3504 2862 3886 2934 Pragensiutn,
3923 2879 4043 2933 qua

2456 2970 2599 3009 anno
2637 2956 2768 3010 1615
2794 2971 2859 3009 ex
2887 2970 3013 3011 arce
3042 2956 3186 3027 regia
3232 2954 3537 3010 Carlsteina
3584 2955 3637 3010 in
3683 2958 4038 3025 metropolim

2456 3057 2584 3103 sunt
2616 3048 2907 3114 translatae,
2938 3048 2992 3103 in
3016 3062 3123 3118 quo
3148 3057 3203 3103 et
3229 3049 3451 3116 reliqua:
3487 3059 3867 3103 recensentur.
3893 3048 4040 3114 Quin

2455 3151 2510 3195 et
2535 3141 2608 3194 ibi
2639 3140 2870 3210 septimo
2895 3139 3091 3195 ordine
3141 3155 3288 3193 num.
3324 3139 3392 3194 56
3419 3137 3696 3193 adduntur
3723 3141 4036 3207 sequentia,

2453 3233 2655 3296 nescio,
2688 3247 2754 3284 an
2796 3232 2930 3285 satis
2959 3241 3147 3287 recte:
3208 3250 3224 3282 ι
3268 3232 3456 3286 Sancti
3498 3231 3735 3285 Matthaei
3798 3234 4041 3301 apostoli

2449 3334 2502 3377 et
2549 3322 2894 3393 evangelista:
2943 3322 3227 3376 brachium
3286 3335 3577 3392 utrumque
3616 3339 3739 3377 cum
3786 3324 3933 3393 pelle
3988 3335 4051 3382 et

2450 3432 2633 3471 carne.
2675 3436 2693 3467 ι
2726 3422 2795 3471 At
2824 3415 2877 3469 in
2909 3415 3155 3486 catalogo
3176 3430 3277 3470 ms.
3319 3416 3698 3486 reliquiarum,
3740 3432 3808 3471 ex
3839 3416 4035 3470 Galen-

2450 3508 2602 3561 dario
2627 3507 2909 3578 Pragensis
2939 3508 3187 3563 ecclesia:
3219 3518 3489 3572 extracto,
3517 3522 3675 3575 quem
3706 3523 3853 3562 anno
3894 3509 4033 3561 1617

2454 3599 2558 3653 huc
2592 3600 2737 3653 misit
2760 3600 2822 3652 P.
2856 3600 3176 3654 Theodorus
3211 3599 3468 3662 Moretus,
3506 3600 3618 3654 haec
3639 3599 3814 3654 solum
3843 3600 4036 3670 legun-

2454 3700 2540 3745 tur
2568 3691 2634 3745 ad
2674 3690 2736 3745 91
2774 3688 3147 3759 Septembris:
3183 3708 3201 3741 ι
3236 3689 3419 3746 Sancti
3458 3691 3691 3746 Matthxi
3720 3695 3959 3761 apostoli
3984 3704 4034 3748 et

2451 3782 2811 3851 evangelistze,
2841 3782 2933 3845 qui
2967 3781 3110 3849 apud
3137 3780 3470 3851 EthiOpiam
3502 3784 3809 3852 praedicans
3831 3794 4033 3853 marty-

2453 3873 2592 3927 rium
2624 3888 2813 3942 passus
2844 3875 2944 3925 est.
2971 3872 3140 3941 Cujus
3162 3873 3433 3941 reliquias,
3459 3874 3707 3929 videlicet
3741 3875 4032 3945 imaginem

2450 3980 2699 4036 magnam
2734 3978 2855 4018 cum
2891 3973 3116 4036 argento
3145 3971 3200 4019 et
3228 3979 3362 4019 auro
3387 3964 3719 4030 decoratam,
3758 3977 4034 4022 tenentem

2449 4067 2659 4113 costam
2707 4059 2827 4126 ejus
2882 4058 2938 4110 in
2985 4058 3257 4123 manibus,
3317 4073 3453 4127 quas
3510 4058 3717 4111 invenit
3754 4058 4032 4126 piissimus

2449 4153 2703 4220 princeps
2737 4150 2964 4205 Carolus
2990 4150 3077 4213 IV,
3102 4160 3209 4205 etc.
3239 4150 3462 4205 donavit
3485 4151 3728 4207 ecclesia:
3753 4149 4031 4221 Pragensi.

2454 4242 2575 4298 Haec
2609 4243 2722 4296 ibi:
2765 4254 2819 4295 at
2873 4258 2974 4314 ego
3025 4244 3219 4298 lubens
3267 4242 3397 4312 ipsis
3433 4241 3800 4313 Pragensibus
3833 4245 4034 4298 exami-

2452 4334 2690 4388 nandum
2737 4332 3059 4403 relinquam,
3092 4342 3353 4402 quantum
3406 4333 3642 4387 habeant
3674 4334 4029 4402 reliquiarum

2452 4429 2624 4482 sancti
2666 4427 2923 4482 Matthxi.
2975 4426 3266 4481 Bucelinus
3309 4426 3363 4480 in
3395 4427 3634 4482 sacrario
3671 4428 4028 4483 Benedictino

776 4537 925 4575 mum
959 4528 1044 4575 est
1074 4519 1462 4571 monasterium
1498 4518 1667 4571 sancti
1703 4515 1935 4569 Matthmi
1972 4516 2038 4568 de
2080 4514 2346 4580 Majurbio
2380 4514 2426 4571 ι)
2454 4522 2598 4588 quod
2641 4520 2812 4574 edidit
2843 4535 2985 4574 anno
3015 4520 3172 4582 1656.
3216 4519 3281 4573 ad
3314 4518 3378 4574 91
3432 4517 3770 4587 Septembris
3810 4522 3879 4574 de
3914 4522 4033 4575 reli-

771 4615 978 4669 ordinis
1014 4610 1416 4672 Cisterciensis,
1444 4607 1587 4678 quod
1622 4617 1780 4662 antea
1812 4608 1864 4661 in
1897 4608 1999 4661 alia
2032 4606 2205 4661 insula
2234 4606 2348 4659 fuc-

774 4717 856 4761 rat
886 4714 1281 4766 constructum,
1306 4703 1569 4758 videlicet
1596 4702 1647 4755 in
1675 4702 2079 4765 Cunstantiaco,
2113 4702 2346 4770 indeque

772 4799 839 4852 de
875 4808 1147 4849 consensu
1190 4795 1428 4863 episcopi
1459 4793 1766 4846 Torcellani
1793 4794 1847 4844 in
1892 4792 2214 4860 Majurbium
2265 4791 2347 4844 in-

772 4889 947 4943 sulam
1006 4886 1110 4941 fuit
1159 4885 1503 4941 translatum.
1555 4892 1615 4937 ut
1657 4884 1761 4937 late
1813 4881 2104 4952 exponitur
2155 4890 2346 4949 part.t

772 4982 915 5036 illius
946 4978 1205 5047 Opnsculi
1236 4994 1358 5048 pag.
1383 4975 1489 5031 299
1510 4985 1563 5030 ct
1594 4992 1747 5045 seqq.
1772 4973 1950 5027 Prima
1985 4972 2228 5027 fundatiu
2249 4989 2346 5026 no-

775 5080 918 5127 tatur
952 5068 1090 5124 l'acta
1118 5084 1264 5122 anno
1299 5068 1451 5128 l2l8,
1490 5068 1543 5119 in
1595 5066 2003 5128 Constantiano,
2043 5081 2164 5135 pag.
2201 5066 2342 5130 3H5;

773 5164 868 5217 sed
901 5171 1026 5215 ante
1054 5162 1215 5215 tinem
1251 5160 1494 5228 ejusdem
1536 5158 1718 5215 saeculi
1766 5157 2156 5213 monasterium
2187 5172 2342 5210 suum

771 5253 837 5307 ad
869 5253 1104 5307 insulam
1138 5250 1460 5320 Majurbinm
1496 5251 1891 5303 transtulerunt
1936 5249 2220 5303 moniales.
2257 5249 2349 5300 AI-

773 5356 949 5399 terum
976 5354 1059 5398 est
1088 5342 1476 5397 monasterium
1512 5341 1825 5395 monialium
1855 5340 2059 5394 ordinis
2084 5340 2139 5392 S.
2174 5340 2346 5394 Bene-

772 5440 899 5494 dicti
937 5440 989 5491 in
1046 5439 1218 5491 insula
1255 5436 1498 5489 Muriana
1545 5433 1788 5504 ejusdem
1840 5432 2091 5489 diceccsis
2125 5432 2346 5485 Torcel-

773 5533 931 5593 lana).
972 5541 1030 5584 ut
1079 5531 1300 5599 exponit
1360 5529 1662 5593 Cornelius,
1703 5539 1842 5597 part.
1892 5544 1927 5582 ιι
1974 5543 2002 5579 a
2048 5543 2167 5597 pag.
2220 5527 2344 5581 ΞΟΙ.

773 5623 1177 5693 FundatiOpag.
1216 5623 1311 5675 104
1348 5634 1566 5676 notatur
1608 5622 1745 5674 facta
1773 5636 1915 5675 anno
1940 5621 2097 5677 1280.
2132 5620 2345 5672 datum-

773 5730 879 5783 que
914 5727 1041 5769 tunc
1067 5726 1151 5770 est
1175 5716 1503 5769 monialibus
1530 5723 1803 5768 vetustum
1834 5714 2128 5765 oratorium
2156 5720 2343 5764 sancto

775 5805 1029 5863 Μαιώωο
1062 5808 1323 5873 dicatum,
1356 5818 1415 5862 ut
1448 5810 1647 5863 ibidem
1678 5808 1836 5861 latius
1864 5804 2031 5859 videri
2059 5812 2257 5872 potest.
2286 5803 2340 5855 ln

2453 4612 2596 4681 quiis
2626 4610 2681 4665 S.
2717 4610 2951 4665 Matthazi
2996 4613 3109 4666 haec
3136 4611 3341 4666 tradit:
3385 4628 3403 4661 ι
3449 4609 3620 4678 Ilujus
3650 4610 3835 4678 magni
3866 4625 4027 4665 evan-

2455 4706 2661 4774 gelistm
2704 4704 2935 4776 insignis
2968 4704 3141 4774 portio
3173 4711 3483 4760 asservatur
3516 4702 3570 4756 in
3600 4702 3861 4759 Andechs
3895 4704 4027 4771 (mo-

2454 4799 2693 4853 nasterio
2730 4799 3010 4867 Bavarire),
3061 4800 3147 4854 ubi
3177 4808 3232 4853 et
3263 4796 3382 4852 aliae
3419 4796 3539 4851 dua:
3569 4794 3818 4863 ejusdem
3856 4807 4027 4865 partes

2453 4894 2835 4955 ostenduntur,
2864 4894 3006 4946 Dens
3043 4894 3249 4945 Elnone
3291 4891 3446 4959 (alias
3481 4891 3538 4945 S.
3578 4892 3813 4945 Amandi
3846 4908 4024 4946 mona-

2453 4986 2678 5040 sterium
2722 4993 2944 5038 vocatur
2982 4983 3033 5035 in
3072 4980 3371 5047 Flandria),
3414 4982 3522 5036 duo
3569 4983 3806 5038 molares
3844 4984 4024 5037 dentes

2453 5086 2506 5129 et
2560 5079 2662 5130 alia
2719 5077 2980 5130 nonnulla
3032 5077 3083 5129 in
3129 5074 3509 5146 Weingarten;
3555 5093 3576 5126 ο
3623 5077 3775 5144 quod
3821 5074 4020 5129 Sueviaa

2453 5178 2536 5223 cst
2560 5171 2950 5223 monasterium
2986 5182 3109 5219 cum
3155 5168 3354 5237 oppido
3382 5168 3725 5237 cognomine.
3764 5166 4021 5218 Plurima:

2452 5272 2667 5326 quoque
2716 5256 2890 5310 sancti
2923 5254 3157 5311 Matthrei
3208 5257 3464 5325 reliquias
3502 5255 3746 5308 Coloniae
3783 5255 4019 5309 attribuit

2454 5347 2507 5396 in
2542 5344 2714 5413 Opere
2744 5360 2843 5399 suo
2877 5344 3150 5417 Gelenius,
3181 5345 3435 5397 nimirum
3458 5358 3580 5412 pag.
3605 5342 3710 5398 264
3743 5344 3876 5398 duas
3907 5358 4019 5409 par-

2455 5437 2645 5491 ticulas
2694 5436 2937 5491 ecclesize
2971 5437 3265 5506 colli-ginta:
3314 5438 3371 5488 S.
3414 5434 3716 5490 Gereonis:
3753 5450 3867 5502 pag.
3900 5434 4012 5495 δῖε,

2453 5528 2516 5580 de
2549 5528 2722 5595 capite
2754 5531 2921 5581 sancti
2954 5527 3190 5582 Matthiei
3231 5526 3436 5594 aliquid
3481 5526 3724 5581 ecclesia:
3772 5525 4012 5577 ubhatiali

2454 5618 2511 5674 Ξ.
2542 5619 2957 5679 I‘anthaleouis;
2988 5636 3107 5690 pag.
3149 5619 3271 5681 412,
3306 5619 3506 5687 aliquid
3552 5616 3894 5684 reliquiarum
3928 5632 4010 5685 pa-

2454 5712 2675 5765 rochiali
2720 5712 2965 5765 ecclesia:
3000 5712 3053 5764 S.
3092 5710 3251 5780 Lupi,
3288 5712 3364 5764 uti
3396 5720 3449 5763 et
3488 5726 3608 5779 pag.
3647 5712 3750 5765 dri-2.
3782 5714 4010 5765 ecclesiz

2452 5802 2505 5859 S.
2539 5802 2844 5860 Catharinze
2882 5805 3098 5861 Ordinis
3147 5804 3595 5871 Teutonicorum,
3644 5822 3760 5875 pag.
3795 5804 3893 5859 r156
3925 5811 4004 5853 ec-
