4188 6436
178 405 296 466 809

1484 390 1659 453 VITA
1703 390 1765 451 S.
1812 389 2196 451 MATTH.EI.

3328 392 3433 452 310

181 514 372 571 etesiae
413 512 883 575 Cartusianorum,
923 525 1045 581 pag.
1080 508 1184 564 485
1216 506 1455 563 ecclesia:
1502 505 1764 561 Carmeli—
1793 510 1840 566 Α
1872 503 2037 557 tensis
2070 503 2121 555 in
2158 501 2446 556 Brabantia
2478 517 2647 574 prope
2671 502 2993 559 Levanium.
3026 503 3151 560 Haec
3181 504 3432 558 laudatus

186 618 396 670 tarum,
434 620 555 675 pag.
588 603 687 658 547
718 603 958 657 ecclesia:
1010 599 1067 655 S.
1109 598 1388 655 Maximini
1445 596 1763 653 monlalium

183 696 405 751 ordinis
438 695 839 766 Augustiniani,
871 710 990 765 pag.
1033 691 1135 746 560
1165 690 1411 746 ecclesia:
1450 687 1765 743 monialium

184 791 239 860 ej
252 791 440 845 usdcm
463 788 670 844 ordinis
694 789 747 842 in
778 788 982 857 majore
1004 783 1293 844 Nazareth.
1321 798 1447 854 pag.
1470 781 1573 836 584
1597 780 1771 836 eccle-

188 882 297 936 sia:
328 881 386 936 S.
425 880 694 934 Vincentii
731 882 899 934 tertia:
931 877 1150 948 Regulae
1175 876 1230 931 S.
1271 874 1568 937 Francisci,
1591 883 1645 928 et
1673 874 1768 927 de-

193 989 353 1028 mum
383 989 504 1044 pag.
534 974 634 1026 627
667 973 864 1027 sacello
893 971 948 1026 S.
985 971 1309 1040 Margaritai.
1344 973 1412 1024 At
1440 983 1632 1023 omnes
1658 967 1773 1020 istae

194 1066 434 1121 modicae
480 1066 734 1120 videntur
781 1079 901 1118 esse
947 1062 1247 1133 particulae,
1296 1071 1356 1115 ut
1407 1059 1773 1114 difficultatem

194 1168 467 1207 numerus
500 1152 704 1206 nullam
737 1150 925 1220 pariat.

276 1244 365 1297 99.
410 1244 464 1296 ln
501 1242 681 1315 Belgio
716 1251 900 1295 nostro
943 1240 1190 1311 plurimis
1225 1234 1386 1293 etiam
1420 1236 1553 1291 locis
1584 1246 1772 1289 osten-

196 1336 413 1390 duntur
444 1336 614 1389 sancti
669 1332 903 1385 Matthaci
954 1332 1219 1400 reliquiae,
1266 1331 1515 1400 interque
1542 1343 1636 1383 eas
1671 1342 1775 1379 una

193 1429 362 1482 valde
384 1426 661 1481 notabilis.
691 1424 753 1478 Et
782 1440 914 1479 sane
953 1423 1260 1478 mirandum
1298 1421 1503 1476 nemini
1532 1430 1698 1480 esset,
1730 1419 1775 1471 si

194 1522 269 1575 de
304 1522 465 1589 hujus
515 1518 739 1584 apostoli
781 1516 1024 1585 reliquiis
1080 1516 1195 1583 plus
1238 1514 1520 1582 obtigisset
1571 1511 1774 1579 Belgio,

194 1628 369 1681 quam
400 1614 520 1665 aliis
561 1609 877 1680 provinciis,
905 1624 1027 1663 cum
1066 1606 1290 1660 (Iarolus
1322 1605 1357 1657 V
1397 1606 1692 1673 imperator
1725 1603 1777 1654 in

200 1703 392 1774 Belgio
424 1713 584 1756 natus
604 1712 657 1755 et
688 1716 827 1769 smpe
854 1702 1048 1768 degere
1072 1697 1261 1751 solitus
1288 1696 1376 1759 sit,
1412 1694 1662 1764 idemque
1687 1694 1782 1747 ali-

199 1796 430 1865 quando
463 1793 674 1848 Salerui
716 1792 893 1853 fuerit,
930 1788 1018 1843 ubi
1069 1804 1162 1843 eas
1210 1789 1455 1858 accipere
1502 1787 1693 1855 potuit,
1727 1797 1779 1840 et

198 1886 335 1940 inde
358 1888 412 1941 in
444 1883 683 1953 Belgium
709 1892 926 1949 portare
952 1889 1047 1933 aut
1075 1879 1459 1933 transmittere.
1498 1880 1626 1931 Aliis
1649 1896 1781 1946 qno-
1810 1853 1857 1911 Β

203 1990 317 2045 que
348 1973 521 2027 modis
554 1972 795 2040 reliquiae
826 1970 1001 2022 sant-ti
1050 1968 1283 2022 Matthxi
1326 1972 1376 2020 in
1413 1968 1650 2038 Belgium
1688 1972 1778 2020 diu

200 2072 336 2120 ante
366 2064 645 2118 transferri
680 2072 992 2132 potuerunt.
1029 2064 1096 2115 At
1143 2064 1415 2130 quomodo
1462 2061 1635 2114 allatae
1667 2061 1783 2112 fue-

201 2157 341 2221 rint,
378 2169 487 2208 non
524 2153 742 2207 invenio
774 2152 914 2221 apud
955 2150 1257 2221 Rayssiuni,
1288 2150 1380 2219 qui
1421 2166 1514 2202 eas
1541 2158 1785 2201 recenset

202 2251 262 2304 in
305 2245 857 2319 llicrogazophylacio
890 2244 1118 2313 Belgico.
1158 2243 1393 2295 Primum
1427 2251 1575 2299 certe
1608 2243 1783 2295 locum

205 2352 453 2397 tueretur
478 2352 639 2408 caput
666 2338 871 2402 Sancti,
906 2340 1046 2407 quod
1082 2352 1201 2406 pag.
1236 2335 1341 2389 Sili
1375 2334 1621 2388 attribuit
1658 2350 1785 2387 ora-

208 2439 354 2491 torio
380 2433 516 2487 aulae
557 2431 927 2485 Bruxeliensis
974 2429 1059 2483 his
1092 2429 1306 2483 verbis:
1343 2447 1360 2477 ‹
1404 2427 1605 2480 Locum
1644 2426 1788 2482 hunc

207 2536 476 2598 praetcrea
522 2524 717 2577 mirum
767 2523 822 2574 in
872 2521 1088 2574 modum
1125 2528 1383 2572 venustat
1424 2535 1605 2571 rarum
1660 2518 1786 2571 illud

210 2620 433 2689 pignus,
464 2613 791 2671 sanctissimi
827 2612 1075 2666 videlicet
1104 2610 1334 2679 apostoli
1365 2619 1417 2663 ct
1442 2610 1789 2678 evangelista:

212 2713 453 2768 Matthzni
482 2718 645 2780 caput
676 2709 965 2778 integrum,
1004 2706 1223 2773 sumptu
1258 2712 1311 2757 et
1348 2702 1526 2755 valere
1559 2703 1790 2755 maximo

213 2806 494 2861 reclusum
523 2803 575 2854 in
610 2809 863 2871 argentea
893 2796 1149 2865 imagine,
1188 2795 1440 2848 eumdem
1484 2794 1789 2863 apostolum

212 2904 437 2964 pectore
470 2903 646 2956 tenus,
680 2890 981 2944 naturalem
1009 2886 1241 2942 hominis
1266 2884 1608 2939 altitudinem
1634 2900 1794 2938 exce-

214 2991 440 3042 dentem
481 2984 774 3044 referente,
810 2980 954 3033 circa
996 2980 1153 3048 cujus
1192 2979 1447 3032 humeros
1480 2977 1789 3032 circumvo-

213 3078 381 3131 litans
404 3073 627 3146 angelus
656 3066 1105 3124 atramentarium
1134 3065 1208 3118 illi
1242 3066 1513 3120 vasculum
1543 3065 1789 3136 porrigit.

1871 594 2150 663 Rayssius.
2180 594 2273 663 qui
2306 604 2361 649 et
2392 594 2608 650 dentem
2638 595 2866 663 Elnone,
2897 597 3011 651 sive
3042 596 3093 651 in
3122 594 3177 651 S.
3203 596 3435 651 Amandi

1873 686 2142 749 coenobio,
2162 686 2271 755 jam
2294 702 2456 757 supra
2489 698 2869 755 memoratum,
2893 688 3135 758 reliquiis
3162 699 3436 744 aceenset.

1944 778 2065 833 100.
2108 777 2351 835 Transeo
2400 779 2453 833 in
2503 779 2752 847 Galliam,
2794 782 2883 836 ubi
2917 781 3082 835 variis
3133 781 3267 835 loris
3311 796 3438 835 erc-

1874 870 2008 925 dunt
2039 886 2097 924 se
2131 871 2331 926 habere
2375 882 2539 942 caput
2589 873 2761 928 sancti
2816 873 3073 927 Mattluei.
3107 874 3361 927 Albi-rtus
3392 874 3439 925 le

1876 962 2055 1016 Grand
2086 963 2138 1016 in
2167 977 2329 1032 Opere
2350 962 2554 1020 Gallico
2594 965 2662 1019 de
2694 964 2899 1019 sanctis
2928 964 3221 1019 Britannia:
3252 966 3444 1017 Armo-

1877 1056 2002 1109 ricae
2038 1070 2159 1126 pag.
2191 1055 2295 1109 600
2342 1056 2397 1109 in
2434 1054 2549 1111 Vita
2595 1059 2653 1110 S.
2690 1056 2957 1126 Tanguidi
3010 1056 3220 1111 abbatis
3255 1057 3438 1117 refert,

1878 1157 2043 1216 caput
2076 1148 2246 1202 sancti
2277 1148 2513 1202 Matthazi
2544 1149 2743 1203 sacculo
2775 1165 2823 1202 vr
2852 1163 2949 1218 per
2980 1158 3314 1203 mercatores
3343 1150 3441 1201 Ar-

1880 1241 2117 1294 moricos
2173 1241 2477 1295 clanculum
2545 1241 2713 1295 fuisse
2769 1242 3005 1296 ablatura
3064 1256 3129 1296 ex
3190 1240 3444 1309 .‘Egvpto,

1880 1333 2313 1401 translatumqne
2344 1333 2395 1384 in
2426 1332 2756 1386 Britanniam
2794 1333 3149 1397 Armoricam,
3183 1332 3365 1401 ibique
3393 1332 3443 1383 in

1883 1423 2105 1478 dioecesi
2135 1422 2399 1477 Lconcnsi
2428 1436 2797 1479 constructum
2828 1426 3236 1487 monasterium,
3264 1425 3316 1477 in
3340 1439 3447 1495 quo

1884 1515 2052 1567 saucii
2086 1523 2250 1582 caput
2289 1511 2449 1569 fuerit
2471 1514 2797 1584 depositum.
2831 1515 2993 1569 Addit
3022 1516 3291 1585 geminum
3321 1527 3450 1583 pro-

1882 1606 2106 1675 digium,
2174 1605 2428 1660 videlicet
2484 1608 2764 1675 scopulum
2819 1604 2871 1658 in
2938 1606 3072 1659 mari
3147 1614 3449 1659 exstantem

1887 1697 2053 1752 fuisse
2110 1715 2137 1750 a
2194 1698 2315 1751 navi
2384 1707 2725 1768 perruptum,
2797 1696 2925 1750 dum
2996 1705 3155 1763 caput
3214 1696 3452 1749 advehe-

1886 1791 2085 1854 batur;
2124 1791 2349 1844 alterum
2388 1791 2440 1843 in
2483 1792 2890 1845 constructione
2920 1788 3231 1844 monasurii
3275 1797 3453 1856 patra-

1888 1897 1997 1937 tum
2027 1902 2041 1949 ;
2075 1885 2167 1937 sed
2206 1896 2491 1952 utrumque
2524 1883 2728 1953 indiget
2752 1882 3089 1935 documentis
3119 1878 3285 1931 mullo
3314 1878 3452 1931 anti—

1886 1978 2187 2043 quioribus.
2214 1993 2371 2047 quam
2398 1976 2624 2045 proferri
2659 1975 2885 2045 possint,
2921 1973 3158 2026 utfidem
3194 1971 3450 2024 inveniat.

1889 2070 2005 2138 Ipsa
2036 2086 2252 2139 quoque.
2285 2070 2464 2123 allatio
2495 2069 2689 2133 capitis
2720 2083 2782 2119 ex
2822 2066 3048 2136 Aigypto
3083 2080 3189 2118 non
3240 2064 3456 2116 videtur

1889 2160 2086 2217 Certior
2134 2177 2293 2229 quam
2328 2169 2453 2212 ante
2485 2167 2780 2213 memorata
2811 2158 3054 2226 corporis
3081 2172 3142 2208 ex
3181 2154 3454 2222 Aithiopia

1891 2255 2190 2310 translatio.
2216 2250 2598 2306 Verumtamen
2623 2251 2816 2305 dictam
2842 2249 3032 2319 capitis
3052 2247 3455 2301 translationem

1892 2357 2117 2401 narrant
2152 2346 2312 2398 etiam
2344 2343 2567 2399 Carolus
2603 2345 2649 2396 lc
2677 2342 2867 2397 Cointc
2904 2342 2954 2393 in
2982 2340 3269 2393 Annalibus
3301 2339 3461 2392 cccle-

1891 2440 2115 2494 siusticis
2156 2439 2498 2499 Francorum,
2533 2437 2597 2489 ad
2640 2451 2841 2489 annum
2887 2433 3008 2498 555,
3045 2447 3197 2485 num.
3233 2432 3319 2495 Ἦ,
3352 2430 3460 2483 Lu-

1892 2533 2117 2587 dovicus
2170 2530 2395 2584 Bulteau
2452 2529 2503 2581 in
2551 2528 2871 2595 Compendio
2939 2524 3200 2579 llistorico
3264 2518 3460 2575 ordinis

1893 2623 1947 2677 S.
1992 2622 2277 2684 Benedicti,
2315 2621 2407 2673 lib.
2466 2636 2519 2680 ιι,
2552 2635 2671 2687 cap.
2705 2619 2793 2681 28,
2826 2630 2975 2670 num.
3004 2617 3059 2677 2,
3111 2615 3185 2667 ttti
3233 2624 3286 2668 et
3328 2630 3463 2667 cou-

1895 2716 2247 2769 structionem
2289 2709 2622 2771 monasterii,
2661 2719 2849 2764 sancto
2885 2709 3130 2762 Μειιιιιαξο
3163 2707 3347 2768 dicati,
3397 2706 3463 2759 de

1896 2814 2000 2875 qua
2036 2805 2224 2874 nequit
2255 2802 2507 2856 dubitari.
2540 2802 2903 2863 Mabillonius,
2944 2801 2996 2855 in
3033 2798 3325 2853 Annalibus
3362 2796 3464 2850 Be-

1897 2900 2193 2952 nedictinis.
2228 2906 2356 2947 tom.
2398 2895 2437 2959 l,
2469 2910 2589 2963 pag.
2622 2894 2718 2946 152
2739 2894 2803 2945 ad
2831 2908 3031 2946 annum
3061 2892 3164 2945 563
3196 2889 3469 2945 fundatio-

1898 3004 2020 3041 nem
2049 2988 2356 3041 tuotiasterii
2389 2985 2626 3053 exponit.
2651 2984 2716 3036 de
2752 2982 3097 3036 translatione
3123 2997 3248 3036 vero
3274 2979 3464 3048 capitis

1899 3081 2070 3133 sancti
2128 3079 2361 3131 Matthai
2422 3076 2734 3130 dubitanter
2802 3076 3036 3143 loquitur
3085 3073 3187 3126 hoc
3248 3074 3463 3127 modo:

222 3166 462 3235 Erigitur
494 3164 547 3217 iu
586 3158 853 3233 priediviti
884 3172 946 3211 ex
978 3157 1156 3209 ebeno
1182 3164 1429 3223 pegmatc
1459 3153 1794 3206 artificiosis-

1909 3190 1924 3221 ι
1962 3170 2094 3224 Dein
2154 3167 2483 3221 monasteria
2526 3184 2554 3219 a
2589 3165 2751 3219 Paulo
2801 3166 3077 3233 (episcopo
3124 3162 3466 3232 chionensi,

217 3261 359 3314 sime
385 3257 682 3316 elaborato,
713 3254 764 3307 in
793 3267 900 3321 quo
935 3248 1206 3321 przecipua
1241 3246 1370 3299 dicti
1414 3244 1647 3314 apostoli
1690 3245 1794 3296 mi-

219 3351 404 3405 racula
436 3348 708 3419 argenteis
743 3343 944 3398 crustis
979 3351 1033 3396 et
1058 3337 1274 3394 laminis
1302 3336 1499 3401 incisa,
1537 3336 1795 3403 variaque

216 3444 354 3497 artis
385 3440 654 3512 elegantia
698 3436 1060 3491 condecorata
1109 3430 1571 3500 complectuntur.
1626 3427 1799 3488 Idem,

217 3552 346 3608 pag.
384 3532 507 3596 465,
535 3530 794 3586 adscribit
822 3542 943 3581 ossa
979 3525 1152 3579 sancti
1185 3523 1450 3583 Matrhazi,
1486 3522 1536 3573 id
1568 3529 1671 3583 est,
1706 3519 1802 3571 ali-

218 3628 355 3696 quid
399 3640 465 3679 ex
502 3623 738 3686 ossibus,
786 3618 1030 3673 ecclesia:
1075 3614 1369 3684 collegiatze
1402 3612 1458 3666 S.
1502 3610 1799 3665 Salvatoris

220 3716 418 3786 Brugis
451 3716 503 3768 in
552 3712 839 3771 Flandria;
876 3723 1091 3763 rursum
1128 3722 1247 3776 pag.
1279 3706 1404 3770 514,
1430 3702 1676 3758 ecelcsia:
1708 3717 1800 3755 ca—

222 3808 463 3866 thedrali
491 3802 828 3861 Tornaceusi
853 3804 919 3858 de
954 3809 1144 3856 sancto
1175 3798 1429 3852 Matthaeo
1471 3794 1717 3865 apostolo
1747 3804 1803 3848 et

220 3900 557 3972 evangelista
600 3898 709 3952 duo
740 3910 887 3959 ossa,
926 3908 1093 3948 unum
1143 3890 1369 3961 grande,
1408 3888 1555 3943 aliud
1596 3885 1804 3939 medio-

219 4008 358 4057 cre;
412 4009 432 4042 ι
491 4005 611 4059 pag.
667 3988 792 4047 451,
841 3984 1107 4038 llntilensi
1157 3981 1424 4036 Cartusia:
1475 3980 1542 4032 ad
1598 3976 1801 4029 Mosam

222 4084 369 4155 (lege
394 4078 695 4149 Mosellam)
732 4077 785 4130 in
822 4078 1023 4130 ducatu
1080 4070 1542 4142 Luxemburgensi
1574 4087 1591 4120 ‹
1631 4067 1803 4123 sancti

226 4169 467 4227 Matthzei
516 4168 746 4240 apostoli
812 4176 868 4221 et
922 4163 1271 4235 evangelista:
1333 4179 1395 4219 os
1442 4175 1721 4232 magnum,
1782 4181 1797 4209 ι

226 4280 353 4339 pag.
396 4262 499 4320 450
546 4261 775 4317 abbatize
822 4259 1261 4328 Phalempincnsi
1313 4256 1521 4311 ordinis
1577 4247 1633 4307 S.
1692 4256 1806 4306 Au-

222 4355 435 4430 gustini
483 4356 534 4407 in
590 4350 841 4405 Flandria
886 4360 1203 4418 argenteum
1257 4344 1563 4409 brachium,
1620 4363 1637 4394 ι
1679 4341 1802 4405 Ubi,

230 4446 435 4515 inquit,
478 4462 497 4495 ι
551 4442 752 4497 exirnia
789 4455 915 4511 pars
947 4436 1151 4492 brachii
1200 4434 1256 4490 S.
1288 4434 1600 4489 Matthaai...
1626 4447 1805 4487 asser-

1902 3263 1969 3315 de
2002 3277 2108 3328 quo
2133 3261 2273 3328 apud
2314 3275 2410 3313 nos
2435 3267 2611 3312 actum
2646 3269 2773 3311 tom.
2812 3256 2878 3319 ll,
2924 3254 3097 3307 Martii
3127 3270 3152 3305 ιι
3194 3268 3315 3322 pag.
3346 3252 3467 3319 108)

1901 3363 2230 3418 constructa,
2284 3354 2335 3405 in
2382 3353 2568 3420 prunis
2610 3350 2971 3412 Gerbcrensc,
3017 3349 3103 3401 cui
3157 3347 3470 3417 Tanguidus

1905 3447 2071 3503 abbas
2102 3443 2407 3517 praefectus,
2440 3443 2484 3497 is
2521 3442 2611 3512 qui
2647 3440 2703 3495 S.
2735 3440 2965 3495 Mattha-i
3000 3440 3387 3495 monasterium
3415 3439 3469 3490 in

1904 3549 2149 3591 extremo
2207 3535 2502 3591 Armoricae
2546 3534 2688 3602 apud
2740 3533 3049 3586 Lentienses
3103 3530 3471 3598 promontorio

1904 3632 2004 3683 sub
2049 3628 2282 3680 medium
2331 3627 2584 3679 saeculum
2636 3636 2845 3679 sextum
2893 3623 3255 3677 construxisse
3290 3620 3473 3691 perhi-

1905 3721 2082 3785 betur,
2114 3718 2185 3773 ob
2216 3716 2266 3771 id
2307 3717 2360 3770 in
2400 3714 2840 3769 Finibus-Terrae
2879 3711 3342 3782 cognominatum.
3371 3709 3475 3766 Oc-

1907 3812 2183 3866 casionem
2214 3807 2432 3863 tradunt
2465 3809 2635 3862 sancti
2668 3802 2897 3874 apostoli
2931 3811 3091 3871 caput
3143 3816 3207 3855 ex
3241 3801 3474 3871 .‘Egypto

1906 3920 1933 3956 a
1984 3902 2309 3971 quihusdam
2359 3898 2751 3953 mercatoribus
2801 3894 3174 3949 Leonensibus
3231 3896 3474 3950 allatum.

1907 3994 2114 4048 Novum
2145 3990 2463 4045 ascetcrium
2494 3987 2830 4043 consecravit
2864 3986 3081 4046 Paulus,
3127 4000 3302 4055 coquo
3331 3985 3475 4039 Tan-

1908 4088 2100 4158 guidus
2123 4100 2152 4138 e
2181 4082 2508 4139 Gerbcrensi
2538 4080 2887 4144 monasterio,
2916 4079 3001 4132 cui
3031 4077 3325 4132 Releccnsc
3354 4093 3478 4132 suc-

1909 4179 2091 4239 cessit,
2127 4176 2393 4230 coloniam
2421 4175 2599 4228 duxit.
2634 4172 2847 4226 Perstat
2881 4172 2947 4225 ad
2986 4181 3231 4225 nostrum
3266 4179 3477 4239 tempus

1911 4269 1966 4322 S.
2018 4267 2249 4323 Mattluei
2308 4264 2695 4319 monasterium
2726 4266 2825 4314 sub
2877 4262 2931 4313 S.
2982 4259 3149 4313 Mauri
3186 4275 3480 4331 congrega-

1911 4364 2078 4425 tione,
2115 4362 2296 4423 situm,
2328 4369 2387 4413 ut
2414 4373 2533 4411 mox
2562 4356 2826 4420 dicebam,
2861 4356 2912 4408 in
2943 4354 3165 4409 dimccsi
3190 4353 3476 4416 Leonensi.

1912 4453 2057 4509 haud
2091 4452 2278 4523 procul
2304 4467 2331 4505 a
2358 4450 2672 4521 Conquitto,
2714 4450 2876 4520 paulo
2906 4449 3118 4519 longius
3149 4464 3176 4502 a
3206 4448 3479 4506 Brcstensi

223 4548 422 4602 Ψωῖί
464 4554 483 4586 ⁸
527 4546 581 4589 ει
613 4548 739 4603 1³³8·
785 4530 889 4583 9'16
940 4530 1189 4582 "onum"
1226 4528 1294 4582 de
1339 4527 1583 4597 "’NQUiiS
1632 4526 1803 4581 sane“
1837 4526 1885 4586 ι)
1912 4549 2265 4606 celeberrimo
2305 4556 2483 4616 portu.
2525 4545 2681 4599 Nulla
2730 4544 2843 4599 fere
2893 4546 2959 4599 de
2995 4546 3097 4598 hoc
3146 4546 3484 4601 monasterio

224 4627 489 4690 Matthtei.
530 4626 816 4681 obtentum
839 4622 983 4678 dono
1010 4620 1309 4689 Margaritte
1345 4619 1610 4689 principis
1645 4619 1800 4672 Flan'

226 4727 387 4790 driae,
438 4722 627 4778 haberi
679 4719 817 4775 dicit
868 4718 923 4772 in
967 4716 1183 4772 abbatia
1240 4712 1482 4769 Flinensi
1538 4713 1806 4783 virginum

226 4815 702 4874 Cisterciensium.
739 4810 1023 4865 Lcetiensis
1052 4819 1107 4863 et
1140 4806 1526 4863 Maricollensis
1553 4805 1804 4870 abbati-ac,

229 4906 407 4963 ambae
454 4902 815 4958 Benedictinte
854 4900 906 4952 in
953 4901 1261 4959 Hannonta,
1313 4898 1515 4964 aliquid
1559 4896 1809 4949 similiter

231 5000 305 5053 de
343 4996 559 5049 ossibus
607 4990 782 5044 sancti
836 4990 1068 5043 Matthaei
1117 4990 1396 5056 possidere
1454 5003 1513 5041 se
1552 4990 1805 5061 credunt.

230 5087 407 5143 Priori
436 5099 556 5155 pag.
579 5080 684 5135 279
717 5078 972 5151 Bayssius
1008 5080 1196 5133 tribuit
1220 5092 1429 5149 partem
1457 5077 1608 5149 digiti
1634 5080 1809 5130 sancti

230 5182 472 5237 Matthxi
510 5176 742 5249 apostoli
777 5184 833 5228 et
874 5173 1220 5241 evangelista:
1257 5188 1379 5240 una
1431 5186 1556 5225 cum
1609 5186 1807 5233 carne;

226 5273 387 5330 alteri
425 5286 545 5341 pag.
588 5267 693 5320 296
722 5265 921 5335 aliquid
951 5265 1019 5318 de
1068 5274 1216 5317 costa
1244 5261 1511 5332 ejusdem.
1545 5262 1808 5319 Canoniri

232 5363 445 5422 ordinis
478 5362 535 5416 S.
570 5358 853 5428 Augttstini
907 5357 961 5411 in
1008 5357 1221 5410 abbatia
1263 5356 1319 5411 S.
1352 5355 1560 5409 Nicolai
1608 5354 1809 5424 Ognia-

233 5455 419 5513 censis
446 5454 513 5509 ad
548 5451 731 5506 Sabim
770 5448 999 5510 habens,
1035 5446 1229 5502 eodem
1258 5456 1395 5502 teste
1419 5462 1541 5518 pag.
1573 5446 1698 5508 387,
1732 5448 1811 5499 al-

238 5559 356 5602 tare
406 5542 659 5613 portatile
700 5539 895 5597 Jacobi
945 5522 1014 5592 de
1070 5535 1307 5593 Vitriaco
1342 5538 1401 5592 S.
1430 5532 1495 5591 Β.
1539 5538 1601 5591 Ε.
1633 5538 1811 5590 cardi-

236 5635 402 5698 nalis,
461 5635 515 5684 in
584 5646 757 5695 eoque
811 5643 937 5683 cum
989 5624 1112 5684 aliis
1170 5628 1410 5697 reliquiis
1480 5628 1683 5697 aliquid
1745 5630 1814 5681 de

237 5732 300 5784 S.
364 5724 649 5789 Matthmo;
714 5725 781 5778 de
824 5739 932 5791 quo
986 5722 1239 5777 nonnihil
1298 5723 1514 5777 demunt
1568 5722 1815 5775 attribuit

236 5835 358 5899 pag.
418 5818 513 5873 401
579 5816 809 5871 abbatia:
854 5814 1107 5869 Parccnsi
1158 5815 1366 5870 ordinis
1416 5813 1813 5869 Praamonstra-

648 5918 919 5978 l’naon.
964 5913 1080 5976 Gtt.
1126 5915 1311 5980 CXV.

1913 4651 2093 4695 vetera
2126 4646 2477 4693 monumenta
2513 4645 2800 4705 supersunt
2852 4643 2971 4705 post
3002 4633 3173 4688 varias
3204 4637 3268 4687 ah
3294 4634 3481 4705 Anglis

1911 4732 2085 4784 illatas
2119 4732 2337 4793 clades;
2374 4729 2588 4782 tametsi
2638 4728 2920 4797 antiquum
2969 4729 3086 4797 ejus
3133 4728 3478 4797 splendorem

1911 4823 2091 4892 arguit
2113 4820 2344 4892 insignis
2376 4819 2621 4881 basilica.
2663 4834 2781 4888 qua:
2814 4818 2978 4872 variis
3012 4828 3323 4873 sanctorum
3356 4818 3481 4873 reli—

1912 4912 2055 4984 quiis
2088 4922 2281 4967 ornata
2331 4921 2435 4966 est.
2482 4930 2499 4963 ι
2543 4910 2813 4966 (ῖωιει-ιιηι
2870 4911 3148 4981 persuasio
3195 4910 3263 4962 de
3310 4910 3484 4978 capite

1914 5007 2088 5060 sancti
2124 5005 2357 5060 Mattlnci
2392 5013 2606 5058 servato
2632 5004 2684 5056 in
2720 5004 2813 5057 illo
2836 5000 3165 5057 monasterio
3194 5001 3484 5073 viguitsal-

1915 5108 2022 5151 tem
2070 5112 2100 5149 a
2150 5096 2347 5149 smculo
2376 5110 2469 5147 xm
2506 5111 2518 5147 :
2570 5109 2694 5147 nam
2739 5093 3023 5148 Matthceus
3053 5093 3483 5148 Westmonaste-

1916 5187 2112 5242 ricnsis
2137 5188 2201 5240 ad
2235 5201 2437 5240 annum
2475 5184 2613 5241 1295
2645 5185 2711 5240 de
2741 5186 2911 5240 classe
2941 5185 3234 5257 Anglorum
3267 5198 3331 5237 eo
3362 5199 3484 5253 per-

1918 5281 2045 5340 lata,
2090 5278 2420 5348 fugientibus
2471 5277 2662 5331 incolis
2703 5277 3035 5341 monasterii,
3087 5277 3201 5329 haec
3249 5274 3480 5329 scribit:

1920 5384 1939 5416 ε
1964 5366 2090 5420 Post
2108 5370 2221 5420 iure
2239 5366 2503 5420 abbatiam
2528 5365 2583 5419 ὃ.
2614 5364 2847 5419 Matthaei
2872 5366 3218 5435 quamplures
3236 5364 3482 5436 ingressi.

1915 5457 2280 5510 ecclesiastica
2328 5456 2577 5510 utensilia
2629 5471 2749 5510 cum
2796 5458 2972 5525 capite
3022 5455 3263 5524 ejusdem
3310 5456 3484 5511 sancti

1917 5549 2096 5601 ablato
2129 5548 2194 5601 ad
2230 5547 2509 5601 dominum
2560 5548 2936 5602 Eadmuudum
2973 5546 3166 5601 ducem
3213 5546 3485 5601 exercitus

1917 5640 2284 5692 contulerunt.
2317 5639 2446 5704 Qua:
2495 5640 2677 5694 omnia
2707 5647 3039 5709 sequestrata
3071 5637 3201 5692 fecit
3234 5636 3486 5692 dominus

1917 5730 2270 5785 Eadmundus
2304 5731 2434 5784 viris
2465 5732 2846 5788 ecclesiasticis
2875 5732 3188 5786 restaurari.
3225 5748 3243 5781 ι
3288 5727 3367 5783 Ex
3400 5727 3486 5781 his

1923 5835 2107 5881 tamen
2142 5833 2286 5879 recte
2338 5824 2532 5881 deduci
2576 5824 2782 5895 nequit,
2830 5824 3100 5894 integrum
3138 5837 3257 5878 esse
3296 5830 3481 5891 caput,

3091 5915 3164 5977 26
