4188 6436
771 380 868 442 811

1993 382 2277 443 MENSIS
2319 383 2607 442 SEPTEM
2623 385 2791 447 BER.

3914 401 3977 459 81
3990 401 4025 458 2

774 497 912 567 quod
966 497 1161 551 ibidem
1202 496 1430 551 habetur
1484 512 1582 566 pro
1633 497 1809 566 capite
1859 497 2028 552 sancti
2068 497 2340 561 Matthaei;
2375 503 2414 554 Α
2449 515 2597 551 nutu.
2667 501 2838 570 Hngo.
2898 502 2948 552 in
3021 503 3312 556 Annalibus
3390 505 4026 575 Prmmonstratcnsibus,

774 604 947 657 neque
975 590 1116 641 enim
1158 588 1206 642 id
1235 591 1428 642 asserit
1458 587 2077 644 Westtnonasteriensis.
2108 590 2188 642 An
2214 605 2340 642 vero

771 693 930 750 caput
966 681 1117 744 illttd,
1149 679 1290 748 quod
1342 680 1410 734 ibi
1460 680 1711 744 habetur,
1763 680 1831 734 sit
1863 681 2030 734 sancti
2081 679 2338 743 Mattbazi,

771 789 877 824 non
904 773 1139 838 inquiro.

843 865 961 916 101.
1025 864 1269 916 Andreas
1306 859 1604 934 Saussayus
1655 863 1706 916 in
1765 862 2141 933 Martyrologio
2174 861 2335 915 Galli-

771 969 905 1007 cano
934 953 996 1005 ad
1021 953 1080 1005 21
1112 952 1443 1020 Septembris
1475 952 1747 1005 consentit
1775 965 1897 1003 cum
1929 948 2201 1004 sententia
2227 949 2342 1002 fere

771 1045 1040 1096 communi
1095 1044 1160 1096 de
1198 1058 1422 1111 corpore
1481 1043 1650 1097 sancti
1706 1040 1989 1096 Salernum
2048 1041 2337 1101 translato;

771 1134 1027 1202 additque
1062 1151 1072 1184 :
1117 1152 1134 1182 ε
1176 1133 1215 1186 Ε
1251 1150 1357 1202 quo
1410 1137 1680 1202 (corpore)
1729 1142 2043 1200 excerptum
2079 1147 2340 1185 veneran-

772 1225 896 1278 dum
931 1234 1111 1293 caput.
1150 1225 1353 1292 pridem
1389 1224 1439 1275 in
1464 1224 1688 1276 Galliam
1723 1223 1958 1275 delatum
1992 1222 2112 1283 fuit,
2152 1238 2336 1274 recon-

771 1316 1052 1383 tlitumqne
1100 1317 1151 1366 in
1200 1330 1412 1368 summa
1461 1315 1681 1367 basilica
1720 1313 2104 1375 Bellovacensi,
2150 1316 2202 1365 in
2236 1327 2338 1380 qua

772 1409 984 1476 egregio
1012 1410 1154 1461 cultu
1191 1416 1562 1467 conservatur,
1599 1406 1814 1472 dempto
1841 1406 2059 1466 vertice,
2093 1405 2178 1472 qui
2205 1404 2334 1456 Car-

774 1501 887 1551 nuti
927 1501 977 1550 in
1008 1499 1244 1551 sacrario
1289 1499 1484 1552 nobilis
1514 1498 1643 1551 redis
1679 1495 1917 1567 Virginis
1952 1497 2188 1563 Deipara:
2226 1511 2339 1547 ma-

773 1607 872 1659 gna
909 1607 1027 1644 cum
1064 1592 1404 1645 veneratione
1439 1592 1687 1644 habetur.
1728 1610 1744 1642 ι
1782 1591 1837 1643 ln
1875 1587 2190 1658 Necrologio
2223 1587 2343 1640 Bel-

773 1684 1063 1744 lovacensi,
1089 1686 1228 1750 quod
1255 1684 1504 1736 laudatur
1527 1694 1655 1736 tom.
1707 1681 1769 1736 IX
1797 1682 1978 1735 Gallia:
1997 1680 2337 1742 Christianm,

773 1776 874 1828 col.
913 1776 1034 1828 749.
1092 1775 1142 1826 in
1183 1776 1373 1828 Milone
1412 1775 1429 1827 l
1490 1775 1747 1843 episcopo
1785 1772 2153 1826 Bcllovacensi
2199 1774 2340 1825 inter

773 1869 872 1917 alia
934 1869 1184 1934 leguntur
1231 1867 1558 1933 sequentia:

777 1960 1004 2010 Mattha-i
1040 1959 1267 2025 apostoii
1305 1967 1358 2010 et
1399 1957 1600 2026 virgam
1629 1958 1825 2011 Aaron.
1868 1975 1884 2007 ι
1933 1959 1996 2010 At
2035 1959 2174 2009 unde
2208 1956 2338 2009 illud

756 2061 932 2118 .Capul
989 2051 1280 2122 acceperit,
1312 2065 1420 2102 non
1465 2051 1771 2118 adjungitur
1831 2051 1882 2101 in
1921 2049 2136 2102 laudata
2172 2050 2339 2105 Gallia

775 2142 1101 2195 Christiana.
1139 2142 1254 2192 Fuit
1283 2142 1405 2194 Milo
1436 2142 1488 2194 in
1516 2141 1745 2210 .‘Egyplo
1775 2156 1895 2194 cum
1928 2143 2339 2210 Cruccsignatis,

778 2236 877 2286 l'uit
909 2232 1166 2286 similiter
1207 2231 1429 2285 notabili
1486 2241 1727 2300 tempore
1774 2232 1824 2284 in
1878 2233 2043 2287 Italia.
2094 2234 2174 2285 An
2215 2250 2343 2286 vero

774 2325 933 2378 etiam
975 2323 1134 2376 fuerit
1162 2321 1652 2390 ConstantinOpoli,
1689 2323 1867 2390 ibique
1901 2333 2060 2390 caput
2088 2323 2215 2376 illud
2253 2339 2342 2378 ac-

775 2413 997 2480 ceperit,
1031 2423 1086 2464 ut
1117 2413 1279 2464 refert
1318 2412 1570 2464 Bailletus
1614 2412 1677 2464 ad
1714 2413 1855 2464 hunc
1888 2413 2030 2466 diem
2063 2414 2114 2465 in
2151 2424 2342 2467 sancto

779 2505 1051 2565 Matth-aco,
1109 2513 1162 2558 et
1222 2504 1444 2572 quidem
1502 2515 1740 2573 tempore
1796 2503 2029 2574 Philippi
2091 2507 2340 2576 Augusti,

777 2611 920 2649 anno
957 2596 1089 2650 1:225
1136 2595 1402 2661 defunCti,
1435 2597 1684 2664 ntISpiam
1733 2596 1970 2652 invenio.
2012 2598 2080 2651 At
2131 2599 2344 2652 videtur

779 2685 1032 2741 Baillctns
1103 2687 1484 2756 Necrologitnn
1558 2687 1847 2741 conciliare
1891 2690 2151 2749 .voluisse
2219 2707 2340 2743 cum

777 2781 992 2848 scriptis
1028 2797 1056 2832 a
1088 2780 1312 2848 Cangio,
1354 2790 1407 2833 et
1458 2780 1534 2834 sic
1564 2781 1782 2846 dixisse,
1823 2782 1964 2848 quod
2015 2797 2175 2834 nemo
2221 2793 2345 2835 ante

775 2873 1002 2926 dixerat.
1026 2871 1182 2926 Certe
1213 2873 1468 2940 Cangins,
1499 2889 1657 2939 quem
1684 2874 1843 2924 etiam
1870 2873 2044 2924 laudat
2076 2874 2129 2925 in
2163 2874 2342 2927 Histo-

780 2965 890 3017 rico
925 2973 1153 3016 ttactutu
1185 2967 1249 3016 de
1287 2965 1458 3032 capite
1493 2967 1660 3017 sancti
1695 2964 1916 3017 Joannis
1949 2966 2214 3033 Baptistae.
2240 2966 2340 3018 alia

777 3054 998 3108 omnino
1022 3055 1173 3114 dicit,
1209 3068 1497 3106 recensens
1527 3071 1645 3123 pag.
1681 3054 1777 3106 “)4
1811 3054 2064 3124 reliquias
2087 3071 2114 3106 a
2143 3056 2342 3107 Latinis

1612 1882 1630 1914 ι
1684 1865 1838 1918 Dedit
1879 1863 2044 1932 (Milo)
2080 1872 2240 1932 caput
2278 1863 2334 1915 Β.
2375 1847 2412 1899 Β

2448 599 2577 643 tom.
2612 593 2673 652 ll,
2709 594 2811 647 col.
2844 594 2963 654 649.
3003 595 3070 647 de
3113 596 3202 647 illo
3235 598 3411 663 capite
3433 601 3620 653 scribit
3650 613 3947 668 sequentia
3974 609 4023 653 in

2445 682 2655 734 abhatia
2678 682 3065 751 chnis-vallis
3107 702 3119 738 :
3165 704 3180 735 ι
3215 686 3396 741 Sancti
3427 687 3661 743 Mattlnei
3719 704 3892 759 caput
3944 710 4027 744 ar—

2444 783 2632 838 gentea
2710 774 2974 829 inclusum
3049 793 3234 845 capsa,
3281 780 3602 847 populorum
3667 797 3950 835 concursu
3998 802 4023 835 a

2446 869 2642 921 san'ulo
2677 885 2763 920 xw
2795 869 3009 922 celebre
3047 887 3060 920 :
3106 885 3284 938 neque
3334 873 3477 924 enim
3510 874 3743 927 antehac
3775 876 3827 927 in
3869 887 4024 929 vete-

2445 963 2595 1013 ribus
2621 962 2987 1015 monumentis
3036 961 3264 1030 legimus
3302 961 3619 1030 quidquam,
3675 965 3823 1016 unde
3879 967 4023 1018 ulte-

2444 1057 2552 1108 rior
2594 1055 2638 1106 ei
2667 1054 2829 1121 possit
2857 1053 3153 1119 antiquitas
3218 1053 3533 1120 adjudicari.
3582 1074 3602 1105 ι
3659 1055 3810 1111 Satis
3840 1058 4021 1106 anim-

2444 1152 2687 1202 advertet
2720 1147 2994 1199 studiosus
3031 1146 3218 1208 lector,
3250 1161 3357 1197 non
3393 1162 3547 1214 posse
3579 1149 3763 1202 omnia
3792 1150 3884 1201 illa
3908 1166 4022 1206 esse

2443 1243 2616 1309 capita
2657 1244 2828 1295 sancti
2866 1242 3123 1304 Matthzei,
3169 1245 3210 1295 si
3257 1245 3488 1310 integra,
3519 1255 3612 1297 aut
3652 1245 3766 1298 fere
3811 1246 4020 1313 integra

2443 1334 2568 1388 sint.
2605 1331 2945 1399 Quapropter
2978 1333 3076 1400 ipsi
3119 1333 3431 1388 examinare
3469 1344 3747 1403 poterunt,
3775 1350 3843 1385 an
3885 1335 4022 1388 forte

2448 1425 2683 1476 habeant
2718 1427 2981 1479 modicam
3011 1429 3204 1494 capitis
3240 1429 3556 1494 particulam
3607 1427 3826 1480 factitio
3855 1429 4018 1495 capiti

2445 1517 2779 1588 impositam,
2832 1517 2992 1583 eique
3025 1517 3218 1584 capitis
3257 1534 3453 1570 nomint
3487 1519 3650 1572 fuerit
3676 1521 4019 1586 impositum,

2444 1607 2520 1657 uti
2573 1606 2704 1658 alias
2760 1606 2960 1659 factum
3020 1622 3138 1660 esse
3183 1609 3570 1675 experimentis
3632 1613 3797 1677 plane
3853 1611 4021 1662 certi;

2445 1700 2648 1762 didici;
2701 1715 2766 1751 an
2829 1715 2953 1752 vero
2997 1700 3231 1752 habeant
3292 1701 3551 1766 reliquias
3589 1701 3780 1753 Sancti
3845 1703 4020 1756 adicu-

2442 1794 2530 1855 jus
2605 1794 2818 1854 incerti,
2874 1808 2993 1859 qute
3081 1808 3175 1860 per
3219 1807 3458 1847 errorem
3531 1794 3705 1845 sancti
3784 1792 4018 1844 Matth-ei

2445 1882 2666 1936 inerunt
2713 1884 2954 1944 creditae,
3006 1883 3461 1951 quemadmodum
3515 1885 3679 1937 etiam
3730 1899 3840 1935 non
3901 1900 4020 1935 raro

2446 1980 2725 2048 contingit.

2519 2071 2636 2124 105.
2675 2071 3046 2123 Memoranlttr
3083 2079 3133 2123 et
3169 2069 3283 2120 aliae
3335 2070 3687 2137 reliquiarum
3737 2072 4018 2138 particulae

2444 2163 2914 2215 aliislocis.lnter
2969 2161 3225 2227 reliquias
3281 2162 3484 2229 plures.
3519 2177 3641 2228 quae
3698 2178 3850 2214 anno
3921 2164 4020 2215 891

2445 2256 2635 2310 delata.-
2693 2261 2820 2304 sunt
2878 2253 3060 2304 Remis
3108 2253 3158 2303 in
3207 2267 3397 2320 pagum
3457 2251 4019 2312 Veromantluensem.

2448 2343 2814 2413 depositaque
2839 2343 2890 2392 in
2927 2341 3042 2396 vico
3077 2341 3340 2395 Metnnico
3402 2342 3452 2396 in
3503 2342 3736 2396 ecclesia
3779 2343 3840 2396 S.
3887 2343 4022 2395 Mar-

2447 2436 2561 2486 tino
2597 2435 2793 2497 dicata,
2824 2443 3142 2486 recettsetur
3189 2435 3350 2486 etiam
3396 2434 3613 2503 aliquid.
3664 2435 4020 2502 reliquiarum

2446 2529 2614 2578 sancti
2653 2526 2911 2586 Malthzei,
2959 2535 3018 2578 ut
3062 2526 3232 2578 videri
3281 2536 3478 2592 potest,
3531 2537 3661 2578 tom.
3697 2529 3712 2576 1
3747 2527 4019 2586 Januarii,

2447 2637 2562 2689 pag.
2596 2619 2712 2681 l80,
2748 2629 2877 2671 tom.
2929 2617 2993 2669 lll
3053 2616 3354 2670 Februarii.
3391 2631 3511 2682 pag.
3547 2617 3635 2667 99.
3673 2615 3726 2665 ln
3789 2616 3910 2668 Vita
3967 2617 4021 2668 S.

2446 2709 2764 2779 Angillierti,
2797 2709 3008 2763 abbatis
3063 2708 3410 2762 Centulcnsis
3469 2709 3518 2758 in
3581 2706 3813 2761 Pontito
3858 2714 4023 2775 (nunc

2447 2803 2659 2855 abbatia
2730 2800 2784 2854 S.
2823 2801 3065 2856 Rieharii
3123 2800 3626 2869 passitn.vocatnr)
3682 2800 3776 2866 qui
3845 2798 4023 2851 ﬂoruit

2446 2905 2692 2962 tempore
2728 2894 2902 2946 Caroli
2944 2892 3139 2960 Magni,
3177 2893 3416 2945 refertur
3441 2893 3779 2944 constructio
3824 2905 3877 2946 ct
3931 2894 4024 2945 de-

2447 2985 2645 3042 dicatio
2693 2984 2876 3052 templi
2923 2984 3266 3036 Ccntulensis
3295 2983 3354 3036 Β.
3381 2984 3561 3036 Mariae
3595 2998 3717 3037 cum
3759 2986 4020 3037 tredecim

2450 3075 2709 3131 altaribus
2740 3085 2793 3127 et
2821 3076 3084 3143 reliquiis,
3122 3092 3241 3139 qua:
3276 3075 3329 3127 in
3356 3075 3581 3144 singulis
3618 3084 3749 3127 sunt
3808 3079 4018 3143 positae.

777 3154 901 3212 post
953 3154 1267 3213 oet‘Upatatn
1312 3145 1836 3212 Constantinopolim
1891 3147 1941 3195 in
1993 3145 2339 3198 Occidentem
2368 3174 2412 3235 C
2448 3168 2523 3218 Ad
2555 3168 2890 3233 “mpushum
2915 3176 3093 3219 auem
3130 3175 3376 3219 nostrum
3410 3168 3480 3217 ibi
3514 3171 3628 3219 ,μη
3686 3168 3950 3232 legum",
4008 3184 4018 3214 ;

778 3239 993 3292 missas.
1031 3236 1160 3288 Nam
1192 3237 1254 3288 de
1284 3236 1458 3304 capite
1486 3239 1657 3288 sancti
1691 3235 1921 3288 Matthxi
1958 3237 2034 3289 sic
2059 3235 2338 3304 loquitur:

784 3349 800 3378 ι
847 3327 1136 3381 Gervasius
1191 3326 1257 3380 de
1309 3325 1738 3385 Chateau-Nenf.
1791 3341 2084 3380 ωιιοηιςιιε
2124 3327 2342 3380 Carno-

777 3420 964 3485 tensis,
1014 3428 1067 3471 et
1116 3429 1299 3487 postea
1358 3420 1645 3486 epiScOpus
1699 3417 2069 3488 Niverncnsis,
2120 3417 2342 3470 donavit

778 3509 1015 3562 ecclesia:
1047 3508 1369 3560 Carnotensi
1427 3516 1587 3572 caput
1620 3508 1792 3557 sancti
1835 3507 2098 3558 Matthtci.
2137 3526 2154 3556 ι
2203 3508 2343 3559 (Jon-

780 3602 946 3653 sentit
973 3598 1322 3652 Sebastianus
1351 3593 1643 3655 Rouillard,
1677 3597 1727 3648 in
1760 3585 1992 3650 Historia
2016 3595 2338 3663 Curnolcusi,

777 3707 895 3760 cap.
934 3692 983 3753 8,
1025 3707 1142 3760 pag.
1173 3692 1297 3746 207.
1346 3692 1525 3760 Itaque
1572 3691 1936 3744 Carnotenses
1969 3691 2337 3751 crediderunt,

776 3784 1052 3853 accepisse
1085 3799 1142 3836 se
1189 3792 1349 3851 caput
1396 3782 1522 3833 illud
1558 3781 2058 3846 Constantinopoli;
2097 3780 2186 3832 sed
2221 3794 2342 3846 pro-

775 3875 904 3926 bare
936 3881 1232 3941 nequeunt,
1264 3882 1424 3940 caput
1457 3871 1626 3924 sancti
1664 3870 1897 3924 Matthxi
1932 3887 2165 3940 unquam
2195 3873 2336 3924 Con-

777 3964 1123 4032 stantinopoli
1163 3963 1348 4027 fuisse,
1404 3974 1459 4016 ut
1492 3959 1841 4016 Carnotensis
1873 3979 2023 4031 teque
2057 3979 2120 4016 ac
2163 3963 2337 4017 Bello-

778 4055 1022 4107 vacensis
1071 4056 1314 4108 ecclesiae
1369 4053 1581 4105 traditio
1627 4054 1914 4106 admodum
1969 4053 2210 4105 videatur
2260 4055 2340 4110 in..-

777 4157 944 4198 certa.

850 4234 1130 4289 102.1am
1189 4237 1443 4300 vidimus,
1505 4241 1677 4292 tribus
1751 4240 1883 4294 locis
1937 4247 2098 4308 caput
2164 4240 2337 4293 saneti

777 4327 1012 4380 Mattht‘ei
1047 4329 1308 4398 assignari
1344 4330 1395 4381 in
1425 4329 1614 4383 Gallia.
1648 4332 1870 4385 Accedit
1913 4342 1966 4384 et
2009 4341 2235 4399 quartus
2285 4333 2339 4384 in

775 4418 1145 4488 Lolltaringia,
1217 4422 1471 4473 nimirum
1533 4423 1747 4474 :tbbatia
1801 4422 2339 4476 l’rtcntonstratensis

2455 3278 2470 3307 ι
2509 3260 2688 3310 Alture
2725 3260 2898 3310 sanctl
2932 3258 3196 3318 Matthxi,
3247 3261 3299 3309 in
3354 3275 3460 3324 quo
3490 3258 3732 3322 reliquiae
3765 3259 3909 3323 ejus,
3971 3271 4020 3309 ct

2449 3345 2609 3395 Marci
2665 3355 2716 3396 et
2775 3344 2950 3398 ancc.
2995 3362 3010 3391 ι
3052 3345 3308 3406 Rursum,
3360 3360 3478 3411 pag.
3534 3344 3653 3407 103,
3712 3346 3804 3398 ubi
3865 3351 4020 3400 datur

2448 3435 2707 3500 scriptum
2739 3435 2960 3487 nomine
2982 3435 3300 3503 Angilberti,
3337 3440 3709 3490 enumerantis
3740 3441 4018 3508 reliquias.

2445 3541 2579 3593 quas
2609 3542 2711 3595 0pc
2741 3528 2916 3580 Caroli
2973 3529 3145 3598 Magni
3178 3540 3231 3584 ct
3262 3531 3491 3584 aliorum
3528 3524 3587 3582 ex
3631 3534 3799 3584 variis
3846 3536 4014 3604 regio-

2444 3621 2604 3672 nibus
2633 3621 2964 3680 obtinuerat.
3003 3635 3123 3676 cum
3189 3625 3436 3692 plurimis
3470 3626 3590 3677 aliis
3657 3641 4018 3679 recensentur

2447 3715 2617 3765 sancti
2649 3708 2881 3764 Matiinei
2923 3716 3176 3783 reliqui-aa.
3202 3716 3315 3770 Non
3354 3719 3568 3772 additur
3602 3729 3811 3784 tamen,
3843 3729 4014 3772 utrum

2446 3801 2606 3853 fuerit
2638 3801 2838 3868 aliquid
2864 3818 2925 3855 ex
2952 3806 3167 3857 ossibus
3200 3805 3404 3868 Sancti,
3436 3823 3503 3860 an
3537 3811 3710 3862 solum
3754 3812 3824 3865 de
3862 3815 4019 3865 vesti-

2445 3895 2665 3947 ntentis.
2717 3895 2773 3947 ln
2849 3894 3102 3966 Catalogo
3170 3898 3380 3965 prolixo
3472 3902 3846 3966 reliquiarum,
3907 3919 4020 3970 qure

2444 4003 2588 4039 anno
2634 3987 2769 4041 1585
2811 3986 3188 4058 L'lyssiponem
3223 3991 3494 4045 translata:
3523 4003 3670 4054 sunt,
3707 3989 4017 4062 ibidemque

2444 4079 2653 4130 donata).
2681 4081 2863 4130 domui
2898 4081 3151 4146 professa:
3182 4082 3462 4135 Socictutis
3501 4082 3650 4145 Jcsu,
3689 4098 4015 4139 enumeran-

2447 4176 2531 4217 tur
2572 4165 2730 4218 ctiam
2769 4166 3007 4233 reliqui-az
3062 4172 3232 4222 sancti
3276 4172 3512 4224 Mattheei
3572 4178 3828 4240 apt-Stoli,
3878 4178 4012 4243 apud

2441 4274 2542 4311 nos
2577 4269 2707 4312 tam.
2748 4258 2786 4311 ll
2839 4257 3101 4323 Januarii,
3163 4277 3281 4328 pag.
3344 4265 3467 4314 612.
3529 4263 3728 4315 Verum
3791 4269 4008 4319 scﬂiciut

2445 4349 2559 4402 inec
2587 4350 2949 4416 enumeratio,
2981 4365 3101 4405 cum
3124 4363 3400 4420 nequeant
3435 4353 3537 4404 ulla
3573 4355 3812 4406 humana
3860 4360 4008 4408 indu-

2445 4441 2570 4492 stria
2613 4443 2919 4494 enumerari
2954 4458 3143 4496 omnes
3176 4444 3534 4512 reliquiarum
3563 4449 4012 4516 partit-tilar,qu;ts

775 4511 827 4562 in
861 4511 1081 4562 diceresi
1119 4507 1378 4566 'l‘ullensi.
1445 4511 1828 4580 Regius-vallis
1864 4513 2026 4575 dit-ta,
2060 4528 2167 4564 non
2211 4529 2340 4566 con-
2374 4546 2414 4598 D
2449 4531 2648 4585 habent
2691 4533 2933 4586 ecchgsiag
2968 4544 3060 4584 aut
3096 4507 3338 4599 personae
3397 4507 3640 4602 privarm,
3713 4507 4008 4606 praesertim

775 4605 1045 4658 l‘undenda
1101 4619 1221 4656 cum
1276 4609 1462 4666 altera,
1506 4619 1622 4671 qua:
1677 4603 1838 4671 Regia
1903 4604 2052 4657 vallis
2117 4603 2335 4666 dicitur,

773 4697 1126 4763 ejusdemque
1157 4707 1235 4746 est
1257 4693 1485 4752 ordinis,
1520 4695 1647 4745 etin
1677 4696 1863 4746 eadem
1898 4695 2141 4747 dioecesi.
2175 4696 2340 4747 Sans-

773 4803 934 4856 sayus
981 4788 1036 4839 in
1095 4785 1487 4854 Supplementa
1537 4787 1903 4858 martyrologii
1961 4787 2216 4839 Gallicani
2273 4789 2336 4840 ad

771 4879 832 4932 21
879 4877 1214 4946 Septembris
1254 4877 1543 4930 annuntiat
1570 4880 1978 4931 venerationem
2005 4880 2179 4930 sancti
2202 4879 2339 4931 Mat-

777 4973 898 5025 tbzni
932 4971 1178 5025 hodierni
1208 4972 1259 5023 in
1292 4971 1538 5024 cmnobio
1568 4971 1728 5040 Regis
1754 4971 1923 5034 vallis,
1961 4981 2016 5023 ut
2049 4971 2338 5037 aliquando

771 5065 937 5119 etiam
981 5071 1226 5126 vocatur,
1265 5072 1320 5117 et
1365 5063 1613 5133 adjungit
1647 5080 1661 5117 :
1704 5083 1720 5114 ι
1757 5062 1992 5132 Cujus...
2027 5078 2152 5133 pars
2186 5065 2337 5130 capi-

774 5159 842 5212 tis
888 5155 1210 5219 laureati,...
1236 5153 1383 5209 dicto
1418 5157 1472 5208 in
1504 5156 1834 5209 monasterio
1893 5157 2337 5210 honoriﬁcentis-

773 5253 908 5306 sime
955 5259 1285 5313 asservatur,
1351 5258 1404 5302 et
1460 5247 1620 5302 hodie
1675 5247 1897 5302 colenda
1940 5249 2338 5318 religiosissime

779 5340 1086 5396 exhibetur.
1143 5360 1160 5392 ι
1223 5343 1435 5394 Partem
1469 5342 1662 5410 capitis
1699 5342 1851 5404 dicit,
1903 5342 2132 5410 opinor;
2211 5344 2334 5409 quia

775 5436 880 5501 iam
915 5444 1076 5502 caput
1115 5431 1399 5486 Bellovaco
1424 5441 1476 5485 ct
1508 5434 1745 5487 (lat-noto
1792 5443 2120 5487 asseruerat.
2178 5429 2336 5486 Cette

773 5526 1065 5590 Calmetus,
1094 5526 1146 5577 in
1180 5526 1415 5578 Historia
1469 5525 1838 5594 Lat/iaringitc,
1885 5537 2014 5580 tum.
2053 5527 2095 5579 ll
2150 5527 2336 5595 prima:

773 5620 1026 5674 editionis
1054 5618 1155 5671 col.
1193 5618 1260 5668 ‘22
1285 5625 1449 5690 caput
1482 5621 1652 5672 sancti
1685 5619 1922 5672 Mattinni
1965 5620 2195 5672 ﬂiibﬂlirﬂ
2229 5624 2333 5672 Fle-

771 5711 1030 5785 gis—vallis
1081 5709 1348 5770 attribuit,
1409 5710 1592 5762 eteol.
1643 5711 1748 5762 9.65
1782 5710 1873 5774 ait,
1929 5725 1990 5763 ex
2055 5709 2332 5766 Palaestina

773 5801 985 5857 allatum
1024 5800 1184 5855 fuisse
1216 5816 1310 5870 per
1352 5800 1648 5856 Cobertum
1701 5802 1890 5870 Asperi
1931 5800 2124 5856 Montis
2160 5805 2330 5856 domi~

2445 4636 2563 4671 cum
2607 4638 2700 4686 per
2747 4623 3067 4674 donationes
3134 4625 3448 4690 frequenter
3499 4628 3563 4677 ab
3620 4645 3729 4679 uno
3787 4634 3899 4685 loco
3950 4637 4008 4685 ad

2446 4714 2674 4764 alterum
2712 4712 3130 4765 transferantur.
3165 4714 3438 4780 Ejusmodi
3481 4721 3805 4784 particulam
3851 4740 4008 4790 penes

2447 4819 2532 4856 me
2573 4802 2765 4867 habeo,
2793 4803 2918 4856 dum
2961 4804 3073 4856 lucc
3121 4804 3320 4868 scribo,
3357 4820 3637 4874 acCeptam
3695 4825 3842 4863 anno
3880 4811 4008 4863 ιῑδδ

2447 4894 2683 4946 Venetiis
2714 4895 2782 4947 ab
2818 4894 3273 4947 excellentissimo
3304 4896 3524 4950 domino
3582 4897 3852 4955 Flaminio
3880 4904 4008 4954 Cur-

2445 4988 2606 5049 nclio,
2637 4988 2889 5040 senatore
2947 4985 3172 5051 Veneto,
3213 4989 3470 5056 superius
3524 4989 3766 5054 laudato,
3817 4996 3905 5063 qui
3958 5006 4005 5046 ct

2438 5073 2599 5124 altam
2635 5074 2738 5126 sibi
2773 5075 3011 5127 retinuit.

2516 5163 2634 5217 10.1.
2667 5165 2806 5218 Loca
2827 5178 3012 5220 sancto
3040 5167 3294 5225 Matthmo
3319 5188 3492 5235 sacra,
3554 5190 3750 5245 praeter
3801 5196 4002 5233 metuo-

2443 5267 2552 5309 rata
2610 5259 2869 5313 hactenus
2903 5261 2952 5312 in
2987 5261 3299 5328 Occidente,
3329 5279 3485 5320 certo
3525 5269 3679 5338 plura
3712 5286 3924 5325 exstant
3951 5285 3999 5326 et

2439 5347 2619 5414 aliqua
2654 5350 2814 5403 etiam
2852 5352 2903 5404 in
2939 5355 3231 5419 provinciis
3285 5360 3659 5415 orientalibus.
3697 5363 3769 5415 De
3802 5368 3987 5418 celebri

2441 5441 2862 5494 monasteries.
2903 5444 3131 5495 Matthtci
3192 5446 3241 5496 in
3293 5447 3996 5520 Mostipotatniu,qtnenunc

2440 5528 2753 5583 Diat'bechia
2779 5532 2996 5593 dicitur,
3031 5537 3174 5602 apud
3209 5542 3396 5591 urbem
3436 5541 3607 5594 Musul
3651 5556 3743 5598 aut
3779 5548 3994 5598 .\tniven

2439 5638 2655 5684 novam,
2702 5623 3017 5689 frequenter
3065 5628 3306 5682 tnetnintt
3341 5634 3690 5698 AsSemauus,
3724 5640 3773 5688 in
3806 5638 3989 5688 Bitui'io-

2440 5721 2585 5766 theca
2625 5716 2902 5776 Oi-icntnli,
2943 5730 3071 5771 tom.
3100 5718 3162 5773 ll.
3193 5721 3266 5773 liv
3291 5725 3353 5774 iis
3385 5737 3586 5788 autem,
3614 5745 3732 5793 qua?
3757 5747 3869 5800 pag.
3898 5730 3993 5781 $03

2440 5808 2603 5864 rcl'ert
2635 5808 2700 5862 de
2731 5807 2823 5862 illo
2874 5812 3224 5876 monasterio,
3261 5813 3405 5868 clare
3442 5815 3633 5884 liquet,
3683 5822 3865 5874 saltem
3901 5834 3990 5874 ex-
