4188 6436
169 445 307 508 813

161 649 356 700 ιιιίηἱι
401 665 418 696 ‹
469 646 704 700 ορεηοωί
747 645 1006 708 Chuchre,
1061 647 1204 713 quod
1278 646 1668 698 monasterium
1701 646 1758 699 S.

160 737 430 790 Matthxi
459 737 660 790 dicitur
697 738 747 788 in
780 748 963 790 monte
1001 737 1268 806 Elphcph.
1311 758 1326 788 ι
1367 739 1440 790 Ex
1465 739 1554 790 illo
1579 749 1758 793 autem

161 831 525 882 monasterio
559 827 846 882 duodecim
900 830 1309 882 monachicum
1361 834 1618 897 episeopo
1670 829 1760 882 Ni-

160 920 344 972 nives
381 921 543 972 occisi
587 920 846 972 dicuntur
875 921 1026 988 jussu
1071 921 1325 973 Pherozis
1357 921 1639 976 Persarum
1674 937 1759 974 rc-

162 1010 267 1075 gis
296 1010 347 1060 in
388 1010 518 1062 urbe
544 1008 734 1063 Ninivc
767 1011 880 1064 sive
915 1011 1106 1063 Mosul.
1138 1013 1338 1064 Eadem
1371 1013 1600 1066 historia
1636 1029 1759 1066 nar-

164 1109 342 1150 ratur
389 1099 529 1167 apud
562 1099 944 1162 Assetnanum,
992 1111 1120 1153 tom.
1171 1100 1260 1160 Ill,
1315 1117 1440 1168 pag.
1491 1103 1610 1163 595,
1673 1103 1760 1155 ttbi

164 1200 419 1243 vocatur
446 1189 692 1242 similiter
722 1208 738 1240 ι
775 1190 1081 1243 cmttobium
1107 1189 1346 1251 CUClllEL',
1381 1211 1398 1241 ι
1431 1193 1530 1244 hoc
1556 1200 1659 1253 est,
1701 1190 1756 1244 S.

164 1280 427 1336 Matthmi
465 1283 519 1336 in
553 1291 738 1363 monte
804 1282 1141 1351 Elphcphio;
1179 1285 1546 1353 monaehique
1586 1283 1638 1334 in
1671 1284 1761 1338 illo

167 1373 523 1427 monasterio
559 1372 816 1427 dicuntur
840 1389 962 1427 curn
999 1373 1336 1444 Metropolita
1373 1373 1758 1427 Ninirescom-

1460 445 1629 503 VITA
1674 445 1731 506 S.
1777 444 2166 505 ΜΑΤΤΗᾸΞῙ.

166 560 400 610 Stitisse
431 571 459 609 a
496 554 694 611 smculo
725 569 796 607 tv.
832 553 999 613 idem,
1056 563 1185 607 tom.
1215 554 1280 616 ll,
1322 569 1442 622 pag.
1485 555 1609 618 405,
1646 570 1755 606 tne-

1868 556 2144 619 prehensi,

3320 455 3425 520 814

2227 555 2488 625 ductique
2552 555 2804 623 Niniven,
2868 559 2956 614 ubi
3013 571 3199 630 postea
3260 569 3426 619 occisi

1869 657 2016 709 sunt,
2052 646 2196 714 quod
2230 649 2542 701 consentire
2574 649 2842 702 nollentln
2873 651 3121 706 haeresim
3149 654 3429 711 Nestoria-

1871 752 2015 789 nam.
2047 738 2120 789 Ex
2151 753 2215 791 eo
2261 751 2461 802 autem,
2518 740 2660 808 quod
2700 745 3041 811 metropolita
3089 746 3312 802 Ninires
3373 751 3424 803 in

1871 830 2200 887 monasterio
2223 831 2654 900 comprehensus
2679 845 2779 896 est,
2809 837 3068 904 quodque
3111 853 3306 894 omnes
3333 843 3426 894 Ni-

1869 918 2046 969 nivetn
2076 919 2298 972 fuerunt
2336 922 2504 984 ducti,
2539 924 2668 976 satis
2709 935 2858 978 certo
2927 928 3222 997 colligitur,
3288 931 3426 986 idem

1869 1010 1972 1062 hoc
1992 1027 2111 1065 esse
2149 1016 2537 1068 monasterium
2601 1031 2720 1069 cum
2779 1020 3120 1085 praecedente
3143 1023 3283 1089 apud
3318 1022 3430 1075 Μυ-

1865 1102 1947 1152 sul
1995 1115 2082 1155 aut
2119 1104 2369 1158 Niniren.
2423 1107 2526 1159 l’ro
2582 1110 2771 1162 eodem
2825 1111 2991 1164 etiam
3041 1113 3231 1165 habuit
3265 1119 3428 1168 Asse-

1865 1209 2078 1257 "latius,
2111 1197 2252 1263 apud
2286 1213 2443 1266 quem
2470 1199 2620 1266 plura
2653 1200 2719 1253 de
2759 1200 2851 1255 illo
2888 1206 3222 1259 monasterio
3256 1207 3426 1260 videri

1863 1296 2141 1351 poterunt,
2179 1305 2300 1343 cum
2329 1292 2415 1345 illa
2455 1294 2518 1344 ad
2573 1305 2822 1347 sanctum
2871 1295 3182 1352 Mattltzeum
3242 1299 3427 1354 minus

1863 1378 2192 1444 pertineant.

1616 1737 1986 1848 ACTA

1119 1957 1394 2017 Auctore
1422 1954 1836 2035 Metaphraste
1873 1956 2217 2036 interprete
2255 1958 2504 2018 Sirleto.

620 2121 862 2185 (Gra‘cum
891 2127 1078 2172 textum
1103 2123 1484 2174 exscribendum
1512 2127 1790 2173 curavimus
1816 2135 1878 2170 ex
1906 2123 2015 2171 cod.
2053 2137 2139 2171 ms.
2177 2124 2327 2171 Paris.
2366 2137 2412 2170 n.
2450 2123 2587 2174 1450.
2628 2125 2759 2174 Eutr.
2798 2125 2972 2188 Pun.)

241 2463 322 2511 A’.
366 2454 502 2522 Ἤδη
547 2453 642 2519 μὲν
681 2452 774 2524 τὴν
813 2455 963 2524 παρὰ
999 2452 1095 2506 τοῦ·
1127 2452 1425 2515 πλάσχντος
1470 2453 1616 2522 ἡμᾶς
1661 2453 1745 2504 δο-
1783 2465 1820 2517 Β

166 2549 363 2601 θεῖσαν
393 2545 752 2612 φυλάττοντες
786 2545 1024 2615 ἐντολὴν,
1049 2546 1146 2612 τῆς
1181 2544 1457 2612 μακαρίας
1491 2546 1547 2595 ἐν
1583 2561 1754 2612 παρα-

165 2642 341 2709 δείσῳ
368 2636 632 2706 οἰκήσεώς
661 2653 716 2688 τε
747 2638 837 2686 καὶ
866 2637 1134 2701 διαγωγῆς
1159 2635 1520 2701 ἀπελαύομεν,
1561 2635 1754 2695 παντὸς

164 2725 236 2783 οὗ
286 2747 431 2789 τινος
489 2727 582 2779 οὖν
617 2726 722 2777 τῶν
756 2729 880 2795 περί
927 2724 984 2777 τ),
1032 2725 1191 2792 σῶμα
1263 2722 1750 2795 ὑπερφρονοῦντες,

172 2827 361 2894 μονοις
409 2840 468 2875 τε
503 2823 614 2884 τοῖς
647 2821 810 2883 θείοις
862 2821 1276 2890 ἐνασχολοῦντες
1327 2822 1420 2873 τὸν
1475 2820 1617 2885 νοῦν,
1663 2821 1755 2873 καὶ

164 2921 348 2971 ταῦτα
379 2917 636 2984 διηνεκῶς
672 2916 1085 2985 φανταζόμενοι,
1116 2917 1212 2985 ἤδη
1243 2917 1296 2968 δὲ
1329 2918 1417 2969 καὶ
1442 2918 1468 2968 ὁ
1491 2916 1589 2986 τῆς
1621 2917 1755 2985 πρὸς

164 3009 310 3059 θεὸν
346 3009 606 3077 πρότερον
637 3008 966 3072 οἰκειότητος
997 3006 1288 3073 ὀλισθήσεις
1329 3007 1596 3068 διάϐολος,
1635 3007 1750 3075 ἅμα

169 3110 279 3168 μὲν
304 3101 419 3158 οἵοις
450 3097 796 3150 ἐκπεπτώκει
844 3097 940 3166 τῆς
973 3097 1131 3165 δόξης
1163 3095 1348 3158 εἰδώς·
1385 3098 1499 3164 ἅμα
1549 3099 1602 3148 δὲ
1659 3099 1752 3150 καὶ

169 3191 255 3258 ’τῷ
309 3189 632 3258 ἀνθρωπείῳ
698 3189 844 3255 γένει
898 3187 1371 3256 διαφθονούμενος.
1442 3189 1752 3241 Ιίὰντεῦοεν

164 3282 334 3336 τοῦτο
364 3285 817 3348 σνγκατενεγκεῖν
845 3281 1020 3349 ἑαυτῴ
1059 3283 1136 3342 εἰς
1175 3280 1444 3348 βάραθρον
1499 3280 1752 3348 μηχανὼ-

177 3393 362 3442 μενος,
398 3377 476 3437 είς
507 3375 676 3443 λήθην
707 3373 803 3440 τῆς
852 3371 1067 3439 ἐντολῆς
1098 3371 1186 3421 τὴν
1219 3369 1504 3438 ἄνθρωπον
1552 3372 1749 3438 ἣγαγε,

169 3471 270 3520 καὶ
313 3472 341 3520 ὁ
378 3467 588 3533 πρῶτος
625 3464 899 3525 πλασθεὶς,
949 3463 1211 3532 ἐσυλήθη,
1248 3462 1370 3530 φεῦ,
1397 3463 1640 3525 εὶεεινῶς
1662 3463 1751 3514 τὸν

169 3558 500 3623 παράδεισον
532 3573 545 3586 ·
576 3557 672 3608 οὐκ
726 3552 792 3625 ἦν
848 3558 901 3608 δὲ
944 3558 1045 3624 ἄρα
1104 3555 1195 3607 τοῦ
1232 3555 1533 3617 πλάσαντος
1580 3557 1747 3623 ἡμᾶς,

167 3649 253 3707 εἰς
287 3647 442 3698 τοῦτο
488 3646 756 3708 ἀπωλείας
793 3645 1211 3712 κατενεχθέντες
1243 3645 1521 3710 περιϊδεῖν,
1555 3645 1646 3694 καὶ
1692 3644 1751 3694 τὸ

171 3738 392 3806 πρῶτον
436 3739 808 3798 ἀποϐαλόντας
843 3736 1081 3803 ἀξίωμα,
1117 3736 1174 3786 ἐν
1203 3733 1372 3796 οὕτως
1414 3734 1594 3802 ἀτίμῳ
1645 3752 1747 3786 κα·-

1923 2452 1964 2505 l.
2013 2451 2068 2505 Si
2125 2459 2450 2522 praeceptum
2508 2449 2660 2514 illud,
2712 2451 2856 2520 quod
2910 2451 2981 2506 ab
3036 2465 3120 2514 eo.
3177 2453 3267 2523 qui
3328 2470 3425 2512 nos

1858 2543 2128 2608 formavit,
2170 2545 2472 2614 injunctum
2501 2546 2660 2599 nobis
2704 2545 2780 2615 (l)
2815 2545 2937 2610 fuit,
2985 2527 3201 2602 servare
3230 2549 3429 2604 voluis-

1856 2651 2057 2697 semus,
2119 2638 2273 2689 beata
2309 2637 2394 2690 illa
2429 2639 2664 2706 paradisi
2704 2639 3034 2692 habitatione
3071 2648 3127 2691 et
3178 2639 3282 2691 vita
3321 2641 3424 2694 fttti

1856 2727 2014 2781 nobis
2040 2728 2301 2790 licuisset,
2329 2731 2620 2797 omniaque
2641 2745 2900 2799 corporea
2942 2732 3223 2786 commoda
3253 2733 3426 2800 negli-

1857 2831 2066 2892 gentes,
2100 2822 2229 2874 solis
2261 2821 2463 2876 divinis
2495 2827 2661 2875 rebus
2707 2833 2942 2877 utentem
2976 2838 3294 2896 occepatam
3331 2829 3426 2880 ha-

1861 2911 2136 2971 beremus,
2195 2925 2257 2963 ac
2310 2927 2402 2964 eas
2456 2913 2690 2965 assiduis
2741 2913 3163 2983 cogitatimtibns
3213 2931 3427 2984 semper

1857 3001 2267 3055 meditaremur.
2297 3001 2433 3055 Cum
2463 3004 2568 3067 ille,
2619 3004 2708 3073 qui
2771 3019 2798 3055 a
2827 3004 3005 3059 divina
3063 3003 3426 3059 familiaritate

1857 3091 2017 3143 simul
2056 3101 2222 3159 atque
2255 3109 2281 3144 a
2312 3094 2478 3160 gloria
2514 3095 2731 3154 excidit,
2764 3097 2815 3146 in
2846 3111 2950 3163 qua
2981 3097 3129 3162 prius
3159 3107 3293 3154 erat,
3331 3114 3426 3164 ge-

1855 3183 1970 3235 neri
2006 3184 2243 3238 humano
2285 3185 2574 3248 inrideret,
2617 3185 2685 3237 oh
2723 3186 2881 3254 idque
2911 3188 2974 3240 ad
3017 3203 3167 3241 suam
3205 3191 3420 3243 ruinam

1855 3288 2038 3325 secum
2065 3291 2168 3328 una
2198 3276 2452 3329 omnibus
2481 3278 2747 3329 machinis
2775 3279 2905 3331 illud
2944 3281 3278 3348 praecipitare
3314 3291 3427 3334 stu-

1854 3363 2028 3425 deret,
2074 3375 2262 3417 auctor
2312 3367 2410 3418 fuit
2443 3368 2667 3429 homini,
2702 3380 2759 3419 ut
2792 3370 2948 3435 primi
2985 3370 3128 3422 illius
3169 3373 3422 3438 precepti

1854 3454 2290 3508 oblivisceretur.
2353 3457 2537 3525 Itaque
2603 3457 2764 3512 homo
2825 3458 2958 3527 ipse,
3034 3462 3123 3528 qui
3179 3463 3422 3515 omnium

1847 3546 2062 3615 primus
2090 3541 2127 3602 δ’
2176 3547 2285 3601 Deo
2339 3548 2602 3603 formatus
2679 3560 2782 3616 est,
2847 3554 3140 3607 miserabili
3189 3557 3422 3624 quodam

1853 3640 2035 3701 modo,
2072 3640 2206 3705 proh
2242 3641 2431 3695 dolor!
2487 3643 2740 3710 paradiso
2806 3644 3044 3713 privatus
3114 3646 3234 3698 fuit.
3305 3647 3422 3699 Non

1857 3737 2031 3782 tamen
2069 3730 2260 3798 ipsius,
2295 3734 2384 3801 qui
2418 3749 2517 3786 nos
2561 3735 2833 3798 formarit,
2877 3737 3181 3808 benignitas
3249 3739 3421 3807 patie-

167 3830 422 3882 ταλιπείν
471 3831 533 3896 τῇ
570 3828 834 3896 διαγωγῇ.
869 3824 1005 3878 Ἀλλ’
1047 3825 1205 3887 αὐτὸς
1236 3825 1263 3875 ὁ
1300 3823 1375 3892 τῷ
1411 3823 1584 3893 flat-:91
1625 3840 1748 3874 συν-

1855 3821 2034 3884 batur,
2073 3830 2133 3875 ut
2167 3822 2230 3877 ad
2273 3833 2474 3876 tantam
2540 3825 2748 3878 ruinam
2821 3827 3056 3896 prolapsi
3115 3828 3425 3896 desiticere-

169 3916 406 3987 ἀναρχος
436 3915 604 3982 Λόγος
635 3916 725 3967 καὶ
759 3914 1020 3975 συνεῖδιος
1049 3913 1158 3966 τῶν
1202 3913 1480 3980 πατρικῶν
1511 3913 1752 3974 κενώσας

170 4007 391 4058 κόλπων
428 4009 619 4058 ἑαυτὸν
669 4007 761 4057 ἐπὶ
813 4006 1030 4074 μητέρα
1096 4003 1363 4074 παρθένον
1428 4004 1636 4056 κάτεισι
1685 4003 1754 4055 δι’

169 4081 273 4165 ἐμὲ
311 4097 607 4164 καὶσάρκει
642 4098 818 4165 φορεῖ,
869 4097 964 4148 καὶ
1013 4093 1190 4147 πάντα
1240 4093 1377 4161 πλὴν
1438 4095 1602 4162 μόνης
1653 4092 1751 4162 τῆς

171 4186 452 4254 ἁμαρτίας
481 4186 780 4256 ὑπέρχεται
811 4187 880 4240 τὰ
913 4187 1250 4259 ἀνθρώπινα,
1292 4187 1366 4248 ὡς
1398 4187 1462 4240 ἂν
1501 4188 1600 4257 τὴν
1654 4187 1752 4256 μὲν

170 4279 448 4349 ἁμαρτίαν
480 4279 644 4351 ἀνέλῃ
678 4279 871 4349 καινὴν
909 4280 963 4331 δέ
999 4296 1121 4330 τινα.
1177 4279 1312 4350 πρὸς
1349 4279 1612 4346 οὐρανοὺς
1646 4281 1748 4329 ἐπ·

166 4374 354 4428 ἄνοδον
381 4376 491 4434 τοῖς
515 4373 606 4426 ἐπὶ
633 4375 732 4441 γῆς
763 4370 1036 4439 ὑποδείξῃ.
1085 4369 1238 4423 Ἐπεὶ
1267 4370 1323 4422 δὲ
1356 4370 1447 4424 καὶ
1475 4369 1752 4436 διακόνους

168 4467 310 4532 «ph;
339 4464 496 4514 τοῦτο
533 4465 623 4513 καὶ
676 4463 952 4529 ὑπηρέτας
985 4463 1130 4532 ἔχειν
1162 4465 1348 4532 ἐχρῆν,
1381 4465 1448 4516 δι’
1492 4457 1568 4517 ὧν
1590 4481 1646 4515 τε
1683 4464 1752 4515 τὰ

166 4555 271 4616 τῆς
322 4551 635 4621 οἰκονομίαι,
692 4553 785 4604 καὶ
834 4552 940 4605 τῶν
997 4555 1310 4621 μυστηρίων
1359 4555 1748 4623 ἀνακαλύψειε,

167 4645 264 4696 καὶ
306 4643 442 4712 πρὸς
485 4643 753 4714 σωτηρίας
799 4644 916 4695 ὁδὸν
949 4645 1072 4705 τοὺς
1122 4644 1445 4714 ἀνθρώπους
1478 4663 1747 4715 χειραγω-

168 4735 383 4806 γήσειε,
446 4734 832 4803 προσκαλεῖται
897 4733 996 4802 μὲν
1041 4733 1293 4802 Ἀνδρέας
1347 4737 1436 4788 καὶ
1495 4737 1740 4805 Πέτρος,

167 4823 309 4893 μετὰ
371 4822 426 4874 δὲ
464 4821 686 4883 τούτους
751 4820 1002 4883 Ἰάκωϐος
1050 4838 1106 4874 τε
1154 4822 1246 4874 καὶ
1301 4821 1568 4892 Ἰωάννης,
1625 4820 1743 4876 εἷτα.

166 4914 463 4975 Μοιτῠαίος,
507 4915 534 4964 ὀ
559 4911 651 4964 νῦν
679 4912 811 4981 ἡμῖν
840 4912 1092 4974 ὑπόθεσις
1125 4911 1220 4964 ὦν.

1854 3928 1998 3974 tnur,
2037 3924 2322 3982 nequeut,
2359 3916 2530 3982 prima
2588 3916 2676 3968 illa
2734 3916 2991 3986 dignitate
3039 3918 3256 3980 amissa,
3314 3927 3420 3972 tam

1853 4003 2074 4072 ignobili
2128 4014 2271 4058 statu
2304 4007 2650 4059 condemnati
2692 4007 3145 4072 relinquerentur.
3195 4005 3288 4061 ille
3323 4008 3418 4076 igi-

1853 4103 1938 4147 tur
1982 4095 2132 4165 ipse,
2191 4095 2282 4163 qui
2352 4095 2417 4149 ab
2456 4095 2608 4149 initio
2641 4112 2763 4150 cum
2819 4095 2975 4150 l’atrc
3036 4111 3250 4164 semper
3298 4097 3419 4162 fuit,

1852 4187 1946 4256 qui
1992 4197 2294 4241 cetcternus
2320 4196 2424 4252 est,
2486 4204 2552 4242 ex
2605 4199 2832 4256 paterno
2881 4188 3001 4243 sinu
3061 4187 3422 4250 descendens,

1853 4279 2089 4341 seipsum
2139 4279 2461 4340 exinanivit,
2515 4289 2813 4348 etpropter
2844 4280 3066 4333 humani
3097 4281 3312 4349 generis
3331 4296 3419 4333 sa-

1849 4369 2014 4423 lutem
2068 4379 2294 4425 matrem
2339 4371 2614 4441 Virginem
2651 4373 2838 4435 subiit,
2898 4388 3115 4430 carnem
3171 4374 3416 4440 gestavit,

1851 4471 1907 4515 et
1939 4462 2176 4540 humana
2217 4464 2397 4516 omnia
2426 4465 2691 4517 sustinuit
2721 4477 2917 4532 prater
2941 4477 3219 4536 peccatum
3265 4486 3278 4523 :
3322 4468 3420 4521 hu-

1851 4566 2008 4604 mana
2037 4552 2181 4605 enim
2227 4557 2410 4606 omnia
2467 4555 2723 4622 suscepit,
2771 4566 2830 4611 ut
2894 4570 3172 4626 peccatum
3231 4560 3423 4618 mundi

1851 4643 2085 4706 tolleret,
2110 4654 2166 4698 et
2207 4642 2312 4710 his,
2342 4645 2432 4713 qui
2464 4654 2592 4698 sunt
2627 4647 2678 4698 in
2711 4656 2874 4708 terra,
2897 4665 3094 4703 novum
3126 4654 3415 4720 quemdam

1850 4735 1916 4789 ad
1957 4735 2123 4790 cmlos
2164 4733 2368 4786 aditum
2399 4747 2751 4804 prapararet.
2812 4736 3077 4804 Quoniam
3126 4757 3253 4796 vero
3298 4743 3417 4811 ejus

1849 4827 1925 4880 rei
1955 4827 2234 4881 ministros
2267 4825 2470 4881 habere
2501 4830 2761 4897 Oportuit,
2788 4846 2886 4900 per
2915 4847 3052 4901 quos
3089 4833 3290 4888 divina:
3337 4835 3419 4888 di-

1848 4918 2211 4986 spensationis
2266 4929 2320 4973 et
2374 4923 2754 4990 mystCtiorum
2795 4922 3134 4992 disciplinam
3186 4924 3325 4979 Deus
3364 4937 3422 4978 et

168 5001 522 5074 patefaceret,
567 5012 731 5070 atque
802 5002 1050 5056 homines
1093 5004 1237 5071 ipsos
1275 5006 1340 5057 ad
1410 5007 1599 5060 salutis
1638 5007 1776 5060 viam
1818 5008 2163 5077 perduceret,
2193 5010 2264 5064 ob
2326 5026 2444 5063 eam
2491 5028 2708 5066 causam
2759 5015 2935 5067 vocati
2980 5023 3105 5067 sunt
3151 5014 3414 5076 Andreas.

171 5097 387 5159 Petrus,
420 5092 676 5158 Iacobus,
710 5095 954 5178 Joannes
985 5106 1040 5150 et
1075 5095 1383 5163 Matlhwus,
1414 5099 1479 5153 de
1498 5115 1604 5168 quo
1629 5105 1912 5160 nobishoc
1951 5105 2067 5159 loco
2099 5107 2386 5161 dicendum
2436 5120 2536 5164 est.

241 5187 317 5243 B'.
350 5181 516 5250 Οὗτος
539 5187 718 5238 τοίνυν
742 5188 768 5238 ὁ
806 5186 899 5239 τοῦ
935 5187 1171 5257 Χριστοῦ
1208 5188 1457 5259 μαθητὴς
1501 5192 1744 5262 ὕστερον,
1775 5198 1826 5258 D

166 5281 407 5350 τελώνης
469 5278 576 5347 πρό
653 5319 668 5335 .
747 5318 762 5333 .
845 5301 889 5331 .’
940 5318 952 5332 .
1032 5318 1049 5334 .
1128 5319 1142 5333 .
1219 5283 1311 5335 καὶ
1368 5285 1558 5354 χρημά
1634 5324 1646 5338 .
1728 5325 1741 5338 .

529 5408 543 5422 .
621 5370 1078 5442 τωρκαὶλογιστ
1160 5410 1173 5424 .
1251 5365 1267 5425 ς
1347 5413 1362 5426 .
1443 5415 1455 5428 .
1537 5415 1551 5429 .
1629 5415 1643 5429 .
1727 5416 1738 5427 .

169 5465 264 5516 καὶ
325 5471 506 5533 πάσης
555 5466 618 5516 ἐν
693 5505 707 5519 .
788 5503 802 5518 .
883 5505 896 5520 .
977 5502 991 5517 .
1072 5503 1086 5517 .
1170 5507 1182 5521 .
1266 5508 1278 5521 .
1363 5470 1570 5536 στήρης
1646 5473 1740 5522 καὶ

243 5642 533 5710 (I)Nobis,
560 5643 611 5697 in
679 5645 851 5711 primo
905 5645 1161 5698 niirrirum
1228 5654 1453 5713 parente
1511 5643 1737 5698 Adamo.

173 5714 285 5768 Hoc
329 5723 508 5766 autem
558 5715 771 5768 initium
813 5718 970 5768 modo
1001 5714 1250 5767 nonnihil
1284 5717 1502 5769 diverso
1547 5714 1740 5769 Latine

174 5797 485 5852 expressum
505 5799 624 5838 esse
659 5786 798 5852 apud
833 5785 1212 5852 Lipomanum,
1247 5797 1375 5837 tom.
1411 5782 1470 5844 V,
1498 5783 1734 5847 foi.157,

177 5857 406 5921 indeque
437 5854 730 5909 credidisse
755 5855 983 5922 aliquos,
1020 5856 1121 5908 alia
1156 5869 1276 5910 esse
1309 5858 1459 5917 Acta,
1491 5868 1609 5921 qua:
1633 5856 1730 5907 dc-

1926 5195 1990 5249 ll.
2021 5197 2633 5267 Hic,inquatn,Christi
2695 5202 3014 5273 discipulus,
3069 5205 3195 5259 olim
3237 5205 3412 5261 fuerat

1845 5287 2187 5354 publicanus,
2244 5291 2600 5358 pecuniarum
2650 5302 2867 5347 exactor
2915 5305 2970 5349 et
3041 5295 3409 5358 ratiocinator,

1844 5380 2045 5446 quippe
2078 5379 2168 5448 qui
2199 5396 2390 5435 omnes
2436 5392 2678 5450 quaestus
2725 5384 2958 5441 faciendi
3000 5387 3116 5441 vias
3171 5399 3222 5440 ct
3267 5398 3410 5442 artes

1838 5479 2083 5531 noverat,
2128 5471 2326 5526 mentis
2353 5473 2667 5539 acrimonia,
2724 5478 3002 5545 multoque
3060 5494 3242 5533 rerum
3306 5495 3406 5532 usu

1846 5649 1924 5722 dit
1965 5649 2318 5721 Lipomanus.
2351 5654 2600 5708 adnotavi
2636 5655 2689 5708 in
2723 5653 3294 5713 Commentarionttm.
3321 5663 3404 5722 llo,

1846 5720 2286 5790 ibiqueostendi,
2315 5729 2448 5780 Acta
2488 5740 2610 5780 esse
2643 5725 2854 5790 eadem,
2898 5730 3142 5784 diversos
3168 5746 3292 5784 vero
3327 5720 3406 5784 in;

1847 5800 2131 5859 terpretes.
