4188 6436
726 382 830 445 839

1966 381 2249 442 MENSIS
2287 380 2763 441 SEP'I‘EMBER.

3905 382 4018 446 840

728 494 1095 565 adipiscetur.
1156 496 1248 551 sed
1305 504 1478 551 morte
1562 494 1885 549 multabitur
1959 497 2316 566 sempiterna.

2445 495 2788 566 ἱυσωπηθεὶς,
2826 494 3015 563 ἱμάτια
3069 492 3353 562 ἐνεχθῆναι
3399 494 3631 558 κελεύει,
3683 496 3779 547 καὶ
3839 496 4023 566 αὐτὴι

727 587 939 657 Quibus
964 606 1165 661 prmses
1198 590 1398 644 auditis
1424 590 1649 659 (quippe
1669 600 1956 657 martyrem
1983 587 2092 655 jam
2132 589 2320 643 verba-

726 696 833 751 que
862 682 1035 749 ipsius
1084 679 1385 747 reveritus)
1431 688 1609 735 vestes
1638 677 1847 740 afferri,
1880 677 2053 746 iisque
2082 693 2141 731 se
2174 676 2318 729 illam

732 770 959 825 induere
1013 772 1262 841 imperat.
1310 771 1392 824 Ad
1431 784 1593 840 quem
1654 768 1741 822 illa
1786 787 1798 822 :
1840 768 1943 833 Qui
1980 784 2063 822 me
2095 768 2318 830 nudant,

729 874 918 919 contra
946 862 1090 917 feras
1139 864 1543 931 depugnantem
1587 862 1825 925 vestivit,
1860 861 1977 930 ipse
2031 861 2085 913 in
2131 858 2321 928 iudicii

729 956 817 1010 die
847 955 1020 1010 salute
1049 963 1101 1006 te
1136 954 1332 1008 vestiet
1358 971 1372 1005 :
1405 964 1767 1022 sutuptasque
1796 953 1897 1007 sibi
1931 951 2317 1007 circumdedit.

730 1045 889 1111 Quod
931 1044 1258 1099 beneficium
1290 1044 1396 1100 hoc
1447 1045 1673 1114 insuper
1706 1045 1901 1098 merito
1925 1058 2127 1113 praeses
2155 1058 2321 1098 accu-

734 1138 982 1203 mulavit,
1026 1148 1085 1192 ut
1127 1148 1182 1193 et
1224 1138 1511 1209 epistulam
1562 1138 1940 1193 lconiensibus
1970 1138 2236 1195 scriberet
2268 1138 2320 1191 in

734 1230 852 1285 haec
914 1229 1077 1283 verba
1123 1246 1134 1281 :
1191 1226 1449 1282 Tlteclam
1484 1228 1629 1298 piam
1681 1226 1777 1280 Dei
1828 1224 2113 1280 cultricem
2173 1223 2323 1277 vobis

732 1321 973 1375 dimitto.
1009 1318 1130 1386 Quo
1157 1320 1327 1385 facto,
1355 1320 1615 1374 mulieres
1648 1334 1839 1373 omnes
1875 1316 2097 1389 gavisae,
2127 1331 2321 1383 magna

737 1422 869 1470 voce
908 1415 1017 1467 Deo
1054 1414 1243 1466 laudes
1296 1411 1647 1468 referebant:
1694 1409 1849 1465 Unus
1894 1410 2034 1462 lleus
2065 1406 2323 1469 Thccl:e;

736 1521 881 1560 unus
925 1506 1065 1559 Deus
1090 1506 1184 1574 qui
1219 1503 1477 1558 Theclam
1503 1504 1761 1565 servavit,
1798 1502 2177 1555 inclamantes.
2206 1498 2323 1563 Qua

738 1612 871 1651 voce
914 1604 1025 1649 tota
1077 1595 1273 1651 civitas
1324 1594 1656 1665 personabat
1703 1609 1717 1647 :
1754 1591 2171 1662 Trypluenaque
2216 1600 2324 1643 tam

738 1689 859 1742 la-to
882 1688 1077 1741 nuntio
1108 1695 1361 1756 accepto,
1403 1700 1528 1739 cum
1574 1700 1767 1755 magna
1817 1682 2189 1743 multitudine,
2220 1696 2327 1750 ψη)

739 1779 883 1833 illam
912 1778 1355 1848 amplecteretur,
1393 1776 1611 1830 obviam
1638 1775 1735 1828 ivit
1783 1792 1795 1827 ε
1832 1772 2014 1834 Nunc,
2048 1772 2324 1842 inquiens,

2424 585 2745 640 tv6tiaaaﬁa:
2780 585 2973 639 ταῦτα.
3032 586 3099 639 Ἠ
3132 586 3188 639 δέ
3215 604 3228 617 ·
3304 588 3346 639 0
3378 587 3603 651 ἑνδύσας
3660 604 3727 658 με
3762 590 4023 659 γυμνὴν,

2424 678 2726 749 ἔφη,προς
2785 677 2949 749 θηρία
3014 676 3418 742 πυκτεύουσαν,
3478 679 3639 742 αὐτὸς
3701 682 3757 733 ὲν
3820 680 4021 750 ἡμέρα

2425 770 2660 841 κρίσεως
2695 771 2907 824 ινδύσει
2946 789 3005 823 σε
3048 771 3348 841 σωτηρίαν,
3378 772 3487 824 Καὶ
3529 772 3773 825 λαϐοῦσι
3813 789 4019 841 περιεο

2424 863 2642 917 ϐάλετο.
2673 864 2815 934 Πρὸς
2845 864 3054 928 τούτοις
3102 865 3129 917 6
3158 864 3386 936 ἡγεμὼν
3431 864 3509 932 τῷ
3545 862 3737 933 ἀγαθῷ
3777 882 4019 933 προστι-

2426 957 2561 1021 θεὶς,
2598 957 2837 1027 γράμμα
2882 957 3197 1010 Ἰκονιεῦσιν
3229 957 3531 1027 ἐκπέμπει,
3569 956 3789 1023 γράψας
3814 955 4021 1017 οὕτως·

2425 1049 2643 1101 Θέκλαν
2670 1051 2773 1119 τὴν
2805 1049 3043 1119 ,θεοσεϐῆ
3074 1050 3279 1119 ἀφίημι
3310 1051 3459 1119 ὑμῖν.
3505 1049 3799 1117 Ἠσθησαν
3828 1047 3929 1100 οῦν
3968 1049 4021 1099 οἱ

2425 1138 2687 1203 γυναῖκες
2728 1136 2822 1188 ἐπὶ
2859 1138 3035 1205 τούτῳ
3076 1137 3270 1199 πᾶσαι,
3305 1140 3400 1187 καὶ
3431 1138 3584 1205 φωνῇ
3635 1134 3867 1205 μεγάλῃ
3916 1135 4022 1185 ἐδο-

2428 1228 2597 1293 ξασαν
2627 1229 2721 1280 τὸν
2754 1228 2888 1281 Θεόν
2916 1242 2929 1257 ⁶
2965 1223 3059 1291 Εἷς
3088 1227 3224 1291 Θεὸς
3278 1230 3305 1282 6
3338 1227 3548 1280 Θέκλαν
3578 1228 4019 1293 διασωσὰθενος.

2425 1320 2500 1384 ὡς
2531 1320 2636 1374 ὑπὸ
2669 1322 2770 1390 τῆς
2793 1324 2979 1391 φωνῆς
2998 1320 3201 1390 ταύτης
3249 1319 3714 1390 διαθρυλληθῆναι
3740 1318 3845 1389 τὴν
3874 1318 4020 1369 πολιν

2429 1412 2646 1467 ἅπασαν
2672 1427 2686 1444 ο
2727 1411 3045 1484 Τρύφαιναν
3084 1430 3144 1465 τε
3175 1412 3661 1481 εὐαγγελισθείσαν
3692 1411 4019 1478 ἀπαντῆσαι

2431 1504 2531 1556 σὺν
2558 1505 2779 1572 πλήθει,
2834 1506 3157 1575 περιϐαλεῖν
3197 1522 3255 1557 τε
3304 1506 3402 1576 τὴν
3439 1504 3669 1569 Θέκλαν,
3737 1506 3862 1569 καὶ,
3892 1504 4018 1563 Νῦν,

2432 1594 2624 1659 ςάναι,
2656 1592 2937 1644 πιστεύειν
2967 1592 3227 1661 δύναμαι,
3282 1594 3367 1644 ὅτι
3414 1592 3593 1645 Θέκλα
3626 1594 3688 1643 τὸ
3720 1594 3928 1644 τέκνον
3959 1592 4017 1658 δὴ

2430 1684 2491 1736 τὸ
2522 1684 2654 1753 ἐμὸν
2681 1683 2769 1753 ζῇ.
2792 1683 2961 1754 Δεῦρο
2993 1684 3171 1737 τοίνυν
3196 1685 3344 1753 ἐμοὶ,
3374 1683 3635 1752 Θύγαιερ,
3663 1686 3750 1746 εἰς
3777 1691 3873 1734 τδν
3900 1683 4024 1749 ἐμὸν

2432 1771 2602 1842 οἷκον,
2636 1778 2730 1830 καὶ
2756 1778 2825 1829 τε
2863 1779 2974 1847 ἐμὰ
3003 1779 3181 1830 πάντα
3215 1794 3299 1830 σοι
3334 1778 3650 1847 ἐπιγράψω.
3681 1773 3905 1830 Ἦλθεν
3937 1776 4025 1828 οῦν

736 1871 967 1926 credere
995 1885 1219 1940 possum
1253 1868 1514 1923 Theclam
1544 1867 1706 1920 filiam
1740 1881 1919 1920 meam
1968 1866 2169 1928 vivere,
2206 1864 2329 1918 veni

2445 1868 2617 1921 »ἴκαδε
2650 1868 2835 1922 Θέκλα
2879 1868 3021 1938 μετὰ
3056 1868 3377 1937 Τρυφαίνης
3402 1884 3416 1897 ·
3452 1869 3546 1921 καὶ
3579 1870 3808 1937 ἡμέρας
3842 1866 4025 1932 ὀλίγας

736 1963 962 2018 domum
999 1977 1148 2016 nunc
1174 1976 1303 2033 ergo
1341 1961 1408 2015 ad
1450 1975 1557 2023 me,
1589 1976 1707 2013 mea
1754 1959 1863 2013 filia
1899 1976 1912 2012 :
1952 1972 2145 2011 omnes
2181 1971 2331 2009 meas

738 2055 1025 2109 facultates
1070 2053 1123 2107 itt
1152 2063 1204 2107 te
1263 2053 1644 2106 transcribam.
1676 2050 1903 2104 Abitilla
1926 2064 2049 2103 cum
2071 2047 2333 2117 Tryphae-

739 2163 833 2210 na,
865 2158 918 2203 et
962 2147 1081 2201 dies
1132 2161 1335 2216 paucos
1387 2144 1589 2199 ibidem
1641 2143 2123 2213 conquiescentes,
2157 2140 2328 2194 amba

741 2242 835 2296 Dei
886 2240 1112 2295 verbum
1154 2239 1426 2294 docebant
1467 2256 1482 2293 :
1534 2238 1609 2293 ita
1652 2247 1710 2291 ut
1761 2238 1941 2292 multa:
1996 2252 2059 2291 ex
2143 2235 2355 2290 ancillis
2401 2234 2563 2289 fidem
2627 2238 3013 2308 susciperent,

744 2338 1076 2408 repleretur.

817 2428 935 2484 XII.
968 2430 1244 2483 therutn
1288 2444 1397 2482 non
1424 2428 1640 2482 sinebat
1683 2426 1941 2481 Theclam
1990 2426 2250 2495 spiritalis
2284 2426 2339 2478 in

743 2520 975 2576 Paulum
1003 2536 1158 2575 amur
1190 2520 1401 2575 diutius
1430 2520 1672 2589 quietam
1703 2534 1845 2582 esse,
1880 2520 1974 2575 sed
2018 2520 2202 2574 animo
2236 2518 2339 2571 sol-

743 2614 891 2670 licita
917 2627 1330 2684 quoquoversus
1366 2614 1433 2667 ad
1460 2613 1613 2667 illunt
1661 2612 2045 2682 inquirendum
2072 2610 2341 2665 mittebat.

2431 1964 2550 2014 ἐκεῖ
2604 1962 3124 2031 διαναπαυσὰμεναι
3174 1962 3458 2016 ἐδίδασκον
3517 1962 3688 2031 ἄμφω
3734 1961 3832 2012 τὸν
3877 1960 4027 2027 λόγον

2434 2055 2665 2123 Κυρίου,
2699 2053 2839 2106 ὥστε
2868 2054 3163 2108 πιστεῦσαι
3185 2055 3285 2117 τὰς
3310 2056 3527 2117 πλείους
3554 2054 3664 2107 τῶν
3696 2053 4029 2117 παιδισκῶν,

2433 2141 2527 2193 καὶ
2562 2142 2738 2210 χαρᾶς
2767 2142 3078 2211 πλησθῆναι
3106 2142 3198 2194 τὸν
3222 2137 3370 2193 οἷκον
3401 2142 3749 2211 Τρυφαίνης.

3098 2247 3152 2292 et
3207 2237 3389 2291 latitia
3451 2240 3647 2294 domus
3709 2236 4033 2308 Trypbznz

2517 2421 2613 2474 lB'.
2649 2420 2857 2475 Θέιιλαν
2893 2423 3079 2491 μέντοι
3112 2422 3219 2475 οὐῖ
3248 2423 3383 2485 ὅλως
3410 2424 3641 2493 ἠρεμεῖν
3678 2432 3958 2498 παρεῖχον
3985 2432 4032 2483 οι

2444 2515 2661 2568 Παύλου
2700 2522 3070 2584 πνευματικοὶ
3106 2517 3309 2587 ἔρωτες
3337 2535 3350 2549 ·
3391 2519 3506 2571 ἀλλ’
3536 2516 3605 2588 ἦν
3645 2520 3904 2574 ἀλύουσα
3936 2524 4031 2591 τὴν

2443 2609 2693 2680 καρδξαν,
2754 2611 3054 2680 πέμπουσα
3109 2628 3169 2663 τε
3226 2612 3504 2680 πανταχοῦ
3569 2613 3693 2681 γῆς.
3784 2616 4040 2666 κάκεῖνον

744 2706 998 2776 Cumque
1048 2705 1213 2777 Illyris
1250 2704 1426 2775 Lyciae
1477 2704 1614 2759 urbe
1653 2719 1774 2759 esse
1807 2704 2110 2768 didicisset,
2156 2703 2337 2756 multis

2445 2698 2801 2768 ιπιζητοῦσα.
2850 2700 3005 2752 Ἐπεὶ
3039 2699 3096 2751 δὲ
3148 2698 3311 2768 μάθοι
3341 2702 3398 2751 ὲν
3439 2700 3656 2770 Μύροις
3697 2703 3873 2754 αὐτὸν
3902 2700 4037 2755 εἶναι

746 2815 933 2856 secum
965 2798 1186 2854 famulis
1215 2812 1270 2853 et
1306 2798 1520 2853 ancillis
1566 2798 1886 2867 assumptis,
1921 2797 2038 2867 ipsa
2070 2796 2254 2851 tunica
2287 2795 2337 2847 in

2445 2791 2542 2859 τῆς
2580 2791 2810 2853 Λυκίας,
2858 2790 3102 2853 πολλοὺς
3144 2790 3255 2843 τῶν
3305 2793 3607 2846 νεανίσκων
3655 2793 3915 2848 λαϐοῦσα
3946 2798 4038 2849 καὶ

746 2893 1029 2963 penulam,
1058 2891 1273 2945 virilem
1303 2892 1354 2945 in
1382 2890 1646 2961 speciem,
1690 2897 2048 2950 commutata,
2086 2887 2154 2940 ad
2182 2886 2341 2940 illunt

747 2999 946 3057 magno
979 2998 1102 3039 cum
1160 2983 1437 3038 desiderio
1490 2982 1828 3053 spiritusque
1874 2982 2070 3035 ardore
2102 2980 2345 3050 profecta

746 3087 853 3131 est.
884 3076 1059 3141 Quem
1084 3074 1247 3145 Myris
1276 3074 1343 3128 de
1370 3073 1536 3128 rebus
1559 3072 1760 3127 divinis
1788 3071 2151 3128 disserentem
2178 3074 2333 3129 inve-

2446 2883 2772 2946 mt6tax6w,
2801 2884 2918 2937 κατ’
2948 2885 3117 2956 ἄνδρα
3147 2885 3204 2938 δὲ
3227 2886 3319 2940 τὸν
3354 2887 3558 2957 χιτῶνα
3597 2891 3681 2952 εἰς
3729 2890 4041 2959 ἑπενίύιην

2448 2977 2857 3049 μεταϐαλοῦσα,
2896 2978 3064 3050 ἀπῄει
3111 2981 3247 3050 πρὸς
3295 2982 3480 3046 αὑτὸν,
3526 2983 3670 3050 μετὰ
3712 3001 3781 3050 γε
3831 2984 4030 3037 πολλοῦ

2444 3071 2611 3125 πόθου
2682 3074 2775 3125 καὶ
2813 3070 3018 3140 θερμοῦ
3056 3071 3390 3138 πνεύματος.
3430 3074 3690 3144 Εὐρίσκει
3742 3076 4042 3143 τοιγαροῦν

748 3167 850 3232 ait,
889 3168 1074 3237 illique
1131 3144 1406 3230 desubito,
1449 3164 1585 3220 nihil
1623 3165 1730 3219 tale
1784 3165 2114 3234 prazscienti,
2145 3174 2289 3219 astat
2323 3182 2335 3217 :

2454 3164 2669 3215 Παῦλον
2709 3165 2767 3215 ὲν
2813 3163 3050 3236 Μύροις,
3112 3165 3179 3218 τὰ
3240 3165 3374 3235 περὶ
3428 3165 3565 3218 Θεοῦ
3620 3167 4039 3233 διαλεγόμενον,

746 3275 909 3329 quam
957 3269 1018 3313 ut
1069 3257 1159 3313 ille
1224 3258 1490 3327 turbaque
1534 3272 1656 3326 qua:
1704 3271 1811 3309 una
1865 3256 2073 3319 aderat,
2109 3255 2339 3325 aspexit,

748 3362 975 3421 stupore
1021 3350 1299 3419 perculsus
1326 3357 1429 3412 est,
1478 3363 1547 3403 ne
1572 3348 1715 3417 quod
1753 3347 1985 3413 videbat,
2018 3363 2158 3404 nova
2198 3358 2342 3404 esset

747 3445 999 3505 tentatio,
1035 3458 1220 3499 secum
1272 3449 1551 3512 reputans.
1600 3440 1802 3495 Thecla
1834 3448 2015 3495 autem
2050 3441 2339 3503 accedens,

746 3537 972 3604 Accepi,
1026 3536 1225 3604 inquit,
1269 3550 1301 3588 ο
1332 3534 1519 3595 Paule,
1562 3534 1861 3595 lavacrum,
1893 3530 1987 3598 qui
2036 3530 2183 3583 enim
2237 3546 2343 3584 una

750 3638 935 3682 tecum
985 3637 1244 3696 operatus
1293 3636 1379 3679 est
1430 3624 1487 3677 in
1546 3620 1923 3694 Evangelium,
1956 3623 2087 3677 mihi
2124 3637 2344 3693 quoque

752 3722 841 3775 ille
872 3720 1008 3790 ipse,
1042 3728 1101 3773 ut
1158 3717 1431 3781 abluerer,
1464 3716 1757 3772 concessit.
1786 3714 1925 3770 Tum
1963 3715 2165 3771 Paulus
2196 3717 2341 3771 illam

750 3814 819 3868 ad
848 3828 907 3866 se
939 3821 1213 3880 receptam
1243 3811 1297 3862 in
1331 3809 1555 3861 domum
1590 3807 1858 3860 llermeite
1896 3805 2137 3863 deduxit.
2161 3806 2345 3875 ibique

753 3902 1053 3973 sigillatim,
1094 3912 1435 3969 quaecunque
1488 3896 1588 3952 sibi
1642 3895 1945 3951 Antiochia:
1994 3894 2343 3963 accidissent,

753 3992 957 4049 Thecla
990 3992 1156 4047 Paulo
1189 4000 1412 4047 enarrat
1450 4007 1464 4044 :
1498 4000 1557 4044 ut
1588 3991 1881 4059 plurimum
1913 3999 1967 4042 et
1997 3989 2085 4043 ille
2114 3988 2342 4043 mirare-

756 4097 869 4151 tur,
900 4096 955 4140 et
986 4084 1328 4138 audientium
1361 4080 1497 4135 fides
1521 4080 1958 4145 confirmaretur,
1996 4078 2343 4149 Tryphmnte-

752 4194 861 4250 que
914 4176 1310 4248 benignitatem
1368 4174 1786 4245 amplectentes.
1832 4188 1931 4243 pro
2000 4171 2117 4242 ipsa
2174 4171 2345 4226 Deum

754 4268 1187 4340 deprecarentur
1222 4286 1234 4321 :
1267 4271 1413 4338 quod
1468 4282 1719 4335 magnam
1762 4265 1849 4320 illa
1882 4265 1999 4319 auri
2036 4275 2089 4319 et
2137 4263 2345 4336 argenti

755 4365 1099 4431 vcstiumque
1131 4361 1367 4429 cupiam,
1400 4374 1496 4428 per
1534 4356 1790 4411 'l‘beclatn
1840 4356 1905 4411 ad
1946 4356 2196 4420 Paulum,
2238 4372 2347 4425 quo

759 4454 1098 4526 pauperibus
1124 4459 1563 4516 succurreretur,
1597 4448 1855 4504 misisset.

827 4637 972 4693 Χιιι.
1005 4638 1205 4693 Thecla
1247 4652 1410 4708 porro
1462 4650 1526 4691 ex
1566 4633 1719 4689 Pauli
1766 4633 2034 4688 sententia
2076 4649 2198 4685 cum
2235 4632 2347 4689 leo-

758 4735 906 4788 nium
973 4734 1338 4801 pet-venisset,
1395 4728 1491 4783 Dei
1546 4732 1770 4782 verbum
1822 4726 2023 4782 ibidem
2073 4727 2342 4780 docebat:

755 4822 1137 4891 accedensque
1207 4815 1536 4889 Ottesiphori
1611 4815 1833 4871 domum
1869 4856 1883 4877 ,
1974 4830 2040 4868 eo
2098 4813 2201 4868 loci
2258 4812 2346 4866 ubi

758 4914 960 4970 Paulus
1036 4913 1229 4968 sedere
1298 4921 1354 4965 et
1424 4910 1621 4965 docere
1674 4908 1932 4972 solebat,
1994 4920 2114 4960 sese
2197 4904 2348 4959 humi

757 5006 1078 5081 promeruit.
1112 5004 1261 5059 Talis
1291 5011 1375 5059 est
1426 5003 1572 5057 enim
1602 5000 1861 5056 desiderii
1897 5000 1997 5063 vis,
2031 5008 2088 5054 ut
2132 4999 2349 5067 quando

758 5101 1078 5171 ipsummet,
1108 5112 1271 5167 quem
1314 5094 1498 5149 videre
1514 5102 1756 5163 exoptat,
1790 5091 1988 5146 habere
2020 5107 2125 5144 non
2160 5093 2349 5162 possit,

757 5193 964 5263 aliquid
1011 5189 1226 5253 ebrum,
1252 5203 1373 5257 quae
1424 5186 1492 5240 ad
1528 5186 1677 5239 illum
1730 5186 2129 5255 pertinuerant,
2170 5185 2350 5239 ardori

757 5286 907 5341 illius
932 5282 1185 5339 solatium
1221 5280 1454 5334 adferat.
1493 5277 1684 5349 Magno
1717 5277 1881 5346 igitur
1915 5292 2037 5353 cum
2072 5277 2267 5349 gaudio
2296 5277 2351 5329 in

759 5387 963 5434 terram
996 5374 1383 5446 procumbens,
1407 5370 1596 5425 calidis
1626 5385 1743 5424 eam
1800 5369 2049 5439 Iacrytnis
2094 5384 2353 5439 consper-

760 5469 942 5542 gebat,
976 5481 1281 5535 manusque
1335 5466 1387 5517 in
1419 5464 1721 5519 orationem
1750 5462 2088 5532 expandens,
2111 5459 2350 5527 Gmtias,

758 5562 957 5631 inquit,
984 5558 1079 5614 tibi
1097 5572 1219 5628 ago,
1248 5555 1473 5610 Domine
1504 5554 1645 5609 Deus
1668 5570 1845 5619 meus,
1872 5564 1927 5609 et
1955 5554 2118 5625 hujus
2135 5554 2351 5618 domus,

758 5653 851 5709 ubi
906 5661 966 5705 tu
1023 5648 1244 5703 Christe
1286 5646 1436 5710 Jesu,
1476 5644 1575 5699 Fili
1628 5645 1721 5699 Dei
1780 5644 2036 5710 viventis,
2076 5643 2205 5698 mihi
2264 5644 2353 5697 lux

764 5739 1173 5813 resplcuduisti,
1214 5740 1306 5809 qui
1349 5738 1480 5792 mihi
1517 5738 1736 5808 adjutor
1770 5738 1823 5791 in
1860 5753 2103 5802 carcere,
2139 5738 2355 5807 adiutor

764 5844 814 5893 ln
844 5835 1091 5909 praeside,
1128 5833 1343 5905 adjtttor
1372 5833 1423 5888 iu
1457 5832 1647 5890 bestiis
1672 5840 1725 5887 et
1751 5831 1873 5903 igne
1897 5830 2045 5886 fuisti
2083 5849 2094 5885 :
2133 5834 2353 5903 gratias,

2453 3256 2548 3307 καὶ
2569 3254 2766 3327 ἀθρόον
2798 3258 2951 3328 αὐτῷ
2978 3259 3314 3328 παρίσταται
3342 3259 3510 3328 μηδὲν
3533 3258 3889 3327 προμαθόντι
3913 3276 3929 3291 ο
3954 3261 4041 3312 τὸν

2450 3346 2530 3412 δὲ,
2559 3350 2781 3418 εκείνην
2820 3365 2879 3401 τε
2912 3349 3278 3417 θεασάμενον,
3314 3348 3407 3398 καὶ
3436 3348 3496 3397 τὸ
3523 3347 3655 3415 περὶ
3698 3347 3879 3418 αὐτὴν
3912 3349 4044 3418 τ’.λῇ-

2453 3436 2567 3500 θος,
2605 3438 2869 3507 ἔκπληξις
2904 3432 3039 3507 εἶχε,
3067 3437 3442 3507 λογιζόμενον,
3484 3438 3559 3506 μὴ
3602 3439 3699 3490 καὶ
3725 3441 4043 3509 πειρασμὸς

2452 3529 2640 3601 ἕτερος
2752 3530 2813 3581 τὸ
2842 3530 3191 3597 φαινόμενον.
3219 3527 3397 3583 Θέκλα
3419 3528 3473 3582 δὲ
3493 3532 3739 3582 συνεῖσα·
3783 3532 4041 3598 Ἐλαϐον,

2452 3622 2580 3694 ἔφη,
2609 3622 2670 3676 τὸ
2702 3623 2952 3694 λουτρὸν,
2986 3622 3188 3677 Παῦλε.
3226 3624 3335 3677 Καὶ
3351 3623 3478 3695 ’γὰρ
3514 3625 3542 3676 6
3569 3628 3931 3695 συνεργήσας
3965 3642 4044 3679 σοι

2454 3717 2590 3786 πρὸς
2620 3717 2681 3767 τὸ
2716 3716 3075 3785 Εὑαγγέλιον,
3105 3719 3274 3787 κάμοὶ
3298 3712 3454 3780 οὗτος
3489 3718 3627 3787 πρὸς
3654 3720 3712 3771 το
3739 3719 4044 3775 λούσασθαι

2457 3810 2887 3880 συνεψηφῐσατο.
2962 3812 3071 3863 Καὶ
3133 3812 3433 3879 λαϐόμενος
3474 3812 3651 3881 αὐτῆς
3711 3815 3743 3866 6
3806 3802 4041 3880 Παῦλος,

2437 3904 2719 3974 ,ἀπήγαγε
2754 3903 2892 3974 πρὸς
2913 3903 3005 3957 τὸν
3030 3900 3182 3957 οῐκον
3229 3901 3492 3973 Ερμιιου,
3530 3902 3664 3958 ἔνθα
3694 3906 3848 3959 κατὰ
3877 3909 4043 3979 μέρος

2428 3997 2825 4075 ’ἅπαντα,ὃσα
2876 3994 3227 4067 συμϐέϐηκεν
3268 3998 3327 4050 ἐν
3390 3996 3721 4069 Ἀντιοχείᾳ,
3776 4002 3811 4071 ἡ
3863 4000 4046 4057 Θὲκλα

2452 4080 2531 4153 τῷ
2565 4087 2763 4155 Παύλῳ
2789 4088 3045 4156 διασαφεῖ
3068 4104 3082 4118 ⁸
3117 4090 3192 4151 ὡς
3234 4090 3407 4143 πολλά
3446 4093 3697 4144 κάκεῖνον
3726 4092 4040 4164 θαυμάσαι.

2456 4177 2554 4231 καὶ
2591 4178 2689 4232 τὴν
2746 4176 2857 4231 τῶν
2915 4179 3230 4233 ἀκουόντων
3289 4181 3758 4251 ἑπιστηριχθῆναι
3828 4187 4038 4249 πίστιν,

2456 4271 2775 4343 Τρυφαινης
2808 4288 2867 4324 τε
2932 4270 2994 4324 τὸ
3030 4270 3313 4342 εὔγνωμον
3371 4272 3819 4342 ἀποδεξαμένους
3877 4278 4043 4345 ὑπερ-

2466 4365 2728 4432 εύξασθαι
2776 4367 3001 4437 ταύτης.
3034 4366 3321 4434 Τρύφαινα
3353 4367 3456 4438 μὶν
3475 4362 3568 4421 οῦν
3592 4367 3793 4438 συχνὸν
3820 4372 4043 4439 χρυσίον

2454 4476 2512 4511 τε
2553 4460 2646 4511 καὶ
2670 4459 2951 4530 ἀργύριον,
2986 4459 3123 4528 πρὸς
3153 4460 3209 4511 δὲ
3239 4462 3333 4515 καὶ
3357 4460 3676 4531 ἱματισμὸν,
3712 4462 3809 4517 διὰ
3834 4463 4041 4533 Θέκλης

2453 4553 2531 4623 τῷ
2572 4553 2769 4621 Παύλῳ
2810 4554 3021 4621 πέμπει
3060 4553 3389 4605 διακονοῦσα
3425 4557 3644 4624 πένησι.

2528 4647 2627 4698 ll".
2657 4647 2837 4697 Θέκλα
2868 4646 2923 4695 δὲ
2972 4644 3169 4713 γνώμῃ
3211 4644 3294 4695 II:
3319 4644 3446 4697 ύλου
3491 4649 3571 4708 είς
3626 4647 3851 4700 Ἰκόνιον
3894 4668 4042 4717 γενε-

2461 4735 2621 4803 μὲνη,
2666 4732 2759 4784 τὸν
2787 4732 2882 4783 τοῦ
2914 4731 3049 4784 Θεοῦ
3080 4732 3241 4801 λόγον
3275 4732 3559 4788 ἐδίδασκεν
3586 4751 3599 4765 ·
3639 4736 3966 4791 ἀπελθοῦσα
3985 4740 4038 4790 δὲ

2458 4824 2553 4875 καὶ
2579 4823 2658 4883 εἰς
2673 4822 2758 4873 τὸν
2778 4820 3133 4891 Ὀνησιφόρου
3159 4816 3332 4886 οἷκον,
3351 4826 3561 4892 πέμπει
3580 4826 3638 4877 τὸ
3657 4842 3727 4877 πα
3739 4827 3810 4897 ρα
3828 4827 3919 4880 ἔϐα
3930 4845 4040 4895 σος,

2460 4912 2595 4963 ὅπου
2633 4910 2841 4971 Παῦλος
2872 4904 2939 4981 ἦν
2990 4906 3357 4979 καθεζόμενος
3392 4913 3487 4964 καὶ
3534 4912 3827 4968 διδάσκων.
3863 4915 4043 4967 Τοιοῦ-

2456 5021 2549 5058 τον
2579 5004 2685 5071 γὰρ
2718 5004 2745 5055 6
2783 5003 2970 5067 πόθος,
3002 5002 3132 5057 ὅταν
3174 5003 3340 5055 αὑτὸν
3400 5004 3611 5058 ἐκεῖνον
3655 5005 3730 5076 μὴ
3787 5006 3906 5076 ἔχοι
3955 5010 4041 5058 τὶν

2462 5096 2807 5165 ποθούμενον
2844 5095 3111 5167 καθορᾷν,
3158 5096 3400 5150 ποιεῖταί
3431 5112 3483 5150 τι
3514 5096 3626 5149 τῶν
3674 5100 3899 5151 ἐκείνου
3947 5099 4040 5166 τῆς

2462 5189 2661 5257 φλογὸς
2692 5188 3065 5259 παραμύθιον.
3102 5189 3352 5242 [lado-33a
3375 5190 3555 5243 τοίνυν
3583 5190 3682 5242 σῦν
3714 5186 3881 5262 ἠδονῇ
3913 5192 4040 5261 πρὶς

2460 5279 2522 5332 τὸ
2565 5277 2785 5345 ἔδαφος,
2815 5277 3048 5348 δάκρυσι
3080 5276 3240 5330 τοῦτο
3284 5277 3510 5349 θερμοῖς
3539 5277 3769 5331 ἔϐαλλεν
3795 5297 3809 5310 ·
3863 5282 4041 5345 ἄρασα

2463 5385 2522 5421 τε
2557 5369 2746 5439 χεῖρας
2804 5368 2885 5430 εἰς
2932 5369 3272 5438 προσευχὴν,
3316 5367 3644 5439 Εὐχαριστῶ
3693 5386 3804 5433 σοι,
3867 5368 4038 5436 ελεγε,

2464 5461 2635 5531 Κύριε
2667 5463 2693 5513 ὁ
2719 5461 2852 5524 Θεός
2887 5476 3012 5530 μου,
3045 5464 3140 5513 καὶ
3174 5460 3330 5514 τοῦδε
3370 5460 3466 5515 τοῦ
3498 5462 3652 5515 οἴκου
3688 5462 3823 5514 ῐνθα
3867 5480 3958 5532 μοι
3984 5463 4039 5512 τὸ

2465 5550 2579 5617 φῶς
2609 5548 2882 5620 ἐλαμψας,
2917 5550 3119 5620 Χριστὲ
3166 5545 3364 5618 Ἰησοῦ,
3401 5550 3497 5605 Υἱὲ
3529 5550 3625 5603 τοῦ
3658 5550 3863 5615 ζῶντος
3889 5550 4039 5612 θεοῦ,

2463 5644 2491 5694 ὁ
2525 5644 2650 5712 ἐμοὶ
2684 5642 2879 5712 βοηθὸς
2916 5644 2971 5694 ἐν
3004 5642 3223 5712 φυλακῇ
3254 5642 3574 5713 γενόμενος,
3604 5642 3799 5714 βοηθὸς
3832 5646 3892 5696 ὲν
3923 5647 4044 5715 ἠγε-

2468 5736 2613 5801 μὸνι,
2668 5733 2858 5803 βοηθὸς
2910 5736 2967 5785 ὲν
3012 5732 3235 5803 θηρίοις.
3257 5749 3315 5785 τε
3368 5733 3466 5785 καὶ
3509 5734 3667 5805 πυρί.
3724 5734 4041 5807 Εὐχαριστώ

2472 5844 2576 5894 τοι,
2616 5827 2695 5880 ὅτι
2725 5826 2888 5890 αὐτζς
2928 5827 3089 5895 μόνος
3119 5821 3168 5879 εἷ
3207 5824 3362 5891 Θεὸς,
3390 5824 3485 5879 καὶ
3522 5828 3604 5880 σοὶ
3661 5826 3811 5897 μόνῳ
3849 5829 4041 5899 πρέπει
