4188 6436
155 401 260 464 8Π

1148 387 1323 449 vn‘a
1368 384 1427 443 s.
1469 360 1840 440 CYPRl‘AXl
1877 361 2378 437 ANTIOCHENI.

3288 364 3392 429 δτι

157 505 407 567 ἀϐούλως
462 500 806 556 ἀντιπίπτειν
869 497 1058 568 βούλου
1108 497 1152 529 ⁹⁰
1183 501 1250 568 τῇ
1277 496 1506 567 ἀληθεῖς.
1529 509 1542 524 ·
1573 496 1605 564 ἡ
1639 492 1732 546 τοῦ

1786 489 1977 548 tNihil
2029 489 2103 542 sit
2136 488 2231 541 tibi
2289 487 2364 541 rei
2408 501 2529 540 cum
2579 484 2802 544 sanctis.
2844 497 2943 538 nec
2983 480 3118 535 velis
3171 487 3278 533 tam
3313 479 3398 532 in-

159 595 401 667 Χριστοῦ
435 593 668 663 δύναμις,
698 589 948 661 φανερῶς
985 588 1220 660 ἄμαχος,
1270 590 1469 659 ἄριστα
1505 587 1561 639 δὲ
1605 589 1733 655 περὶ

161 687 363 742 σαυτοῦ
414 687 458 717 ³¹
509 685 798 754 διασκέψῃ,
849 685 898 735 εἰ
941 683 1163 742 τούτους
1208 679 1285 750 τῷ
1320 679 1531 749 βασιλεῖ
1560 693 1735 746 παρα-

161 778 421 848 πέμψεις,
451 775 740 845 γνωρίσεις
767 791 824 826 τε
859 771 1104 841 ἀκριϐῶς
1127 773 1226 824 ὅσα
1264 772 1362 839 μὲν
1397 772 1456 823 οὐ
1489 771 1609 823 κατ’
1639 771 1735 822 αὐ-

161 871 273 923 τῶν
301 868 691 938 διαπέπρ-αξαι,
741 866 835 917 καὶ
863 864 938 927 ὠς
984 865 1029 897 ’³
1060 865 1124 916 ab
1163 863 1259 933 μὲν
1300 863 1453 915 οὐδὲν
1489 861 1735 924 ἐνέλιπες

160 960 336 1014 ποιῶν
361 959 469 1012 τῶν
499 962 577 1020 εἰς
611 956 883 1026 τιμωρίαν
919 955 1159 1024 ἡκόντων
1183 971 1195 984 ·
1262 953 1401 1006 ἀλλὰ
1427 957 1522 1007 καὶ
1557 951 1735 1006 αὐτῶν

159 1051 425 1120 ὠμότητα
450 1049 556 1101 τῶν
589 1046 798 1117 ϋηρῐων
833 1047 1082 1109 κολάζων
1124 1046 1169 1077 ’³
1199 1045 1520 1115 παρήλασας
1543 1059 1557 1074 °
1591 1043 1736 1095 ἐκεί-

162 1160 274 1195 νων
307 1143 363 1195 δὲ
398 1140 622 1210 οὐδεμία
651 1138 759 1190 τῶν
794 1137 1053 1190 τοιούτων
1095 1136 1274 1205 ἥψατο
1311 1137 1566 1207 βάσανος,
1601 1133 1735 1190 ἀλλὰ

167 1235 297 1307 ἄχρι
329 1235 422 1287 καὶ
446 1234 541 1286 νῦν
571 1230 800 1292 ἀπαθεῖς
835 1231 1298 1301 διαμεμενήκατι.

239 1412 376 1464 Κιιο.
404 1405 620 1460 Τούτων
652 1405 895 1465 ἀκούσας
912 1406 938 1456 ὁ
961 1402 1157 1473 κόμης,
1184 1402 1398 1456 ἐπιστοῖ
1411 1401 1475 1472 ὴν
1496 1396 1596 1455 ὧδὲ
1626 1417 1738 1462 πως

168 1502 400 1571 ἔχουσαν
435 1500 514 1556 είς
565 1496 938 1566 Νικομηδείαν
972 1496 1110 1565 πρὸς
1143 1494 1235 1548 τὸν
1265 1496 1400 1548 τότε·
1430 1492 1738 1562 κρατοῦντα

171 1592 465 1663 (Κλαύδιος
499 1589 552 1642 δὲ
583 1584 682 1660 ἦν)
727 1587 930 1650 εὐθέως
968 1588 1244 1655 ἐκπέμπει
1267 1602 1281 1616 ⁸

245 1682 374 1739 ΚΘ’.
405 1684 596 1752 Κύμης
645 1681 942 1749 Εὐτόλμιος
993 1680 1041 1710 ’δ
1083 1678 1333 1746 Κλαυδίῳ
1385 1676 1628 1742 Καίσαρι
1664 1675 1741 1745 τῷ

177 1776 418 1848 μεγάλῳ,
450 1775 552 1842 γῆς
585 1775 676 1825 καὶ
705 1771 980 1839 θαλάσσης
1009 1768 1347 1831 οεσπόζοντι,
1378 1768 1610 1837 χαίρειν.
1632 1768 1738 1819 Γα-

1319 1581 1433 1654 εἶχε
1466 1583 1520 1636 δὲ
1544 1581 1604 1635 οὗ
1615 1599 1736 1645 τω;⁶

1834 580 2178 636 considerate
2225 579 2479 633 resistere
2531 576 2769 630 veritati.
2822 573 3026 628 Christi
3085 570 3262 625 virtus
3309 579 3395 624 est

1835 675 1993 744 plane
2023 670 2482 742 inexpugnabilis.
2523 668 2641 723 Tibi
2678 678 2859 723 autem
2891 665 3094 736 optime
3115 664 3393 724 consules,

1835 767 1878 819 si
1910 780 2004 819 eos
2053 763 2388 818 transmittas
2433 763 2496 816 ad
2531 763 2929 830 imperatorem,
2963 767 3014 811 et
3059 756 3108 810 ei
3142 767 3396 809 accurate

1835 858 2222 931 signiticaveris
2279 871 2619 926 quaecunque
2684 856 2736 907 in
2803 867 2897 907 eos
2962 850 3178 915 fecisti;
3238 863 3395 917 quam

1840 966 2036 1022 magno
2066 960 2244 1004 autem
2293 958 2348 1002 et
2377 951 2592 1002 excelso
2621 947 2806 1001 animo
2841 945 2875 998 ii
2921 959 2980 998 se
3024 950 3312 1012 gesserunt
3343 941 3398 994 in

1839 1043 2130 1108 omnibus;
2172 1051 2227 1095 et
2257 1040 2399 1109 quod
2438 1055 2465 1090 a
2503 1048 2555 1092 tc
2595 1038 2804 1093 nullum
2839 1035 2943 1091 fuit
2972 1033 3396 1105 prattermissum

1844 1135 2193 1204 supplicium,
2245 1133 2338 1188 sed
2389 1131 2664 1202 puniendo
2715 1129 2880 1185 etiam
2932 1127 3080 1198 ipsas
3133 1125 3398 1196 superasti

1836 1227 2070 1289 bestias;
2108 1226 2318 1278 illorum
2355 1239 2483 1278 vero
2519 1230 2906 1278 tormentorum
2945 1220 3152 1274 nullum
3190 1233 3288 1274 eos
3318 1230 3401 1272 at-

1840 1318 1980 1389 tigit,
2016 1318 2109 1370 sed
2152 1317 2432 1384 hucusque
2469 1323 2883 1383 permanserunt
2915 1313 3086 1366 illaesi.

1908 1403 2140 1460 XXVIII.
2177 1405 2300 1459 Hanc
2333 1419 2456 1458 cum
2490 1405 2758 1459 audiisset
2791 1418 2997 1467 comes,
3029 1400 3402 1458 Nicomediam

1842 1499 1908 1552 ad
1943 1511 2090 1562 eum,
2136 1496 2228 1565 qui
2285 1500 2415 1550 tunc
2465 1511 2652 1550 rerum
2707 1496 3038 1564 potiebatur,
3097 1495 3176 1561 (is
3223 1503 3403 1548 autem

1841 1599 1958 1646 erat
1998 1589 2282 1657 Claudius)
2311 1589 2471 1643 talem
2504 1589 2684 1643 statim
2713 1587 2878 1643 mittit
2905 1587 3194 1657 epistolam
3228 1603 3243 1642 :

1915 1680 2105 1736 XXIX.
2136 1683 2332 1736 Comes
2363 1680 2670 1736 Eutolmius
2699 1680 2929 1738 Claudio
2957 1679 3151 1735 Caesari
3184 1692 3403 1750 magno,

1844 1784 2000 1829 terra:
2047 1785 2104 1829 et
2149 1775 2313 1828 maris
2367 1773 2611 1835 domino,
2669 1772 2916 1827 salutem.
2987 1771 3115 1836 Eos,
3155 1770 3246 1842 qui
3301 1782 3406 1825 tua

172 1870 342 1938 λήνης
373 1865 576 1931 πολλῆς
607 1863 734 1925 τούς
758 1861 862 1913 ὐπὸ
885 1863 984 1931 τὴν
1015 1860 1114 1931 σὴν
1140 1859 1392 1926 ἐξουσίαν
1431 1857 1734 1912 ἀπολαύον-

1786 1838 1813 1892 Β
1845 1874 1972 1920 sunt
2031 1864 2274 1926 ditionis,
2325 1863 2516 1916 videns
2573 1878 2768 1932 magna
2837 1862 2943 1916 frui
2998 1837 3404 1932 tranquillitate,

172 1977 270 2020 τας
299 1957 464 2028 ὀρῶν,
511 1955 732 2027 μέγιστε
767 1951 1012 2022 βασιλεῦ,
1041 1951 1142 2020 τῆς
1172 1950 1282 2004 τῶν
1314 1950 1568 2019 μεγάλων
1594 1950 1730 2003 οεῶν

173 2049 389 2110 εὐνοίας
424 2048 489 2119 ἣν
512 2047 641 2116 περὶ
682 2044 743 2097 σὲ
785 2043 1132 2106 διασώζουσι,
1164 2044 1257 2094 καὶ
1303 2042 1402 2110 τῆς
1430 2041 1734 2110 προσούσης

174 2158 260 2194 σοι
279 2139 707 2207 δεισιδαιμονίας
739 2133 1074 2201 ἅξιον¹τοῦτο
1108 2133 1363 2200 γινώσκω
1394 2132 1456 2184 τὸ
1500 2134 1736 2185 ἀνταπο-

171 2234 314 2303 δομα
342 2232 388 2264 ’⁵
412 2247 424 2260 ·
460 2229 582 2282 ἐπεὶ
611 2229 669 2280 δέ
689 2243 832 2288 τινες
865 2224 975 2276 τῶν
1005 2224 1314 2292 λεγομένων
1343 2223 1640 2277 Γαλιλαίων
1668 2223 1738 2277 τὰ

172 2329 253 2388 εἰς
288 2325 487 2382 αὐτοὺς
528 2316 927 2388 φρυαττόμενοι
985 2316 1222 2387 Χριστὸν
1277 2315 1476 2385 μᾶλλον
1499 2315 1557 2368 ὃν
1611 2316 1741 2369 Ἰου-

174 2414 343 2467 δαίων
377 2409 565 2472 παῖδες
591 2409 667 2473 ὡς
709 2408 1018 2479 κακοῦργον
1041 2409 1490 2471 ἀνεσκολόπισαν,
1519 2407 1739 2462 σέὁουσί

172 2523 232 2558 τε
261 2504 354 2557 καὶ
408 2500 800 2570 προσκυνοῦσι,
859 2499 1050 2553 τούτου
1083 2500 1246 2568 χάριν
1275 2497 1372 2551 καὶ
1412 2500 1572 2567 ἡμεῖς
1604 2499 1739 2550 πᾶσι

170 2597 395 2666 τρόποις
421 2596 496 2659 ὡς
523 2594 837 2657 στασιώδεις
859 2593 1064 2657 αὐτοὺς
1085 2595 1183 2645 καὶ
1205 2593 1448 2664 λοιμοὺς,
1488 2592 1624 2663 μετὰ
1643 2593 1742 2662 τὴν

171 2690 256 2751 εἰς
276 2689 336 2741 τὺ
366 2687 514 2757 βῆμα
541 2687 882 2756 παράστασιν
917 2685 980 2740 οὐ
1019 2684 1501 2754 μετατιθεμένους,
1522 2684 1744 2752 ἐξελαύ-

170 2797 286 2834 νειν
308 2778 416 2830 τῶν
442 2778 652 2830 πόλεων
696 2779 826 2846 περὶ
873 2778 1070 2831 πολλοῦ
1112 2779 1482 2848 ἐποιούμεοαῂ
1537 2780 1631 2832 καὶ
1663 2774 1744 2841 οἷς

176 2874 276 2943 μὲν
301 2873 398 2942 ὀψέ
429 2888 558 2925 ποτε
592 2873 930 2942 μεταμέλειά
965 2889 1050 2935 τις
1087 2874 1182 2925 ὲπὶ
1209 2875 1318 2935 τοῖς
1349 2872 1530 2936 καλῶς
1559 2873 1744 2942 δεδογ-

177 2964 363 3033 μένοις
413 2964 647 3030 ὲγένετο,
702 2964 769 3032 τῇ
825 2962 934 3014 τῶν
1006 2963 1259 3032 μεγάλων
1312 2963 1568 3034 εὐμενείᾳ
1607 2963 1746 3015 θεῶν

176 3054 529 3126 Θαρροῦντες,
555 3054 892 3125 εἰσδέχεσθαι
921 3055 1145 3117 τούτους
1179 3059 1271 3108 καὶ
1304 3057 1404 3126 τὴν
1435 3057 1749 3125 προσήκου-

1839 1955 2136 2022 imperator
2173 1953 2426 2015 maxime,
2479 1967 2796 2023 magnorum
2841 1953 3086 2015 deorum,
3138 1966 3298 2022 quam
3349 1953 3406 2004 in

1839 2056 1890 2100 te
1947 2055 2300 2108 conservant,
2360 2043 2774 2109 benevolentiae,
2822 2053 2876 2099 et
2937 2045 3076 2114 eius,
3137 2059 3256 2114 quae
3310 2043 3406 2097 tibi

1839 2138 2014 2201 adest,
2048 2137 2326 2208 religionis
2354 2137 2481 2191 novi
2515 2140 2656 2191 hanc
2683 2151 2804 2192 esse
2837 2135 3054 2206 dignam
3088 2151 3407 2190 remunera-

1841 2231 2060 2284 tionem.
2095 2229 2362 2297 Quouiam
2397 2239 2577 2284 autem
2611 2229 2827 2299 quidam
2863 2243 2928 2282 ex
2964 2228 3029 2281 iis
3070 2230 3160 2296 qui
3202 2228 3397 2282 dicun-

1844 2333 1933 2379 tur
1965 2323 2191 2390 Galilzei,
2233 2325 2286 2377 in
2329 2325 2476 2394 ipsos
2529 2321 2844 2384 frementes,
2888 2321 3189 2388 Christum,
3245 2338 3405 2391 quem

1841 2415 2033 2481 Judaei,
2065 2425 2320 2485 tanquam
2353 2415 2679 2478 maleﬁcum,
2708 2414 2854 2470 cruci
2889 2414 3198 2478 edixerunt,
3235 2416 3406 2486 magis

1843 2509 2030 2564 colunt
2069 2519 2126 2563 et
2175 2509 2426 2571 adorant,
2481 2524 2542 2561 ea
2580 2509 2644 2562 de
2683 2522 2846 2561 causa
2900 2523 3000 2561 nos
3049 2523 3265 2576 quoque
3315 2525 3410 2563 eos

1843 2597 2097 2653 omnibus
2127 2598 2324 2662 modis,
2351 2606 2610 2666 tanquam
2641 2598 2934 2652 seditiosos
2959 2613 3025 2652 ac
3051 2600 3404 2668 perniciosos,

1845 2696 2126 2760 postquam
2162 2687 2235 2743 ad
2271 2689 2508 2744 tribunal
2570 2690 2825 2760 producti
2893 2701 3040 2755 sunt,
3103 2705 3212 2745 non
3281 2709 3400 2746 mu-

1848 2790 2012 2843 tatos,
2049 2796 2078 2835 e
2109 2781 2421 2838 civitatibus
2453 2782 2658 2852 pellere
2701 2782 3148 2852 magnifacimus;
3181 2793 3238 2838 et
3275 2801 3410 2854 quos

1848 2873 2070 2942 quidem
2121 2873 2210 2927 vix
2263 2874 2481 2928 tandem
2533 2888 2723 2928 eorum
2769 2889 2890 2941 quae
2929 2875 3068 2926 male
3103 2874 3407 2937 senserant,

1853 2964 2031 3031 aliqua
2061 2964 2206 3017 subit
2249 2963 2620 3034 praenitentia,
2655 2977 2975 3034 magnorum
3026 2964 3248 3020 deorum
3285 2967 3407 3020 l'reti

1852 3055 2255 3119 benevolentia,
2285 3069 2378 3109 eos
2407 3053 2717 3118 admittere,
2749 3061 2805 3108 et
2836 3070 2998 3124 quam
3029 3070 3126 3125 par
3151 3065 3254 3121 est,
3287 3071 3408 3126 gra-

179 3165 284 3198 σαν
313 3147 612 3216 ἀπονέμειν
639 3148 801 3217 χάριν
833 3147 893 3200 οὐ
923 3145 1319 3217 παρῃτούμεοα
1341 3163 1354 3176 ’
1380 3144 1476 3208 οὓς
1510 3144 1565 3198 δὲ
1596 3146 1747 3199 ἀνιά-

1786 3163 1817 3219 ε
1854 3146 1983 3199 tiam
2022 3146 2253 3200 reddere
2290 3163 2396 3200 nun
2430 3146 2822 3201 recusavimus.
2861 3149 3014 3212 Quos
3062 3156 3239 3203 autem
3291 3164 3412 3218 per-

179 3253 289 3300 τως
322 3237 542 3308 ἔχοντας
604 3239 1028 3305 διενευνώμενος
1081 3238 1128 3268 ⁸⁸
1188 3235 1466 3307 εὕρισκον,
1521 3238 1744 3303 τούτους

179 3329 437 3394 αίκίζειν,
469 3327 871 3396 ἁνασταυροῦν,
909 3327 1056 3394 ὄνυξι
1081 3327 1221 3394 ξὲτιν
1251 3329 1320 3394 ’⁷,
1356 3331 1490 3383 πᾶσι
1522 3330 1742 3402 τρόποις

180 3423 436 3486 κολάζειν
474 3421 614 3474 κατὰ
647 3422 774 3478 τοὺς
799 3422 1090 3492 κειμένους
1121 3423 1320 3491 νόμους
1342 3423 1443 3475 οὐκ
1477 3425 1750 3492 ἠμελήσα-

181 3531 306 3585 μεν.
342 3514 554 3574 Ἀλλως
590 3515 700 3586 γάρ
731 3516 830 3568 οὐκ
857 3515 938 3568 ἔνι
973 3514 1364 3584 περιγενέσθαι
1392 3514 1581 3582 ψυχῶν
1609 3517 1750 3566 ἀπο-

176 3607 521 3677 νενοημένων
580 3610 674 3660 καὶ
724 3607 785 3658 τὸ
838 3607 1022 3677 δύσερι
1062 3604 1233 3670 πάθος
1263 3605 1680 3677 προσενῳκηκδς
1703 3604 1748 3639 ⁸⁸

179 3698 376 3762 αὐταῖς
396 3699 635 3768 ἐχουσῶν
656 3713 668 3726 ·
705 3695 789 3750 ἶνα
814 3697 868 3750 δὲ
899 3697 972 3766 μὴ
994 3696 1152 3765 λόγον
1183 3697 1229 3728 ⁹⁹
1266 3695 1441 3760 ἄλλως
1474 3698 1750 3767 ὑπολάϐῃς

183 3807 258 3860 με
286 3787 610 3844 πλάττεσθαι
648 3792 689 3856 ⁸,
749 3789 846 3841 καὶ
905 3790 1222 3857 Κυπριανὺν
1272 3776 1480 3852 τοῦτον,
1525 3789 1751 3864 οὐχύπ³

179 3881 428 3949 ἀνάγκη(
459 3881 625 3942 τινος,
653 3881 766 3934 ἀλλ’
784 3881 962 3932 ἑκοντὶ
979 3878 1089 3930 τῶν
1117 3879 1399 3948 σωτηρίων
1425 3879 1564 3932 Θεῶν
1596 3897 1751 3946 μετα·

183 3973 437 4040 θέμενον,
479 3971 557 4040 τῷ
591 3970 995 4042 ξσταυρωμὲνῳ
1018 3987 1076 4023 τε
1106 3971 1227 4025 ὅλον
1253 3971 1446 4026 ἑαυτὸν
1486 3971 1746 4042 ἀναθέμε-

183 4081 301 4126 νον,
339 4063 478 4132 μετὰ
510 4063 570 4115 τὸ
625 4063 870 4137 σφοδρῶς
912 4064 1146 4131 αἰκίσαι,
1205 4063 1282 4135 τῷ
1317 4065 1508 4134 κράτει
1544 4081 1634 4118 σου
1658 4064 1752 4117 νῦν

182 4156 574 4222 ὲξαπέστειλα,
601 4156 892 4227 ἄνθρωπον
934 4157 1161 4210 πιθανὸν
1193 4160 1300 4220 τοῖς
1347 4157 1547 4226 λόγοις,
1584 4175 1752 4225 πονη-

187 4250 284 4322 ρὸν
312 4251 423 4312 τοῖς
451 4249 694 4317 τρόποις,
723 4248 1078 4314 ἑτοιμότατον
1116 4251 1194 4310 εἰς
1219 4248 1517 4316 ἀπολογίαν
1537 4265 1551 4281 ο
1580 4249 1752 4318 τούτῳ

182 4343 447 4412 είπράως
481 4341 752 4408 ἐνέτυχον,
795 4338 916 4390 οὐδὲ
962 4338 1055 4392 τὸν
1109 4339 1232 4392 νοῦν
1288 4357 1378 4410 μοι
1421 4341 1764 4409 προσέχοντα

184 4434 322 4497 ὅλως
354 4431 642 4501 εὕρισκον·
675 4431 725 4484 εί
750 4431 1038 4500 αὐστηρῶς
1069 4432 1416 4502 ἐχρησάμην,
1448 4432 1542 4485 καὶ
1579 4431 1751 4504 βασά-

187 4541 300 4586 νοις
335 4525 356 4555 ⁸
389 4524 690 4593 ιπήγαγον,
721 4523 817 4591 οὐχ
868 4523 944 4585 ὡς
969 4522 1127 4592 ἀνδρὶ
1164 4525 1419 4592 μᾶλλονῆ
1452 4524 1748 4594 ἀνδριάντι,

187 4617 285 4669 καὶ
324 4614 469 4686 ἄλλῳ
501 4618 608 4668 τινὶ
631 4615 739 4669 τῶν
760 4612 986 4681 ἀψύχων
1012 4614 1240 4675 ἐπάγειν
1267 4614 1472 4676 ταύτας
1507 4614 1760 4684 ὲνομιζὸο

191 4721 330 4776 μην·
368 4707 417 4758 εί
452 4706 668 4776 φρουρᾷ
695 4703 1050 4757 κατακλεῖσαι
1103 4703 1493 4774 προσέταττον,
1528 4707 1757 4773 ἀπορίας

191 4799 380 4866 ἠγεῖτο
425 4799 486 4848 τὸ
544 4795 1044 4865 προσταττόμενον,
1076 4795 1138 4846 οὐ
1194 4795 1634 4864 ιιιιλανορωπίας⁹
1666 4797 1758 4848 καὶ

186 4886 311 4940 οὐδὲ
345 4885 514 4948 οὕτως
535 4888 564 4936 ὁ
606 4886 853 4952 μάταιος,
877 4887 979 4939 ὅσα
1013 4903 1077 4954 γε
1124 4888 1202 4948 είς
1234 4886 1387 4949 θεοὺς
1413 4887 1505 4939 καὶ
1526 4887 1586 4940 τὸ
1617 4889 1758 4956 ὑπήο

189 4995 336 5042 κοον,
367 4977 594 5047 ἡσυχίαν
627 4976 781 5043 ἄγειν
837 4977 1051 5044 ἠγάπα,
1080 4977 1196 5030 ἀλλ’
1238 4978 1342 5030 ὐπὸ
1367 4977 1594 5041 κλεῖθρα
1623 4995 1757 5046 τυγ-

187 5071 372 5140 χάνων
403 5070 496 5133 καὶ
524 5069 792 5138 φυλακὰς,
822 5068 918 5137 τῆς
956 5068 976 5099 ³
1009 5069 1208 5137 ἀνοχῆς
1255 5069 1589 5138 κατετρύφα,
1625 5073 1756 5122 πολ-

185 5161 315 5222 λούς
339 5178 398 5213 τε
433 5157 527 5214 τοῦ
555 5161 758 5212 οἰκείου
809 5159 1112 5228 νοσήματος
1149 5159 1430 5229 ὲμπιπλᾷν
1462 5163 1561 5213 οὐκ
1616 5162 1759 5214 ἁνεί-

187 5269 317 5324 χετο
349 5252 392 5304 ⁵.
436 5252 590 5306 Ἐπεὶ
627 5250 956 5320 γοῦν-ἐφάνη
1004 5253 1024 5284 ⁵
1050 5268 1102 5303 τι
1133 5253 1225 5304 καὶ
1273 5253 1453 5321 χειρδς
1495 5254 1758 5321 τιμωροῦ,

186 5345 326 5410 τάγε
381 5345 513 5412 παρ’
571 5346 726 5414 ἡμῖν,
761 5346 854 5396 καὶ
889 5343 1098 5414 δημίων
1129 5343 1452 5413 ὑπέρτερος,
1501 5347 1658 5412 ἴσμεν
1705 5347 1760 5398 δὲ

193 5435 396 5496 πάντες
426 5436 510 5488 δτι
561 5437 693 5503 δσην
727 5435 748 5466 ⁶
779 5437 806 5487 ὀ
849 5435 1000 5504 ἥλιος
1054 5437 1224 5506 ἐφορᾷ
1258 5436 1338 5488 σοί
1361 5453 1416 5488 τε
1441 5439 1765 5508 προσανέχει

775 5616 818 5647 ’³
851 5597 1037 5683 αὐτοῦ,
1070 5619 1128 5672 Β.
1231 5619 1278 5650 θ’
1316 5617 1494 5682 deest,
1525 5618 1586 5670 Β.

191 5688 240 5722 ⁸³
273 5686 662 5758 ἀνταπόδωμα,
694 5687 753 5742 Β.
822 5757 825 5758 ν
869 5686 912 5717 ⁵⁸
939 5687 1372 5758 διερευνόμενος,
1415 5688 1474 5741 Β.

190 5758 240 5789 ⁶⁹
274 5760 472 5824 λόγων,
506 5754 569 5810 Β.
673 5758 687 5787 ¹
723 5754 1077 5828 πράττεσθαι,
1273 5760 1292 5787 ’

193 5829 379 5898 χειρὸς
412 5828 584 5898 ἐφάνη
615 5825 882 5900 τιμωροῦ,
931 5825 973 5883 Β
1037 5825 1100 5882 C.
1124 5825 1186 5883 F.

302 5618 348 5649 "
391 5613 590 5686 βούλει,
620 5615 681 5671 C.
715 5633 722 5639 ‘

1329 5758 1616 5826 βασάνους,
1643 5758 1703 5813 Β.

1263 5828 1283 5858 ⁶
1320 5830 1492 5894 deest,
1530 5827 1586 5882 Β.

1663 5619 1710 5651 ⁸³
1739 5619 1911 5682 dccst,
1944 5618 2004 5671 B.
2049 5644 2118 5656 -—-
2177 5616 2235 5668 ὲν
2265 5614 2342 5684 τῷ
2370 5613 2728 5684 κολάζει-λης.
2761 5614 2819 5668 F.

1569 5690 1618 5720 ν’
1647 5687 1878 5752 ξαίνειν,
1908 5689 1970 5742 Β.

1806 5761 1826 5792 ³
1860 5758 1988 5814 add.
2037 5753 2238 5821 αὐτῶν,
2292 5755 2352 5809 Β.
2403 5753 2463 5809 C.
2522 5753 2585 5806 F.

1853 3247 2101 3290 scrtttans
2156 3237 2338 3290 inveni
2397 3252 2518 3290 esse
2577 3237 3181 3300 immedicabilcs,veos
3234 3239 3412 3310 ﬂagris

1863 3329 2096 3394 caedere,
2162 3329 2217 3381 in
2277 3343 2495 3382 crucem
2562 3343 2743 3398 agere,
2807 3330 3024 3400 ungulis
3083 3329 3412 3400 discerpere,

1854 3422 2108 3477 omnibus
2146 3421 2320 3475 modis
2362 3423 2580 3491 punire,
2617 3424 3008 3476 convenienter
3047 3420 3113 3476 iis
3144 3437 3262 3490 qum
3296 3425 3414 3480 lata:

1855 3521 2004 3573 sunt,
2042 3512 2268 3581 legibus,
2309 3526 2417 3568 non
2464 3514 2822 3585 neglexitnus.
2858 3513 2974 3570 Non
3010 3513 3233 3583 possunt
3267 3515 3412 3567 enim

1853 3602 2010 3657 aliter
2042 3602 2288 3673 superari
2343 3613 2534 3657 emotae
2557 3604 2754 3657 mentis
2785 3605 2973 3666 animi,
3011 3614 3066 3660 et
3099 3607 3188 3672 qui
3227 3605 3416 3659 diﬂici-

1854 3695 1960 3750 lem
1993 3695 2195 3751 habent
2241 3694 2582 3751 ailectioncm
2617 3697 2670 3751 in
2707 3696 2785 3751 eis
2815 3695 3169 3752 habitantem.
3208 3696 3285 3752 Ne
3317 3713 3414 3751 au-

1856 3799 1961 3844 tem
2024 3804 2109 3842 me
2162 3798 2321 3856 putes
2374 3803 2434 3842 ea
2494 3805 2613 3856 quae
2665 3789 2940 3852 dicuntur,
2993 3788 3215 3862 lingere,
3273 3792 3416 3845 hunc

1854 3895 2070 3950 quoque
2141 3879 2492 3949 Cyprianum,
2557 3878 2655 3948 qui
2717 3894 2826 3932 non
2895 3880 3080 3949 aliqua
3149 3882 3415 3937 adductus

1854 3973 2228 4035 necesssitate,
2277 3971 2373 4027 sed
2405 3987 2502 4026 sua
2539 3980 2732 4042 sponte
2767 3970 2968 4026 defecit
3013 3987 3042 4026 a
3088 3971 3192 4026 diis
3227 3987 3416 4028 scrva-

1856 4065 2082 4126 toribus,
2145 4072 2199 4116 et
2263 4063 2536 4116 Cruciiixo
2596 4073 2767 4116 totum
2827 4063 3066 4131 seipsum
3126 4064 3413 4127 dedicavit,

1853 4167 2142 4226 postquam
2173 4153 2328 4208 valde
2357 4153 2563 4226 punivi,
2599 4153 2664 4208 ad
2699 4162 2845 4209 luam
2892 4169 3038 4211 nunc
3072 4155 3191 4210 misi
3228 4167 3417 4225 poten-

1856 4248 2008 4311 tiam,
2057 4246 2356 4306 hominem,
2403 4246 2492 4313 qui
2549 4255 2631 4299 est
2680 4246 2864 4300 verbis
2903 4256 3064 4315 aptus
3093 4247 3158 4300 ad
3193 4263 3416 4312 persua-

1856 4336 2120 4400 dendum,
2187 4334 2430 4390 moribus
2492 4341 2673 4387 autem
2737 4333 3040 4404 improbus,
3099 4344 3155 4389 et
3189 4337 3258 4392 ad
3328 4353 3388 4391 se

1860 4428 2265 4484 defendendum
2316 4426 2781 4496 promptissimus.
2839 4427 2975 4481 Eum
3026 4428 3070 4482 si
3106 4427 3304 4484 blande
3353 4446 3417 4486 ac

1786 4526 1828 4581 υ
1861 4522 2061 4575 leniter
2114 4519 2520 4581 conveniebam,
2581 4532 2650 4570 ne
2707 4518 2947 4570 animum
3001 4520 3216 4587 quidem
3279 4521 3412 4572 mihi

1855 4613 2082 4668 omnino
2126 4599 2471 4664 adhibentem
2511 4607 2889 4672 inveniebam;
2923 4608 2966 4662 si
2999 4621 3190 4678 aspere
3223 4616 3417 4666 tracta-

1856 4707 2000 4770 bam,
2037 4715 2091 4758 et
2137 4711 2406 4756 tormenta
2440 4700 2762 4764 inferebam,
2802 4715 2912 4754 non
2948 4711 3056 4756 tam
3091 4701 3226 4769 viro,
3257 4719 3417 4773 quam

1855 4808 2067 4859 statum,
2120 4802 2215 4849 aut
2262 4793 2420 4847 alicui
2469 4791 2621 4846 alteri
2672 4793 2970 4846 inanimato
2999 4809 3060 4847 ea
3090 4809 3177 4848 me
3220 4795 3418 4851 inferre

1864 4889 2188 4951 censebam;
2225 4885 2270 4940 si
2320 4898 2542 4939 carcere
2591 4884 2792 4939 includi
2841 4885 3195 4952 imperabam,
3228 4888 3420 4941 existi-

1856 4981 2041 5034 mabat
2084 4980 2406 5047 imperatum
2445 4991 2564 5031 esse
2606 4977 2799 5045 inopiae
2823 4977 3057 5042 consilii,
3088 4993 3194 5032 non
3233 4989 3412 5034 autem

1859 5071 2248 5136 humanitatis;
2287 5078 2343 5124 et
2391 5084 2458 5123 ne
2495 5068 2573 5121 sic
2608 5069 2826 5135 quidem
2862 5069 3109 5132 stolidus,
3159 5071 3301 5138 quod
3349 5071 3416 5126 ad

1859 5163 1988 5218 deos
2016 5161 2235 5231 quidem
2288 5159 2507 5220 attinet,
2543 5167 2597 5210 et
2626 5173 2721 5211 eos
2752 5159 2844 5227 qui
2877 5159 2982 5212 illis
3011 5168 3224 5227 parent,
3272 5161 3416 5214 vole-

1859 5257 1950 5312 bat
1995 5255 2232 5323 quietcm
2283 5265 2462 5320 agere.
2527 5247 2634 5302 Sed
2669 5265 2793 5304 cum
2832 5260 2976 5305 esset
3017 5251 3118 5306 sub
3166 5251 3417 5305 claustris

1863 5360 1916 5404 et
1976 5345 2310 5405 custodibus,
2372 5341 2666 5395 insultabat
2717 5356 2904 5396 eorum
2966 5343 3262 5396 tolerantiae
3317 5353 3420 5395 :et

1864 5454 1966 5495 nec
1998 5435 2292 5493 desistebat
2336 5434 2554 5503 quidem
2587 5434 2786 5487 inultos
2820 5449 2918 5487 suo
2953 5433 3140 5488 morbo
3173 5432 3416 5501 implere.

2895 5615 2934 5647 "
2972 5614 3320 5685 Εύστόλμιος,

2065 5685 2111 5718 ’⁸
2145 5683 2593 5755 προσενοικηκὸς,
2638 5683 2702 5738 Β.
2732 5713 2801 5723 -
2826 5683 3230 5755 προενοικηκὸς,
3275 5683 3334 5739 C.
3360 5683 3422 5739 Γ.

2065 5754 2238 5812 [ὐτῶν.
2292 5755 2352 5809 Β.
2403 5753 2463 5809 C.
2522 5753 2585 5806 F.
2681 5755 3085 5812 ‘dﬂst’xno.C.
3120 5754 3180 5812 Fc
3281 5755 3430 5810 ’καὶ

2761 5769 2999 5825 πειχιτο,
3026 5769 3085 5812 C.
3120 5769 3180 5812 τ’.
3281 5769 3302 5787 ’
3332 5770 3404 5810 κισ.
