4188 6436
187 434 296 497 889

1233 406 1700 485 MARTYRIUM
1740 426 1800 483 s.
1843 419 2361 483 CALLISTRATI.

3337 416 3440 479 890

190 543 385 608 λόγος’
427 558 445 591 ι
478 537 642 591 Δεῦτε
681 538 816 608 πρός
868 555 959 609 με,
992 537 1190 601 πάντες
1241 539 1290 589 οἱ
1320 532 1621 593 κοπιῶντες
1678 536 1772 585 καὶ

1883 531 1950 584 cit
1982 547 1995 580 :
2034 548 2051 580 ι
2093 527 2285 582 Venite
2318 527 2383 582 ad
2412 540 2519 591 me,
2548 540 2737 580 omnes
2769 525 2859 594 qui
2905 524 3166 579 laboratis
3203 532 3273 601 et
3309 539 3440 576 one-

196 632 651 702 πεφορτισμένοι,
720 628 873 697 κάγὼ
930 628 1228 682 ἀναπαύσω
1286 629 1455 697 ὑμᾶς.
1522 623 1765 696 Χαίρετε

192 722 514 791 τοιγαροῦν,
578 724 739 791 ὑμεῖς
796 722 891 774 καὶ
938 720 1297 788 ἀγαλλιᾶσθε,
1360 720 1443 772 ὃτι
1495 719 1524 770 ὁ
1576 717 1767 787 μισθὸς

199 814 353 883 ὑμῶν
380 795 546 875 πολὺς
565 814 623 867 ἐν
643 815 754 875 τοῖς
781 815 1049 884 οῦρανοϊς.
1082 832 1098 863 ι
1127 812 1311 865 Ταῦτα
1334 810 1525 875 εἰπὼν,
1553 814 1647 863 καὶ
1670 811 1771 873 τάς

198 908 390 977 χεῖρας
419 905 612 977 διάρας
636 908 714 970 είς
751 906 1003 975 οὐρανὸν,
1038 904 1236 974 Κύριε,
1277 902 1454 965 εἶπεν,
1482 906 1511 956 ὁ
1544 906 1600 958 ἒν
1633 904 1771 973 ὕψη-

198 999 312 1059 λοϊς
336 998 627 1062 κατοικῶν,
650 999 744 1049 καὶ
768 996 836 1049 τά
862 996 1099 1050 ταπεινά
1122 996 1356 1065 ἐφορῶν,
1377 995 1473 1047 καὶ
1495 994 1769 1064 διαμένων

199 1090 285 1151 εἰς
317 1090 443 1151 τοῦς
488 1088 706 1152 αἰῶνας,
742 1087 893 1139 ἔπιδε
940 1088 1029 1139 ἐπὶ
1061 1088 1120 1138 τὸ
1150 1087 1340 1155 μικρόν
1382 1102 1474 1137 σου
1523 1086 1773 1154 ποίμνιον

202 1181 388 1245 τοῦτο,
420 1182 515 1233 καὶ
550 1181 728 1248 πάσης
762 1178 966 1249 βλάϐης
987 1181 1282 1249 ὁρωμένων
1313 1194 1371 1229 τε
1403 1180 1496 1229 καὶ
1527 1178 1774 1247 ἀοράτων

203 1271 390 1341 θηρῶν
417 1274 781 1340 συντήρησονο
806 1272 889 1325 ὅτι
912 1272 1073 1341 μόνον
1099 1271 1365 1340 ὑπάρχεις
1384 1268 1775 1338 δεδοξασμένος

209 1367 296 1425 είς
323 1364 451 1427 τοὺς
487 1364 711 1427 αἰῶνας.
768 1364 959 1433 Ἀμήν.

275 1458 347 1511 Ζ’.
372 1457 555 1511 Ταῦτα
596 1458 718 1509 ἐπεὶ
741 1458 998 1526 γνώριμα
1030 1455 1276 1523 κατέστη
1301 1454 1376 1523 τῷ
1405 1453 1774 1524 στρατηλάτῃ⁹

202 1550 342 1617 πρὸς
375 1550 435 1601 τὸ
462 1549 824 1618 στρατόπεδον
850 1548 1075 1612 ἀπιδὼν,
1120 1546 1203 1615 Νὴ
1233 1546 1324 1600 τὸν
1371 1545 1775 1614 λαμπρότατον,

204 1638 383 1702 εἶπεν,
413 1643 589 1711 ἥλιον,
619 1643 874 1711 μεγάλων
922 1641 1339 1711 ἀναπέπλησται
1390 1638 1654 1709 γοητειῶν
1692 1637 1781 1689 οὑ-

204 1734 347 1787 τοσί.
400 1734 510 1805 Τήν
543 1751 602 1786 τε
633 1735 741 1804 γὰρ
769 1736 949 1804 ὁρμὴν
971 1732 1066 1786 τοῦ
1101 1732 1294 1792 ὓδατος
1323 1729 1610 1797 ὲπέδησεν,
1633 1729 1778 1779 άπα-

206 1828 310 1889 θὴς
339 1827 524 1878 κακῶν
554 1827 773 1886 ἀναδὺς,
804 1824 900 1877 καὶ
924 1825 1168 1887 τούτους,
1197 1825 1271 1882 ὡς
1325 1821 1563 1891 προέφη,
1609 1835 1779 1873 κατα-

207 1916 439 1985 γοητείᾳ
518 1913 891 1966 ἐπεσπάσατο.
952 1909 1084 1965 Εἶτα
1144 1912 1408 1981 στραφεὶς
1498 1911 1634 1981 πρὸς
1693 1910 1781 1963 τὸν

208 2006 483 2075 μάρτυρα,
529 2003 669 2072 Ἐγὼ
727 2020 844 2066 σου,
887 2004 1011 2071 ἔφη,
1052 2003 1148 2062 τὰς
1201 2004 1455 2070 γοητείας
1505 2001 1780 2068 διελέγξω,

208 2097 613 2165 Καλλίστρατεο
656 2096 770 2148 Οὐκ
799 2096 877 2156 είς
905 2093 1123 2162 μακρὰν
1151 2092 1205 2145 δὲ
1230 2094 1349 2165 εἴσῃ
1380 2094 1462 2154 τίς
1506 2093 1602 2160 μὲν
1647 2094 1785 2159 Περ-

209 2186 453 2257 σερτῖνός
503 2187 723 2248 ὲστιν,ό
753 2184 860 2235 τῶν
914 2182 1170 2251 μεγάλων
1218 2181 1355 2233 θεῶν
1404 2183 1780 2249 θεραπευτής·

205 2280 291 2339 τίς
318 2276 373 2327 δὲ
395 2279 420 2326 ὁ
442 2273 857 2342 ἐσταυρωμένος
884 2271 944 2323 ὃν
972 2272 1130 2333 αὑτός
1172 2288 1229 2324 τε
1266 2272 1462 2333 σέὂεις,
1506 2272 1598 2323 καὶ
1628 2272 1713 2340 ἐφ’
1741 2268 1784 2340 ᾧ

211 2366 515 2436 ματαίωςὸ
551 2367 857 2432 κατάρατος
911 2366 1197 2428 πέποιθας.
1259 2363 1499 2427 Καθίσας
1546 2362 1639 2419 οὖν
1693 2367 1784 2418 ἐπὶ

208 2458 304 2511 τοῦ
327 2458 571 2528 βήματος
590 2458 811 2530 ῥοπάλῳ
839 2456 960 2509 καθ’
983 2457 1078 2510 ’ἐνα
1103 2456 1317 2509 κελεύει
1344 2458 1640 2511 τύπτεσθαι
1663 2459 1786 2519 τοὺς

208 2552 649 2612 πεπιστευκότας
677 2550 923 2611 ἅπαντας
963 2548 1337 2617 στρατιώτας·
1374 2549 1422 2599 οἳ
1466 2550 1556 2599 καὶ
1584 2550 1786 2599 τυπτό-

215 2659 369 2712 μενοι
404 2640 679 2715 χαὶετεῶς,
710 2640 779 2690 τὰ
812 2640 947 2707 μέλη
980 2656 1038 2689 τε
1065 2637 1704 2708 κατακλώμενοι,ὧσπερ
1729 2639 1785 2702 ἐξ

212 2737 333 2797 ἑνὸς
357 2734 642 2801 στόματος,
676 2730 841 2795 Κύριε
876 2730 1048 2800 Ἰησοῦ
1078 2730 1301 2801 Χριστὲ,
1327 2731 1529 2800 ἔλεγον,
1553 2733 1664 2793 τοῖς
1694 2748 1787 2783 σου

210 2828 420 2888 δούλοις
483 2826 758 2894 ἐπίστηθι,
802 2825 1009 2896 βοήθει,
1052 2828 1142 2878 καὶ
1186 2826 1269 2888 δὸς
1300 2827 1431 2895 ἡμῖν
1474 2827 1571 2895 τὴν
1628 2827 1788 2896 μέχρι

209 2918 399 2979 ιέλους
430 2918 705 2986 ὑπομονήν
730 2933 742 2946 ·
769 2917 855 2968 διὰ
890 2918 946 2968 σὲ
974 2918 1081 2985 γάρ
1119 2918 1211 2969 καὶ
1244 2918 1341 2985 τὴν
1374 2918 1453 2977 εἰς
1496 2917 1555 2966 σὲ
1605 2919 1789 2969 πίστιν

212 3007 366 3061 οὕτω
391 3007 620 3074 πάσχειν
652 3006 928 3075 εἱλόμεθα.
955 3007 1050 3077 Εῖη
1090 3008 1145 3059 δὲ
1178 3007 1327 3077 παρὰ
1381 3006 1473 3059 σοῦ
1523 3007 1790 3075 φυλαττό-

216 3116 380 3170 μενος
431 3101 526 3151 xui
577 3101 603 3151 ὁ
660 3100 932 3168 ἡμέτερος
985 3099 1300 3162 διδάσκαλός
1343 3117 1402 3152 τε
1439 3102 1533 3154 καὶ
1586 3100 1791 3170 ποιμὴν

216 3192 644 3262 Καλλίστρατος,
669 3192 743 3255 ὡς
773 3193 837 3246 ἄν
876 3210 934 3245 τε
961 3193 1232 3262 λειότερον
1264 3193 1330 3244 δι’
1349 3194 1510 3244 αὑτὸν
1540 3192 1638 3261 τῆς
1662 3196 1790 3245 ἀσε-

214 3287 369 3348 ϐείας
404 3287 559 3354 λόγον
592 3284 1015 3355 κατηχηθὲντες,
1051 3284 1421 3353 βεϐαιωτέραν
1453 3284 1545 3335 καὶ
1565 3284 1661 3352 τὴν
1689 3286 1788 3352 σὴν

212 3382 238 3431 ἑ
256 3380 510 3448 πίγνωσιν
538 3379 810 3446 λάϐωμεν.
835 3377 945 3429 Νῦν
972 3375 1080 3445 γὰρ
1099 3375 1171 3435 ὠς
1200 3375 1515 3428 ἀπολωλότα
1542 3374 1791 3442 πρόϐατα.

212 3472 449 3523 ινὼπιόν
480 3470 573 3520 σού
602 3471 789 3538 ἐσμεν,
823 3468 1018 3537 Κύριε.
1053 3466 1182 3535 Ὀψὲ
1214 3468 1269 3519 δέ
1296 3484 1423 3519 ποτε
1451 3466 1546 3537 τῆς
1590 3467 1788 3537 μανίας

213 3564 379 3631 κόρον
414 3552 614 3615 ¹λαϐὼν
653 3562 680 3613 ὁ
740 3562 939 3630 μανίας
996 3561 1174 3628 πάσης
1204 3559 1299 3611 καὶ
1333 3560 1500 3629 ὀργῆς
1536 3560 1791 3628 ἔμπλεως

211 3653 473 3723 ἀνεθῆναι
522 3654 620 3722 μὲν
653 3653 848 3715 αὐτοὺς
882 3651 989 3704 τῶν
1044 3656 1329 3721 μαστίγων
1391 3650 1625 3716 κελεύει,
1656 3651 1789 3719 πρὸς

213 3746 274 3797 δὲ
297 3744 395 3814 τὴν
434 3745 679 3813 φρουράν
724 3744 1037 3811 ἀπαχθῆναι
1090 3742 1605 3812 φυλαχθησομένους
1647 3743 1786 3812 αὐτῇ

218 3838 413 3905 μέχρις
455 3839 520 3887 ἂν
564 3833 949 3902 διασκέψηται,
984 3833 1099 3894 πῶς
1145 3834 1213 3885 τα
1273 3835 1399 3903 περὶ
1457 3833 1553 3903 τῆς
1610 3834 1789 3885 αὐτῶν

213 3930 468 3997 διάθηται
499 3926 796 3989 ἀπωλείας.
832 3926 964 3979 Οὐδὲ
1019 3927 1126 3995 γὰρ
1171 3929 1406 3997 μετρίως
1446 3927 1610 3980 αὑτοῦ
1663 3928 1793 3980 καθ-

218 4022 371 4073 ίκετο
424 4018 485 4071 τὸ
534 4020 870 4088 πεντήκοντα
921 4019 1281 4089 στρατιώταις
1348 4020 1510 4077 εὐθὺς
1572 4020 1790 4069 ἔλαττον

216 4112 473 4181 γενέσθαι
510 4113 571 4163 τὸ
598 4111 760 4164 αὑτοῦ
790 4113 1127 4179 στράτευμα,
1166 4112 1257 4163 καὶ
1298 4110 1470 4164 ταῦτα
1518 4114 1583 4182 τῇ
1629 4127 1793 4182 μετα-

217 4208 370 4260 θέσει
395 4204 601 4257 καὶτοῦ
643 4204 1005 4272 σεϐάσματος.

293 4296 376 4351 H'.
418 4297 522 4350 Σὺν
552 4297 668 4365 ἅμα
701 4297 830 4364 γοῦν
856 4297 932 4365 τῷ
993 4296 1122 4365 ἱερῴ
1173 4298 1561 4367 Καλλιστράτῳ
1610 4298 1670 4351 τὸ
1704 4298 1792 4350 δε-

223 4393 539 4461 σμωτήριον
605 4389 1053 4458 κατακριθέντες,
1085 4388 1182 4458 τὴν
1222 4390 1394 4459 ἀληθῆ
1452 4390 1790 4456 θεογνωσὶαν

217 4483 315 4535 ὑπ’
342 4483 549 4533 ἐκείνου
585 4479 1022 4542 ὲξεπαιδεύοντο.
1049 4473 1142 4542 Εἷς
1183 4481 1366 4549 μέντοι
1413 4481 1620 4533 τούτων
1649 4483 1788 4535 Δαλ-

1870 621 1971 674 rati
1998 622 2151 694 estis,
2179 630 2235 674 et
2280 634 2383 688 ego
2415 617 2655 672 reficiam
2686 632 2781 671 vos
2809 618 2873 668 ¹⁹.
2922 615 3165 671 Gaudete
3214 630 3343 684 ergo
3390 626 3445 668 et

1870 710 2161 775 exsultate,
2213 708 2471 778 quoniam
2523 721 2733 762 merces
2771 715 2950 761 vestra
2995 706 3215 775 copiosa
3257 715 3342 758 est
3388 706 3441 757 in

1870 805 2022 861 emlis
2057 804 2123 857 ".
2169 824 2187 855 ι
2221 802 2347 857 Haec
2376 815 2499 855 cum
2528 799 2775 858 dixisset.
2818 809 2875 852 et
2928 813 3121 852 manus
3150 796 3214 851 ad
3246 795 3441 850 cmlum

1873 898 2183 955 sustulisset
2220 914 2234 951 :
2262 895 2512 957 Domine,
2561 893 2716 953 dixit,
2751 892 2917 962 quiin
2948 891 3100 945 caelis
3134 890 3363 950 habitas,
3395 902 3446 940 et

1875 988 2099 1043 humilia
2148 985 2376 1055 respicis
2418 985 2481 1046 ⁸⁸,
2532 993 2585 1037 et
2637 995 2923 1054 permanes
2993 982 3045 1034 in
3125 979 3325 1035 saecula
3373 979 3441 1037 ".

1874 1080 2056 1149 aspice
2088 1077 2155 1133 ad
2187 1078 2332 1130 hunc
2362 1090 2587 1145 parvum
2625 1085 2777 1127 tuum
2813 1088 3048 1144 gregem,
3102 1082 3157 1125 et
3185 1086 3447 1125 conserva

1875 1173 1944 1227 ab
1976 1171 2125 1225 omni
2170 1169 2391 1234 damno,
2453 1176 2561 1220 tam
2622 1166 2942 1227 bestiarum,
2997 1180 3118 1233 qua:
3175 1164 3445 1219 videntur.

1875 1279 2037 1334 quam
2085 1276 2207 1331 quae
2255 1260 2357 1313 sub
2405 1267 2682 1327 aspectum
2716 1270 2852 1333 non
2906 1256 3128 1309 cadunt.
3185 1254 3448 1320 Quoniam

1876 1355 2028 1409 solus
2056 1368 2116 1409 es
2143 1352 2473 1422 gloriﬁcatus
2512 1352 2564 1404 in
2593 1349 2787 1404 sacula
2826 1346 3180 1402 seculorum.
3214 1347 3410 1399 Amen.

1948 1466 2056 1522 VII.
2096 1465 2393 1535 Postquam
2441 1465 2555 1517 haec
2596 1464 2816 1519 fuerunt
2868 1462 3080 1531 cognita
3126 1460 3247 1515 duci
3293 1474 3451 1513 exer-

1882 1560 2025 1613 citus
2061 1576 2075 1612 :
2107 1557 2209 1611 Per
2260 1556 2684 1614 lucidissimum,
2734 1554 2937 1621 inquit.
2986 1551 3179 1615 solem,
3234 1549 3322 1603 hic
3368 1560 3453 1602 est

1883 1651 2093 1719 magnis
2120 1648 2362 1717 repletus
2404 1646 2715 1714 praestigiis.
2745 1643 2878 1698 Nam
2927 1653 2980 1697 et
3012 1659 3164 1713 aqua:
3200 1642 3455 1710 repressit

1885 1742 2171 1810 impetum,
2222 1751 2510 1807 emergens
2559 1736 2759 1789 ill-xsus
2797 1750 2826 1787 a
2871 1736 3027 1788 malis
3068 1750 3081 1785 :
3124 1744 3175 1787 et
3234 1733 3350 1791 hos.
3398 1740 3456 1783 ut

1814 1830 2156 1919 Bpraedixit,
2226 1830 2471 1893 attraxit,
2548 1842 2737 1881 eorum
2791 1825 3176 1895 prmstringens
3247 1821 3452 1875 oculos.

1892 1922 2095 1978 Deinde
2136 1935 2436 1975 conversus
2473 1922 2537 1973 ad
2569 1927 2859 1987 martyrem
2891 1934 2904 1970 :
2947 1916 3056 1986 Ego
3084 1924 3225 1979 tuas,
3261 1913 3455 1981 inquit,

1891 2014 2133 2068 refellam
2188 2012 2520 2081 prtestigias,
2590 2026 2621 2063 ο
2673 2009 2999 2064 Callistrate.
3055 2005 3212 2059 Brevi
3278 2002 3456 2058 autem

1889 2106 2049 2167 scies,
2080 2104 2327 2172 quisnam
2361 2103 2428 2154 sit
2473 2102 2691 2169 quidem
2728 2101 3099 2161 Persentinus,
3144 2112 3456 2166 magnorum

1889 2196 2118 2250 deorum
2150 2194 2326 2248 cultor
2367 2192 2532 2259 :quis
2588 2199 2767 2243 autem
2817 2188 3140 2253 Cruciiixus,
3186 2203 3346 2257 quem
3405 2195 3459 2239 et

1892 2289 2009 2355 ipse
2045 2287 2200 2347 colis,
2234 2296 2289 2339 et
2316 2285 2369 2338 in
2403 2299 2509 2352 quo
2536 2282 2905 2336 exsecrandus
2947 2279 3183 2334 inaniter
3211 2279 3457 2333 conﬁdis.

1890 2380 2025 2436 Cum
2054 2396 2185 2448 ergo
2213 2379 2442 2433 sedisset
2487 2392 2585 2446 pro
2623 2375 2901 2439 tribunali,
2930 2374 3099 2443 .jubet
3130 2373 3293 2428 clavis
3339 2388 3461 2426 vero

1908 2470 2085 2524 berari
2114 2484 2305 2523 omnes
2327 2467 2417 2536 qui
2464 2466 2831 2525 crediderant,
2889 2465 3085 2516 milites
3130 2482 3141 2516 :
3178 2463 3267 2529 qui
3299 2461 3459 2516 etiam

1896 2563 2025 2615 dum
2081 2562 2319 2630 graviter
2371 2559 2810 2618 verberarentur,
2866 2563 2921 2609 et
2973 2554 3213 2608 membra
3270 2568 3459 2606 eorum

1894 2648 2397 2717 confringereutur,
2439 2647 2606 2700 veluti
2644 2664 2752 2701 uno
2792 2660 2887 2700 ore
2917 2644 3170 2699 dicebant
3228 2659 3242 2698 :
3284 2640 3463 2694 Domi-

1890 2757 1961 2795 ne
1995 2740 2123 2794 Jesu
2152 2737 2389 2799 Christe,
2429 2737 2573 2790 adsis
2624 2738 2843 2804 adjutor
2893 2738 2999 2789 tuis
3042 2734 3280 2796 famulis,
3315 2743 3368 2787 et
3395 2732 3461 2785 da

1894 2832 2054 2888 nobis
2082 2831 2148 2885 ad
2174 2830 2332 2882 ﬁnem
2359 2844 2530 2897 usque
2562 2826 2897 2897 patientiam.
2929 2825 3157 2893 PrOpter
3198 2834 3251 2877 te
3289 2824 3457 2885 enim,

1894 2940 1949 2980 et
1978 2942 2096 2995 qua
2125 2934 2205 2979 est
2246 2926 2297 2977 in
2338 2935 2387 2978 te
2425 2923 2605 2985 (idem,
2641 2924 2719 2976 sic
2768 2920 2878 2990 pati
2912 2928 3100 2972 nostra
3128 2926 3326 2987 sponte
3352 2926 3463 2970 sta-

1896 3017 2121 3068 tuimus.
2150 3016 2189 3065 A
2223 3026 2272 3065 te
2322 3024 2503 3065 autem
2537 3022 2789 3065 servetur
2820 3019 3008 3064 noster
3063 3023 3275 3077 quoque
3325 3022 3463 3077 prae—

1895 3116 2083 3176 ceptor
2111 3115 2165 3160 et
2196 3114 2383 3173 pastor
2408 3102 2773 3165 Callistratus,
2801 3112 2857 3154 ut
2891 3111 2987 3169 per
3012 3116 3133 3153 cum
3171 3098 3464 3168 perfectius

1897 3198 2132 3253 instituti
2190 3197 2243 3250 in
2282 3196 2448 3251 verbo
2506 3194 2747 3264 pietatis,
2794 3192 3120 3259 accipiamus
3169 3192 3461 3244 ﬁrmiorem

1898 3300 2042 3342 tuam
2074 3289 2427 3356 agnitionem.
2459 3286 2615 3340 Nunc
2670 3286 2817 3339 enim
2869 3294 3126 3353 tanquam
3168 3300 3298 3339 oves
3341 3298 3466 3353 per-

1896 3380 2023 3433 dita:
2051 3393 2242 3433 sumus
2273 3378 2327 3431 in
2382 3388 2678 3445 conspectu
2728 3385 2845 3440 tuo,
2895 3376 3142 3428 Domine.
3211 3376 3347 3428 (Eum
3380 3375 3465 3428 vix

1895 3473 2112 3525 tandem
2169 3479 2354 3523 autem
2398 3468 2599 3522 luroris
2640 3482 2763 3522 eum
2807 3467 3043 3536 cepisset
3076 3467 3320 3529 satietas,
3367 3466 3461 3533 qui

1896 3575 2013 3616 erat
2047 3564 2241 3631 plenus
2274 3560 2426 3613 omni
2482 3559 2670 3613 furore
2711 3569 2764 3613 et
2801 3558 2901 3622 ira,
2937 3572 3030 3611 eos
3058 3556 3274 3626 quidem
3315 3555 3468 3623 jubet

1898 3650 2129 3701 relaxari
2177 3664 2203 3700 a
2258 3648 2506 3716 ﬂagellis.
2561 3648 2753 3701 abduci
2786 3640 2985 3701 autem
3051 3647 3104 3700 in
3138 3647 3464 3707 custodiam,

1896 3731 2032 3795 illic.
2077 3739 2262 3793 tandiu
2322 3738 2732 3798 custodiendos,
2800 3739 2975 3793 donec
3003 3738 3460 3799 consideraverit.

1899 3832 2160 3901 quidnam
2192 3830 2258 3883 de
2306 3844 2494 3883 eorum
2544 3837 2745 3881 statuat
2794 3828 3039 3882 interitu.
3084 3826 3269 3894 Neque
3320 3827 3465 3879 enim

1896 3939 2021 3978 cum
2053 3922 2290 3992 angebat
2315 3920 2689 3986 mediocriter,
2741 3920 2885 3989 quod
2936 3919 3323 3988 quinquaginta
3368 3918 3469 3970 mi-

1896 4011 2085 4065 litibus
2117 4009 2372 4077 protinus
2415 4017 2559 4061 esset
2611 4009 2941 4062 minuendus
2968 4010 3257 4069 exercitus,
3310 4005 3468 4072 idque

1899 4108 1968 4161 ob
2003 4113 2268 4161 mutatam
2299 4102 2644 4174 religionem.

1965 4300 2099 4357 Vill.
2168 4299 2341 4355 Simul
2398 4313 2527 4370 ergo
2572 4312 2695 4353 cum
2751 4308 3100 4353 sacrosancto
3158 4295 3466 4350 Callistrato

1896 4395 2131 4448 damnati
2164 4394 2228 4446 ad
2262 4406 2559 4453 carcerem,
2589 4390 2894 4443 didicerunt
2934 4390 3002 4441 ab
3034 4390 3123 4442 illo
3154 4404 3334 4441 veram
3369 4386 3462 4441 Dei

1898 4487 2249 4558 agnitionem.
2281 4482 2435 4538 Unus
2470 4482 2611 4536 enim
2660 4497 2725 4535 ex
2781 4481 2870 4546 iis,
2902 4480 3177 4535 Dalmatus
3224 4480 3463 4545 nomine,

223 4574 393 4641 μάτος
435 4573 627 4639 ὄνομα,
693 4574 749 4623 ὲν
784 4572 969 4641 μέσοις
1025 4574 1207 4634 αὐτοῖς
1245 4573 1396 4636 στὰς,
1432 4574 1634 4642 Δεόμαιῖ
1670 4592 1784 4641 σου,

1897 4591 2045 4631 srans
2096 4578 2150 4630 in
2200 4575 2378 4629 medio
2406 4589 2594 4629 eorum
2627 4591 2640 4627 τ
2673 4573 2821 4642 Rogo
2864 4583 2937 4637 te,
2968 4582 3288 4643 praeceptor,
3339 4571 3468 4626 dicit

216 4663 532 4723 διδάσκαλε,
563 4661 640 4729 τῷ
677 4663 817 4730 ἁγίῳ
850 4663 1006 4728 φησὶ,
1041 4654 1365 4730 τρανότερον
1398 4665 1543 4730 ἡμᾶς
1570 4664 1640 4716 τά
1671 4664 1789 4716 θεῖα

216 4753 464 4820 δόγματα
514 4751 850 4821 διδαχθῆναι,
911 4753 1051 4805 ὥστε
1114 4753 1203 4804 τὸν
1235 4752 1360 4805 νοῦν
1393 4754 1551 4822 ἡμῶν
1582 4757 1645 4824 τῇ
1698 4754 1791 4807 τοῦ

220 4844 467 4912 Χριστοῦ
504 4845 684 4897 πίστει
728 4845 1111 4914 ἑδραιωθῆναι,
1146 4846 1347 4912 γνῶναί
1380 4863 1440 4897 τε
1495 4848 1641 4914 ἡμᾶς
1693 4848 1793 4910 τὰς

220 4933 447 4993 ἐλπίδας
482 4935 577 5002 τῆς
613 4935 1069 5002 προσδοκωμένης
1104 4934 1269 5001 ζωῆς,
1313 4935 1398 4986 ἵνα
1446 4936 1663 5003 μηκέτι,
1702 4936 1790 4986 τὸν

218 5023 484 5085 λογισμὸν
515 5024 832 5089 ἀστήρικτοι
869 5022 1040 5083 ὄντες,
1070 5022 1468 5090 εὐεξαπάτητοι
1502 5025 1790 5090 γενώμεθα.

222 5114 339 5173 τοῖς
363 5110 711 5179 διαστρέφειν
746 5112 889 5179 ἡμᾶς
923 5110 1287 5181 βανλσμένοις.
1312 5113 1557 5165 Γενέσθω
1581 5116 1636 5165 δὲ
1658 5116 1791 5183 ἡμῖν

218 5207 483 5275 γρώριμα
542 5207 633 5259 καὶ
666 5205 735 5257 τὰ
776 5206 872 5273 τὴς
896 5206 1211 5274 οἰκονομίας
1255 5208 1554 5277 μυστήρια,
1589 5207 1655 5257 τά
1689 5207 1788 5274 τῆς

221 5299 572 5359 ἀναστάσεως
629 5315 689 5349 τε
743 5299 834 5350 καὶ
880 5300 975 5367 τῆς
1030 5299 1461 5360 ἀνταποδότεως·
1518 5298 1638 5349 οὐδὲ
1684 5298 1794 5368 γὰρ

224 5393 474 5461 ἑφθημεν
530 5387 650 5441 οὔτε
711 5391 860 5458 παρὰ
891 5390 995 5441 τῶν
1030 5378 1281 5459 πατέρων
1316 5391 1493 5459 ὑμῶν,
1527 5389 1649 5442 οὔτε
1682 5389 1790 5458 μὴν

225 5483 335 5538 ὑπό
374 5497 515 5542 τινος
569 5480 731 5531 ἄλλου
774 5480 1115 5548 διδαχθέντες
1170 5498 1225 5532 τι
1277 5484 1404 5550 περὶ
1446 5482 1670 5535 τούτων.
1730 5484 1788 5531 Ὀ

227 5574 501 5641 μακάριος
534 5571 953 5643 Καλλίστρατος,
981 5571 1252 5634 Ἕκαστος
1282 5574 1453 5642 ὑμῶν,
1491 5570 1637 5639 εἶπε,
1662 5578 1788 5644 περὶ

221 5656 285 5715 οὗ
306 5661 552 5728 βούλεται
585 5663 956 5720 πυνθανέσθω.
987 5684 1003 5715 ι
1045 5665 1101 5717 Ὀ
1120 5665 1172 5717 δὲ
1203 5665 1331 5729 Θεὸς
1358 5669 1383 5720 ὁ
1406 5666 1670 5720 διδάσκων
1700 5668 1794 5721 άν-

298 5848 341 5880 "
373 5846 559 5905 Matth.
600 5852 790 5916 34,28.
872 5853 907 5883 “
942 5850 1129 5906 Matth.
1176 5870 1225 5916 v,
1278 5853 1359 5905 19..

1442 5856 1480 5883 ¹¹
1530 5848 1666 5908 Psal.
1719 5867 1845 5921 cm,
1874 5850 1924 5916 5,
1951 5849 2005 5908 6.

1894 4680 2102 4733 sancto,
2136 4679 2195 4721 ut
2229 4682 2328 4721 nos
2358 4667 2537 4719 divina
2568 4666 2815 4734 dogmata
2862 4666 3157 4718 doceamur
3188 4665 3462 4732 apertius,

1895 4778 2007 4830 quo
2035 4774 2187 4813 mens
2222 4766 2408 4812 nostra
2446 4756 2548 4810 tide
2589 4755 2795 4810 Christi
2830 4756 3153 4819 stabiliatur,
3182 4764 3237 4808 et
3264 4771 3467 4825 cogno-

1893 4867 2109 4905 scamus
2162 4864 2311 4918 spem
2364 4850 2503 4911 vitae,
2542 4863 2659 4915 qum
2700 4856 3067 4914 exspectatur,
3116 4856 3304 4900 utnon
3349 4862 3469 4899 ant-

1893 4944 2035 5013 plius
2062 4940 2345 4995 instabiles
2398 4939 2743 5008 cogitatione,
2778 4938 2932 4993 facile
2976 4939 3149 5008 decipi
3200 4940 3467 5007 possimus

1893 5031 1960 5084 ab
2010 5030 2095 5093 iis,
2147 5030 2237 5097 qui
2304 5043 2401 5081 nos
2448 5028 2638 5081 volunt
2679 5039 3017 5082 convertere.
3073 5028 3203 5081 Nota
3251 5043 3466 5097 quoque

1893 5123 2048 5176 nobis
2080 5121 2310 5174 evadant
2341 5120 2763 5186 dispensationis
2812 5121 2993 5175 carnis
3051 5128 3314 5187 susceptae
3352 5136 3465 5189 my-

1892 5212 2085 5272 steria,
2129 5211 2654 5278 resurrectionisque
2687 5218 2741 5265 et
2774 5210 3241 5264 remunerationis.
3281 5209 3464 5278 Neque

1893 5306 2035 5357 enim
2070 5319 2095 5355 a
2130 5305 2334 5356 nostris
2358 5303 2695 5370 parentibus,
2728 5318 2903 5369 neque
2930 5302 2995 5353 ab
3020 5303 3124 5355 ullo
3154 5304 3259 5355 alio
3283 5304 3348 5355 de
3384 5304 3466 5355 his

1896 5404 2053 5447 antea
2084 5394 2284 5461 aliquid
2317 5392 2619 5446 didicimus.
2650 5391 2844 5446 Beatus
2877 5403 3057 5445 autem
3087 5390 3467 5448 Callistratus:

1900 5485 2278 5550 Unusquisque
2304 5492 2563 5548 vestrum,
2597 5483 2791 5551 inquit,
2816 5484 2880 5538 de
2906 5500 3011 5553 quo
3037 5483 3181 5546 velit,
3231 5484 3469 5537 interro-

1899 5588 2029 5645 get;
2096 5593 2112 5624 ι
2155 5574 2297 5629 Deus
2342 5586 2544 5637 autem,
2595 5576 2684 5642 qui
2743 5576 2901 5629 docet
2959 5575 3234 5629 hominem
3288 5577 3469 5631 scien-

1902 5666 2112 5730 tiam“,
2153 5688 2168 5717 ι
2207 5669 2361 5723 nobis
2382 5682 2592 5735 quoque
2645 5666 2905 5734 praebebit
2953 5683 3281 5725 sermonem.
3304 5684 3467 5723 causa

2084 5852 2123 5886 ”
2152 5851 2291 5905 Psal.
2323 5867 2390 5916 ct,
2429 5852 2506 5904 l3.
2588 5852 2626 5888 ’θ
2669 5852 2803 5905 l'Sal.
2841 5867 2986 5917 \ctti,
3028 5855 3111 5906 l0.
