4188 6436
4019 366 4116 427 9:5

819 377 924 440 907
2051 370 2333 431 MENSIS
2373 368 2660 429 SEPTEM
2674 369 2813 428 BER
2826 416 2840 430 .

817 493 884 548 ab
910 505 973 545 eo
1015 488 1182 542 fuisse
1223 486 1419 541 factam
1477 484 1571 539 Dei
1654 483 1938 540 ecclesiam
1973 501 1988 539 :
2037 483 2394 553 quemadmo-

2499 479 2735 548 ἔμπαλιν
2790 479 3181 550 πεπραγμένον
3231 478 3387 530 ἐστι·
3428 477 3487 530 τὸ
3531 480 3642 548 γάρ
3696 476 3822 531 τῶν
3888 477 4122 548 ligat-La

817 584 946 640 dum
974 589 1184 645 autem,
1217 579 1478 649 deinceps
1509 578 1886 634 ostendemus.

2492 574 2637 626 τουτὶ
2659 573 2922 641 σπήλαιον
2953 572 3249 642 ἐκκλησίαν
3279 569 3410 622 Θεοῦ
3439 571 3565 638 παρ’
3589 571 3761 624 αὑτοῦ
3798 573 4118 639 γενόμε-ε,

2484 664 2642 730 ὄψει·
2695 667 2838 728 ὅπως
2888 665 2946 717 δὲ
3005 667 3097 716 καὶ
3147 665 3271 716 τίνα
3329 661 3417 712 τὸν
3458 663 3782 730 τούπον,τὰ
3822 666 3980 732 ἑξῆς
4036 667 4114 716 τιῖ

2485 755 2641 823 λόγου
2668 754 2897 824 δηλώσει
2935 756 3140 823 σαφῶς.

893 846 1006 904 VII.
1046 843 1126 898 illi
1152 849 1334 896 autem
1361 835 1637 899 scelerati,
1687 846 1811 886 cum
1845 836 2092 884 sanctum
2132 825 2384 894 reliquis-

818 951 949 997 sent
983 938 1228 992 vinctum
1267 933 1320 986 in
1379 930 1522 984 dicta
1577 925 1855 996 Spelunca,
1896 923 2004 976 huc
2049 930 2104 974 et
2145 921 2292 982 illuc,
2328 928 2387 972 ut

821 1034 904 1087 eis
938 1044 1060 1084 mos
1086 1035 1225 1090 erat,
1258 1024 1374 1076 vias
1405 1020 1631 1074 obibant
1652 1015 1918 1085 publicas,
1971 1012 2014 1066 si
2048 1011 2186 1065 forte
2213 1010 2386 1064 viato-

827 1122 979 1177 ribus
1027 1117 1246 1172 solitum
1297 1112 1495 1166 afferre
1542 1115 1765 1179 possent
1804 1104 2051 1158 exitium.
2084 1101 2176 1154 Ille
2207 1109 2384 1152 autem

827 1214 1070 1283 primum
1108 1207 1327 1278 quidem
1371 1203 1510 1257 fudit
1561 1214 1772 1270 preces,
1797 1206 1851 1251 et
1881 1195 1992 1249 Deo
2027 1195 2134 1264 egit
2165 1193 2386 1264 gratias,

820 1302 1098 1358 molestias
1149 1301 1404 1352 lubenter
1466 1293 1770 1361 suscipiens
1816 1295 2034 1358 propter
2071 1302 2209 1350 eam,
2268 1299 2387 1353 qua:

823 1395 975 1448 illinc
1032 1400 1302 1460 speratur,
1357 1382 1851 1438 remunerationem
1908 1395 1920 1431 :
1971 1375 2166 1430 deinde
2224 1373 2388 1427 etiam

828 1481 1123 1550 malignum
1151 1477 1476 1536 daemonem,
1523 1470 1613 1538 qui
1645 1467 1760 1522 haec
1797 1466 2056 1521 adversus
2108 1478 2230 1517 eum
2275 1471 2390 1515 erat

825 1573 1190 1633 machinatus,
1223 1567 1301 1622 sic
1352 1564 1651 1619 fortissime
1698 1560 1995 1629 alloquitur
2052 1574 2066 1614 :
2111 1557 2389 1625 Tanquam

2555 845 2627 900 Z'.
2667 847 2896 898 Ἐκεῖνοι
2924 846 3022 914 μὲν
3050 844 3163 909 οὖν,
3187 847 3376 917 ὥσπερ
3407 848 3645 916 ἔφημεν,
3672 847 3724 897 οἱ
3755 847 4115 912 ἀλάστορες,

2485 936 2709 1004 δέσμιον
2743 938 2800 988 ὲν
2826 937 2902 1004 τῷ
2940 937 3236 1005 δη).ωοἐντι
3267 939 3365 1007 ἥδη
3397 940 3648 1008 σπηλαίῳ
3675 940 4114 1002 καταλιπόντες

2487 1027 2578 1079 τὸν
2606 1027 2783 1094 ἅγιον,
2812 1029 2908 1079 καὶ
2939 1023 3039 1081 ὧδε
3074 1031 3207 1097 περὶ
3232 1029 3329 1091 τὰς
3357 1031 3690 1098 λεωφόρους,
3720 1032 3808 1092 ὡς
3848 1031 3991 1091 ἔθος
4024 1036 4112 1082 αἱ·

2487 1122 2599 1182 τοῖς
2619 1159 2634 1184 ,
2667 1120 2989 1189 περιῄεσαν,
3028 1120 3080 1171 εἴ
3112 1140 3210 1172 που
3231 1123 3325 1174 καὶ
3355 1122 3532 1184 ἄλλοις
3561 1124 3670 1174 τῶν
3696 1124 4040 1192 ὁδοιπόρων
4064 1144 4110 1174 τι

2490 1207 2716 1276 σύνηθες
2742 1208 2895 1258 αὐτοὶ
2919 1209 3087 1261 κακὸν
3118 1209 3354 1263 ἔσονται.
3414 1214 3452 1263 Ο
3481 1211 3534 1263 δὲ
3571 1212 3777 1280 πρῶτα
3845 1216 3966 1282 μὲν
4028 1217 4106 1265 εὶ-

2489 1297 2590 1366 χάς
2644 1297 2895 1349 ἀπεδίδου
2970 1299 3064 1351 καὶ
3117 1300 3386 1368 ὡμολόγει
3435 1302 3552 1371 Θεῷ
3602 1304 3876 1371 χάριτας,
3935 1306 4110 1371 ἡδέες

2491 1387 2777 1456 ὑπομένων
2815 1391 2880 1440 τὰ
2908 1388 3148 1458 λυπηρὰ,
3175 1390 3264 1442 διὰ
3306 1391 3403 1462 τὴν
3446 1393 3652 1445 ἐκεῖθεν
3706 1392 4105 1464 ἐλπιζομένῃ

2489 1481 2760 1535 ἀντίδοσιν
2787 1499 2800 1512 ’
2837 1483 3031 1537 ἔπειτα
3058 1487 3150 1537 καὶ
3178 1486 3254 1554 τῷ
3289 1488 3512 1540 τοιαῦτα
3534 1492 3963 1558 τεχνασαμένῳ
3988 1495 4108 1541 κατ’

2492 1568 2656 1621 αὑτοῦ
2684 1569 2906 1639 πονηρῷ
2937 1573 3149 1640 δαίμονι
3175 1575 3376 1626 οὑτωσί
3412 1593 3528 1634 πως
3568 1568 3980 1646 ἀνδριὶιῶτατα
4005 1583 4106 1631 δε-

821 1662 912 1730 qui
947 1659 1145 1714 mortis
1179 1653 1482 1726 periculum
1522 1650 1898 1709 formidarem,
1948 1646 2108 1700 hisne
2159 1659 2244 1697 me
2279 1654 2393 1695 tra-

2495 1657 2723 1726 λέγετο·
2769 1661 2856 1724 Ὠς
2912 1663 3195 1717 δειλιῶντά
3234 1684 3300 1734 με
3338 1666 3433 1735 τὴν
3468 1666 3560 1718 τοῦ
3605 1667 3861 1720 θανάτου
3903 1676 4100 1738 πεῖρα,

824 1753 1012 1808 didisti
1054 1747 1364 1819 parricidis,
1411 1760 1443 1798 ο
1471 1742 1698 1796 sceleste
1736 1755 1834 1792 :an
1867 1737 2264 1806 prohibiturus,
2323 1748 2392 1788 ne

2494 1753 2606 1812 τοῖς·
2666 1753 3012 1822 ἀνδροφόνοις
3072 1757 3279 1818 τούτοις
3354 1757 3534 1827 φέρων
3618 1761 4003 1828 παρέδωκας,
4067 1757 4102 1812 ᾧ

820 1847 886 1901 ad
933 1843 1184 1898 effectum
1227 1853 1406 1894 meum
1444 1835 1621 1890 veniat
1655 1831 2026 1903 propositum?
2074 1829 2128 1882 Si
2152 1830 2385 1898 primum

2495 1843 2736 1913 μιαρὲ,ἢ
2873 1846 2970 1914 τὴν
2997 1847 3134 1916 ἐμὴν
3174 1820 3438 1900 κωλύσων
3467 1850 3546 1912 είς
3577 1820 3738 1918 ἔργον
3801 1820 4101 1920 προελῦεἵν

822 1937 1066 2007 quidem,
1101 1943 1161 1986 ut
1192 1931 1284 2001 qui
1325 1929 1418 1982 Dei
1447 1927 1670 1998 gratiam
1705 1927 1900 1978 bonam
1945 1921 2174 1975 habeam
2205 1929 2386 1973 custo-

818 2028 980 2092 dem,
1040 2031 1274 2077 mortem
1320 2021 1541 2075 omnino
1590 2015 1833 2083 despicio
1875 2031 1886 2066 :
1933 2013 2014 2066 sin
2065 2021 2267 2070 autem,
2329 2019 2389 2062 ut

2492 1934 2750 2003 πρόθεσιν
2789 1953 2802 2000 ;
2834 1936 2894 1988 Et
2933 1937 3033 2007 μὲν
3075 1934 3166 1992 οὖν
3198 1939 3258 1991 τὸ
3293 1942 3508 2008 πρῶτον
3541 1943 3679 1994 αὑτά
3711 1961 3775 1994 σε
3811 1944 4005 1996 πείῦει
4041 1948 4099 1996 :‘z

2493 2026 2792 2093 πράγματα
2837 2026 2909 2089 ὡς
2945 2028 3054 2094 ἐγὼ
3103 2031 3202 2096 τὴν
3261 2031 3352 2080 τοῦ
3410 2031 3545 2082 Θεοῦ
3609 2034 3810 2101 χάριν,
3874 2037 4096 2104 ἀγαθὴ,

819 2133 907 2173 me
943 2116 1231 2186 prohibeas
1264 2127 1293 2165 a
1343 2125 1464 2165 meo
1507 2125 1572 2164 ex
1601 2107 1816 2161 Christo
1845 2104 2059 2158 vivendi
2088 2101 2381 2166 desiderio,

824 2209 962 2264 nihil
996 2206 1216 2260 omnino
1245 2202 1464 2266 efficies,
1497 2200 1542 2255 si
1590 2200 1702 2269 ipse
1737 2197 1863 2251 velit
1898 2215 1910 2250 :
1942 2197 2056 2251 vult
2101 2210 2230 2248 vero
2270 2209 2386 2248 om-

820 2300 979 2363 nino,
1012 2298 1266 2366 quoniam
1296 2294 1490 2365 gaudet
1520 2293 1642 2346 vita:
1671 2300 1726 2344 et
1757 2291 1950 2343 animae
1975 2289 2161 2341 videns
2198 2301 2388 2355 purga-

822 2393 1051 2453 tionem,
1092 2397 1255 2456 utque
1309 2385 1502 2441 habeat
1532 2382 1897 2444 occasionem,
1929 2394 2050 2434 cum
2096 2379 2165 2432 sit
2193 2378 2386 2440 bonus,

818 2483 960 2537 bona
983 2477 1259 2550 praebendi
1310 2477 1398 2540 iis,
1427 2476 1516 2546 qui
1559 2484 1688 2529 sunt
1743 2471 1968 2528 studiosi
2001 2469 2235 2523 virtutis.
2284 2467 2390 2523 Sed

821 2587 946 2628 cum
987 2573 1104 2626 haec
1132 2569 1351 2640 quidem
1392 2567 1470 2622 sic
1525 2567 1591 2621 ab
1637 2579 1702 2619 eo
1758 2563 2090 2626 dicerentur,
2121 2563 2306 2630 vipera
2336 2561 2388 2614 in

821 2685 920 2724 vas
954 2667 1226 2737 quoddam
1266 2677 1614 2735 proserpens,
1656 2661 1797 2730 quod
1830 2670 1946 2714 erat
1984 2658 2109 2714 vino
2147 2659 2386 2727 plenum,

824 2763 1046 2831 impleta
1081 2769 1166 2814 est
1195 2772 1365 2827 usque
1391 2756 1455 2809 ad
1480 2755 1785 2809 satietatem
1815 2768 1829 2803 :
1864 2752 2056 2805 deinde
2078 2765 2186 2804 non
2211 2765 2390 2811 secus,

819 2863 986 2924 atque
1014 2851 1143 2906 mali
1181 2851 1451 2914 homines,
1482 2862 1581 2916 pro
1608 2843 1874 2900 beneficio
1903 2842 2103 2896 malum
2139 2841 2390 2906 reddens,

823 2956 879 3000 et
913 2953 1096 3015 potum
1142 2952 1354 2994 veneno
1401 2948 1782 2998 remunerans,
1838 2931 2081 2986 recessit.
2132 2929 2392 2986 Latrones

820 3045 1001 3092 autem
1035 3046 1159 3086 eum
1189 3030 1405 3084 domum
1431 3025 1732 3088 rediissent,
1758 3031 1818 3077 ut
1843 3024 1931 3093 qui
1958 3023 2040 3077 siti
2067 3023 2388 3090 laborarent,

821 3142 1034 3184 merum
1067 3124 1285 3194 quidem
1321 3119 1502 3176 statim
1537 3118 1818 3182 hauriunt,
1855 3125 1908 3172 et
1937 3117 2095 3170 simul
2146 3117 2388 3171 moriun-
2421 3157 2465 3214 ο

821 3229 913 3273 tur
947 3235 962 3270 :
1003 3226 1059 3270 ct
1089 3215 1170 3268 sic
1207 3212 1333 3266 mali
1377 3227 1403 3262 a
1439 3209 1578 3262 malo
1612 3211 1934 3277 puniuntur,
1966 3217 2020 3260 et
2062 3221 2158 3274 pro
2208 3207 2394 3259 multis

823 3305 1029 3375 injuria
1091 3300 1305 3356 allectis
1359 3297 1538 3353 divina
1567 3295 1773 3365 justitia
1804 3293 1870 3349 de
1898 3295 1966 3349 iis
1988 3293 2209 3348 meritas
2229 3295 2395 3348 sumit

820 3414 1033 3470 paruas.
1105 3395 1312 3449 Dehinc
1367 3389 1822 3446 exsecrandorum
1868 3389 2080 3443 illorum
2123 3389 2392 3442 latronum

824 3486 1223 3548 habitaculum,
1252 3485 1395 3536 sicut
1426 3498 1545 3535 sum
1597 3481 1867 3548 pollicitus
1899 3480 2081 3531 dicere
2105 3516 2118 3540 ,
2162 3480 2219 3530 ﬁt
2267 3494 2392 3531 san-

824 3589 972 3636 ctum
999 3575 1088 3630 Dei
1131 3573 1411 3644 templum,
1434 3571 1574 3640 quod
1590 3584 1734 3623 nunc
1748 3568 2207 3637 vocalurAntiqua
2225 3567 2397 3622 eccle-

824 3675 996 3736 sia,et
1011 3671 1110 3725 sita
1146 3676 1405 3737 estprope
1431 3663 1821 3718 sanctissimam
1839 3661 2088 3725 Laur-am,
2116 3676 2231 3729 quae
2257 3662 2394 3713 Pha-

827 3781 920 3818 rus
944 3761 1161 3823 dicitur,
1191 3758 1404 3812 condita
1445 3755 1511 3808 ab
1535 3755 1639 3807 hoc
1672 3769 1864 3823 magno
1883 3752 2173 3806 Charitone
2206 3769 2220 3805 :
2275 3753 2393 3806 vide

827 3865 1010 3910 autem
1080 3853 1195 3908 ιιαιο
1224 3863 1435 3920 quoque
1465 3862 1623 3918 quam
1670 3847 1946 3916 pulchram
2008 3855 2063 3900 et
2105 3844 2393 3899 admirabi-

824 3949 929 4003 lem
963 3949 1288 4002 invenerunt
1334 3940 1820 4007 dispensationem.
1855 3937 1995 4001 Quid
2045 3940 2191 3992 enim
2233 3938 2310 4002 tit,
2341 3947 2394 3991 et

827 4055 935 4110 quo
962 4054 1049 4093 res
1076 4039 1194 4106 ejus
1222 4030 1558 4104 procedunt?

898 4232 1043 4290 Vill.
1075 4233 1278 4302 Captus
1312 4230 1686 4301 improborum
1731 4230 2007 4291 manibus.
2034 4239 2092 4282 ut
2116 4229 2224 4299 jam
2266 4240 2390 4284 ante

837 4325 1206 4387 ostendimus,
1234 4337 1261 4376 a
1292 4324 1394 4388 via,
1425 4338 1543 4391 quae
1571 4321 1822 4376 tendebat
1848 4321 2215 4391 Hierosolyma
2249 4322 2395 4376 utili-

829 4426 915 4470 ter
945 4423 1163 4468 arcetur
1210 4430 1222 4467 :
1272 4415 1440 4466 instar
1464 4412 1662 4482 captivi
1714 4413 1928 4465 ducitur
1956 4413 2008 4465 in
2055 4411 2388 4481 speluncam,

829 4507 1094 4562 adversus
1131 4504 1432 4575 parricidas
1464 4504 1623 4557 struit
1648 4503 1839 4565 aciem,
1889 4517 1996 4556 non
2037 4519 2242 4566 ensem,
2283 4518 2390 4556 nou

828 4601 1098 4668 clypeum,
1193 4611 1303 4648 non
1402 4595 1585 4657 telum,
1637 4611 1741 4648 non
1823 4595 2001 4663 aliqua
2063 4594 2165 4646 alia
2246 4607 2392 4647 arma

831 4689 1096 4750 inferens,
1148 4686 1346 4756 quibus
1399 4701 1458 4741 se
1503 4695 1687 4754 posset
1739 4685 1922 4738 ulcisci
1977 4703 1988 4737 :
2041 4685 2134 4738 sed
2196 4687 2393 4738 sanctis

833 4779 1108 4849 precibus,
1141 4779 1278 4832 sicut
1322 4777 1449 4830 olim
1499 4776 1760 4830 adversus
1806 4776 2131 4829 Arnalecitas
2199 4776 2391 4843 Moses,

831 4869 1048 4922 etiamsi
1079 4883 1186 4921 non
1223 4867 1460 4920 extensis
1496 4867 1744 4921 manibus
1797 4868 1928 4937 (erat
1955 4871 2096 4921 enim
2132 4869 2390 4936 vinctus),

834 4961 928 5014 sed
957 4976 1077 5029 quae
1113 4960 1328 5013 easdem
1358 4959 1622 5012 haberent
1658 4961 1819 5020 vires,
1851 4969 1906 5013 ct
1935 4977 1997 5014 ex
2029 4976 2183 5029 aequo
2221 4963 2390 5014 audiri

835 5060 1082 5120 possent,
1118 5051 1282 5103 veluti
1310 5049 1633 5118 quibusdam
1673 5050 1793 5103 telis
1823 5051 2114 5104 sceleratos
2158 5052 2278 5105 ferit
2303 5068 2393 5106 ve-

832 5158 977 5197 neno
1001 5142 1223 5210 viperae.
1264 5140 1463 5193 Deinde
1485 5140 1651 5208 quid?
1696 5141 1805 5194 Sua
1849 5151 2042 5210 sponte
2073 5143 2304 5196 solvitur
2329 5144 2394 5196 ab

836 5238 923 5300 iis,
953 5235 1147 5305 quibus
1190 5235 1492 5297 tenebatur,
1539 5233 1811 5288 vinculis:
1846 5233 1905 5286 fit
1959 5244 2134 5288 autem
2183 5251 2394 5290 succes-

838 5345 929 5384 sor
970 5327 1238 5397 peeunia:,
1272 5339 1389 5394 quae
1445 5325 1587 5379 male
1623 5326 1846 5379 collecta
1889 5324 2085 5378 fuerat.
2139 5325 2210 5380 Ea
2268 5343 2395 5380 vero

836 5427 983 5473 recte
1011 5416 1373 5481 distribuitur,
1425 5416 1593 5486 ﬁtque
1650 5417 1765 5486 ipse
1810 5415 1976 5469 divini
2010 5417 2262 5485 praecepti
2297 5420 2392 5470 ad-

834 5509 1101 5572 minister,
1141 5516 1199 5560 ut
1227 5509 1315 5576 qui
1350 5516 1555 5576 partem
1591 5508 1808 5576 quidem
1837 5508 2184 5576 pauperibus,
2217 5519 2268 5562 et
2311 5509 2393 5571 iis,

832 5600 924 5668 qui
987 5598 1042 5651 in
1091 5599 1387 5654 solitudine
1427 5600 1679 5668 agebant,
1737 5599 1988 5654 Patribus
2034 5600 2392 5654 distribuerit.

836 5689 1000 5742 Erant
1037 5697 1216 5742 autem
1259 5692 1385 5743 tunc
1429 5689 1532 5742 rari
1594 5699 1647 5742 et
1705 5705 1813 5743 non
1848 5690 1998 5743 valde
2056 5706 2247 5760 magno
2300 5707 2398 5744 nu-

843 5794 1043 5844 mero;
1099 5782 1189 5850 qui
1258 5781 1356 5850 ipsi
1404 5795 1620 5851 quoque
1675 5792 1917 5854 tempore
1974 5784 2390 5852 persecutionis,

2493 2114 2631 2185 ἔχων
2657 2119 2912 2188 φρουρὸν,
2939 2120 3135 2182 παντὸς
3164 2120 3397 2174 Θανάτου
3431 2125 3767 2192 καταφρονῶ
3794 2141 3809 2154 ο
3850 2131 3904 2176 εἰ
3936 2130 3994 2177 δὲ
4043 2131 4092 2179 2".

2493 2212 2734 2264 κωλῦσαί
2770 2231 2836 2281 με
2867 2213 2966 2282 τῆς
2997 2214 3295 2283 ἐπιθυμίας
3323 2215 3415 2267 τοῦ
3443 2216 3602 2284 ζῆσαι
3631 2219 3779 2268 κατὰ
3805 2217 4060 2286 Χριστὲν
4080 2261 4091 2280 ,

2494 2301 2712 2364 ἀνύσεις
2750 2305 2809 2355 τὸ
2863 2305 3125 2373 παράπαν
3160 2306 3311 2359 οὐδὲν
3343 2307 3506 2359 αὑτοῦ
3543 2307 3888 2378 βουλομένου
3921 2325 3940 2341 ο
3974 2309 4095 2378 ,Ξεί-

2493 2393 2643 2445 λεται
2681 2393 2735 2445 δὲ
2779 2394 3028 2458 πάντως·
3068 2399 3191 2449 ἐπεὶ
3223 2397 3316 2449 καὶ
3374 2399 3577 2470 χαίρει,
3602 2399 3723 2466 βίου
3759 2402 3860 2450 καὶ
3907 2400 4094 2468 ψυχῆς

2492 2484 2634 2556 ὁρῶν
2669 2485 2956 2556 κάθαρσιν,
2985 2489 3050 2541 ἵν’
3083 2489 3193 2559 ἔχοι
3223 2491 3518 2561 πρόφασιν,
3549 2491 3754 2558 ἀγαθὸς
3783 2491 3864 2541 ῶν
3902 2491 4088 2556 tif-152

2493 2577 2758 2645 παρέχειν
2803 2580 2917 2639 τοῖς
2952 2577 3286 2646 φιλαρέτοις.
3355 2579 3518 2630 Ἀλλὰ
3569 2578 3784 2630 τούτων
3816 2575 3926 2630 ὦδε
3963 2578 4091 2647 παρ’

2493 2668 2655 2720 αὐτοῦ
2687 2668 3023 2736 λεγομένων,
3073 2670 3212 2737 ἔχις,
3237 2670 3342 2722 τῶν
3369 2671 3578 2723 σκευῶν
3617 2689 3722 2722 τινι
3767 2672 4089 2740 προσερπὶο

2497 2777 2656 2824 σασα,
2682 2761 2816 2829 ὅπερ
2845 2761 2987 2812 οἴνου
3021 2762 3219 2831 μεστὸν
3250 2759 3336 2833 ἦν,
3371 2765 3462 2814 καὶ
3489 2764 3568 2825 εἰς
3612 2762 3779 2832 κόρον
3830 2766 4084 2831 eaq-mpig-

2497 2851 2687 2903 Θεῖσα·
2746 2846 2866 2904 εἶτα
2920 2854 3061 2905 κατά
3098 2853 3223 2917 τοὺς
3263 2857 3531 2924 πονηροὶς
3584 2856 3692 2906 τῶν
3745 2856 4078 2924 ἁνυριίιπων,

2495 2942 2649 3013 κακῷ
2678 2943 2774 3012 τὴν
2799 2945 3116 3013 εὐεργεσίαν
3145 2946 3504 3016 ἀμειϐομένη,
3539 2949 3633 2997 καὶ
3669 2946 3746 2996 ἱὸν
3774 2946 4075 2996 ἀντιδοῦςα

2495 3035 2593 3105 τῆς
2623 3036 2855 3099 πόσεως,
2885 3039 3281 3107 ἀπηλλάττετο.
3306 3039 3366 3090 Ol
3395 3038 3588 3104 λῃσταὶ
3630 3037 3686 3087 δὲ
3722 3037 3868 3087 οἴκοι
3914 3053 4074 3087 κατα-

2495 3126 2882 3188 λαϐόντες,ἆτε
2907 3128 3046 3196 δίψει
3069 3128 3516 3195 κατειλημμένοι,
3543 3126 3721 3178 σπῶσι
3750 3126 3852 3195 μὲν
3877 3128 4070 3188 εῦῦέως

2496 3213 2591 3266 τοῦ
2650 3217 2914 3287 ἀκράτου,
2968 3218 3267 3286 θνήσκουσι
3315 3218 3371 3269 δὲ
3429 3217 3607 3287 ὁμοῦ·
3662 3219 3757 3269 καὶ
3820 3217 3996 3280 οὕτως
4028 3221 4069 3268 οἱ

2495 3309 2656 3360 κακοὶ
2690 3309 2769 3378 τῷ
2801 3309 2955 3379 κακῷ
2989 3310 3388 3380 τιμωροῦνται,
3425 3312 3518 3363 καὶ
3553 3309 3766 3362 πολλῶν
3805 3312 4068 3378 ἠδικημέ-

2495 3416 2599 3450 νων
2632 3399 2909 3466 ἐκδίκησιν
2944 3403 2976 3468 ἡ
3011 3402 3130 3450 Οεία
3161 3402 3283 3466 δίκη
3333 3403 3491 3452 ποιεῖ.
3534 3402 3820 3453 Ἐντεῦθεν
3861 3406 3918 3453 τὸ
3969 3406 4066 3453 τίν

2499 3489 2711 3559 μιαρῶν
2743 3491 2966 3541 ἐκείνων
2993 3489 3205 3561 λῃστῶν
3242 3488 3610 3558 καταγώγιον,
3636 3492 3775 3558 ὅπερ
3806 3495 4063 3559 ἐπηγγει-

2494 3585 2675 3654 λάμην
2711 3585 2904 3648 εἰπεῖν,
2934 3584 3060 3645 ναὸς
3092 3583 3224 3636 Θεοῦ
3263 3585 3417 3650 ἅγιος
3446 3583 3679 3649 γίνεται,
3703 3584 3759 3644 ὃς
3802 3587 3832 3652 ἡ
3866 3589 4061 3636 παλαιὰ

2495 3679 2589 3730 νῦν
2658 3676 2952 3743 Ἐκκλησία
2991 3676 3437 3743 κατονομάζεται,
3475 3675 3568 3726 καὶ
3630 3677 3764 3744 πρὸς
3787 3680 3852 3746 τῇ
3881 3679 4064 3743 εἶρα-γε-

2498 3768 2665 3838 στατῃ
2723 3767 2954 3839 Λαύρᾳ,
3008 3768 3072 3837 τῇ
3129 3767 3395 3838 λεγομένῃ
3450 3768 3648 3838 Φάρος,
3700 3767 4056 3838 διάκειται,ἧ

2496 3863 2600 3915 ὑπὸ
2633 3861 2727 3914 τοῦ
2771 3860 3012 3930 μεγάλου
3057 3861 3250 3913 τούτου
3310 3861 3627 3932 Χαρίτωνος
3674 3864 3773 3930 τὴν
3810 3865 4056 3916 σύστασιν

2494 3955 2673 4024 ἔσχεν.
2699 3955 2841 4024 Ὅρα
2868 3953 2924 4006 δὲ
2953 3954 3043 4006 καὶ
3075 3953 3270 4017 ταῦτα,
3295 3954 3412 4014 πῶς
3443 3953 3619 4020 καλὴν
3658 3949 3781 4021 εὗρε
3817 3955 4053 4011 x3461;-

2499 4046 2709 4112 μαστὴν
2737 4045 2834 4112 τὴν
2865 4044 3284 4111 οίκονομίαν.Τί
3318 4045 3425 4112 γάρ
3452 4045 3662 4110 γίνεται
3698 4045 3793 4096 καὶ
3836 4047 3953 4099 ξποι
3993 4051 4050 4100 τὰ

2497 4135 2616 4188 κατ’
2649 4136 2811 4187 αὐτὶν
2841 4133 3122 4204 πρόεισιν;

2565 4226 2646 4282 H'.
2675 4229 2824 4282 Ἱίλω
2855 4233 2969 4292 ταῖς
3003 4229 3228 4298 ἀνόμοις
3254 4227 3360 4282 τῶν
3390 4227 3720 4299 κακούργων
3755 4233 3958 4298 χερσὶν,
3983 4235 4046 4293 ὡς

2494 4323 2595 4391 ἤδη
2628 4322 2931 4388 φθάσαντες
2969 4321 3344 4390 ἐδηλώσαμεν,
3368 4322 3462 4390 τῆς
3487 4323 3582 4374 ἐπὶ
3605 4324 3670 4374 τὰ
3712 4320 4042 4392 Ἱεροσόλυμα

2496 4411 2766 4482 φερούσης
2825 4412 3119 4475 λυσιτελῶς
3181 4415 3424 4484 εἴργεται
3492 4414 3835 4483 αίχμαλώτευ
3883 4415 4040 4484 δίκην,

2496 4507 2585 4557 ἐπὶ
2616 4505 2674 4557 τὺ
2709 4505 2974 4574 σπήλαιον
3005 4505 3218 4572 ἄγεται,
3247 4505 3666 4571 παρατάσσεται
3703 4509 3812 4569 τοῖς
3851 4511 4041 4576 puga.

2495 4610 2637 4657 νοις·
2663 4595 2762 4646 οὐκ
2789 4596 3013 4661 αἰχμὴν,
3047 4595 3146 4644 οῦκ
3170 4594 3391 4658 ἀσπίδα,
3438 4593 3498 4644 οὐ
3532 4593 3704 4659 βέλος,
3739 4598 3834 4664 οὺχ
3877 4599 4040 4666 ἕτερον

2493 4705 2543 4739 τι
2593 4686 2700 4739 τῶν
2749 4684 3106 4754 ἀμυντηρίων
3158 4684 3500 4752 ἑπαγόμενος
3539 4686 3758 4738 ὃπλων⁹
3790 4689 3962 4757 εὐχαῖς

2498 4777 2704 4845 ἁγίαις,
2735 4777 2985 4848 καθάπερ
3023 4777 3164 4830 κατά
3219 4775 3327 4829 τῶν
3381 4778 3765 4847 Ἀμαληκιτῶν
3800 4782 4032 4850 Μωῦςῆς,

2498 4874 2544 4922 εί
2577 4870 2670 4922 καὶ
2712 4870 2785 4940 μὴ
2819 4870 3036 4922 ἐκτάσει
3067 4867 3262 4938 χειρῶν
3288 4861 3439 4932 οὗτος
3501 4869 3730 4937 (ἐδέδετο
3764 4871 3908 4941 γὰρ),
3939 4876 4033 4925 i32-

2495 4962 2750 5031 δυνάμοις
2787 4961 2842 5011 δὲ
2870 4963 2964 5011 καὶ
2992 4961 3052 5010 τὸ
3088 4959 3317 5026 εὑήκοον
3351 4958 3545 5027 ἐπίσης
3577 4959 3829 5028 ἐχούσαις
3876 4965 4031 5031 βάλλει

2496 5055 2618 5114 τοὺς
2653 5053 3028 5120 παλαμναίους
3077 5045 3188 5102 οἶόν
3228 5067 3338 5103 τισι
3374 5051 3551 5120 βέλεσι
3600 5053 3674 5121 τῷ
3707 5053 3806 5122 τῆς
3846 5059 4031 5128 ἐχίδνης

2501 5146 2581 5215 ἰῷ.
2607 5142 2739 5197 Εἶτα.
2769 5143 2857 5209 τί;
2891 5144 3012 5195 Τῶν
3055 5138 3135 5205 οἷς
3177 5142 3277 5212 μὲν
3308 5145 3589 5213 ἐκρατεῖτο
3627 5145 3856 5215 δεσμῶν,
3900 5152 4031 5202 ait).

2500 5241 2682 5308 ματως
2713 5237 2940 5290 λύεται·
2977 5235 3220 5304 διάδοχος
3265 5235 3321 5287 δὲ
3345 5234 3454 5287 τῶν
3490 5238 3674 5301 κακῶς
3712 5241 4030 5310 συνειλεγμέ-

2497 5346 2601 5380 νων
2629 5329 2926 5396 χρηματων
2957 5327 3183 5394 γίνεται.
3221 5327 3513 5391 Οἰκονομεῖ
3541 5327 3716 5381 ταῦτα
3761 5333 3925 5396 καλῶς
3951 5339 4023 5387 καὶ

2501 5416 2770 5484 ὑπουργὸς
2798 5415 2947 5476 θείας
2971 5415 3188 5483 ἐντολῆς
3216 5414 3516 5479 δείκνυται,
3541 5416 3657 5467 ἔνια
3692 5418 3789 5484 μὲν
3830 5427 4022 5491 πτωχιῖς

2942 5507 3176 5576 ἐρημίας
3229 5507 3405 5572 ἁγίοις
3454 5509 3742 5576 διανείμας
3796 5511 4018 5582 Πατρέες,

2502 5598 2722 5649 Σπανιοι
2755 5598 2808 5650 δὲ
2838 5591 2982 5650 οὗτοι
3031 5601 3123 5650 καὶ
3163 5596 3380 5667 ἁριΘ-μῷ
3413 5597 3656 5666 βραχεῖς,
3686 5601 3781 5652 καὶ
3828 5605 3955 5657 αὖτοί
3978 5608 4018 5658 δὲ

2500 5510 2592 5560 καὶ
2637 5510 2744 5569 τοῖς
2792 5508 2876 5558 ἐπ’

2502 5693 2638 5742 κατὰ
2671 5692 2764 5752 τάς
2789 5690 2878 5741 τοῦ
2910 5688 3150 5758 διωγμοῦ
3181 5689 3394 5758 ἡμέρας
3435 5688 3532 5758 τὴν
3559 5689 3768 5761 ἔρημον
3794 5694 3878 5763 τῆς
3903 5698 4019 5763 Eva:-

2504 5782 2742 5851 κειμένης
2796 5782 2962 5850 φειδοῖ
3021 5780 3126 5834 τῶν
3187 5781 3488 5834 διωκὸντων
3550 5780 3820 5850 ἑλόμενοι,
3868 5787 3905 5838 οἳ
3949 5791 4016 5839 ni
