4188 6436
231 420 338 482 909

1436 406 1622 474 V'lTA
1669 373 1728 476 si
1761 413 2249 475 cuamroms.

3369 419 3474 482 ‘JlD

232 534 505 604 σποράδην
546 537 603 586 ὲν
635 535 742 596 τοῖς
769 534 860 586 τοῦ
890 535 1213 603 καλαμῶνος
1253 535 1524 605 διέτριϐον
1569 533 1803 602 σπηλαί-

1916 532 2103 598 patriae
2141 529 2500 598 prmferebant
2529 529 2901 595 Solitudinem,
2936 541 2988 584 et
3034 532 3260 601 sparsim
3290 548 3473 586 versa-

225 626 512 694 οις,ὲγγύς
556 644 654 678 που
694 627 790 693 τῆς
833 627 1048 697 Νεκρᾶς
1101 627 1373 694 Θαλάσσης
1431 626 1798 693 διακειμένου.

238 718 364 776 Τοῖς
399 717 452 767 δέ
505 733 564 780 γε
620 717 826 776 λοιποῖς
868 716 972 766 τῶν
1030 715 1326 784 χρημάτων
1353 715 1449 782 τὴν
1507 714 1606 784 ἤδη
1668 732 1804 782 μνη-

229 806 586 874 μονευθεῖσαν
648 807 799 874 ἱερὰν
827 805 1046 874 Λαύραν
1078 807 1383 874 οἰκοδομεῖ·
1421 806 1557 873 πρὸς
1596 806 1653 857 δὲ
1706 806 1800 856 καὶ

227 899 329 965 τὴν
365 899 676 963 ἀγιωτοὶτην
707 898 875 963 αὐτῆς
919 896 1238 965 ἐκκλησίαν,
1277 898 1340 964 ἦν
1372 898 1399 948 ὀ
1432 897 1574 959 Θεῖος
1619 899 1804 962 ἐγκαι-

229 990 370 1050 νίζει
424 992 729 1059 Μακάριος,
789 990 887 1058 τῆς
928 993 985 1043 ἐν
1041 990 1430 1061 Ἰεροσολύμοις
1483 991 1602 1043 τότε
1661 990 1796 1042 Θεοῦ

243 1078 568 1147 Ἐκκλησίας
637 1078 887 1130 διιΟύνων
948 1077 1074 1141 τοὺς
1127 1079 1414 1141 οἴακας,ὃς
1469 1080 1563 1131 καὶ
1625 1079 1717 1130 τοῦ
1746 1079 1803 1130 ὲν

229 1169 435 1238 Nunt;
469 1170 814 1232 συνελθόντος
843 1169 1100 1233 εὐσεϐοῦς
1153 1173 1417 1240 ἐτύγχανε
1474 1170 1799 1238 καταλόγου.

307 1346 382 1400 ω’.
415 1349 501 1398 Ἐν
550 1347 682 1416 τῶδε
726 1347 1018 1417 τοιγαροῦν
1073 1349 1151 1417 τῷ
1198 1349 1449 1420 σπηλαίῳ
1511 1351 1804 1420 ἡσυχάζειν

232 1440 488 1506 ἐλόμενος
519 1442 545 1489 ὁ
576 1442 867 1508 μακάριος,
897 1441 1059 1509 δῆλός
1091 1459 1150 1494 τε
1181 1445 1313 1496 πᾶσι
1339 1443 1428 1495 διὰ
1458 1443 1564 1495 τῶν
1596 1444 1805 1510 Θαυμά-

232 1547 340 1581 των
389 1530 694 1596 γινόμενος,
741 1531 946 1600 πλῆθος
993 1533 1232 1602 ἀριθμοῦ
1291 1537 1560 1604 κρεῖττον,
1623 1532 1806 1602 Ἐλλή-

232 1638 341 1670 νων
380 1637 438 1671 τε
472 1622 566 1672 καὶ
594 1621 891 1686 Ἰουδαίων,
926 1623 984 1673 τὸ
1018 1626 1284 1690 σωτήριον
1319 1625 1575 1688 δέξασθαι
1616 1623 1806 1693 βάπτι-

232 1728 347 1778 σμα
377 1715 534 1771 ποιεῖ,
565 1712 659 1763 καὶ
715 1712 774 1763 ού
811 1714 973 1781 μέχρι
1036 1713 1230 1765 τούτου
1283 1715 1494 1782 στῆναι,
1531 1716 1665 1767 ἀλλὰ
1715 1717 1806 1769 καὶ

227 1805 321 1854 τὸν
349 1799 557 1870 μονήρη
590 1803 704 1869 βίον
733 1802 952 1855 ἑλέσθαι
981 1804 1420 1872 παρασκευάζει.
1453 1805 1527 1858 Οὐ
1563 1806 1808 1874 Θαύμασι

1906 623 2103 676 bantur
2166 623 2217 675 iu
2287 622 2562 690 speluncis
2603 623 2934 686 arundineti,
2990 624 3130 692 quod
3172 626 3336 678 situm
3389 637 3467 683 est

1906 731 2075 782 prope
2128 731 2279 768 mare
2343 725 2641 769 mortumn.
2701 714 2946 783 Reliquis
2997 727 3176 770 autem
3226 719 3474 785 pecuniis

1905 805 2137 859 aediﬁcat
2169 821 2381 859 sacram
2421 806 2674 867 Lauram,
2704 806 2861 874 cujus
2894 807 3046 875 prius
3097 807 3467 862 meminimus.

1905 896 2178 951 Praeterea
2233 905 2413 952 autem
2468 899 2862 952 sanctissimam
2903 914 3117 968 quoque
3147 900 3265 967 ejus
3300 900 3474 954 eccle-

1906 986 2063 1050 siam,
2107 1003 2269 1055 quam
2300 987 2516 1040 divinus
2543 988 2755 1042 dedicat
2804 987 3088 1048 Macarius.
3135 989 3346 1041 clavum
3396 1000 3476 1043 te-

1916 1092 2055 1130 nens
2098 1078 2190 1130 Dei
2230 1077 2503 1139 Ecclesiae,
2557 1093 2680 1146 quae
2723 1088 2850 1132 tunc
2900 1089 3016 1132 erat
3063 1078 3474 1149 Hierosolymis,

1904 1170 1994 1239 qui
2038 1171 2199 1223 etiam
2229 1169 2330 1224 fuit
2366 1186 2507 1224 unus
2540 1185 2602 1224 ex
2643 1168 2731 1239 pio
2785 1169 3055 1240 catalogo,
3131 1171 3227 1239 qui
3279 1187 3476 1226 conve-

1903 1260 1983 1314 nit
2015 1259 2226 1314 Nicmm.

1979 1349 2070 1403 IX.
2104 1349 2238 1403 Cum
2277 1350 2330 1402 in
2366 1341 2469 1404 hac
2501 1367 2628 1420 ergo
2650 1352 2906 1420 spelunca
2937 1350 3214 1406 silentium
3251 1354 3475 1422 etquie-

1907 1449 2012 1494 tem
2051 1455 2209 1510 agere
2237 1440 2514 1494 statuisset
2555 1442 2842 1506 Chariten,
2870 1451 2925 1496 et
2962 1443 3215 1496 omnibus
3244 1459 3337 1511 per
3377 1445 3477 1497 mi-

1906 1530 2086 1583 racula
2121 1531 2386 1584 evasisset
2419 1530 2764 1594 manifestus,
2800 1530 2982 1595 ellicit,
3022 1540 3079 1584 ut
3108 1531 3480 1585 innumerabi—

1905 1621 1970 1675 lis
2008 1622 2298 1675 multitudo
2330 1621 2612 1692 gentilium
2642 1630 2697 1676 et
2737 1621 3050 1676 Judaeorum
3103 1634 3351 1677 sanctum
3384 1625 3479 1677 ba-

1907 1715 2163 1784 ptismum
2191 1714 2438 1783 accipiat,
2493 1723 2542 1768 et
2592 1730 2699 1768 non
2731 1713 2839 1769 illic
2870 1716 3154 1779 consistat,
3194 1717 3287 1769 sed
3314 1715 3476 1768 etiam

1909 1808 2073 1860 vitam
2094 1807 2255 1876 eligat
2273 1807 2652 1860 monasticam.
2677 1806 2793 1860 Non
2812 1808 2983 1860 solum
3005 1816 3186 1860 autem
3205 1807 3480 1881 miraculis

225 1896 286 1946 δὲ
339 1898 520 1962 μόνον,
575 1895 710 1948 ἀλλὰ
762 1899 854 1950 καὶ
918 1899 994 1966 τῷ
1062 1898 1161 1969 βίῳ
1226 1899 1454 1962 πολλοὺς
1502 1901 1800 1970 ἐφείλκετο.

1908 1899 1999 1953 sed
2038 1899 2203 1951 etiam
2242 1899 2344 1950 vita
2380 1900 2577 1952 multos
2609 1900 2934 1952 attrahebat.
2984 1900 3481 1953 Eratenimmiran-

226 1987 424 2056 Θαῦμα
459 1989 566 2057 γὰρ
592 1984 658 2058 ἦν
696 1990 902 2042 ἐκεῖνον
932 1991 1063 2060 ὁρᾷν
1110 1991 1344 2060 τοσαύτῃ
1373 1993 1508 2060 πρὸς
1535 1992 1630 2060 τὴν
1663 1991 1802 2043 κατὰ

226 2079 363 2131 Θεὸν
386 2081 661 2133 πολιτείαν
703 2081 988 2151 χρώμενον
1031 2085 1096 2150 τῇ
1146 2081 1378 2148 σπουδῇ,
1435 2082 1528 2132 καὶ
1589 2081 1802 2149 τρυφὴν

234 2174 335 2241 μὲν
371 2173 675 2240 ἡγούμενον
712 2172 810 2239 τὴν
834 2173 1201 2240 ἐγκράτειαν·
1235 2169 1464 2222 πλοῦτον
1486 2169 1561 2232 δὲ,
1605 2171 1664 2222 τὺ
1692 2188 1798 2239 μη-

227 2263 321 2312 δὲν
351 2262 646 2328 κεκτῆσθαι
671 2275 687 2290 ⁸
723 2262 1030 2330 χαμευνίαν
1059 2261 1116 2314 δὲ
1163 2261 1256 2313 καὶ
1317 2261 1376 2312 τὸ
1418 2261 1688 2331 πάννυχον
1746 2265 1803 2315 ἐν

227 2350 350 2409 ταῖς
377 2347 720 2418 ψαλμῳδίαις
791 2349 937 2402 οὕτω
976 2349 1298 2419 στέρξαντα,
1341 2349 1415 2411 ὡς
1449 2349 1614 2417 μηδὲν
1642 2349 1804 2401 πλέον

227 2440 377 2508 ἔχειν
405 2442 659 2509 ἡγεῖσθαι
691 2443 818 2505 τοὺς
869 2441 1164 2509 φιλοζῴους
1207 2441 1258 2493 οἳ
1294 2441 1428 2508 παρ’
1476 2441 1602 2510 ὅλην
1635 2441 1806 2497 νύκτα

230 2535 543 2601 στρωμναῖς
606 2533 864 2595 ἁπαλαῖς,
921 2532 1012 2583 ἐπὶ
1075 2531 1272 2583 κλινῶν
1328 2530 1652 2583 καθεύξουσι
1696 2531 1803 2581 τῶν

227 2626 624 2692 ἐλεφαντίνων,
647 2624 725 2694 τῷ
749 2623 1058 2692 τρυχίνῳξδε
1089 2622 1346 2693 ὲνδύματι
1368 2621 1444 2692 τῷ
1469 2623 1593 2683 τοὺς
1628 2622 1802 2691 ἱεροὺς

230 2716 396 2766 αὑτοῦ
453 2717 693 2778 πιέζοντι
750 2714 1023 2782 μώλωπας
1076 2714 1336 2783 ἡδόμενον
1402 2713 1622 2783 μᾶλλον,
1672 2713 1702 2782 ἣ
1755 2713 1805 2765 οἱ

229 2807 329 2868 τὰς
377 2806 625 2873 μαλακὰς
653 2806 889 2873 ἐσθῆτας
920 2806 1261 2874 ἐνδεδυμένοι
1290 2822 1304 2838 ·
1335 2808 1365 2874 ἡ
1405 2807 1511 2871 γὰρ
1546 2805 1642 2872 τῆς
1673 2805 1804 2857 αἰω-

231 2895 347 2947 νίου
379 2895 781 2964 μακαριότητος
806 2893 982 2956 ἐλπὶς,
1015 2894 1232 2946 ἅπαντα
1266 2897 1430 2944 πόνον
1458 2894 1585 2962 ῥᾷον
1619 2892 1804 2960 φέρειν

231 2990 394 3042 αὑτὸν
434 2988 741 3041 ἀνέπειθεν.
789 2987 1070 3058 Ἐλεήμων
1103 2983 1190 3056 ἦν,
1226 2986 1542 3055 συμπαθὴς,
1582 2985 1800 3052 φιλόξε-

230 3099 342 3144 νος,
368 3083 546 3150 ἤπιος,
579 3081 802 3150 ἥσυχος,
843 3081 1166 3148 εὐπρόσιτος
1212 3081 1370 3143 πᾶσι,
1399 3077 1801 3139 διδασκαλικὸς,

226 3173 387 3238 λόγον
448 3171 588 3240 ἔχων
637 3174 818 3240 πολλῶ
850 3172 1011 3223 πλέον
1064 3169 1205 3220 οἴνου
1244 3167 1342 3229 τὰς
1381 3166 1487 3221 τῶν
1522 3166 1804 3236 ἀκροατῶν

229 3265 599 3333 εὐφραίνοντα
635 3263 881 3332 καρδίας.
937 3261 1100 3313 Ὂοεν
1167 3257 1411 3330 ποταμοῦ
1470 3257 1650 3326 δίκην,
1708 3255 1800 3309 τοῦ

229 3356 363 3408 λαοῦ
405 3355 599 3417 παντὸς
633 3356 706 3417 ῶς
761 3354 929 3406 αὐτὸν
962 3354 1198 3423 ῥέοντος,
1264 3353 1360 3404 καὶ
1412 3349 1564 3402 πόλιν
1614 3349 1801 3419 ὥσπερ

336 3446 629 3516 πολυοχλίῃ
664 3446 759 3515 τὴν
801 3444 1010 3515 ἔρημον
1055 3442 1485 3511 ὲπιδεξαμένων,
1541 3439 1801 3509 ἑωρακὼς

231 3541 427 3592 ἑαυτὸν
451 3543 478 3591 ὁ
519 3540 792 3606 μακάριος
820 3541 884 3589 ὲκ
911 3536 1002 3587 τοῦ
1039 3533 1288 3587 ἐντεῦθεν
1318 3531 1605 3598 γινομένου
1641 3529 1800 3598 Οορύ-

231 3631 350 3692 6ου,
401 3629 498 3697 τῆς
549 3629 709 3696 φίλης
758 3627 1108 3695 ἀπαγόμενον
1143 3624 1392 3693 ἡσυχίας,
1424 3622 1595 3684 ἄλλως
1629 3639 1686 3674 τε
1745 3620 1799 3673 δὲ

236 3723 328 3773 καὶ
380 3722 479 3790 τὴν
520 3722 577 3788 ἐξ
643 3721 944 3791 ἀνθρώπων
986 3721 1143 3787 δόξαν
1172 3719 1395 3788 φεύγειν
1453 3714 1802 3775 ἐσπουδακὼς

235 3814 374 3884 (ᾔδει
408 3814 515 3883 γὰρ
534 3815 614 3866 ὅτι
641 3816 852 3882 χαλεπὴ
889 3815 1027 3882 αὕτη
1062 3813 1289 3880 συγχέαι
1343 3811 1546 3878 κόσμον
1602 3807 1800 3876 ψυχῆς)

240 3907 574 3973 ἐπισκήπτει
625 3905 724 3974 μὲν
785 3905 916 3975 περὶ
963 3904 1181 3956 πάντων
1203 3905 1312 3965 τοῖς
1359 3900 1660 3968 φοιτηταῖς,
1703 3901 1802 3952 ὅσα

237 3996 301 4063 δὴ
350 3994 685 4046 καταστάσει
719 3996 988 4064 προσήκει
1019 3991 1308 4061 μοναχικῇ,
1366 3988 1557 4058 καιρόν
1585 4005 1643 4040 τε
1675 4003 1800 4055 τροο

234 4089 340 4156 φῆς
385 4087 660 4154 διατάξας,
699 4088 870 4158 ὅσπερ
927 4087 1046 4138 ἐστὶ
1105 4083 1380 4152 ληγούσης
1429 4081 1661 4151 ἡμέρας·
1706 4081 1799 4131 καὶ

230 4181 292 4230 τὸ
335 4179 410 4249 μὴ
443 4181 577 4245 πρὸς
639 4179 802 4248 κόρον
834 4177 1060 4241 ἐσθίειν,
1129 4176 1263 4228 ἀλλὰ
1295 4172 1562 4241 ζητούσης
1594 4171 1671 4221 ἔτι
1701 4187 1801 4237 γα-

234 4272 394 4340 στρὸς
426 4270 720 4331 παύεσθαι,
756 4267 894 4322 εἶναι
943 4269 1000 4320 δὲ
1030 4270 1126 4336 τὴν
1157 4265 1386 4337 τροφὴν,
1416 4266 1578 4333 ἄρτον
1619 4263 1797 4332 μόνον,

234 4367 329 4417 καὶ
377 4366 502 4426 τοὺς
547 4363 678 4426 ἅλας
730 4363 1040 4433 ήδύτματος
1075 4362 1256 4431 χώραν
1305 4357 1793 4428 ἀποπληροῦντας·

234 4459 294 4509 τὸ
323 4457 378 4508 δὲ
407 4460 568 4509 ποτὸν
598 4458 763 4525 ὕδωρ,
797 4457 892 4509 καὶ
937 4456 1070 4508 αὐτὸ
1117 4455 1300 4523 μέτρῳ
1338 4454 1432 4504 καὶ
1460 4451 1633 4518 φειδοί
1657 4452 1799 4518 λαμ-

239 4550 554 4618 ϐανόμενον.
590 4547 721 4602 Εἶτα
762 4550 853 4601 καὶ
883 4551 1009 4616 περὶ
1069 4545 1386 4615 ψαλμῳδίας
1445 4545 1537 4595 καὶ
1570 4559 1800 4611 προσευ-

235 4643 337 4712 χῆς
359 4641 736 4711 ἐντειλάμενος
787 4641 1051 4709 ἡμερινῆς
1091 4637 1204 4706 ἅμα
1252 4637 1345 4688 καὶ
1391 4636 1487 4703 τῆς
1542 4637 1600 4686 ἐν
1646 4634 1800 4685 νυκτὶ

235 4735 532 4803 γινομένης
555 4750 567 4763 ·
604 4735 783 4804 μισεῖν
816 4750 877 4784 τε
906 4732 1103 4802 ἀργίαν
1131 4730 1204 4792 ὡς
1228 4727 1437 4781 πολλῶν
1470 4725 1650 4778 αἰτίαν
1703 4741 1802 4777 κα-

233 4826 368 4879 κῶν·
404 4827 564 4892 ἔργον
613 4826 669 4877 δὲ
697 4829 816 4888 ταῖς
853 4825 1010 4893 χερσὶ
1040 4823 1259 4885 διδόναι,
1289 4824 1396 4884 τοῖς
1451 4822 1614 4888 ἱεροῖς
1665 4818 1798 4887 ψαλ-

232 4920 358 4989 μοῖς
397 4917 788 4987 κατᾳδόμενον,
816 4919 863 4967 ει
899 4918 954 4968 δέ
977 4934 1058 4978 τις
1094 4915 1349 4984 λογισμὸς
1383 4913 1579 4980 φαῦλος
1607 4906 1716 4964 οἷόν
1747 4929 1799 4964 τι

231 5013 474 5077 ζιζάνιον
516 5011 666 5082 παρὰ
692 5010 786 5062 τοῦ
819 5009 996 5061 κοινοῦ
1043 5010 1257 5061 πάντων
1288 5005 1482 5075 ἐχθροῦ
1516 5007 1569 5055 ὲν
1602 5007 1668 5074 τῇ
1703 5005 1794 5072 τῆς

233 5104 464 5170 καρδίας
495 5105 743 5169 ὲνσπαρῇ
775 5103 868 5169 γῇ,
907 5099 1130 5167 νηστείᾳ
1163 5096 1318 5148 τοῦτο
1351 5095 1445 5147 καὶ
1493 5093 1800 5165 προσευχῆς

233 5194 332 5244 ἐπὶ
395 5193 554 5260 μόνον
588 5192 730 5258 ξίφει
776 5190 979 5259 ταύτης
1016 5189 1333 5257 ἐκτέμνειν·
1378 5187 1464 5237 ἵνα
1517 5185 1592 5254 μὴ
1621 5182 1801 5253 χώραν

236 5284 396 5355 σχοίη
429 5285 518 5333 τὸν
549 5284 746 5351 πικρὸν
789 5281 888 5348 τῆς
933 5280 1266 5348 ἡδυπαοείας
1317 5278 1634 5345 γεωργῆσαι
1665 5291 1799 5342 καρ-

232 5379 360 5440 πόν,
398 5368 496 5426 ὦδε
547 5375 654 5442 γὰρ
699 5374 764 5426 ἂν
803 5374 1000 5442 μᾶλλον
1049 5373 1278 5440 ἁρμόσει
1308 5372 1365 5423 τὸ
1406 5370 1496 5422 τού
1528 5368 1796 5438 Χριστού’

232 5471 321 5520 ὅτι
358 5466 522 5519 Τουτὶ
538 5468 596 5518 τὸ
621 5467 773 5534 γένος
800 5467 949 5518 οὐδὲν
983 5467 1169 5533 ἕτερον
1201 5467 1231 5533 ἦ
1257 5464 1475 5533 νηστεία
1496 5462 1686 5527 ἐξώτει
1710 5463 1802 5514 καὶ

233 5561 540 5630 προσευχὴ.
579 5559 720 5627 Πρὸς
744 5558 956 5620 τούτοις
988 5559 1253 5617 ἐδίδασκε,
1294 5557 1506 5625 μὴδὸεῖν
1531 5555 1628 5614 τὰς
1667 5571 1799 5621 προ⁹

233 5651 393 5710 όδους
426 5654 666 5722 συνεχεῖς
702 5650 998 5714 ποιεῖσθαι,
1041 5649 1241 5719 ἡσυχία
1277 5650 1331 5700 δὲ
1387 5649 1598 5716 χαίρειν
1627 5646 1699 5708 ὡς
1736 5649 1800 5699 τὰ

233 5741 420 5797 πολλὰ
456 5747 627 5813 μητρὶ
647 5744 753 5797 τῶν
778 5742 991 5811 ἀρετῶν
1033 5742 1190 5813 θύσῃ,
1233 5745 1324 5793 καὶ
1353 5740 1647 5808 ὀφθαλμῶν
1701 5740 1801 5804 ψυ-

237 5837 344 5905 Χῆς
407 5835 585 5905 λήμην
639 5835 956 5906 ἐπιτηδείως
1011 5833 1290 5904 καθαίρειν
1352 5833 1570 5903 ἐχούσῃ,
1670 5833 1800 5883 Ορδὲ

1903 1987 2028 2040 dum
2064 1987 2268 2049 videre,
2313 1987 2461 2038 illum
2489 1998 2696 2040 tantum
2737 2003 2938 2055 ponere
2966 1989 3204 2042 studium
3225 1989 3288 2043 ad
3311 1991 3475 2043 vitam

1901 2092 1964 2130 ex
1996 2077 2216 2131 Christo
2241 2079 2526 2147 agendam,
2560 2089 2611 2131 et
2640 2079 2864 2133 delicias
2907 2081 3124 2148 quidem
3171 2081 3482 2136 existimare

1902 2169 2295 2222 continentiam
2354 2187 2367 2222 :
2433 2171 2650 2224 divitias
2705 2181 2908 2232 autem,
2964 2173 3099 2225 nihil
3149 2173 3477 2241 possidere:

1905 2260 2054 2314 humi
2083 2277 2210 2315 vero
2247 2263 2592 2317 cubationem
2628 2273 2681 2316 et
2737 2263 2791 2316 in
2843 2264 3164 2320 Psalmodiis
3193 2278 3480 2336 pernocta-

1909 2352 2110 2406 tionem
2144 2353 2279 2407 adeo
2303 2353 2547 2423 diligere.
2575 2363 2635 2407 ut
2668 2355 2840 2409 nihilo
2868 2355 3063 2410 melius
3094 2359 3175 2428 agi
3208 2359 3482 2415 existima-

1911 2451 1991 2495 ret
2016 2457 2138 2494 cum
2168 2442 2249 2504 iis,
2281 2443 2370 2508 qui
2402 2445 2524 2496 vita:
2558 2453 2682 2498 sunt
2721 2443 2923 2511 cupidi,
2955 2445 3000 2498 si
3026 2454 3134 2498 tota
3167 2455 3324 2500 nocte
3352 2447 3480 2501 dor-

1906 2533 2079 2584 miant
2113 2532 2166 2582 in
2200 2533 2455 2586 mollibus
2493 2533 2746 2602 stragulis
2769 2548 2932 2600 super
2973 2534 3139 2588 lectos
3168 2536 3437 2590 eburneos
3465 2555 3479 2590 :

1907 2622 2190 2690 cilicioque
2223 2635 2406 2676 sacros
2456 2623 2574 2691 ejus
2617 2635 2898 2692 premente
2928 2625 3152 2687 vibices,
3188 2627 3360 2696 magis
3389 2628 3483 2682 de-

1906 2715 2113 2778 lectari,
2149 2730 2310 2783 quam
2349 2715 2408 2781 ii,
2438 2715 2527 2786 qui
2559 2726 2688 2769 sunt
2719 2716 2973 2771 mollibus
3005 2717 3178 2772 induti
3208 2720 3478 2774 vestibus.

1910 2803 2045 2873 Spes
2075 2806 2221 2859 enim
2268 2814 2488 2860 aeterna:
2520 2805 2876 2860 beatitudinis
2905 2806 2954 2861 ei
2998 2807 3153 2862 facile
3186 2811 3484 2878 persuade-

1908 2895 1998 2948 bat
2053 2911 2269 2950 omnem
2317 2897 2457 2950 ferre
2508 2898 2768 2952 laborem.
2803 2897 2928 2952 Erat
2963 2899 3224 2965 clemens,
3258 2902 3486 2957 miseri-

1907 3001 2048 3052 cors,
2086 2986 2392 3056 hospitalis,
2428 2995 2764 3051 mansuetus,
2807 2988 3045 3056 quietus,
3079 2989 3145 3043 ad
3176 3004 3336 3059 quem
3365 3005 3454 3045 om

1908 3080 2069 3135 nibus
2120 3079 2295 3135 facilis
2354 3080 2571 3149 patebat
2617 3081 2824 3143 aditus,
2895 3081 3480 3149 habenssermonem,

1908 3170 1996 3238 qui
2022 3172 2192 3237 magis
2221 3171 2523 3225 laetificabat
2549 3173 2711 3225 corda
2732 3172 3061 3238 auditorum,
3087 3190 3246 3242 quam
3271 3177 3478 3232 vinum.

1831 3243 1872 3300 (ἶ
1908 3259 2268 3324 Quamobrem
2318 3263 2486 3316 inStar
2542 3261 2690 3315 ﬂuvii
2736 3263 2990 3316 universo
3043 3265 3110 3317 ad
3142 3278 3264 3318 eum
3347 3281 3480 3320 con~

1909 3350 2108 3407 ﬂuente
2145 3353 2363 3422 populo,
2392 3363 2445 3408 et
2481 3355 2650 3407 turbae
2695 3353 3045 3408 multitudine
3078 3357 3480 3424 quodammodo

1909 3446 2183 3501 civitatem
2216 3447 2484 3503 eﬂiciente
2529 3447 2902 3512 solitudinem,
2937 3465 3060 3504 cum
3096 3450 3321 3505 vidisset
3350 3452 3478 3504 bea-

1913 3548 1996 3590 tus
2036 3554 2093 3592 se
2139 3555 2203 3591 cx
2256 3553 2319 3592 eo
2364 3539 2453 3607 qui
2497 3538 2624 3594 hinc
2670 3540 2968 3602 oriebatur,
3008 3543 3262 3610 tumultu,
3307 3557 3336 3595 a
3381 3543 3481 3597 sibi

1908 3636 2057 3695 grata
2103 3627 2296 3681 abduci
2347 3628 2663 3691 solitudine,
2695 3639 2749 3682 et
2801 3632 3032 3684 maxime
3063 3647 3184 3685 cum
3238 3632 3483 3686 studeret

1912 3717 2096 3788 iugere
2142 3717 2362 3788 gloriam
2403 3717 2685 3771 hominum
2732 3717 2972 3785 (sciebat
3002 3717 3148 3772 enim
3197 3733 3314 3771 eam
3370 3735 3482 3773 rna-

1910 3825 2068 3879 gnam
2103 3809 2211 3862 vim
2247 3809 2448 3863 habere
2482 3809 2547 3862 ad
2598 3808 3041 3863 confundendum
3092 3808 3285 3863 anima:
3317 3826 3481 3864 orna-

1913 3901 2074 3970 tum),
2118 3902 2184 3955 de
2207 3902 2461 3956 omnibus
2493 3901 2733 3971 quidem,
2767 3901 2881 3955 suis
2928 3903 3145 3956 mandat
3183 3904 3481 3972 discipulis,

1912 4008 1971 4044 ea
2003 4008 2124 4061 qua:
2178 3996 2340 4046 statui
2378 3995 2682 4048 monastico
2729 3995 3080 4058 conveniunt,
3131 4003 3341 4063 tempus
3374 3996 3481 4049 cibi

1909 4085 2158 4140 sumendi
2191 4093 2460 4151 statuens,
2497 4086 2640 4154 quod
2670 4086 2885 4154 quidem
2921 4095 3003 4140 est
3047 4085 3134 4140 die
3166 4086 3480 4141 desinente:

1906 4186 1961 4230 et
2001 4192 2107 4230 non
2140 4179 2280 4230 vesci
2314 4177 2379 4230 ad
2414 4179 2738 4242 satietatem,
2775 4180 2867 4233 sed
2917 4190 3104 4233 ventre
3150 4183 3325 4236 adhuc
3382 4198 3475 4250 po-

1909 4270 2142 4324 stulante
2174 4284 2426 4322 cessare:
2461 4285 2580 4322 esse
2609 4280 2786 4324 autem
2822 4271 3133 4323 alimentum
3169 4287 3360 4338 panem
3389 4289 3474 4325 so-

1911 4362 2020 4415 lum
2052 4371 2106 4416 et
2137 4361 2326 4425 salem,
2357 4361 2445 4431 qui
2491 4362 2709 4431 impleat
2736 4362 2912 4416 locum
2958 4363 3290 4422 condimenti
3324 4382 3338 4418 :
3375 4381 3470 4434 po-

1912 4463 2023 4506 tum
2052 4465 2230 4507 autem
2261 4470 2475 4521 aquam,
2494 4471 2612 4521 qutr
2638 4456 2748 4522 ipsa
2777 4470 2990 4521 quoque
3017 4457 3224 4510 modice
3243 4468 3293 4511 et
3315 4475 3474 4526 parce

1913 4554 2179 4598 sumatur.
2207 4545 2411 4598 Deinde
2447 4561 2570 4598 cum
2619 4545 2683 4598 de
2745 4544 3042 4612 psalmodia
3079 4546 3386 4601 mandasset
3420 4560 3470 4602 et

1911 4636 2180 4701 Oratione,
2211 4645 2316 4690 tam
2350 4637 2566 4701 diurna,
2597 4651 2757 4706 quam
2783 4653 2901 4704 qua:
2925 4647 3084 4691 noctu
3116 4640 3289 4699 ﬁeret.
3322 4639 3477 4708 jubet

1910 4743 2004 4782 eos
2029 4727 2153 4782 odio
2189 4729 2388 4782 habere
2433 4729 2625 4792 otium,
2663 4738 2722 4781 ut
2756 4745 2974 4781 causam
3021 4729 3312 4782 multorum
3355 4745 3475 4782 ma-

1903 4821 2077 4874 lorum
2108 4840 2122 4875 :
2155 4835 2292 4889 opus
2342 4829 2523 4874 autem
2558 4821 2767 4874 tradere
2813 4821 3083 4884 manibus,
3112 4821 3252 4889 quod
3301 4823 3470 4875 sacris

1905 4909 2134 4964 Psalmis
2165 4911 2443 4981 irrigetur.
2501 4913 2558 4965 Si
2588 4927 2692 4980 qua
2737 4927 2865 4965 vero
2897 4911 3032 4964 mala
3063 4911 3336 4982 cogitatio,
3381 4927 3471 4964 vc-

1907 5002 2296 5071 luti'quzedam
2354 5002 2584 5066 zizania,
2621 5018 2649 5055 a
2702 5004 2977 5057 communi
3027 5004 3180 5056 hoste
3230 5005 3469 5055 omnium

1908 5106 2020 5151 sata
2066 5097 2233 5151 fuerit
2262 5098 2314 5149 in
2351 5105 2492 5150 terra
2528 5098 2729 5157 cordis,
2765 5097 2969 5166 jejunio
3009 5107 3060 5149 et
3095 5095 3321 5149 assiduas
3353 5111 3475 5149 ora-

1906 5191 2068 5243 tionis
2097 5204 2226 5243 ense
2253 5204 2370 5242 eam
2407 5191 2745 5253 exscindere,
2796 5205 2862 5242 ne
2913 5189 3089 5242 locum
3145 5202 3377 5256 occupet
3405 5190 3469 5240 ad

1907 5281 2309 5351 producemlum
2370 5284 2622 5336 acerbum
2699 5283 2933 5335 fructum
2997 5280 3312 5348 voluptatis.
3381 5279 3472 5332 Sic

1908 5377 2051 5427 enim
2086 5374 2364 5441 impletum
2401 5375 2464 5426 iri
2497 5373 2624 5427 illud
2654 5374 2856 5427 Christi
2889 5390 2900 5423 :
2934 5373 3043 5425 Hoc
3072 5387 3244 5440 genus
3270 5372 3470 5425 daemo-

1908 5468 2123 5521 niorum
2153 5467 2282 5518 nihil
2332 5467 2476 5520 aliud
2500 5466 2754 5533 expellet,
2787 5481 2945 5533 quam
2976 5465 3241 5533 jejuniqu
3273 5472 3326 5517 et
3349 5479 3477 5515 ora-

1909 5560 2002 5611 tio.
2042 5557 2242 5611 Przeter
2278 5574 2338 5610 ca
2371 5567 2550 5610 autem
2579 5557 2807 5610 docebat
2834 5572 2939 5609 non
2972 5565 3224 5624 oportere
3254 5554 3472 5609 assidue

1907 5649 2202 5716 procedere
2243 5666 2254 5701 :
2286 5646 2502 5700 silentio
2535 5663 2664 5701 vero
2696 5657 2747 5699 et
2776 5649 2956 5715 quiete
2999 5646 3231 5716 gaudere
3259 5655 3314 5698 ut
3352 5646 3474 5713 plu-

1909 5742 2123 5802 rimum,
2156 5754 2272 5811 quae
2299 5749 2380 5792 est
2417 5750 2586 5793 mater
2621 5741 2909 5803 virtutum,
2947 5751 2998 5792 et
3032 5748 3153 5806 apte
3174 5752 3473 5806 expurgare

1910 5836 2100 5888 lernam
2151 5832 2427 5886 oculorum
2463 5832 2674 5884 animae.
2728 5831 2908 5898 Neque
2962 5845 3089 5884 vero
3135 5829 3478 5898 ρηυιριιιιιδιι
