4188 6436
753 423 854 490 Sil

1966 410 2245 471 MENSIS
2285 370 2755 471 sse'rsnmm.

3898 406 4013 467 912

752 531 1099 604 benignitatis
1136 528 1314 584 facere
1352 524 1682 581 mentionem
1716 539 1729 576 :
1765 520 1856 577 sed
1892 521 1958 576 de
1992 521 2078 575 illa
2116 536 2146 575 e
2190 536 2325 590 quo-

2430 522 2556 583 τοὺς
2591 520 2720 590 περὶ⁸
2778 516 3212 586 φιλανθρωπίαν,
3246 516 3432 582 λόγους
3477 515 3687 585 ἀφῆκεν
3746 517 4014 585 ἀμνημοο

752 643 856 699 que
904 624 1083 682 studio
1120 621 1221 675 fuit
1259 620 1438 674 dicere
1488 632 1608 685 qua:
1644 613 2065 669 conveniebant.
2099 612 2321 667 Dicebat

750 722 918 784 enim,
948 715 1244 778 neminem,
1276 712 1316 766 si
1354 710 1466 764 fieri
1501 720 1702 779 posset,
1737 717 1987 775 oportere
2007 706 2189 759 vacuis
2207 720 2322 758 ma-

752 814 916 868 nibus
945 808 1223 863 dimittere
1264 820 1329 858 ex
1366 803 1451 867 iis,
1482 801 1568 871 qui
1599 800 1862 854 accedunt
1901 799 1969 853 ad
1996 800 2217 862 ostium,
2250 813 2320 851 ne

753 906 890 958 forte
928 902 1207 956 Christum
1261 899 1556 952 inscientes
1605 894 1927 964 despiciant,
1954 892 2047 960 qui
2094 890 2319 960 suscipit

753 1013 1039 1071 personam
1074 1010 1367 1065 pauperum
1381 1034 1391 1045 .

819 1092 955 1144 Cum
985 1090 1062 1143 sic
1088 1087 1331 1151 dixisset,
1364 1093 1414 1139 et
1434 1083 1683 1153 elegisset
1720 1095 1885 1133 unum
1929 1095 1991 1133 ex
2023 1077 2316 1147 discipulis,

752 1181 844 1248 qui
890 1192 945 1233 et
980 1179 1085 1232 vita
1122 1176 1409 1247 prarstabat
1446 1174 1587 1235 aliis,
1625 1182 1679 1226 et
1717 1181 1879 1240 aptus
1922 1178 2057 1230 erat,
2101 1178 2157 1222 ut
2201 1167 2320 1233 ejus

752 1271 874 1325 fidei
909 1271 1134 1324 fratrum
1155 1267 1467 1321 crederetur
1502 1261 1843 1333 pra-fectum,
1879 1259 1925 1313 ei
1955 1274 2020 1313 ex
2049 1256 2319 1313 sententia

754 1364 980 1419 aliorum
1030 1361 1193 1415 etiam
1226 1356 1619 1425 discipulorum
1660 1352 1953 1407 committit
1996 1351 2316 1405 rectionem.

753 1454 872 1523 lpse
914 1462 1092 1505 autem
1145 1448 1420 1518 egreditur
1461 1458 1490 1498 e
1532 1442 1724 1505 Laure,
1759 1441 1954 1494 multas
1994 1440 2210 1508 quidem
2246 1439 2322 1493 la-

752 1560 965 1617 crymas
994 1560 1055 1598 ex
1088 1542 1260 1597 oculis
1298 1537 1669 1594 emittentibus
1699 1532 2004 1598 monachis,
2029 1542 2081 1586 et
2112 1540 2169 1585 ut
2206 1534 2320 1601 ipse

752 1646 995 1692 maneret
1036 1633 1367 1705 rogantibus,
1404 1631 1521 1699 ipso
1569 1636 1748 1682 autem
1798 1626 1929 1679 nulli
1977 1624 2227 1685 cedente,
2264 1630 2320 1675 ut

752 1732 840 1801 qui
874 1728 1142 1799 aspiceret
1174 1723 1239 1779 ad
1272 1723 1325 1778 id
1353 1722 1550 1785 solum,
1582 1719 1728 1788 quod
1769 1726 1852 1772 est
1885 1716 2034 1770 utile.
2061 1712 2113 1767 Si
2151 1714 2318 1777 enim,

752 1821 946 1892 inquit,
976 1835 1008 1874 ο
1041 1817 1155 1882 lilii,
1186 1815 1310 1869 hinc
1331 1808 1890 1883 migraverometnine
1917 1807 2024 1860 huc
2054 1804 2321 1858 ventitan-

750 1928 825 1978 te,
885 1924 939 1968 et
990 1910 1227 1981 quietem
1275 1904 1654 1967 conturbante,
1708 1900 1845 1955 bene
1896 1898 2000 1951 erit
2053 1897 2313 1965 utrisque.

753 2005 983 2061 Facilius
1015 2002 1159 2056 enim
1214 2005 1267 2053 et
1301 2012 1402 2066 ego
1442 2003 1621 2048 vester
1668 2001 1818 2061 pater
1851 1989 2067 2059 spiritu,
2100 1997 2154 2041 et
2195 2001 2313 2051 vos,

751 2114 887 2170 quos
939 2098 991 2149 in
1035 2092 1254 2149 Christo
1299 2088 1456 2160 genui
1507 2101 1602 2156 per
1653 2084 2023 2156 Evangeliurn,
2056 2083 2220 2137 veluti
2265 2084 2317 2135 in

751 2188 1077 2265 quibusdam
1129 2182 1425 2238 alrearinm
1470 2178 1622 2234 cellis
1666 2177 1951 2246 tranquille
1989 2176 2317 2238 habitantes,

686 2328 689 2331 .
751 2287 922 2339 instar
951 2295 1110 2351 apum
1144 2276 1248 2331 mel
1292 2273 1507 2330 virtutis
1552 2272 1930 2342 prodttcetnus.
1966 2270 2098 2322 Cum
2132 2282 2319 2321 omnes

750 2390 879 2445 ergo
905 2381 1093 2428 sancto
1127 2366 1475 2440 impertiisset
1524 2363 1731 2427 osculo,
1766 2359 2238 2427 benedixissetque
2268 2366 2322 2413 et

750 2468 970 2523 Christo
1014 2461 1473 2521 commendasset,
1510 2457 1610 2511 iter
1640 2466 1717 2509 est
1758 2457 2054 2524 ingressus.
2085 2451 2149 2504 Et
2196 2465 2318 2504 cum

754 2558 1050 2630 peregisset
1085 2555 1189 2608 iter
1219 2552 1379 2605 unius
1405 2547 1533 2610 diei,
1561 2546 1767 2601 accedit
1802 2545 1866 2597 ad
1909 2544 2065 2595 aliam
2103 2542 2321 2610 spelun-

751 2666 890 2715 cam,
925 2662 1046 2716 quae
1086 2646 1186 2698 sita
1216 2639 1430 2711 quidem
1467 2642 1584 2692 erat
1612 2633 1676 2689 ad
1725 2641 1908 2704 partes
1953 2630 2321 2685 Hierichunti-

750 2758 850 2797 nas
885 2758 899 2793 :
934 2749 1052 2793 erat
1088 2744 1269 2790 autem
1308 2732 1543 2793 deserta,
1573 2736 1626 2782 et
1674 2736 1790 2781 erat
1839 2725 2116 2794 aptissima
2148 2723 2213 2777 ad
2250 2722 2321 2776 si-

751 2834 977 2888 lentium
1013 2824 1359 2899 praebendum
1389 2829 1443 2874 et
1463 2821 1720 2889 quietem.
1743 2816 1878 2870 Cum
1903 2816 2120 2884 longum
2140 2827 2320 2870 autem

752 2933 967 2989 tempus
1015 2917 1122 2969 illic
1160 2923 1301 2967 esset
1339 2917 1605 2968 versatus,
1642 2915 1695 2959 ct
1736 2918 1852 2974 quae
1893 2920 1949 2959 se
1996 2903 2317 2966 oﬂ'erebant,

754 3010 938 3067 herbis
983 3012 1229 3061 uteretur
1258 3000 1324 3056 ad
1357 3000 1696 3061 alimentum,
1732 2995 1843 3050 Deo
1876 2996 1995 3062 soli,
2032 3003 2089 3049 ut
2128 3005 2242 3049 erat
2269 2995 2318 3049 ei

752 3114 987 3179 gratum,
1026 3098 1245 3153 vivebat
1290 3103 1573 3165 perpetuo.
1606 3091 1697 3145 Sic
1740 3100 1918 3144 autem
1963 3104 2085 3142 eum
2133 3103 2319 3141 rursus

2425 614 2669 675 νεύτους·
2724 611 2859 664 ἀλλὰ
2906 611 2997 663 καὶ
3052 610 3176 679 περὶ
3218 608 3387 675 αὐτῆς
3424 608 3677 673 ἐπιμελὲς
3728 608 3927 675 ἔσχεν,
3982 609 4013 661 ἃ

2425 707 2701 774 προσῆκεν
2741 702 2942 754 εἰπεῖν.
2984 699 3133 769 Ἔφη
3163 699 3292 768 γὰρ,
3323 700 3368 750 εἰ
3393 698 3617 749 δυνατὸν
3653 700 3865 768 μηδένα
3893 704 4013 752 τῶν

2421 799 2487 866 τῇ
2517 795 2658 865 θύρᾳ
2687 794 3023 863 προσιόντων
3058 794 3244 852 κεναῖς
3276 790 3631 858 ἀποπέμπειν
3666 795 3853 859 χερσὶ,
3896 794 4011 860 μή·

2422 906 2552 941 ποτε
2584 891 2677 939 καὶ
2710 888 2925 939 λάϐοιτε
2952 884 3188 954 Χριστὸν
3242 882 3580 951 παριδόντες,
3614 885 3733 946 ἐνος
3759 884 3872 937 tibi
3917 889 4010 937 ὲνο

2421 981 2555 1033 δεῶν
2581 980 2703 1046 ὄψιν
2742 979 3133 1048 ὑποκριθέντα.

2494 1073 2551 1125 I'.
2586 1071 2773 1133 Οὕτως
2807 1070 2979 1122 εἰπὼν
3016 1072 3109 1122 καὶ
3141 1071 3235 1122 ἐνα
3266 1070 3375 1121 τῶν
3407 1070 3661 1139 μαθητῶν
3691 1070 4008 1138 ἐκλεξὰμιι

2427 1180 2535 1228 νος,
2570 1163 2669 1232 βίῳ
2700 1180 2758 1214 τε
2786 1162 2892 1214 τῶν
2924 1161 3099 1213 ἄλλων
3126 1162 3499 1227 διενεγκόντα,
3518 1164 3613 1214 καὶ
3655 1162 3845 1213 ἱκανὸν
3872 1164 4012 1212 ὂντα

2422 1256 2757 1327 προστασίαν
2790 1255 3032 1322 ἀδελφῶν
3075 1255 3453 1324 πιστευθῆναι,
3505 1256 3683 1323 τούτῳ
3729 1257 3875 1322 μετά
3913 1255 4013 1306 καὶ

2420 1350 2518 1418 τῆς
2548 1351 2655 1402 τῶν
2694 1349 2867 1402 ἄλλων
2894 1350 3167 1417 φοιτητῶν
3192 1347 3438 1417 γνώμης,
3471 1350 3567 1413 τὴν
3599 1349 3778 1418 ἀρχὴν
3824 1352 4011 1415 ἐγχει-

2426 1439 2587 1511 ρίζει.
2620 1440 2791 1503 Αὐτὸς
2827 1441 2882 1491 δὲ
2914 1440 3014 1509 τῆς
3058 1440 3281 1509 Λαύρας
3322 1441 3489 1510 ἐξῄει,
3540 1442 3715 1492 πολλα
3759 1440 3861 1508 μὲν
3919 1442 4009 1492 6i-

2421 1549 2565 1601 κρνα
2618 1532 2726 1583 τῶν
2780 1531 3077 1598 ὀφθαλμῶν
3131 1533 3396 1599 ἀφιέντων
3434 1533 3537 1583 τῶν
3581 1534 3865 1601 μοναχῶν,
3915 1534 4013 1584 καὶ

2425 1625 2607 1693 μένειν
2641 1622 2804 1675 αὑτὸν
2852 1622 3149 1686 ἁξούντων,
3188 1621 3354 1673 αὐτοῦ
3404 1622 3458 1673 δέ
3498 1625 3738 1684 εἴκοντος
3777 1624 3961 1675 οὐδενὶ
3996 1642 4008 1653 ·

2423 1716 2514 1767 ὅιτε
2569 1714 2705 1783 πρὸς
2775 1716 2933 1783 μόνον
2987 1717 3050 1765 τὺ
3105 1714 3381 1775 λυσιτελὲς
3433 1714 3745 1782 βλέποντος.
3800 1717 3865 1766 Εἰ
3899 1719 4009 1786 γὰρ

2427 1804 2658 1865 ἐνθένδε,
2690 1807 2877 1872 φησιν,
2932 1797 2977 1856 ὦ
3030 1806 3218 1865 τέκνα,
3254 1804 3696 1871 μεταναστεύσω,

3773 1806 4009 1872 μηδενὸς

2422 1896 2654 1948 ἐνταῦθα
2686 1898 2976 1964 φοιτῶντος
3007 1899 3209 1965 καὶτὴν
3241 1898 3476 1965 ἡσυχίαν
3508 1898 4005 1966 ἐπιταράττοντος,

2422 1986 2747 2055 ἀμφοτέροις
2780 1988 2889 2051 ἕξει
2928 1987 3110 2050 καλῶς
3141 2003 3153 2017 ⁸
3189 1990 3319 2059 ῥᾷον
3355 1991 3459 2058 γὰρ
3495 1991 3605 2055 ἐγώ
3634 2008 3693 2042 τε
3729 1996 3757 2043 ὁ
3802 1994 4005 2059 ὑμέτε-

2425 2094 2517 2145 ρος
2546 2078 2689 2129 κατὰ
2747 2077 2964 2145 πνεῦμα
3003 2080 3207 2145 πατὴρ,
3246 2084 3337 2133 καὶ
3372 2081 3528 2147 ὑμεῖς
3561 2080 3653 2141 οὒς
3681 2084 3737 2132 ἐν
3773 2084 4021 2153 Χρ.στῷ-

2420 2168 2509 2221 διὰ
2556 2168 3005 2235 τοῦίίὑαγγελῐου
3060 2172 3345 2240 ἐγέννησα,
3404 2168 3513 2223 οἷον
3568 2189 3681 2225 τισι
3725 2175 4003 2241 σιμὸλοις,

2423 2261 2546 2318 ταῖς
2621 2259 2842 2317 κέλλαις
2900 2260 3173 2328 γαληνίως
3232 2262 3660 2330 ἐναυλιζὸμενοι,
3733 2265 4006 2332 μελιττῶν

2421 2349 2576 2419 δίκην
2610 2352 2668 2403 τὸ
2699 2354 2794 2420 τῆς
2828 2353 3028 2421 ἀρετῆς
3074 2353 3191 2420 μέλι
3220 2357 3746 2424 καρποφορήσομεν.
3789 2358 4005 2410 "Artav-

2421 2460 2517 2506 τας
2546 2443 2637 2496 οὖν
2680 2447 2734 2496 ἐν
2768 2445 3028 2513 φιλήματι
3058 2446 3355 2513 περιελθὼν
3386 2448 3554 2515 ἁγίῳ,
3591 2449 3901 2515 εὐλογήσας
3938 2466 3995 2502 τι

2424 2537 2514 2588 καὶ
2546 2537 2621 2603 τῷ
2655 2538 2873 2608 Χριστῷ
2927 2539 3325 2607 παραθέμενος,
3360 2540 3477 2591 ὁδοῦ
3509 2543 3705 2609 εἴχετο,
3743 2550 3843 2595 και
3872 2547 4004 2610 psic

2421 2629 2674 2693 διανύσας
2706 2632 2913 2699 ἡμέρας
2945 2631 3082 2695 ὁδὸν,
3138 2632 3306 2700 ἑτέρῳ
3340 2632 3670 2700 προσὸαλλει
3723 2632 4001 2702 σπηλαίῳ,

2423 2722 2562 2774 κατὰ
2595 2723 2688 2790 μὲν
2724 2724 2792 2773 τὰ
2822 2722 3175 2791 Ἰεριχούντια
3210 2724 3348 2793 μέρη
3414 2723 3767 2794 διακειμένῳ,
3809 2727 4003 2795 ἐρήμῳ

2454 2815 2475 2865 ὲ
2507 2814 2613 2864 ὄντι
2642 2814 2733 2865 καὶ
2765 2815 2997 2882 ἡσυχίαν
3023 2812 3096 2873 ὡς
3123 2813 3361 2883 μάλιστα
3395 2814 3657 2883 παρέχειν
3689 2816 4001 2885 ἐπιτηδείῳ.

2423 2906 2627 2974 Χρόνον
2656 2905 2831 2956 τοίνυν
2877 2907 3055 2957 ἐκεῖσε
3083 2905 3370 2974 διατρίψας
3424 2908 3637 2975 συχνὸν,
3671 2910 3766 2959 καὶ
3832 2908 3996 2977 βοτα-

2422 2999 2528 3049 νῶν
2571 2998 2689 3057 ταῖς
2719 2996 3203 3064 ἐπιτυχούσαιςείς
3241 2997 3447 3064 τροφὴν
3500 2998 3815 3065 χρώμενος,
3877 2999 3997 3069 Θεῷ

2430 3090 2593 3157 μόνῳ,
2640 3084 2819 3145 καθὼς
2852 3085 2969 3153 Θεῷ
3031 3084 3203 3152 φίλον,
3259 3084 3365 3145 ζῶν
3396 3086 3640 3137 διετέλει.
3676 3085 3865 3158 Ταύτῃ
3925 3106 4002 3140 τοι

755 3196 896 3248 Deus
925 3177 1125 3259 aperit,
1158 3196 1212 3241 et
1258 3187 1435 3238 denuo
1460 3181 1805 3236 manifestum
1838 3178 2016 3234 reddit
2047 3193 2191 3245 eum,
2228 3178 2317 3248 qui

2423 3182 2512 3232 καὶ
2543 3178 2671 3239 Θεὸς
2702 3178 2861 3231 αὑτὸν
2892 3179 3133 3246 φανεροῖ,
3188 3182 3280 3227 καὶ
3311 3177 3473 3245 ,δῆλον
3512 3178 3601 3229 τὸν
3673 3183 4003 3250 κεκρυμμέ-

753 3294 871 3342 erat
902 3284 1218 3337 absconsus.
1266 3275 1607 3330 Manifestum
1658 3284 1836 3328 autem
1886 3272 2060 3326 reddit
2099 3288 2192 3341 per
2231 3288 2314 3336 ea,

754 3396 874 3451 qua:
896 3376 1147 3437 faciebat,
1178 3370 1456 3425 miracula.
1503 3368 1670 3421 Morbi
1709 3368 1853 3420 enim
1896 3381 1993 3435 per
2027 3366 2201 3435 ipsum
2227 3380 2319 3418 ex-

752 3472 1116 3545 pellebantur,
1140 3476 1537 3535 corporumque
1565 3460 1723 3513 simul
1750 3460 1873 3513 vitia
1900 3468 1953 3513 et
1994 3458 2316 3511 animarum.

756 3565 959 3619 Harum
994 3570 1173 3612 autem
1210 3556 1399 3623 magis,
1431 3552 1684 3620 quoniam
1720 3567 1780 3603 ea
1809 3565 1952 3618 saepe
1984 3549 2224 3617 corporis
2247 3548 2322 3601 vi-

757 3652 829 3705 tia
863 3646 1156 3703 conciliant
1217 3644 1350 3696 Cum
1405 3639 1558 3693 multi
1603 3653 1735 3709 ergo
1778 3639 1845 3691 ab
1894 3638 2009 3707 ipso
2044 3637 2316 3691 consecuti

754 3750 937 3796 essent
980 3737 1341 3796 curationem,
1378 3740 1433 3784 et
1477 3731 1799 3783 statuissent
1824 3730 1987 3781 vitam
2022 3730 2166 3781 illius
2202 3729 2323 3781 imi-

756 3835 883 3895 tari,
929 3832 1018 3883 lnc
1048 3839 1262 3894 quoque
1290 3820 1517 3875 aedificat
1567 3819 1795 3873 alterum
1829 3819 2084 3873 virtutum
2113 3818 2325 3873 habita-

757 3923 961 3987 culum,
1003 3915 1146 3988 quod
1183 3912 1427 3984 Elpidius
1469 3911 1687 3979 quidem
1723 3919 1907 3980 postea
1953 3910 2319 3978 amplificavit,

758 4017 838 4067 vir
866 4011 1154 4082 praeclarus
1195 4012 1343 4057 recte
1389 4002 1545 4055 factis
1599 4002 1649 4053 in
1682 4001 2085 4054 exercitatione.
2120 3999 2321 4053 Ducem

756 4112 937 4158 autem
974 4115 1097 4153 eum
1153 4094 1512 4163 appellabant,
1550 4092 1690 4161 quod
1740 4101 1992 4158 tanquam
2043 4090 2158 4143 Dux
2204 4091 2326 4158 qui-

756 4198 880 4251 dam
904 4205 1068 4247 Sacra:
1092 4188 1168 4245 illi
1203 4190 1388 4241 Laurae
1420 4191 1694 4254 praeesset,
1734 4192 1788 4236 et
1825 4191 2036 4235 arceret
2068 4184 2321 4251 impetus,

755 4288 849 4355 qui
897 4287 951 4337 in
993 4297 1108 4335 eam
1153 4279 1372 4341 ﬁebant,
1420 4292 1556 4345 quos
1590 4275 1805 4344 quidem
1863 4274 2073 4328 Hebraei
2128 4272 2326 4327 infere-

759 4381 910 4440 bant,
948 4375 1037 4443 qui
1071 4373 1384 4425 habitabant
1410 4368 1621 4421 Nocron
1650 4369 1930 4434 praedium,
1965 4367 2105 4433 quod
2135 4368 2211 4419 sic
2233 4382 2325 4419 v0-

756 4472 1006 4532 cabatur,
1040 4478 1291 4536 magnum
1321 4462 1539 4515 invidia:
1578 4460 1765 4515 fartum
1796 4459 2179 4529 parturientes.

832 4562 921 4614 XI.
957 4534 1222 4625 Quoniam
1254 4571 1381 4624 ergo
1427 4554 1511 4608 hic
1547 4569 1785 4622 quoque,
1818 4553 2000 4606 multis
2026 4552 2330 4606 accedenti-
2361 4534 2404 4588 D

758 4654 885 4715 bus,
919 4648 1419 4717 interrumpebatur
1463 4645 1511 4696 ei
1566 4645 1719 4711 quies
1766 4658 1828 4695 ac
1870 4644 2166 4705 silentium,
2205 4657 2328 4696 cum

762 4744 880 4798 istis
925 4754 1141 4809 quoque
1187 4735 1466 4789 monachis
1514 4733 1755 4787 dedisset
1804 4734 2241 4796 constitutiones,
2278 4741 2332 4787 et

761 4835 1110 4906 praecepisset
1140 4831 1410 4903 quomodo
1441 4840 1685 4898 oporteat
1714 4828 1889 4881 vivere
1910 4842 2021 4887 eos.
2040 4826 2327 4896 quicttram

763 4937 958 4999 gerunt
988 4927 1203 4988 anima,
1243 4933 1295 4975 et
1326 4938 1449 4976 eum
1486 4922 1837 4991 dcsignasset,
1870 4922 1958 4990 qui
2014 4929 2159 4973 esset
2199 4936 2332 4989 pra:-

762 5023 1004 5082 fttturus,
1042 5015 1167 5068 hinc
1201 5029 1388 5067 rursus
1434 5014 1662 5076 recedit,
1697 5022 1750 5066 et
1805 5012 2009 5063 accedit
2060 5013 2125 5063 ad
2169 5012 2328 5065 aliam

768 5120 971 5181 partem
1004 5107 1337 5169 solitudinis,
1371 5120 1488 5174 quae
1517 5104 1927 5174 quatuordccim
1954 5106 2140 5159 stadiis
2173 5105 2329 5174 paulo

766 5200 884 5267 plus
919 5206 1013 5250 aut
1066 5198 1245 5250 minus
1299 5196 1461 5249 distat
1497 5212 1525 5249 a
1573 5198 1793 5264 regione
1839 5195 2207 5250 Tltecoorutn.
2243 5196 2331 5251 Sic

761 5293 911 5346 enim
960 5288 1206 5343 Salvator
1242 5289 1429 5341 mundi
1475 5304 1596 5341 eum
1643 5300 1854 5342 mutare
1887 5289 2015 5343 fecit
2046 5290 2331 5343 habitatio-

766 5399 892 5447 nes,
918 5382 1047 5449 quid
1082 5382 1181 5435 sibi
1223 5383 1429 5443 volens,
1468 5392 1521 5435 et
1553 5398 1659 5451 quo
1694 5393 1851 5435 utens
1880 5382 2146 5436 consilio?
2178 5382 2328 5436 Illum

764 5476 981 5543 quidem
1016 5473 1244 5526 reddens
1274 5471 1553 5543 cognitum
1591 5484 1641 5526 et
1672 5473 1876 5527 clarum
1915 5477 2165 5528 omnibus
2199 5491 2330 5529 :eos

764 5576 966 5625 autem,
998 5565 1089 5632 qui
1127 5564 1192 5615 ad
1225 5564 1395 5631 ipsum
1432 5564 1765 5616 ventitabant
1802 5567 1979 5634 (erant
2014 5582 2142 5620 vero
2168 5584 2231 5620 ex
2266 5568 2328 5622 iis

765 5657 1075 5725 complures
1099 5654 1370 5725 gentiles),
1401 5657 1596 5725 partim
1622 5654 1835 5725 quidem
1862 5656 2125 5711 inducens
2142 5660 2204 5711 ad
2231 5675 2329 5714 ex-

765 5749 1070 5819 purgandas
1098 5748 1361 5819 baptismo
1392 5750 1621 5815 animas,
1655 5749 1846 5820 partim
1891 5759 2072 5806 autem
2116 5753 2182 5806 ad
2217 5769 2327 5807 mo-

757 5843 1100 5899 nachismum
1131 5858 1224 5913 per
1259 5842 1408 5899 illum
1452 5844 1742 5910 deducens,
1777 5844 1906 5900 Cum
1931 5856 2110 5902 autem
2141 5864 2326 5905 rursus

2425 3289 2512 3325 νον
2544 3270 2697 3331 αὖθις
2727 3268 3052 3337 καθίστησιο
3116 3271 3343 3336 φανεροί
3372 3270 3426 3320 δὲ
3463 3270 3532 3322 δι’
3566 3262 3641 3322 ὧν
3666 3272 3845 3323 ἐτέλει
3879 3275 4002 3325 Θαυ-

2428 3366 2634 3428 ματωνο
2690 3360 2832 3411 νόσοι
2860 3361 2966 3426 γὰρ
3006 3361 3379 3427 ἀπηλαύνοντο
3405 3362 3472 3415 δι’
3496 3363 3686 3426 αὐτοῦ,
3734 3366 3832 3417 καὶ
3856 3366 4000 3435 πάθη

2428 3451 2694 3519 σωμάτων
2726 3449 2839 3518 ἃμα
2873 3452 2965 3502 καὶ
3000 3451 3105 3501 τῶν
3129 3452 3332 3520 ψυχῶν.
3388 3454 3498 3505 Καὶ
3526 3457 3736 3507 τούτων
3771 3457 3830 3507 δὲ
3873 3459 4002 3525 μᾶλα

2425 3545 2532 3608 λον,
2573 3547 2682 3614 ὅσῳ
2715 3545 2779 3612 δὴ
2809 3545 2901 3596 καὶ
2929 3543 3184 3607 πολλάκις
3207 3545 3315 3598 τῶν
3342 3548 3672 3616 σωματικῶν
3696 3550 3842 3603 αὐτὰ
3875 3551 4001 3603 καθ⁴

2432 3637 2671 3687 ίστανται
2705 3635 2957 3703 πρόξενοι.
3012 3636 3315 3702 Τοιγαροῦν
3379 3640 3587 3691 πολλῶν
3648 3641 3785 3708 παρ’
3837 3644 4000 3695 αὑτοῦ

2429 3726 2725 3797 θεραπείας
2760 3727 3125 3791 ἀξιωθέντων,
3155 3730 3249 3779 καὶ
3285 3729 3376 3781 τὸν
3434 3732 3646 3783 ἐκείνου
3684 3735 3800 3801 βίον
3832 3736 4001 3800 ζηλῶ-

2430 3837 2520 3874 σαι
2567 3823 2984 3891 προῃρημένων,
3035 3822 3222 3891 ἕτερον
3282 3821 3558 3893 οἰκοδομεῖ
3612 3827 3709 3877 καὶ
3752 3819 3859 3878 ὧδε
3893 3826 3998 3878 τῶν

2428 3914 2639 3983 ἀρετῶν
2671 3914 3012 3983 οἰκητήριον,
3044 3916 3181 3985 ὅπερ
3233 3915 3503 3978 Ἐλπίδιος
3560 3918 3658 3986 μὲν
3704 3921 4002 3973 ἐπλάτυνεν

2432 4006 2685 4075 ὕστερον,
2722 4006 2863 4074 ἀνὴρ
2903 4010 3011 4068 τοῖς
3040 4008 3362 4077 ἁσκητικοῖς
3408 4009 3551 4078 μάλα
3610 4011 3999 4081 κατορθώμασι

2430 4097 2757 4167 διαπρέψας.
2791 4097 2969 4149 Δοῦκα
3000 4098 3053 4149 δὲ
3076 4099 3239 4150 αὑτὸν
3264 4102 3698 4169 προσηγόρευον,
3726 4104 3806 4170 τῷ
3843 4103 4000 4158 δοῦκὰ

2431 4205 2551 4239 τινα
2592 4190 2690 4257 τῆς
2721 4192 2871 4256 ἱερᾶς
2903 4191 3066 4260 τῆσδε
3101 4192 3325 4261 Λαύρας
3357 4195 3747 4263 προΐστασθαι,
3780 4201 3875 4249 καὶ
3910 4201 3999 4260 τὰς

2433 4282 2694 4351 ἐπηρείας
2730 4284 2934 4353 εἴργειν
2979 4285 3076 4345 τὰς
3108 4286 3227 4338 κατ’
3262 4288 3455 4355 αὐτῆς,
3491 4290 3559 4351 ἃς
3610 4290 3855 4359 Ἑϐραῖοι
3888 4291 3998 4342 τότε

2433 4377 2483 4428 οἱ
2519 4378 2577 4429 τὸ
2606 4378 2790 4445 νοερὸν
2813 4376 2955 4429 οὔτω
2984 4376 3319 4445 καλούμενον
3347 4381 3623 4440 οἰκοῦντες
3650 4382 3880 4448 χωρίον,
3909 4399 3999 4434 πο-

2434 4467 2531 4517 λὺν
2558 4467 2839 4529 ὠδίνοντες
2866 4470 2955 4520 τὸν
2982 4470 3193 4536 φθόνον,
3232 4470 3454 4540 ἐπῆγον.

2508 4558 2619 4611 ΙΛ’.
2663 4559 2816 4611 Ἐπεὶ
2856 4554 2951 4611 οὖν
2991 4560 3267 4615 κάνταῦθα
3297 4564 3509 4616 πολλῶν
3543 4568 3901 4635 προσιόντων,
3942 4570 4001 4619 τὰ

2434 4647 2532 4715 τῆς
2584 4650 2810 4719 ἡσυχίας
2870 4653 3017 4722 αὐτῷ
3062 4655 3398 4718 διεκόπτετο,
3456 4656 3854 4724 διαταξάμενος
3910 4663 3995 4710 καὶ

2436 4741 2639 4803 αὐτοῖς,
2677 4744 2769 4793 καὶ
2802 4744 2971 4796 εἰπὼν
3002 4745 3076 4808 ὡς
3110 4745 3354 4813 προσῆκε
3389 4746 3487 4817 ζῇν
3516 4750 3639 4811 τοὺς
3678 4750 3862 4820 ψυχῆς
3883 4753 3997 4804 ἐπι·

2439 4833 2789 4901 μελομένους,
2852 4836 3125 4901 γνωρίσας
3162 4838 3217 4889 δὲ
3252 4843 3343 4890 καὶ
3392 4843 3481 4891 τὸν
3526 4850 3996 4913 προστησόμενον,

2433 4925 2665 4978 αὐτόθεν
2698 4926 2857 4979 πάλιν
2891 4927 3177 4997 ἀνεχώρει,
3209 4932 3299 4983 καὶ
3326 4935 3404 4994 είς
3435 4934 3625 5003 ἕτερον
3654 4939 3752 5006 τῆς
3797 4942 3999 5008 ἐρήμου

2436 5022 2602 5087 μέρος
2658 5021 2933 5087 ἐπιφοιτᾷ,
2967 5024 3259 5092 τέσσαρσιν
3300 5024 3393 5076 ἐπὶ
3428 5029 3537 5088 τοῖς
3575 5028 3711 5080 δέκα
3748 5032 3999 5095 σταδίοις,

2434 5116 2525 5164 καὶ
2558 5112 2745 5180 μικρῷ
2779 5113 2940 5165 πλέον
2965 5115 2997 5183 ἢ
3025 5113 3245 5168 ἔλαττον
3281 5117 3374 5170 τοῦ
3416 5118 3649 5187 Θεκῴων
3674 5121 3823 5175 οὕτω
3855 5124 4000 5191 λεγο-

2437 5219 2603 5273 μενου
2636 5203 2933 5272 διεστηκὼς
2985 5208 3284 5274 κτήματοςο
3350 5212 3493 5264 οὕτω
3548 5214 3657 5282 γὰρ
3692 5216 3860 5268 αὑτὸν
3915 5222 4001 5279 τὰς

2434 5296 2678 5361 οἰκήσεις
2710 5295 2735 5345 ὁ
2770 5293 2863 5345 τοῦ
2916 5296 3122 5364 κόσμου
3188 5298 3377 5369 Σωτὴρ
3415 5302 3665 5371 ἀμείϐειν
3711 5308 3909 5371 ἐποίει,
3956 5312 4000 5359 τί

2436 5385 2758 5457 βουλόμενος
2782 5389 2876 5438 καὶ
2900 5389 2951 5439 τί
2969 5390 3076 5458 ἄρα
3110 5393 3251 5444 θεῖον
3271 5395 3605 5464 οἰκονομῶνς
3641 5398 3884 5452 Ἐκεῖνον
3912 5402 3999 5467 μὲν

2432 5475 2709 5545 γνώριμον
2739 5497 2795 5531 τε
2836 5477 2933 5531 καὶ
2959 5482 3247 5547 καταφανῆ
3282 5483 3416 5533 πᾶσι
3447 5482 3637 5537 ποιῶν·
3690 5489 3819 5548 τοὺς
3846 5488 3898 5538 δὲ
3946 5506 3996 5555 γι

2434 5564 2568 5633 πρὸς
2593 5566 2656 5617 αὑ
2674 5567 2750 5617 τὸν
2784 5564 3087 5635 φοιτῶντας
3118 5567 3400 5636 (Ἕλληνες
3422 5569 3476 5623 δέ
3500 5572 3705 5625 τούτων
3722 5576 3769 5626 οἱ
3796 5574 3998 5637 πλείους

2436 5658 2789 5728 ἐτύγχανον),
2838 5655 3002 5714 τοὶῖτο
3045 5659 3146 5724 μὲν
3200 5660 3278 5724 είς
3323 5662 3501 5735 ψυχῆς
3569 5665 3840 5735 κάθαρσιν
3892 5672 3996 5720 ἐ·νὰ-

2435 5768 2567 5819 γων,
2599 5753 2753 5807 τοῦτο
2779 5754 2832 5806 δέ
2866 5760 2957 5806 καὶ
3002 5751 3201 5819 μᾶλλον
3233 5755 3369 5825 πρὸς
3408 5757 3507 5826 τὴν
3534 5758 3615 5818 είς
3648 5759 3812 5812 αὑτὸν
3831 5760 3991 5811 πίστιν

2438 5844 2501 5895 δι’
2528 5847 2736 5903 ἐκείνου
2762 5846 3141 5917 χειραγωγῶν.
3177 5846 3394 5900 Πολλῶν
3451 5849 3505 5902 δὲ
3538 5854 3624 5904 καί
3665 5852 3823 5914 αὖθις
3854 5850 3989 5902 ἀδελ.
