4188 6436
201 455 316 519 913

1424 447 1596 508 ἨΤΑ
1642 446 1681 504 S
1742 444 2229 504 CHARITUNIS.

3335 431 3452 496 9H

211 575 329 642 φῶν
365 573 865 644 σνναγειρομένων,
899 571 944 623 οἳ
975 574 1040 640 τῇ
1091 569 1182 622 τοῦ
1217 569 1420 634 κόσμου
1455 567 1572 633 μὲν,
1608 564 1682 623 ὡς
1720 560 1780 613 ἂν

1893 558 2044 611 multi
2071 559 2266 613 fratres
2295 569 2775 628 congregarentur,
2807 553 2898 624 qui
2931 550 3112 607 mundi
3133 548 3444 618 quidetn.ut

214 671 363 720 ιῐποι
416 668 914 732 τις,ἁττετάττοντο
967 665 1224 732 ἀκοσμίᾳ·
1262 660 1375 726 Θεῷ
1425 658 1479 710 δὲ
1525 658 1616 709 καὶ
1667 655 1776 715 τοῖς

213 760 359 811 κατὰ
393 758 528 811 Θεὸν
581 758 748 822 ζῶσιν
808 755 1047 817 esum;
1099 753 1481 806 συνετάττοντο
1519 748 1780 817 (ἥκουσαν

212 853 323 920 γὰρ
359 851 454 904 τοῦ
505 852 649 904 θείου
674 850 860 904 τούτου
899 851 993 901 καὶ
1030 850 1175 917 ἱεροῦ
1225 846 1468 916 ῥήματος
1495 859 1507 872 ο
1555 838 1781 903 Ἀγαθὸν

210 945 368 1012 ἀνδρὶ
421 946 446 997 ὖ
478 944 524 995 τ’
559 945 624 997 ἂν
655 944 761 1013 ἄρῃ
810 942 968 1009 ζυγὸν
999 941 1060 991 ὲκ
1107 939 1351 1005 νεότητος
1396 932 1608 1000 αὑτοῦ),
1644 931 1781 984 καθ-

216 1033 374 1105 ῑσητε
436 1034 871 1102 καταμόναςοεὶς
911 1032 1069 1100 ἔργον
1126 1031 1305 1091 αὐτοῖς
1353 1027 1410 1079 ea
1471 1024 1608 1077 κατὰ
1661 1021 1782 1073 νοῦν

214 1127 478 1190 ὲξέὀαινε.
515 1128 612 1179 Διὰ
652 1125 823 1178 ταῦτα
868 1127 962 1177 καὶ
999 1124 1194 1193 ὲτέραν
1227 1123 1403 1172 ἐκεῖσε
1440 1115 1780 1171 κατασκευά-

213 1215 298 1282 ζει
365 1217 585 1288 Λαύραν
639 1217 666 1267 ὁ
704 1215 1017 1284 Θαυμαστὸς
1072 1207 1225 1273 οὗτος
1276 1209 1552 1279 Χαρίτων,
1605 1207 1780 1276 ἥνπερ

214 1310 344 1361 ενιοι
389 1311 484 1377 μὲν
531 1313 594 1378 τῇ
661 1310 811 1379 Σύρα
865 1307 1078 1376 γλώττῃ
1141 1305 1348 1356 Σουκὰν
1403 1299 1777 1370 ὀνομάζουσιν.

289 1401 385 1454 “3'.
407 1401 546 1454 Ἀλλ’
579 1397 714 1471 ἧκεν
743 1404 874 1471 ἡμῖν
910 1400 1049 1453 κατά
1083 1399 1258 1468 βραχῦ
1291 1395 1530 1467 βαδίζων
1552 1397 1577 1447 ὁ
1603 1395 1777 1459 λόγος·

214 1493 310 1544 ἐπὶ
337 1491 398 1542 τὸ
428 1492 741 1543 τελευταῖον
796 1490 894 1556 μὲν
949 1493 1013 1558 τῇ
1048 1489 1217 1554 τάξει,
1258 1486 1472 1556 πρῶτον
1501 1483 1554 1536 δὲ
1589 1485 1652 1553 τῇ
1696 1481 1784 1533 δυ-

210 1584 394 1650 νάμει.
428 1583 623 1651 καὶτῷ
669 1583 940 1652 μεγαλείῳ
982 1581 1074 1633 τοῦ
1128 1580 1421 1648 θαύματος.
1461 1575 1616 1626 Ἐπεὶ
1673 1574 1780 1642 γὰρ

207 1673 289 1736 ὡς
321 1673 534 1736 οὐδενὸς
567 1674 726 1728 ἄλλου
783 1671 1096 1742 ἐφρόντιζεν
1157 1669 1404 1738 ἡσυχίας,
1469 1665 1541 1734 μὴ
1574 1663 1780 1728 ἀγνοῶν

207 1767 314 1820 ὅσα
350 1766 483 1836 πρὸς
526 1767 726 1838 ἀρετὴν
756 1766 893 1834 αὕτη
930 1764 1151 1817 δύναται
1207 1759 1476 1812 συντελεῖν
1519 1754 1780 1826 σπήλαιόν

208 1875 269 1910 τι
320 1859 652 1927 καταμαθὼν
714 1856 804 1908 ὲπί
863 1871 1006 1916 τινος
1049 1854 1229 1920 ὅρους,
1289 1848 1640 1921 κρημνώδους
1685 1847 1780 1900 καὶ

217 1950 497 2016 ἀποτόμου
531 1948 804 2016 κείμενον,
860 1946 920 1998 οὗ
955 1946 1142 2015 πόρρω
1178 1944 1231 1995 δὲ
1266 1945 1363 2011 τῆς
1405 1943 1552 2011 ἱερᾶς
1579 1940 1778 2008 ταύτης

211 2036 436 2106 Λαύρας
466 2035 795 2105 ἀφεστηκὸς,
846 2033 872 2086 δ
915 2033 976 2086 τὸ
1011 2031 1334 2102 Κρεμαστδν
1368 2031 1445 2092 είς
1486 2027 1644 2098 δεῦρο
1670 2045 1778 2079 καις

209 2129 386 2180 λεῖται
423 2127 677 2198 (βάσιμον
709 2129 817 2197 γὰρ
875 2128 974 2179 οὐκ
1006 2126 1179 2189 ἄλλως
1229 2126 1277 2177 εξ
1318 2123 1390 2193 μὴ
1438 2122 1664 2187 κλίμακι
1703 2119 1781 2192 τῷ

213 2219 524 2289 βουλομένῳ
549 2220 802 2286 γίνεται),
838 2219 998 2271 τοῦτο
1027 2220 1053 2271 ὀ
1084 2219 1328 2286 γενναῖος
1351 2217 1514 2268 οἰκεῖ.
1571 2214 1780 2284 Χρόνου

205 2310 270 2364 δὲ
303 2311 597 2373 διελθόντος
621 2311 834 2381 συχνοῦ,
868 2313 962 2362 καὶ
989 2309 1145 2362 τοῦτο
1175 2307 1272 2378 μὲν
1308 2310 1477 2376 γήρᾳ,
1527 2305 1682 2356 τοῦτο
1726 2305 1780 2357 δὲ

213 2401 313 2454 καὶ
347 2403 460 2462 τοῖς
487 2405 717 2469 μακροῖς
751 2403 847 2469 τῆς
877 2401 1165 2470 ἀσκήσεως
1217 2397 1398 2460 πόνοις
1431 2395 1779 2458 ἐνδεδωκότος

213 2491 368 2561 αὐτῷ
409 2491 506 2543 τοῦ
567 2489 835 2560 σώματος·
871 2492 965 2543 καὶ
997 2492 1096 2558 οὐχ
1134 2491 1244 2541 οἴου
1295 2507 1352 2540 τε
1411 2491 1563 2551 ὄντος
1605 2487 1779 2556 ἑαυτῷ

211 2583 577 2652 λειτουργεῖν,
609 2583 704 2634 καὶ
733 2581 878 2652 ὓδωρ
908 2581 1326 2650 μετακομίζειν,
1355 2582 1513 2641 αὐτὸς
1548 2579 1621 2648 μὴ
1662 2579 1782 2649 βου-

210 2672 438 2742 λόμενος
464 2673 622 2727 πάλιν
642 2672 1114 2742 ὲτέρῳὲπιτρέψαι
1135 2670 1231 2742 τὴν
1253 2671 1617 2740 λειτουργίαν·
1646 2670 1778 2726 ἀλλά

209 2767 275 2817 τὸ
305 2767 557 2834 φοστικὸς
591 2766 715 2834 (sic)
738 2803 752 2827 ,
785 2765 960 2817 δοκεῖν
1009 2764 1333 2832 διαφεύγων,
1357 2761 1407 2815 τί
1443 2764 1583 2814 ποιεῖ
1607 2778 1622 2828 ;
1645 2760 1779 2813 Θεοῦ

211 2855 385 2907 δεῖται
417 2856 508 2907 τοῦ
541 2857 608 2908 τὰ
639 2856 874 2909 ἀδύνατα
903 2855 1104 2907 δυνατὰ
1144 2857 1316 2906 ποιεῖν
1340 2852 1658 2922 δυναμένου,
1689 2853 1781 2905 καὶ

220 2948 396 3015 πέτρα
430 2947 591 2999 πάλιν
636 2947 756 3015 οὐχὶ
820 2948 1018 3015 ῥάϐδῳ,
1081 2946 1194 2999 ἀλλ’
1241 2946 1371 3014 εὐχῇ
1421 2947 1778 3014 παταχθεῖσα,

215 3035 360 3107 ὕδωρ
395 3037 620 3104 ἀφίησιν
669 3038 769 3090 οὐκ
828 3037 1044 3090 ἀπειθεῖ
1075 3034 1187 3104 λαῷ
1244 3035 1338 3087 καὶ
1399 3034 1782 3104 ἀνόμφ,.ἀλ>.ἀ

209 3131 308 3183 καὶ
337 3129 580 3182 εὖπειθεῖ
606 3130 744 3195 λίαν,
773 3131 865 3182 καὶ
883 3129 1017 3182 Θεοῦ
1051 3129 1233 3198 νόμοις
1264 3130 1484 3181 εῖκοντι.
1527 3127 1620 3179 Ἐκ
1653 3130 1782 3196 μιᾶς

1883 648 1953 702 ita
1990 649 2239 715 dixerim,
2271 649 2624 703 immunditiae
2669 643 3051 701 renuntiabant
3099 640 3446 711 (audiverant

1883 739 2027 792 enim
2052 739 2294 793 divinum
2333 739 2434 794 hoc
2469 749 2524 794 et
2552 753 2763 794 sacrum
2808 737 3032 789 verbum
3069 752 3082 787 :
3111 732 3314 786 Bonum
3344 731 3444 784 ho-

1886 830 2037 891 mini,
2064 831 2282 898 quando
2309 831 2489 885 tulerit
2523 832 2712 900 jugum
2743 843 2770 880 a
2795 829 3086 896 iuventute
3130 838 3247 887 alia,
3277 831 3330 876 et
3361 835 3449 876 se-

1885 921 2025 976 derit
2053 921 2342 990 seorsum),
2371 925 2632 990 processit
2661 922 2726 975 ad
2751 935 2912 990 opus.
2948 916 3088 986 quod
3123 923 3238 969 erat
3269 929 3333 968 ex
3355 929 3446 967 eoo

1887 1027 2004 1064 rum
2028 1014 2317 1067 sententia.
2353 1011 2638 1080 Propterea
2660 1012 2815 1064 aliam
2847 1023 3061 1079 quoque
3092 1006 3198 1060 illic
3222 1003 3448 1059 adillcat

1885 1101 2116 1156 Lauram
2148 1103 2478 1158 admirabilis
2533 1102 2620 1156 hic
2653 1102 2912 1156 Chariton
2945 1118 2957 1151 :
2990 1114 3150 1169 quam
3201 1097 3446 1150 nonnulli

1886 1201 2106 1268 quidem
2145 1202 2323 1270 lingua
2376 1202 2506 1270 Syra
2553 1197 2748 1252 Sucatn
2801 1196 3104 1259 nominant,
3150 1193 3237 1248 alii
3268 1201 3446 1246 autem

1883 1306 2014 1344 voce
2051 1292 2235 1346 Grzeca
2260 1301 2496 1345 veterem
2530 1289 2759 1343 Lauram
2788 1287 3081 1356 appellant.

1953 1382 2067 1437 Xll.
2113 1383 2218 1437 Sed
2252 1383 2410 1436 nobis
2443 1382 2702 1451 paulatim
2750 1379 3046 1448 procedens
3093 1376 3243 1431 venit
3275 1376 3450 1429 oratio

1883 1475 1948 1529 ad
1982 1473 2034 1527 id
2073 1517 2086 1540 ,
2130 1473 2272 1544 quod
2302 1481 2384 1528 est
2421 1473 2669 1527 ultimum
2715 1471 2930 1534 quidem
2965 1469 3176 1530 ordine,
3214 1468 3447 1536 primurn

1883 1575 2064 1619 autem
2090 1564 2288 1618 virtute
2350 1573 2403 1617 et
2437 1562 2678 1617 miraculi
2727 1560 3121 1631 magnitudine.
3159 1556 3292 1611 Nam
3329 1572 3449 1611 cum

1882 1671 2066 1709 curam
2097 1665 2308 1724 gereret
2339 1655 2538 1724 quietis
2563 1662 2617 1708 et
2657 1653 2863 1709 silentii
2902 1664 2959 1706 ut
2994 1651 3196 1706 nullius
3225 1650 3452 1704 alterius

1884 1750 1958 1802 rei
1992 1751 2161 1818 magis
2184 1792 2197 1813 ,
2242 1764 2350 1802 non
2383 1749 2641 1818 ignorans
2673 1756 2937 1816 quantum
2989 1754 3172 1816 posset
3205 1741 3452 1798 conferre

1883 1838 1950 1891 ad
1982 1837 2260 1898 virtutem.
2281 1853 2403 1892 cum
2431 1837 2735 1892 rescivisset
2757 1852 2877 1892 esse
2916 1837 3200 1906 quamdam
3237 1833 3456 1902 spelun-

1883 1943 2001 1982 Cam
2033 1928 2086 1980 in
2121 1928 2382 1998 prrecipiti
2415 1928 2632 1997 quidem
2668 1938 2722 1982 et
2751 1937 3028 1998 praerupto
3049 1935 3235 1980 monte
3266 1925 3450 1984 sitam.

1882 2020 1975 2074 sed
2002 2034 2111 2074 non
2148 2019 2304 2090 longe
2336 2019 2626 2074 distantem
2667 2018 2734 2073 ab
2771 2018 2872 2072 hac
2903 2032 3060 2072 sacra
3105 2016 3302 2078 Laura,
3335 2027 3452 2082 quae

1885 2124 2054 2178 usque
2097 2109 2152 2162 in
2196 2109 2520 2164 hodiernum
2559 2107 2704 2163 diem
2762 2108 3063 2178 appellatur
3111 2106 3448 2163 Cremastos.

1883 2196 1935 2251 id
1969 2205 2074 2262 est,
2109 2196 2335 2265 pensilis
2357 2198 2486 2263 (non
2521 2197 2665 2251 enim
2699 2207 2878 2266 potest
2913 2197 3035 2266 quis
3062 2196 3128 2251 ad
3155 2195 3324 2265 ipsam
3365 2209 3454 2248 ac-

1881 2286 2098 2349 cedere,
2131 2285 2236 2341 nisi
2286 2286 2494 2355 scalis),
2527 2301 2646 2340 eam
2689 2286 2898 2341 habitat
2932 2286 3012 2340 vir
3059 2285 3146 2339 ille
3181 2282 3448 2353 egregius.

1879 2376 2014 2432 Cum
2045 2387 2224 2432 autem
2249 2377 2478 2431 multum
2504 2377 2765 2444 temporis
2793 2375 3160 2446 praeteriisset,
3178 2383 3232 2429 et
3255 2375 3450 2445 partim

1880 2469 2098 2539 quidem
2134 2468 2310 2532 senio,
2343 2469 2538 2536 partim
2578 2476 2757 2521 autem
2792 2467 2964 2538 longis
3005 2465 3278 2520 laboribus
3301 2479 3456 2519 exer—

1882 2559 2174 2622 citationis,
2210 2557 2260 2610 ei
2293 2557 2578 2610 remissum
2613 2565 2756 2610 esset
2781 2572 2986 2623 corpus
3023 2574 3035 2608 :
3071 2562 3124 2610 et
3153 2569 3332 2624 neque
3351 2554 3449 2610 sibi

1884 2659 2065 2718 posset
2102 2649 2408 2704 ministrare
2430 2658 2483 2703 et
2519 2664 2712 2718 aquam
2743 2647 2957 2708 atl‘erre.
3000 2648 3111 2717 ipse
3147 2646 3335 2701 nolens
3362 2648 3452 2700 alii

1883 2755 2071 2793 rursus
2097 2739 2200 2793 hoc
2229 2740 2486 2793 mandare
2514 2741 2896 2806 ministerium,
2928 2741 3055 2809 quid
3092 2741 3255 2795 facit?
3283 2739 3450 2793 Deum

1881 2842 2056 2904 rogat,
2088 2833 2203 2903 qui,
2236 2848 2356 2903 qua:
2388 2831 2503 2886 ﬁeri
2535 2847 2641 2887 non
2690 2840 2941 2902 possunt,
2977 2831 3154 2886 facere
3186 2840 3363 2903 potest
3396 2840 3453 2885 ut

1884 2930 2014 2984 liant
2054 2947 2065 2983 :
2103 2943 2154 2984 et
2203 2938 2352 2998 petra
2405 2944 2628 2990 rursus,
2670 2943 2777 2982 non
2830 2930 2976 2999 virga
3032 2943 3307 2999 percussa,
3358 2925 3451 2981 sed

1883 3021 2214 3090 precatione,
2248 3034 2438 3088 aquam
2472 3019 2692 3083 emittit,
2724 3033 2833 3073 non
2864 3020 2914 3073 in
2953 3018 3225 3074 obedienti
3260 3028 3454 3072 contu-

1885 3111 2133 3181 macique
2162 3110 2461 3180 ρορυιο,ει
2484 3110 2688 3178 iniquo,
2721 3111 2814 3164 sed
2862 3110 3014 3164 valde
3067 3109 3361 3173 obedienti,
3399 3116 3453 3162 et

212 3221 326 3292 γὰρ
371 3221 464 3274 τοῦ
519 3225 719 3292 ἄντρου
763 3221 1005 3292 πλευρᾶς
1055 3221 1197 3288 ὕδωρ
1249 3221 1408 3283 εὐθὺς
1438 3221 1630 3273 ἔϐλυσε
1682 3220 1780 3288 ψυ-

1886 3203 2096 3257 cedenti
2133 3201 2227 3256 Dei
2259 3201 2488 3272 legibus.
2529 3199 2606 3254 Ex
2637 3215 2748 3255 uno
2774 3201 2918 3255 enim
2951 3201 3092 3255 antri
3128 3200 3295 3253 latere
3325 3214 3450 3269 pro-

210 3314 477 3384 χρότατζν
498 3331 556 3366 τε
585 3315 677 3366 καὶ
707 3314 1090 3373 διειδέστατον,
1120 3311 1148 3363 ὃ
1180 3311 1271 3363 καὶ
1304 3312 1381 3371 είς
1414 3309 1572 3377 δεῖ)ρο
1605 3312 1776 3377 μένει,

209 3404 276 3458 οὗ
301 3403 458 3473 δίψαν
490 3404 680 3464 ἀτελῶς
714 3403 964 3472 ἰώμενον,
994 3404 1128 3456 ἀλλὰ
1160 3402 1255 3455 καὶ
1285 3401 1585 3473 μαρτύριον
1619 3403 1779 3472 ἀκρι·

209 3496 306 3560 θὲς
337 3497 644 3567 γινόμενον,
675 3491 742 3570 ἦς
779 3493 891 3566 εἷχε
926 3495 1180 3568 Χαρίτων
1222 3495 1359 3566 πρὸς
1406 3496 1536 3549 Θεὸν
1570 3494 1780 3550 οἰκειώ-

211 3605 370 3655 σεως.

290 3747 383 3801 ll".
421 3749 484 3800 Τί
517 3748 594 3800 ἔτι
632 3748 787 3819 ςτὴν
817 3751 915 3818 τῆς
957 3748 1219 3818 ἐκδημίας
1245 3746 1336 3801 τοῦ
1375 3747 1778 3819 σώματοςὴμὲ-

217 3858 346 3912 ραν,
385 3841 587 3912 μᾶλλον
611 3841 667 3894 δὲ
721 3841 854 3913 πρὸς
887 3840 1019 3895 Θεὸν
1047 3841 1313 3911 ἐκδημίαν
1348 3841 1509 3912 (οὕτω
1557 3843 1662 3910 γὰρ
1707 3843 1782 3896 εἰ·

210 3934 337 3983 πεῖν
367 3933 742 4000 οἰκειότερον),
777 3935 839 3985 ὲκ
862 3931 1014 3995 Θείας
1053 3933 1446 4000 ἀποκαλύψεως
1473 3936 1563 3986 ἐπὶ
1589 3933 1780 4002 θύραις

211 4016 357 4072 εἶναι
385 4020 711 4086 διεγνωκὼς,
749 4022 996 4084 ἅπαντας
1048 4024 1144 4090 μὲν
1178 4024 1250 4084 ὡς
1284 4024 1443 4075 αὐτὶν
1477 4024 1628 4076 καλεί
1656 4027 1780 4088 τοὺς

209 4109 318 4163 τῶν
350 4111 654 4181 είρημὲνων
687 4113 852 4181 τριῶν
905 4113 1167 4182 σεμνείων
1231 4115 1490 4185 ποιμένας
1541 4117 1655 4187 ἅμα
1687 4120 1781 4170 καὶ

211 4207 461 4275 ποίμνια,
534 4208 628 4256 καὶ
681 4206 885 4260 ἅπασιν
945 4207 1082 4277 ὁμοῦ
1135 4207 1340 4270 τούτοις
1382 4213 1460 4270 εἰς
1491 4211 1586 4276 τὴν
1633 4210 1781 4278 ἱερὰν

209 4304 578 4373 παραγίνεται
643 4303 861 4372 Λαὺραν
910 4305 1114 4372 Φαρὰν,
1173 4304 1259 4356 ἴνα
1321 4304 1384 4373 δὴ
1444 4304 1502 4356 τὸ
1558 4305 1781 4374 πρῶτον

209 4393 527 4462 ἀσκητικῶν
550 4391 773 4461 ἀγώνων
806 4395 1291 4464 ῖδρῶταςὲσταξεν.
1336 4395 1547 4466 Ὥσπερ
1579 4397 1634 4451 δέ
1660 4415 1780 4450 τινα

213 4485 419 4553 κλῆρον
455 4487 639 4549 αὐτοῖς
694 4489 877 4556 ἀφιεὶς
905 4490 1000 4552 τὰς
1035 4491 1186 4558 ἱερὰς
1235 4491 1400 4543 αὐτοῦ
1443 4492 1681 4556 ἐντολὰς,
1717 4491 1778 4543 οὐ

1888 3293 2033 3347 tinus
2087 3291 2337 3346 scaturiit
2392 3306 2529 3361 aqua
2570 3290 2916 3361 frigidissima
2955 3301 3008 3346 et
3053 3290 3448 3360 limpidissima.

1880 3397 1998 3450 quae
2025 3392 2210 3435 manet
2254 3397 2424 3455 usque
2463 3385 2515 3435 in
2563 3382 2883 3437 hodiernum
2922 3384 3085 3446 diem,
3119 3397 3230 3436 non
3284 3382 3449 3436 solam

1881 3473 2024 3528 sitim
2053 3475 2266 3535 sedans,
2299 3473 2389 3528 sed
2422 3489 2540 3542 qua:
2565 3483 2648 3528 est
2678 3474 2840 3530 etiam
2866 3473 3164 3545 perlectum
3207 3473 3453 3528 testimo-

1883 3565 2032 3618 nium
2059 3563 2497 3628 necessitudinis,
2542 3580 2704 3634 quam
2736 3580 2856 3618 cum
2905 3565 3013 3620 Deo
3051 3563 3281 3619 habebat
3310 3563 3452 3618 Cha-

1883 3668 2045 3710 τιιοη.

1949 3768 2086 3824 χιιι.
2119 3771 2257 3838 Quid
2289 3776 2718 3845 amplius?Cum
2749 3791 2904 3828 suum
2941 3791 2969 3828 a
3003 3785 3228 3842 corpore
3257 3783 3450 3825 exces—

1881 3876 2025 3927 sum,
2061 3864 2144 3918 vel
2171 3867 2350 3935 potius
2379 3869 2443 3922 ad
2476 3865 2642 3922 Deum
2679 3881 2958 3921 accessum
2995 3865 3094 3932 (sic
3117 3863 3260 3918 enim
3280 3865 3450 3932 magis

1881 3955 2136 4007 convenit
2175 3953 2375 4021 dicere)
2434 3971 2496 4007 ex
2555 3955 2737 4008 divina
2786 3955 3120 4009 revelatione
3157 3954 3208 4006 in
3241 3951 3454 4006 foribus

1884 4040 2073 4096 adesse
2103 4045 2467 4113 cognovisset.
2496 4061 2687 4098 omnes
2724 4047 2942 4114 quidem
2988 4047 3254 4098 dictorum
3287 4044 3452 4096 trium

1884 4136 2334 4191 monasteriorum
2365 4147 2606 4207 pastores
2629 4137 2786 4191 simul
2817 4149 2868 4190 et
2886 4149 3071 4207 greges
3095 4133 3158 4188 ad
3182 4151 3238 4188 se
3265 4148 3452 4187 accer-

1883 4223 1974 4286 sit,
2009 4234 2062 4278 et
2112 4225 2272 4278 simul
2331 4241 2452 4278 cum
2508 4226 2591 4278 his
2638 4225 2890 4278 omnibus
2943 4223 3088 4279 venit
3127 4222 3193 4278 ad
3243 4238 3450 4275 sacram

1883 4311 2114 4366 Lauram
2148 4312 2380 4366 Pharum
2411 4313 2629 4376 dictam,
2670 4312 2757 4366 ubi
2797 4315 3031 4382 primum
3065 4312 3449 4365 distillavitsu-

1883 4403 2044 4459 dores
2080 4407 2437 4459 certaminum
2489 4405 2919 4460 exercitationis.
2958 4404 3236 4470 Tanquam
3273 4413 3449 4456 autem

1885 4498 2174 4566 quamdam
2219 4499 2586 4552 haereditatetn
2621 4506 2964 4552 sacrosancta
3023 4497 3102 4549 eis
3129 4496 3450 4563 relinquens

211 4573 474 4648 χρήματα
534 4575 628 4627 καὶ
659 4577 884 4629 πλοῦτον
924 4581 1189 4648 ἐπίκηρον
1249 4581 1634 4648 προξενούσας,
1666 4582 1779 4633 ἀλλ’

1887 4599 2176 4658 praecepta,
2207 4605 2326 4658 quae.
2352 4605 2457 4643 non
2491 4590 2757 4658 pecunias
2788 4595 2842 4642 et
2879 4573 3291 4640 momentaneas
3321 4600 3451 4653 opes

209 4657 290 4716 ὦν
314 4664 474 4727 αὐτὸς
505 4666 612 4735 ἤρα
660 4665 840 4718 καλῶν
901 4671 1010 4730 τοῖς
1077 4671 1185 4721 τῶν
1238 4671 1438 4740 ὁμοίων
1465 4673 1665 4742 ἐρῶσιν
1698 4676 1784 4726 οὐ·

207 4755 402 4810 δέποτε
435 4759 752 4829 φθείρεσθαι
805 4761 1050 4824 δυνατὸν,
1102 4762 1274 4830 λόγων
1326 4762 1498 4826 οὕτως
1551 4766 1781 4834 ἑχόντων

208 4850 350 4919 πρὸς
381 4851 570 4914 αὐτοὺς
599 4852 848 4924 ἄρχεται·
903 4856 1044 4921 Ἐγὼ
1083 4855 1202 4924 μὲν,
1257 4856 1447 4922 τέκνα,
1495 4857 1592 4926 ἤδη
1645 4857 1782 4926 πρὸς

210 4941 350 4994 Θιδν
374 4945 667 5014 ἐπείγομαι
708 4949 796 4999 καὶ
831 4949 858 5000 ὁ
910 4951 1100 5018 καιρὸς
1153 4950 1248 5018 τῆς
1301 4950 1438 5020 ὲμῆς
1480 4939 1782 5020 ἐφέστηκεν

207 5033 543 5096 ἀναλύσεως.
581 5036 696 5105 Χρὴ
733 5035 829 5089 οὖν
871 5041 1015 5108 ὑμᾶς
1052 5042 1373 5109 ἐπιμέλειαν
1425 5041 1534 5092 τῶν
1564 5044 1780 5095 οἰκείων

209 5122 401 5177 Θέσθαι
429 5124 638 5196 ψυχῶν,
671 5126 774 5188 ἕως
805 5128 930 5181 ἐστὶ
996 5131 1205 5205 καιρὸς,
1244 5131 1449 5197 εὶδνίτας
1495 5133 1576 5187 ὅτι
1618 5151 1780 5203 μετα-

209 5218 360 5280 νοίας
389 5221 526 5286 μετά
573 5219 798 5274 θάνατον
844 5222 992 5295 ἰσχὺς
1046 5228 1312 5296 οὐδεμία’
1348 5227 1464 5281 ἀλλ’
1510 5229 1627 5279 ἐκεῖ
1682 5229 1779 5296 μὲν

209 5307 325 5359 τῶν
355 5309 679 5368 ἀντιδόσεων
725 5320 753 5370 ὁ
802 5319 1012 5388 καιρὸς,
1067 5318 1303 5371 ἐνταῦθα
1352 5319 1409 5370 δὲ
1451 5319 1559 5369 τῶν
1603 5320 1780 5370 ποίων

209 5402 310 5455 καὶ
341 5402 449 5459 τῶν
483 5408 732 5477 ἀγώνων,
778 5413 870 5464 καὶ
912 5413 993 5464 ὅτι
1030 5411 1138 5463 τῶν
1198 5412 1478 5494 παρόντων
1510 5411 1607 5462 κᾶν
1651 5428 1779 5481 τερ-

211 5502 345 5552 πνὸν
440 5505 599 5553 τικκὶ
623 5500 898 5571 δ’ρθαλμον
932 5505 1220 5574 εὐφραῖνον
1256 5505 1284 5573 ἢ
1325 5505 1600 5572 gap-.772,
1646 5504 1781 5556 ἀλλὰ

213 5598 423 5667 ταχέως
466 5597 548 5664 ῥεῖ
578 5599 671 5647 καὶ
701 5597 778 5658 εἰς
829 5596 887 5647 τὸ
933 5602 1008 5665 μὴ
1064 5597 1122 5647 ὃν
1183 5598 1692 5666 περιίσ;ατ;ιι,’κᾶν
1728 5613 1778 5647 τι

213 5687 454 5755 λυπηρὸν
485 5688 574 5738 καὶ
600 5686 874 5747 ἐπίπονον,
905 5689 993 5739 καὶ
1024 5688 1180 5738 τοῦτο
1207 5689 1339 5756 ταχὺ
1371 5672 1634 5757 λῦοςιὲνην
1670 5689 1776 5756 ἔχει

218 5778 313 5827 καὶ
360 5781 691 5846 προσκαιρον
748 5778 844 5844 τὴν
894 5778 1085 5846 ὀδύνην
1122 5795 1138 5812 ο

218 5868 312 5921 καὶ
339 5867 396 5919 τὸ
427 5868 716 5938 εὐφραῖνον
747 5868 960 5922 αἰώνιον
1054 5871 1140 5922 καὶ
1166 5869 1222 5921 ιδ
1257 5870 1484 5936 ἀλγύνον
1517 5861 1597 5923 dei
1653 5884 1776 5920 ποτε

1202 5779 1308 5830 τῶν
1354 5796 1387 5846 μ
1398 5777 1652 5828 ελλὸντων
1703 5777 1774 5837 δὲ,

1885 4679 2268 4742 conciliabant,
2304 4679 2398 4732 scd
2442 4693 2527 4741 ea,
2587 4693 2707 4748 qua:
2757 4678 2871 4749 ipse
2921 4678 3157 4741 amabat,
3191 4675 3329 4730 bona
3363 4675 3448 4738 iis,

1884 4769 1972 4838 qui
2006 4769 2202 4827 similia
2239 4772 2488 4842 diligunt,
2527 4787 2802 4841 nunquam
2847 4771 3157 4833 interitura,
3195 4770 3274 4823 sic
3303 4768 3449 4837 loqui

1884 4861 2114 4932 incipit:
2149 4865 2257 4932 Ego
2297 4865 2540 4933 quidem,
2589 4879 2620 4917 ο
2669 4863 2790 4926 lilii,
2819 4863 2932 4932 jam
2991 4861 3056 4915 ad
3111 4861 3277 4914 Deum
3316 4875 3450 4913 con-

1886 4955 2070 5017 tendo,
2113 4965 2165 5008 et
2202 4955 2347 5009 venit
2381 4966 2594 5024 tempus
2637 4970 2770 5009 mere
2820 4954 3184 5009 resolutionis.
3225 4952 3452 5020 Oportet

1883 5059 2010 5117 ergo
2051 5061 2146 5100 vos
2182 5057 2480 5099 vestrarum
2516 5047 2820 5098 animarum
2861 5059 3044 5098 curam
3079 5059 3287 5114 gerere,
3319 5045 3446 5099 dum

1885 5151 1967 5192 est
1997 5148 2229 5206 tempus,
2261 5137 2500 5190 scientes
2543 5147 2668 5207 post
2697 5147 2924 5192 mortem
2965 5137 3144 5189 nullas
3166 5151 3282 5188 esse
3307 5137 3448 5187 vires

1886 5229 2241 5299 puznitentia',
2271 5231 2366 5283 sed
2410 5230 2516 5282 illic
2557 5230 2771 5297 quidem
2805 5243 2922 5282 esse
2952 5238 3163 5296 tempus
3195 5237 3448 5280 remuueo

1887 5324 2183 5384 rationum,
2226 5321 2312 5374 hic
2352 5332 2532 5373 autem
2576 5321 2819 5374 laborum
2873 5329 2926 5374 et
2956 5319 3316 5374 certaminmn
3354 5329 3450 5372 :et

1886 5415 2230 5484 praesentium
2261 5414 2498 5482 quidem,
2532 5429 2626 5466 seu
2675 5413 2743 5467 sit
2795 5413 2993 5482 aliquid
3037 5410 3361 5480 jucundum,
3394 5421 3449 5466 et

1883 5507 2024 5574 quod
2061 5506 2290 5558 delectat
2338 5506 2524 5558 oculos
2571 5515 2664 5558 aut
2732 5514 2937 5574 guttur,
2969 5504 3019 5558 id
3054 5505 3163 5560 cito
3195 5504 3360 5558 ﬂuere
3396 5516 3448 5558 et

1885 5599 2049 5668 redigi
2083 5597 2144 5650 ad
2173 5597 2396 5649 nihilum
2433 5615 2446 5649 :
2478 5614 2570 5650 seu
2614 5598 2897 5651 molestum
2928 5608 2978 5651 et
3005 5599 3353 5662 laboriosum,
3394 5597 3447 5651 id

1884 5702 2097 5754 quoque
2140 5687 2360 5750 habere,
2408 5689 2496 5755 qui
2551 5688 2842 5741 resolvitur
2890 5698 2943 5741 et
2986 5697 3065 5741 est
3116 5689 3182 5742 ad
3213 5696 3444 5755 tempus,

1886 5778 2124 5830 dolorem
2162 5793 2174 5831 :
2212 5781 2516 5832 futurorum
2553 5789 2732 5832 autent
2789 5787 2840 5831 et
2877 5779 3017 5847 quod
3047 5778 3295 5838 delectat,
3325 5792 3446 5829 esse

1889 5878 2147 5926 aeternum
2179 5887 2190 5924 :
2221 5879 2267 5925 et
2315 5870 2458 5940 quod
2497 5870 2741 5925 molestia
2779 5871 2957 5937 allicit,
2995 5882 3206 5936 semper
3239 5879 3446 5934 permav
