4188 6436
751 428 858 491 915

1963 427 2248 485 MENSIS
2289 427 2573 485 SEPTEM
2589 429 2759 486 BER.

3901 433 4018 497 916

755 556 906 596 uere.
933 543 1103 605 Atque
1135 539 1368 607 primum
1394 537 1610 606 quidem
1637 539 1701 591 sit
1725 539 1877 591 vobis
1912 548 2056 591 recta
2082 548 2136 591 et
2163 537 2314 590 tirma
2351 544 2389 594 Α

2368 538 2694 606 ιδιαμένον.
2770 540 2968 602 Πρῶτα
3024 542 3122 610 μὲν
3173 537 3266 595 οὖν
3296 543 3425 612 ὑμῖν
3469 543 3534 595 τὰ
3594 544 3691 611 τῆς
3754 545 4022 606 πίστεως

754 631 910 693 ﬁdes,
939 631 1083 683 nullo
1112 630 1392 684 labascens
1422 631 1660 700 periculo
1689 649 1700 684 ι
1736 631 1930 683 deinde
1968 630 2073 682 vita
2103 645 2319 698 quoque

755 723 825 776 sit
855 736 1012 789 pura,
1039 730 1132 774 aut
1179 732 1532 791 expurgetur.
1565 723 1632 776 Et
1676 731 1800 775 ante
1840 721 2020 774 omnia
2069 722 2219 776 vobis
2251 723 2321 775 sit

754 829 897 869 curae
917 813 1160 882 corporis
1187 814 1563 878 sanctiﬁcatio,
1593 824 1650 867 ut
1693 815 1743 866 in
1792 813 1985 880 templa
2039 814 2318 882 impolluta

757 906 820 958 ad
860 921 954 959 vos
986 907 1205 958 accedat
1237 914 1291 958 et
1328 904 1613 970 inhabitet,
1650 905 1739 974 qui
1769 916 1850 958 est
1877 918 2065 972 purus,
2092 916 2147 956 et
2188 918 2316 957 san-

755 995 1078 1048 ctificatione
1104 1010 1199 1048 sua
1233 1005 1285 1048 et
1320 995 1460 1049 bono
1487 995 1652 1049 odore
1675 994 1907 1047 animam
1937 994 2175 1061 impleat.
2213 993 2322 1049 Res

757 1083 898 1135 enim
927 1085 1064 1138 mala
1116 1093 1199 1139 est
1241 1085 1341 1148 ira,
1374 1095 1424 1138 et
1470 1086 1514 1139 si
1550 1085 1676 1154 quid
1718 1085 1862 1137 aliud
1915 1084 2109 1138 lwdcre
2143 1093 2322 1153 potest

757 1173 984 1226 fratrum
1008 1190 1268 1230 amorem.
1301 1176 1346 1229 A
1375 1177 1528 1229 vobis
1571 1185 1748 1228 autem
1781 1176 2004 1229 omnino
2026 1177 2322 1230 retineatur

758 1282 820 1319 ac
847 1266 1096 1319 foveatur
1135 1282 1238 1334 pax
1276 1277 1332 1320 et
1368 1267 1745 1319 mansuetudo.
1777 1266 1930 1330 Quod
1978 1267 2023 1319 si
2061 1268 2199 1320 inter
2228 1281 2323 1320 vos

757 1356 1047 1424 aliquando
1093 1357 1388 1425 contigerit
1416 1358 1662 1419 offensio,
1698 1373 1767 1410 ne
1802 1359 1880 1414 sol
1913 1358 2125 1412 occidat
2147 1359 2320 1423 vobis,

756 1466 783 1500 a
818 1449 934 1502 luce
961 1449 1094 1502 adeo
1133 1450 1356 1504 remotis
1393 1466 1455 1502 ex
1486 1451 1628 1503 odio.
1669 1451 1774 1503 Sed
1809 1450 2168 1503 revocandum
2204 1459 2314 1512 est,

758 1554 918 1607 quam
951 1539 1362 1609 diligentissime
1392 1540 1504 1592 ﬁeri
1537 1543 1752 1609 poterit,
1787 1543 1984 1593 bonum
2014 1541 2320 1604 eharitatis,

761 1641 946 1698 utpote
978 1632 1120 1698 quod
1155 1633 1272 1685 sine
1302 1648 1366 1685 eo
1401 1648 1506 1685 non
1561 1633 1718 1684 liccat
1761 1633 1943 1684 videre
1989 1631 2193 1692 Solem,
2228 1632 2318 1700 qui

759 1722 1056 1789 percipitur
1087 1723 1460 1792 intelligentia.
1503 1722 1726 1777 Si.mala
1772 1733 1950 1776 autem
1983 1723 2237 1794 cngitatio
2269 1725 2320 1777 in

757 1811 950 1864 vestris
975 1821 1088 1864 sata
1115 1813 1420 1876 sitauimis,
1458 1829 1600 1866 cura:
1633 1815 1785 1867 vobis
1827 1815 1895 1867 sit
1936 1830 2052 1867 eam
2097 1818 2205 1869 cito
2231 1832 2323 1869 ex-

759 1903 986 1970 pellere.
1018 1903 1106 1956 Sic
1137 1905 1280 1957 enim
1331 1905 1543 1958 facilius
1577 1921 1693 1959 eam
1746 1907 1994 1973 ejicietis.
2024 1906 2141 1971 Quo
2177 1909 2322 1961 enim

760 1994 934 2059 magis
962 2009 1023 2046 ea
1058 1995 1260 2048 sinitur
1289 2011 1627 2063 permanere,
1662 2013 1726 2048 eo
1757 1997 1872 2062 plus
1905 1999 2183 2053 exhibebit
2227 2015 2323 2053 ne-

758 2084 911 2151 gotii,
955 2091 1009 2135 et
1041 2083 1140 2136 erit
1181 2094 1489 2153 expuguatu
1533 2085 1804 2137 ditlicilior
1835 2087 1906 2150 ei,
1939 2089 2026 2154 qui
2061 2091 2326 2144 adversus

759 2175 903 2228 illam
941 2175 1168 2228 voluerit
1210 2176 1506 2229 decertare.
1541 2176 1659 2230 Sint
1685 2189 1862 2230 autem
1899 2179 2049 2232 vobis
2079 2196 2228 2233 arma
2258 2181 2324 2234 ad

761 2265 984 2328 bellum,
1033 2266 1328 2334 jejunium,
1365 2268 1557 2330 oratio,
1584 2268 1848 2338 lacrymre,
1883 2270 2140 2321 memoria
2179 2286 2324 2322 mor-

762 2356 828 2408 tis
864 2365 918 2409 et
949 2357 1230 2425 gehennae,
1255 2367 1309 2411 et
1345 2359 1588 2428 quodest
1628 2361 1867 2412 omnium
1935 2361 2323 2415 validissimum

761 2455 814 2497 et
841 2445 1074 2502 inimicis
1096 2448 1328 2502 maxime
1359 2449 1618 2512 terribile,
1653 2450 1805 2503 beata
1841 2451 2115 2504 humilitas
2144 2468 2157 2503 :
2196 2467 2324 2504 eau-

761 2536 964 2606 tioque,
999 2554 1066 2592 ne
1096 2555 1335 2608 unquam
1391 2556 1487 2594 vos
1521 2558 1701 2611 prava:
1737 2551 2005 2610 occupent
2041 2543 2325 2612 cogitatio-

762 2644 859 2681 nes
899 2645 911 2680 :
945 2644 1006 2680 ac
1051 2631 1354 2684 observatio
1389 2646 1668 2692 sensuum,
1697 2642 1750 2684 et
1798 2650 1905 2700 pra:
1938 2635 2163 2698 etcteris,
2197 2649 2324 2688 oeu-

764 2720 935 2772 lorum
966 2728 1019 2774 et
1046 2721 1280 2776 aurium.
1333 2723 1466 2776 Hinc
1495 2725 1640 2776 enim
1689 2733 1770 2781 est
1797 2724 1903 2778 illis
1937 2726 2195 2779 adversus
2225 2743 2325 2780 nos

764 2811 1060 2880 ingressus,
1098 2822 1152 2867 et
1183 2828 1348 2880 mors,
1378 2829 1496 2883 qua:
1525 2814 1592 2868 ad
1641 2830 1738 2869 nos
1789 2817 2086 2887 ingreditur
2119 2835 2214 2888 per
2245 2819 2324 2873 fe-

768 2913 997 2957 nestras.

835 3214 974 3269 XIV.
1004 3213 1404 3269 Possessionem
1437 3212 1679 3267 omnium
1714 3213 2160 3281 pretiosissimam
2192 3215 2318 3272 novi
2351 3223 2396 3285 ο

766 3308 841 3359 nil
885 3305 1178 3374 possidere,
1211 3314 1263 3358 et
1298 3304 1377 3357 ha:
1419 3314 1542 3357 sunt
1574 3319 1716 3358 verre
1763 3305 1962 3359 divitia:
2007 3307 2075 3366 ei,
2110 3308 2200 3375 qui
2252 3319 2332 3361 est

767 3414 891 3453 vere
941 3412 1236 3466 generosus
1284 3406 1338 3449 et
1392 3395 1743 3464 planeliber,
1779 3397 1925 3450 nulla
1966 3413 2177 3463 eorum,
2215 3416 2333 3466 quae

768 3493 986 3550 adsunt,
1039 3487 1278 3540 vinctum
1308 3499 1426 3537 esse
1454 3485 1766 3552 cepiditate.
1820 3484 2108 3539 Dimetitur
2152 3498 2330 3540 autem

765 3581 983 3634 divinus
1014 3579 1301 3647 Apostolus
1333 3593 1486 3630 usum
1517 3577 1732 3644 corpori
1768 3580 2136 3632 necessarium
2175 3597 2187 3633 :
2223 3578 2330 3631 Ha-

768 3678 977 3734 bentes,
1037 3672 1243 3734 dicens,
1297 3671 1549 3722 alimenta
1591 3679 1643 3721 et
1685 3670 1881 3737 quibus
1934 3682 2194 3737 tegamur,
2248 3673 2332 3724 his

767 3764 1005 3819 contenti
1050 3764 1239 3817 simus.
1274 3759 1377 3812 Res
1412 3769 1493 3813 est
1520 3761 1716 3829 gravis,
1746 3759 1881 3813 elate
1913 3762 1978 3814 de
2003 3777 2058 3814 se
2088 3762 2285 3815 sentire
2317 3779 2330 3815 :

769 3871 941 3924 neque
986 3865 1070 3906 est
1118 3851 1285 3916 aliud,
1336 3852 1480 3918 quod
1522 3852 1687 3920 magis
1737 3859 1915 3919 posset
1964 3861 2231 3905 evertere.
2279 3853 2332 3904 Id

769 3955 949 4001 autem
986 3946 1127 3998 solet
1177 3951 1237 3996 ut
1285 3943 1574 4011 plurimum
1615 3943 1869 4009 consequi
1907 3958 2036 4010 opes
2079 3953 2223 3996 recte.
2252 3943 2333 3997 fa-

770 4045 978 4093 ctorum
1009 4055 1019 4090 :
1055 4047 1106 4090 et
1133 4045 1256 4088 tunc
1286 4035 1581 4089 timendum
1617 4045 1698 4087 est
1731 4050 1916 4087 carum
1968 4036 2327 4104 naufragium.

774 4131 878 4184 Sed
911 4131 1018 4183 stat
1065 4129 1343 4182 dexteram
1379 4126 1663 4193 porrigens
1701 4125 1856 4178 nobis
1894 4142 2081 4179 rursus
2121 4127 2334 4179 divinus

775 4223 1084 4293 Apostolus,
1116 4229 1170 4274 et
1200 4221 1362 4272 verbo
1389 4219 1473 4278 iis,
1507 4219 1596 4286 qui
1642 4219 1840 4271 habent
1870 4231 2050 4280 aures,
2087 4231 2332 4288 magnam

774 4321 1020 4389 praebens
1067 4317 1432 4372 securitatem.
1467 4314 1566 4378 Qui
1616 4316 1760 4368 enim
1813 4316 2021 4369 videtur
2063 4326 2226 4376 stare,
2253 4315 2334 4367 in-

772 4412 911 4481 quit,
944 4411 1124 4463 videat
1153 4424 1219 4461 ne
1247 4410 1424 4462 cadat.
1458 4407 1702 4460 Fratrem
1739 4407 2003 4475 judicare,
2034 4407 2331 4460 cavendum

771 4516 857 4558 est
901 4520 999 4573 pro
1032 4502 1256 4555 viribus.
1288 4499 1386 4553 Hic
1427 4508 1509 4551 est
1540 4498 1683 4552 enim
1735 4497 1898 4550 fretus
1944 4497 2158 4561 animae,
2188 4513 2334 4550 more

774 4596 1082 4651 Pharisaico
1121 4593 1256 4646 alios
1297 4591 1665 4660 despicientis,
1702 4599 1756 4643 et
1792 4591 1929 4658 ejus,
1964 4590 2054 4659 qui
2086 4605 2180 4658 per
2201 4591 2336 4643 alio-

775 4707 892 4744 rum
925 4687 1433 4742 condemnationem
1463 4699 1519 4738 se
1547 4684 1659 4737 vult
1688 4683 2007 4750 justiﬁcare.
2039 4684 2142 4737 Sed
2177 4693 2253 4747 tu,
2274 4700 2339 4736 eo

773 4786 1020 4848 dimisso,
1080 4782 1123 4836 si
1167 4779 1443 4849 judicandi
1489 4777 1725 4832 tenearis
1773 4778 2077 4843 desiderio,
2113 4794 2236 4831 cum
2289 4789 2340 4834 te

777 4877 1023 4947 proxime
1060 4875 1283 4939 habeas,
1319 4887 1387 4925 ne
1428 4887 1609 4926 cesses
1642 4882 1691 4925 te
1735 4870 1977 4939 quotidie
2021 4871 2261 4938 judicare
2287 4879 2340 4925 et

775 4969 1114 5030 examinare,
1151 4974 1205 5020 et
1237 4980 1396 5034 quam
1431 4966 1632 5033 optime
1664 4964 1954 5030 corrigere.
1982 4964 2061 5016 Ad
2094 4963 2339 5031 petulan-

777 5061 906 5114 tiam
941 5073 1003 5111 ae
1041 5058 1421 5112 contumeliam
1460 5071 1722 5125 propensa
1748 5071 1835 5108 res
1879 5064 1964 5109 est
1999 5064 2213 5117 venter,
2249 5056 2338 5122 qui

778 5159 1020 5216 curatur,
1055 5150 1148 5219 qui
1195 5158 1477 5202 curantem
1510 5148 1707 5201 misere
1739 5157 2133 5200 remuneratur.
2166 5146 2342 5200 Labo-

779 5245 930 5297 ribus
981 5251 1161 5295 autem
1212 5241 1466 5303 ﬂectitur,
1523 5249 1575 5292 et
1613 5238 1819 5307 jejunio
1859 5240 2127 5301 domatur,
2183 5248 2257 5302 et,
2286 5249 2343 5291 ut

781 5337 952 5390 audax
987 5350 1184 5405 equus,
1211 5335 1276 5387 ab
1313 5333 1650 5387 immodestis
1691 5341 1904 5384 arcetur
1941 5333 2339 5386 saltationibus.

779 5427 896 5481 Non
945 5438 1027 5481 est
1056 5444 1083 5480 a
1126 5425 1278 5480 vobis
1322 5424 1577 5480 oblivioni
1626 5423 1927 5476 mandanda
1982 5424 2339 5492 hospitalitas.

781 5519 1030 5590 Hospitio
1063 5527 1241 5571 autem
1279 5517 1639 5585 excipientes,
1685 5516 1846 5584 pedes
1876 5530 2090 5583 quoque
2121 5515 2342 5569 humili-

779 5612 900 5664 liter
933 5611 1108 5663 lavate
1144 5627 1156 5661 :
1195 5610 1296 5663 hoc
1331 5618 1413 5663 est
1461 5609 1606 5662 enim
1644 5607 1840 5663 Christi
1879 5616 2205 5677 pra‘eeptutn
2247 5626 2258 5661 :
2292 5617 2345 5662 et

781 5703 926 5769 quod
975 5703 1089 5770 ipse
1117 5705 1322 5772 primus
1356 5702 1502 5765 fecit,
1548 5717 1644 5755 nos
1674 5700 1828 5768 jussit
1865 5701 2040 5753 facere
2075 5699 2341 5752 similiter.

781 5791 885 5844 Per
918 5793 968 5845 id
1005 5794 1149 5845 enim
1185 5809 1290 5845 non
1343 5792 1516 5846 solum
1551 5793 1754 5861 geritur
1801 5807 1927 5843 cura
1959 5791 2211 5860 proximi,
2250 5787 2345 5842 sed

784 5889 965 5952 potest
996 5883 1158 5938 etiam
1192 5885 1366 5941 curari
1421 5883 1597 5955 gravis
1648 5883 1836 5938 auiinae
1881 5881 2126 5949 morbus,
2155 5895 2347 5950 nempe

2428 630 2596 696 ὑγιῶς
2625 631 2900 699 ἐχέτωσαν
2948 634 3044 684 καὶ
3078 633 3332 699 βεϐαίως,
3395 635 3625 705 κινδύνῳ
3663 638 3862 704 μηδενὶ
3915 655 4022 688 σαι

2426 723 2717 791 λευόμενα.
2750 725 2980 778 Ἔπειτα
3026 726 3081 777 δὲ
3122 728 3216 778 καὶ
3269 731 3296 780 6
3328 727 3442 797 βίος
3493 729 3729 797 καθαρὸς
3795 729 3954 780 ἔστω
3990 731 4020 796 ἡ

2426 815 2792 884 καθαιρέσθω.
2851 817 2960 869 Καὶ
3011 817 3117 884 πρό
3172 833 3235 882 γε
3271 819 3485 870 πάντων
3526 820 3553 869 6
3585 819 3677 871 τοῦ
3748 818 4023 886 σώματκ

2428 906 2700 974 ἁγιασμὸς
2741 905 3146 969 σπουδαζέσθω,
3177 907 3316 958 ὥστε
3366 911 3506 970 ναοῖς
3549 909 3887 976 ἀμολύντοις
3924 908 4022 960 οὗ·

2430 1012 2536 1058 σιν,
2564 998 2916 1066 ὲπιφοιτῆσαι
2946 997 3006 1048 τὸ
3034 997 3276 1067 καθαρὸν
3304 998 3436 1068 ὑμῖν
3475 998 3694 1069 πνεῦμα
3737 1003 3841 1053 καὶ
3877 1004 4024 1051 ἐνοι-

2427 1089 2620 1156 κῆσαι,
2653 1089 2863 1141 καὶτοῦ
2898 1090 3176 1157 ἁγιασμοῦ
3212 1089 3376 1142 αὑτοῦ
3396 1091 3489 1142 καὶ
3519 1095 3616 1159 τῆς
3650 1092 3898 1152 εὐωδίας
3920 1093 4022 1160 τὴν

2425 1182 2604 1251 ψυχὴν
2650 1183 2955 1251 πληρῶσαι.
3013 1185 3260 1254 Πονηρὸν
3311 1185 3470 1254 ὀργὴ,
3507 1187 3598 1236 καὶ
3651 1187 3854 1252 θυμδς,
3920 1186 4021 1237 καὶ

2428 1273 2484 1324 εί
2506 1291 2556 1326 τι
2585 1274 2712 1326 ἄλλο
2741 1274 3000 1342 βλάπτειν
3031 1275 3092 1327 τὸ
3119 1276 3439 1343 φιλάδελφον
3465 1275 3712 1327 δύναται·
3755 1277 3896 1343 ὑμῖν
3939 1277 4019 1336 δὲ,

2427 1367 2565 1420 ἀλλὰ
2596 1367 2760 1418 παντὶ
2785 1369 2970 1436 τρόπῳ
3000 1369 3396 1436 περιποιεῖσθω
3425 1368 3482 1418 τὸ
3519 1367 3805 1435 εἰρηνικόν
3832 1384 3892 1418 τε
3922 1371 4020 1417 καὶ

2425 1460 2655 1530 ἥμερον.
2706 1458 2769 1511 Εἰ
2823 1459 2877 1512 δὲ
2910 1460 3000 1510 καὶ
3029 1457 3268 1527 συμϐαίη
3305 1459 3433 1510 ποτὲ
3481 1459 3723 1526 ἀλλήλων
3795 1460 4016 1525 μεταξῦ

2431 1553 2751 1606 σκάνδαλον·
2797 1551 2872 1622 μὴ
2907 1551 3175 1604 ἐπιδυέτω
3197 1552 3324 1620 ὑμῖν
3359 1554 3386 1603 6
3419 1553 3590 1621 ἣλιος,
3614 1553 3798 1612 οὕτως
3837 1557 4018 1618 ἀφετ-

2428 1645 2539 1710 γῶς
2567 1644 2781 1712 ἔχουσιν
2835 1645 2899 1694 ὲκ
2955 1644 3050 1695 τοῦ
3099 1645 3322 1712 μίσους.
3360 1644 3500 1697 Ἀλλ’
3549 1644 3897 1712 ἀνακλητέον
3943 1646 4016 1705 ὡς

2429 1730 2539 1785 οἷόν
2580 1751 2635 1784 τε
2665 1733 2965 1795 σπουδαίως
2994 1735 3054 1786 τὸ
3075 1736 3172 1803 τῆς
3205 1736 3422 1804 ἀγάπης
3447 1736 3628 1797 καλὸν,
3664 1736 3737 1796 ὡς
3777 1737 3851 1803 μὴ
3895 1737 4014 1798 ἐξὸν

2429 1827 2617 1882 τούτου
2659 1827 2848 1896 χωρὶς,
2884 1827 2973 1876 τὸν
2998 1827 3186 1895 νοητὸν
3237 1827 3364 1878 ἰδεῖν
3396 1828 3564 1895 ἣλιον.
3592 1826 3805 1877 Φαύλου
3831 1829 3888 1878 δὲ
3921 1828 4012 1876 λο-

2433 1921 2632 1990 γισμοῦ
2667 1925 2782 1984 ταῖς
2817 1921 3108 1990 ὑμετέραις
3140 1920 3496 1988 ὲνσπαρέντος
3544 1918 3769 1985 ψυχαῖς,
3808 1920 4012 1985 ἐπιμε-

2433 2017 2519 2075 λὲς
2552 2015 2679 2082 ὑμῖν
2711 2014 2943 2078 γινέσθω
2991 2014 3176 2081 τάχιον
3211 2011 3368 2066 αὑτὸν
3397 2010 3642 2076 ἐξωθεῖν.
3677 2011 3841 2063 Οὕτω
3904 2015 4014 2076 γὰρ

2432 2109 2803 2176 εὐχερεστέρῳ
2845 2107 2980 2175 πρὸς
3010 2108 3106 2167 τὴν
3149 2105 3375 2174 ἐκϐολὴν
3408 2105 3702 2173 χρήσεσθε,
3741 2105 3838 2154 καὶ
3901 2107 4012 2168 γὰρ

2431 2203 2646 2269 ὅσῳπερ
2678 2202 2744 2252 ἂν
2794 2200 2953 2249 πλέον
2999 2199 3336 2265 παραμένειν
3394 2195 3547 2264 ὲῷτο,
3610 2194 3855 2258 τοσούτῳ
3918 2195 4016 2244 καὶ

2437 2293 2652 2344 πλείονα
2695 2290 2919 2355 παρέξει
2981 2289 3048 2340 τὰ
3081 2287 3377 2356 πράγματα
3425 2285 3516 2336 καὶ
3582 2284 4015 2352 δυσμαχώτερςς

2432 2384 2582 2436 ἔσται
2611 2385 2686 2452 τῷ
2720 2380 3197 2448 καταγωνίσασθαι
3226 2378 3549 2446 βουλομένῳ.
3583 2377 3652 2431 Ὀ
3666 2377 3768 2427 πλα
3799 2377 4004 2441 δὲὺμῖν

2434 2478 2574 2531 ἔστω
2608 2479 2742 2547 πρὸς
2764 2478 2854 2529 τὸν
2887 2475 3051 2527 αὑτοῦ
3085 2475 3339 2541 πόλεμον,
3393 2475 3637 2538 νηστεία,
3703 2469 4010 2537 προσευχὴ,

2433 2572 2664 2639 δάκρυα,
2707 2569 2894 2636 μνήμη
2921 2583 2978 2616 τε
3013 2566 3243 2617 Θανάτου
3281 2563 3371 2613 καὶ
3396 2562 3639 2627 γεέννης,
3678 2564 3772 2609 καὶ
3795 2558 3852 2608 τὸ
3871 2559 4013 2608 πᾶν-

2433 2679 2537 2712 των
2563 2659 2912 2728 ἰσχυρότατον
2945 2673 3002 2708 τε
3034 2656 3124 2708 καὶ
3156 2652 3529 2722 φοϐερώτατον
3585 2651 3699 2709 τοῖς
3769 2648 4005 2714 ἐχθροῖς,

2438 2757 2471 2821 ἡ
2535 2752 2778 2821 μακαρία
2813 2751 3158 2808 ταπείνωσις,
3214 2743 3482 2810 ἁσςράλεια
3523 2741 3579 2791 δὲ
3630 2739 3767 2807 πρὸς
3798 2738 3858 2788 το
3905 2753 4008 2804 μη-

2433 2844 2599 2906 δὸλως
2648 2845 2761 2904 τοῖς
2788 2839 3046 2900 τοιούτοις
3086 2834 3406 2889 ἁλίσκεσθαι
3459 2833 3758 2897 λογισμοῖς,
3814 2830 4008 2895 αἰσθή-

2437 2953 2574 2987 σεων
2619 2932 2850 3002 φυλακὴ,
2883 2932 2976 2983 καὶ
3037 2930 3140 2998 πρό
3177 2946 3238 2994 γε
3295 2927 3402 2978 τῶν
3454 2924 3649 2982 ἄλλων,
3703 2920 4008 2987 ὀφθαλμῶν

2435 3029 2528 3078 καὶ
2557 3025 2731 3079 ὢτων.
2773 3022 3050 3075 Ἐντεῦθεν
3072 3019 3177 3087 γὰρ
3209 3018 3436 3076 ἐκείνοις
3468 3013 3640 3083 qui?
3673 3014 3832 3080 ἡμῶν
3862 3013 4007 3062 εἰσο-

2435 3121 2542 3183 δος,
2581 3118 2669 3170 καὶ
2701 3118 2726 3168 6
2756 3116 2843 3167 διὰ
2860 3115 2966 3166 τῶν
2999 3112 3231 3180 θυρίδων
3260 3107 3442 3160 εἰσιὼν
3470 3110 3602 3172 ἡμῖν
3643 3105 3899 3162 θάνατος.

2499 3212 2597 3267 IX.
2620 3209 2820 3276 Κτῆμα
2853 3207 3069 3256 πάντων
3107 3200 3431 3269 τιμιώτατον
3463 3194 3577 3250 οῖδα
3605 3199 3703 3265 τὴν
3737 3195 4006 3261 ἀκτησὶαν

2437 3306 2529 3360 καὶ
2564 3302 2722 3355 τοῦτο
2757 3297 2986 3356 πλοῦτος
3019 3294 3094 3361 τῷ
3141 3293 3352 3358 εὐγενεί
3399 3290 3566 3348 ὅντως
3609 3287 3704 3337 καὶ
3758 3283 4009 3348 ἀκριϐῶς

2437 3395 2730 3464 ἐλευθέρῳ,
2761 3391 2820 3442 τὸ
2853 3388 3090 3457 μηδεμιᾷ
3147 3383 3393 3435 δεδέσθαι
3424 3381 3530 3432 τῶν
3559 3379 3848 3446 παρόντων
3882 3378 4007 3426 επις

2435 3491 2624 3560 Θυμίᾳ.
2686 3484 3003 3552 Ἐπιμετρεῖ
3037 3480 3218 3550 μέντοι
3292 3476 3388 3544 τὴν
3421 3472 3725 3539 ἀναγκαίαν
3774 3468 3852 3536 τῷ
3892 3469 4010 3516 σώ-

2441 3601 2568 3650 ματι
2617 3579 2802 3648 χρείαν
2837 3578 2863 3626 6
2918 3576 3057 3634 θεῖος
3097 3567 3450 3629 Ἀπόστολος·
3484 3567 3761 3634 Ἔχοντες,
3803 3560 4003 3625 λέγων,

2436 3675 2733 3740 διατροφας
2792 3669 2884 3720 καὶ
2955 3665 3316 3730 σκεπάσματα
3388 3658 3599 3718 τούτοις
3661 3653 4006 3723 ἀρκεσθησὸο

2440 3766 2576 3832 μεθα
2598 3779 2611 3792 ·
2640 3760 2808 3812 δεινὸν
2839 3756 3248 3826 ὑψηλοφροσὺνη
3285 3753 3376 3804 καὶ
3405 3751 3478 3810 ὼς
3508 3749 3658 3800 οὐδὲν
3708 3747 3839 3797 ἄλλο
3873 3746 4004 3795 καθ-

2436 3859 2607 3926 αιρεῖν
2680 3853 2992 3920 δυνάμενον,
3045 3849 3078 3917 ἢ
3129 3846 3336 3911 πέςςυκε
3391 3842 3490 3906 μὲν
3558 3839 3634 3898 ὡς
3699 3839 3770 3889 τὰ
3835 3835 4006 3887 πολλὰ

2435 3948 2652 4014 πλούτῳ
2687 3933 3128 4013 κατορθωμάτων
3164 3937 3412 3997 ἕπεσθαι,
3449 3930 3567 3984 εἶτα
3599 3928 3851 3997 γίνεσθαι
3884 3928 4006 3978 τοὺ-

2434 4059 2528 4092 του
2561 4038 2796 4109 χαλεπὸν
2835 4028 3026 4102 ’ἐκείνη
3081 4031 3360 4097 ναυάγιον.
3405 4023 3544 4077 Ἀλλ’
3574 4026 3773 4092 ἕστηκε
3827 4022 4004 4085 Esaia

2436 4133 2568 4202 ἡμῖν
2614 4127 2910 4182 ὑποτείνων
2954 4125 2982 4176 6
3013 4125 3152 4185 θεῖος
3186 4122 3344 4174 πάλιν
3384 4115 3731 4178 Ἀπόστολος,
3787 4115 3884 4165 καὶ
3931 4113 4002 4180 τῷ

2439 4226 2646 4296 ῥήματι
2705 4219 2905 4289 πολλὴν
2931 4217 3186 4285 παρέχων
3211 4215 3321 4275 τοῖς
3344 4205 3456 4262 ὦτα
3487 4211 3671 4278 ἔχουσι
3700 4210 3800 4274 τὴν
3829 4207 4003 4273 ἀσσα-

2435 4317 2609 4371 λειαν.
2664 4314 2721 4365 Ὀ
2779 4311 2888 4380 γὰρ
2920 4307 3088 4362 δοκῶν
3119 4307 3360 4367 ἑστάναι,
3414 4303 3570 4370 φησὶ,
3631 4300 3877 4367 βλεπέτω
3933 4301 4004 4364 μὴ

2438 4409 2599 4475 πέσῃ.
2631 4405 2705 4456 Τὸ
2753 4402 2959 4470 κρίνειν
3001 4401 3093 4450 τίν
3145 4395 3393 4462 ἀδελφὸν,
3439 4391 3767 4454 εὐλαϐητέον
3833 4391 4000 4457 ὁπόση

2437 4496 2968 4565 δύναμιςογέννημα
3027 4490 3135 4558 γὰρ
3189 4487 3347 4538 τοῦτο
3393 4484 3568 4552 ψυχῆς
3620 4481 4004 4550 ὑπεροπτικῶς

2449 4590 2699 4657 ἐχούσης,
2761 4586 2857 4637 καὶ
2906 4581 3248 4651 φαρισαῖκῶς
3296 4578 3389 4630 καὶ
3422 4574 3664 4628 δικαιοῦν
3697 4575 3892 4626 ὲαυτὶν
3921 4574 4002 4624 δια

2441 4681 2540 4748 τῆς
2567 4678 2661 4731 τοῦ
2688 4677 2914 4746 πλησίον
2939 4672 3319 4741 κατακρίσεως
3347 4668 3700 4736 βουλομένου.
3745 4665 3908 4716 Ἀλλὰ
3945 4667 4002 4715 σὺ

2441 4771 2632 4823 τούτου
2684 4767 2946 4829 ἀποστὰς,
3000 4764 3051 4816 εἰ
3094 4777 3174 4814 σοι
3242 4761 3393 4824 ᾳίλον
3449 4757 3672 4823 κρίνειν,
3733 4757 4004 4821 ἐγγύτατα

2447 4856 2670 4910 σεαυτὸν
2687 4856 2845 4924 ἔχων,
2872 4854 2944 4923 μὴ
2961 4853 3225 4912 ὃιαλίποις
3245 4851 3364 4902 ὅσαι
3391 4847 3596 4916 ἡμέραι
3618 4847 3820 4914 κρίνων
3836 4862 3892 4895 τε
3921 4849 4007 4896 καὶ

2443 4951 2767 5018 ἀνακρίνων,
2793 4948 2885 5000 καὶ
2910 4949 2984 5009 ὡς
3023 4946 3220 5014 ἄριστα
3246 4941 3650 5012 διορθούμενος,
3707 4938 4008 5007 Προχειρον

2443 5046 2518 5106 εἰς
2536 5045 2690 5113 ὑὸριν
2715 5043 2947 5109 γαστὴρ,
2969 5037 3164 5092 καὶτὸν
3182 5038 3519 5105 θεραπευτὴν
3541 5035 3740 5094 ἀθλίως
3782 5034 4005 5099 ἀμειϐο-

2450 5138 2618 5204 μένηο
2661 5135 2842 5196 πόνοις
2871 5133 2926 5184 δὲ
2968 5131 3279 5198 κάμπτεται
3356 5127 3448 5179 καὶ
3491 5126 3714 5194 νηστεῖα
3769 5125 4006 5190 δαμάζε-

2446 5227 2671 5291 ται,κα“ι
2699 5227 2773 5288 ὡς
2821 5224 3026 5295 θρασὺς
3057 5223 3242 5283 ἵππος,
3287 5219 3394 5270 τῶν
3455 5218 3706 5270 ἀτάκτων
3766 5219 4004 5282 εἴργεται

2447 5318 2854 5387 σκιρτημάτων.
2892 5315 3004 5383 Τῆς
3027 5311 3328 5381 φιλοξενίας
3363 5310 3492 5377 ὑμῖν
3519 5308 3620 5359 οὑκ
3654 5306 4002 5372 ἐπιληστέονς

2448 5409 2746 5474 ξενίζοντες
2772 5408 2846 5472 δὲ,
2879 5408 2971 5460 καὶ
3001 5406 3127 5464 τοὺς
3161 5404 3326 5461 πόδας
3361 5398 3742 5469 μετριοπαθῶς
3773 5398 4000 5450 νίπτετε⁸

2446 5505 2600 5556 τοῦτο
2635 5504 2742 5572 γὰρ
2793 5498 2981 5568 ἐντολὴ
3016 5495 3277 5568 Χριστοῦ,
3315 5495 3406 5546 καὶ
3444 5492 3660 5561 πρῶτος
3692 5491 3855 5550 αὐτὸς
3882 5490 4006 5557 δρά-

2447 5614 2563 5660 σας,
2602 5597 2735 5665 ὴμῖν
2766 5591 2985 5662 ἔχεσθαι
3019 5590 3113 5642 τοῦ
3151 5587 3341 5657 ὁμοίου
3368 5582 3833 5654 παρεκελεύσατο.
3860 5582 4012 5632 Ἐστι-

2447 5691 2554 5759 γὰρ
2603 5690 2663 5741 οὑ
2700 5685 3088 5758 θεραπευτικὸν
3116 5680 3210 5734 τοῦ
3271 5679 3500 5748 πλησίον
3537 5677 3718 5744 μόνον,
3761 5673 3897 5726 ἀλλὰ
3921 5674 4004 5723 καὶ

2447 5783 2505 5834 τὸ
2538 5781 2770 5852 χαλεπὸν
2799 5780 3011 5846 νόσημα
3041 5775 3141 5843 τῆς
3173 5773 3352 5841 ψυχῆς
3382 5772 3483 5839 τὴν
3539 5770 3736 5836 οἴησιν,
3797 5765 3866 5825 ὡς
3914 5766 4002 5816 οὐκ

2463 5877 2590 5930 ἄλλο
2619 5892 2666 5929 τι
2710 5872 3031 5944 θεραπεύειν
3066 5868 3378 5938 δυνάμενον.
3405 5861 3584 5917 Πολλὰ
3615 5862 3714 5932 μὲν
3761 5859 3851 5912 καὶ
3883 5858 4002 5910 ἄλλο.
