4188 6436
172 394 277 455 917

1376 394 1557 460 VlTA
1599 397 1664 457 S.
1704 397 2194 459 CHARITONIS.

3301 393 3404 461 918

168 508 264 558 τού
295 507 461 576 ῥύπου
486 507 582 576 τῆς
613 510 885 578 ἁμαρτίας
952 511 1245 582 καθάρσια,
1300 513 1327 564 ὁ
1375 511 1613 584 Ποιητὴς
1649 514 1740 568 καὶ
1771 514 1812 572 Α

1847 513 2007 566 nimia
2038 514 2103 566 de
2137 527 2193 566 se
2228 514 2527 582 persuasio.
2558 513 2731 581 Atque
2759 513 2957 566 multas
2985 510 3203 580 quidem
3243 509 3405 562 etiam

176 599 366 669 Σωτὴρ
406 600 511 650 τῶν
540 602 822 671 ἡμετέρων
850 603 1035 673 ἐξεῦρε
1061 605 1264 673 ψυχῶν,
1309 601 1440 672 οἷον,
1495 606 1727 675 δάκρυα,

173 689 544 757 στενάγματα,
581 693 873 763 συντριὸὴν
905 697 1149 764 καρδίας,
1193 697 1469 765 νηστείαν,
1500 713 1732 766 προσευ-

172 779 294 847 χὴν,
321 782 640 848 χαμευνίαν,
671 785 762 835 καὶ
792 785 845 836 εἴ
875 803 925 837 τι
957 787 1080 839 ἄλλο
1105 788 1394 856 φάρμακον
1425 788 1520 855 τῆς
1578 788 1733 855 φιλα-

173 869 323 932 νείας
353 872 618 924 δέδεικται
651 875 959 942 μετανοίας.
1027 877 1166 929 Ἀλλ’
1205 878 1436 930 ἐπίπονα
1471 880 1565 932 καὶ
1631 895 1731 931 κα-

177 963 394 1032 ματηρᾶ
418 964 615 1029 ταῦτα,
651 966 749 1018 κᾶν
779 967 975 1033 πολλὴν
1002 970 1282 1038 παρέχωσι
1323 971 1419 1040 τὴν
1442 970 1728 1038 ὠφέλειαν.

175 1051 273 1102 Ἓν
302 1054 356 1104 δὲ
389 1051 504 1106 οἶδα
536 1056 670 1108 πάνυ
714 1056 812 1122 μὲν
849 1057 1078 1121 ἄπονον,
1115 1061 1253 1112 πάνυ
1285 1061 1340 1113 δὲ
1371 1062 1609 1128 καθᾶραι
1641 1059 1734 1130 ῥύ-

170 1156 273 1192 πον
300 1143 475 1211 ψυχῆς
504 1145 871 1213 ἰσχυρότατον.
906 1144 972 1198 Τί
1002 1146 1160 1198 τοῦτὸ
1195 1150 1309 1200 ἐστι
1337 1163 1348 1210 ;
1406 1149 1482 1200 Τὸ
1513 1150 1731 1215 ἀφιέναι

169 1234 285 1292 τοῖς
313 1233 566 1284 πταίσασι
612 1234 672 1285 τὸ
703 1235 1025 1304 ἁμάρτημα.
1069 1237 1244 1304 Ὀπερ
1274 1237 1334 1288 οὐ
1393 1237 1469 1306 τῷ
1502 1237 1618 1307 Θεῷ
1644 1239 1735 1305 μό-

171 1338 263 1372 νον
304 1321 454 1388 φίλον
485 1323 621 1387 ἐστὶ,
655 1324 749 1376 καὶ
788 1323 942 1374 λύσιν
975 1323 1068 1375 ἀπ’
1117 1324 1328 1376 ἐκείνου
1393 1324 1498 1377 τῶν
1538 1326 1734 1394 ἡμετέ-

177 1430 286 1479 ρων
319 1413 608 1480 πρεσϐεύει
643 1415 847 1478 κακῶν,
879 1415 1013 1466 ἀλλὰ
1051 1415 1144 1466 καὶ
1185 1417 1450 1485 τιμωρίας
1477 1416 1733 1479 πολλάκις

174 1505 530 1575 σφοδρότερον
572 1507 802 1559 ἅπτεται
835 1507 928 1559 τοῦ
967 1509 1368 1577 ἡμαρτηκότος,
1403 1509 1496 1560 καὶ
1549 1509 1734 1562 δοῦλον

171 1597 293 1648 ἀντ’
333 1597 617 1666 ἐλευθέρου
657 1599 732 1667 τῷ
781 1601 1138 1667 συνεγνωκότι
1174 1603 1319 1652 ποιεῖ
1447 1601 1596 1652 δοκεῖ
1641 1600 1734 1653 καὶ

173 1690 282 1749 τοῖς
333 1687 584 1760 θύραθεν,
616 1689 944 1763 Συγγνώμη,
976 1691 1210 1759 λέγουσι,
1241 1691 1510 1760 τιμωρίας
1556 1691 1736 1761 κρείτ-

169 1795 298 1831 των.

244 1953 347 2011 IE'.
382 1955 564 2011 Ταῦτα
588 1956 682 2010 καὶ
709 1959 878 2012 πολλὰ
895 1955 1028 2013 ἄλλα
1057 1960 1281 2014 τοιαίτα
1305 1964 1418 2026 τοῖς
1443 1967 1732 2033 φοιτηταῖς

172 2046 429 2113 εἰρηκὼς,
459 2048 824 2118 ἐπευξάμενός
849 2068 908 2103 τε
939 2051 1116 2122 ψυχῆς
1151 2053 1447 2123 σωτηρίαν,
1507 2055 1601 2107 καὶ
1644 2055 1735 2106 εύ-

173 2136 410 2207 λογήσας
451 2140 668 2208 αὐτοὺς,
702 2142 960 2211 οὐδεμίαν
1007 2146 1160 2198 νόσου
1219 2146 1401 2199 λαϐὼν
1467 2146 1734 2216 αἴσθησιν,

173 2227 294 2279 ούδέ
328 2230 570 2297 ἀλγήσας
618 2248 668 2282 τι
708 2233 815 2284 τῶν
858 2235 1063 2304 μορίων
1095 2235 1188 2289 τοῦ
1226 2238 1503 2307 σώματος.
1535 2241 1736 2292 ἀναπε-

178 2320 284 2370 σὼν
320 2319 375 2371 ἐν
407 2337 510 2372 τινι
540 2321 645 2373 τῶν
697 2328 1011 2393 σκιμπύδων
1040 2329 1208 2398 ἀνῆκε
1240 2331 1339 2398 μὲν
1388 2333 1513 2394 τοὺς
1548 2333 1734 2400 πόδας,

174 2410 352 2476 ἀφῆκε
381 2410 436 2462 δὲ
469 2411 564 2480 τὴν
598 2416 875 2484 μακαρίαν
903 2418 1102 2487 ψυχὴν,
1132 2421 1380 2489 χαίρουσι
1440 2425 1738 2495 χαίρουσαν

177 2504 288 2564 τοῖς
325 2501 550 2570 ἀγαθοῖς
601 2505 770 2575 αὐτὴν
822 2509 1098 2579 παραδοὺς
1139 2512 1414 2579 ἀγγέλοις,
1470 2518 1622 2584 χερσί
1678 2535 1737 2568 τε

172 2595 379 2659 ἁγίαις,
431 2595 620 2667 ὥσπερ
677 2598 821 2663 είκδς
855 2595 944 2671 ἦν,
978 2601 1055 2671 τῷ
1093 2603 1259 2672 τάφιῳ
1294 2609 1736 2674 παραπεμφθεὶς,

173 2686 254 2745 είς
299 2685 396 2756 τὴν
457 2687 688 2757 ἄληκτον
739 2692 1052 2759 μεταϐαίνει
1116 2694 1281 2764 ζωὴν,
1354 2696 1481 2750 ἔνθα
1530 2698 1738 2770 ἀπέδρα

173 2777 355 2844 ὀδύνη,
385 2779 526 2846 λύπη
564 2782 660 2834 καὶ
697 2785 1038 2854 στεναγμός·
1072 2787 1198 2840 ἔνθα
1250 2790 1544 2858 πρόσωπον
1606 2792 1739 2861 πρὸς

179 2867 490 2936 πρόσωπον,
557 2875 667 2935 τοῖς
703 2875 961 2944 καθαροῖς
987 2878 1084 2948 τὴν
1119 2881 1365 2949 καρδίαν,
1409 2882 1564 2951 ἠτῆς
1591 2883 1738 2946 Θείας

176 2961 406 3030 Τριάδος
460 2964 729 3032 ἑμφάνεια
762 2966 1004 3035 γίνεται·
1056 2969 1184 3022 ἔνθα
1245 2973 1597 3042 παράκλησις
1647 2974 1740 3025 καί

175 3054 504 3118 ἀνάπαυσις,
545 3057 656 3120 τοῖς
687 3059 763 3129 τῷ
793 3059 937 3130 καλῷ
971 3062 1402 3134 προσιδρώσασιν
1432 3065 1738 3134 ἀμπελῶνι,

176 3145 270 3195 καὶ
310 3144 406 3210 τὴν
459 3145 712 3201 ἐπίπονον
756 3152 852 3203 καὶ
899 3157 1156 3222 τραχεῖαν
1195 3157 1292 3218 τῆς
1342 3157 1544 3226 ἀρετῆς
1593 3158 1739 3211 ὁδεύ-

178 3252 324 3289 σασι.
349 3238 493 3310 Πλὴν
526 3241 660 3294 ἀλλὰ
694 3243 934 3296 τοιοῦτον
967 3247 1066 3312 μὲν
1091 3245 1213 3315 ἔσχε
1246 3249 1502 3316 Χαρίτων
1535 3250 1596 3302 τὸ
1640 3252 1737 3319 τῆς

175 3329 320 3397 ζωῆς
343 3331 514 3396 τέλος,
547 3333 644 3386 οὐκ
702 3334 892 3403 ἄδηλον
942 3335 1017 3402 δὲ,
1058 3337 1178 3390 οὐδὲ
1219 3339 1323 3409 πρὸ
1360 3338 1452 3391 τοῦ
1508 3339 1734 3394 Θανάτου

175 3421 344 3488 μηδὲν
373 3424 498 3492 περὶ
523 3423 711 3477 τούτου
752 3428 1020 3496 προγνούς
1039 3430 1212 3484 τεκαὶ
1235 3431 1734 3504 προφθεγξάμενος,

171 3513 362 3582 ῶσπερ
393 3515 492 3585 ἤδη
543 3519 635 3570 καὶ
671 3518 974 3589 φθάσαντες
1005 3523 1386 3594 ἐγνωρίσαμεν
1413 3539 1426 3554 °
1455 3524 1589 3578 ἀλλά
1642 3529 1737 3579 καὶ

175 3608 302 3675 περὶ
329 3609 517 3671 αὑτοῦ,
567 3612 658 3660 καὶ
698 3611 794 3661 τοῦ
835 3613 1122 3678 μέλλοντος
1171 3615 1526 3684 ἐκταράττειν
1575 3617 1735 3668 σάλου

171 3700 270 3759 τὰς
293 3698 587 3765 ἐκκλησίας
613 3703 948 3772 προμυηθεὶς
971 3705 1364 3776 ἀκριϐέστατα.

242 3787 360 3855 ΚΓ.
385 3791 524 3844 Ὅσα
556 3793 755 3856 τοίνυν,
791 3796 1085 3867 ἀγαπητοὶ,
1109 3798 1215 3849 τῶν
1243 3799 1454 3852 ἐκείνου
1487 3797 1736 3868 πράξεων

173 3884 265 3934 καὶ
309 3882 621 3953 θαυμάτων,
689 3887 880 3952 χρόνον
915 3903 973 3937 τε
1014 3892 1109 3938 καὶ
1154 3888 1322 3958 λήθην
1356 3891 1596 3960 ἠδυνήθη
1625 3893 1708 3943 δια

173 3977 386 4040 φυγεῖν,
419 3975 587 4026 ταῦτα
632 3976 942 4042 φιλοκάλοις
991 3979 1144 4049 ὑμῶν
1191 3981 1380 4043 ἀκοαῖς
1431 3983 1734 4052 παραδεδώ·

174 4082 372 4132 καμεν.
407 4066 540 4118 Οὐδὲ
575 4067 682 4138 γὰρ
721 4069 900 4138 ὀλίγον
931 4072 990 4124 τὸ
1044 4072 1247 4141 μεταξὺ
1310 4073 1408 4143 τῆς
1462 4073 1735 4146 Αὖρηλια·

174 4153 266 4208 νοῦ
306 4157 582 4225 βασιλείας
649 4160 744 4213 καὶ
790 4164 952 4232 μέχρι
994 4165 1235 4234 τήμερον
1287 4164 1378 4218 τοῦ
1413 4167 1604 4236 χρόνου
1629 4166 1739 4221 διά·

176 4265 381 4318 στημα.
429 4249 581 4303 Ἐπεὶ
639 4255 730 4304 καὶ
787 4255 919 4323 παρ’
965 4256 1178 4320 οὐδενὸς
1223 4258 1373 4326 οῄδὲν
1445 4261 1736 4329 ἐγγράφως

173 4341 535 4409 καταλειφθὲν
569 4346 726 4411 ἡμεῖς
765 4347 1171 4415 παρελάϐομεν,
1207 4350 1270 4399 ἐκ
1321 4348 1415 4400 τοῦ
1450 4351 1734 4414 σπανίζειν

172 4433 262 4482 τὸν
313 4433 431 4483 τότε
472 4434 680 4502 χρόνον,
706 4434 764 4485 ού
797 4436 1046 4506 μοναχῶν
1102 4441 1284 4507 μόνον,
1308 4437 1442 4492 ἀλλὰ
1477 4441 1570 4493 καὶ
1603 4443 1735 4514 Χρι-

176 4524 409 4576 στιανῶν
458 4526 642 4590 ἁπλῶς
702 4529 795 4582 καὶ
845 4530 923 4600 τῷ
987 4535 1127 4598 quiti.
1176 4535 1591 4601 σημειωθέντων
1640 4538 1737 4606 τῆς
1771 4566 1812 4618 D

174 4615 546 4680 ἐπιγνώσεως,
591 4620 725 4685 πρὸς
747 4620 800 4670 δὲ
828 4623 922 4671 καὶ
956 4622 1134 4672 αὐτῶν
1162 4625 1270 4675 τῶν
1297 4624 1467 4677 ὄντων
1518 4627 1738 4679 κλονου-

179 4704 358 4772 μένων
391 4705 728 4777 καθεκάστην
758 4712 868 4772 τοῖς
909 4709 1201 4780 διωγμοῖς.
1251 4711 1467 4766 Ἐκεῖνα
1500 4713 1555 4767 δέ
1577 4715 1736 4779 εἰσιν,

174 4791 250 4850 ὧν
296 4801 456 4868 ἡμεῖς
519 4800 754 4855 ἐνταῦθα
804 4804 902 4872 τὴν
965 4805 1186 4875 μνήμην
1241 4806 1645 4876 ἐποιησάμεθα,
1708 4806 1743 4860 δι

177 4891 450 4954 Θεοφιλεῖς
478 4893 669 4962 ἄνδρες
717 4896 808 4946 καὶ
837 4896 1177 4966 φιλαλὴθεις,
1220 4904 1348 4962 παῖς
1371 4901 1518 4970 παρά
1539 4903 1742 4972 πατρὶς

176 4982 640 5050 παραλαμϐάνων,
659 4989 970 5054 σωματικοῦ
987 5005 1066 5054 τε,
1086 4991 1248 5058 φημὶ,
1266 4991 1359 5044 καὶ
1375 4991 1742 5060 πνευματικοῦ

178 5072 348 5141 μέχρι
387 5076 502 5126 ’καὶ
562 5076 718 5146 ἡμῶν
781 5077 1128 5132 διεσώσαντο·
1186 5082 1265 5144 εἰς
1328 5082 1484 5146 δόξαν
1535 5083 1744 5152 Πατρὺς

177 5164 273 5215 καὶ
303 5163 427 5216 Υἰοῦ
457 5169 547 5220 καὶ
584 5170 735 5236 ἁγῖου
779 5169 1108 5238 Πνεῦματος,
1137 5171 1234 5241 τῆς
1263 5175 1388 5238 μιᾶς
1426 5173 1515 5225 καὶ
1547 5175 1743 5241 ὁμοον-

177 5261 298 5313 σίου
346 5259 626 5328 Θεότητος,
746 5261 946 5328 πρέπει
988 5264 1136 5316 πᾶσα
1177 5263 1332 5330 δόξα,
1387 5267 1524 5336 τιμή
1557 5282 1616 5317 τε
1653 5268 1744 5319 καὶ

177 5352 548 5418 προσκύνησις
592 5351 686 5403 νῦν
714 5354 804 5406 καὶ
841 5353 925 5404 ἀεὶ
960 5355 1054 5406 καὶ
1082 5356 1158 5418 είς
1198 5359 1318 5418 τοὺς
1359 5356 1741 5427 ἀτελευτήτους

178 5439 377 5507 αἰῶνας
403 5443 507 5497 τῶν
561 5443 784 5504 αἰώνων,
829 5445 1016 5517 ’Λμήν.

1839 604 1969 656 alias
2000 604 2203 671 peccati
2230 603 2471 656 sordium
2509 604 2845 671 expiationes
2876 602 3081 655 invenit
3103 600 3331 654 Creator
3351 609 3404 653 et

1842 694 2092 748 Salvator
2150 703 2460 747 nostrarum
2516 695 2845 756 animarum,
2887 700 3069 760 utpote
3119 691 3405 758 lacrymas,

1838 785 2091 855 gemitus,
2129 783 2308 837 cordis
2355 784 2766 846 conti-itionem,
2801 783 3091 853 jejunium,
3136 780 3406 848 precatio-

1839 892 1982 939 nem,
2012 875 2162 928 humi
2188 876 2557 939 cubationem,
2591 885 2645 927 et
2669 875 2713 927 si
2749 873 2892 942 quod
2941 883 3023 927 est
3056 871 3196 925 aliud
3234 871 3405 924 medi-

1839 975 2143 1020 camentum
2193 966 2437 1034 benignae
2485 966 2836 1033 pcenitentim.
2873 964 2978 1019 Sed
3019 962 3250 1017 difﬁcilia
3278 969 3405 1014 sunt

1841 1057 1953 1109 bznc
1977 1065 2030 1108 et
2057 1054 2344 1118 laboriosa,
2397 1055 2606 1108 etiamsi
2645 1055 2865 1107 multam
2896 1054 3175 1123 praebeant
3204 1052 3404 1105 utilita-

1841 1155 1968 1201 tem.
2003 1145 2184 1200 Unum
2203 1156 2380 1198 autem
2411 1145 2559 1208 novi,
2589 1147 2733 1212 quod
2766 1155 2849 1199 est
2873 1145 3158 1198 admodum
3185 1143 3400 1210 quidem

1838 1252 2030 1306 expers
2065 1237 2281 1301 laboris,
2323 1238 2388 1290 ad
2416 1236 2724 1307 purgandas
2766 1247 2949 1290 autem
2980 1236 3172 1288 animae
3211 1235 3406 1288 sordes

1839 1336 1922 1382 est
1970 1331 2384 1384 validissimum.
2413 1330 2552 1396 Quid
2582 1331 2680 1383 hoc
2704 1329 2820 1383 est?
2847 1329 2916 1381 lis
2946 1333 3036 1395 qui
3056 1328 3401 1396 delinquunt,

1838 1429 2056 1487 peccata
2091 1421 2386 1475 dimittere.
2412 1420 2563 1485 Quod
2584 1420 2800 1490 quidem
2838 1434 2945 1472 nun
2976 1427 3057 1472 est
3085 1418 3257 1472 solum
3295 1417 3405 1470 Deo

1839 1521 2075 1580 gratum,
2110 1522 2164 1564 et
2190 1522 2504 1565 nostrorum
2532 1512 2796 1564 malorum
2841 1512 2907 1564 ab
2941 1524 3004 1563 eo
3032 1517 3220 1562 exurat
3250 1507 3404 1561 solu-

1843 1602 2065 1663 tionem,
2103 1602 2195 1653 sed
2229 1601 2392 1654 etiam
2428 1601 2693 1670 supplicio
2733 1615 2875 1669 saepe
2912 1599 3287 1655 vehementius
3319 1607 3403 1650 at-

1843 1691 2000 1761 tingit
2030 1706 2174 1754 cum,
2207 1691 2298 1760 qui
2331 1692 2596 1759 peccavit,
2632 1699 2685 1743 et
2717 1691 2998 1759 prolibero
3034 1690 3161 1743 facit
3187 1704 3403 1742 servum

1842 1783 1912 1848 ci,
1945 1783 2037 1852 qui
2094 1782 2337 1851 ignovit:
2370 1781 2644 1850 quomodo
2676 1781 2839 1835 etiam
2894 1780 3130 1844 videtur,
3166 1779 3405 1834 externis

1769 1867 1808 1920 Β
1838 1875 2179 1930 dicentibus:
2219 1875 2310 1928 Est
2340 1873 2496 1928 venia
2534 1873 2801 1942 supplicio
2834 1874 3127 1942 potentior.

1908 1964 2018 2018 XV.
2056 1964 2190 2018 Cum
2242 1964 2357 2018 haec
2403 1971 2458 2016 et
2505 1962 2670 2016 multa
2713 1961 2817 2015 alia
2863 1959 3129 2030 ejusmodi
3186 1960 3406 2014 dixisset

1836 2054 2140 2121 discipulis,
2166 2064 2219 2106 et
2254 2063 2508 2122 precatus
2549 2061 2696 2105 esset
2739 2051 2968 2104 salutem
3001 2051 3217 2111 animat,
3242 2059 3296 2102 et
3327 2050 3406 2102 eis

1837 2145 2226 2210 benedixisset,
2260 2144 2468 2198 nullum
2501 2152 2681 2196 autem
2732 2142 3035 2211 accepisset
3069 2139 3244 2194 morbi
3279 2155 3407 2193 sen~

1837 2249 1978 2298 sum,
2013 2249 2190 2303 neque
2223 2233 2456 2301 partium
2493 2233 2737 2302 corporis
2766 2233 2930 2285 ullum
2965 2231 3223 2285 sensisset
3256 2230 3408 2282 dolo~

1840 2343 1979 2391 rem,
2017 2328 2069 2380 in
2100 2328 2333 2396 quodam
2373 2327 2516 2380 lecto
2561 2326 2909 2386 accumbens,
2944 2322 3155 2377 remisit
3185 2320 3404 2388 quidem

1839 2415 2024 2484 pedes,
2051 2413 2231 2468 emisit
2277 2423 2458 2467 autem
2499 2413 2713 2466 beatam
2761 2426 2974 2482 quoque
3019 2409 3278 2470 animam,
3313 2407 3403 2460 la:-

1841 2505 2077 2558 tantibus
2130 2505 2303 2558 laetam
2338 2519 2455 2556 eam
2512 2503 2731 2556 tradens
2776 2502 3006 2570 angelis;
3046 2501 3405 2568 manibusque

1838 2596 2062 2659 sanctis,
2103 2604 2158 2649 ut
2208 2612 2304 2662 par
2361 2603 2498 2659 erat,
2535 2592 2819 2648 mandatus
2865 2592 3177 2661 sepulturae,
3211 2590 3407 2642 transit

1837 2687 1904 2739 ad
1933 2687 2117 2749 vitam,
2149 2702 2268 2755 quze
2297 2702 2571 2754 nunquam
2598 2686 2816 2740 desinit.
2864 2685 2982 2751 Quo
3012 2685 3062 2737 in
3099 2684 3218 2737 loco
3250 2681 3408 2735 aufu-

1838 2777 1912 2848 git
1940 2777 2115 2839 dolor,
2140 2777 2392 2831 molestia
2417 2790 2470 2830 et
2499 2777 2752 2847 gemitus.
2788 2776 2906 2841 Quo
2939 2777 2991 2828 in
3018 2776 3134 2828 loco
3166 2775 3302 2828 facie
3338 2773 3406 2826 ad

1840 2869 2034 2922 faciem
2065 2868 2152 2931 iis,
2180 2868 2268 2937 qui
2310 2877 2437 2923 sunt
2489 2867 2694 2920 mundo
2739 2865 2922 2931 corde,
2950 2864 3191 2919 cernitur
3221 2863 3406 2916 divina

1841 2960 2096 3013 Trinitas.
2129 2960 2245 3026 Quo
2283 2963 2334 3015 in
2360 2962 2480 3017 loco
2511 2970 2593 3016 est
2615 2959 2800 3014 lzetitia
2818 2968 2872 3012 et
2904 2955 3193 3013 exsultatio
3221 2954 3408 3009 ineffa—

1839 3053 1982 3108 bilis.
2020 3054 2138 3119 Quo
2171 3057 2221 3107 in
2252 3056 2370 3109 loco
2401 3065 2484 3108 est
2511 3055 2808 3108 consolatio
2841 3059 2894 3106 et
2929 3053 3143 3119 requies
3192 3050 3277 3113 iis,
3311 3047 3404 3115 qui

1844 3143 1896 3197 in
1953 3145 2180 3213 pulchra
2225 3145 2560 3200 sudaverunt
2605 3145 2781 3209 vinea,
2815 3153 2868 3198 et
2901 3143 3130 3213 ingressi
3166 3147 3293 3194 sunt
3326 3140 3405 3191 la-

1845 3236 2121 3290 boriosum
2156 3247 2208 3290 et
2243 3252 2494 3306 asperum
2547 3238 2650 3291 iter
2679 3235 2917 3290 virtutis.
2950 3233 3057 3289 Sed
3099 3233 3258 3286 talem
3290 3230 3407 3300 qui-

1843 3325 1966 3377 dem
2017 3325 2206 3378 habuit
2270 3328 2390 3380 vitae
2427 3328 2628 3380 exitum
2677 3326 2958 3390 Chariten,
2984 3339 3092 3377 non
3140 3323 3229 3391 qui
3280 3333 3404 3376 ante

1844 3427 2074 3471 mortem
2116 3417 2248 3472 nihil
2300 3419 2680 3489 praescivisset,
2727 3426 2822 3472 aut
2872 3416 3225 3488 praedixisset,
3263 3413 3404 3468 sicut

1844 3512 1996 3580 prius
2036 3511 2272 3566 diximus
2314 3531 2326 3565 :
2359 3513 2453 3567 sed
2497 3513 2561 3567 de
2592 3528 2676 3577 ea,
2707 3521 2761 3566 et
2803 3511 2871 3565 de
2913 3519 3251 3578 tempestate,
3285 3522 3405 3576 quae

1843 3610 1958 3652 erat
1991 3612 2244 3654 vexatura
2275 3603 2565 3670 Ecclesias,
2593 3602 2996 3658 accuratissime
3025 3599 3404 3671 signiﬁcasset.

1913 3797 2050 3854 XVI.
2081 3796 2428 3869 Quaecunque
2470 3813 2622 3869 ergo,
2655 3813 2686 3852 ο
2716 3796 2922 3861 dilecti,
2956 3812 3020 3851 ex
3064 3796 3209 3850 illius
3252 3793 3408 3847 factis

1845 3899 1897 3944 et
1934 3890 2226 3952 miraculis,
2261 3901 2470 3961 tempus
2499 3901 2554 3945 et
2587 3891 2912 3944 oblivionem
2944 3893 3238 3959 potuerunt
3271 3885 3408 3940 ellu-

1844 3996 1988 4050 gere,
2026 3996 2086 4032 ea
2117 3982 2372 4034 studiosis
2406 3982 2598 4034 vestris
2646 3982 2870 4034 auribus
2917 3979 3257 4034 tradidimus.
3303 3973 3407 4029 Ne-

1841 4087 1948 4142 que
2010 4073 2156 4127 enim
2207 4073 2552 4127 intervallum
2608 4073 2876 4128 modicum
2931 4071 3071 4126 inter
3124 4058 3406 4124 Aureliani

1845 4165 2130 4234 imperium
2190 4175 2242 4220 et
2286 4166 2390 4219 hoc
2439 4175 2652 4234 tempus
2704 4165 3009 4220 intercedit.
3048 4161 3156 4217 Nos
3197 4161 3340 4216 enim
3375 4175 3405 4214 a

1844 4257 1992 4310 nullo
2034 4257 2250 4325 scriptis
2293 4257 2585 4326 quidquam
2635 4257 2947 4309 mandatum
2996 4255 3306 4324 accepimus
3340 4269 3405 4307 ex

1844 4349 1966 4412 hoc,
2000 4348 2143 4418 quod
2175 4363 2239 4402 eo
2276 4357 2517 4418 tempore
2548 4358 2734 4402 essent
2766 4347 2918 4416 pauci
2945 4362 3054 4400 non
3082 4345 3255 4400 solum
3285 4360 3403 4398 mo-

1842 4441 2025 4504 nachi,
2060 4441 2154 4496 sed
2185 4441 2345 4494 etiam
2391 4442 2615 4495 omnino
2659 4439 2976 4505 Christiani,
3007 4448 3060 4493 et
3095 4437 3184 4507 qui
3218 4443 3405 4492 essent

1843 4537 2036 4606 signati
2077 4536 2196 4588 luce
2242 4535 2568 4603 cognitionis
2603 4550 2615 4584 :
2650 4532 2683 4584 ii
2719 4541 2920 4595 autem,
2953 4531 3043 4597 qui
3081 4536 3255 4592 erant,
3291 4527 3401 4596 agi-

1842 4630 2095 4680 tabantur
2148 4623 2477 4693 quotidianis
2525 4619 3018 4693 persecutionibus.
3075 4617 3170 4671 llla
3220 4623 3402 4669 autem

1842 4727 1988 4782 sunt,
2021 4731 2249 4786 quorum
2288 4715 2377 4770 hic
2402 4715 2629 4770 fecimus
2665 4713 3020 4775 mentionem,
3052 4725 3168 4780 quae
3203 4707 3302 4761 viri
3329 4707 3402 4776 pii

1842 4823 1898 4866 et
1921 4811 2159 4866 veritatis
2201 4820 2494 4873 amatores,
2533 4807 2674 4861 filius
2707 4821 2735 4859 a
2779 4812 2931 4875 patre
2961 4801 3255 4873 accipiens,
3283 4813 3404 4853 cor-

1843 4902 2036 4972 porali,
2067 4901 2306 4968 inquam,
2332 4910 2388 4953 et
2424 4898 2674 4968 spiritali,
2703 4902 3097 4951 conservarunt
3123 4890 3188 4944 ad
3216 4898 3399 4943 nostra

1845 5008 2012 5062 usque
2037 5001 2280 5061 tempora
2317 5007 2331 5044 :
2376 4990 2442 5044 ad
2469 4989 2694 5060 gloriam
2731 4987 2925 5050 Patris,
2959 4994 3014 5039 et
3047 4983 3168 5036 Filii
3199 4979 3400 5050 etSpi-

1843 5085 1978 5139 ritus
2004 5086 2201 5146 sancti,
2234 5085 2393 5137 unius
2422 5091 2476 5136 et
2502 5081 2744 5151 ejusdem
2776 5077 3022 5133 essentia:
3051 5071 3356 5128 Divinitatis
3383 5085 3398 5123 :

1841 5191 2002 5244 quam
2034 5175 2190 5228 decet
2218 5176 2395 5226 omnis
2426 5172 2610 5240 gloria,
2651 5171 2840 5234 honor,
2870 5177 2924 5223 et
2955 5163 3198 5222 adoratio
3230 5173 3398 5225 nunc,

1843 5276 1896 5323 et
1936 5271 1988 5322 in
2023 5267 2214 5322 smcnla
2245 5265 2587 5321 seculorum.
2620 5261 2813 5318 Amen.
