4188 6436
240 395 346 461 921

1535 397 1716 459 VITA
1758 400 1818 460 S.
1848 399 2174 460 CYRIACI.

3369 394 3477 457 922

239 509 373 568 τοὺς
429 506 567 559 κατὰ
598 503 790 572 γενεὰν
853 502 1091 576 ἑκάστην
1144 504 1576 576 ιὺηρεστηκότας
1619 503 1805 573 αὐτῷ,

1914 510 2060 561 tione
2087 508 2436 576 placuerunt,
2468 515 2614 559 tanto
2642 504 2712 558 sit
2741 505 2946 557 honore
2973 501 3244 571 dignatus,
3273 517 3476 572 eosque

240 595 579 664 τηλικαύτης
628 595 826 664 ἠξίωσε
871 598 967 665 τῆς
1000 597 1187 666 τιμῆς,
1223 598 1314 649 καὶ
1356 597 1639 668 λαμπροὺς
1668 595 1810 650 οὕτω

241 690 340 740 καὶ
379 687 690 758 περιδόξους
721 688 986 756 πεποίηκε
1027 691 1114 742 τὸν
1158 690 1256 758 μὲν
1291 687 1454 742 Ἅϐελ
1497 691 1586 744 διὰ
1619 691 1809 752 θυσίας

239 777 495 842 δοξασας,
547 778 637 830 τὸν
668 778 722 830 δὲ
773 777 944 848 Ἑνὼχ
988 780 1485 849 διέὑαρεστὴσεως
1529 782 1593 850 τῇ
1644 797 1810 849 μετα-

241 869 393 921 θέσει
436 869 667 938 τιμήσας
691 885 702 898 ·
738 870 825 922 διὰ
861 869 1228 936 δικαιοσύνης,
1275 870 1546 940 σπινθῆρα.
1579 871 1669 923 τοῦ
1719 870 1810 937 γέ-

241 970 370 1015 νους
417 954 504 1007 τὸν
550 956 670 1007 Νῶε
711 955 1016 1025 [σπινθῆρα
1066 956 1141 1026 τῷ
1171 958 1293 1009 Νῶε
1322 960 1336 988 ¹
1408 959 1646 1027 φυλάξας
1672 975 1684 987 ·
1723 960 1810 1010 τὸν

254 1044 529 1113 Ἀϐραὰμ,
560 1045 647 1099 διὰ
695 1047 926 1108 πίστεως
973 1047 1182 1116 πατέρα
1228 1048 1437 1101 πολλῶν
1466 1050 1636 1102 ἐθνῶν
1683 1050 1810 1102 ἀνα-

241 1133 468 1200 δείξας·
528 1137 625 1203 τὴν
694 1135 888 1205 εὐσεϐῆ
959 1136 1052 1188 τοῦ
1122 1137 1455 1206 Μελχισεδὲκ
1512 1139 1809 1208 ἱερωσύνην

243 1226 688 1294 ἀποδεξάμενος·
740 1225 1017 1297 ὑπομονῆς
1068 1245 1126 1281 τε
1179 1231 1268 1281 καὶ
1315 1230 1668 1299 σωφροσύνης
1718 1232 1809 1285 τὸν

263 1314 463 1382 Ἰωσὴφ
492 1316 673 1367 εἰκόνα
703 1315 777 1383 τῷ
812 1315 929 1384 βίῳ,
960 1317 1050 1369 καὶ
1079 1317 1168 1370 τὸν
1214 1316 1332 1369 Ἰὼϐ
1361 1321 1802 1389 παρασχόμενος·

241 1406 338 1456 τὸν
378 1406 576 1458 Μωσέα
616 1407 913 1478 νομοθέτην
949 1407 1267 1472 ἀναδείξας⁶
1305 1409 1504 1480 σελήνῃ
1539 1413 1634 1465 καὶ
1675 1412 1809 1483 ἡλίῳ

242 1497 462 1564 ἡνίοχον
501 1496 708 1566 Ἰησοῦν
744 1498 832 1551 τὸν
859 1499 949 1552 τοῦ
988 1499 1146 1568 Ναυῆ
1182 1501 1562 1568 καταστήσας’
1596 1505 1810 1572 προφή-

239 1602 365 1655 την,
400 1587 492 1638 καὶ
517 1587 763 1656 βασιλέα,
799 1589 891 1642 καὶ
929 1589 1165 1661 φρικτοῦ
1210 1593 1508 1662 μυστηρίου
1549 1592 1811 1662 πρόγονον

238 1681 336 1730 τὸν
395 1679 563 1734 Δαυῖδ
624 1682 948 1748 ἀποδείξας·
1002 1684 1102 1750 τῆς
1167 1684 1507 1746 Βαϐυλωνίας
1580 1687 1809 1754 καμίνου

238 1769 344 1836 τὴν
377 1769 549 1836 φλόγα
577 1771 688 1834 τοῖς
722 1772 904 1823 παισὶν
934 1771 1012 1832 είς
1042 1771 1231 1840 δρόσον
1266 1773 1667 1840 μεταποιήσας.

1911 604 2044 656 adeo
2069 603 2241 655 claros
2272 598 2510 654 eil'ecerit
2546 610 2597 654 et
2630 599 2910 669 gloriosos,
2946 605 3003 649 ut
3030 595 3120 664 qui
3170 595 3302 648 Abel
3355 611 3479 666 pro—

1911 700 2029 766 pter
2048 695 2371 749 sacrificium
2417 693 2581 764 gloria
2629 690 2870 744 affecerit
2903 705 2916 748 :
2953 687 3138 741 Enoch
3189 695 3478 756 propterea

1909 789 2051 856 quod
2081 788 2129 841 ei
2173 787 2455 856 placuerit,
2491 785 2842 838 translatioiie
2888 781 3169 834 honorarit
3204 796 3218 832 :
3258 791 3479 849 propter

1908 881 2196 949 justitiam,
2249 878 2533 933 scintillam
2570 875 2783 944 generis
2824 872 2935 926 Noe
2974 871 3204 925 servarit
3236 888 3248 924 :
3309 870 3480 924 Abra-

1913 968 2059 1027 ham,
2115 976 2336 1035 proriter
2385 965 2569 1028 ﬁdem,
2621 974 2826 1033 patrem
2887 960 3176 1015 multarum
3231 958 3476 1028 gentium

1911 1057 2194 1111 effecerit:
2232 1058 2377 1126 pium
2436 1055 2829 1109 Melchisedech
2893 1053 3264 1107 sacerdotium
3324 1065 3479 1105 acce-

1912 1159 2062 1217 ptum
2131 1148 2741 1217 liabuerit:patienti:e
2801 1155 2856 1199 et
2920 1144 3203 1206 castitatis,
3267 1143 3474 1212 Joseph

1911 1240 2201 1309 imaginem
2243 1239 2466 1303 mundo,
2503 1248 2555 1291 et
2587 1236 2688 1292 Job
2720 1237 3013 1306 przebuerit
3064 1253 3076 1288 :
3129 1234 3332 1289 Mosem
3397 1237 3475 1287 le-

1907 1333 2212 1402 gislatorem
2255 1318 2487 1386 fecerit:
2519 1332 2659 1385 lume
2709 1339 2762 1384 et
2837 1330 2937 1384 soli
2979 1329 3217 1398 aurigam
3289 1328 3475 1383 Jesum

1910 1423 2057 1477 Nave
2091 1422 2326 1490 (lilium)
2361 1421 2706 1476 constituerit
2738 1439 2749 1473 :
2785 1419 3136 1488 PrOplietam,
3167 1431 3222 1473 et
3271 1434 3474 1488 regem,

1910 1524 1965 1569 et
2013 1513 2263 1582 stupendi
2306 1513 2548 1582 mysterii
2587 1511 2984 1580 progenitorem
3022 1510 3187 1564 David
3226 1510 3477 1564 reddide-

1914 1606 1983 1659 rit
2015 1623 2026 1657 :
2058 1603 2392 1674 Babylonica:
2424 1602 2662 1657 fornacis
2693 1602 2961 1655 ﬂammam
2998 1601 3185 1670 pueris
3212 1601 3264 1655 in
3300 1616 3476 1656 rorem

1912 1698 2306 1752 transmutarit.

319 1858 460 1928 Πρδ;
481 1859 710 1921 τούτοις,
735 1861 990 1927 ἠπορεῖτο
1013 1857 1172 1910 πλέον
1198 1859 1379 1910 ἐκεῖνα
1403 1859 1806 1928 διανοούμενος,

1985 1857 2248 1911 Praeterea
2283 1857 2335 1909 in
2373 1855 2564 1924 majori
2610 1853 2930 1909 versabatur
2979 1848 3342 1911 dubitatione,
3389 1847 3476 1901 illa

240 1953 337 2001 τὸν
364 1951 518 2001 τόκον
558 1948 650 2000 τὸν
686 1948 947 2019 ἄσπορον,
980 1949 1078 2019 τὴν
1109 1950 1377 2020 παρθένον
1403 1949 1569 2017 αὐτὴν
1597 1952 1690 2004 καὶ
1716 1967 1810 2020 μη·

240 2039 406 2108 τέρα·
438 2040 581 2102 ὅπως
612 2055 670 2091 τε
714 2039 844 2101 Θεὸς
885 2041 1054 2109 Λόγος
1083 2039 1178 2106 ὢν,
1217 2041 1500 2111 ἅνθρωπος
1529 2043 1812 2114 ἀτρέπτως

243 2133 504 2198 ἐγένετο·
551 2131 646 2184 καὶ
682 2132 827 2195 ὅπως
867 2133 956 2186 διὰ
1005 2132 1238 2203 σταυροῦ
1269 2133 1358 2186 τὸν
1410 2135 1541 2205 ᾅδην
1589 2115 1813 2187 exuisti-

247 2239 361 2275 σειε
381 2222 752 2294 ίσκυλεύσειεν
781 2225 848 2297 ¹],
878 2225 967 2277 τδν
989 2225 1280 2279 ἀπατεῶνα
1301 2242 1357 2277 τε
1381 2226 1502 2294 ὅφιν
1534 2227 1814 2295 κατήργη-

247 2328 331 2376 σε,
366 2315 458 2366 καὶ
487 2313 575 2366 τὸν
614 2314 784 2384 Ἀδὰμ
815 2315 893 2376 είς
923 2313 1009 2367 τὸν
1055 2314 1381 2384 παράδεισον
1425 2313 1579 2377 αὖθις
1615 2315 1815 2383 ἐπανή-

247 2413 411 2464 γαγε.

323 2488 506 2541 Ταῦτα
555 2491 647 2542 καὶ
696 2490 764 2542 τὰ
824 2490 1049 2543 τοιαῦτα
1101 2492 1177 2552 είς
1235 2491 1356 2543 νοῦν
1414 2493 1737 2566 βαλλόμενος
1789 2503 1816 2552 ό

252 2575 553 2645 Κυριακὺς,
591 2575 1004 2646 διεθερμαίνετο
1050 2577 1147 2648 τὴν
1201 2579 1428 2649 καρδίαν
1466 2580 1596 2650 θείῳ
1643 2585 1810 2655 ζήλῳ,

249 2667 348 2722 καί
399 2685 483 2732 τις
529 2669 691 2722 αὑτὸν
737 2670 921 2747 ἔννοια
947 2672 1136 2740 εἰσῄει,
1183 2671 1282 2742 βίῳ
1330 2671 1569 2738 καὶτοῖς
1625 2677 1682 2728 ἑν
1718 2676 1816 2746 βίῳ

249 2761 464 2830 χαίρειν
490 2762 732 2824 εἰπόντα,
766 2764 856 2815 ἐπὶ
913 2762 1009 2833 τὴν
1059 2763 1221 2831 ἁγίαν
1279 2765 1576 2833 ἀφικέσθαι
1638 2768 1812 2831 πόλιν,

254 2853 346 2902 καὶ
377 2853 544 2918 ἀγίως
591 2855 648 2904 ὲν
679 2854 818 2922 ἁγίῳ
849 2853 1039 2921 βιῶσαι
1092 2857 1260 2925 τόπῳ,
1296 2861 1361 2926 τῇ
1411 2857 1613 2928 ἡσυχίᾳ
1647 2877 1818 2930 προσ-

253 2942 522 3011 κείμενον.
547 2943 702 2996 Κατὰ
720 2944 837 2998 τινά
863 2943 914 3012 γ’
933 2939 1025 2997 οὖν
1052 2961 1182 2997 ποτε
1200 2949 1516 3019 Κυριακὴν,
1551 2951 1644 3019 τῆς
1670 2953 1816 3014 θείας

253 3038 312 3089 ὲν
345 3035 420 3104 τῷ
452 3035 766 3104 Εὐαγγελίῳ
798 3039 978 3120 φωνῆς
1007 3038 1245 3103 ἀκούσας
1271 3052 1285 3069 ⁸
1325 3040 1391 3093 Et
1419 3058 1501 3105 τις
1531 3041 1676 3096 θέλει
1703 3045 1819 3098 όπί·

1911 1953 2177 2021 c0gitans,
2211 1958 2424 2018 partum
2475 1950 2592 2001 sine
2645 1947 2876 2008 semine,
2917 1942 3193 2012 Virginem
3229 1940 3475 1995 eamdem

1912 2054 1966 2099 et
1990 2051 2220 2098 matrem
2255 2059 2268 2094 :
2297 2049 2351 2094 et
2385 2040 2656 2109 quomodo
2690 2037 2948 2097 Verbum,
2983 2049 3105 2087 cum
3140 2033 3280 2085 Deus
3310 2039 3477 2094 esset,

1912 2135 2074 2190 homo
2109 2133 2225 2189 sine
2252 2132 2547 2186 mutatione
2587 2131 2786 2183 factum
2818 2129 2925 2180 sit:
2950 2135 3005 2182 et
3037 2139 3143 2197 quo
3189 2131 3348 2196 pacto
3385 2139 3480 2194 per

1913 2239 2129 2278 crucem
2173 2223 2378 2275 inferos
2409 2222 2744 2293 spoliaverit,
2789 2218 3138 2288 fallacemque
3169 2226 3479 2285 serpentem

1915 2313 2158 2389 fregerit,
2221 2320 2274 2370 et
2331 2316 2596 2369 Adamum
2659 2328 2850 2367 rursus
2911 2314 2964 2364 in
3025 2309 3336 2381 paradisum
3395 2322 3482 2361 re-

1915 2411 2151 2467 duxerit.

1929 2550 1934 2560 .
1992 2504 2116 2559 Ηαξε
2157 2513 2211 2558 et
2259 2501 2454 2557 similia
2491 2508 2668 2554 mente
2701 2499 2912 2568 agitans
2957 2495 3238 2566 Cyriacus,
3293 2493 3479 2547 divino

1918 2598 2032 2650 zelo
2083 2597 2135 2649 in
2192 2596 2355 2650 corde
2407 2592 2866 2653 inﬂammabatur,
2919 2589 3078 2656 eique
3128 2585 3383 2639 veniebat
3427 2584 3482 2634 in

1919 2698 2176 2751 mentem,
2227 2686 2433 2738 mundo
2463 2694 2517 2738 et
2562 2685 2628 2737 iis
2660 2698 2777 2752 quae.
2810 2683 2864 2735 in
2902 2680 3102 2733 mundo
3145 2687 3272 2732 sunt
3302 2676 3484 2731 valere

1917 2778 2102 2850 jussis,
2134 2777 2188 2830 in
2223 2783 2463 2830 sanctam
2497 2789 2554 2827 se
2591 2773 2843 2827 conferre
2875 2770 3178 2828 Civitatem,
3211 2779 3264 2821 et
3297 2775 3485 2820 sancte

1921 2874 1976 2928 iu
2010 2879 2196 2926 sancto
2224 2869 2344 2922 loco
2368 2876 2422 2922 et
2451 2866 2504 2918 in
2535 2879 2752 2920 secessu
2781 2862 2996 2932 degere.
3031 2859 3274 2926 Quodam
3303 2859 3486 2926 itaque

1920 2965 2008 3018 die
2044 2963 2348 3025 Dominico,
2398 2976 2520 3016 cum
2558 2960 2795 3014 divinam
2845 2957 2900 3009 in
2967 2953 3256 3023 Evangelia
3297 2965 3484 3006 vocem

1921 3054 2227 3108 audiisset:
2289 3051 2346 3105 Si
2393 3051 2509 3118 quis
2559 3050 2668 3100 uult
2718 3055 2828 3114 post
2875 3062 2951 3096 me
2986 3045 3181 3105 venire,
3235 3042 3490 3110 (abneget

257 3145 336 3182 σω
381 3146 480 3198 μου
521 3127 713 3194 ἐλθεῖν,
760 3131 1170 3201 ἀπαρνησάσθω
1214 3134 1427 3200 ἑαυτὸν,
1483 3138 1578 3190 καὶ
1631 3139 1817 3208 ἀράτω

1922 3148 2272 3215 semetipsum,
2321 3142 2403 3210 et)
2459 3138 2615 3193 tollat
2665 3153 2865 3191 crucem
2916 3151 3090 3196 suam,
3142 3141 3188 3188 et
3238 3143 3488 3203 sequatur

257 3223 351 3275 τὸν
408 3222 642 3292 σταυρὸν
694 3223 913 3288 αὑτοῦ,
950 3224 1044 3276 καὶ
1099 3217 1462 3305 ἀκολουθείτω
1529 3247 1653 3297 μοι·
1720 3231 1819 3284 οὐκ

259 3311 424 3367 ἔδωκέ
460 3312 679 3386 [ἔδωκεν
709 3313 896 3385 ¹]τινι
955 3313 1011 3364 τὸ
1070 3315 1302 3383 πρᾶγμα
1355 3317 1651 3388 μελλήσει,
1701 3321 1822 3374 οὐδὲ

261 3407 467 3476 βραχὺν
511 3407 706 3475 ἐπέσχε
751 3405 959 3475 χρόνον,
1010 3405 1043 3475 ἢ
1081 3406 1406 3476 διεσκέψατο
1433 3425 1444 3438 ·
1487 3410 1600 3464 ἀλλ’
1629 3413 1706 3475 είς
1734 3413 1820 3484 ἐρ-

258 3515 352 3565 γον
391 3498 549 3560 εὐθὺς
582 3497 681 3568 τὴν
727 3497 951 3567 γνώμην
984 3498 1194 3569 προῆγε
1219 3516 1234 3532 ο
1268 3502 1360 3554 καὶ
1394 3503 1488 3569 τῆς
1523 3504 1823 3574 ἐκκλησίας

261 3592 387 3660 σιγῇ
414 3588 487 3654 ὡς
516 3586 657 3660 εἶχεν
688 3590 1016 3656 ὑπεξελθὼν,
1056 3593 1134 3653 είς
1163 3593 1443 3661 Κεγχρεὰς
1477 3596 1784 3662 ἀφικνεῖται
1807 3614 1820 3628 ·

260 3686 353 3737 καὶ
377 3683 563 3736 πλοίου
595 3682 826 3736 ἐνταῦθα
855 3684 932 3745 εἰς
959 3680 1317 3752 Παλαιστίνην
1336 3683 1681 3754 καταίροντος
1707 3687 1826 3740 ἐπι-

259 3774 379 3836 ϐὰς,
409 3775 543 3842 πρὸς
583 3773 928 3842 Ἰεροσόλυμα
969 3772 1171 3844 σπουδῇ
1225 3775 1603 3846 παραγίνεται,
1656 3779 1827 3833 ὀκτω-

263 3861 584 3916 καιδέκατον
626 3863 725 3934 ήδη
769 3864 1008 3932 γεγονὼς
1047 3864 1197 3931 ἔτος,
1244 3870 1415 3936 ινάτῳ
1461 3870 1559 3937 μὲν
1604 3870 1667 3940 δὴ
1726 3875 1826 3943 τῆς

263 3952 538 4022 βασιλείας
574 3955 798 4020 Λέοντος
840 3957 934 4010 τοῦ
972 3958 1207 4026 μεγάλου
1258 3959 1509 4030 ἐνιαυτῷ,
1552 3962 1724 4034 ὀγδόῳ
1769 3965 1824 4018 δὲ

275 4047 623 4099 ’Δναστασίου
654 4049 752 4114 τῆς
790 4048 1172 4119 Ἱεροσολύμων
1203 4051 1537 4122 ίεραρχίας.ι

346 4139 586 4192 Ἐκεῖθεν
615 4141 791 4192 τοίνυν
814 4143 891 4204 είς
917 4141 1014 4212 τὴν
1055 4142 1213 4210 ἁγίαν
1245 4145 1397 4197 πόλιν
1443 4147 1630 4210 ἐλθὼν,
1679 4151 1828 4220 παρὰ

262 4231 342 4300 τῷ
377 4232 594 4303 μεγάλῳ
661 4233 974 4305 Εὐστοργίῳ
1015 4235 1333 4301 κατάγεται,
1377 4238 1546 4307 ἀνδρὶ,
1591 4240 1722 4307 φίλῳ
1768 4259 1827 4295 τε

262 4321 465 4391 ἀρετῆς
504 4321 698 4385 ἄλλως,
749 4324 842 4375 καὶ
877 4325 988 4385 τοῖς
1041 4325 1136 4376 τοῦ
1163 4324 1479 4395 Πνεύματος
1526 4330 1826 4398 χαρίσμασι

260 4412 620 4482 διαλάμποντι
639 4430 652 4443 ο
678 4413 775 4465 όδὲ
796 4408 882 4466 οἷα
905 4414 1345 4486 φιλόστοργοςητῷ
1373 4417 1483 4470 ὄντι
1510 4417 1724 4490 [παπὴρ
1750 4423 1767 4452 ⁸
1785 4422 1821 4494 ’1,

1925 3254 2006 3289 me
2048 3253 2066 3290 :
2119 3251 2230 3289 rem
2285 3233 2507 3288 minime
2562 3229 2789 3290 distulit,
2842 3241 2904 3283 ac
2956 3243 3025 3280 ne
3078 3227 3222 3278 brevi
3269 3225 3487 3292 quidem

1924 3339 2168 3396 tempore
2228 3335 2493 3385 moratus,
2551 3330 2646 3373 aut
2705 3321 3058 3375 deliberans,.
3094 3331 3250 3369 suum
3308 3316 3486 3366 Statim

1925 3418 2262 3489 propositum
2329 3415 2397 3468 ad
2442 3412 2694 3466 eﬂ‘cctum
2741 3408 3011 3478 perduxit.
3049 3407 3264 3475 ltliaque
3293 3420 3358 3459 ex
3403 3419 3491 3458 ec-

1936 3511 2101 3568 clesia
2155 3518 2210 3562 ut
2265 3506 2442 3578 potuit
2491 3506 2625 3558 clam
2669 3519 2727 3556 se
2773 3502 3104 3559 subduceris,
3158 3499 3307 3550 venit
3350 3497 3493 3549 Ceu-

1925 3603 2118 3658 clireas
2165 3619 2177 3654 :
2213 3612 2267 3653 et
2298 3610 2596 3653 conscensa
2629 3593 2701 3646 ibi
2741 3606 2878 3645 nave
2909 3605 3028 3659 qua:
3059 3589 3111 3641 in
3151 3587 3491 3640 Palmstinam

1926 3694 2258 3755 solvebatur,
2333 3689 2588 3742 celeriter
2656 3684 3046 3754 Jerosolymam
3141 3680 3309 3742 venit,
3377 3677 3488 3746 jam

1925 3783 2112 3839 decem
2153 3789 2206 3836 et
2241 3788 2363 3834 octo
2397 3791 2566 3831 annos
2602 3785 2796 3834 natus,
2840 3787 2982 3825 nono
3017 3770 3233 3839 quidem
3277 3765 3492 3834 imperii

1927 3874 2122 3931 Leonis
2171 3871 2348 3941 Magni
2395 3883 2560 3932 anno,
2607 3865 2958 3936 pontiﬁcatus
3008 3871 3187 3915 autem
3219 3855 3494 3912 Anastasii

1923 3965 2382 4036 Jerosolymorum
2424 3958 2664 4028 episcopi
2695 3966 2910 4010 octavo.

1998 4144 2132 4198 Cum
2170 4143 2319 4194 illinc
2361 4155 2489 4209 ergo
2533 4139 2588 4190 in
2635 4146 2875 4190 sanctam
2925 4135 3194 4190 civitatem
3229 4129 3491 4193 venisset,

1927 4236 2065 4304 apud
2107 4247 2358 4304 maguum
2411 4230 2751 4299 Eustorgium
2802 4228 3126 4286 diversatur,
3164 4225 3355 4286 virum,
3400 4222 3492 4290 qui

1929 4334 1984 4379 et
2029 4324 2230 4391 alioqui
2264 4331 2472 4375 amator
2505 4318 2722 4372 virtutis
2767 4323 2903 4377 erat,
2953 4324 3007 4367 et
3051 4312 3288 4381 Spiritus
3333 4312 3493 4366 donis

1931 4417 2248 4487 splendebat
2279 4432 2293 4469 :
2343 4415 2430 4468 ille
2463 4423 2641 4467 autem
2685 4421 2743 4464 ut
2777 4424 2963 4463 revera
2999 4408 3366 4477 pliilostorgus
3403 4412 3416 4472 (
3444 4406 3495 4458 id

267 4504 434 4573 πολλῇ
476 4505 661 4556 τοῦτον
695 4504 881 4575 ῶσπερ
927 4508 1072 4570 είκδς
1120 4508 1389 4572 δεξιοῦται
1442 4514 1506 4579 τῇ
1553 4512 1817 4567 διαθέσει⁴

1934 4518 2036 4574 est,
2087 4515 2306 4575 amans)
2347 4506 2525 4565 Pater,
2562 4518 2754 4571 magno
2789 4516 2938 4564 eum,
2982 4510 3039 4552 ut
3093 4515 3187 4567 par
3235 4509 3368 4560 erat,
3406 4513 3497 4551 ex-

267 4597 361 4647 καὶ
401 4595 532 4666 πρὸς
555 4595 631 4667 τῷ
664 4597 753 4651 ὑπ’
779 4599 988 4652 ἑκείνου
1026 4600 1127 4669 ἤδη
1171 4601 1424 4655 συστάντι
1457 4603 1681 4674 πλησίον
1729 4607 1828 4676 τῆς

342 4779 417 4850 (5)
451 4777 586 4832 Hinc
643 4777 812 4845 liquet
855 4778 1212 4850 ,Anastasiunt
1292 4779 1603 4835 ordinatum
1663 4783 1829 4842 fuisse

263 4849 724 4919 Jerosolymorum
780 4849 1134 4919 episcopum,
1185 4863 1329 4919 anno
1408 4851 1530 4904 458.
1589 4852 1643 4906 ld
1703 4871 1829 4911 vero

266 4918 739 4995 contigisseinitio
770 4920 975 4995 mensis
1003 4918 1145 4995 Julii.
1185 4918 1345 4995 habet
1376 4920 1494 4995 Yita
1527 4922 1577 4975 S.
1613 4923 1828 4995 Euthy-

267 4991 362 5043 mii
393 5007 420 5039 a
453 4988 1030 5060 (ἐπὶίιο-εοιιερτίριη,Δ
1055 4990 1105 5039 in
1146 5005 1248 5058 qua
1293 4989 1507 5060 legitur,
1553 5007 1697 5047 anno
1736 4988 1824 5053 83.

267 5057 599 5136 vitgsnttcti
649 5056 957 5127 Eutliymii,
1004 5055 1318 5136 Juveiialem
1348 5055 1823 5136 fJerosolymorum

267 5131 774 5197 archiepisconum,
828 5143 950 5181 cum
987 5142 1183 5182 annum
1227 5131 1295 5183 44
1354 5131 1402 5181 in
1456 5131 1824 5189 Patriarcliatu

270 5200 571 5270 implesset,
627 5201 790 5270 vitam
843 5198 1111 5262 finivisse;
1171 5201 1515 5270 Anastasium
1581 5218 1709 5256 vero
1774 5208 1825 5259 in

269 5267 453 5329 sedem
490 5267 675 5323 Jacobi
731 5273 978 5320 evectum
1035 5283 1156 5322 esse
1200 5269 1351 5321 initio
1409 5274 1612 5326 mensis
1677 5274 1825 5331 Julii.

270 5343 373 5400 Ubi
427 5353 523 5406 pro
573 5338 640 5393 83
694 5338 977 5401 legendum
1055 5352 1176 5392 esse
1206 5339 1294 5402 Si,
1331 5342 1591 5395 suadetur
1642 5360 1706 5396 ex
1763 5362 1826 5398 eo

267 5412 414 5485 quod
441 5411 555 5485 sive
586 5425 706 5463 cum
747 5408 976 5485 Baronio
1010 5406 1320 5485 Juvenalem
1350 5410 1549 5485 obiisse
1585 5413 1828 5468 dicamus

269 5478 417 5540 anno
448 5479 572 5541 457,
604 5494 672 5553 ex,
698 5480 931 5553 quodam
952 5479 1082 5553 loco
1118 5478 1463 5553 \'it2e_sancti
1503 5482 1675 5553 Saba,
1708 5501 1828 5553 qua;

271 5556 503 5609 habetur
534 5551 674 5618 apud
702 5549 917 5608 Suriqu
948 5550 980 5602 5
1049 5547 1172 5603 Dec.
1225 5549 1312 5602 ubi
1347 5552 1544 5604 dicitur
1586 5547 1827 5609 .lure'na-

267 5630 375 5678 lem
418 5623 606 5676 eodem
633 5634 801 5679 anno,
831 5634 938 5687 quo
982 5618 1282 5673 Marcianus
1329 5621 1648 5688 imperator,
1680 5641 1822 5679 mor-

273 5705 426 5748 tuum
463 5706 606 5755 esse,
638 5690 726 5757 qui
758 5688 1060 5743 Marcianus
1099 5705 1241 5742 anno
1275 5690 1376 5743 457
1423 5706 1452 5743 e
1489 5691 1592 5744 vita
1636 5709 1824 5748 exces-

270 5765 371 5821 sit;
401 5763 515 5816 sive
547 5758 860 5829 Bollandum
903 5774 1216 5827 sequamur,
1264 5764 1354 5829 qui
1391 5760 1442 5813 in
1477 5760 1593 5815 Vita
1651 5767 1847 5822 sancti.

270 5831 564 5904 Euthyniii,
599 5833 683 5888 die
700 5829 768 5885 ‘20
791 5828 1051 5900 Januarii,
1084 5831 1196 5884 haec
1225 5828 1383 5886 verba
1418 5831 1610 5901 reiicit,
1639 5835 1818 5904 aitque

1935 4605 2066 4673 cipit
2131 4600 2350 4655 affectu.
2411 4597 2669 4668 Cyriacus
2732 4609 2879 4658 vero,
2937 4607 3059 4647 cum
3108 4591 3248 4662 apud
3289 4592 3498 4663 insigne

1934 4802 2044 4841 non
2110 4781 2338 4838 inveniri
2399 4781 2451 4833 in
2513 4780 2734 4843 antiqua
2769 4777 2886 4831 Vita
2951 4790 3045 4842 per
3092 4771 3346 4842 Cyrillum
3401 4771 3498 4823 de-

1933 4859 2170 4925 scripta:
2203 4850 2487 4925 utrumvis,
2508 4850 2771 4925 inquam,
2800 4857 3104 4925 terreamus,
3132 4857 3266 4925 cum.
3288 4851 3496 4925 certum

1935 4927 2007 4981 sit
2046 4913 2270 4978 'annum
2323 4921 2446 4972 vitae
2506 4913 2774 4988 Euthymii
2824 4917 2912 4988 _81
2982 4913 3266 4988 complecti
3335 4913 3496 4963 linem

1932 4996 2058 5049 anni
2088 4995 2188 5048 457
2246 5001 2300 5050 et
2339 4991 2551 5043 initium
2586 4983 2710 5041 auiti
2743 4986 2858 5039 458.
2893 4998 3063 5052 usque
3098 4985 3160 5036 ad
3196 4983 3497 5049 Augustum

1933 5077 2200 5126 mensem,
2228 5063 2430 5114 clarum
2465 5071 2542 5111 est
2575 5060 2641 5112 ab
2671 5060 2923 5110 omnibus
2958 5057 3239 5126 legendum
3267 5052 3498 5126 essensl.

1932 5118 2199 5189 Similiter"
2245 5147 2339 5199 pro
2375 5131 2461 5190 4i.
2512 5129 2957 5199 legendunuesse
2994 5118 3081 5173 40.
3134 5122 3319 5173 volunt
3377 5118 3498 5199 βρί-

1931 5206 2072 5260 laudi
2108 5190 2514 5258 coiitiiiualores
2556 5190 2682 5252 t‘oni.
2719 5196 2780 5250 lll
2814 5195 2930 5248 Maii
2968 5208 3087 5262 pag.
3112 5207 3263 5245 xxiii.
3290 5190 3494 5262 n._10'2.

1929 5258 2090 5331 Certe
2127 5287 2231 5326 non
2282 5280 2407 5321 ante.
2449 5283 2691 5322 mensem
2742 5258 3138 5333 Septembre'm,
3198 5263 3278 5333 vel
3332 5258 3494 5333 Octo-

1932 5330 2080 5399 brem
2117 5342 2240 5394 anni
2275 5339 2377 5392 M7
2437 5339 2686 5392 collocari
2735 5330 2894 5403 posse
2945 5336 3157 5403 initium
3193 5330 3493 5403 Juvenalis,

1930 5422 2140 5471 constat
2172 5427 2235 5465 ex
2301 5410 2524 5478 epistola
2557 5399 2753 5458 Zosimi
2815 5402 3260 5478 Papa-quinum:
3301 5399 3495 5452 eodem

1931 5501 2072 5537 anno
2107 5482 2206 5534 417
2263 5471 2352 5534 19.-
2388 5477 2635 5545 Augusti,
2692 5471 3236 5545 summusi’ontil’es
3284 5477 3499 5524 creatus

1928 5565 2030 5615 est,
2068 5556 2119 5605 in
2158 5567 2263 5622 qua
2296 5542 2546 5622 epistola.
2604 5547 2724 5622 data
2761 5560 2824 5622 xi
2881 5543 2997 5622 καί..
3037 5543 3158 5622 Qct.
3189 5542 3372 5622 ait-se
3405 5553 3497 5622 ac-

1928 5608 2140 5692 cepisse
2175 5608 2474 5692 'epistol_atn
2510 5615 2946 5692 ._lerosol_vmitani
2988 5613 3222 5692 episcopi
3278 5608 3495 5690 i’raylii,

1927 5681 2017 5761 qui
2104 5681 2620 5748 anteJuvcnalem
2717 5681 2899 5741 sedem
2985 5681 3496 5750 Jerosolymitanam

1931 5773 2124 5818 termit.
