4188 6436
764 388 870 450 9‘23

1972 400 2255 459 MENSIS
2293 404 2584 464 SEPTEM
2599 406 2758 468 BER.

3911 417 4020 480 924

754 513 1162 567 monasterium,
1203 504 1312 574 jam
1344 507 1411 560 ab
1445 507 1534 563 illo
1567 525 1732 579 prope
1761 522 2001 565 sanctam
2037 514 2310 566 civitatem

2430 519 2576 584 ἱγίας
2620 520 2821 583 πόλεως
2866 519 3003 572 Σιὼν
3056 525 3344 590 περιφανεῖ
3395 527 3766 598 μοναστηρίῳ,
3822 547 4022 598 παρα-

753 590 886 647 Sion
943 605 1340 662 constructum,
1399 599 1746 668 liyemasset,
1801 602 2019 670 majoris
2067 617 2312 656 secessus

753 684 1027 738 desiderio
1090 688 1394 753 premitur;
1448 701 1616 758 utque
1676 690 1844 757 ipsam
1907 694 2313 746 nancisceretur

751 777 1125 842 solitudinem,
1193 778 1412 849 illicque
1464 780 1813 849 consisteret,
1864 798 2025 838 omne
2077 787 2317 854 ponebat

750 869 1014 921 studium.

819 957 955 1010 Cum
1007 959 1074 1011 de
1127 958 1314 1012 divino
1371 959 1550 1028 itaque
1600 959 1893 1030 Euthymio
1949 961 2017 1014 ab
2065 963 2320 1015 omnibus

753 1046 866 1100 fere
892 1049 1183 1101 doceretur
1209 1052 1364 1116 (eum
1393 1051 1536 1103 enim
1560 1052 1729 1104 virtus
1755 1053 1955 1120 ubique
1982 1052 2312 1120 indicabat),

753 1140 1108 1193 vehementer
1161 1142 1478 1208 capiebatur
1530 1158 1715 1196 amore
1769 1145 1889 1211 ejus
1935 1145 2317 1200 conveniendi.

757 1231 945 1297 Itaque
993 1247 1244 1300 magnum
1298 1233 1640 1302 Eustorgium
1673 1235 1870 1287 obnixe
1905 1244 2076 1304 rogat,
2115 1244 2172 1290 ut
2203 1239 2320 1308 ejus

756 1323 1010 1391 dignatus
1045 1324 1303 1392 precibus
1337 1340 1458 1378 cum
1491 1342 1622 1395 pace
1652 1326 2041 1380 dimitteretur.

825 1497 985 1562 Quod
1035 1514 1155 1552 cum
1188 1512 1378 1555 nactus
1423 1503 1634 1565 fuisset,
1683 1504 1746 1557 ad
1789 1504 2019 1558 Lauram
2059 1505 2323 1559 mirabilis

768 1587 1042 1657 Euthymii
1091 1593 1382 1654 accedens,
1430 1593 1663 1660 hospitio
1709 1596 1977 1663 excipitur
2024 1610 2052 1647 a
2088 1597 2322 1663 quodam

754 1679 1003 1731 Anatolio
1035 1681 1366 1748 presbytero,
1398 1691 1450 1733 et
1478 1682 1723 1751 Olympio
1751 1685 2036 1747 monacho,
2063 1684 2326 1740 fratribus

755 1769 973 1836 quidem
1026 1786 1246 1837 genere,
1282 1774 1449 1840 patria
1501 1784 1682 1827 autem
1720 1775 2018 1831 Corinthiis
2049 1795 2061 1828 :
2095 1794 2327 1846 cumque

2416 613 2753 680 χειμάσαντα
2804 614 2894 666 τὸν
2939 615 3213 683 κυριακὸν
3267 617 3506 681 πλείονος
3561 622 3796 689 ἡσυχίας
3840 623 4022 683 πόθος

2416 705 2562 773 αἱρεῖ
2590 722 2602 734 ο
2641 706 2734 756 καὶ
2773 705 2912 758 ὥστε
2955 708 3050 774 τὴν
3091 707 3297 775 ἔρημον
3331 710 3497 778 αὐτὴν
3535 712 3879 765 καταλαϐεῖν
3923 718 4022 765 καὶ

2416 795 2540 862 τῇδε
2573 794 2816 861 οἰκῆσαι,
2853 796 3085 864 σπουδὴν
3118 797 3324 850 ἐτίθετο
3363 802 3569 854 πᾶσαν.

2495 949 2579 1000 Τὰ
2633 949 2775 1002 κατά
2827 949 2916 1001 τὸν
2976 949 3117 1002 θεῖον
3174 951 3464 1018 τοιγαροῦν
3523 952 3802 1020 Εὐθὺμιον
3854 953 4023 1019 παρά

2421 1039 2636 1091 πάντων
2668 1040 2850 1108 σχεδὸν
2895 1039 3300 1104 διδασκόμενος,
3329 1039 3386 1110 [ἡ
3428 1041 3594 1111 ἀρετὴ
3657 1044 3771 1110 γαρ
3837 1046 4018 1094 αὑτὸν

2421 1133 2623 1201 ἐμήνυε
2683 1131 2985 1202 πανταχοῦ]
3036 1131 3200 1201 ἔρωτι
3264 1132 3450 1193 δεινῶς
3509 1133 3608 1201 τῆς
3652 1134 3749 1184 τοῦ
3813 1135 4019 1202 alapa;

2423 1223 2712 1291 συντυχίας
2745 1223 2992 1292 ἡλίσκετο
3021 1237 3033 1251 ο
3074 1223 3164 1273 καὶ
3188 1222 3360 1272 δεῖται
3390 1222 3464 1284 ὡς
3491 1222 3716 1275 δυνατὸν
3752 1222 3853 1274 τοῦ
3912 1242 4016 1290 με·

2422 1315 2587 1383 γάλου
2622 1314 2972 1384 Εὑστοργίου,
3007 1313 3171 1381 εὐχῆς
3203 1313 3500 1375 ἀξιωθέντα
3531 1318 3629 1384 τῆς
3663 1316 3803 1384 παρ’
3836 1314 4014 1366 αὑτοῦ

2426 1406 2542 1475 μετ’
2575 1407 2798 1475 εἰρήνης
2872 1407 3229 1475 ἀπολυθῆναι.

2497 1498 2696 1550 Τούτου
2735 1497 2797 1566 δὴ
2832 1498 2937 1566 ἄρα
2963 1499 3276 1565 γενομένου,
3305 1501 3370 1568 τῇ
3401 1497 3494 1550 τοῦ
3536 1497 3866 1565 Θαυμαστοῦ
3905 1497 4017 1549 Εὐ-

2429 1589 2624 1659 ουμὶου
2676 1590 2867 1660 Λαύρα
2919 1589 3212 1655 διαϐαλὼν,
3257 1592 3546 1662 Ἀνατολίῳ
3585 1593 3694 1643 τινὶ
3757 1590 4018 1658 πρεσϐυ-

2426 1685 2587 1752 τέρῳ,
2615 1683 2708 1735 καὶ
2753 1683 3033 1751 Ὀλυμπίῳ
3077 1682 3313 1752 μοναχῷ,
3333 1683 3577 1750 ἀδελφοῖς
3601 1683 3700 1750 μὲν
3723 1685 3788 1733 τὸ
3822 1683 4012 1748 γένος,

2431 1775 2734 1845 Κορινθίοις
2761 1778 2817 1827 δὲ
2849 1775 2948 1844 τὴν
2993 1777 3247 1844 πατρίδα,
3288 1774 3588 1839 ξενίζεται·
3644 1774 3743 1824 καὶ
3807 1775 4017 1841 συχνὰς

755 1860 955 1914 multos
982 1861 1095 1914 dies
1119 1863 1256 1930 apud
1283 1879 1375 1918 eos
1401 1865 1652 1933 degisset,
1677 1865 1872 1919 deinde
1894 1871 2052 1920 etiam
2077 1886 2325 1939 maguum

2436 1867 2770 1936 παράὐτοτς
2802 1869 3013 1937 ἡμέρας
3038 1867 3336 1933 διαγαγὼν,
3379 1862 3497 1918 εἶτα
3538 1866 3632 1918 καὶ
3683 1864 3779 1917 τὸν
3834 1865 4018 1932 μέγαν

755 1951 888 2003 vidit
938 1952 1307 2024 Euthymium,
1349 1963 1404 2011 et
1458 1959 1629 2010 beata:
1699 1957 1802 2011 illae
1855 1974 2048 2012 manus
2109 1976 2323 2014 sacrum

760 2042 887 2113 ejus
923 2058 1086 2115 caput
1143 2050 1436 2118 tetigerunt
1471 2070 1482 2102 :
1517 2065 1619 2103 una
1661 2061 1713 2104 et
1751 2067 1873 2104 eum
1909 2053 2206 2106 mouastieo
2239 2054 2322 2104 in-

754 2138 986 2192 duentes
1018 2140 1222 2203 habitu,
1255 2156 1356 2193 una
1395 2153 1447 2194 et
1480 2141 1530 2194 in
1565 2159 1689 2195 cum
1725 2145 2036 2198 uberiorem
2069 2160 2326 2199 vocantes

756 2228 990 2299 Spiritus
1030 2233 1422 2300 operationem.

2006 2362 2054 2407 Χ

827 2409 962 2462 Eum
996 2420 1173 2463 tamen
1208 2411 1308 2463 hoc
1342 2411 1392 2462 in
1429 2411 1546 2466 loco
1580 2428 1799 2465 manere
1827 2429 1934 2466 non
1971 2414 2090 2467 sivit
2126 2415 2326 2485 Euthyv

760 2501 918 2562 mius,
955 2513 1175 2569 propter
1207 2513 1419 2555 aetatem
1457 2521 1469 2554 :
1503 2504 1656 2556 valde
1687 2504 1830 2556 enim
1865 2507 2088 2558 cavebat
2121 2507 2323 2560 imber-

763 2591 907 2646 bium
936 2602 988 2643 et
1017 2594 1425 2646 adulescentum
1458 2595 1509 2646 in
1537 2611 1630 2647 sua
1657 2595 1829 2649 Laura
1859 2600 2323 2666 conversationes,

759 2695 829 2734 ne
864 2684 930 2735 ad
967 2693 1147 2750 turpes
1178 2685 1528 2753 cogitationes
1561 2688 1783 2757 reliquis
1823 2689 2103 2744 Fratribus
2143 2690 2317 2743 olTen-

736 2761 940 2825 .diculo
983 2783 1185 2828 essent.
1243 2775 1350 2829 Sed
1389 2794 1507 2830 cum
1542 2795 1768 2848 magnus
1800 2781 1911 2849 jam
1961 2780 2324 2850 Theoctistus,

759 2865 825 2915 ad
881 2864 1088 2928 Jesum,
1149 2882 1308 2934 quem
1371 2869 1730 2935 desiderabat,
1793 2877 2142 2938 excessisset,
2212 2878 2327 2946 ipse

759 2952 1047 3021 Cyriat‘unt
1077 2955 1141 3008 ad
1171 2967 1416 3012 sanctum
1448 2958 1791 3015 Gerasimum
1845 2963 2000 3030 juxta
2033 2964 2324 3019 Jurdanem

764 3043 950 3097 mittit.
985 3044 1118 3097 Cum
1147 3061 1278 3115 ergo
1311 3050 1551 3102 divinum
1591 3067 1777 3104 revera
1811 3069 2009 3108 munus
2039 3056 2326 3126 (Syriacum

762 3132 1074 3189 Gerasitnus
1125 3139 1443 3206 accepisset,
1477 3150 1527 3194 et
1575 3157 1636 3194 ea
1672 3142 1819 3196 illum
1861 3157 2017 3200 aetate
2059 3148 2326 3213 vidisset,

2433 1959 2702 2027 ΕὐΟύμιον
2733 1959 3011 2018 ἐθεάσατο,
3043 1960 3136 2010 καὶ
3175 1961 3228 2009 ai
3258 1959 3523 2026 μακάριαι
3568 1959 3753 2026 χεῖρες
3801 1957 4016 2007 ἐκεῖναι

2430 2050 2530 2117 τῆς
2597 2052 2746 2116 ἱερᾶς
2801 2048 2967 2102 αὑτοῦ
3031 2049 3239 2118 ἥψαντο
3287 2051 3548 2116 κεφαλῆς,
3601 2048 3738 2114 όμοῦ
3805 2049 3910 2116 μὲν
3959 2047 4018 2098 τό

2435 2141 2726 2211 μοναχικὺν
2778 2141 2978 2208 ἔνδυμα
3024 2140 3482 2208 περιϐαλλόμεναι
3515 2137 3701 2190 τοῦτον
3732 2136 3942 2208 [τούτῳ
3977 2138 4017 2210 ⁸]

2429 2233 2564 2296 ὁμοῦ
2611 2233 2668 2282 δὲ
2706 2234 2797 2282 καὶ
2844 2231 3242 2300 δαψιλεστέραν
3306 2231 3393 2283 ἐπ’
3421 2229 3584 2282 αὑτὸν
3612 2228 3882 2282 καλοῦσαι
3921 2231 4014 2281 τοῦ

2435 2321 2747 2389 Πνεύματος
2770 2321 2867 2389 τὴν
2900 2324 3200 2390 ἐνέργειαν.

2502 2415 2697 2465 Μείναι
2757 2413 2935 2481 μέντοι
2982 2412 3180 2480 ὃμωςό
3209 2412 3478 2480 EGO-Spro;
3531 2412 3722 2463 τοῦτον
3768 2409 4015 2466 ἐνταῦθα

2431 2505 2529 2556 οὐκ
2591 2505 2763 2566 εἴασε,
2796 2505 2882 2556 διὰ
2943 2507 3041 2574 τὴν
3067 2504 3281 2572 ἡλικίαν
3317 2521 3330 2534 ·
3367 2503 3507 2555 πάνυ
3536 2504 3644 2573 γάρ
3671 2503 4018 2570 ἐφυλάττετο

2431 2597 2528 2658 τὰς
2578 2597 2683 2647 τῶν
2741 2597 3000 2663 ἀγενείων
3060 2599 3154 2648 καὶ
3235 2599 3538 2667 μειρακίων
3592 2599 3647 2648 ἐν
3698 2598 3765 2663 τῇ
3836 2596 4018 2663 οἰκεία

2433 2685 2608 2756 λαύρα
2656 2686 2958 2753 διατριϐὰς,
2998 2687 3146 2745 ὅπως
3179 2688 3251 2756 μὴ
3288 2686 3583 2739 σκάνδαλόν
3610 2703 3661 2736 τι
3689 2685 3830 2751 πρὸς
3862 2685 4015 2750 λογι-

2435 2779 2603 2846 σμοὺς
2663 2779 2898 2839 ἀτόπους
2946 2779 3052 2830 τῶν
3115 2777 3359 2844 ἀδελφῶν
3405 2781 3516 2838 τοῖς
3551 2775 3874 2836 ὑπολοίποις
3916 2775 4016 2826 ὑπ·-

2433 2869 2854 2938 ἀρχοιεν⁶ἀλλά
2907 2869 2997 2920 τοῦ
3043 2869 3281 2937 μεγάλου
3341 2868 3440 2938 ἤδη
3497 2867 3831 2920 Θεοκτίστου
3879 2869 4016 2930 πρὸς

2431 2957 2522 3010 τὸν
2590 2959 2923 3029 ποθούμενον
2979 2961 3390 3028 ἐκδημήσαντος
3436 2960 3672 3029 Ἰησοῦν,
3726 2961 3894 3016 αὐτὸς
3925 2962 4012 3011 τὸν

2435 3052 2714 3120 κυριακὸν
2765 3052 2902 3118 πρὸς
2951 3051 3039 3104 τὸν
3073 3054 3127 3103 ἐν
3159 3053 3334 3119 ἁγίοις
3363 3052 3701 3119 Γεράσιμον,
3738 3053 3896 3118 παρὰ
3924 3052 4012 3101 τον

2450 3142 2718 3213 Ἰορδάνην
2750 3141 3051 3207 ἐκπέμπει.
3093 3140 3164 3193 Τὸ
3197 3142 3337 3193 Θεῖον
3371 3143 3547 3193 τοίνυν
3579 3145 3749 3209 γέρας
3785 3142 3858 3203 ὡς
3887 3142 4013 3210 ἀλη-

762 3226 995 3280 (τωηοὺὶί
1053 3228 1370 3283 ministeriis
1435 3232 1613 3300 ipsum
1653 3236 1968 3293 destinavit.
2011 3237 2099 3293 Sic
2148 3252 2325 3296 autem

2437 3232 2543 3296 Θῶς
2575 3235 2602 3284 ό
2626 3232 2932 3303 Γεράσιμος
2977 3231 3271 3300 δεξάμενος
3319 3232 3408 3283 τὸν
3445 3233 3746 3301 κυριακὸν,
3777 3236 3872 3285 καὶ
3902 3234 4016 3300 ἡλι-

763 3319 815 3372 ίη
841 3335 905 3372 eo
934 3321 1268 3374 admirabilis
1301 3324 1388 3377 ille
1412 3325 1659 3395 degebat,
1690 3329 1833 3398 ligna
1869 3330 2098 3399 findens,
2135 3351 2330 3403 aquam

767 3418 1143 3475 comportans,
1171 3412 1426 3467 alimenta
1455 3415 1733 3472 Fratribus
1765 3437 1979 3489 parans,
2007 3434 2060 3478 et
2087 3429 2334 3495 coquinze

764 3499 951 3554 olliciis
996 3502 1316 3559 inserviens.
1370 3506 1476 3561 Sed
1509 3511 1754 3577 quamvis
1802 3514 1872 3566 ita
1907 3530 1964 3568 se
1995 3517 2240 3581 haberet,
2278 3531 2334 3574 et

767 3594 818 3644 in
877 3593 1044 3645 tantis
1095 3595 1374 3650 laboribus
1417 3611 1472 3652 et
1522 3601 1936 3668 faligatiouibus
1986 3617 2155 3661 totum
2192 3611 2331 3663 diem

771 3680 1116 3749 transigeret,
1149 3683 1202 3734 in
1237 3684 1435 3738 divinis
1463 3689 1747 3757 colloquiis
1777 3699 1831 3743 et
1859 3695 2102 3748 oratione
2137 3712 2333 3765 perno-

771 3769 984 3835 ctabat;
1039 3770 1448 3844 ferventiusque
1494 3795 1681 3834 rursus
1731 3793 1786 3836 et
1833 3785 2012 3840 acrius
2048 3798 2170 3855 post
2198 3804 2335 3857 opus

771 3875 1032 3912 manuum
1075 3877 1256 3916 sacros
1309 3867 1536 3932 hymnos
1585 3870 1919 3938 incipiebat:
1954 3884 2007 3928 et
2035 3887 2091 3929 ut
2144 3879 2335 3945 paucis

768 3951 964 4017 dicam,
1014 3955 1179 4007 vitam
1227 3959 1700 4027 anachoreticam,
1745 3961 1798 4019 in
1845 3969 2093 4023 coanobio
2141 3981 2196 4023 et
2227 3981 2334 4024 tarn

770 4046 953 4099 multis
994 4049 1243 4116 negotiis,
1278 4066 1374 4117 per
1411 4054 1587 4105 omnia
1632 4056 1946 4122 exhibebat,
1995 4076 2132 4127 pane
2163 4064 2336 4114 solum

767 4145 822 4188 et
856 4152 1016 4204 aqua,
1047 4138 1211 4207 idque
1245 4142 1485 4195 secundo
1514 4158 1729 4212 quoque
1761 4146 1847 4201 die
1877 4148 2039 4202 altus.

2432 3327 2556 3388 κίας
2615 3325 2788 3387 οὕτως
2851 3326 3042 3395 ἔχοντα
3101 3325 3243 3390 ἰδὼν,
3313 3324 3709 3394 ὑπηρετεῖσθαι
3737 3325 4012 3388 ἀπέταξεν

2431 3419 2596 3471 αὑτὸν
2626 3420 2681 3470 ἐν
2715 3420 2792 3487 τῷ
2821 3419 3090 3487 κοινοϐίῳ.
3139 3420 3304 3487 Διῆγε
3339 3422 3436 3488 μὲν
3461 3419 3523 3488 δὴ
3562 3420 3588 3470 ό
3612 3418 3922 3486 Θαυμάσιος
3961 3419 4012 3468 ἐν

2432 3505 2776 3580 αὑτῷοῦτος,
2812 3509 2943 3572 ξύλα
2991 3526 3049 3561 τε
3103 3510 3360 3574 διακλῶν,
3395 3512 3489 3563 καὶ
3520 3509 3668 3578 ὕδωρ
3703 3509 4012 3576 μετακομί-

2433 3603 2559 3667 ζων,
2588 3602 2792 3672 τροφήν
2826 3618 2886 3653 τε
2911 3603 3024 3663 τοῖς
3086 3600 3333 3668 ἀδελφοῖς
3361 3601 3689 3667 ἐτοιμάζων,
3726 3603 3824 3650 καὶ
3878 3601 4012 3661 πρὸς

2435 3697 2502 3747 τὰ
2532 3695 2622 3746 τοῦ
2657 3695 2973 3762 μαγειρείου
3001 3693 3441 3760 διακονούμενος,
3470 3690 3627 3763 [ἀλλὰ
3649 3690 3691 3762 ¹]
3717 3693 3811 3742 καλ
3842 3693 4014 3752 οὕτως

2437 3786 2564 3855 ἔχω,
2597 3788 2689 3840 καὶ
2739 3788 2928 3848 κόποις
2960 3785 3304 3855 τηλικούτοις
3364 3787 3460 3838 καὶ
3521 3789 3794 3853 καμάτοις
3824 3784 4015 3852 διημε-

2440 3879 2634 3951 ρεύων,
2669 3882 2722 3930 ἐν
2752 3883 2817 3948 τῇ
2856 3879 2992 3946 πρὸς
3047 3879 3135 3929 τὸν
3190 3879 3322 3929 Θεὸν
3348 3878 3534 3948 ὁμιλίᾳ
3581 3882 3675 3931 καί
3713 3883 3778 3946 τῇ
3809 3879 4010 3946 δεήσει,

2439 3971 2536 4033 τὰς
2583 3970 2784 4031 νύκτας
2842 3969 3131 4038 ἀνήλισκε,
3163 3971 3256 4022 καὶ
3317 3970 3649 4039 Θερμότερον
3691 3970 3897 4038 μᾶλλον
3925 3975 4015 4022 καὶ

2446 4064 2814 4133 ἀκμαιότερον
2862 4064 3001 4132 μετά
3034 4064 3095 4116 τὸ
3129 4064 3228 4132 τῆς
3266 4065 3451 4134 χειρὸς
3481 4064 3667 4134 ἔργον,
3708 4063 3822 4116 τῶν
3854 4065 4014 4132 ἱερῶν

2441 4153 2624 4222 ὓμνων
2683 4157 2981 4224 ἀπήρχετσ
3035 4156 3129 4206 καὶ
3189 4156 3478 4208 συνελόντα
3520 4158 3709 4223 φάναι,
3773 4156 3875 4224 τὴν
3908 4154 4013 4204 τῶν

767 4227 1140 4298 ἀναχωρητὼν
1187 4231 1482 4295 πολιτείαν,
1545 4236 1602 4288 ἐν
1655 4237 1908 4307 κοινοσίῳ
1941 4241 2036 4291 καὶ
2068 4242 2359 4311 πράγμασι
2389 4247 2688 4309 τοσούτοις,
2745 4247 3093 4298 ἐπεδείκνυτο
3122 4244 3210 4297 διὰ
3258 4245 3496 4312 πάντων,
3545 4247 3692 4315 ἄρτῳ
3717 4247 3814 4297 καὶ
3859 4244 4010 4298 ὕδατι

773 4323 972 4389 μόνοις,
1009 4323 1101 4374 καὶ
1136 4324 1304 4376 ταῦτα
1335 4328 1486 4395 παρά
1509 4329 1600 4382 δύο
1654 4332 1867 4402 ἡμέρας
1900 4335 2259 4404 τρεφόμενος.

841 4416 935 4470 His
967 4417 1219 4470 inductus
1262 4427 1344 4472 est
1375 4421 1709 4489 Gerasimus,
1758 4435 1814 4477 ut
1845 4439 1970 4478 eum
2016 4429 2171 4482 valde
2205 4430 2324 4483 dili-
2364 4439 2407 4489 D

769 4521 938 4575 geret,
980 4518 1032 4559 et
1067 4509 1142 4561 sic
1181 4511 1282 4562 vita
1314 4512 1689 4568 delectabatur
1725 4517 2109 4582 adolescentis,
2155 4521 2330 4589 deque

780 4595 927 4652 Illius
976 4599 1239 4664 moribus,
1288 4610 1342 4653 et
1390 4617 1571 4658 amore
1613 4607 1666 4658 in
1707 4625 1795 4663 res
1833 4612 2162 4678 spirituales,
2204 4615 2340 4670 adeo

772 4690 871 4757 ipsi
906 4703 1243 4759 compertum
1278 4705 1413 4763 erat,
1446 4706 1501 4749 ut
1535 4697 1585 4750 in
1623 4700 1814 4755 diebus
1842 4703 2176 4772 jejuniorum
2207 4723 2330 4761 eum

775 4782 826 4834 in
882 4781 1045 4834 Rubze
1095 4784 1438 4838 solitudinem
1479 4804 1796 4856 assumeret,
1850 4795 2066 4866 illicque
2123 4800 2331 4854 socium

774 4872 1018 4926 laborum
1060 4883 1110 4926 et
1147 4877 1440 4943 spiritualis
1477 4893 1734 4936 ascensus
1784 4883 2030 4941 haberet.

848 5159 944 5214 Hic
974 5159 1133 5213 etiam
1164 5164 1422 5220 mirabilis
1452 5167 1768 5239 Eutliymius
1796 5177 1998 5230 versari
2030 5178 2336 5245 dicebatur,

777 5264 831 5305 et
872 5253 1098 5321 singulis
1147 5251 1436 5312 Dominicis
1473 5261 1650 5315 divina
1713 5264 1816 5318 illis
1858 5281 2198 5326 sacramenta
2239 5274 2339 5327 im-

781 5342 1005 5412 pertire,
1043 5345 1215 5397 donec
1246 5345 1359 5398 dies
1406 5347 1710 5408 Palmarum
1743 5356 2068 5413 advenisset.

847 5517 1063 5573 Interim
1095 5517 1243 5574 brevi
1281 5523 1464 5594 elapso
1497 5532 1756 5595 tempore,
1789 5529 2016 5600 pulchro
2045 5533 2239 5592 itinere
2269 5537 2336 5592 ad

858 5720 1338 5793 (l)_'l‘_heoctistus
1397 5724 1642 5793 migravit
1715 5727 1778 5781 ad
1858 5728 2140 5787 Dominum
2202 5751 2341 5790 anno

781 5791 902 5844 vitae
945 5791 1002 5846 S.
1033 5791 1304 5864 Euthymii
1346 5796 1412 5852 90
1451 5791 1710 5867 (ineunte)
1785 5800 1870 5855 dte
1905 5801 1936 5854 3
2007 5803 2155 5872 Sept.
2189 5807 2343 5861 initio

2523 4427 2616 4479 Ἐκ
2673 4426 2879 4479 τούτων
2937 4428 3313 4497 ὑπερφιλῆσαί
3342 4445 3400 4479 τε
3429 4428 3594 4480 αὐτὸν
3624 4429 3652 4478 ό
3703 4428 4010 4498 Γεράσιμος

2442 4520 2826 4590 προήχθη,καὶ
2849 4517 2988 4570 οὔτω
3018 4522 3084 4589 τῇ
3114 4519 3207 4571 τοῦ
3255 4521 3522 4588 νεωτέρου
3544 4520 3703 4588 ἥδετο
3739 4522 4008 4592 πολιτεία,

2443 4616 2534 4665 καὶ
2585 4615 2846 4683 τοιαύτην
2885 4614 2974 4665 ἐπὶ
3005 4615 3119 4676 τοῖς
3147 4613 3359 4668 ἐκείνου
3383 4615 3609 4684 τρόποις
3648 4613 3738 4666 καὶ
3771 4616 3851 4684 τῷ
3885 4620 4012 4686 περὶ

2439 4703 2507 4754 τά
2539 4705 2885 4771 πνευματικά
2914 4703 3076 4772 ἔρωτι
3117 4704 3219 4774 τὴν
3257 4706 3631 4775 πληροφορίαν
3673 4706 3909 4777 εἰλήφει,
3938 4709 4010 4772 ὡς

2441 4797 2536 4848 καὶ
2594 4796 3044 4865 παραλαμὸάνειν
3116 4798 3280 4850 αὑτὸν
3329 4800 3385 4849 ἐν
3416 4802 3537 4860 ταῖς
3591 4799 3700 4852 τῶν
3744 4802 4010 4869 νηστειῶν

2442 4888 2678 4957 ἡμέραις
2711 4889 2788 4949 εἰς
2820 4888 2917 4955 τὴν
2967 4888 3175 4956 ἔρημον
3209 4887 3303 4940 τοῦ
3342 4889 3565 4953 Ῥουδᾶ,
3608 4891 3700 4942 καὶ
3754 4893 4010 4943 κοινωνὸν

2442 4977 2591 5047 ἔχειν
2624 4978 2731 5031 τῶν
2769 4979 2888 5030 ἐκεῖ
2914 4980 3180 5048 καμάτων
3209 4980 3302 5032 καὶ
3335 4980 3432 5048 τῆς
3464 4982 3841 5049 πνευματικῆς
3879 4984 4010 5037 ἀνα-

2441 5071 2669 5134 ϐάσεως.

2525 5165 2794 5223 Ἐνταῦοα
2862 5167 2958 5220 καὶ
2987 5167 3015 5218 ό
3047 5165 3359 5236 Θαυμαστὸς
3402 5165 3677 5235 Εὐθύμιος
3708 5169 4009 5240 διατρίϐειν

2441 5263 2681 5329 ἐλέγετο,
2738 5260 2832 5312 καὶ
2885 5259 3358 5327 μεταδιδόναιτῶν
3389 5261 3552 5313 Θείων
3586 5263 3771 5324 αὐτοῖς
3804 5279 4011 5332 μυστηο

2446 5352 2577 5422 ρίων
2625 5349 2913 5421 Κυριακῆς
2959 5351 3219 5420 ἑκάστης,
3263 5350 3368 5414 ἕως
3427 5353 3460 5420 ἠ
3507 5353 3612 5403 τῶν
3672 5353 3853 5405 Βατων
3885 5355 4008 5424 asa-

2444 5462 2614 5497 κοιτο.

2517 5535 2754 5606 Βραχέος
2789 5535 2842 5589 δὲ
2873 5535 3311 5606 ὑπορῤεύσαντος
3333 5535 3534 5604 μεταξὺ
3574 5538 3794 5609 χρόνου,
3827 5541 4005 5595 ἄπεισι

2445 5735 2477 5789 5
2541 5735 2894 5809 ἱιιόίειὶοιιὶς,
2927 5744 2987 5809 u_t
3028 5734 3297 5809 _hab_elur
3349 5735 3403 5791 in
3427 5735 3543 5791 Vita
3605 5734 3662 5790 S.
3721 5734 4003 5809 Euthymii,

2451 5821 2644 5876 nempe
2673 5821 2814 5863 anno
2838 5803 3042 5864 Christi
3075 5806 3192 5860 466.
