4188 6436
172 395 282 458 929
1432 369 1626 448 vtTA
1675 391 1736 454 s.
1780 388 2106 454 CYRIACI.
3307 396 3412 461 930

176 526 281 576 μον
316 505 629 577 ἀναχωρεῐο
691 503 769 575 τῷ
826 504 882 558 δὲ
939 505 1045 574 ἄρα
1099 505 1189 557 κα¹ι
1249 502 1492 574 μαθητὴς
1526 491 1818 567 εἷπετο.Α

1736 545 1740 558 ,
1771 509 1818 567 Α
1846 512 2047 573 qucnle
2081 505 2366 575 discipulo.
2399 507 2534 563 Cum
2569 510 2750 579 itaque
2781 508 2904 565 cibo
2940 505 3179 563 destituti
3210 515 3390 560 essent

183 599 578 668 Ἀπορούμενοι
639 599 820 650 τοίνυν
875 598 1100 666 τροφῆς,
1131 598 1222 650 καὶ
1255 599 1355 650 οὐκ
1383 598 1596 666 ἔχοντες
1625 595 1747 650 ὅθεν

1853 611 1952 650 nec
2017 599 2285 653 haberent
2350 603 2491 656 unde
2556 613 2764 661 natura
2822 601 3222 656 necessitatem-
3273 599 3415 652 sola.

171 695 276 764 τὴν
308 693 402 761 τῆς
433 692 648 760 φύσεως
684 691 934 759 ἀνάγκην
958 690 1470 761 παραμυθήσονταιο
1501 690 1750 761 οὐδὲγὰρ

1851 699 2038 742 rentur
2090 692 2179 759 (in
2209 691 2299 745 illa
2331 696 2533 763 quippe
2563 710 2745 749 eremo
2773 710 2841 748 ne
2902 693 3156 761 melagria
3191 691 3407 759 quidem

175 783 323 855 [οὐδὲ
367 781 420 852 1]
455 783 724 850 μελαγρια
751 783 892 833 κατὰ
918 780 1015 850 τὴν
1045 782 1251 850 ἔρημον
1289 784 1545 850 πεφύκει·
1578 781 1752 834 ταῦτα

1850 783 2230 847 nascebantur,
2283 800 2404 853 qua:
2461 797 2609 840 certe
2653 788 2733 841 eis
2783 787 2849 840 ad
2894 786 3201 839 convivium
3250 782 3415 836 ευθε-

175 880 288 944 γὰρ
354 875 512 944 ἱκανὴ
568 874 780 935 τούτοις
840 873 1083 935 ἑστίασις
1138 869 1227 944 ἦν,
1285 873 1501 943 εὔχεται
1551 873 1752 936 ὁθεῐος

1851 873 2108 939 cissmt);
2146 873 2310 928 Deum
2342 888 2492 946 rogat
2532 879 2750 931 divinus
2797 879 3072 948 Cyriacus,
3121 885 3178 928 ut
3228 875 3411 928 cibum

179 965 462 1032 Κυριακδς
493 964 567 1032 τῷ
596 963 733 1031 Θεῷ,
765 965 974 1033 τροφὴν
1003 965 1188 1026 αὐτοῖς
1229 967 1292 1017 ὲκ
1348 965 1458 1016 τῶν
1519 964 1750 1017 ἐνταῦθα

1852 963 1983 1032 ipsis
2012 977 2072 1018 ex
2108 965 2214 1020 illic
2247 971 2584 1023 exstantibus
2602 969 2768 1023 scillis
2810 970 3150 1038 impertiret;
3182 966 3247 1019 iis
3271 963 3415 1018 enim

174 1055 368 1110 δοῦναι
393 1055 622 1108 σκιλλῶν
686 1054 937 1125 [σκιλών]
968 1069 982 1085 ·
1039 1055 1276 1124 δαψιλῶς
1331 1055 1437 1124 γὰρ
1478 1056 1682 1108 τούτων
1717 1058 1747 1124 ἠ

1852 1055 2164 1110 abundabat
2196 1058 2284 1112 illa
2319 1061 2572 1114 solitudo.
2621 1061 3039 1128 Conversusque
3068 1059 3134 1112 ad
3179 1057 3419 1124 discipu—

182 1149 396 1218 ἔρημος
451 1153 544 1198 καὶ
613 1147 864 1214 ἀφθόνως
893 1143 1029 1216 εἶχε.
1073 1149 1178 1200 Καὶ
1209 1147 1346 1215 πρὸς
1375 1147 1466 1198 τὸν
1500 1148 1750 1216 μαθητὴν

1852 1145 1984 1211 lum,
2021 1146 2245 1219 Collige,
2286 1152 2479 1220 inquit,
2528 1151 2623 1214 (ili,
2679 1166 2745 1205 ex
2792 1152 2874 1204 liis
2933 1151 3119 1209 scillis,
3155 1159 3207 1202 et
3256 1147 3419 1200 sulem

180 1240 887 1309 ὲπιστραξε¹ις,Συνάγαγε,
933 1239 1087 1308 φησὶ,
1154 1241 1340 1293 τέκνον
1392 1241 1456 1292 ὲκ
1528 1241 1754 1293 τουτωνὶ

1854 1238 1961 1292 illis
2020 1254 2334 1308 aspergens,
2406 1259 2580 1319 eoque
2639 1245 2694 1296 in
2761 1242 2866 1296 olla
2913 1251 3032 1304 :et,
3097 1240 3422 1294 Benedictus

180 1336 294 1386 τῶν
325 1331 556 1383 σκιλλῶν
587 1331 814 1402 [σκιλῶν
845 1329 922 1403 η,
955 1331 1048 1383 καὶ
1074 1330 1205 1394 ἃλας
1242 1331 1515 1384 ἐπιϐαλὼν
1543 1332 1752 1399 αὑταῖς,

1543 1332 1752 1399 αὑταῖς,
1858 1330 2023 1392 Deus,
2055 1335 2311 1403 quoniam
2349 1351 2413 1390 ex
2451 1338 2557 1391 illis
2594 1338 2752 1393 nobis
2790 1337 2937 1393 vesci
2975 1336 3179 1391 liccbit.

183 1429 243 1476 ὲν
267 1426 440 1492 χύτρα
486 1423 687 1496 ἓψησον
718 1440 732 1455 ·
792 1426 884 1477 καὶ
933 1422 1222 1493 εὐλογητὸς
1248 1425 1274 1476 ὀ
1307 1424 1458 1489 Θεὸς,
1490 1425 1570 1477 ὅτι
1601 1424 1756 1477 ἔσται

183 1523 283 1568 καὶ
318 1519 443 1584 ἡμῖν
473 1518 529 1581 ἐξ
561 1516 741 1568 αὐτῶν
765 1515 1158 1585 χορτασθῆναι.

262 1611 448 1660 Ταῦτα
478 1612 503 1661 ὁ
535 1611 631 1678 μὲν
664 1609 740 1678 τῷ
768 1610 983 1677 μαθητῇ
1018 1610 1368 1678 ἐπισκήπτει,
1404 1608 1537 1670 Θεὸς
1577 1609 1632 1661 δὲ
1659 1609 1758 1677 τῆς

1929 1607 2054 1662 Haec
2103 1608 2190 1661 ille
2225 1609 2439 1678 quidem
2474 1601 2738 1679 discipulo
2788 1613 3030 1668 mandat.
3071 1610 3210 1664 Deus
3243 1617 3423 1662 autem

185 1702 356 1772 εὗχῆς
406 1702 613 1753 ἄνωθεν
676 1702 909 1767 ἐπήκοος
943 1697 1030 1769 ἦν.
1064 1703 1211 1752 ὁκαὶ
1267 1699 1410 1768 ὕδωρ
1434 1701 1500 1752 ὲκ
1552 1700 1759 1769 πέτρας

1858 1698 2071 1751 ςωιὶιυε
2125 1713 2312 1765 preces
2363 1701 2589 1762 audivit,
2646 1703 2738 1770 qui
2800 1714 2854 1755 et
2905 1717 3098 1770 aquam
3155 1717 3219 1754 ex
3276 1713 3427 1770 petra

187 1798 470 1865 πηγὰσας,
497 1796 589 1843 καί
623 1792 719 1859 τὴν
754 1790 954 1856 πολλὴν
988 1790 1206 1859 εκείνην
1236 1789 1336 1858 τῆς
1364 1791 1589 1861 Μερῤἅς
1621 1789 1758 1862 [Με-
1792 1863 1820 1865 _

1862 1786 2124 1842 scaturire
2188 1787 2332 1852 fecit,
2399 1803 2451 1842 et
2513 1794 2797 1845 maximam
2867 1793 3009 1845 illaut
3073 1794 3228 1845 Marso
3282 1806 3432 1844 ama-

192 1891 290 1957 ρᾶς
327 1885 372 1956 1]
419 1886 642 1953 πικρίαν
700 1883 779 1944 εἰς
822 1882 1087 1949 ἀνάλογον
1149 1882 1390 1952 ἀμείψας
1421 1884 1754 1950 γλυκύτητα.
1791 1863 1836 1922 Β

1791 1863 2158 1932 Britudinem
2247 1879 2299 1932 in
2397 1897 2689 1950 congruam
2771 1885 3113 1937 dulcedinem
3191 1899 3429 1938 comnm-

187 1983 258 2034 Αἵ
282 1996 341 2029 τε
373 1979 477 2048 γὰρ
507 1977 744 2038 σκίλλαι,
779 1974 875 2042 τῆς
922 1974 1164 2044 ἐμφύτου
1217 1980 1310 2028 καὶ
1343 1977 1508 2030 αὗται
1542 1978 1764 2046 πικρίας

1867 1971 2019 2023 tavit.
2055 1969 2228 2026 Scilla:
2258 1985 2490 2040 namque
2522 1976 2758 2026 innatam
2809 1976 3223 2029 amaritudinem
3265 1976 3430 2043 depo-

194 2071 512 2142 μετέϐαλον,
565 2069 658 2120 καὶ
725 2070 803 2129 εἰς
852 2068 1125 2137 τέσσαρας
1165 2068 1225 2129 ἐξ
1278 2069 1488 2119 ἐκείνου
1542 2071 1764 2136 χρόνους

1865 2072 2045 2116 suere,
2093 2069 2147 2111 et
2185 2059 2378 2113 exinde
2425 2077 2520 2129 per
2574 2065 2986 2131 quadriennium
3035 2065 3207 2136 beatis
3244 2065 3349 2118 illis
3380 2065 3431 2116 in

191 2166 368 2233 τροφῇ
414 2165 524 2223 τοῖς
563 2161 854 2230 μακαρίοις
900 2162 1143 2225 ἐγένοντο
1182 2159 1443 2228 [ἐγίνοντο
1483 2158 1550 2228 1].
1592 2158 1762 2222 Ἀλλ’,

1865 2147 1988 2200 cibo
2042 2147 2216 2200 fuere.
2271 2148 2377 2202 Sed
2435 2152 2583 2215 illud,
2638 2153 2755 2205 Non
2809 2157 3129 2224 den/linquet
3179 2156 3433 2207 Dominus

197 2275 215 2308 ι
256 2258 367 2313 οὐκ
439 2255 824 2320 ἐγκαταλείψει
876 2253 1078 2318 Κύριος
1119 2253 1241 2312 τοὺς
1298 2251 1475 2312 ὁσίους
1507 2250 1694 2316 αὑτοῦ,
1738 2269 1756 2302 ι

1866 2247 2072 2290 sanctos
2103 2254 2247 2302 suos,
2281 2253 2591 2310 opportune
2620 2260 2648 2297 a
2674 2261 2828 2300 sacro
2863 2246 3048 2312 David,
3084 2250 3168 2301 hic
3199 2251 3432 2304 dicetur.

188 2348 463 2414 εὐκαίρως
493 2345 567 2411 τῷ
597 2344 724 2411 ἱερῴ
759 2341 924 2398 Δαυΐό
979 2341 1216 2394 ἐνταῦθα
1249 2343 1558 2412 εἰρήσεται.
1600 2344 1766 2413 Ἀνὴρ

1869 2326 1963 2382 Vir
2001 2331 2148 2382 enim
2190 2333 2407 2400 quidam
2439 2350 2501 2388 ex
2535 2340 2654 2390 vlco
2675 2336 3046 2403 Tliecoorum,
3097 2355 3219 2393 cum
3253 2357 3314 2393 ex
3345 2341 3434 2405 iis,

190 2439 301 2506 γάρ
328 2454 408 2498 τις
442 2437 548 2488 ἀπὸ
577 2434 673 2502 τῆς
713 2434 906 2502 κώμης
939 2430 1172 2484 Θεκωών
1202 2429 1440 2503 [Θεκόων
1476 2430 1549 2502 1],
1613 2433 1766 2502 παρὰ

1870 2422 1960 2490 qui
2005 2423 2060 2475 in
2091 2440 2276 2480 eretuo
2323 2442 2516 2495 pecora
2566 2431 2880 2496 pascebant,
2926 2432 2992 2485 de
3025 2430 3251 2500 Cyri-aco
3287 2433 3439 2486 audi-

190 2529 304 2580 τὼν
346 2528 401 2578 ἐν
439 2529 500 2594 τῇ
538 2528 728 2595 ἐρήμῳ
791 2523 1082 2592 θρέμματα
1139 2523 1414 2590 νεμόντων
1465 2521 1767 2589 πυθόμενος

1870 2515 2056 2574 visset,
2102 2518 2332 2582 panibus
2371 2520 2561 2571 calidis
2603 2522 2756 2572 asino
2803 2523 3068 2586 impositis
3111 2526 3342 2581 accedit.
3380 2536 3437 2580 et

191 2623 263 2671 τὰ
297 2621 438 2671 κατὰ
498 2620 587 2669 τὸν
637 2617 935 2683 κυριακὸν,
995 2614 1191 2682 ἄρτους
1235 2613 1471 2679 θερμοὺς
1527 2611 1620 2662 ἐπὶ
1678 2612 1768 2661 τὸν

1869 2616 2037 2654 onere
2090 2607 2232 2671 apud
2290 2623 2412 2659 eum
2463 2609 2734 2676 deposito,
2775 2610 2931 2674 abiit,
2985 2612 3175 2682 bisque
3223 2616 3274 2667 in
3314 2615 3438 2670 reli-

191 2711 318 2764 6νον
354 2710 484 2780 [των
528 2708 663 2759 ὄνων
703 2706 751 2776 1]
811 2705 1094 2773 ἐνθέμενος
1117 2704 1263 2771 ἧκεν
1312 2703 1406 2752 καὶ
1428 2699 1559 2768 παρ’
1617 2696 1768 2768 αὑτῴ

1872 2711 2040 2762 quum
2112 2696 2368 2768 CyriaCus
2429 2715 2551 2753 cum
2612 2703 2875 2770 discipulo
2941 2706 3102 2758 vitam
3170 2709 3426 2764 traduxit.

193 2805 456 2863 καταθεὶς
510 2804 600 2852 τὸν
647 2801 872 2868 φόρτον,
929 2795 1101 2846 οπιὼν
1161 2792 1364 2863 ᾤχετο·
1427 2792 1520 2844 καὶ
1563 2791 1770 2853 τούτοις

1871 2787 2134 2859 Tuncque
2183 2792 2506 2862 discipulus,
2559 2798 2728 2850 coctis
2763 2798 2828 2849 de
2883 2812 3032 2851 more
3085 2801 3274 2862 scillis,
3327 2815 3435 2853 non

193 2899 222 2949 ὁ
261 2894 534 2962 Κυριακὸς
575 2889 665 2939 τοῦ
697 2890 887 2938 λοιπου
925 2885 1021 2936 σὺν
1052 2885 1133 2954 τῷ
1167 2886 1386 2954 μαθητῇ
1412 2882 1586 2952 διέζη.
1607 2881 1770 2935 Ἀλλὰ

1868 2882 2052 2951 jussus
2097 2899 2128 2937 a
2173 2885 2335 2939 beato
2388 2887 2614 2956 (Syriaco
2665 2903 2755 2941 cas
2805 2892 2856 2941 in
2911 2901 3119 2942 uenam
3166 2903 3435 2967 apposuit,

192 2986 318 3042 τότε
346 2985 444 3056 μὲν
473 2986 498 3038 ὀ
536 2981 783 3056 μαθητὴς
823 2978 912 3036 τὸν
953 2978 1156 3053 συνήθη
1190 2977 1392 3049 τρόπον
1415 2977 1512 3043 τὰς
1545 2974 1771 3044 “ora;

1879 2972 2082 3026 θείηδθ
2128 2989 2250 3030 Cum
2299 2994 2482 3038 carum
2521 3000 2628 3038 non
2664 2979 2829 3039 ferret
2859 2991 3301 3050 amaritudinem,
3334 3007 3439 3044 una

195 3082 428 3150 ἑψήσας,
498 3080 572 3149 μὴ
622 3080 925 3147 ὲπιτραπὲν
999 3075 1146 3146 αὐτῷ
1189 3073 1294 3127 ὑπὸ
1342 3073 1435 3125 τοῦ
1492 3073 1768 3142 μακαρίου

1873 3090 1998 3128 cum
2051 3091 2182 3130 voce
2212 3076 2354 3130 vires
2412 3079 2530 3147 ejus
2575 3079 2858 3132 exstinctae
2895 3091 3041 3143 sunt,
3075 3089 3130 3134 et
3165 3093 3438 3148 tamquam

197 3173 503 3244 Kuptazou.
558 3173 711 3225 ἔθετο
738 3174 970 3229 δεῖπνον,
1015 3165 1148 3223 Εἶτα
1197 3165 1293 3234 τὴν
1328 3166 1507 3218 αὐτῶν
1540 3166 1770 3235 πικρίαν
1799 3216 1841 3271 C

1799 3216 1841 3271 C
1877 3179 2125 3221 mortuus
2177 3171 2411 3240 jaccbat.
2470 3172 2602 3224 Cum
2657 3173 2840 3240 itaque
2900 3175 3117 3227 divinus
3175 3173 3439 3244 Cyriacus

194 3268 299 3320 οὐκ
331 3265 625 3334 ὲνεγκόντι,
659 3266 751 3316 καὶ
782 3266 814 3331 ἡ
848 3263 1074 3331 δύναμις
1104 3261 1253 3329 αὑτῷ
1287 3259 1427 3327 μετὰ
1455 3256 1555 3324 τῆς
1588 3257 1770 3326 φωνῆς
1803 3256 1841 3271 υ

1803 3256 1841 3271 “
1883 3259 2160 3313 infortunii
2203 3275 2418 3313 Causam
2463 3262 2835 3328 intellexiSset,
2874 3275 2928 3317 et
2960 3280 3152 3317 manus
3179 3269 3244 3318 ad
3276 3283 3439 3318 oran-

195 3359 461 3425 ἐσϐέσθη,
523 3357 615 3407 καὶ
645 3355 777 3406 ὡσεὶ
808 3355 996 3424 νεκρὸς
1031 3355 1228 3406 ἔκειτο.
1254 3352 1556 3422 Συμϐαλων
1592 3353 1772 3404 τοίνυν

1881 3353 2007 3406 dum
2049 3369 2144 3422 pro
2183 3353 2447 3423 discipulo
2478 3354 2805 3420 sustulisset,
2846 3357 3020 3426 ipsum
3060 3361 3270 3424 erexit;
3300 3361 3441 3414 divi-

194 3453 224 3502 ὁ
258 3449 397 3512 θεῖος
468 3449 741 3516 Κυριακὸς
799 3447 898 3517 τῆς
964 3448 1253 3517 συμφορᾶς
1285 3445 1382 3516 τὴν
1427 3448 1630 3505 αἰτίαν,
1680 3445 1770 3496 καὶ

1879 3455 2055 3510 natiue
2095 3445 2168 3499 illi
2199 3445 2511 3513 impertiens
2552 3458 2925 3511 sacramenta,
2957 3464 3146 3503 sanum
3193 3453 3443 3520 protinus

196 3541 391 3609 χεῖρας
450 3541 530 3601 εἰς
591 3539 902 3608 προσευχὴν
951 3539 1088 3605 ὑπὲρ
1143 3537 1238 3587 τοῦ
1270 3534 1515 3602 μαθητοῦ
1553 3533 1760 3598 διάρας.

1441 3535 1515 3583 το)
1553 3533 1760 3598 διάρας,
1879 3536 2140 3597 reddidit,
2175 3548 2228 3588 et
2256 3538 2488 3606 benigne
2518 3555 2545 3590 a
2587 3540 2779 3594 timore
2818 3548 3095 3596 recreavit.

198 3633 455 3699 ἀνίστησι
535 3630 738 3692 τοῦτον,
810 3629 902 3679 καὶ
975 3627 1084 3681 τῶν
1137 3626 1294 3677 θείων
1350 3624 1499 3696 αὑτῴ
1558 3624 1821 3694 μεταδους
1883 3630 2223 3699 μυστηρίων,
2283 3629 2413 3700 ὑγιῆ
2462 3647 2518 3682 τε
2579 3632 3012 3703 ἀποκαθίστησιν
3065 3636 3282 3703 αὐτίκα,
3353 3639 3447 3691 καὶ

196 3729 301 3799 τῆς
331 3727 531 3788 δειλίας
561 3727 736 3795 ἠπίως
769 3723 1164 3793 ἀναλαμϐάνει.

289 3821 486 3888 Ὀλίγῳ
519 3819 573 3871 δὲ
605 3818 830 3888 ὕστερον
876 3817 1238 3869 ὲπιλιπῦντων
1269 3817 1451 3880 αὐτοῖς
1481 3814 1776 3887 [αὐτοὺςὲ]

1948 3813 2076 3867 Post
2110 3815 2270 3882 paulo
2310 3825 2493 3870 autem
2538 3819 2914 3875 deficientibus
2955 3821 3203 3892 panibus,
3240 3825 3447 3894 gravis-

198 3913 314 3968 τῶν
367 3915 567 3981 ἄρτων,
618 3908 1014 3981 [χαλεπωτάτῳ
1062 3908 1206 3976 λιμῷ
1256 3909 1566 3975 συνείχοντο
1595 3907 1776 3961 πάλιν.

1885 3907 2023 3961 siina
2085 3923 2271 3962 rursus
2329 3909 2472 3963 fame
2535 3913 2939 3979 premebantur.
3013 3913 3210 3970 Beatus
3263 3928 3446 3972 autem

201 4007 317 4061 Καὶ
353 4002 534 4072 πάλιν]
571 4005 598 4054 ὁ
660 4002 934 4072 μακάριος
963 3994 1116 4064 οὗτος
1143 4003 1236 4053 τὸν
1274 4001 1523 4072 μαθητὴν
1557 4002 1780 4064 σκίλλας
1819 4007 1828 4015 ’

1819 4007 1828 4015 ’
1877 3998 1964 4052 ille
1998 4000 2321 4069 discipulum
2380 4002 2573 4055 iterum
2632 4019 2694 4057 ex
2752 4005 2918 4058 scillis
2971 4020 3186 4058 ccenam
3249 4024 3442 4076 parare

203 4097 390 4157 αὐτοῖς
453 4094 667 4146 δεῖπνον
717 4096 1142 4164 παρασκευάσαι
1194 4096 1582 4164 προτρέπεται.
1631 4093 1689 4144 ’0
1724 4094 1780 4145 δὲ

1874 4090 2048 4159 jubet.
2103 4090 2194 4143 Ille
2240 4107 2364 4145 vero
2400 4108 2521 4146 cum
2573 4093 2750 4146 cibum
2802 4107 3048 4164 paratum
3086 4104 3445 4167 apposuisset,

201 4189 304 4259 τὴν
352 4188 560 4259 τροςρὴν
611 4188 1074 4257 ἐξεργασάμενος,
1127 4187 1224 4239 καὶ
1271 4188 1474 4253 ταύτην
1533 4185 1777 4255 προθεὶς,

1881 4197 1946 4236 eo
1992 4192 2170 4236 tamen
2207 4185 2282 4236 uti
2320 4185 2631 4239 verebatur.
2669 4185 2908 4241 Verterat
2949 4191 3091 4242 enim
3124 4195 3172 4245 ei
3219 4195 3267 4244 in
3301 4208 3452 4245 incn-

203 4283 357 4353 ὅμως
423 4281 677 4332 ἐδεδοίκει
740 4277 1071 4349 χρήσασθαι.
1132 4277 1320 4347 Εισῄει
1376 4278 1486 4348 γὰρ
1540 4278 1702 4330 αὑτὸν
1745 4279 1778 4347 ή

1883 4283 1994 4330 tem
2048 4278 2360 4344 pra-cedens
2401 4279 2726 4342 amaritudo,
2758 4289 2810 4332 et
2840 4284 3294 4348 quemadmodum
3327 4300 3448 4338 eum

205 4372 558 4443 προλαῦοὖσα
596 4375 809 4439 πικρία·
848 4371 938 4422 καὶ
967 4371 1114 4429 ὅπως
1148 4371 1411 4438 φαγόντα,
1446 4369 1506 4420 οὐ
1537 4367 1597 4419 τὸ
1613 4369 1779 4435 φθέγ-

1885 4367 2238 4428 comedissct,
2291 4381 2400 4420 non
2455 4370 2612 4423 modo
2665 4384 2790 4432 vox,
2845 4384 3029 4424 verum
3063 4374 3224 4425 etiam
3272 4384 3449 4429 motus

201 4467 400 4535 γεσθαι
428 4467 606 4533 μόνον,
641 4467 777 4517 ἀλλὰ
805 4470 896 4518 καὶ
929 4464 985 4516 τὸ
1007 4463 1278 4516 κινεῖσθαι
1311 4463 1473 4514 αὑτὸν
1495 4463 1776 4516 ἐπέλιπεν.
1816 4510 1855 4563 D

1816 4510 1857 4563 Β
1885 4473 2010 4512 eum
2045 4460 2350 4513 deiecisset.
2387 4460 2644 4530 Cyriacus
2674 4473 2854 4516 autem
2889 4464 3010 4518 data
3043 4465 3448 4532 benedictione,

205 4558 618 4626 Εὑλογήσαντος
679 4557 777 4626 μέν
823 4573 902 4607 τοι
937 4556 1031 4608 τοῦ
1087 4553 1393 4623 Κυριακοῦ,
1439 4556 1532 4606 καὶ
1569 4557 1658 4606 τὸν
1685 4556 1780 4606 τοῦ
1816 4550 1853 4563 ”

1816 4550 1853 4563 "
1883 4550 2142 4618 signoque
2169 4554 2347 4605 erucis
2373 4552 2679 4615 eil'ormato,
2715 4569 2778 4606 ex
2811 4556 3073 4623 appositis
3116 4559 3366 4625 sumpsit,
3401 4568 3454 4612 et

208 4649 671 4720 σταυροῦιτύπον
730 4647 1114 4711 ἐπιϐαλόντος,
1174 4641 1294 4698 εἶτα
1347 4648 1439 4698 καὶ
1495 4646 1779 4714 ἁψαμένου

1885 4641 2034 4708 prior
2049 4643 2321 4706 comedit;
2357 4641 2676 4715 [discipulus
2705 4659 2832 4699 vero
2863 4659 3138 4716 resumpta
3160 4648 3354 4704 liducia
3383 4664 3451 4705 ex

205 4745 320 4795 τῶν
357 4743 738 4811 προκειμένων
786 4739 880 4791 καὶ
932 4739 1152 4806 πρώτου
1212 4736 1502 4805 φαγόντος,
1543 4738 1784 4804 ἀναθαρ-

1885 4732 2005 4785 cibo
2059 4735 2327 4805 accepit,]
2365 4737 2630 4805 amboque
2678 4739 2919 4808 jucunde
2972 4742 3349 4808 comederunt,
3402 4752 3454 4798 et

207 4837 383 4903 σήσας
407 4837 498 4884 καὶ
539 4837 566 4886 ὀ
601 4834 867 4903 μαθητὴς,
898 4833 1060 4893 εὐθὺς
1089 4833 1296 4901 ἥπτετο
1323 4847 1335 4860 ·
1368 4838 1462 4883 καὶ
1487 4831 1689 4899 ἔφαγόν
1722 4845 1781 4880 τε

857 4873 867 4896 ,
898 4833 1060 4893 εὐθὺς
1089 4833 1296 4901 ἥπτετο
1323 4847 1335 4860 ·
1368 4838 1462 4883 καὶ
1487 4831 1689 4899 ἔφαγόν
1722 4845 1781 4880 τε
1885 4824 2098 4878 abunde
2138 4826 2320 4879 refecti
2367 4837 2511 4882 sunt.

206 4929 382 4998 ἡδέως
410 4927 507 4978 καὶ
540 4926 739 4988 ἱκανως
791 4927 1181 4994 ἀνεκτήσαντο.

287 5018 546 5086 Πέμπτος
577 5015 676 5084 τῆς
721 5018 778 5067 ὲν
833 5013 909 5084 ’τῷ
958 5014 1218 5083 Νατουφᾷ
1270 5014 1441 5082 τούτῳ
1503 5012 1785 5082 διατριϐῆς

1970 5001 2204 5069 Quintus
2236 5006 2346 5075 jam
2399 5007 2712 5076 explebatur
2757 5025 2933 5065 annus
2964 5011 3100 5078 (Ml,
3147 5029 3212 5067 ex
3260 5030 3366 5083 quo
3399 5017 3451 5069 in

213 5103 411 5180 ἠνύετο
441 5110 651 5180 χρόνος·
685 5111 778 5160 καί
807 5124 950 5169 τινος
984 5108 1081 5174 μὲν
1111 5109 1221 5168 υίὸς
1239 5108 1345 5158 τῶν
1370 5108 1427 5157 ὲν
1452 5109 1518 5176 τῇ
1555 5104 1785 5157 Θεκωῶν

1887 5094 2136 5164 Natupha
2178 5099 2281 5152 isto
2335 5101 2652 5154 versabatur
2699 5121 2713 5156 :
2757 5111 2812 5156 et
2871 5107 3150 5171 cujusdam
3212 5105 3354 5162 ﬁlius
3393 5122 3457 5161 ex

217 5201 457 5274 [Θεκόων
490 5201 538 5271 1]
583 5207 802 5268 πονηρῷ
835 5203 1107 5268 συνείχετο
1138 5196 1439 5266 πνεύματι·
1469 5201 1565 5249 καὶ
1592 5197 1786 5263 δυσφό-

1891 5189 2011 5242 vico
2065 5189 2403 5244 Tliecoorum
2445 5195 2678 5263 maligno
2728 5197 2918 5264 spiritu
2966 5201 3249 5267 correptus
3295 5202 3446 5250 tene-

217 5312 332 5366 ρως
366 5292 478 5362 εἶχε
513 5297 604 5347 καὶ
668 5295 940 5364 χαλεπῶς.
1002 5291 1082 5345 Τὰ
1124 5295 1251 5362 περὶ
1286 5291 1378 5343 τοῦ
1410 5293 1554 5342 θείου
1581 5289 1635 5340 δὲ
1675 5291 1785 5342 Ku-

1890 5282 2065 5344 batur,
2105 5285 2449 5353 graviterque
2483 5300 2546 5337 ac
2593 5287 2820 5340 moleste
2856 5291 3132 5357 agebatur.
3171 5290 3304 5340 Cum
3353 5305 3452 5341 au-

215 5381 412 5454 ριακοῦ
451 5382 637 5451 μαθὼν
668 5383 876 5436 ἕκαστα
906 5382 934 5432 ὁ
965 5386 1167 5450 πατὴρ,
1212 5381 1340 5451 παρ’
1372 5382 1534 5433 αὑτὸν
1571 5396 1629 5431 τε
1665 5380 1786 5446 ἄγει

1892 5382 1997 5427 tem
2046 5373 2112 5426 de
2167 5377 2352 5428 divino
2406 5375 2629 5442 Cyriaco
2684 5380 2894 5446 singula
2951 5379 3230 5432 didicisset
3285 5390 3456 5445 pater,

215 5473 312 5525 τὸν
373 5474 555 5533 παῖδα,
616 5473 710 5524 καὶ
761 5473 977 5541 θερμῶς
1028 5473 1219 5535 ἐδεῖτο,
1253 5472 1458 5540 ἀμῦναι
1503 5471 1579 5540 τῷ
1635 5469 1788 5522 παιδὶ

1891 5464 2061 5517 tilium
2108 5467 2174 5519 ad
2227 5481 2372 5519 eum
2405 5469 2645 5530 adducit,
2686 5472 3144 5536 vclrementerlue
3199 5478 3352 5540 rogat
3403 5479 3460 5522 ut

214 5563 470 5635 χαλεπῶς
519 5563 804 5632 κάμνοντι.
823 5563 883 5616 '0
911 5563 965 5616 δὲ
991 5564 1083 5616 καὶ
1115 5565 1455 5633 ἀμφοτέρους
1481 5563 1789 5631 οἰκτείρας,

1891 5558 2029 5612 male
2070 5559 2334 5612 laboranti
2371 5559 2477 5612 tilio
2530 5574 2686 5627 opem
2723 5560 2879 5614 ferat.
2913 5559 3004 5614 Ille
3038 5573 3217 5614 autem
3262 5562 3460 5614 utrius-

213 5657 306 5708 τὸν
350 5654 447 5720 μὲν
499 5655 593 5709 τοῦ
648 5656 874 5722 πάθους,
942 5658 1032 5711 τὸν
1071 5656 1125 5709 δὲ
1190 5658 1288 5727 τῆς
1361 5655 1449 5707 ἐπὶ
1510 5652 1586 5721 τῷ
1637 5652 1786 5705 παιὸὶ

1891 5663 1997 5723 que
2046 5649 2323 5715 misertus,
2379 5649 2537 5718 hujus
2584 5649 2822 5719 quidem,
2858 5650 3056 5716 morbi,
3107 5650 3252 5705 illius
3311 5663 3460 5711 vero.

289 5812 401 5883 (ιι)
436 5813 570 5869 Ann.
614 5816 734 5872 seu.
