4188 6436
239 400 356 466 933

1554 396 1732 460 VJTA
1776 401 1834 463 S.
1878 403 2197 466 CYRIACI.

3390 419 3495 481 934

239 517 413 571 αὐτὸν
440 515 821 586 ἐκτενέστερον
841 511 937 567 τοῦ
970 509 1103 566 Θεοῦ
1127 511 1405 580 δεηθῆναι,
1433 509 1573 564 ὥστε
1597 509 1726 571 τοὺς
1761 509 1808 560 ἐκ

1925 510 2176 564 cietatem
2212 513 2476 580 coierant,
2525 527 2579 573 et
2621 523 2879 579 adversus
2925 526 3281 586 orthodoxam
3329 533 3488 591 iidem

235 614 314 679 τῇ
348 609 442 679 νέα
474 609 653 678 λαύρα
691 607 830 676 μετὰ
869 606 1070 660 Νόννου
1122 603 1317 676 [Νόνου
1351 600 1408 673 2]
1436 603 1530 653 καὶ
1565 600 1817 653 Λεοντίου

235 700 346 770 τὴν
380 702 441 752 ἐκ
472 700 580 751 τῶν
617 699 923 768 Ὠριγένους
951 695 1240 762 δογμάτων
1269 689 1587 762 συμμαχίαν
1638 706 1819 760 παρα-

1926 600 2126 654 bellum
2173 617 2543 676 sumpserant,
2593 613 2961 682 vincerentur,
2991 631 3044 673 et
3078 622 3299 676 multam
3345 626 3492 682 illam

1923 692 2259 761 deponerem
2286 704 2669 772 arrogantiam.

237 792 535 856 λαϐόντας,
563 790 657 842 καὶ
695 789 837 842 κατὰ
889 788 988 857 τῆς
1022 785 1306 857 ὀρθοδόξου
1362 782 1872 854 στρατευσαμένους
1909 784 2166 856 πίστεως,
2215 793 2537 865 ἡττηθῆναι,
2576 800 2670 851 καὶ
2719 800 2818 870 τὴν
2865 804 3067 878 πολλὴν
3108 808 3323 880 ἐκείνην
3358 811 3487 864 ἀλαο

234 884 461 950 ζονείαν
492 883 805 936 ἀποϐαλεῖν.

327 981 385 1032 'O
420 979 686 1047 Κύριλλος
713 977 809 1046 μὲν
832 970 924 1029 οὖν
955 977 1034 1039 είς
1081 975 1172 1027 τὸν
1207 973 1416 1026 Σονκᾶν
1459 971 1812 1040 ἀφικόμενος,

233 1075 338 1126 καὶ
374 1073 607 1138 Ζωσίμῳ
633 1071 726 1121 καὶ
767 1069 989 1138 Ἰωάννῃ
1043 1066 1281 1134 πρώτοις
1309 1065 1519 1117 ἐκείνου
1560 1065 1671 1123 τοῖς
1707 1078 1814 1128 μαο

235 1164 432 1234 Θηταῖς
494 1159 755 1227 ἐντυχὼν,
797 1158 917 1213 εἶτα
959 1162 1048 1213 καὶ
1072 1159 1145 1220 ὼς
1175 1158 1264 1209 τὸν
1298 1157 1472 1224 μέγαν
1503 1157 1598 1208 σὺν
1631 1155 1813 1216 αὐτοῖς

235 1255 522 1323 Κυριακδν
557 1254 776 1307 ἄπεισιν
798 1269 809 1280 °
859 1251 1157 1321 ἐγχειρίζει
1192 1267 1250 1302 τε
1281 1248 1432 1318 αὐτῷ
1463 1249 1562 1317 τὴν
1588 1249 1811 1299 ἐπιστο-

230 1348 362 1416 λὴν,
395 1349 488 1398 καὶ
523 1348 618 1399 ὅσα
647 1347 805 1397 πάλιν
840 1345 944 1398 ἀπὸ
978 1342 1223 1412 γλώττης
1259 1343 1406 1408 αὐτῷ
1438 1341 1644 1410 εἴρητο,
1676 1338 1816 1402 διέξ-

233 1456 349 1490 εισι
393 1440 586 1491 πάντα.
625 1437 683 1488 Ὀ
729 1437 785 1487 δὲ
821 1437 1023 1504 θερμόν
1073 1452 1125 1487 τι
1190 1435 1284 1487 καὶ
1318 1432 1430 1486 οἷον
1455 1434 1560 1516 ἀπὸ
1590 1432 1818 1501 καρδίας

235 1532 631 1598 ἐπιδακρύσας,
671 1530 822 1593 Εἰπὲ,
861 1531 1015 1599 φησὶ,
1047 1528 1123 1584 τῶ
1159 1527 1540 1580 ἀποστείλαντί
1572 1544 1630 1579 σε
1663 1543 1678 1556 ⁸
1728 1526 1816 1594 Μὴ

231 1624 540 1692 ἀνιώμεθα,
595 1624 773 1693 Πάτερ
795 1639 807 1652 ·
841 1622 1082 1693 ὀψόμεθα
1117 1624 1223 1692 γὰρ
1258 1622 1450 1674 θᾶττον
1477 1621 1676 1672 Νόννον
1713 1618 1814 1687 μὲν

232 1718 335 1770 καὶ
371 1717 640 1782 Λεόντιον,
665 1719 763 1786 τὴν
791 1716 936 1786 ζωὴν
965 1716 1272 1768 ἀθλιώτατα
1299 1713 1805 1782 καταστρέψαντας·

1988 968 2220 1038 Cyrillus
2276 973 2453 1043 itaque
2509 993 2630 1031 cum
2687 980 2738 1033 in
2798 979 2990 1038 Sucam
3051 989 3376 1055 devertisset.
3433 998 3488 1051 el

1921 1059 2140 1114 Zosimo
2186 1079 2249 1118 ac
2293 1065 2513 1130 Joanni,
2557 1071 2746 1138 primis
2783 1076 2928 1129 illius
2977 1079 3280 1148 discipulis,
3319 1089 3488 1142 collo-

1918 1160 2076 1203 cutus
2111 1152 2319 1214 fuissr-t.
2365 1157 2558 1211 deinde
2596 1160 2756 1214 etiam
2808 1179 2929 1217 cum
2970 1168 3100 1235 ipsis
3132 1173 3196 1226 ad
3232 1191 3482 1246 magnum

1919 1242 2278 1308 proﬁciscitur
2304 1247 2610 1316 (Syriacum,
2647 1252 2808 1320 eique
2836 1257 3114 1324 epistolam
3147 1264 3197 1314 in
3232 1242 3484 1323 manibus

1920 1331 2032 1396 dat,
2097 1345 2151 1388 et
2211 1351 2428 1391 rursum
2491 1344 2672 1395 omnia
2745 1362 3084 1420 quaecunque
3139 1356 3318 1409 verbis
3380 1360 3480 1428 ipsi

1916 1427 2169 1482 mandata
2217 1429 2452 1497 fuerant,
2492 1435 2760 1491 edisserit.
2810 1440 2902 1495 llle
2947 1460 3077 1498 vero
3120 1427 3483 1514 ardenter,iet

1914 1519 2059 1571 velut
2092 1535 2155 1573 ex
2191 1525 2352 1577 corde
2397 1526 2739 1596 illacrymans
2773 1549 2785 1584 :
2822 1533 2935 1597 Dic,
2974 1536 3167 1605 inquit,
3199 1540 3246 1593 ei
3294 1543 3381 1609 qui
3430 1554 3482 1598 te

1909 1608 2060 1662 misit
2104 1627 2117 1662 :
2167 1609 2244 1665 Ne
2298 1630 2530 1671 mcerore
2582 1619 2900 1689 atﬂigamur,
2943 1624 3126 1691 Pater,
3193 1608 3480 1687 citorenim

1913 1698 2221 1756 videbimus
2279 1705 2529 1761 Nonnum
2588 1712 2808 1778 quidem
2859 1725 2913 1768 et
2967 1716 3254 1774 Leontium
3316 1725 3477 1778 vitam

230 1810 432 1870 τοὺςδὲ
451 1809 920 1877 ἐπιχωριάσαντας
936 1809 999 1876 τῇ
1029 1805 1204 1876 λαύρα
1227 1805 1421 1866 λύκους
1447 1804 1522 1866 ὡς
1551 1805 1806 1872 αἴσχιστα

1917 1793 2223 1849 miserrime
2273 1813 2394 1852 cum
2455 1811 2628 1856 morte
2669 1817 3003 1862 commutare
3046 1827 3058 1874 ;
3097 1813 3250 1881 lupos
3299 1828 3479 1872 autem

231 1903 448 1953 ἐκεῖθεν
499 1899 1017 1967 ἀπελαυνομένους·
1051 1899 1145 1951 καὶ
1192 1897 1259 1950 τά
1308 1899 1504 1964 λογικὰ
1556 1899 1806 1968 πρόϐατα

234 1991 400 2043 πάλιν
452 1991 671 2049 ἀλύπως
733 1991 902 2056 αὐτὴν
954 1987 1232 2041 πατοῦντα
1267 1988 1359 2039 καὶ
1410 1986 1603 2048 ἀδεῶς,
1636 1987 1732 2038 καὶ
1753 1989 1808 2037 ἐν

229 2082 372 2146 αὐτῇ
434 2079 708 2148 νεμόμενά
761 2096 820 2132 τε
852 2081 945 2133 καὶ
996 2081 1397 2150 ἐκτρεφόμενα.
1446 2080 1588 2148 Πρός
1635 2078 1807 2131 ταῦτα

229 2172 462 2232 ἐκεῖνος·
496 2171 628 2222 Τίνα
657 2170 712 2223 δέ
739 2171 875 2235 ἐστι,
940 2173 1141 2241 Πάτερ,
1195 2170 1262 2222 τὰ
1296 2170 1386 2223 ὑπ’
1441 2168 1624 2222 αὐτῶν
1669 2186 1805 2236 πρε-

235 2263 559 2331 σὸευόμενα,
579 2264 741 2333 ἤρετο
767 2280 779 2294 ’
804 2263 1242 2316 διαϐεϐαιοῦνται
1272 2262 1399 2332 γὰρ,
1429 2261 1554 2331 ἔφη,
1587 2261 1658 2313 τά
1678 2262 1806 2330 περὶ

231 2359 636 2427 προῦπάρξεως
654 2361 744 2411 καὶ
762 2357 1258 2419 ἀποκαταστάσεως
1284 2357 1550 2425 δόγματα,
1578 2355 1718 2423 μέσα
1746 2371 1803 2407 τε

233 2447 372 2502 εἶναι
402 2450 497 2500 καὶ
515 2449 792 2502 ἀκίνδυνα·
815 2449 998 2501 ἐκεῖνα
1027 2450 1162 2517 πρὸς
1191 2448 1348 2500 τοῦτο
1384 2450 1684 2516 μαρτυρεῖν
1706 2447 1802 2498 αὑ-

229 2546 346 2606 τοῖς
375 2542 620 2609 λέγοντες
646 2541 787 2610 άπερ
816 2543 949 2609 φησί
986 2557 1088 2592 που
1119 2541 1226 2592 τῶν
1259 2539 1451 2592 ἑαυτοῦ
1478 2541 1805 2607 ἀπολογητιο

230 2635 345 2687 κῶν
392 2637 420 2688 ό
467 2635 639 2705 μέγας
695 2635 997 2705 Γρηγόριος
1028 2647 1041 2661 ⁸
1103 2651 1119 2684 ι
1166 2633 1317 2700 Ἐμοὶ
1355 2632 1399 2683 δ’
1436 2627 1529 2684 οὖν
1565 2633 1802 2700 πρᾶγμα

234 2728 488 2792 φαίνεται
518 2726 578 2777 οὗ
612 2726 719 2777 τῶν
778 2727 1153 2794 φαυλοτάτων,
1210 2725 1411 2777 διδόναι
1445 2727 1584 2778 κατὰ
1609 2724 1799 2793 καιρὸν

229 2815 448 2883 ἑκάστῳ
474 2814 564 2866 τοῦ
603 2816 760 2880 λόγον
789 2819 849 2867 τὸ
888 2817 1249 2886 σιτομέτριον,
1283 2817 1378 2869 καὶ
1408 2817 1711 2883 οἰκονομεῖν
1743 2817 1800 2865 ἐν

229 2909 410 2979 κρίσει
441 2909 538 2979 τὴν
575 2908 834 2977 ἀλήθειαν
868 2908 975 2958 τῶν
1016 2910 1301 2977 ἡμετέρων
1337 2908 1649 2977 δογμάτων,
1697 2908 1798 2959 ὅσα

227 3002 356 3070 περὶ
389 3002 610 3070 κόσμων
641 3001 672 3070 ἢ
728 3001 931 3072 κόσμου
995 2998 1448 3068 πεφιλοσόφηται,
1480 3000 1608 3068 περὶ
1645 2997 1796 3067 ὕλης,

227 3095 356 3164 περῖ
381 3095 581 3164 ψυχῆς,
614 3095 739 3164 περὶ
773 3093 884 3159 νοῦ,
916 3094 1011 3147 καὶ
1038 3093 1144 3146 τῶν
1175 3093 1376 3162 νοερῶν
1408 3092 1642 3158 φύσεων,
1679 3092 1798 3160 βελ-

1917 1885 1970 1937 in
2011 1885 2183 1941 Laura
2226 1902 2472 1945 versatos
2523 1911 2684 1963 quam
2743 1901 3056 1968 turpissime
3111 1906 3260 1961 illinc
3310 1911 3475 1979 abigi,

1910 1993 2147 2048 Ovesque
2199 1986 2407 2038 ratione
2458 1989 2710 2055 praaditas
2749 1993 2916 2061 ipsam
2953 2013 3140 2051 rursus
3190 2001 3308 2054 sine
3359 2018 3478 2056 mo-

1910 2071 2063 2124 lestia
2111 2082 2165 2126 et
2215 2076 2331 2130 sine
2363 2088 2509 2132 metu
2558 2082 2788 2149 calcare,
2821 2101 2883 2139 ac
2926 2088 2978 2140 in
3016 2104 3076 2142 ea
3107 2091 3173 2142 ali
3221 2103 3276 2145 et
3308 2095 3476 2161 pasci.

1909 2161 1988 2216 Ad
2023 2163 2136 2216 hmc
2174 2164 2263 2218 ille
2318 2171 2570 2236 rogavit:
2622 2172 2881 2236 Quzenam
2926 2193 3054 2232 vero
3100 2192 3245 2244 sunt,
3299 2183 3474 2249 Pater,

1907 2267 2026 2320 qua:
2067 2255 2139 2307 illi
2183 2272 2276 2311 sua
2317 2269 2538 2314 tuentur
2578 2267 2886 2320 sententia?
2921 2285 3151 2339 namque
3185 2273 3474 2341 affirmant,

1910 2344 2109 2413 inquit,
2164 2347 2411 2417 dogmata
2464 2353 2530 2406 de
2580 2358 2978 2422 przeexistentia
3030 2373 3083 2416 et
3132 2366 3475 2421 restitutione

1908 2437 1961 2490 in
2023 2439 2309 2505 pristinum
2371 2453 2593 2510 statum,
2667 2450 3030 2508 inditl'crentia
3093 2472 3233 2521 esse,
3301 2469 3354 2512 et
3405 2462 3473 2513 ab

1906 2531 2060 2582 omni
2120 2536 2368 2600 periculo
2405 2538 2578 2594 aliena
2619 2558 2631 2594 :
2663 2543 2745 2595 illa
2782 2546 2847 2597 ad
2897 2546 2998 2600 hoc
3048 2551 3358 2603 testimonio
3390 2552 3473 2605 eis

1903 2634 2024 2674 esse
2092 2624 2334 2679 dicentes
2382 2645 2500 2693 quae
2559 2632 2755 2688 alicubi
2829 2638 2884 2690 in
2943 2640 3059 2694 suis
3114 2641 3474 2713 Apologeticis

1903 2731 2132 2788 magnus
2171 2716 2464 2788 Gregorius
2499 2724 2574 2777 ait
2610 2743 2621 2778 :
2655 2726 2782 2780 Mihi
2831 2731 3050 2784 videtur
3084 2748 3168 2785 res
3209 2749 3315 2787 non
3352 2737 3472 2790 vilis

1902 2823 2003 2862 nec
2049 2813 2466 2876 contemnenda,
2512 2817 2641 2868 dare
2675 2817 2724 2869 in
2760 2828 3001 2888 tempore
3038 2823 3332 2891 unicuique
3377 2826 3472 2878 de-

1902 2915 2153 2956 mensum
2202 2908 2495 2973 sermonis,
2529 2920 2581 2962 et
2613 2911 2930 2979 dispensare
2960 2913 3010 2964 in
3059 2913 3266 2981 judicio
3327 2917 3468 2968 veri-

1902 3001 2064 3046 tatem
2113 3008 2424 3051 nostrorum
2459 3001 2792 3070 dogmatnm,
2825 3017 3178 3070 quaecunque
3215 3007 3280 3059 de
3313 3023 3470 3059 mun-

1901 3085 1987 3141 dis
2035 3096 2124 3140 aut
2153 3088 2219 3142 de
2255 3091 2458 3145 mundo
2490 3093 2864 3160 philosophice
2899 3097 3170 3165 disputata
3214 3108 3360 3162 sunt,
3400 3101 3468 3154 de

225 3185 419 3236 τιόνων
448 3202 506 3237 τε
541 3187 636 3237 καὶ
687 3187 972 3256 χειρόνων,
1036 3189 1166 3256 περὶ
1223 3186 1324 3253 τῆς
1358 3184 1426 3238 τά
1453 3185 1631 3238 πάντα
1669 3199 1791 3234 συν-

1901 3180 2149 3243 materia,
2186 3182 2250 3235 de
2295 3183 2490 3246 anima,
2535 3185 2601 3239 de
2648 3197 2848 3250 mente,
2901 3199 2952 3242 et
3003 3191 3214 3243 naturis
3266 3191 3470 3245 intelli-

223 3273 451 3342 δεούσης
492 3276 778 3343 Προνοίας·
809 3277 906 3327 ὅσα
926 3293 982 3326 τε
1007 3277 1145 3328 κατὰ
1171 3277 1327 3341 λόγον
1357 3278 1601 3344 ἀπαντᾷν
1623 3275 1791 3338 δοκεῖ,

232 3367 327 3417 καὶ
355 3367 453 3417 ὅσα
478 3368 631 3435 παρὰ
659 3367 813 3434 λόγον
844 3371 935 3418 τόν
971 3367 1123 3420 κάτω
1149 3369 1244 3420 καὶ
1283 3368 1372 3420 τὸν
1399 3367 1740 3436 ἀνθρώπινον
1774 3381 1790 3396 ·

221 3458 305 3511 ἔτι
338 3477 392 3513 τε
427 3461 527 3513 ὅσα
584 3461 713 3532 περὶ
743 3462 840 3530 τῆς
879 3462 1098 3532 πρώτης
1131 3461 1290 3531 ἡμῶν
1334 3463 1669 3534 συστάσεως,
1706 3464 1794 3514 τύ-

224 3567 343 3602 πων
367 3569 424 3603 τε
459 3553 553 3604 καὶ
613 3554 874 3622 ἀληθείας
939 3555 1033 3605 καὶ
1086 3553 1384 3623 διαθηκῶν,
1421 3555 1514 3605 καὶ
1548 3552 1788 3622 Χριστοῦ

222 3647 528 3715 παρουσίας
560 3647 780 3712 πρώτης
807 3661 862 3695 τε
896 3646 988 3696 καὶ
1017 3646 1294 3714 δευτέρας.
1337 3646 1424 3698 Ἐν
1444 3644 1652 3706 τούτοις
1681 3644 1788 3714 γάρ

221 3753 354 3803 φασι
384 3737 476 3786 καὶ
507 3734 564 3784 τὸ
606 3734 956 3802 ἐντυγχάνειν
1004 3735 1103 3788 οὐκ
1137 3737 1431 3805 ἄχρηστον,
1461 3737 1555 3788 καὶ
1585 3736 1648 3787 τὸ
1676 3737 1788 3788 δια-

224 3828 519 3897 μαρτάνειν
565 3827 869 3880 ἀκίνδυνον.

289 4075 475 4128 Ταῦτα
506 4076 599 4127 τοῦ
635 4074 937 4146 θαυμασίου
969 4074 1240 4146 Κυρίὶλου
1279 4075 1562 4143 ἐρομένου,
1595 4077 1623 4130 δ
1685 4093 1787 4146 μα-

219 4166 409 4239 κάριος
441 4169 735 4236 Κυριακὸς,
763 4170 836 4221 Οὐ
872 4170 970 4239 μὲν
991 4167 1083 4222 οὖν
1106 4167 1217 4240 [γρ.
1244 4169 1526 4242 οῠμινουν]
1555 4169 1613 4222 οὐ
1646 4171 1787 4239 μέσα

218 4261 287 4316 τὰ
313 4265 438 4330 περὶ
475 4260 870 4331 προῦπάρξεως
908 4262 1152 4328 δόγματα
1187 4265 1280 4314 καὶ
1325 4263 1604 4325 ἀκίνδυνα,
1655 4263 1782 4331 ἔψη·

219 4355 531 4408 τούναντίον
559 4355 616 4406 δέ
646 4354 865 4423 μᾶλλον,
895 4353 1213 4423 ἀκροσφαλῆ
1241 4370 1298 4405 τε
1330 4355 1421 4405 καὶ
1445 4356 1780 4408 ἐπικίνδυνα.

1895 3273 2169 3341 gentibus,
2211 3284 2317 3326 tam
2370 3280 2836 3341 prmstantioribus
2885 3298 3044 3348 quam
3082 3284 3463 3345 deterioribus.

1895 3363 1962 3417 de
2023 3361 2368 3419 Providentia
2431 3383 2552 3436 quae
2604 3371 2784 3425 omnia
2827 3373 3104 3427 connectit
3164 3391 3178 3427 :
3235 3390 3463 3442 quaeque

1895 3457 2196 3510 secundum
2233 3459 2496 3512 rationem
2529 3465 2750 3516 evenire
2783 3465 3050 3527 videntur,
3101 3474 3154 3517 et
3197 3481 3460 3532 qnzccun-

1892 3561 1997 3613 que
2056 3559 2252 3616 praeter
2311 3553 2576 3606 rationem
2633 3553 2940 3607 inferiarem
2997 3565 3051 3609 et
3106 3555 3398 3609 humanam
3446 3575 3458 3608 :

1891 3651 2150 3709 praeterea
2182 3658 2302 3711 qute
2337 3644 2402 3697 de
2439 3647 2606 3713 prima
2658 3658 2838 3699 nostra
2877 3649 3289 3710 constitutione,
3330 3649 3462 3718 ﬁgu-

1894 3734 2099 3801 risque,
2133 3745 2186 3789 et
2215 3736 2466 3799 veritate,
2498 3753 2558 3792 ac
2594 3740 2929 3793 testamentis
2965 3755 2978 3792 :
3013 3741 3210 3795 Christi
3245 3757 3460 3811 quoque

1888 3825 2064 3892 primo
2110 3840 2172 3878 ac
2205 3829 2448 3880 secundo
2491 3829 2745 3884 adventu.
2778 3829 2834 3882 ln
2867 3831 2948 3884 his
2980 3833 3147 3895 enim,
3183 3834 3456 3901 inquiunt,

1889 3925 1943 3969 et
1990 3915 2203 3984 assequi
2255 3932 2364 3970 non
2412 3929 2494 3970 est
2548 3919 2760 3982 inutile,
2815 3929 2868 3974 et
2900 3937 3006 3974 non
3053 3924 3270 3991 assequi
3303 3933 3460 3979 vacat

1888 4008 2146 4077 periculo.

1965 4097 2088 4151 Hazc
2137 4115 2258 4154 cum
2304 4101 2639 4155 admirabilis
2670 4101 2899 4172 Cyrillus
2943 4104 3171 4162 dixisset
3205 4106 3457 4175 :Nequa-

1887 4201 2070 4254 quam,
2119 4192 2291 4256 inquit
2325 4193 2514 4244 beatus
2550 4194 2827 4261 Cyriacns,
2862 4211 3203 4263 nequaquam
3244 4199 3456 4253 indiﬂ'e-

1889 4278 2064 4332 rentia
2122 4291 2269 4343 sunt,
2326 4296 2501 4350 neque
2558 4284 2800 4352 periculo
2860 4296 3052 4339 vacant
3081 4288 3327 4356 dogmata
3387 4291 3454 4344 de

1890 4374 2288 4442 prceexistentia
2319 4391 2332 4427 :
2363 4375 2472 4428 imo
2517 4387 2645 4429 sunt
2688 4368 2892 4431 lubrica
2937 4380 3115 4446 potius
3160 4389 3213 4433 et
3243 4381 3454 4448 pericu-

223 4450 410 4509 Ὄπως
446 4449 500 4498 δέ
549 4465 630 4498 σοι
679 4450 774 4500 καὶ
818 4447 916 4518 τὴν
963 4447 1254 4517 πολυσχιδῆ
1288 4448 1467 4500 αὐτῶν
1500 4449 1555 4499 ἐν
1591 4447 1786 4518 βραχεῖ

455 4541 465 4556 .
1433 4540 1475 4558 ρ..
1555 4542 1602 4556 ,κ
1727 4543 1738 4558 .

1898 4465 2019 4518 losa.
2067 4465 2132 4518 L‘t
2166 4477 2345 4520 autem
2377 4468 2730 4535 multiplicem
2772 4485 2957 4522 eorum
2991 4472 3320 4539 impietatem
3353 4475 3450 4527 tibi

221 4541 559 4612 παραστήσω
588 4540 866 4603 ἀσέϐειαν,
906 4542 1038 4606 φασὶ
1072 4541 1145 4607 μὴ
1171 4544 1262 4591 ἕνα
1293 4541 1391 4607 τῆς
1433 4540 1660 4607 Τριάδος
1690 4543 1780 4592 τὸν

217 4636 453 4705 Χριστὸν
508 4630 669 4686 εἶναι.
720 4631 975 4703 [Λέγουσι
1028 4632 1095 4684 τὰ
1133 4631 1191 4696 ἐξ
1239 4633 1586 4696 ἀναστάσεως
1625 4634 1782 4704 ἡμῶν

217 4731 447 4799 σώματα
499 4731 579 4790 εἰς
623 4726 898 4780 ἀπώλειαν
929 4725 1082 4796 ἥξειν
1121 4725 1378 4795 παντελῆ,
1413 4727 1504 4779 καὶ
1546 4726 1781 4797 Χριστοῦ

215 4823 435 4888 πρώτου
472 4818 529 4889 2]
572 4819 818 4886 λέγουσιν
857 4819 938 4870 ὃτι
1002 4818 1102 4869 οὐκ
1156 4815 1191 4886 ἦ
1221 4819 1328 4888 [εἴη
1369 4817 1423 4888 2]
1454 4819 1545 4869 τοῦ
1578 4821 1780 4887 κόσμου

213 4912 542 4980 δημιουργὸς
596 4912 628 4980 ἡ
682 4912 881 4980 Τριάς·
930 4912 1012 4964 ὄτι
1063 4927 1120 4962 τε
1159 4914 1214 4964 ἐν
1244 4915 1307 4981 τῇ
1343 4914 1781 4964 ἀποκαταστάσει

213 5006 534 5075 δυνήσονται
571 5003 745 5057 πάντα
798 5004 863 5056 τὰ
911 5003 1104 5072 λογικά
1140 5006 1300 5074 μέχρι
1351 5007 1443 5058 καὶ
1488 5007 1778 5075 δαιμόνων,

214 5097 566 5167 δημιουργεῖν
590 5097 816 5160 αἰῶνας·
849 5097 940 5147 καὶ
971 5097 1052 5147 ὅτι
1090 5098 1305 5164 αἰθέρια
1339 5098 1431 5149 καὶ
1467 5099 1778 5168 σφαιροειδῆ

217 5192 524 5259 ἐγείρονται
551 5189 709 5259 ἡμῶν
735 5191 801 5241 τὰ
831 5191 1059 5259 σώματα
1087 5189 1142 5239 ἐν
1176 5193 1240 5259 τῇ
1270 5192 1596 5242 ἀναστάσει·
1641 5192 1782 5244 οὕτω

217 5285 327 5352 γάρ
367 5283 459 5335 καὶ
496 5283 556 5334 τὸ
600 5282 694 5335 τοῦ
741 5284 948 5351 Κυρίου
995 5284 1157 5351 φασιν
1206 5284 1501 5353 ἐγηγέρθαι
1529 5299 1540 5311 ⁸
1579 5287 1671 5336 καὶ
1701 5287 1780 5338 ὅτι

220 5379 326 5430 ῐσοι
357 5374 503 5432 αὺτῶ
535 5377 588 5427 ἐν
616 5379 682 5444 τῆ
709 5377 1155 5429 ἀποκαταστάσει
1194 5378 1474 5446 γινόμεθα.

293 5555 396 5608 Τοῦ
437 5554 703 5622 Κυρίλλου
738 5553 811 5617 δέ,
833 5554 896 5606 Τί
925 5554 1081 5623 δῆτα,
1117 5556 1319 5624 Πάτερ,
1352 5557 1775 5629 ἐπανερομένου,

221 5647 298 5721 μὴ
341 5648 464 5709 τοὺς
493 5646 778 5707 τοσούτους
821 5646 957 5715 ὑπὲρ
983 5648 1186 5717 ἀρετῆς
1219 5649 1520 5720 ἀνέτλησαν
1560 5652 1776 5716 πόνους,

292 5804 400 5873 (19)
437 5805 558 5860 Vide
579 5805 958 5862 Tertulliamtm
994 5807 1239 5862 adversus
1274 5807 1678 5866 Valentiuiums.

1885 4560 2074 4626 paucis
2109 4571 2406 4624 exponam,
2469 4557 2623 4610 aiunt
2662 4556 2939 4612 Christum
2985 4575 3092 4612 non
3126 4576 3243 4614 esse
3280 4577 3450 4614 unum

1886 4663 1950 4702 ex
1985 4648 2275 4701 Trinitate.
2323 4649 2518 4702 Dicunt
2549 4665 2776 4718 corpora
2805 4667 2925 4718 qua:
2953 4668 3017 4706 ex
3050 4657 3451 4710 resurrectione

1885 4737 2228 4798 habebimus.
2275 4753 2394 4791 esse
2447 4740 2662 4806 penitus
2707 4743 2773 4792 ad
2809 4743 3086 4795 interitum
3119 4757 3364 4804 ventura,
3397 4756 3452 4799 et

1883 4826 2085 4882 Christi
2121 4829 2303 4897 primi.
2338 4827 2532 4883 Dicunt
2564 4828 2886 4886 Trinitatem
2923 4850 3028 4888 non
3061 4834 3227 4889 fuisse
3260 4837 3449 4890 mundi

1884 4920 2128 4989 opiﬁcem
2187 4931 2287 4975 :et
2335 4925 2477 4990 quod
2528 4924 2583 4977 in
2622 4927 2964 4980 restitutione
3001 4937 3256 4995 poterunt
3303 4945 3452 4997 quae.

1884 5028 2096 5080 cunque
2155 5023 2281 5065 sunt
2319 5015 2526 5068 ratione
2573 5019 2815 5084 prmdita,
2865 5020 3028 5070 etiam
3075 5020 3140 5070 ad
3174 5022 3450 5074 daamones

1885 5118 2078 5172 usque,
2113 5104 2361 5159 fabricari
2399 5124 2579 5161 :eones
2611 5109 2744 5177 (l9),
2790 5110 2840 5162 id
2871 5119 2972 5172 est,
2999 5112 3189 5165 secula
3228 5114 3453 5180 :quod-

1883 5211 1986 5264 que
2019 5197 2070 5249 in
2105 5201 2528 5263 resurrectione,
2561 5200 2793 5252 aetherea
2828 5212 3136 5255 surrectura
3169 5215 3298 5257 sunt
3325 5220 3448 5257 cor-

1883 5303 2012 5356 pora
2056 5299 2262 5352 nostra,
2293 5301 2344 5343 et
2375 5293 2709 5358 sphzerarum
2742 5293 2978 5360 speciem
3011 5296 3334 5360 referentia;
3367 5298 3448 5350 sic

1881 5380 2028 5433 enim
2081 5389 2133 5434 et
2166 5381 2342 5449 ipsum
2395 5381 2605 5435 Domini
2655 5400 2853 5452 corpus
2902 5385 3055 5437 aiunt
3096 5388 3442 5442 surrexisse:

1882 5486 2090 5539 nosque
2122 5470 2334 5526 futuros
2365 5473 2413 5526 ei
2445 5488 2600 5540 pares
2629 5475 2683 5526 in
2723 5476 3092 5530 restitutione.

1956 5561 2154 5632 Cyrillo
2220 5572 2404 5616 autem
2460 5580 2674 5618 rursum
2730 5567 3106 5638 interroganti,
3161 5569 3298 5634 Quid
3349 5568 3444 5633 ita,

1883 5654 2064 5719 Pater,
2105 5670 2210 5710 non
2252 5672 2347 5727 pro
2372 5658 2569 5713 virtute
2609 5667 2685 5714 tot
2739 5659 3027 5716 subierunt
3071 5661 3300 5726 labores,
3349 5663 3444 5715 sed
