4188 6436
205 384 324 446 937

1510 379 1692 442 VITA
1727 385 1787 445 S.
1830 384 2150 447 CYRIACl.

3353 397 3456 462 938

290 492 446 543 Οὕτω
481 486 699 560 μὲνοῦν
740 491 767 541 ὁ
806 490 946 551 θεῖος
977 490 1272 559 Κυριακὺς,
1310 488 1402 543 καὶ
1453 491 1641 562 ὁμιλίᾳ
1677 509 1787 544 τοι-

1965 494 2188 548 Divinos
2214 494 2393 564 itaque
2417 496 2691 565 Cyriacus,
2716 513 2836 553 cum
2861 496 3171 570 hujusmodi
3196 504 3464 573 colloquio

205 583 361 653 αύτῃ
411 584 505 634 καὶ
556 583 890 650 διηγήμασιν
949 583 1143 652 ἡδονῆς
1193 585 1291 652 τὴν
1352 584 1561 635 ἐκείνου
1613 586 1789 654 ψυχὴν

201 675 543 743 διαπλήσας,
583 675 856 727 ἀπέλυσεν
908 676 964 725 ἐν
1013 676 1226 745 εἰρήνῃ.
1278 674 1496 744 Ἐπειδὴ
1536 675 1591 727 δὲ
1647 677 1674 727 ὅ
1732 692 1789 726 τε

202 766 327 818 τῶν
375 767 679 835 Ὠριγένους
714 768 893 836 νόμων
927 768 1159 837 ἀκριϐὴς
1191 766 1363 833 φύλαξ
1398 767 1663 837 αἰσχίστῳ
1696 767 1786 819 τέ-

207 856 302 907 lar.
345 860 442 925 τὴν
472 850 650 926 ψυχὴν
689 856 965 928 ἀπέρρηξε
996 857 1216 920 Νάννος,
1250 858 1282 927 ἦ
1333 874 1391 909 τε
1428 858 1580 926 ἰσχὺς
1610 859 1791 909 αὐτῶν

209 944 411 997 ἅπασα
444 946 682 1014 διελύθη·
717 948 807 998 καὶ
836 948 863 996 ὁ
890 946 1024 1013 προς
1049 948 1172 1007 τοὺς
1198 946 1515 1015 ὀρθοδὸξους
1539 945 1788 1017 ἐλώφησε

210 1038 457 1106 πόλεμος
481 1055 494 1068 ’
531 1040 623 1090 καὶ
673 1041 795 1092 κατ’
820 1040 1065 1108 ἀλλήλων
1106 1038 1481 1109 [καταλλήλων
1509 1037 1563 1109 ‘2]
1594 1042 1789 1091 ἐκείνοι

207 1130 321 1199 τὴν
349 1131 529 1199 μάχην
557 1134 651 1184 καὶ
682 1133 806 1192 τοὺς
835 1132 1117 1194 κινδύνους
1152 1133 1412 1201 ἐκίνησαν
1438 1148 1449 1159 ·
1483 1135 1573 1184 καὶ
1604 1130 1789 1183 πολλοὶ

207 1218 275 1269 ὲν
308 1220 385 1287 τῷ
414 1220 505 1271 τοῦ
537 1208 850 1290 Χαρίτωιος
883 1223 1175 1288 φοιτῶντες
1207 1222 1481 1290 σπηλαίῳ,
1535 1221 1632 1273 οὐκ
1677 1220 1788 1271 61i-

209 1328 325 1381 γην
375 1313 452 1382 τῷ
499 1312 626 1383 θείῳ
674 1313 938 1383 Κυριακῷ
986 1317 1249 1383 παρεῖχον
1290 1314 1387 1382 τὴν
1418 1312 1662 1383 ὄχλησιν,
1692 1315 1789 1381 τὴν

211 1410 453 1476 ήσυλίαν
499 1410 977 1478 ὲπιταράττοντες,
1037 1412 1129 1463 ὲπί
1183 1414 1274 1462 τὸν
1330 1411 1609 1478 Σουσακὶμ
1670 1408 1787 1482 [τοῦ

212 1500 526 1568 Σουσσκεὶμ
564 1501 585 1552 1
624 1504 706 1553 hic
735 1512 782 1554 et
832 1500 996 1573 infra]
1040 1504 1312 1571 ἀναχωρεῖ
1365 1502 1550 1567 πάλιν,
1601 1503 1788 1553 ἔνατον

209 1592 320 1659 ἤδη
353 1597 445 1644 καὶ
473 1594 823 1663 ἐνενηκοστὸν
853 1596 966 1657 ἔτος
996 1595 1097 1665 τῆς
1132 1596 1348 1665 ἡλικίας
1380 1596 1575 1648 ἀνύων.
1614 1597 1787 1647 Ἐκεί·

210 1700 310 1734 νου
361 1687 457 1751 μὲν
488 1684 552 1755 δὴ
582 1685 768 1753 ὄγδοον
800 1689 856 1738 ἐν
898 1688 1044 1755 αὑτῴ
1074 1688 1541 1756 διαμεμενηκότος
1571 1688 1783 1757 χρόνον,

210 1774 484 1842 λαμϐάνει
516 1779 593 1838 τίς
626 1795 756 1827 ποτε
790 1782 879 1827 τὸν
914 1778 1178 1843 nep-.110»
1209 1780 1369 1841 πόθος
1408 1781 1505 1845 τῆς
1534 1782 1625 1830 τοῦ
1678 1780 1786 1830 Κυ-

1899 594 1951 638 et
1986 588 2387 644 narrationibus
2440 590 2512 644 ita
2548 593 2690 647 illius
2725 594 2961 648 animam
3011 597 3285 668 voluptate
3315 614 3466 654 como

1898 677 2120 745 plesset,
2168 678 2219 732 in
2272 695 2405 749 pace
2443 682 2666 737 dimisit.
2709 684 2938 749 Quando
2973 697 3178 751 autem,
3230 696 3284 742 et
3341 690 3460 759 ipse

1898 767 2076 837 legum
2120 769 2371 840 Origenis
2419 773 2648 844 diligens
2703 788 2909 842 custos,
2961 778 3211 843 Nonnus,
3263 783 3466 852 turpis-

1901 858 2041 911 simo
2073 861 2220 913 exitu
2258 862 2422 917 vitam
2472 867 2711 937 abrupit,
2751 868 3046 939 fractaeque
3096 871 3316 927 fuerunt
3348 889 3467 927 om-

1900 968 1998 1006 nes
2056 969 2248 1008 eorum
2299 958 2476 1022 vires;
2530 970 2584 1012 et
2647 964 2882 1016 cessavit
2938 964 3139 1018 bellum
3202 968 3465 1026 adversus

1897 1045 2263 1114 orthodoxos;
2318 1058 2371 1101 et
2424 1049 2500 1103 illi
2557 1051 2696 1104 inter
2749 1067 2871 1107 sese
2926 1058 3109 1124 praelia
3167 1061 3381 1121 cierunt
3413 1078 3468 1121 et

1897 1138 2172 1204 pericula;
2232 1141 2497 1210 multique
2548 1143 2602 1196 in
2650 1143 2963 1202 Cbaritonis
2997 1152 3253 1217 spelaeum
3290 1158 3467 1211 venti-

1898 1238 2098 1294 lantes,
2166 1249 2273 1287 non
2337 1251 2561 1303 parvam
2627 1238 2811 1291 divino
2877 1242 3099 1311 Cyriaco
3161 1246 3464 1304 molestiam

1898 1323 2247 1390 exhibebant,
2303 1327 2422 1394 ejus
2474 1328 2751 1382 silentium
2806 1340 2860 1386 et
2919 1334 3154 1400 quietem
3209 1336 3467 1392 intertur-

1896 1412 2123 1479 bantes;
2179 1417 2243 1471 ad
2285 1416 2532 1473 Susacim
2572 1436 2786 1474 rursum
2823 1424 3029 1477 recedit
3074 1426 3184 1495 (20)
3218 1443 3340 1482 cum
3375 1447 3469 1485 no-

1897 1519 2025 1557 num
2073 1506 2183 1571 jam
2217 1516 2269 1560 et
2305 1510 2716 1579 nonagesimum
2751 1516 2926 1568 aetatis
2965 1531 3167 1570 annum
3202 1522 3465 1589 expleret.

1894 1594 2029 1649 Cum
2062 1607 2241 1651 autem
2276 1600 2362 1652 ille
2394 1612 2517 1655 octo
2554 1603 2605 1655 in
2642 1619 2709 1657 eo
2746 1607 3039 1663 mansisset
3068 1627 3260 1679 annos,
3296 1614 3467 1685 Cyril~

1896 1688 2006 1741 lum
2076 1690 2366 1759 aliquando
2425 1693 2655 1748 incessit
2712 1696 3039 1753 desiderium
3106 1706 3466 1765 conveniendi

1895 1779 2128 1850 Cyriaci.
2168 1785 2224 1836 In
2261 1784 2464 1838 lauram
2497 1786 2674 1855 itaque
2707 1790 2860 1843 Sueze
2906 1795 3151 1856 veniens,
3188 1811 3251 1849 ac
3307 1797 3469 1867 hujus

214 1868 415 1934 ριακοῦ
478 1868 713 1935 ὁμιλίας.
777 1869 884 1919 Καὶ
945 1871 1026 1931 είς
1079 1870 1176 1939 τὴν
1223 1870 1430 1940 λαύραν
1485 1869 1656 1923 ἐλθὼν
1697 1869 1787 1922 τοῦ

1900 1873 2229 1942 discipulum
2295 1874 2561 1931 Joannem
2624 1895 2932 1946 assumens,
3003 1886 3164 1941 ambo
3223 1887 3466 1944 Susacim

209 1956 418 2014 Σουκᾶ,
458 1958 547 2007 καί
586 1959 673 2007 τὸν
707 1960 897 2010 τούτου
943 1961 1194 2030 μαθητὴν
1239 1961 1493 2031 Ἰωάννην
1546 1962 1792 2032 παραλα-

211 2046 351 2109 6ὼν,
403 2050 492 2098 τὸν
545 2048 824 2119 Σουσακὶμ
871 2052 1038 2120 ἄμφω
1085 2055 1641 2124 καταλαμϐάνουσιν*
1695 2058 1793 2107 οὐκ

209 2139 456 2203 ἔλαττον,
503 2144 535 2210 ἢ
582 2145 905 2213 ἐνενήκοντα
957 2147 1199 2207 σταδίους
1252 2150 1353 2218 τῆς
1428 2148 1634 2219 λαύρας
1685 2151 1791 2202 ἀπ-

212 2233 441 2309 έχοντα.
492 2237 579 2299 Ὠς
613 2235 704 2290 οὖν
752 2240 979 2309 πλησίον
1016 2242 1265 2307 ἐγένοντο
1292 2244 1413 2315 ἤδη,
1450 2244 1583 2298 λέων
1610 2246 1793 2309 αὐτοῖς

213 2330 440 2396 μεγεθει
472 2332 725 2397 μέγιστος
757 2332 850 2383 καὶ
886 2334 1266 2405 φοϐερώτατος
1294 2340 1423 2391 ἰδεῖν
1454 2340 1787 2411 ὑπαντήσας,

207 2418 498 2486 διετάραξέ
553 2437 610 2471 τε
661 2420 751 2471 τὸν
806 2423 1095 2495 Κύριλλον,
1149 2425 1340 2495 ὥσπερ
1389 2431 1557 2492 είκὸς,
1588 2434 1681 2483 καί
1712 2434 1790 2493 εἰς

206 2506 333 2570 δέος
385 2510 661 2563 ἐνέϐαλεν.
716 2510 875 2564 Οὕτω
926 2516 1108 2567 τοίνυν
1156 2518 1183 2568 ὁ
1240 2517 1490 2587 μαθητὴς
1534 2519 1790 2590 ’ἰωάννης

210 2601 408 2668 ἔχοντα
439 2601 527 2652 τὸν
560 2602 729 2673 ἄνδρα
763 2602 906 2665 ἰδὼν,
941 2607 1031 2675 Μὴ
1061 2605 1253 2673 δέδιθι,
1289 2610 1412 2678 ἔφη.
1442 2612 1549 2662 Καὶ
1574 2612 1603 2661 ὁ
1634 2612 1813 2676 λέων,

208 2692 288 2752 ὡς
319 2692 452 2759 πρὸς
482 2693 573 2743 τὸν
603 2693 756 2761 ἆγιον
786 2695 983 2757 αὐτοὺς
1021 2698 1281 2759 ἀπιόντας
1316 2699 1478 2765 ἔγνω,
1515 2702 1698 2766 ὑπεῖξε
1730 2718 1786 2754 τε

208 2783 311 2849 τῆς
362 2784 482 2834 ὀδοῦ
531 2785 715 2847 εὐθὺς,
745 2786 839 2838 καὶ
866 2788 1019 2840 αὐτοὶ
1050 2789 1239 2841 κακῶν
1289 2794 1520 2857 ἀλαθεὶς
1552 2794 1785 2865 διῆλθον.

209 2871 450 2934 Τούτους
494 2877 527 2942 η
569 2875 689 2941 ἱερά
727 2877 934 2946 κεφαλὴ
988 2880 1173 2951 ἐκείνη
1230 2881 1565 2954 θεασαμένη,
1618 2886 1788 2956 ὑπερ-

208 2970 356 3040 ήσθη
383 2987 442 3024 τε
470 2972 690 3037 αὐτίκα,
733 2974 825 3025 καὶ
858 2974 954 3042 ἡδὺ
991 2977 1187 3039 αὐτοὺς
1222 2980 1314 3032 καὶ
1346 2982 1551 3033 οἰκεῖον
1581 2981 1785 3049 ἰδοῦσα,

211 3065 599 3131 πρεσϐυτικῶς
648 3065 710 3118 εὖ
768 3067 912 3135 μάλα
953 3069 1042 3120 καὶ
1072 3070 1392 3137 χαριέντως,
1442 3072 1596 3138 Ἰδοὺ,
1628 3075 1784 3144 φησὶ,

212 3159 309 3209 καὶ
347 3160 372 3207 ὀ
423 3158 880 3229 συγκοινοϐιώτης
931 3176 1020 3227 μοι
1069 3159 1195 3231 [μου
1234 3159 1286 3232 1]
1320 3161 1602 3231 Κύριλλος.
1654 3163 1787 3218 Εἶτα

214 3249 533 3316 παραμίξας
587 3266 639 3300 τι
693 3253 785 3302 καὶ
836 3253 1057 3313 παιδιᾶς
1103 3256 1132 3305 ὁ
1174 3254 1423 3325 μαθητὴς
1491 3257 1781 3327 Ἰωάννηςο

225 3343 390 3394 Ἀλλὰ
438 3343 644 3403 τοῦτον,
699 3339 873 3407 εἶπεν,
907 3346 934 3395 ὁ
982 3345 1140 3412 λέων,
1175 3347 1377 3419 Πάτερ,
1417 3351 1609 3414 δεινῶς
1662 3353 1785 3425 ὲφό·

212 3433 375 3501 σησε,
422 3435 514 3487 καὶ
569 3435 739 3489 δειλὸν
795 3438 1045 3504 ἀπέδειξε
1100 3442 1369 3510 φανερῶς.
1413 3443 1478 3495 ’11
1528 3444 1584 3503 δὲ
1630 3446 1787 3516 ἱλαρὰ

210 3527 360 3597 ψυχὴ
391 3528 571 3597 ἐκείνη
599 3549 609 3558 ·
646 3531 716 3583 Σὺ
751 3531 806 3584 δὲ
838 3533 975 3585 ἀλλὰ
1011 3533 1085 3603 μὴ
1117 3534 1310 3601 φοϐοῦ,
1342 3533 1484 3599 εἷπε,
1514 3538 1729 3589 τέκνον·
1760 3542 1787 3591 ὁ

211 3624 324 3690 γὰρ
379 3621 516 3672 λέων
577 3615 732 3683 οὗτος
793 3622 1029 3676 ἐνταῦθά
1084 3642 1176 3694 μοι
1246 3627 1553 3699 παραμένει
1612 3628 1787 3696 φύλαξ

211 3715 447 3783 ἀκριϐὴς
499 3716 605 3764 τῶν
652 3715 934 3781 λαχάνων
974 3720 1066 3767 καὶ
1121 3718 1244 3769 οὔτε
1298 3721 1471 3789 θηρίῳ
1505 3725 1787 3793 εἰσφοιτᾷν

214 3807 492 3871 συγχωρεῖ
534 3806 729 3869 οὐδενὶ,
785 3806 905 3858 οὐδὲ
956 3808 1149 3875 ἀγρίου
1183 3813 1576 3883 αίγὸςέφιδον,
1608 3812 1782 3886 οἶμαι,

209 3898 278 3946 τα
312 3896 521 3964 λάχανα
557 3896 743 3961 δέδιεν,
779 3899 1141 3969 ἐγρηγορότος
1166 3904 1258 3959 τοῦ
1292 3906 1552 3972 φύλακος.

289 3987 418 4041 Εἶτα
474 3992 644 4045 πολλὰ
677 3994 805 4063 περὶ
854 3993 960 4045 τῶν
994 3997 1134 4051 κατὰ
1164 3998 1261 4067 τὴν
1292 4000 1499 4070 ἔρημον
1528 4000 1787 4071 Πατέρων

209 4082 520 4147 διεξελθὼν,
556 4085 848 4158 καὶταύτῃ
880 4088 1269 4162 διαναστήσας,
1304 4092 1397 4144 καὶ
1434 4096 1790 4165 κινητικώτα-

208 4192 325 4240 τον,
361 4169 472 4226 οἷον
504 4178 586 4237 είς
642 4178 865 4245 ἀρετὴν,
901 4181 1085 4241 αὐτοῖς
1121 4183 1298 4254 ἔρωτα
1330 4185 1609 4251 ἐμϐαλὼν,
1659 4191 1790 4258 τρά,

209 4268 385 4328 πέζαν
419 4266 803 4336 παρατίθησιν.
848 4269 1111 4323 Ἐνταῦθα
1142 4274 1169 4324 ὁ
1202 4272 1337 4328 λέων
1372 4277 1684 4347 ἐφίσταται.
1728 4280 1785 4334 Ὀ

207 4354 264 4409 δὲ
298 4359 373 4424 τῲ
406 4361 579 4429 θηρίῳ
624 4365 723 4427 μὲν
763 4360 925 4432 ἄρτον
962 4380 1022 4413 τε
1066 4367 1132 4435 τῇ
1166 4366 1312 4433 χειρὶ
1350 4367 1555 4438 ὀρέγει,
1590 4374 1683 4423 καὶ
1712 4375 1791 4435 είς

210 4448 463 4517 φυλακὴν
499 4453 686 4517 ἀφίησι
726 4453 833 4503 τῶν
860 4453 1129 4523 λαχάνων.
1169 4460 1307 4527 Πρὸς
1341 4460 1397 4512 δὲ
1429 4465 1551 4524 τοὺς
1582 4479 1787 4531 συγκα-

1896 1968 2243 2034 perveniunt,
2278 1969 2371 2038 qui
2419 1970 2571 2026 locus
2613 1990 2720 2027 non
2766 1976 2944 2029 minus
2977 1993 3139 2047 quam
3174 1981 3466 2051 nonaginta

1894 2058 2065 2111 stadia
2112 2060 2300 2114 aberat
2349 2078 2380 2115 a
2426 2063 2599 2119 laura.
2635 2066 2769 2120 Cum
2803 2078 2981 2123 autem
3020 2071 3374 2129 adventarent
3415 2086 3469 2128 et

1894 2167 2062 2220 prope
2097 2151 2203 2217 iam
2239 2164 2444 2218 essent,
2476 2156 2561 2210 leo
2608 2158 2739 2227 ipsis
2774 2162 3145 2228 magnitudine
3176 2166 3465 2229 maximus,

1896 2241 2123 2310 visuque
2184 2243 2635 2310 terribilissimus,
2672 2263 2990 2313 occurrens,
3050 2252 3330 2324 Cyrillum.
3407 2266 3465 2319 ut

1894 2343 2323 2388 consentaneum
2360 2347 2460 2401 est,
2495 2339 2861 2401 canturbavit.
2907 2353 2961 2397 et
2992 2343 3048 2397 in
3084 2359 3288 2402 metum
3327 2332 3467 2402 con?

1888 2420 2040 2489 jecit.
2091 2422 2226 2477 Cum
2275 2426 2437 2493 igitur
2470 2427 2769 2495 discipulus
2806 2430 3049 2487 Joannes
3084 2435 3157 2488 ita
3206 2436 3465 2492 affectum

1895 2514 2071 2566 virum
2128 2515 2354 2569 vidisset
2413 2535 2426 2570 :
2478 2518 2555 2572 Ne
2602 2530 2804 2584 metue,
2865 2523 3059 2593 inquit.
3110 2526 3220 2581 Leo
3259 2541 3464 2590 autem.
3519 2547 3523 2553 '

1892 2614 1951 2657 ut
1989 2621 2084 2660 eos
2118 2608 2182 2661 ad
2217 2620 2463 2664 sanctum
2500 2626 2691 2668 euntes
2732 2618 2971 2685 agnovit,
3009 2617 3090 2672 via
3141 2620 3303 2674 cessit
3340 2636 3467 2691 pro-

1893 2694 2062 2759 tinus,
2120 2706 2177 2750 et
2234 2699 2333 2768 ipsi
2374 2701 2641 2754 malorum
2698 2705 2970 2759 immunes
3005 2711 3462 2774 pertransierunt,

1890 2784 2002 2839 Hos
2054 2801 2178 2840 cum
2233 2803 2448 2842 sacrum
2501 2790 2633 2846 illud
2689 2806 2852 2863 caput
2897 2802 3217 2866 aspexisset,
3271 2817 3467 2875 supra-

1890 2877 2112 2931 modum
2154 2882 2335 2934 statim
2362 2884 2555 2953 gaudio
2584 2885 2886 2943 oblcetatus
2911 2900 3011 2952 est,
3045 2907 3247 2961 eosque
3271 2893 3469 2950 blande

1890 2983 1953 3022 ac
2000 2970 2267 3025 benevole
2312 2974 2551 3037 intuens.
2604 2979 2849 3032 seniliter
2892 2982 3031 3036 bene
3067 2986 3222 3051 plane
3260 3004 3324 3043 ac
3379 3006 3470 3043 ve.

1889 3071 2069 3126 nuste,
2111 3060 2276 3128 Ecce,
2309 3065 2503 3135 inquit,
2547 3072 2928 3126 concamobita
2963 3091 3113 3129 meus
3145 3079 3258 3152 (2t)
3290 3079 3477 3156 Cyril-

1891 3152 1994 3207 lus.
2038 3154 2245 3210 Deinde
2301 3160 2547 3215 nonnihil
2611 3177 2827 3232 quoque
2876 3166 2984 3236 joci
3024 3152 3343 3225 admiscens.
3392 3173 3477 3227 ιῖίν

1890 3246 2132 3311 scipulus
2178 3248 2418 3303 Joannes
2459 3269 2472 3303 :
2515 3250 2619 3307 Sed
2650 3269 2796 3317 eum,
2830 3256 3025 3325 inquit,
3054 3259 3231 3328 Pater,
3266 3264 3462 3321 mirum

1891 3336 1943 3389 in
1997 3336 2215 3390 modum
2251 3339 2336 3392 lco
2399 3344 2616 3407 terruit,
2663 3347 3059 3421 manifestoque
3109 3368 3309 3420 pavore
3343 3372 3466 3429 per-

1889 3428 2043 3482 culit.
2076 3427 2272 3485 Hilaris
2318 3440 2497 3486 autem
2532 3433 2621 3487 illa
2644 3436 2824 3491 anima
2860 3455 2873 3491 :
2904 3441 2971 3493 At
3003 3448 3079 3505 tu,
3110 3439 3218 3497 noli
3252 3427 3465 3509 timere.

1890 3520 2085 3589 inquit,
2135 3523 2207 3576 ﬁli
2242 3541 2255 3577 :
2289 3522 2378 3577 leo
2418 3526 2561 3580 enim
2606 3526 2706 3582 iste
2735 3529 2823 3583 hic
2852 3532 2981 3585 mihi
3008 3546 3208 3602 manet,
3237 3538 3469 3608 diligens

1890 3621 2075 3662 custos
2129 3612 2359 3675 olerum,
2397 3615 2488 3682 qui
2539 3615 2741 3669 nullam
2793 3619 2968 3674 feram
3022 3623 3229 3690 ingredi
3286 3628 3464 3683 sinit:

1891 3711 2222 3771 quapropter
2252 3719 2352 3761 nec
2382 3708 2609 3775 agrestis
2643 3723 2852 3777 capreae
2885 3712 3188 3783 incursum,
3220 3726 3277 3771 ut
3310 3730 3462 3792 puto,

1892 3790 2174 3847 timuerint
2202 3791 2371 3859 olera,
2406 3795 2510 3850 hoc
2538 3796 2795 3867 vigilante
2823 3804 3069 3861 custode.

1964 3992 2171 4049 Deinde
2222 4011 2345 4051 cum
2395 3999 2560 4055 multa
2616 4000 2685 4056 de
2727 4001 2996 4074 Patribus,
3041 4009 3131 4081 qui
3178 4010 3232 4064 in
3280 4028 3464 4069 eremo

1890 4087 2179 4157 degebant,
2230 4102 2525 4157 narrasset,
2573 4109 2637 4148 ac
2682 4096 2759 4149 sic
2791 4098 2870 4151 eis
2910 4102 3122 4157 animos
3153 4105 3459 4171 excitasset.

1892 4180 2353 4249 acerrimumque,
2406 4199 2531 4254 erga
2584 4187 2836 4244 virtutem
2892 4192 3163 4262 videlicet,
3216 4213 3461 4255 amorem

1892 4272 2233 4335 incussisset,
2280 4290 2524 4329 mensam
2576 4281 2821 4347 apponit.
2862 4281 2959 4336 Hic
2989 4285 3075 4337 leo
3114 4292 3457 4356 supervenit.

1892 4362 1982 4420 llle
2037 4378 2217 4419 autem
2275 4368 2461 4420 11051ίῶ
2516 4384 2713 4437 panem
2771 4386 2937 4427 manu
2992 4376 3240 4447 porrigit,
3292 4391 3347 4435 et
3394 4368 3461 4442 ad

1893 4456 2101 4509 olerum
2140 4458 2445 4512 custodiam
2488 4462 2741 4517 remittit.
2793 4464 2873 4518 Ad
2926 4470 3314 4526 accumbentes
3363 4489 3457 4528 au-

206 4542 657 4610 τακεκλιμένους,
726 4542 957 4610 Ἀγαθὸν
1014 4562 1098 4612 γε,
1150 4540 1195 4599 ὦ
1244 4550 1429 4613 τέκνα,
1489 4550 1632 4615 εἷπε,
1691 4556 1781 4606 τοῦ

1891 4556 1994 4599 tem
2029 4563 2041 4598 :
2073 4546 2278 4614 Habeo,
2332 4552 2431 4614 ait.
2481 4567 2513 4605 ο
2562 4552 2680 4616 ﬂlii,
2736 4556 2937 4610 bonum
2985 4560 3100 4628 agri
3151 4564 3458 4623 custodem.

206 4632 385 4702 ἀγροῦ
418 4634 633 4702 φύλακα
664 4637 959 4705 κέκτημαι.
994 4638 1131 4692 Οὔτε
1156 4643 1263 4711 γὰρ
1295 4641 1497 4713 ἄρκτος
1525 4646 1780 4709 ἐνταῦθα,

208 4726 334 4780 οῦδὲ
372 4724 561 4799 θηρίον
591 4727 718 4781 ἄλλο
753 4746 825 4794 τι,
862 4729 976 4781 ἀλλ’
1006 4731 1126 4785 οὐδὲ
1165 4732 1393 4803 λῃστὴς,
1424 4736 1543 4788 οὐδὲ
1575 4737 1783 4809 βάρϐα-

210 4832 307 4885 ρος
355 4819 472 4882 τοίς
516 4817 771 4884 παριοῦσι
820 4815 913 4871 τὸν
964 4823 1133 4891 ἀγρὸν
1169 4825 1493 4889 ἐπιτίθεται.
1549 4830 1783 4892 Κολάζει

209 4906 324 4975 γάρ
354 4909 447 4958 καὶ
479 4904 558 4977 [in
586 4912 761 4962 codice
789 4912 822 4965 2
852 4913 1076 4966 deletum
1115 4926 1191 4969 est
1220 4915 1334 4989 καί]
1366 4918 1559 4982 αὐτοὺς
1596 4922 1780 4984 δεινῶς

210 5003 307 5052 καὶ
336 5001 628 5056 ἀπόλλυσιν
652 5005 678 5055 ὁ
709 5003 864 5057 λέων.

288 5096 410 5158 Τοῖς
442 5097 541 5165 μὲν
574 5094 668 5150 οὖν
690 5097 817 5169 ὅλην
851 5100 979 5169 παρ’
1008 5103 1156 5173 αὐτῷ
1184 5108 1399 5181 ἡμέραν
1428 5113 1779 5179 διαγαγοῦσι,

209 5187 309 5241 καὶ
356 5188 453 5254 τῆς
486 5189 838 5254 διδασκαλίας
875 5193 1092 5262 ἐκείνης
1142 5202 1235 5252 καὶ
1270 5200 1368 5270 τῆς
1409 5204 1783 5276 ὲκκεχυμένης

206 5281 266 5330 ἐν
299 5282 409 5342 τοῖς
460 5281 665 5350 χείλεσι
720 5282 887 5337 αὐτοῦ
936 5288 1158 5359 χάριτος
1200 5291 1602 5357 ἀπολαύσασιν,
1632 5297 1784 5351 εὐλοο

208 5371 334 5440 γίας
365 5388 419 5424 τε
444 5368 524 5434 εἷς
566 5375 662 5439 τὴν
696 5376 822 5445 ἑξῆς
852 5380 1195 5447 μεταδίδωσι,
1229 5385 1322 5435 καὶ
1356 5387 1413 5436 ἐν
1437 5385 1625 5456 εἰρήνῃ
1652 5389 1783 5439 ἀπο-

206 5463 347 5516 λύει.
385 5465 495 5517 Καὶ
523 5464 550 5514 ὁ
581 5463 717 5519 λέων
753 5469 937 5535 ὑπεῐξέ
984 5488 1059 5539 τε,
1101 5475 1280 5537 αὐτοῖς
1320 5473 1501 5539 αὖθις,
1550 5480 1643 5529 καὶ
1678 5478 1782 5533 ὑπο

207 5556 406 5607 ἔπεσεν
437 5558 670 5624 ἣκοντας
703 5558 961 5627 [ἣκοντας
1000 5563 1058 5627 2,
1089 5566 1299 5620 εἴκουσι
1329 5568 1401 5640 1],
1441 5567 1533 5619 καὶ
1554 5570 1652 5637 τῆς
1692 5572 1782 5622 ἐπὶ

209 5647 280 5699 τα
312 5648 488 5699 οἰκεῖα
516 5649 795 5717 χαίροντες
822 5655 1051 5723 εἴχοντο.

291 5781 400 5852 (20)
435 5780 682 5841 Exeunte
714 5785 816 5839 546
846 5791 931 5844 vel
967 5792 1189 5853 ineunte
1214 5799 1336 5857 517.

529 5881 799 5941 ΡΑτιιοι..
850 5883 961 5945 Gn.
1012 5890 1186 5957 CXV.

1885 4636 2073 4707 Neque
2105 4642 2249 4693 enim
2295 4642 2384 4696 hic
2416 4658 2594 4704 ursus,
2644 4659 2823 4715 neque
2874 4648 2978 4702 alia
3024 4653 3292 4721 quapiam
3322 4655 3459 4723 fera,

1884 4731 1978 4783 sed
2015 4748 2192 4801 neque
2234 4734 2435 4801 praedo,
2484 4750 2662 4804 neque
2708 4738 2973 4795 barbarus
3025 4757 3119 4798 eos
3151 4746 3240 4815 qui
3272 4762 3458 4818 agrum

1884 4835 2266 4893 pertranseunt
2310 4827 2538 4885 invadit.
2598 4828 2722 4885 lllos
2778 4850 3010 4905 namque
3053 4839 3251 4895 acriter
3320 4844 3456 4899 ulci-

1884 4914 2055 4965 scitur
2083 4928 2143 4967 ac
2173 4915 2393 4983 perimit
2424 4916 2507 4971 leo
2541 4955 2556 4971 .

1956 5108 2091 5166 Cum
2129 5113 2293 5183 igitur
2326 5123 2499 5173 totum
2546 5120 2687 5188 apud
2717 5136 2842 5177 eum
2876 5123 3019 5181 diem
3050 5131 3456 5200 transegissent,

1886 5219 1949 5260 ac
2009 5209 2257 5264 doctrina
2310 5211 2398 5265 illa
2450 5220 2504 5265 et
2553 5214 2746 5271 diﬂ'usa
2804 5218 2856 5273 in
2907 5222 3025 5291 ejus
3078 5221 3232 5276 labiis
3282 5228 3454 5292 gratia

1888 5300 2051 5353 fructi
2098 5314 2305 5364 essent.
2336 5304 2773 5365 benedictionem
2804 5310 3154 5381 imposterum
3191 5316 3452 5388 impertit,

1886 5407 1948 5444 ac
1984 5393 2033 5445 in
2067 5408 2199 5464 pace
2236 5395 2485 5452 dimittit.
2533 5398 2642 5454 Leo
2685 5411 2868 5458 autem
2913 5404 2993 5460 eis
3039 5421 3223 5462 rursus
3272 5412 3454 5474 cessit,

1886 5494 1937 5537 et
1966 5485 2240 5539 blanditus
2272 5498 2354 5541 est
2380 5505 2394 5554 ;
2426 5490 2612 5561 sicque
2644 5493 2712 5552 ad
2742 5495 2958 5564 propria
2986 5496 3093 5553 laeti
3124 5512 3454 5557 remearunt.

1961 5815 2069 5885 (2|)
2119 5814 2354 5890 Cyrillus
2411 5817 2461 5872 in
2502 5828 2690 5875 eodem
2754 5838 2860 5893 quo
2895 5823 3151 5897 Cyriacus
3186 5837 3454 5889 manserat

3126 5917 3197 5981 30
