4188 6436
748 369 851 431 939

750 578 1097 638 permanens,
1141 576 1263 615 cum
1300 576 1494 627 aquam
1548 575 1611 612 ex
1664 557 1906 611 fontibus
1938 571 2045 607 non
2101 558 2324 608 haberet

750 668 894 730 (quo
943 671 1066 712 cum
1102 656 1218 725 ipse
1250 662 1519 715 uteretur,
1568 663 1679 704 tum
1712 650 1874 703 etiam
1904 649 2050 701 olera
2082 649 2321 717 rigaret),

747 763 870 806 eam
927 761 1047 816 qua:
1100 744 1155 797 in
1205 752 1484 812 petrarum
1541 738 1970 793 concavitatibus
2026 750 2322 805 congrega-

744 840 907 895 batur
937 837 1291 898 exhauriens,
1352 840 1539 887 testate
1589 831 1677 884 illa
1723 831 1789 884 ad
1820 829 2102 884 meridiem
2133 828 2325 897 irriga-

754 933 871 996 bat,
943 946 1046 985 nec
1095 928 1330 998 amplius
1382 927 1531 979 sitire
1580 923 1811 977 sinebat.
1869 919 2142 990 Tempore
2179 920 2322 971 enim

749 1022 998 1078 autumni
1029 1030 1323 1090 tempestas
1355 1019 1472 1086 ipsa
1523 1031 1587 1069 ea
1615 1016 1744 1069 satis
1786 1013 2115 1080 abundeque
2144 1010 2325 1078 irriga-

748 1110 861 1164 bat.
917 1110 1049 1163 Cum
1107 1116 1289 1161 autem
1348 1120 1541 1175 magna
1600 1103 1817 1157 siccitas
1881 1100 2172 1170 aliquando
2230 1112 2324 1168 per

749 1212 990 1256 cstatem
1032 1199 1370 1267 contigisset,
1420 1206 1473 1249 et
1507 1209 1626 1264 qua:
1657 1204 1786 1247 sunt
1820 1195 1873 1246 in
1908 1195 2074 1262 petris
2125 1206 2322 1245 conca-

744 1295 942 1347 vitates
990 1304 1058 1344 ne
1103 1290 1384 1358 vestigium
1420 1288 1637 1356 quidem
1693 1288 1956 1338 haberent
1987 1298 2160 1352 aquae,
2207 1283 2319 1347 ille,

744 1384 920 1439 oculis
968 1382 1022 1436 in
1074 1380 1273 1434 caelum
1328 1379 1576 1439 sublatis,
1613 1377 1801 1444 petita
1848 1374 1956 1429 Deo
2011 1391 2223 1444 aquam.
2262 1374 2325 1427 Et

747 1489 872 1528 ecce
921 1474 1201 1542 repentina
1244 1470 1487 1538 quadam
1512 1469 1684 1521 nubes
1711 1482 1872 1535 super
1909 1468 2325 1536 caputconden-

746 1573 863 1621 sata
922 1566 1102 1632 erupit
1135 1563 1189 1615 in
1220 1561 1479 1631 pluviam,
1514 1559 1739 1628 ejusque
1782 1558 1999 1629 liydrias
2046 1566 2099 1611 et
2141 1567 2323 1627 petra-

748 1670 872 1709 rum
913 1668 1153 1709 concava
1202 1653 1384 1706 omnia
1435 1650 1682 1720 implevit
1742 1667 1756 1705 :
1814 1664 1991 1717 eaque
2045 1660 2101 1702 et
2149 1649 2319 1700 sancti

748 1745 896 1809 usui,
932 1754 986 1797 et
1020 1744 1226 1796 olerum
1274 1741 1577 1811 irrigatioui
1624 1739 1721 1791 diu
1784 1738 2124 1804 multumque
2158 1735 2322 1787 suile-

1972 363 2256 422 MENSIS
2298 362 2769 423 SEPTEMBER.

820 476 1055 529 Sanctus
1094 476 1275 527 autem
1328 471 1415 525 hic
1463 468 1724 541 Cyriacus
1772 466 1948 521 adhuc
1982 469 2034 519 in
2071 467 2317 522 Susacim
2346 473 2391 529 Α

2500 466 2557 519 Ὀ
2592 468 2647 520 δὲ
2683 468 2840 534 ἆγιος
2905 459 3061 528 οὗτος
3114 467 3394 537 Κυριακδς
3454 469 3529 538 τῷ
3588 471 3875 538 Σουσακὶμ
3932 477 4015 523 ἔτι

2427 558 2783 626 παραμένων,
2812 557 3002 625 ἐπειδὴ
3039 555 3184 625 ὕδωρ
3211 557 3360 625 αὑτῷ
3390 559 3453 609 ὲκ
3484 560 3675 627 πηγῶν
3726 561 3788 612 οὑ
3824 563 4015 629 παρῆν

2427 647 2585 713 (ὥστε
2617 648 2754 715 ὁμοῦ
2800 648 2901 713 μὲν
2941 647 3104 700 αὑτὸν
3135 647 3392 717 χρῆσθαι,
3424 650 3564 718 ὁμοῦ
3590 652 3647 703 δὲ
3680 652 3776 704 καὶ
3815 654 3882 704 τὰ
3918 654 4018 703 λα-

2425 755 2564 805 χανα
2609 738 2840 807 ἄρδειν),
2880 741 2939 791 τὸ
2986 740 3043 791 ἐν
3078 743 3190 801 τοῖς
3241 743 3351 792 τῶν
3400 741 3618 809 πετρῶν
3663 743 4015 812 κοιλώμασιν

2424 829 2894 896 ὲπισυναγόμενον
2925 829 3215 891 ἐξαντλῶν,
3272 831 3495 893 ὲπότιζέ
3530 849 3587 883 τε
3622 832 3821 901 οέρους
3872 837 4014 887 αὐτὰ

2425 920 2568 972 κατὰ
2600 919 2973 988 μεσημϐρίαν,
3011 923 3104 972 καὶ
3134 922 3319 973 οὐκέτι
3351 922 3513 992 διψᾷν
3542 925 3867 994 συιεχώρει.
3903 927 4012 977 Τὸν

2424 1013 2531 1079 γὰρ
2565 1012 2689 1081 περὶ
2718 1012 2777 1062 τὸ
2812 1013 3134 1081 μετόπωρον
3176 1015 3388 1082 χρόνον,
3419 1011 3584 1083 ἦρδεν
3614 1016 3758 1068 αὐτὰ
3810 1018 4014 1078 ίκανιῖρς

2426 1105 2456 1171 ὴ
2485 1102 2624 1173 ὥρα.
2662 1101 2887 1171 Αὐχμοῦ
2915 1102 2971 1154 δέ
3005 1119 3132 1153 ποτε
3167 1105 3308 1155 κατὰ
3351 1105 3507 1174 θέρος
3539 1105 3736 1157 πολλοῦ
3784 1109 4012 1172 γεγονός

2422 1211 2537 1256 τος,
2592 1198 2687 1246 καὶ
2739 1194 2921 1246 αὐτῶν
2965 1194 3075 1245 τῶν
3115 1196 3171 1246 ὲν
3203 1197 3323 1257 ταῖς
3368 1196 3597 1265 πέτραις
3645 1200 4017 1266 κοιλωματιιν

2423 1287 2542 1339 οὐδὲ
2595 1288 2739 1355 [χνος
2780 1290 3013 1355 ἑχόντων
3068 1288 3279 1352 ὕδατος,
3308 1290 3376 1342 τὰ
3421 1289 3648 1359 ὄμματα
3682 1293 3896 1351 ἐκεῖνος
3928 1291 4011 1349 εἱς

2423 1378 2685 1445 οὐρανοὺς
2715 1376 2989 1444 ἀνασχὼν,
3027 1379 3171 1429 αἰτεῖ
3218 1381 3370 1447 παρὰ
3400 1380 3495 1431 τοῦ
3528 1380 3662 1431 Θεοῦ
3701 1380 3867 1449 ὕδωρ.
3900 1382 4013 1432 Καὶ

2424 1463 2621 1531 ἀθρόον
2651 1480 2703 1513 τι
2733 1464 2891 1529 νέφος
2922 1465 3061 1532 ὑπὲρ
3096 1466 3341 1535 κεφαλῆς
3388 1469 3681 1537 παχυνθὲν,
3717 1473 3797 1533 εἰς
3855 1472 4013 1523 ὑετον

2424 1554 2635 1624 ἐρράγη
2662 1568 2676 1583 ο
2722 1554 2816 1605 καὶ
2847 1556 2945 1616 τὰς
2998 1555 3185 1624 ὑδρίας
3225 1557 3413 1621 αὑτοῦ,
3451 1560 3545 1611 καὶ
3576 1561 3643 1611 τὰ
3691 1562 3851 1613 κοῖλα
3901 1564 4013 1614 τῶν

2428 1646 2644 1714 πετρῶν
2666 1644 2953 1713 ἐπλήρωσε
2984 1646 3184 1715 πάντα·
3209 1649 3303 1698 καὶ
3334 1650 3396 1716 τῇ
3432 1664 3488 1698 τε
3517 1649 3607 1701 τοῦ
3640 1653 3788 1703 ὁσίου
3822 1659 4010 1724 χρείᾳ,

2424 1739 2488 1807 τῇ
2551 1754 2608 1788 τε
2648 1735 2757 1789 τῶν
2811 1737 3058 1806 λαχάνων
3116 1738 3327 1810 ἀρδεία,
3378 1740 3539 1809 μέίρι
3599 1743 3800 1796 πολλοῦ
3852 1747 4015 1799 τοῦτο

750 1838 847 1892 cit.
873 1837 976 1890 Hic
1019 1836 1150 1889 illud
1209 1836 1340 1888 mihi
1389 1835 1538 1887 venit
1597 1832 1651 1885 in
1696 1842 1958 1897 mentem,
2009 1830 2175 1899 quod,
2222 1829 2321 1883 etsi

2430 1833 2760 1901 ἐπήρκεσεν.
2810 1832 3017 1885 Ἐκεῖνο
3056 1832 3110 1886 δέ
3153 1850 3219 1900 με
3253 1832 3327 1904 [in
3380 1836 3551 1888 codice
3596 1836 3628 1888 2
3672 1838 3904 1893 deletum
3936 1855 4014 1895 est

748 1929 1051 1984 narrationi
1079 1927 1145 1982 de
1178 1934 1369 1981 sancto
1415 1941 1523 1978 non
1561 1926 1821 1986 coliteret,
1854 1938 1961 1976 non
1988 1922 2322 1975 mediocrem

748 2027 960 2083 tamen,
995 2018 1040 2072 si
1065 2018 1300 2080 dicatur,
1333 2015 1524 2068 aﬂeret
1554 2014 1864 2067 utilitatem.

827 2210 885 2266 In
916 2210 1269 2266 solitudinem
1305 2209 1600 2280 aliquando
1642 2210 1881 2264 venienti
1942 2209 2102 2278 hujus
2150 2211 2325 2265 sancti

756 2298 1048 2369 discipulo,
1090 2314 1197 2351 una
1227 2315 1351 2353 cum
1384 2294 1767 2366 condiscipulo
1810 2297 2133 2363 l’aramono,
2166 2313 2328 2366 appa—

752 2398 835 2443 ret
875 2390 1017 2443 circa
1045 2390 1280 2459 myricas
1308 2399 1573 2459 agrestes,
1600 2398 1749 2442 stans
1781 2388 2051 2458 quoddam
2083 2388 2321 2441 hominis

752 2480 957 2535 idolon.
1014 2479 1122 2547 Illi,
1192 2482 1243 2534 id
1285 2481 1428 2549 quod
1477 2480 1805 2534 cernebatur
1847 2495 1912 2533 ex
1985 2479 2327 2533 anachoretis

754 2587 922 2625 unum
975 2586 1095 2626 esse
1142 2573 1520 2625 existimantes
1568 2571 1744 2641 (multi
1778 2570 1921 2623 enim
1967 2570 2021 2624 id
2068 2571 2327 2639 temporis

752 2661 1099 2716 solitudinem
1148 2661 1289 2714 hanc
1330 2660 1690 2729 habitabant),
1727 2660 1793 2715 ad
1822 2676 1945 2714 eum
1987 2663 2168 2714 statim
2201 2668 2327 2713 sunt

759 2752 1032 2807 conversi.
1074 2750 1321 2821 Cumque
1370 2753 1480 2822 jam
1529 2768 1697 2822 prope
1755 2753 2030 2815 adessent,
2094 2761 2149 2804 et
2197 2767 2327 2805 nus-

760 2859 925 2914 quam
964 2853 1111 2897 esset
1156 2845 1301 2913 quod
1349 2853 1698 2913 apparuerat,
1736 2844 1809 2894 illi
1865 2850 2074 2905 contra,
2129 2842 2327 2894 malum

755 2935 1084 2990 arbitrantes
1110 2951 1233 2990 esse
1266 2935 1544 3006 Spiritum,
1604 2936 1883 3005 apprecati
1915 2945 2077 2999 sunt,
2121 2943 2174 2987 et
2208 2949 2329 3003 pre-

756 3028 981 3087 cationi,
1005 3027 1201 3090 Amen,
1225 3026 1641 3097 subjungentes,
1676 3029 1782 3082 huc
1811 3038 1865 3082 et
1897 3027 2025 3080 illuc
2054 3036 2326 3095 spectant,

758 3126 813 3169 et
850 3116 1108 3184 spelaeum
1146 3117 1417 3185 quoddam
1450 3118 1580 3186 ipsis
1630 3118 2050 3170 subterraneum
2083 3124 2324 3184 apparet.

755 3203 911 3271 Quod
976 3205 1193 3276 signum
1260 3220 1449 3259 rursus
1506 3204 1789 3256 dexterum
1865 3187 2201 3273 judicantes,
2273 3210 2328 3256 et

755 3297 1042 3365 quemdam
1072 3297 1163 3348 Dei
1219 3310 1437 3349 servum
1496 3308 1638 3358 esse,
1688 3309 1812 3349 eum
1846 3295 1935 3363 qui
1977 3304 2325 3364 apparuerat,

756 3403 820 3440 ac
856 3388 909 3439 in
948 3386 1079 3440 illud
1118 3400 1176 3440 se
1222 3385 1552 3450 occuluisse,
1600 3394 1763 3452 atque
1804 3384 1860 3438 in
1897 3398 1961 3437 eo
2007 3386 2327 3437 delitescere

757 3489 1037 3550 putantes,
1073 3489 1265 3549 rogant
1292 3488 1350 3530 ut
1393 3477 1831 3530 benedictionem
1870 3475 2003 3544 ipsis
2053 3475 2329 3543 impertiat

758 3578 810 3621 et
835 3581 1048 3637 pacem.

835 3656 1079 3713 Tandem
1126 3658 1422 3729 aliquando
1491 3672 1591 3711 vox
1653 3655 1980 3710 intrinsecus
2028 3655 2210 3710 sonuit
2264 3671 2327 3710 ex

757 3750 976 3822 spelaeo,
1044 3750 1232 3802 dicens
1304 3766 1317 3800 :
1364 3747 1504 3812 Quid
1556 3764 1642 3801 me
1692 3748 1894 3805 vultis?
1958 3766 2075 3803 sum
2125 3752 2327 3805 etenim

756 3843 983 3896 Iemina.
1024 3840 1150 3904 Sed,
1197 3838 1314 3905 Quo
1342 3839 1791 3908 proliciScimini?
1837 3843 2064 3911 rogavit.
2092 3844 2170 3897 Ad
2199 3857 2329 3897 ana-

759 3934 1067 3996 choretam,
1099 3934 1374 4002 inquiunt,
1416 3932 1724 4003 Cyriacum.
1767 3935 1871 3986 Sed
1905 3938 1991 3987 die
2021 3940 2202 4000 nobis,
2238 3940 2329 4007 qui

759 4040 977 4089 vocere,
1029 4036 1078 4077 et
1107 4041 1211 4094 qua
1241 4028 1447 4079 ratione
1482 4026 1573 4078 hic
1622 4041 1704 4087 es,
1751 4034 1804 4079 et
1846 4028 2196 4096 quamobrem
2226 4029 2331 4082 huc

759 4116 1079 4170 acceSsisu?
1134 4116 1222 4168 llla
1258 4129 1405 4177 vero.
1455 4116 1612 4171 Nunc
1647 4118 1865 4185 quidem
1916 4119 2082 4185 abite,
2123 4120 2329 4189 inquit;

760 4206 1121 4261 redeuntibus
1168 4207 1348 4258 autem
1406 4218 1616 4271 rurSus,
1669 4209 1869 4261 dicam.
1917 4210 2051 4263 Cum
2089 4226 2215 4281 ergo
2257 4213 2330 4266 illi

765 4300 1069 4368 impensuus
1129 4297 1419 4364 instarent,
1475 4308 1528 4352 et
1580 4313 1648 4352 ne
1693 4300 1960 4354 tantillum
2018 4302 2235 4371 quidem
2274 4319 2332 4357 se

761 4390 1115 4444 abscessuros
1145 4390 1413 4453 dicerent,
1468 4391 1529 4450 ni
1586 4391 1735 4459 prius
1772 4407 1891 4461 qua:
1931 4394 2144 4447 beatam
2186 4393 2328 4447 illam

2429 1922 2521 1995 με]
2562 1923 3126 1997 γενόμενονιὲνταῡθα
3162 1927 3496 1995 εἰσέρχεται,
3527 1928 3665 1999 ὅπερ
3696 1932 3745 1983 εί
3781 1934 3881 1985 καὶ
3934 1940 4013 2006 μὴ

2423 2019 2520 2085 τῆς
2573 2018 2668 2070 τοῦ
2723 2018 2879 2085 ἁγίου
2921 2020 3099 2087 ἔχεται
3144 2020 3626 2089 διηγήσεως,-ἀλλ⁹
3662 2025 3723 2077 οὐ
3775 2029 4015 2096 μετρίαν

2425 2110 2562 2161 οἴσει
2592 2110 2783 2180 λεχοὲν
2816 2111 2911 2162 καὶ
2938 2111 3069 2163 αὐτὸ
3104 2112 3202 2180 τὴν
3230 2112 3519 2177 ὠφέλειαν.

2500 2204 2759 2272 Παριόντι
2796 2204 2939 2254 κατά
2986 2203 3084 2272 τὴν
3135 2204 3343 2271 ἔρημον
3374 2206 3451 2275 τῷ
3484 2210 3705 2281 μαθητῇ
3738 2230 3873 2265 ποτε
3917 2211 4015 2265 τοῦ

2428 2298 2585 2363 ἁγίου
2634 2298 2826 2349 τούτου
2867 2296 3004 2365 μετὰ
3045 2296 3161 2367 [καὶ
3186 2290 3241 2366 9.]
3269 2297 3360 2349 τοῦ
3399 2307 3771 2371 συμφοιτητοῦ
3825 2308 4017 2376 Παρα-

2432 2391 2615 2460 μόνου,
2670 2389 3020 2457 ἐπιφαίνεταί
3066 2406 3116 2441 τι
3171 2390 3301 2458 περὶ
3336 2391 3540 2462 μυρίκῃ
3592 2396 3764 2465 ἀγρίᾳ
3812 2397 4015 2461 ἑστὼς,

2426 2481 2715 2550 ἀνθρώπου
2748 2479 2983 2534 εἴδωλον.
3023 2480 3083 2532 Οἱ
3119 2480 3194 2542 δὲ,
3226 2482 3335 2532 τῶν
3372 2483 3744 2552 ἀναχωρητῶν
3773 2486 4019 2557 tivum.

2430 2572 2595 2641 ριτῶν
2633 2570 2684 2643 1]
2736 2572 2828 2623 ἕνα
2858 2572 2918 2623 τὸ
2966 2575 3292 2640 φαινόμενον
3331 2574 3609 2641 οἰηθέντες
3652 2576 3859 2643 (πολλοὶ
3901 2583 4017 2647 γὰρ

2426 2664 2526 2732 τὴν
2560 2664 2765 2733 ἔρημον
2797 2664 3001 2732 ταύτην
3035 2663 3095 2713 τὸ
3127 2665 3428 2732 τηνικαῦτα
3452 2665 3653 2734 ᾤκουν)
3686 2670 3825 2737 πρὸς
3852 2671 4017 2723 αὑτὸν

2429 2755 2631 2815 εὐθέως
2664 2756 2987 2823 ἐτράποντο.
3034 2756 3186 2807 Ἐπεὶ
3237 2746 3291 2809 δὲ
3345 2757 3571 2825 πλησίον
3605 2754 3747 2832 ἦσαν
3780 2764 3881 2833 ἥδη
3918 2764 4018 2816 καὶ

2427 2846 2488 2897 τὸ
2521 2847 2689 2914 φανὲν
2719 2846 2980 2917 οὐδαμοῦ,
3015 2847 3255 2918 ἔμπαλιν
3282 2850 3483 2901 ἐκεῖνοι
3514 2856 3756 2921 πονηρὶν
3792 2856 4017 2923 πνεῦμα

2429 2940 2751 3010 νομίσαντες
2790 2936 2930 2993 εἶναι
2959 2978 2973 3003 ,
3015 2942 3393 3012 προσηύξαντο
3424 2958 3436 2971 ·
3494 2946 3589 2995 καὶ
3640 2949 3705 3013 τῇ
3746 2948 3879 3013 εὐχῇ
3927 2952 4018 3014 τὸ,

2442 3034 2634 3104 Ἀμὴν,
2677 3037 3017 3099 ὲπειπὸντες,
3046 3039 3215 3106 ὁρῶσι
3253 3041 3379 3106 τῇδε
3416 3041 3646 3091 κάκεῖσε
3677 3056 3691 3070 ·
3748 3042 3841 3091 καὶ
3879 3045 4019 3106 σπή-

2354 3164 2398 3223 C
2432 3129 2584 3182 λαιόν
2635 3147 2687 3180 τι
2741 3132 2925 3190 αὐτοῖς
2975 3132 3223 3198 ὑπόγεων
3273 3132 3657 3199 ὑποφαίνεται.
3689 3132 3873 3202 Ὅπερ
3918 3148 4021 3201 σηο

2438 3224 2590 3291 μεῖον
2641 3220 2796 3284 αὖθις
2848 3223 3139 3291 κρίναντες
3170 3221 3361 3288 δεξιὸν,
3398 3224 3492 3276 καί
3534 3241 3657 3276 τινα
3704 3224 3892 3277 δοῦλον
3923 3226 4021 3277 τοῦ

2433 3314 2568 3367 Θεοῦ
2616 3316 2705 3367 τὸν
2753 3316 2990 3385 φανέντα
3042 3312 3203 3378 εἶναι,
3252 3317 3346 3370 καὶ
3392 3318 3471 3381 είς
3522 3318 3655 3371 αὐτὸ
3717 3318 4020 3371 καταδῦναι

2436 3409 2823 3471 ὑπολαεόντες,
2856 3410 3108 3476 εὐλογίας
3146 3412 3328 3472 αὐτοῖς
3361 3412 3686 3481 μεταδοῦναι
3719 3414 3814 3465 καὶ
3867 3414 4024 3483 εἰρή-

2436 3493 2770 3568 νηςὴξίουν.

2517 3651 2646 3722 Ὀψὲ
2697 3651 2827 3719 γοῦν
2876 3668 3003 3706 ποτε
3062 3651 3216 3724 φωνὴ
3275 3651 3489 3706 ἔνδοθεν
3558 3654 3817 3725 ὑπηχήθη
3852 3652 4025 3725 [daq-

2434 3746 2573 3821 χιι,οη
2606 3744 2656 3817 1]
2703 3747 2765 3798 ἐκ
2807 3745 2899 3797 τοῦ
2934 3747 3199 3815 σπηλαίου
3224 3760 3237 3775 ⁸
3272 3748 3336 3798 Ti
3386 3746 3565 3799 θέλετε
3598 3747 3693 3799 ἀπ’
3719 3746 3894 3816 ἐμοῦς
3936 3748 4026 3800 λί-

2435 3853 2628 3902 γουσα,
2689 3837 2825 3904 γυνὴ
2883 3836 2992 3905 γάρ
3046 3838 3183 3906 εἰμι.
3236 3836 3438 3901 ’Λλλὰ,
3493 3836 3602 3891 Ποῦ
3664 3840 4025 3907 trapezitam;

2436 3930 2622 3997 ἤρετο.
2657 3931 2719 3982 Οἱ
2747 3931 2822 3994 δὲ,
2857 3931 2999 4000 Πρὸς
3030 3931 3120 3983 τὸν
3152 3932 3529 4003 ἀναχωρητὴν,
3550 3935 3782 4003 ἔφησαν,
3816 3937 4029 4003 Κυρια-

2438 4022 2555 4073 κόν.
2602 4020 2739 4071 Ἀλλ’
2772 4022 2892 4072 εἰπὲ
2926 4024 3076 4089 ἡμῖν,
3112 4024 3234 4092 ἥτις
3266 4026 3427 4091 καλῇ.
3473 4028 3565 4076 καὶ
3597 4026 3743 4086 ὅπως
3781 4026 4027 4077 ἐνταῦθα

2437 4106 2529 4176 εἷ,
2581 4111 2673 4163 καὶ
2725 4112 2809 4180 ἐφ’
2848 4105 2891 4179 ᾧ
2924 4120 3329 4185 παραγέγονας.
3394 4114 3456 4165 'H
3481 4114 3557 4173 δὲ.
3618 4117 3731 4167 Νῦν
3770 4122 3870 4185 μὶν
3922 4120 4029 4169 ὑπο

2439 4206 2621 4275 ἀγετε,
2652 4206 2756 4277 lim
2781 4208 3151 4275 ’ἐπανήκουσι
3181 4206 3236 4258 δὲ
3269 4204 3446 4268 αὖθις,
3476 4205 3607 4275 ἐρῶ.
3652 4206 3739 4267 Ὠς
3770 4204 3863 4257 οὖν
3922 4211 4031 4259 ἑπ-

2440 4298 2649 4349 έκειντο
2688 4300 2848 4351 πλόον
2879 4294 3045 4361 οὗτοι,
3074 4300 3167 4351 καὶ
3196 4300 3375 4354 οὐκέτι
3397 4298 3519 4372 [οὐκ
3541 4298 3622 4351 ἔτι
3652 4295 3707 4371 Ι]
3734 4298 3855 4349 οὐδὲ
3884 4301 4031 4350 ἀπο-

2440 4388 2739 4459 στήσεσθαι
2768 4389 2966 4461 μικρὸν
3008 4389 3192 4456 ελεγον
3229 4391 3305 4462 μὴ
3338 4392 3606 4461 πρότερον
3638 4390 3707 4443 τὰ
3738 4390 3879 4443 κατὰ
3924 4392 4031 4457 τὴν

762 4480 1104 4549 spectabant,
1158 4482 1467 4536 audiissent
1518 4484 1771 4537 :Nomen
1805 4484 2023 4554 quidem
2070 4488 2201 4541 milii
2250 4497 2328 4541 est

2441 4482 2720 4550 μακαρίαν
2749 4482 2967 4551 ἐκείνην
3006 4483 3360 4549 ἀκούσαντες,
3396 4486 3602 4551 Ὀνομα
3637 4484 3735 4553 μὲν
3767 4482 3876 4550 ἐγὼ
3907 4482 4032 4535 Μαι

766 4570 955 4635 Maria,
990 4573 1200 4640 inquit;
1234 4587 1357 4626 cum
1383 4582 1567 4629 autem
1613 4590 1790 4628 essent
1835 4577 2079 4644 psaltria,
2108 4579 2220 4630 scio
2250 4594 2333 4632 me

763 4663 952 4716 multis
990 4662 1234 4717 scandali
1288 4665 1631 4716 occasionem
1682 4666 1998 4733 praebuisse.
2037 4667 2200 4719 Deum
2238 4669 2337 4720 ita-

766 4769 873 4823 que
924 4754 1129 4824 rogavi,
1171 4769 1405 4823 eumque
1460 4756 1784 4825 suppliciter
1848 4759 2151 4825 obsecravi,
2203 4770 2262 4814 ut
2311 4777 2339 4815 a

770 4847 896 4901 mali
947 4848 1154 4915 laqueis
1217 4847 1497 4901 liberarer.
1560 4848 1873 4918 Aliquando
1940 4862 2119 4906 autem
2182 4855 2343 4908 corde

766 4939 1020 5003 contrita,
1088 4950 1141 4991 et
1220 4942 1401 4992 anima
1460 4941 1645 4995 divino
1730 4944 1853 5012 igne
1914 4958 2195 5008 succensa,
2282 4948 2334 4997 in

769 5040 1015 5085 sanctum
1072 5030 1219 5083 Siloe
1269 5033 1579 5088 descendi:
1624 5051 1857 5104 cumque
1898 5036 2005 5089 hoc
2070 5053 2163 5090 vas
2200 5054 2338 5105 aqua

770 5120 1090 5189 implessem
1125 5120 1293 5190 (quod
1340 5123 1484 5191 apud
1531 5138 1617 5177 me
1646 5125 1825 5179 adhuc
1870 5130 2096 5193 manet),
2141 5126 2340 5195 lupinis

771 5214 826 5265 in
863 5221 1050 5279 sporta
1098 5215 1367 5282 acceptis,
1396 5214 1504 5267 huc
1547 5218 1777 5270 accessi.
1813 5216 1959 5269 Nihil
2004 5228 2187 5270 autem
2238 5220 2339 5269 ho-

772 5317 893 5355 rum
948 5318 1121 5371 usque
1174 5305 1227 5357 in
1278 5306 1606 5360 hodiernum
1665 5306 1806 5359 diem
1860 5318 1939 5361 est
1988 5309 2338 5365 diminutum.

775 5390 883 5444 Sed
914 5406 1089 5461 neque
1119 5409 1181 5447 ex
1242 5394 1333 5447 illo
1375 5404 1619 5463 tempore
1658 5394 1930 5447 hominem
1968 5395 2075 5450 vidi
2115 5412 2127 5448 :
2160 5411 2335 5467 neque

2436 4572 2547 4639 ρία·
2593 4572 2862 4640 γενομένη
2890 4574 2946 4624 δὲ
2974 4573 3239 4642 ψάλτρια,
3266 4576 3392 4641 ἔφη,
3436 4574 3650 4636 πολλοῖς
3696 4572 3813 4624 οἶδα
3861 4590 4029 4624 datav-

2434 4660 2593 4712 δάλου
2645 4662 2920 4729 πρόφασιν
2963 4662 3345 4731 παρασχοῦσα.
3388 4662 3648 4732 Ἐδεομην
3706 4662 3889 4713 τοίνυν
3928 4665 4027 4714 τοῦ

2437 4750 2595 4815 Θεοῦ,
2634 4756 2726 4803 καὶ
2757 4752 3001 4803 ἱκέτευον
3030 4754 3212 4815 αὑτὸν,
3262 4751 3528 4821 ρυσϐῆναί
3567 4769 3632 4822 με
3661 4751 3769 4803 τῶν
3798 4752 3889 4804 τοῦ
3926 4769 4029 4804 πο-

2440 4847 2608 4915 νηροῦ
2641 4847 2903 4914 παγίδων.
2943 4849 3047 4901 Καί
3081 4866 3209 4903 ποτε
3246 4850 3344 4917 τὴν
3376 4848 3603 4918 καρδίαν
3636 4846 4022 4917 συντριϐεῖσα,

2444 4940 2538 4991 καὶ
2570 4941 2700 5008 πυρὶ
2734 4941 2863 5009 θείῳ
2916 4942 3012 5009 τὴν
3060 4942 3238 5012 ψυχὴν
3272 4939 3760 5011 διαθερμανοεῖσα,
3797 4941 3873 4999 τι,
3932 4944 4028 4988 τὸν

2444 5031 2600 5097 ἇγιον
2628 5034 2849 5101 Σιλωὰμ
2898 5034 3164 5102 κατῆλθον
3189 5050 3200 5062 ·
3250 5035 3342 5085 καὶ
3372 5034 3431 5085 τὸ
3474 5032 3667 5091 σκεῦος
3692 5030 3855 5083 τοῦτο
3888 5033 4031 5099 1:11]—

2444 5140 2584 5176 σασα
2637 5124 2826 5188 ὓδατος
2882 5125 2930 5197 (ὃ
2967 5125 3099 5195 παρ’
3132 5128 3254 5195 ἐμοὶ
3307 5129 3397 5178 καὶ
3448 5128 3526 5187 εἰς
3562 5124 3640 5176 ἔτι
3690 5124 3893 5193 μένει),
3931 5127 4029 5177 καὶ

2444 5215 2644 5283 Θέρμια
2690 5218 2745 5267 ὲν
2777 5220 2839 5286 τῇ
2878 5217 3099 5286 σπυρίδι
3135 5217 3395 5279 λαϐοῦσα,
3452 5217 3687 5269 ἐνταῦθα
3722 5222 4033 5287 παρεγενό-

2449 5325 2576 5375 μην.
2607 5311 2712 5359 Καὶ
2739 5310 2944 5360 τούτων
2978 5310 3127 5361 οὐδὲν
3159 5310 3238 5372 είς
3262 5309 3423 5380 δεῦρο
3460 5310 3827 5377 ἡλαττονήὸη.
3873 5310 4031 5362 Ἀλλ’

2445 5400 2565 5451 οὐδὲ
2618 5401 2903 5471 ἄνθρωπον
2951 5402 3010 5465 ἐξ
3050 5405 3259 5454 ἐκείνου
3299 5399 3460 5462 εἶδον,
3511 5401 3630 5453 οὐδὲ
3676 5403 3752 5462 εἰς
3805 5401 4028 5472 ὁμιλίαν

770 5683 1041 5761 cceuobio,
1075 5683 1476 5761 sed‘nunquam
1506 5699 1628 5738 cum
1690 5686 1802 5738 illo.
1860 5682 1984 5735 ldco
2027 5689 2208 5740 minus
2248 5687 2380 5738 bene
2416 5687 2637 5739 vertisse
2694 5686 2908 5741 videtur
2971 5689 3236 5756 interpres
3278 5692 3417 5761 apud
3464 5693 3684 5745 Surium
3723 5709 3735 5746 :
3777 5692 3928 5747 Meus
3982 5696 4033 5743 in

769 5759 994 5806 canobzo
1024 5754 1236 5808 sodalis.
