4188 6436
205 410 309 474 941

1509 421 1682 481 ῊΤΛ
1730 425 1785 487 S.
1831 426 2149 492 CYRlACl.

3343 457 3448 524 962

196 530 337 590 τινὶ,
398 525 517 579 οὐδὲ
564 526 642 589 είς
690 524 884 594 λόγους
935 524 1119 598 ἦλθον.
1165 528 1302 582 Ἀλλ’
1341 530 1501 583 ἄπιτε
1553 531 1647 584 νῦν
1698 553 1756 587 κα

1843 542 1861 596 t
1898 536 1949 592 in
1987 541 2217 611 alicujus
2265 560 2617 617 congressum
2675 552 3116 627 colloquiumque
3164 564 3307 618 veni.
3340 566 3448 623 Vos

196 617 391 683 ὑμεῖς,
424 618 515 669 καὶ
544 618 981 688 ἀναστρέφοντες
1015 619 1383 690 ἐπισκέψασθέ
1418 622 1775 697 [ἐπισκέψατέ

195 696 259 784 Ι]
295 727 383 777 με.

273 802 497 854 Τούτων
528 804 725 858 ἐκείνοι
756 807 1110 877 ἀκούσαντες,
1147 814 1519 888 ὑποχωροῦσι,
1552 817 1647 869 καὶ⁸
1703 817 1776 880 ὡς

190 890 293 941 τὸν
346 893 618 960 μακάριον
664 896 909 960 ἐλθόντες
962 900 1271 970 Κυριακὸν,
1336 906 1775 974 ἀπαγγέλλουσιν

191 983 354 1051 αὐτῴ
389 986 587 1041 πάντα,
616 989 679 1039 '0
712 989 766 1040 δὲ
803 989 1081 1060 ἐθαύμασέ
1112 1012 1191 1058 τε,
1226 996 1300 1059 ὡς
1327 997 1497 1062 εἰκὸς,
1534 1000 1629 1051 καὶ
1662 999 1775 1049 ἑπι-

193 1064 509 1142 σκένςιασθαι
557 1078 716 1130 πάλιν
761 1080 932 1151 αὐτὴν
967 1084 1305 1154 ἐπανήκουσι
1336 1090 1449 1147 τοῖς
1479 1089 1770 1158 μαθηταῖς,

189 1167 293 1217 καὶ
344 1167 506 1228 αὐτὸς
560 1171 911 1239 ἐπισκήπτει.
965 1175 1037 1227 Τὸ
1070 1177 1335 1244 σπήλαιον
1378 1179 1555 1231 τοίνυν
1600 1182 1656 1232 ὲν
1707 1184 1768 1251 τῇ

190 1259 444 1326 {tendam
487 1262 907 1328 καταλαϐόντες,
960 1268 1051 1319 καὶ
1102 1269 1200 1336 τὴν
1256 1270 1462 1323 εἴσοδον
1518 1274 1656 1325 κατὰ
1710 1274 1771 1326 τὸ

192 1348 434 1418 σύνηθες
480 1351 765 1418 κόψαντες,
822 1356 945 1409 ἐπεὶ
996 1357 1207 1411 ἔνδοθεν
1256 1358 1431 1430 [ἔνδον
1490 1361 1541 1433 1]
1582 1364 1765 1426 αὐτοῖς

184 1441 531 1507 ἀπεκρίνατο
558 1443 677 1494 οὐδὲ
707 1438 808 1506 εἷς,
843 1447 1204 1518 παρελθόντες
1237 1451 1386 1514 εἴσω,
1421 1447 1769 1524 εὑρίσκουσιν

186 1532 257 1582 αὐ
274 1532 365 1600 τὴν
397 1532 495 1602 ἤδη
544 1533 947 1603 τελειωθείσαν,
986 1539 1081 1592 καὶ
1112 1541 1170 1593 τὸ
1202 1543 1359 1608 σῶμα
1390 1549 1584 1616 νεκρὸν
1618 1549 1769 1617 παρὰ

182 1623 269 1693 τῷ
320 1626 565 1697 σπηλαίῳ
620 1628 893 1696 κείμενον.
939 1633 1283 1700 Ἀνελθὸντες
1314 1638 1407 1691 οὖν
1437 1642 1516 1700 είς
1546 1643 1644 1711 τὴν
1674 1643 1767 1695 τοῦ

182 1715 373 1769 Σουκᾶ
413 1718 638 1787 λαύραν,
670 1723 762 1772 καὶ
790 1724 931 1775 ὅσων
962 1720 1029 1791 ἦν
1072 1729 1255 1790 αὐτοῖς
1289 1730 1425 1798 πρὸς
1458 1730 1555 1800 τὴν
1590 1735 1767 1803 ταφὴν

180 1808 349 1875 χρεία
396 1810 674 1873 λασόντες,
720 1812 969 1881 ἔρχονται
1014 1817 1147 1883 πρὸς
1177 1819 1237 1869 τὸ
1289 1822 1550 1889 σπήλαιον
1585 1822 1759 1886 αὖθις·

1883 631 2046 702 igitur
2082 650 2230 689 nunc
2264 637 2430 704 abite,
2463 650 2515 694 et
2542 653 2876 701 revertentes
2912 648 3128 705 invisite
3151 669 3259 708 me.

1950 814 2057 879 illi,
2093 817 2179 871 his
2215 820 2440 887 auditis,
2470 826 2735 880 recedunt
2767 846 2780 882 :
2826 837 2877 883 et
2917 833 2981 885 ad
3014 833 3227 890 beatum
3257 838 3445 907 Cyria-

1879 920 2002 959 cum
2036 910 2320 965 venientes
2344 914 2523 968 omnia
2567 917 2668 985 ipsi
2704 923 3042 978 renuntiant.
3077 927 3186 991 llle,
3221 942 3280 982 ut
3313 947 3443 985 con~

1877 1009 2199 1053 sentaneum
2261 1013 2398 1069 erat,
2463 1008 2693 1064 miratus
2752 1022 2835 1066 est
2892 1024 2968 1080 et,
3046 1023 3444 1079 revertentibus

1876 1085 2181 1157 discipulis,
2210 1102 2267 1146 ut
2300 1109 2417 1149 eam
2490 1113 2685 1153 rursus
2731 1102 2967 1160 invisant
3012 1111 3252 1166 mandat.
3303 1112 3441 1184 δρο-

1874 1178 2030 1233 latum
2067 1184 2247 1253 itaque
2284 1186 2337 1240 in
2386 1191 2559 1244 reditu
2614 1196 2781 1261 nacti,
2830 1200 3144 1269 aditumque
3189 1206 3257 1260 de
3289 1178 3439 1262 more

1872 1272 2181 1338 pulsantes,
2219 1293 2339 1331 cum
2370 1280 2516 1336 intus
2547 1298 2707 1339 nemo
2733 1303 2871 1342 unus
2905 1291 3035 1360 ipsis
3064 1298 3437 1365 responderet.

1872 1361 2193 1435 introgressi
2258 1370 2542 1428 inveniunt
2593 1392 2711 1431 eam
2765 1380 2874 1449 jam
2914 1383 3019 1437 vita
3069 1385 3334 1452 functam.
3387 1402 3441 1446 et

1872 1466 2070 1520 corpus
2101 1458 2357 1512 exanime
2400 1462 2453 1521 in
2509 1466 2765 1532 spelunca
2807 1470 3014 1538 jacens.
3066 1475 3439 1534 Ascendentes

1870 1541 2030 1611 igitur
2063 1544 2113 1596 in
2164 1545 2318 1601 Sucae
2364 1551 2594 1619 lituram,
2632 1568 2683 1611 et
2748 1562 2925 1615 omnia
2967 1565 3161 1632 quibus
3210 1568 3342 1638 ipsis
3370 1572 3435 1628 ad

1870 1635 2203 1703 sepulturam
2258 1654 2389 1695 usus
2418 1652 2537 1696 erat
2578 1661 2944 1716 assumentes.
2982 1671 3172 1712 rursus
3205 1660 3271 1713 ad
3310 1676 3436 1729 spec

1867 1725 2025 1781 laeum
2056 1731 2283 1785 veniunt
2317 1752 2329 1789 :
2364 1744 2419 1790 et
2450 1752 2567 1805 quae
2608 1739 2675 1794 de
2711 1757 2861 1798 more
2919 1745 3054 1800 ﬁunt
3088 1764 3253 1821 super
3280 1753 3433 1813 beata

1867 1831 2215 1888 peragentes,
2257 1821 2477 1879 domum
2505 1829 2554 1881 ei
2592 1829 2797 1888 faciunt
2824 1837 3154 1907 sepulcrum,
3191 1844 3433 1912 reliquiis

181 1898 283 1946 καὶ
315 1897 631 1959 τελέσαντες
660 1901 751 1949 ἐπὶ
779 1903 843 1967 τῇ
880 1902 1129 1972 μακαρίᾳ
1174 1904 1241 1956 τὰ
1283 1905 1533 1967 εἰωθότα,
1568 1907 1666 1976 τὴν
1695 1910 1756 1960 οἱ.

1871 1909 1922 1961 in
1957 1912 2213 1980 spelunca
2248 1915 2360 1987 ipsa
2393 1918 2676 1988 depositis.

181 1987 313 2036 κίαν
361 1988 495 2057 αὐτῇ
531 1991 700 2056 τάφον
755 1990 988 2049 ποιοῦσι.
1041 1995 1175 2062 πρὸς
1216 1996 1364 2066 αὑτῷ
1395 1997 1473 2067 τῷ
1508 2000 1762 2069 σπηλαίῳ

178 2076 244 2128 τὸ
271 2074 523 2143 λείψανον
561 2080 948 2147 καταθέμενοι.
1235 2146 1240 2152 .

270 2171 411 2223 Ἀλλ’
447 2172 684 2227 ἐνταῦθα
721 2177 819 2245 μὲν
849 2178 998 2245 ἡμᾶς
1042 2176 1103 2230 τὸ
1142 2177 1233 2231 τοῦ
1278 2180 1620 2251 διηγήματος
1681 2182 1763 2246 ἐξ·

181 2257 442 2326 ήνεγκεν,
476 2262 691 2331 ἥδιστόν
721 2281 778 2315 τε
817 2265 954 2334 ὁμοῦ
989 2266 1083 2319 καὶ
1110 2267 1403 2338 ὠφέλιμον.
1450 2273 1760 2326 Ἐπανιτέον

177 2349 238 2401 δὲ
277 2351 441 2401 πάλιν
476 2352 599 2404 ὅθεν
648 2354 940 2423 ἐξέϐημεν.
989 2360 1216 2425 Ὄγδοον
1245 2362 1427 2414 τοίνυν
1456 2362 1648 2418 τοῦτον
1700 2368 1759 2420 ἐν

174 2441 261 2509 τῷ
296 2442 576 2510 Σουσακ¹ιμ
603 2445 868 2511 ἐνιαυτὸν,
894 2445 1084 2516 ὥσπερ
1110 2448 1342 2519 ἔφημεν,
1361 2454 1453 2505 τοῦ
1483 2459 1756 2524 μακαρίου

178 2533 468 2602 Κυρίαικοῦ
524 2534 863 2603 διηνυκότος,
912 2540 959 2591 οι
1000 2543 1098 2607 τῆς
1150 2540 1245 2592 τοῦ
1296 2543 1477 2596 Σουκᾶ
1524 2546 1752 2616 λαύρας,

180 2630 324 2694 μετὰ
374 2626 473 2698 τὴν
524 2628 737 2682 τελείαν
786 2630 893 2684 τῶν
936 2632 1005 2683 τὰ
1064 2632 1373 2703 Ὠριγένους
1417 2636 1752 2701 δοξαζόντων

174 2717 527 2789 ἀπαλλαγὴν,
557 2722 737 2772 ὲκείσε
764 2722 857 2773 καὶ
891 2722 1051 2785 αὖθις
1083 2727 1388 2793 γενόμενοι,
1422 2729 1501 2791 είς
1547 2729 1608 2781 τὸ
1654 2730 1749 2781 τοῦ

179 2809 422 2876 μεγάλου
465 2811 780 2880 Χαρίτωνος
826 2816 1089 2884 σπήλαιον
1125 2820 1287 2871 αὑτὸν
1314 2820 1539 2891 ῆγαγον.
1575 2817 1647 2880 Οὖ
1687 2823 1751 2895 δὴ

176 2902 274 2982 καΙὶ
306 2904 333 2952 ό
368 2901 672 2968 θαυμάσιος
706 2905 975 2974 Κύριλλος
1006 2910 1312 2979 παρέὸαλλε
1360 2916 1617 2982 συνεχῶς,
1639 2917 1749 2968 ’καὶ

176 2967 382 3063 πολλὴν
417 2967 567 3061 παρὰ
597 2994 693 3045 τοῦ
722 2967 881 3062 ἁγίου
914 2967 1104 3054 τούτου
1133 3004 1231 3071 τὴν
1265 3005 1363 3073 τῆς
1392 3008 1590 3076 ἀρετῆς
1636 3009 1746 3060 ἐπί-

173 3082 321 3133 δοσιν
356 3082 451 3135 καὶ
505 3081 601 3154 τὴν
627 3083 894 3151 ὠφέλειαν
932 3090 1259 3159 ἐκαρποῦτο.
1308 3093 1475 3163 ’Υπὲρ
1505 3098 1572 3148 τὰ
1606 3098 1745 3150 ἑπτὰ

172 3174 231 3226 δὲ
262 3173 360 3244 ήδη
399 3175 492 3226 καὶ
518 3175 585 3228 τά
618 3178 814 3231 ἑκατὸν
838 3183 864 3231 ὁ
892 3182 1167 3251 Κυριακὸς
1195 3184 1290 3254 ἔτη
1338 3185 1470 3237 ὲὸίω
1495 3202 1508 3218 ·
1544 3190 1619 3252 ὡς
1646 3192 1742 3242 καὶ

174 3263 271 3317 ἀπ’
307 3265 485 3319 αὐτῶν
528 3264 700 3337 δήπου
753 3272 860 3335 τῶν
924 3274 1138 3327 ἐκείνου
1186 3276 1476 3346 περιόδων,
1518 3282 1609 3331 καὶ
1644 3281 1750 3333 τῶν

173 3354 471 3426 διατριϐῶν
503 3362 946 3429 μεμαρτύρηται.
1000 3366 1248 3431 Ἀφίκετο
1280 3368 1518 3443 μὲνγὰρ
1546 3371 1625 3431 είς
1651 3374 1751 3441 τὴν

183 3448 347 3513 ἁγίαν
396 3450 567 3514 πόλιν,
618 3452 762 3519 ἀμφὶ
811 3453 878 3505 τὰ
918 3453 1296 3512 ὀκτωκαίδεκά
1351 3475 1453 3511 που
1512 3462 1748 3531 μάλιστα

171 3539 291 3606 ἔτη·
318 3539 473 3591 ἐννέα
502 3540 559 3592 δὲ
590 3546 739 3613 παρὰ
773 3544 848 3613 τῷ
875 3550 930 3599 ἐν
961 3550 1136 3617 ἁγίοις
1161 3552 1456 3623 Γερασίμῳ
1488 3555 1747 3625 διέμεινεο

170 3634 398 3690 δέκατόν
417 3654 477 3691 τε
511 3640 608 3709 ἤδη
641 3641 887 3711 [δέκατον
918 3641 1018 3711 ήδη
1052 3641 1104 3711 1]
1134 3646 1267 3712 πρὸς
1293 3648 1357 3715 τῇ
1383 3645 1474 3697 τοῦ
1510 3648 1747 3716 μεγάλου

171 3727 449 3797 Εὐθυμίου
493 3735 626 3800 μονῇ
683 3732 951 3783 διετέλεσε
1006 3736 1241 3800 χρόνον⁸
1294 3738 1388 3786 καὶ
1442 3739 1602 3788 ἐννέα
1652 3740 1747 3789 καὶ

170 3822 464 3887 τριάκοντα
516 3823 620 3872 ὑπὸ
667 3826 732 3891 τῇ
789 3822 882 3874 τοῦ
956 3824 1137 3877 Σουκᾶ
1193 3824 1370 3896 λαύρα
1421 3827 1743 3895 διηκονεῖτο.

171 3913 432 3978 Πέμπτον
463 3929 520 3964 τε
566 3914 713 3983 αὐτῷ
747 3917 804 3968 ὲν
834 3919 899 3986 τῇ
936 3917 1026 3969 τοῦ
1060 3918 1322 3990 Νατουφᾷ
1369 3922 1559 3991 ἐρήμῳ
1608 3922 1749 3974 σκίλ.

168 3999 288 4064 λαις
318 4008 637 4077 τρεφομένῳ
672 4010 966 4078 περιῆλθον
1002 4011 1118 4075 ἔτος
1146 4026 1159 4040 ·
1194 4014 1287 4063 καὶ
1313 4012 1548 4066 τοσαῦτα
1582 4016 1745 4067 πάλιν

166 4095 226 4145 εν
252 4094 330 4163 τῷ
359 4097 453 4149 τοῦ
499 4098 697 4151 Ῥουϐᾶ
724 4102 907 4169 ἔτερα.
944 4104 1077 4171 Περὶ
1106 4103 1207 4172 μὲν
1236 4100 1328 4155 οὖν
1351 4104 1426 4170 τῷ
1460 4105 1743 4174 Σουσακὶμ

167 4185 397 4257 ἕϐδομον
429 4193 675 4243 ἐνιαυτὸν
717 4196 902 4262 μεῖναι
940 4195 1257 4263 ἱστόρηται·
1287 4196 1417 4263 περὶ
1455 4196 1511 4247 δὲ
1544 4196 1621 4266 τῷ
1647 4196 1741 4249 τοῦ

167 4281 225 4331 ὲν
272 4282 450 4349 ἁγίοις
490 4284 809 4352 Χαρίτωνος
865 4286 1139 4355 σπηλαίῳ,
1192 4288 1482 4359 πέμπτον·
1534 4293 1628 4342 καὶ
1674 4290 1740 4343 αὖ

167 4370 251 4443 [in
305 4378 477 4429 codice
517 4377 552 4430 2
604 4377 827 4431 deletum
866 4388 941 4431 est
988 4376 1080 4451 αὖ]
1131 4380 1292 4434 πάλιν
1328 4385 1383 4434 ιν
1423 4382 1498 4452 τῷ
1531 4382 1649 4452 [τοῦ
1688 4384 1737 4453 11

164 4466 447 4537 Σουσακὶμ
482 4468 700 4537 ⁴ὖγδοον.
764 4471 953 4541 Ἀνέϐη
992 4474 1175 4541 μέντοι
1210 4475 1315 4542 πρὸ
1363 4475 1458 4526 δύο
1500 4475 1645 4547 [δύον
1684 4476 1737 4547 1]

1934 2182 2042 2236 Sed
2076 2182 2181 2237 huc
2214 2185 2432 2253 quidem
2470 2205 2567 2244 nos
2604 2195 2844 2249 narratio
2887 2197 3109 2254 deduxit
3152 2202 3431 2270 jucundiso

1863 2270 1997 2325 sima
2029 2273 2179 2340 juxta
2214 2284 2376 2345 atque
2412 2278 2579 2332 utilis.
2634 2279 2844 2338 Rursus
2874 2296 3055 2341 autem
3090 2292 3427 2350 redeundum

1864 2373 1948 2417 est
2004 2365 2148 2418 unde
2199 2366 2427 2435 digressi
2495 2383 2702 2425 sumus.
2759 2372 2893 2428 Cum
2960 2378 3120 2448 igitur
3177 2394 3425 2439 octavum

1860 2451 2008 2505 hunc
2040 2452 2092 2506 in
2121 2452 2367 2509 Susacini
2392 2473 2618 2525 annum,
2647 2470 2705 2515 ut
2731 2462 2991 2529 diximus,
3023 2468 3213 2526 beatus
3240 2473 3428 2545 Cyria.

1858 2559 1954 2599 cus
1980 2548 2329 2615 confecisset,
2358 2554 2450 2622 qui
2485 2564 2641 2609 erant
2695 2558 2859 2615 laurea
2923 2561 3094 2630 Sucze,
3146 2576 3267 2637 post
3305 2585 3427 2640 per-

1856 2635 2053 2691 fectam
2086 2642 2470 2699 liberationem
2500 2648 2566 2701 ab
2598 2649 2664 2703 iis
2690 2653 2783 2719 qui
2815 2652 3065 2725 Origenis
3095 2635 3425 2717 sententiain

1854 2724 2137 2789 tenebant,
2172 2743 2294 2781 cuin
2328 2730 2457 2785 illuc
2497 2750 2688 2790 rursus
2733 2724 3112 2805 accessissent,
3162 2747 3340 2816 ipsum
3371 2754 3423 2806 in

1857 2816 2038 2885 magni
2093 2814 2408 2874 Charitonis
2462 2825 2719 2892 spelaum
2757 2830 3100 2887 deduxerunt
3131 2814 3264 2905 (εἰ).
3308 2839 3426 2904 Quo

1857 2908 2022 2961 etiam
2076 2908 2393 2979 frequenter
2443 2917 2736 2971 accedebat
2783 2921 3116 2979 admirabilis
3171 2926 3422 2996 Cyrillus,

1848 3007 1903 3051 et
1932 3015 2185 3067 magnum
2219 3004 2288 3057 ab
2316 3006 2416 3060 hoc
2464 3017 2651 3063 sancto
2680 3010 2896 3069 virtutis
2949 3015 3343 3077 incrementum
3372 3031 3429 3078 et

1848 3089 2284 3147 emolumentum
2334 3098 2685 3165 percipiebat.
2723 3101 2839 3154 Jam
2873 3114 3051 3160 autem
3080 3124 3241 3177 super
3285 3128 3418 3167 cen-

1852 3190 1964 3234 tum
2023 3189 2078 3234 et
2112 3192 2320 3253 septem
2365 3201 2537 3242 annos
2566 3190 2777 3245 vixerat
2810 3192 3066 3264 Cyriacus
3122 3218 3135 3252 :
3208 3206 3295 3257 cui
3344 3208 3423 3259 rei

1857 3272 2168 3328 testimonio
2214 3286 2340 3332 sunt
2401 3278 2502 3334 illae
2552 3280 2681 3350 ipsa:
2727 3287 2842 3353 ejus
2899 3288 3128 3346 diversis
3190 3292 3245 3348 in
3289 3294 3426 3353 locis

1853 3362 2166 3417 mansiones
2215 3374 2269 3417 et
2310 3367 2458 3421 obita
2507 3370 2723 3424 itinera.
2794 3374 3022 3431 Devenit
3079 3396 3316 3451 namque
3366 3387 3420 3441 in

1855 3459 2103 3506 sanctam
2152 3456 2455 3520 civitatem,
2492 3461 2710 3515 circiter
2761 3464 2948 3520 decem
2994 3478 3050 3522 et
3097 3475 3221 3526 octo
3249 3490 3426 3532 annos

1850 3552 2059 3598 natus:
2105 3560 2296 3600 novem
2346 3558 2529 3604 autem
2579 3553 2723 3622 apud
2780 3568 3029 3614 sanctum
3083 3562 3418 3621 Gerasimum

1852 3640 2152 3705 permansit
2191 3658 2204 3695 :
2245 3641 2624 3713 decimumque
2668 3649 2780 3716 jam
2827 3651 2968 3719 apud
3000 3652 3173 3725 Magni
3213 3656 3419 3729 Euthy-

1848 3727 1938 3779 mii
1970 3732 2361 3783 monasterium
2393 3736 2627 3788 confecit
2656 3754 2881 3806 annum,
2929 3753 2985 3797 et
3032 3746 3413 3816 undequadra-

1846 3818 1993 3889 ginta
2051 3821 2104 3873 in
2163 3819 2319 3877 Suca:
2378 3824 2527 3879 laura
2574 3828 2920 3886 ministravit.
2984 3834 3231 3906 Quinque
3284 3842 3414 3896 anni

1818 3912 2249 3981 praeterierunt,
2315 3913 2443 3967 dum
2494 3915 2547 3969 in
2596 3917 2863 3987 Natuplia:
2915 3924 3204 3979 solitudine
3248 3931 3416 3985 scillis

1845 3998 2101 4065 aleretur,
2190 4003 2521 4071 totidemque
2604 4022 2793 4062 rursus
2855 4012 2944 4065 alii
2971 4016 3023 4068 in
3097 4014 3269 4073 Ruba.
3344 4022 3403 4074 In

1846 4086 2089 4145 Susacim
2130 4099 2311 4145 autem
2368 4095 2659 4164 septimum
2717 4102 2984 4157 mansisse
3040 4120 3242 4162 annum
3295 4109 3405 4178 jam

1844 4181 2073 4237 relatum
2100 4192 2224 4237 est:
2270 4184 2325 4238 in
2378 4189 2551 4240 sancti
2606 4201 2784 4244 autem
2819 4191 3132 4251 Charitonis
3188 4202 3406 4269 spelaea.

1841 4274 2129 4342 quintum;
2170 4283 2224 4332 et:
2244 4293 2435 4333 rursus
2462 4280 2516 4333 in
2572 4277 2839 4349 Susacim,
2872 4299 3144 4343 octavum.
3192 4291 3409 4348 Duobus

1841 4375 1991 4418 certe
2051 4376 2176 4420 ante
2224 4370 2430 4423 exitum
2494 4373 2672 4437 annis,
2741 4389 2932 4429 rursus
2977 4380 3042 4433 ad
3096 4379 3407 4438 Charitonis

1839 4456 2098 4524 spelaeum
2158 4460 2422 4514 ascendit.
2482 4460 2738 4528 Quamvis
2800 4476 2981 4521 autem
3011 4470 3078 4524 ad
3126 4471 3182 4527 id
3232 4476 3407 4531 aetatis

164 4556 260 4623 τῆς
294 4559 549 4630 τελευτῆς
570 4563 806 4631 χρόνων,
842 4566 936 4615 καὶ
972 4563 1126 4626 αὖθις
1160 4566 1311 4632 παρὰ
1339 4566 1398 4617 τὸ
1428 4564 1528 4638 [τῷ
1562 4566 1614 4640 1]
1640 4568 1733 4621 τοῦ

1843 4550 2201 4617 pervenisset,
2238 4560 2293 4606 et
2326 4568 2591 4609 summam
2626 4558 2694 4611 ita
2712 4560 2942 4630 adeptus
2969 4571 3111 4618 esset
3152 4576 3405 4623 senecta.

163 4647 477 4718 Χαρίτωνος
528 4654 791 4722 σπήλαιον
845 4652 1122 4725 [σπηλαίῳ
1160 4653 1254 4726 1].
1324 4656 1419 4719 Εἰς
1470 4656 1628 4709 τοῦτο
1676 4660 1731 4710 δὲ

162 4737 311 4807 ὅμως
344 4741 559 4809 ἡλικίας
598 4742 794 4805 ἐλθὼν,
822 4746 916 4796 καὶ
956 4744 1238 4814 βαθύτατα
1274 4746 1417 4800 οὓτω
1456 4750 1728 4819 γηράσας,

160 4832 283 4884 οὐδὲ
318 4832 491 4906 βραχὺ
530 4836 628 4903 τῆς
672 4838 800 4907 περὶ
817 4839 945 4899 τοὺς
980 4839 1156 4900 θείους
1200 4839 1404 4908 ὕμνους
1463 4846 1727 4906 στάσεως,

161 4931 256 4975 καὶ
298 4929 392 4992 τῆς
423 4929 699 4989 διακονίας
728 4931 834 4981 τῶν
879 4931 1028 4999 αὑτῷ
1064 4932 1529 5001 παραϐαλλόντων
1578 4937 1730 5003 ὑφεῖ-

158 5027 239 5063 το.
295 5014 433 5064 Ἀλλ’
463 5016 571 5085 όσφ
605 5020 888 5089 κατεγήρα
927 5023 993 5089 τῇ
1051 5022 1258 5093 ἡλικίᾳ,
1299 5024 1541 5093 τοσούτῳ
1590 5028 1728 5094 μᾶλ-

158 5105 261 5159 λον³
291 5108 523 5179 ισφρίγα
584 5113 674 5162 καὶ
735 5114 1097 5184 ὑπερήκμαζε
1158 5120 1222 5185 τῇ
1285 5117 1585 5188 προθυμίᾳ,
1630 5120 1727 5175 καὶ

158 5201 489 5271 Θερμότερον
537 5203 647 5255 τῶν
706 5204 865 5257 θείων
926 5207 1155 5274 ἀγώνων
1204 5210 1298 5261 καὶ
1351 5212 1726 5283 γενναιότερον

155 5295 379 5365 ἥπτετο.

223 5382 332 5440 Ἦν
368 5386 424 5437 δὲ
467 5388 730 5458 μειλίχιος
780 5388 883 5458 μὶν
913 5394 942 5444 ό
971 5392 1112 5465 ἀνὴρ
1144 5396 1238 5449 καὶ
1291 5396 1474 5467 ἱλαρὸς
1505 5401 1598 5453 καὶ
1628 5402 1719 5454 to.

155 5477 429 5545 πρόσιτος,
461 5481 714 5552 εὐμήκης
744 5484 800 5535 δὲ
832 5483 957 5536 ἰδεῖν
998 5491 1091 5539 καὶ
1130 5490 1449 5559 ἀνεστηκὼς
1472 5508 1484 5520 ·
1536 5496 1628 5545 τόν
1663 5511 1723 5545 τε

154 5573 353 5637 αὐχένα
382 5574 535 5643 όρθὸ,
564 5574 643 5628 ἔτι
673 5579 766 5629 καὶ
797 5581 1133 5646 ὑπονεάζων,
1164 5586 1258 5637 καὶ
1288 5586 1406 5637 οὐδὲ
1442 5588 1501 5639 τὸ
1531 5588 1710 5657 παρά·

154 5674 261 5710 παν
310 5664 404 5714 τοῦ
445 5665 629 5735 γήρως
678 5668 1017 5739 ἡττώμενος,
1065 5670 1445 5737 διδασκαλικὸς
1479 5675 1569 5727 τὸν
1605 5675 1723 5725 τοόο

221 5816 331 5885 (ἳῖ)
374 5823 527 5877 Anno
555 5826 680 5880 555.

1842 4649 1971 4705 tem,
2001 4640 2356 4699 nihilominus
2397 4656 2596 4711 tamen,
2647 4665 2717 4701 ne
2770 4649 3039 4707 tantillum
3070 4658 3287 4724 quidem
3336 4662 3405 4715 de

1838 4732 2074 4787 elatione
2100 4734 2167 4789 ad
2220 4734 2437 4794 divinos
2467 4738 2718 4809 hymnos,
2764 4752 2818 4797 et
2874 4744 3175 4804 ministerio
3209 4765 3401 4808 eorum

1838 4823 1928 4889 qui
1963 4824 2028 4876 ad
2074 4824 2249 4894 ipsum
2289 4830 2645 4893 accedebant,
2696 4835 3025 4891 remittebat.
3057 4837 3162 4894 Sed
3198 4855 3401 4911 quanto

1838 4925 1956 4966 erat
1992 4925 2151 4969 astate
2183 4920 2517 4985 provectior,
2548 4930 2696 4978 tanto
2740 4928 2912 4996 magis
2959 4930 3139 4986 animo
3169 4934 3398 5003 valebat,

1836 5013 1888 5057 et
1919 5005 2137 5076 vigebat
2193 5010 2360 5063 animi
2405 5012 2702 5079 alacritate,
2759 5020 3047 5091 acriusque
3101 5039 3163 5078 ac
3208 5025 3405 5082 fortius

1837 5097 2020 5151 divina
2050 5099 2223 5153 inibat
2253 5104 2575 5158 certamina.

1905 5276 2033 5331 Erat
2064 5285 2245 5330 autem
2278 5278 2359 5332 vir
2385 5281 2531 5336 mitis
2551 5293 2607 5338 et
2654 5284 2861 5351 hilaris,
2887 5296 2941 5341 et
2966 5286 3142 5343 facilis
3184 5291 3247 5345 ad
3274 5306 3396 5346 eum

1834 5370 2050 5436 patebat
2081 5368 2304 5424 aditus:
2346 5380 2551 5427 statura
2582 5390 2840 5444 procerus
2873 5386 2928 5431 et
2969 5389 3188 5435 erectus
3222 5400 3235 5434 :
3280 5388 3395 5438 col—

1832 5458 1992 5525 quue
2039 5456 2219 5512 adhuc
2263 5470 2431 5525 recto,
2459 5463 2804 5531 juventutem
2846 5470 3245 5537 quodammodo
3284 5490 3396 5546 pm

1830 5561 1890 5601 se
1921 5548 2120 5613 ferens,
2156 5559 2210 5604 et
2262 5552 2395 5607 nihil
2442 5557 2667 5609 omnino
2715 5568 3004 5615 senectute
3048 5562 3257 5618 fractus
3303 5576 3396 5624 aut

1828 5637 2134 5696 debilitatus
2181 5660 2195 5695 :
2225 5645 2467 5698 moribus
2490 5646 2555 5700 ad
2601 5648 2901 5704 docendum
2927 5657 3391 5723 accommodatus;
