4188 6436
177 359 276 419 945

1112 356 1285 417 HTA
1322 357 1377 416 S.
1417 351 1795 416 GREGORII
1845 349 2469 412 ILLUMINATORIS.

3313 343 3417 405 946

172 472 264 537 τὴν
295 469 567 532 ἐξουσίαν,
602 470 731 538 περὶ
762 469 859 538 τὴν
884 469 1293 539 ἀστρουεὰμονα
1318 469 1425 522 τῶν
1457 467 1742 523 Χαλδαίων
1773 522 1776 531 Α

1877 481 1963 520 um
2020 464 2334 533 sapientia},
2394 477 2515 531 qua:
2574 469 2820 514 versatur
2873 459 2924 513 in
2987 461 3419 528 contemplandis

171 561 426 629 ἐσχόλαζε
480 561 696 630 σοφίαν,
733 561 826 612 καί
875 577 927 612 τι
977 560 1202 613 συνιδὼν
1257 561 1486 623 ἐκεῖθεν,
1540 561 1605 629 τῇ
1651 576 1746 625 γυ-

172 656 314 706 ναικὶ
359 654 497 706 κατᾶ
529 653 627 721 τὴν
669 652 876 722 σκηνὴν
914 651 1301 719 συγκαθεύδων
1331 653 1396 705 ἂν
1435 648 1610 716 εἶπεν,
1646 652 1742 715 ὡς,

175 743 262 806 Ἐξ
285 735 360 793 ὧν
392 742 460 812 μὲ
489 742 833 794 διδάσκουσιν
869 743 916 795 oi
945 744 1052 793 τῶν
1088 743 1334 810 ἀστέρων
1357 743 1566 811 δρόμοι,
1597 743 1749 806 εἴτις

172 839 536 890 ἐπανάστασιν
585 838 726 889 κατὰ
757 837 850 888 τοῦ
887 837 1086 890 οίκείου
1109 837 1367 889 δεσπότου
1401 840 1455 888 ὲν
1491 837 1568 906 τῷ
1599 854 1745 906 παρ-

172 929 282 980 όντι
333 927 508 996 καιρῷ
561 928 931 997 μελετήσειεν,
983 929 1082 979 οὐκ
1115 969 1129 992 ,
1168 927 1276 994 ἔγω
1333 944 1395 996 γε
1449 923 1625 995 οἶμαι,
1657 926 1749 980 τοῦ

175 1020 380 1072 σκοποῦ
411 1022 613 1080 ἐκεῖνος
649 1021 740 1071 καὶ
768 1019 868 1085 τῆς
896 1019 1076 1087 ὁρμῆς
1107 1018 1498 1088 ψευσίιήσεται.

246 1111 317 1164 B'.
363 1113 470 1163 Καὶ
506 1110 678 1162 ταῦτα
724 1108 919 1173 εἰπὼν,
950 1112 1027 1171 είς
1063 1109 1230 1162 ὕπνον
1271 1110 1504 1178 ἐτράπη.
1545 1110 1658 1163 Μία
1694 1110 1750 1162 δὲ

179 1204 284 1256 τῶν
323 1203 790 1270 ὑπηρετουμένων
826 1205 892 1272 τῇ
947 1202 1205 1270 βασιλίδι,
1251 1203 1357 1253 τῶν
1411 1203 1553 1254 κατὰ
1598 1204 1754 1269 γένος

177 1296 460 1364 ἐπιφανῶν
498 1295 636 1362 αὕτη
671 1295 920 1361 Θυγάτηρ
952 1291 1088 1347 οὖσα
1109 1337 1123 1360 ,
1165 1295 1403 1364 συνήθης
1433 1291 1501 1365 ἦν
1533 1298 1624 1348 ἐπὶ
1653 1313 1757 1348 σω-

179 1389 364 1456 μάτων
397 1385 581 1456 ὀμιλία
609 1387 713 1438 τινὶ
771 1387 879 1439 τῶν
907 1388 1004 1448 τὰς
1036 1387 1258 1455 πρώτας
1293 1388 1465 1456 ἀρχὰς
1495 1388 1756 1439 διοικούν-

175 1495 305 1540 των,
349 1478 407 1543 ἐξ
446 1478 746 1546 Ἀσσυρίων
781 1479 878 1548 μὲν
915 1481 1301 1549 καταγομένῳ,
1352 1480 1670 1548 καλουμένῳ
1702 1480 1758 1532 δὲ

192 1565 570 1636 Ἀρταεείρας.
630 1569 725 1628 Ὃς
783 1567 1042 1628 πολλάκις
1103 1567 1203 1634 μὲν
1259 1569 1352 1620 καί
1406 1569 1526 1622 καθ’
1569 1569 1758 1621 ἑαυτὸν

180 1657 446 1709 ἀνείλιττε
482 1659 579 1726 τὴν
606 1658 894 1726 τυραννίδα
918 1694 933 1719 ,
972 1659 1066 1709 καὶ
1111 1661 1224 1721 τοῖς
1265 1660 1610 1722 πιστοτάτοις
1653 1661 1760 1713 τῶν

183 1746 354 1811 φίλων
403 1745 809 1814 μυστικώτερον
856 1747 1149 1811 ἐκοινοῦτο,
1185 1749 1412 1815 ἀγαγεῖν
1456 1749 1511 1801 δὲ
1557 1749 1761 1818 ταύτην

181 1838 257 1896 εἰς
291 1837 450 1904 ἔργον
482 1835 827 1903 ἀνεϐάλλετο,
861 1838 1010 1905 φόϐῳ
1044 1838 1120 1906 τῷ
1156 1839 1256 1907 τῆς
1299 1840 1629 1908 ἀποτυχὶας⁶
1666 1841 1763 1907 τῆς

185 1925 390 1994 σκηνῆς
421 1922 512 1979 οὖν
543 1925 682 1997 αῦτη
716 1926 992 1997 λαθραίως
1025 1927 1414 1994 ὑπεξελθοῦσα,
1449 1929 1641 1998 μηνύει
1672 1931 1763 1982 τὸν

185 2020 432 2087 χρησμὸν
481 2024 658 2072 πάντα
696 2021 771 2089 τῷ
814 2021 1161 2092 ἰλρτασείρᾳ,
1197 2022 1490 2092 παροξύνει
1536 2040 1596 2074 τε
1630 2025 1765 2092 πρὸς

185 2109 243 2161 τὸ
277 2109 436 2178 ἔργον
489 2111 585 2165 καὶ
621 2112 811 2179 λόγους
859 2113 1099 2178 ἀπαιτεῖ,
1138 2114 1213 2176 ὡς
1252 2113 1341 2177 ἂν,
1388 2115 1435 2166 εί
1492 2115 1766 2185 ἐγκρατὴς

187 2207 412 2274 γένηται
457 2207 555 2276 τῆς
611 2205 841 2276 Πάρθων
887 2207 1081 2276 ἀρχῆς,
1129 2207 1385 2260 κοινωνὸν
1436 2207 1605 2276 αὐτὴν
1656 2208 1768 2276 ἔχοι

190 2298 308 2366 βίου
367 2299 460 2350 καὶ
510 2299 610 2368 τὴν
647 2297 922 2364 βασιλείαν
963 2300 1101 2370 αὐτῇ
1147 2300 1372 2370 ὀνόματί
1402 2317 1459 2354 τε
1498 2300 1593 2353 καί
1625 2300 1770 2372 πρά-

187 2406 358 2458 γματι
390 2389 800 2458 συμμερὶζοιτο.
843 2390 901 2442 '0
925 2390 978 2443 δὲ
1012 2391 1309 2461 προθύμως
1361 2390 1514 2460 ὤμνυ
1551 2409 1610 2444 τε
1643 2393 1770 2454 τοὺς

190 2480 476 2548 πατρῴους
521 2480 697 2544 θεοὺς,
731 2483 826 2536 καὶ
878 2484 1050 2554 πέρας
1085 2483 1454 2552 ἐπηγγέλλετο
1487 2482 1672 2535 λαϐεῖν
1704 2483 1770 2535 τὰ

190 2572 584 2652 ὀμωμοσμένα,
623 2577 762 2627 κατὰ
807 2576 906 2644 τὴν
957 2573 1128 2644 ἀρχὴν
1169 2575 1366 2628 αὐτίκα
1405 2575 1502 2644 τῆς
1535 2575 1774 2645 ἀναρρή-

193 2681 351 2724 σεως.
389 2666 497 2716 Καὶ
524 2666 692 2718 ταῦτα
719 2669 1058 2738 αἰτησαμένη
1092 2669 1186 2719 καὶ
1219 2667 1284 2720 τὰ
1314 2670 1481 2720 πιστὰ
1511 2668 1772 2736 λαὸοῦσα,

195 2753 334 2818 μετὰ
384 2755 618 2823 σπουδῆς
659 2757 816 2817 αὖθις
851 2758 950 2827 τὴν
986 2757 1272 2826 βασιλικὴν
1311 2757 1540 2827 σκηνὴν,
1572 2758 1774 2827 πολλὴν

192 2842 288 2895 τοῦ
314 2842 495 2896 λαθεῖν
527 2848 822 2916 ποιουμένη
870 2850 1123 2918 πρόνοιαν
1153 2851 1444 2920 ἀποτρέχει
1473 2865 1488 2882 ⁸
1515 2850 1684 2919 ὄνομα
1719 2847 1774 2901 δὲ

193 2936 272 3003 τῷ
319 2940 527 3008 γυναίῳ
585 2941 973 3006 Ἀρταδοῦκτα.
1044 2941 1102 2995 '0
1152 2939 1245 2993 οὗν
1288 2945 1650 3014 Ἀρτασείρας
1697 2946 1776 3010 είς

195 3028 323 3079 νοῦν
354 3031 738 3098 τῆς-γυναικὸς
788 3033 886 3102 τὴν
932 3032 1191 3101 ἀγγελίαν
1225 3032 1538 3102 βαλόμενος,
1586 3037 1777 3098 δεινῶς

195 3119 276 3189 τῷ
307 3121 408 3188 τῆς
443 3124 613 3193 ἀρχῆς
644 3125 898 3196 ἡλίσκετο
945 3126 1127 3193 ἔρωτι,
1163 3126 1256 3177 καὶ
1296 3127 1619 3192 συναγαγὼν
1650 3127 1775 3188 τοὺς

197 3215 257 3264 ἐν
292 3213 439 3264 τέλει
477 3216 698 3284 Περσῶν
747 3232 806 3267 τε
838 3216 932 3267 καὶ
971 3217 1292 3285 Ἀσσυρίων,
1329 3213 1408 3281 οἷς
1445 3217 1676 3286 μάλιστα
1703 3217 1776 3282 ὡς

199 3307 545 3368 πιστοτάτοις
593 3306 853 3377 ἐθάρρει,
914 3309 1004 3360 καὶ
1053 3313 1311 3362 κατεῖπεν
1342 3313 1398 3361 ἐν
1442 3313 1554 3372 τοῖς
1605 3311 1783 3378 λόγοις

198 3398 299 3465 τῆς
336 3398 564 3466 Πάρθων
604 3400 943 3465 ἀλαζονείας,
989 3405 1056 3454 τὰ
1103 3403 1263 3471 ὃμοια
1313 3403 1784 3471 συμϐουλεύοντας

200 3492 294 3541 καὶ
319 3492 514 3552 αὐτοὺς
545 3492 818 3560 εὑρίσκει’
853 3494 946 3546 καί
990 3495 1097 3562 γὰρ
1125 3493 1356 3565 ηὔχοντο
1388 3496 1653 3556 κάκεῖνοι,
1683 3495 1783 3563 τῆς

206 3585 306 3650 μὲν
350 3583 627 3650 Παρθικῆς
657 3583 1037 3650 ἀπαλλαγῆναι
1088 3585 1426 3651 τυραννὶδος,
1469 3586 1526 3648 ἐξ
1557 3586 1786 3654 αἵματος

201 3675 259 3725 δὲ
307 3672 507 3724 οίκείου
556 3673 649 3740 τὴν
695 3673 919 3741 Περσῶν
972 3674 1097 3725 ἰδεῖν
1133 3676 1382 3739 ἐξουσίαν
1437 3676 1780 3745 ίθυνομένην.

203 3765 548 3832 Ψηφίςονται
585 3765 714 3828 γοῦν
744 3764 932 3835 ὥσπερ
965 3768 1064 3836 τῆς
1100 3768 1292 3838 βουλῆς
1324 3771 1589 3838 ἡγεμόνα,
1645 3767 1787 3820 οὕτω

205 3861 300 3915 καὶ
333 3859 441 3910 τῶν
473 3857 726 3928 πράξεων
759 3861 940 3919 αὐτιῖς
987 3861 1237 3926 γενέσθαι
1271 3861 1360 3912 τὸν
1407 3862 1785 3930 Ἀρτασείραν,

208 3950 306 4000 καιι
327 3950 638 4016 πέμπουσιν
662 3949 930 4014 ἀγγέλους
959 3950 1091 4018 πρὸς
1134 3950 1496 4020 Ἀρταϐάνην,
1529 3953 1787 4019 ἐκστῆναι

208 4041 609 4110 παραινοῦντες
660 4043 752 4108 τῆς
800 4042 1074 4110 βασιλείας
1126 4044 1292 4112 χωρὶς
1369 4042 1635 4096 κινδύνων
1693 4045 1788 4096 καὶ

207 4135 320 4187 τῶν
350 4134 524 4187 ἄλλων
556 4135 618 4186 ὲκ
643 4134 735 4185 τοῦ
764 4134 1001 4202 πολέμου
1031 4137 1436 4204 συμϐαινόντων
1471 4139 1677 4191 κακῶν.
1729 4137 1786 4188 ’0

206 4224 266 4275 δὲ
305 4223 438 4292 πρὸς
465 4224 524 4275 τὸ
555 4226 752 4276 οἰκεῖον
777 4224 1086 4291 ἀνενεγκὼν
1116 4228 1425 4296 μάντευμα.
1480 4231 1570 4280 καί
1598 4227 1788 4296 χρόνον

207 4315 312 4382 τὴν
362 4316 602 4385 κεφαλὴν
656 4318 956 4383 ὲπικλίνας,
1000 4318 1317 4388 ἀπράκτους
1356 4323 1453 4387 μὲν
1511 4322 1635 4384 τοὺς
1687 4323 1791 4373 ἀπ-

210 4404 582 4473 εσταλμένους
617 4412 926 4478 ἐκπέμπει,
973 4410 1260 4461 ἐπαπειλεῖ
1314 4411 1389 4471 δὲ,
1419 4411 1491 4472 ὡς
1530 4413 1576 4462 εἰ
1634 4413 1791 4465 πάλιν

211 4496 458 4551 τοιοῦτόν
501 4515 553 4550 τι
601 4500 1041 4567 ἀπαγγελοῦντες.
1079 4502 1387 4556 ἐλεύσονται

217 4586 454 4657 πρώτων
503 4588 597 4652 τὰς
632 4589 731 4658 τῆς
775 4589 986 4659 ὕϐρεως
1032 4593 1260 4661 λήψεται
1304 4593 1478 4658 δίκας.
1511 4597 1691 4666 Ζηκας
1722 4591 1787 4666 ἦν

214 4682 318 4736 καὶ
346 4681 590 4751 Καρίνας
621 4683 806 4746 αὐτοῖς
830 4684 897 4735 τὰ
930 4685 1192 4752 ὀνόματα.

291 4773 368 4826 Γ’.
396 4776 504 4828 Καὶ
521 4777 964 4845 ὑποστρέψαντες
997 4776 1430 4845 ἀπαγγέλλουσιν
1467 4779 1794 4850 Ἀρτασείρα

217 4869 318 4920 καὶ
351 4869 460 4930 τοῖς
505 4869 733 4930 λοιποῖς,
784 4871 884 4920 ὅσα
914 4871 940 4921 ὁ
973 4869 1224 4939 βασιλεὺς
1257 4870 1377 4924 εἴττέ
1419 4889 1475 4924 τε
1509 4875 1600 4926 καὶ
1634 4875 1795 4940 ἠπει-

219 4962 448 5030 λήσατο.
478 4959 607 5013 Εἶτα
634 4965 1021 5030 συγκροτεῖται
1082 4968 1171 5016 καὶ
1204 4967 1332 5034 παρ’
1373 4966 1649 5036 ἑκατέροις
1688 4965 1791 5017 πό-

220 5054 412 5122 λεμος.
442 5055 577 5124 Πρὶν
627 5055 659 5124 ἢ
712 5055 768 5107 δὲ
821 5056 1161 5126 συρραγῆναι
1209 5057 1396 5109 τοῦτον
1443 5057 1795 5129 Ἀρτασείρας

220 5143 472 5211 πέμψας’
518 5146 638 5210 ἄγει
694 5145 791 5216 τὴν
836 5145 1236 5215 ’Λρταδούκταν
1276 5149 1406 5217 πρὸς
1441 5148 1651 5209 ἑαυτὸν,
1706 5147 1798 5199 καὶ

221 5237 429 5302 ταύτην
459 5236 515 5284 ὲν
550 5238 901 5308 ἰσχυρωτάτῳ
933 5240 1176 5308 φρουρίῳ
1207 5242 1344 5305 μετὰ
1373 5241 1467 5308 τῆς
1491 5241 1673 5300 οὐσίας
1701 5240 1799 5290 αυ-

223 5344 321 5381 του
368 5329 545 5397 πάσης
592 5331 933 5400 καθίστησιν.
997 5331 1084 5394 Ὠς
1122 5332 1178 5384 δὲ
1232 5334 1310 5396 εἰς
1355 5336 1541 5403 χεῖρας
1594 5332 1700 5385 τῶν
1740 5351 1798 5384 τε

228 5421 459 5488 Περσῶν
493 5418 583 5472 καί
610 5420 715 5472 τῶν
753 5423 982 5492 Πάρθων
1009 5426 1064 5476 αξ
1095 5425 1352 5493 δυνάμεις
1387 5425 1666 5493 συνῆλθον,
1709 5427 1799 5477 πί-

230 5529 427 5562 πτουσι
462 5514 558 5582 μὲν
593 5514 931 5583 ἑκατέρωθεν
975 5518 1214 5568 πλεῖστοι
1243 5534 1254 5546 ’
1285 5517 1556 5585 ἀπέϐλεψε
1583 5517 1637 5569 δὲ
1665 5520 1801 5588 πρὸς

227 5604 325 5655 τὸν
358 5603 710 5674 ’Δρτατείραν
745 5605 940 5674 ἠνίκη.
971 5609 1237 5678 Δευτέρας
1264 5610 1317 5662 δὲ
1348 5611 1617 5680 συμϐολῆς
1652 5628 1803 5677 γενο-

236 5697 427 5763 μένης,
483 5699 542 5746 το
593 5702 688 5766 μὲν
736 5698 1008 5765 Παρθικὸν
1038 5701 1111 5765 τῷ
1164 5703 1406 5773 πολεμίῳ
1460 5704 1802 5774 κατακρατος

231 5788 554 5857 ανηλίσκιτο
590 5790 747 5859 ξίφει,
782 5796 856 5856 ei;
888 5794 1062 5862 φυγὴν
1172 5799 1261 5849 καὶ
1288 5797 1440 5860 ειεζτὸς
1463 5784 1803 5868 ἴᾹρτςιγὸᾗηιης,

1847 559 2026 618 astris,
2055 566 2110 610 et
2140 571 2205 610 ex
2235 555 2341 608 illis
2363 553 2566 622 aliquid
2587 552 3078 614 animadvertisset,
3103 565 3223 604 cum
3256 565 3424 604 uxore

1849 649 2125 704 dormiens
2161 648 2213 700 iu
2261 645 2632 710 tabernaculo,
2665 645 2714 698 ei
2752 643 2886 697 dixit
2917 661 2929 697 :
2960 641 3034 694 Ex
3065 642 3151 699 iis.
3185 656 3304 710 qua:
3339 655 3425 694 me

1849 742 2048 795 docent
2081 753 2276 792 cursus
2326 746 2621 800 astrorum,
2667 735 2708 788 si
2743 734 2864 803 quis
2899 733 2951 786 in
2999 733 3248 801 prseseuti
3283 740 3424 784 tem-

1851 849 1984 900 pore
2013 833 2307 886 meditetur
2357 830 2815 883 insurreetionem
2856 829 3115 882 adversus
3145 841 3298 879 suum
3331 825 3428 877 do-

1855 927 2084 988 minum,
2139 926 2226 979 ille
2272 923 2514 992 quidem,
2556 932 2615 976 ut
2645 921 2903 984 arbitror,
2939 935 3046 973 non
3085 916 3434 972 l'rustrabitur

1855 1033 1954 1072 suo
1990 1032 2159 1084 scopo
2189 1024 2241 1070 et
2273 1014 2566 1069 desiderio.

1927 1109 1987 1162 ll.
2021 1107 2147 1162 Haec
2171 1122 2294 1161 eum
2338 1107 2584 1169 dixisset,
2619 1118 2916 1158 conversus
2947 1111 3028 1154 est
3059 1101 3122 1153 ad
3154 1110 3430 1153 somnum.

1861 1200 1975 1255 Uua
2011 1210 2189 1254 autem
2232 1215 2294 1253 ex
2343 1200 2409 1251 iis
2473 1213 2594 1266 quae
2648 1195 2962 1250 serviebant
3001 1195 3219 1253 reginae.
3262 1206 3324 1242 ex
3370 1190 3437 1242 iis

1827 1292 1829 1294 ’
1860 1301 1984 1345 nata
2042 1292 2132 1359 qui
2174 1300 2329 1344 erant
2366 1290 2559 1343 illustri
2594 1302 2815 1358 genere.
2851 1297 3166 1354 corpoream
3205 1282 3438 1334 habebat

1860 1385 2317 1437 consuetudinem
2348 1398 2470 1436 cum
2513 1380 2744 1452 quodam
2785 1394 2845 1432 ex
2879 1378 2945 1432 iis
2989 1377 3079 1445 qui
3114 1376 3318 1445 primos
3347 1374 3443 1443 goi-

1863 1474 2056 1527 rebant
2101 1474 2469 1542 magistratus,
2512 1472 2602 1540 qui
2639 1472 2904 1541 originem
2952 1467 3169 1537 quidem
3208 1465 3442 1518 ducebat

1862 1582 1925 1621 ex
1979 1567 2236 1636 Assyriis,
2282 1566 2578 1619 vocabatur
2624 1572 2805 1618 autem
2837 1563 3128 1615 Artasiras.
3167 1557 3270 1612 Hic
3299 1573 3444 1627 Saepe

1865 1659 2085 1726 quidem
2114 1658 2255 1728 apud
2289 1673 2346 1712 se
2378 1657 2562 1711 animo
2603 1655 2966 1710 meditabatur
2993 1651 3354 1724 tyrannidem,
3389 1659 3446 1704 et

1865 1765 1987 1803 cum
2021 1749 2086 1802 iis
2118 1751 2208 1818 qui
2246 1765 2309 1804 ex
2343 1749 2531 1802 amicis
2563 1757 2718 1802 erant
2776 1745 3074 1800 ﬁdelissimi
3125 1743 3254 1796 illud
3285 1757 3440 1796 arca-

1869 1854 1999 1891 num
2042 1838 2482 1893 communicabat
2514 1856 2525 1890 :
2561 1838 2611 1892 id
2649 1846 2830 1891 autem
2870 1836 2936 1890 ad
2986 1834 3240 1889 elTectum
3271 1832 3442 1888 dedu-

1868 1947 1992 1986 cere
2024 1931 2332 1996 diﬂ‘erebat,
2363 1931 2505 2000 quod
2534 1932 2750 1984 timeret
2774 1946 2843 1983 ne
2874 1945 2961 1984 res
2993 1927 3333 1982 succederet.
3369 1924 3441 1978 Ea

1868 2041 2023 2094 ergo,
2053 2026 2188 2079 clam
2208 2039 2423 2094 egressa
2456 2040 2484 2076 e
2509 2023 2880 2082 tabernaculo.
2909 2032 3075 2076 totam
3103 2036 3213 2075 rem
3243 2021 3447 2073 indicat

1870 2118 2147 2182 Artasiraz,
2200 2128 2254 2171 et
2318 2117 2381 2170 ad
2431 2132 2568 2186 opus
2616 2117 2841 2180 excitat,
2886 2116 3212 2185 promissum
3258 2113 3325 2166 ab
3380 2128 3448 2166 eo

1868 2211 2110 2282 exigens,
2134 2217 2213 2273 ut,
2251 2210 2295 2263 si
2329 2209 2652 2264 Parthorum
2690 2210 2927 2278 potiatur
2959 2206 3206 2276 imperio,
3243 2219 3361 2259 eam
3394 2211 3450 2258 et

1868 2302 1993 2357 vitae
2025 2303 2221 2357 habeat
2251 2302 2478 2366 sociam,
2543 2311 2598 2354 et
2633 2316 2754 2354 cum
2787 2316 2849 2354 ea
2886 2315 3107 2369 regnum
3141 2308 3194 2352 et
3228 2299 3452 2351 nomine

1872 2403 1928 2446 et
1976 2409 2036 2447 re
2081 2393 2306 2450 dividat.
2340 2392 2434 2447 Ille
2467 2401 2644 2449 autem
2678 2398 2932 2460 prompto
2965 2398 3020 2442 et
3064 2389 3229 2442 alacri
3269 2388 3452 2439 animo

1869 2485 2082 2552 juravit
2143 2485 2275 2537 deos
2308 2483 2515 2552 patrios
2549 2500 2562 2534 :
2595 2492 2649 2536 et
2685 2497 2806 2551 quin
2846 2481 3043 2550 iuravit
3065 2478 3336 2548 pollicitus
3369 2485 3453 2531 est

1880 2578 2040 2630 linem
2073 2588 2384 2645 acceptura.
2411 2589 2535 2628 cum
2570 2577 2804 2644 primum
2840 2589 2931 2627 rex
2970 2573 3134 2628 fuerit
3165 2570 3452 2625 renuntia-

1875 2679 1980 2724 tus.
2006 2668 2140 2722 Cum
2174 2669 2288 2722 haec
2322 2668 2581 2737 petiisset.
2627 2676 2680 2721 et
2724 2667 2884 2720 [idem
2921 2665 2988 2719 ab
3019 2679 3082 2717 eo
3132 2663 3451 2732 accepisset,

1874 2777 2104 2834 propere
2140 2763 2372 2816 recurrit
2407 2761 2458 2814 in
2497 2761 2704 2830 regium
2755 2758 3188 2821 tabernaculum,
3227 2768 3286 2812 ut
3319 2757 3454 2811 latc-

1878 2866 1979 2916 ret,
2015 2855 2308 2925 diligenter
2337 2856 2652 2924 providens.
2672 2853 2880 2908 Mulieri
2910 2863 3088 2906 autem
3115 2866 3314 2905 nomen
3340 2859 3458 2904 erat

1879 2948 2194 3001 Artadueta.
2230 2945 2503 2999 Artasiras
2523 2960 2672 3012 ergo,
2709 2943 2952 2996 mulieris
2993 2941 3244 2995 nuntium
3274 2939 3457 2993 animo

1878 3039 2113 3108 agitans,
2145 3047 2336 3106 captus
2360 3047 2476 3091 erat
2504 3035 2811 3090 vehementi
2842 3033 3104 3105 regnandi
3136 3032 3410 3086 desiderio
3441 3050 3454 3086 :

1880 3139 2087 3184 etcum
2153 3131 2458 3197 collegisset
2505 3145 2569 3184 ex
2615 3128 2796 3183 Persis
2840 3136 2894 3182 et
2943 3129 3176 3194 Assyriis
3227 3141 3320 3180 eos
3363 3127 3457 3192 qui

1885 3224 2146 3294 gerebant
2187 3222 2554 3292 magistratus,
2600 3222 2818 3290 quibus,
2861 3228 3051 3290 utpote
3108 3217 3456 3276 fidelissimis.

1886 3315 2192 3370 conﬁdebat
2226 3313 2476 3374 maxime.
2512 3322 2567 3367 et
2599 3313 2652 3366 in
2680 3328 2775 3367 sua
2823 3313 2888 3366 ad
2941 3328 3034 3366 eos
3089 3313 3337 3364 oratione
3405 3309 3458 3364 in

1887 3414 2123 3467 medium
2144 3412 2457 3464 adduxisset
2480 3409 2801 3464 Parthorum
2836 3408 3226 3478 arrogantiam,
3255 3406 3465 3461 invenit

1887 3520 1982 3560 eos
2010 3517 2226 3573 quoque
2273 3502 2470 3555 similia
2501 3502 2860 3555 consulentes.
2904 3499 3115 3554 Etenim
3148 3500 3218 3552 illi
3250 3514 3466 3567 quoque

1888 3597 2149 3666 optabant
2182 3612 2210 3648 a
2263 3594 2515 3650 Parthica
2555 3593 2774 3662 quidem
2813 3591 3030 3646 liberari
3077 3591 3400 3663 tyrannide:
3435 3605 3468 3646 ιι

1887 3703 1988 3741 Suo
2011 3696 2188 3739 autem
2208 3688 2473 3756 sanguine
2500 3687 2683 3741 videre
2703 3687 2810 3756 regi
2838 3686 3120 3738 Persarum
3149 3684 3462 3752 imperium.

1889 3777 2199 3830 Decernunt
2250 3777 2450 3843 itaque,
2502 3784 2558 3828 ut
2601 3775 2875 3843 quomodo
2911 3775 3142 3837 consilii,
3194 3775 3268 3827 ita
3300 3773 3467 3827 etiam

1890 3885 2073 3923 rerum
2114 3869 2352 3937 ipsarum
2393 3867 2751 3938 gerendarum
2794 3875 2936 3920 esset
2970 3867 3076 3920 dux
3123 3875 3176 3920 et
3216 3865 3469 3934 princeps

1888 3962 2198 4015 Artasiras:
2235 3969 2288 4014 et
2323 3961 2550 4013 mittunt
2603 3960 2824 4013 nuntios
2874 3959 2939 4012 ad
2987 3960 3341 4018 Artabanem,
3385 3972 3470 4009 ro-

1890 4063 2078 4124 gantes
2113 4063 2169 4106 ut
2210 4071 2238 4107 e
2272 4069 2438 4123 regno
2470 4056 2754 4107 excederet
2792 4058 2908 4106 sine
2950 4051 3212 4121 periculo,
3244 4063 3299 4103 et
3345 4049 3470 4102 aliis

1893 4145 2066 4209 malis,
2115 4158 2234 4214 quae
2279 4159 2309 4197 e
2363 4140 2505 4198 bello
2545 4144 2825 4198 eveniunt.
2869 4143 2961 4198 llle
3000 4151 3184 4196 autem
3238 4155 3360 4194 cum
3402 4143 3471 4195 ad

1890 4252 2042 4291 suam
2074 4237 2465 4313 divinationem
2495 4247 2548 4292 et
2577 4248 2792 4307 tempus
2819 4246 2982 4306 caput
3004 4236 3340 4294 inclinasset.
3375 4248 3471 4289 eos

1892 4330 2110 4400 quidem
2142 4329 2229 4400 qui
2264 4329 2411 4384 missi
2445 4330 2661 4385 fuerant
2707 4330 2927 4382 dimittit
2960 4345 3016 4382 re
3058 4327 3254 4381 infecta
3285 4345 3296 4379 :
3335 4341 3473 4395 pra-

1895 4432 2041 4476 terea
2064 4432 2240 4476 autem
2279 4423 2537 4481 minatur.
2573 4422 2738 4490 quod,
2773 4421 2816 4474 si
2840 4421 2942 4474 tale
2976 4421 3103 4491 quid
3138 4418 3390 4475 venerint
3420 4420 3472 4471 ei

1410 4545 1422 4566 .
1466 4504 1558 4556 ἀπ’
1610 4506 1787 4580 αὐτῶν
1823 4517 1863 4569 D
1897 4529 2082 4566 rursus
2116 4513 2439 4570 nuntiaturi.
2474 4520 2654 4566 sumet
2684 4512 2917 4582 primum
2959 4526 3147 4582 poenas
3176 4511 3240 4567 dc
3281 4524 3470 4564 eorum

1895 4604 2251 4660 contumelia.
2282 4601 2450 4657 Zecas
2478 4612 2531 4657 et
2564 4602 2806 4658 Carenas
2835 4611 2990 4656 erant
3015 4602 3095 4654 eis
3122 4602 3362 4658 nomina.

1971 4788 2055 4844 Ill.
2108 4787 2328 4840 Reversi
2373 4797 2551 4839 autem
2590 4783 2908 4839 renuntiant
2953 4780 3211 4834 Artasira:
3252 4790 3307 4835 et
3344 4779 3470 4834 reli-

1897 4885 2021 4951 quis
2053 4897 2112 4934 ea
2146 4898 2264 4950 qua:
2296 4897 2389 4933 rex
2425 4880 2631 4933 dixerat
2671 4887 2725 4932 et
2777 4875 3014 4928 minatus
3049 4873 3244 4928 fuerat.
3268 4871 3470 4932 Deinde

1900 4973 2098 5028 bellum
2149 4973 2216 5025 ab
2271 4971 2375 5024 illis
2427 4981 2789 5038 comparatur.
2856 4965 3176 5034 Priusquam
3233 4978 3360 5016 vero
3421 4965 3473 5020 id

1899 5072 2232 5134 erumperet,
2267 5063 2414 5116 misit
2439 5061 2732 5124 Artasiras,
2760 5059 2851 5127 qui
2884 5058 2949 5111 ad
2982 5073 3040 5111 se
3068 5057 3290 5110 duceret
3320 5058 3478 5112 Arta:-

1901 5158 2162 5211 duclam:
2205 5165 2258 5208 et
2300 5168 2418 5206 eam
2459 5152 2510 5204 in
2569 5153 2899 5208 validissimo
2953 5150 3182 5204 collocat
3223 5147 3475 5218 praasidio

1902 5268 2023 5306 cum
2055 5249 2308 5303 omnibus
2340 5248 2456 5300 suis
2502 5245 2868 5300 facultatibus.
2909 5242 3042 5297 Cum
3075 5250 3252 5294 autem
3283 5239 3473 5293 Persa-

1904 5359 2021 5396 rum
2081 5352 2134 5395 et
2177 5339 2500 5394 Parthorum
2565 5337 2731 5406 copia:
2773 5350 2965 5388 manus
3028 5333 3472 5393 conscruisseut.

1905 5436 2160 5503 utrinque
2217 5433 2436 5501 quidem
2505 5431 2706 5483 cadunt
2756 5427 2974 5496 plurimi
3009 5446 3022 5480 :
3060 5427 3126 5480 ad
3174 5424 3474 5480 Artasiram

1904 5536 2085 5580 autem
2126 5525 2332 5591 aspexit
2365 5522 2610 5576 victoria.
2661 5519 2912 5573 Secundo
2957 5529 3137 5573 autem
3187 5516 3478 5572 commisso

1908 5617 2109 5687 prmlio,
2134 5614 2320 5669 Parthi
2359 5614 2576 5683 quidem
2615 5628 2711 5682 per
2741 5611 2847 5664 vim
2868 5612 2934 5665 ab
2967 5612 3143 5664 hostili
3169 5624 3298 5662 ense
3325 5607 3479 5662 here

1907 5705 2237 5776 consumpti,
2295 5706 2347 5758 iu
2384 5704 2560 5774 fugam
2612 5715 2792 5758 autem
2828 5717 3013 5756 versus
3046 5701 3143 5754 fuit
3177 5702 3287 5770 ipse
3319 5701 3480 5754 Arta—

1911 5806 2091 5858 banes.
2123 5799 2256 5856 Cum
2301 5814 2355 5854 se
2385 5808 2568 5853 autem
2609 5811 2794 5851 rursus
2824 5795 3148 5866 collegisset,
3186 5804 3238 5848 et
3272 5793 3336 5847 ad
3369 5791 3480 5848 bel-
