4188 6436
779 390 881 458 947

2003 406 2284 468 MENSIS
2322 408 2410 466 SE
2421 409 2611 467 PTEM
2624 409 2788 468 BER.

3921 418 4031 483 948

786 507 895 559 lum
929 509 1225 575 gerendum
1260 526 1444 567 rursus
1481 516 1747 586 coegisset
1777 521 1983 584 c0pias,
2006 522 2187 577 animo
2217 536 2348 575 con-

2458 522 2652 591 ἐχώρει
2676 536 2690 551 °
2726 521 3038 575 Ἀναλαϐὼν
3072 523 3125 575 δὲ
3160 523 3317 576 πάλιν
3342 501 3665 589 εαυτδνηιαὶ
3701 533 4034 597 συναγαγὼν

782 595 913 649 fidit.
970 596 1235 653 Caeterum
1292 610 1465 658 totum
1526 620 1729 660 annum
1781 609 2070 679 aliquando
2120 613 2340 682 quidem

778 689 959 747 Persis
1006 706 1190 750 contra
1254 697 1507 766 Parthos,
1564 703 1854 772 aliquando
1902 718 2083 762 autem
2128 708 2345 764 Parthis

777 785 1039 841 adversus
1068 787 1264 845 Persas
1294 794 1710 851 ostendentibus
1744 798 1914 853 multa
1952 800 2190 854 audaciae
2215 801 2348 857 faci-

776 892 908 931 nora
940 888 993 933 et
1024 880 1143 934 belli
1176 884 1542 951 experientia).
1581 903 1702 941 eum
1758 900 2031 959 postremo
2064 892 2346 961 utriusque

778 973 950 1037 partis
1001 973 1146 1027 acies
1177 989 1346 1043 prope
1396 991 1601 1040 essent.
1635 982 1786 1035 aiunt
1818 984 2115 1038 Artasiram
2147 985 2345 1040 dixisse

778 1063 1035 1118 Artabani
1070 1067 1202 1135 regi,
1234 1083 1301 1121 ne
1338 1078 1538 1125 temere
1569 1072 1791 1137 faceret,
1828 1085 1881 1129 et
1907 1076 2158 1144 perderet
2185 1092 2346 1146 gene-

779 1162 835 1205 ra
884 1152 1167 1211 Persarum
1216 1166 1271 1211 et
1320 1160 1643 1217 Parthorum
1676 1181 1692 1218 :
1723 1182 1945 1235 regnum
2001 1169 2145 1223 enim
2204 1172 2345 1226 nolle

778 1245 1032 1314 deinceps
1063 1264 1284 1303 manere
1313 1252 1453 1321 apud
1492 1255 1840 1319 Artabanem,
1883 1260 1975 1312 sed
2010 1261 2237 1315 transire
2275 1263 2343 1317 ad

778 1337 1096 1391 Artasiram.
1133 1338 1211 1393 Tu
1242 1352 1421 1397 autem
1447 1384 1463 1409 ,
1511 1346 1707 1415 inquit,
1740 1348 1783 1401 si
1823 1365 1906 1404 me
1946 1352 2153 1416 audias,
2194 1353 2344 1408 vives

776 1426 914 1479 citra
952 1427 1112 1481 ullam
1160 1432 1483 1486 molestiam.
1528 1434 1672 1489 Dabo
1716 1440 1859 1491 enim
1910 1440 2005 1493 tibi
2046 1441 2342 1511 regionem,

776 1528 895 1585 quae
922 1516 1126 1573 affatim
1162 1524 1529 1591 suppeditabit
1560 1528 1737 1581 omnia
1791 1544 1909 1598 qua;
1939 1532 2006 1586 ad
2040 1548 2194 1585 usum
2224 1530 2361 1603 per?

780 1604 971 1658 tinent.
1021 1604 1246 1675 Oportet
1288 1621 1469 1668 autem
1518 1631 1623 1669 non
1669 1617 1776 1670 alio
1844 1633 2005 1686 quam
2057 1621 2230 1689 teipso
2271 1622 2345 1675 uti

777 1694 1033 1763 magistro
1062 1698 1179 1765 ejus
1206 1702 1347 1769 quod
1380 1713 1462 1756 est
1516 1705 1666 1767 utile,
1697 1714 1748 1759 et
1778 1708 2089 1763 meminisse
2120 1725 2349 1777 respon-

776 1782 818 1833 si
865 1784 1009 1850 quod
1059 1786 1353 1855 aliquando
1414 1792 1612 1860 reginae
1650 1792 1832 1847 dixisti
1874 1794 1927 1846 in
1976 1795 2342 1849 tebernaculo.

775 1872 878 1926 Sed
916 1874 1030 1928 haec
1066 1876 1283 1943 quidem
1315 1882 1603 1935 Artasiras.

847 1967 935 2021 IV.
972 1968 1275 2024 Artabanes
1308 1982 1488 2027 autem
1523 1976 1671 2044 prius
1700 1979 1967 2047 aspiciens
1994 1980 2059 2033 ad
2080 1980 2340 2048 quosdam

776 2076 902 2115 suos
926 2060 1257 2118 familiares:
1290 2066 1460 2131 Quam
1487 2070 1664 2137 gravis
1700 2086 1787 2126 res
1816 2081 1919 2135 est,
1957 2074 2155 2141 inquit,
2188 2073 2343 2127 femi-

778 2167 862 2205 na.
888 2154 1055 2207 Amor
1076 2157 1312 2225 conjugii
1340 2159 1517 2226 potius
1551 2160 1944 2231 lazserit,quam
1973 2165 2194 2233 juverit.
2219 2164 2343 2219 llaec

776 2260 897 2297 eum
922 2244 1169 2307 dixisset.
1189 2246 1341 2317 jubet
1363 2252 1594 2305 transire
1620 2254 1903 2319 quemdam
1918 2270 1981 2307 ex
1997 2255 2339 2322 satellitibus,

774 2346 827 2389 et
855 2337 1161 2391 interﬁcere
1191 2340 1453 2409 reginam.
1489 2340 1847 2397 Existimabat
1879 2349 2023 2397 enim
2055 2360 2172 2399 eam
2213 2362 2342 2415 pros-

774 2428 979 2482 didisse
1011 2440 1307 2484 secretum.
1351 2432 1661 2487 Conversus
1700 2442 1879 2487 autem
1912 2435 1978 2488 ad
2020 2436 2339 2503 Artasiram,

774 2520 1051 2588 respondit
1084 2536 1201 2575 esse
1235 2523 1335 2576 sibi
1363 2523 1518 2591 longe
1546 2524 1835 2592 Optabilius
1860 2527 2017 2588 mori,
2046 2542 2205 2596 quam
2238 2526 2342 2581 Ar-

775 2611 974 2673 tasirze,
1011 2612 1103 2682 qui
1132 2623 1254 2667 erat
1286 2628 1501 2681 servus,
1558 2631 1727 2685 regno
1775 2617 1988 2670 cedere.
2014 2616 2144 2682 Quae
2183 2619 2339 2672 simul

773 2713 934 2773 atque
961 2706 1206 2769 dixisset,
1266 2708 1456 2760 insane
1484 2717 1535 2761 et
1577 2708 1893 2763 bacchantis
1925 2724 2074 2764 more
2107 2710 2264 2763 irruil
2287 2710 2339 2762 in

776 2791 992 2859 Persas,
1062 2806 1116 2850 et
1159 2810 1224 2849 ex
1258 2797 1339 2849 eis
1372 2798 1589 2865 quidem
1636 2800 1836 2852 multos
1882 2800 2109 2861 sauciat,
2162 2800 2343 2866 plures

773 2890 953 2941 autem
995 2886 1193 2940 occidit
1229 2906 1240 2940 :
1282 2887 1464 2957 dirigit
1490 2904 1617 2941 vero
1652 2891 1815 2942 etiam
1845 2891 2053 2943 hastam
2080 2888 2342 2942 adversus

774 2979 1088 3033 Artasiram.
1127 2978 1223 3045 llle
1256 2988 1437 3033 autem
1474 2980 1747 3050 (habebat
1774 2982 1919 3035 enim
1955 2997 2148 3036 manus
2180 2980 2342 3050 sagit-

772 3068 923 3122 tandi
954 3068 1173 3137 peritas,
1202 3078 1255 3123 et
1285 3086 1403 3138 qua:
1430 3071 1532 3125 hac
1563 3072 1614 3126 in
1648 3088 1705 3127 re
1744 3064 1959 3141 semper
2001 3085 2189 3140 magna
2217 3085 2339 3124 cum

772 3157 931 3211 laude
983 3157 1358 3228 versabantur)
1409 3159 1588 3230 fugam
1638 3161 1856 3228 quidem
1912 3158 2151 3213 simulat.
2204 3157 2336 3212 Dum

2452 612 2685 681 δύναμιν
2750 614 2827 673 είς
2888 612 2949 664 τὸ
3004 614 3284 681 πολεμεῖν,
3336 616 3677 684 ἀνεθάρσησε
3748 620 3846 671 καὶ
3908 622 4032 672 διον

2447 702 2713 763 ἐνιαυτὸν,
2767 703 2839 770 πῇ
2884 700 2984 769 μὲν
3040 702 3290 769 Περσῶν,
3357 706 3432 773 πῇ
3483 704 3535 757 δὲ
3588 706 3819 774 Πάρθων
3854 709 4032 761 πολλὰ

2447 792 2567 844 κατ’
2593 789 2837 858 ἀλλήλων
2861 791 2997 862 ἔργα
3044 791 3247 861 τόλμης
3274 809 3330 843 τε
3364 788 3457 844 καὶ
3493 796 3786 862 ἐμπειρίας
3822 797 4033 848 bacat-

2447 878 2751 949 κνυμένων,
2781 880 2966 950 ἐπειδὴ
2996 882 3055 931 τὸ
3079 881 3383 933 τελευταῖον
3405 884 3459 933 αἱ
3497 886 3831 951 παρατάξεις
3859 889 4031 951 ὲγγῐις

2447 971 2710 1039 ἐκατέρου
2742 972 2940 1039 μέρους
2966 970 3235 1039 ἐγένοντο,
3270 974 3435 1041 φασὶν
3478 974 3844 1043 Ἀρτασείραν
3891 978 4030 1039 πρὸς

2459 1062 2802 1132 Ἀρταϐάνην
2841 1065 3016 1115 εἰπεῖν
3055 1064 3145 1116 τὸν
3182 1065 3441 1134 βασιλέα,
3490 1068 3564 1135 μὴ
3597 1067 3776 1135 μάτην
3818 1072 4028 1129 πονεῖν,

2445 1156 2539 1206 καὶ
2578 1154 2818 1224 φθείρειν
2847 1155 2916 1206 τὰ
2950 1156 3176 1225 Περσῶν
3206 1172 3267 1208 τε
3303 1157 3397 1209 καὶ
3440 1157 3665 1226 Πάρθων
3710 1160 3884 1224 γένη·
3932 1159 4028 1225 τὴν

2446 1247 2553 1316 γὰρ
2584 1247 2859 1315 βασιλείαν
2888 1247 2987 1299 οὐκ
3018 1248 3330 1319 Ἀρταδάνη
3374 1249 3558 1301 λοιπὸν
3611 1250 3818 1302 ἐθέλειν
3851 1266 4029 1316 πείρας

2449 1338 2654 1405 μένειν,
2704 1336 2818 1391 ἀλλ’
2876 1340 2955 1399 εἰς
3004 1338 3368 1409 Ἀρτασείραν
3426 1340 3805 1408 μεταϐαίνειν.
3852 1340 3925 1389 Συ
3974 1338 4027 1388 δὲ

2447 1424 2663 1497 βιώσεις
2686 1426 2926 1488 ἀλύπως,
2954 1426 3021 1496 ἢν
3041 1429 3161 1495 ἐμοὶ
3183 1428 3364 1498 πείθῃ,
3388 1428 3549 1480 δώσω
3572 1431 3679 1497 γάρ
3706 1444 3789 1479 σοι
3818 1427 4026 1495 χώραν,

2444 1517 2681 1586 δαψιλῶς
2719 1519 2785 1570 τὰ
2838 1518 2974 1587 πρὸς
3029 1519 3128 1586 τὴν
3176 1520 3365 1587 χρείαν
3414 1519 3591 1571 πάντα
3626 1520 4020 1587 παρέχουσαν·

2443 1608 2522 1660 δεῖ
2547 1609 2600 1661 δὲ
2631 1609 2704 1678 μὴ
2743 1608 3061 1661 διδάσκαλον
3104 1607 3284 1669 ἄλλον,
3323 1607 3454 1660 ἀλλὰ
3493 1608 3713 1659 σεαυτὸν
3746 1606 3845 1660 τοῦ
3888 1623 4024 1672 συμ-

2446 1699 2702 1765 φέροντος
2739 1700 3033 1761 ποιεῖσθαι,
3060 1701 3153 1752 καὶ
3173 1698 3264 1750 τοῦ
3293 1697 3543 1769 χρησμοῦ
3571 1697 3937 1765 μνημονεύειν
3966 1697 4026 1746 δν

2448 1805 2575 1840 ποτε
2611 1790 2752 1841 κατὰ
2792 1792 2890 1859 τὴν
2930 1791 3135 1860 σκηνὴν
3178 1793 3403 1852 ἀνεῖττες
3437 1792 3502 1859 τῇ
3554 1787 3816 1856 βασιλίδι.
3863 1786 4022 1839 Ἀλλὰ

2371 1871 2418 1931 Β
2447 1877 2620 1931 ταῦτα
2650 1881 2747 1945 μὲν
2785 1881 3164 1949 Ἀρτασείρας.

2517 1969 2588 2023 Δ’.
2642 1971 2981 2039 Ἀρταὸάνης
3018 1970 3073 2022 δὲ
3110 1970 3247 2039 πρός
3274 1986 3425 2032 τινας
3471 1972 3577 2023 τῶν
3622 1971 3847 2023 οίκείων
3897 1970 4025 2033 πρός

2444 2075 2598 2127 τερον
2619 2060 2962 2129 ἀποϐλέψας(
2977 2062 3066 2125 Ὠς
3096 2062 3351 2131 χαλεπὸν,
3376 2062 3503 2130 ἔφη,
3541 2062 3697 2129 γυνὴ,
3724 2063 3821 2113 καὶ
3846 2062 3904 2112 τὸ
3928 2061 4020 2126 τῆς

2451 2151 2709 2219 συζυγίας
2774 2152 2998 2222 φίλτρον
3066 2154 3289 2223 βλάψειε
3326 2153 3527 2222 μᾶλλον
3582 2154 3613 2221 ἦ
3681 2152 4015 2221 ὠφελήσειε.

2448 2243 2632 2295 Ταῦτα
2667 2243 2858 2302 εἰπὼν.
2888 2246 2945 2295 ὲν
2975 2244 3112 2313 ὀργῇ
3162 2246 3281 2298 τινὰ
3310 2245 3417 2299 τῶν
3443 2244 3755 2313 δορυφόρων
3808 2243 4016 2294 κελεύει

2442 2332 2707 2385 διαὸἀντα
2752 2333 2965 2385 ἀνελεῖν
2995 2337 3092 2404 τὴν
3149 2335 3432 2403 βασιλίδαο
3476 2335 3683 2403 ταύτην
3722 2334 3833 2404 γὰρ
3882 2334 4018 2403 ῷετο

2443 2426 2695 2495 προδότιν
2736 2425 2830 2478 τοῦ
2881 2427 3130 2497 χρησμοῦ
3161 2427 3511 2497 γεγενῆσθαι.
3542 2427 3939 2493 Ἐπιστραφεὶς
3965 2425 4018 2475 δὲ

2443 2516 2577 2584 πρὸς
2621 2517 2997 2586 Ἀρτασείραν,
3026 2518 3207 2571 θανεῖν
3237 2519 3571 2587 ἁπεκρίνατο
3596 2519 3728 2568 πολὺ
3772 2517 3839 2567 ἂν
3869 2514 4017 2581 αὐτῷ

2450 2608 2648 2676 μᾶλλον
2679 2608 3037 2677 αἱρετώτερον
3066 2610 3173 2676 εἴη,
3208 2610 3239 2677 ἢ
3271 2609 3440 2675 δούλῳ
3466 2624 3528 2673 γε
3556 2607 3668 2658 ὄντι
3698 2606 3775 2673 τῷ
3825 2607 4018 2673 Ἀρταο

2448 2698 2601 2766 σείρᾳ
2646 2696 2744 2764 τῆς
2795 2697 3069 2761 βασιλείας
3118 2697 3541 2766 παραχωρῆσαι.
3592 2694 3695 2749 Καὶ
3750 2698 3866 2764 ἃμα
3911 2697 4020 2759 τοῖς

2444 2786 2619 2853 λόγοις
2664 2790 2802 2840 κατὰ
2856 2787 3079 2857 Περσῶν
3152 2789 3369 2859 ἐφορμᾷ
3424 2788 3775 2858 παράὼκχὸν
3822 2806 3870 2840 τι
3929 2789 4020 2840 καὶ

2448 2880 2696 2947 μανικόι.
2725 2881 2829 2931 Καὶ
2861 2880 3087 2944 πολλοὺς
3130 2882 3230 2951 μὲν
3298 2879 3475 2933 αὐτῶν
3531 2882 3865 2951 τιτρώσκει,
3922 2898 4018 2931 κα-

2443 2970 2697 3023 ταὸάλλει
2724 2972 2779 3022 δὲ
2811 2971 3050 3036 πλείους,
3097 2974 3263 3025 ἰθύνει
3308 2973 3364 3023 δὲ
3395 2974 3486 3026 καὶ
3521 2974 3655 3038 πρὸς
3704 2972 3793 3021 τὸν
3826 2972 4021 3038 ’Δρτα-

2447 3062 2630 3129 σείραν
2656 3061 2715 3110 τὸ
2743 3061 2891 3129 δόρυ.
2929 3061 2988 3113 '0
3023 3062 3077 3114 δὲ
3106 3064 3311 3131 (χεῖρας
3342 3063 3448 3130 γὰρ
3477 3058 3587 3128 εἶχε
3616 3061 3854 3126 τοξεύειν
3887 3066 4019 3128 αγα-

2446 3149 2564 3215 θὰς,
2621 3150 2714 3202 καὶ
2763 3152 2891 3221 περὶ
2941 3150 3097 3203 τοῦτο
3136 3147 3194 3203 εὖ
3235 3151 3379 3221 μάλα
3431 3151 3727 3220 φιλοτίμως
3781 3151 3869 3202 ἀεὶ
3926 3170 4022 3204 πο-

772 3261 894 3304 eum
922 3260 1103 3303 autem
1130 3219 1809 3318 persequiturjArtabanes
1832 3252 2071 3307 immittit
2096 3252 2260 3306 telum
2286 3250 2337 3304 in

2442 3241 2737 3311 νουμένας)
2793 3219 3142 3314 ὑποκρίνεται
3193 3219 3294 3313 μὲν
3333 3219 3663 3313 τὴνφυγὴν,
3713 3247 3923 3313 πέμπει
3969 3247 4021 3297 δὲ

773 3352 963 3409 pectus
993 3348 1214 3410 propter
1238 3342 1585 3396 mammillam
1610 3345 1729 3413 ejus
1751 3344 1842 3414 qui
1894 3344 2339 3413 persequebatur.

771 3432 925 3497 Quod
957 3446 1103 3497 cum,
1126 3432 1194 3486 ob
1216 3433 1359 3487 vires
1388 3434 1505 3503 ejus
1534 3436 1627 3504 qui
1658 3434 1831 3489 fuerat
1858 3435 2146 3502 jaculatus,
2179 3431 2343 3486 susti-

772 3522 890 3577 neri
930 3537 1038 3575 non
1072 3524 1360 3593 potuisset,
1401 3525 1601 3593 rumpit
1636 3525 1891 3576 Artabani
1927 3529 2201 3575 thoracem
2242 3541 2255 3575 :
2288 3529 2343 3574 et

774 3615 1000 3683 trajecto
1031 3625 1267 3684 pectore,
1307 3614 1507 3668 excidit
1561 3630 1591 3668 e
1642 3615 1827 3680 dorso,
1859 3624 1913 3667 et
1946 3622 2118 3667 morte
2162 3613 2340 3667 statim

775 3704 937 3759 allicit
958 3706 1307 3759 Artabanem.
1342 3706 1461 3758 Mox
1490 3709 1668 3757 autem
1701 3704 2089 3759 convenientes
2122 3704 2258 3758 inter
2281 3719 2340 3759 se

774 3795 960 3849 l’arthi
998 3804 1053 3849 et
1104 3795 1305 3860 Persze,
1341 3810 1520 3865 regem
1552 3796 1867 3850 renuntiant
1900 3796 2219 3856 Artasiram,
2248 3794 2339 3861 qui

776 3887 1095 3941 ostendebat
1146 3903 1203 3941 se
1253 3903 1500 3957 magnam
1547 3903 1734 3941 eorum
1776 3902 1977 3956 gerere
2037 3901 2244 3950 curam,
2288 3894 2343 3937 et

776 3992 884 4029 non
917 3993 1137 4046 parvam
1172 3994 1290 4032 esse
1315 3994 1469 4032 suam
1508 3980 1559 4031 in
1591 3994 1684 4032 eos
1716 3978 2129 4033 humanitatem.
2164 3978 2230 4033 Et
2255 3978 2342 4032 ille

776 4070 997 4138 quidem
1025 4084 1145 4123 cum
1171 4069 1248 4123 sic
1271 4084 1329 4123 se
1353 4070 1597 4136 haberet,
1646 4071 1992 4125 Artaductam
2025 4072 2174 4126 dueit
2204 4086 2342 4123 uxo-

776 4178 916 4226 rem,
948 4176 1108 4231 quam
1148 4161 1331 4216 datum
1366 4163 1745 4230 jusjurandum
1782 4165 1829 4217 ei
1859 4164 2009 4233 prius
2035 4163 2340 4231 desponde-

777 4259 863 4305 rat
892 4267 905 4303 :
936 4259 990 4303 et
1019 4265 1137 4303 eam
1178 4252 1325 4319 eligit
1358 4256 1619 4321 reginam.

846 4339 909 4396 V.
940 4340 1149 4396 CuSaro
1198 4351 1381 4394 autem
1423 4343 1709 4396 Artabanis
1749 4342 1934 4408 frater,
1983 4342 2075 4413 qui
2118 4358 2338 4413 regnum

776 4449 983 4503 magna:
1021 4432 1301 4487 obtinebat
1340 4434 1644 4497 Armeniae,
1692 4450 1812 4488 cum
1859 4435 2211 4489 intellexisset
2255 4450 2339 4498 ea,

775 4539 895 4592 qua.
932 4533 1248 4586 evenerant,
1305 4534 1356 4575 et
1386 4525 1527 4590 quod
1559 4527 1624 4579 ad
1668 4525 1859 4581 Persas
1889 4527 1990 4581 fuit
2022 4528 2337 4580 translatum

773 4616 1102 4669 Parthorum
1138 4613 1466 4682 imperium,
1507 4631 1699 4685 magno
1738 4618 1923 4670 dolore
1955 4628 2037 4670 est
2064 4618 2291 4669 affectus
2322 4635 2335 4669 :

776 4715 831 4759 et
861 4705 1041 4759 valido
1095 4714 1283 4758 coacto
1325 4706 1567 4759 exercitu
1613 4721 1677 4759 ex
1712 4706 1934 4760 Albanis
1968 4715 2022 4759 et
2061 4703 2247 4769 lberis,
2286 4715 2341 4759 et

774 4806 1037 4866 prieterea
1065 4810 1128 4849 ex
1156 4796 1387 4858 Hunnis,
1428 4806 1540 4849 toto
1571 4813 1711 4851 anno
1739 4799 2077 4865 comparavit
2123 4814 2185 4852 ea
2218 4814 2339 4868 quae

778 4888 843 4941 ad
880 4888 1080 4942 bellum
1117 4887 1483 4956 pertinebant.
1512 4887 1757 4958 Magnam
1788 4900 1966 4941 autem
2001 4905 2217 4941 manum
2249 4904 2336 4941 se-

780 4995 900 5032 cum
928 4978 1154 5042 ducens,
1189 4980 1589 5048 expeditionem
1636 4980 1861 5048 suscipit
1906 4990 2091 5033 contra
2127 4978 2338 5038 Persas.

780 5081 833 5123 et
854 5070 1364 5138 ipsumArtasiram.
1390 5070 1491 5133 Qui
1519 5084 1698 5124 autem
1731 5070 2016 5125 Persarum
2048 5072 2338 5140 imperium

780 5177 954 5231 nuper
994 5160 1095 5214 sibi
1129 5168 1415 5228 usurparat
1442 5160 1724 5219 Arlasiras,
1757 5162 1841 5214 vel
1874 5162 2071 5214 invitus
2104 5162 2263 5214 struit
2287 5169 2341 5213 et

779 5251 962 5305 educit
987 5249 1157 5303 aciem
1200 5250 1459 5305 adversus
1501 5266 1679 5321 regem
1718 5251 2007 5304 Armeniae.
2047 5251 2127 5303 Fit
2156 5262 2335 5304 autem

780 5345 831 5395 in
864 5341 1048 5410 praelio
1075 5357 1265 5411 magna
1299 5344 1474 5395 caedes
1506 5344 1809 5397 Persarum.
1853 5342 2006 5413 Fugit
2028 5354 2205 5396 autem
2235 5343 2341 5395 Ar-

781 5434 995 5495 tasiras,
1029 5443 1083 5485 et
1115 5434 1295 5487 hostes
1323 5433 1670 5503 insequentes
1702 5437 1947 5488 irruunt:
1979 5445 2031 5487 et
2064 5433 2338 5489 Persidem

777 5531 964 5593 tegunt
998 5525 1315 5593 corporibus
1375 5542 1559 5580 eorum
1595 5528 1686 5595 qui
1727 5526 2189 5581 interficiebantur
2224 5543 2237 5580 :
2287 5537 2339 5579 et

779 5630 900 5667 cum
929 5616 1127 5669 multos
1158 5616 1432 5687 cepissent
1474 5620 1736 5687 captivos,
1788 5634 1909 5671 cum
1954 5633 2077 5687 rege
2119 5634 2217 5672 suo
2250 5634 2336 5673 re-

782 5704 951 5759 deunt
974 5706 1027 5760 in
1058 5707 1391 5771 Armeniam,
1418 5708 1649 5763 dexteris
1684 5711 1895 5763 onustis
1933 5708 2145 5776 opibus.
2180 5707 2337 5761 Anno

782 5804 962 5849 autem
1003 5799 1249 5865 sequenti
1281 5813 1468 5853 rursus
1501 5799 1876 5855 Armeniorum
1905 5800 2011 5871 regi
2042 5800 2093 5853 iu
2128 5798 2332 5871 Syriam

2439 3335 2764 3403 διωκόμενος
2808 3337 2867 3387 τὸ
2893 3336 3042 3405 βέλος
3076 3338 3217 3389 κατὰ
3240 3338 3307 3391 τὰ
3330 3337 3526 3407 στέρνα
3555 3338 3703 3407 παρὰ
3732 3339 3825 3389 τὸν
3852 3340 4021 3405 μαζὸν

2440 3426 2534 3477 τοῦ
2583 3425 2893 3488 διώκοντος,
2939 3427 3035 3477 καὶ
3067 3430 3133 3495 τῇ
3180 3428 3338 3496 ῥώμῃ
3388 3428 3477 3479 τοῦ
3513 3429 3764 3497 βαλόντος
3812 3431 4021 3479 deum.

2443 3534 2635 3569 στατον
2665 3518 2887 3586 γεγονὸς
2907 3559 2921 3582 ,
2951 3519 3040 3569 τόν
3076 3535 3134 3570 τε
3176 3518 3398 3587 θώρακα
3427 3519 3657 3586 ῥήγνυσι
3703 3518 3798 3569 τοῦ
3829 3517 4027 3586 Ἀρτα-

2442 3609 2629 3676 δάνον,
2679 3611 2771 3662 καὶ
2815 3610 3066 3663 διελάσαν
3087 3610 3153 3663 τὰ
3182 3609 3411 3680 στέρνα,
3444 3611 3551 3662 τῶν
3588 3610 3773 3662 νώτων
3811 3609 4026 3661 διικκίο

2639 3703 2734 3753 καὶ
2779 3702 2970 3770 νεκρὸν
3015 3702 3214 3755 αὐτίκα
3260 3701 3493 3757 δεικνύει
3525 3702 3617 3753 τὸν
3650 3700 4023 3770 Ἀρταϐάνην.

2441 3796 2530 3855 Εἰς
2564 3796 2855 3861 ὁμολογίαν
2902 3796 2957 3846 δὲ
3007 3796 3067 3846 τὸ
3114 3795 3383 3863 Παρθικὸν
3411 3795 3573 3857 εὐθὺς
3610 3796 3702 3847 καὶ
3750 3796 4024 3865 Περσικὸν

2444 3886 2819 3948 συνελθόντες,
2878 3886 3237 3956 Ἀρτασείραν
3302 3888 3696 3955 ἀναγορεύουσι
3736 3884 4022 3958 βασιλέα,

2440 3979 2572 4031 πολὺ
2598 3977 2655 4029 τὸ
2686 3978 2820 4045 πρὸς
2850 3977 3041 4039 αὐτοὺς
3069 3973 3346 4029 δεικνύντα
3387 3980 3737 4047 κηδεμονεκδν
3769 3981 3863 4033 καὶ
3898 3983 4024 4047 φιλ-

2443 4070 2747 4138 άνθρωπον.
2780 4069 2886 4121 Καὶ
2912 4072 2937 4121 ό
2965 4068 3064 4137 μὲν
3115 4066 3287 4129 οὕτως
3319 4067 3455 4137 ἔχων
3500 4073 3595 4137 τὴν
3617 4071 4024 4142 Ἀρταεούκταν

2439 4163 2630 4227 ἄγεται
2681 4163 2938 4228 γυναίκα,
2996 4161 3064 4229 ἢν
3124 4159 3391 4228 αὐτῷκαὶ
3447 4161 3709 4230 πρότερον
3763 4165 3811 4213 οί
3865 4165 4027 4231 ὅρκοι

2441 4254 2903 4322 κατηγγυήσαντο,
2932 4255 3021 4305 καὶ
3053 4252 3295 4322 βασιλίδι
3329 4254 3529 4321 ταύτην
3564 4256 3881 4322 χειροτονεῖ.

2510 4341 2585 4396 Ε’.
2620 4342 2887 4412 Κουσαρὼ
2933 4344 2988 4397 δὲ
3032 4346 3059 4397 ό
3093 4345 3318 4413 eadem;
3351 4344 3686 4414 Ἀρταϐάνου
3716 4342 3815 4411 τὴν
3857 4342 4025 4411 βασι-

2440 4435 2586 4488 λείαν
2616 4437 2753 4505 ἔχων
2783 4439 2882 4506 τῆς
2916 4438 3157 4507 μεγάλης
3186 4438 3502 4506 Ἀρμενίας,
3531 4438 3599 4489 τὰ
3628 4438 4026 4505 συνενεχθέντα

2442 3718 2539 3752 πτε
2550 3720 2587 3762 ι,

2371 4559 2414 4616 D
2446 4526 2652 4595 μαθὼν,
2701 4530 2794 4581 καὶ
2824 4528 2897 4589 ώς
2932 4531 2964 4595 ἡ
2995 4528 3222 4616 Πάρθων
3248 4528 3395 4616 Δἁρχὴ
3440 4528 3731 4591 μετέπεσεν
3760 4533 3840 4591 εἰς
3874 4532 4026 4600 Πέρ-

2443 4632 2562 4676 σας,
2592 4618 2647 4666 ὲν
2683 4617 2891 4687 μεγάλῃ
2934 4614 3075 4683 λύπῃ
3109 4612 3258 4665 ταῦτ’
3295 4616 3528 4672 ἐποιεῖτο
3550 4631 3563 4645 ⁸
3596 4619 3691 4690 καὶ
3720 4624 4021 4685 στρατείαν

2440 4709 2495 4771 ἐξ
2527 4707 2803 4759 Ἀλϐανῶν
2839 4724 2898 4761 τε
2930 4709 3023 4760 καὶ
3064 4708 3313 4778 Ἰϐήρων,
3350 4708 3483 4777 πρὸς
3512 4705 3671 4760 ἔτιδὲ
3710 4716 3806 4760 καὶ
3829 4711 4023 4780 διαφό-

2442 4818 2549 4870 ρων
2584 4798 2796 4853 Οὔννων
2847 4800 3076 4869 ίσχυρὰν
3119 4801 3464 4870 συναγείρας,
3501 4801 3587 4852 ἐπ’
3620 4801 3864 4852 ἐνιαυτὸν
3896 4803 4023 4853 ὅλον

2439 4892 2504 4942 τὰ
2533 4892 2625 4943 τοῦ
2651 4891 2885 4959 πολέμου
2913 4887 3361 4953 συνεσκευάζετοθ
3396 4892 3596 4960 πολλὴν
3624 4892 3681 4944 δὲ
3708 4894 3865 4959 χεῖρα
3898 4896 4024 4959 μεθ’

2441 4982 2635 5033 ἑαυτοῦ
2677 4982 2846 5048 ἄγων,
2886 4979 3239 5050 ὲκστρατεύει
3280 4981 3418 5032 κατὰ
3455 4982 3676 5049 Περσῶν
3718 4986 3810 5031 καὶ
3844 4984 4019 5036 αὑτοῦ

2452 5074 2796 5143 Ἀρτασείρα.
2831 5073 2937 5124 Καὶ
2958 5074 2985 5124 ὁ
3015 5072 3110 5143 τὴν
3147 5074 3370 5141 Περσῶν
3403 5073 3679 5142 βασιλείαν
3704 5075 3831 5140 ἄρτι
3858 5093 4024 5144 nep;-

2441 5164 2772 5232 δεϐλημένος
2792 5154 3167 5231 Ἃρτασείρας,
3190 5164 3729 5231 ἀντιπαρατάσσεται
3748 5168 3836 5215 καὶ
3860 5166 4022 5217 ἄκων

2439 5258 2514 5325 τῷ
2547 5254 2754 5325 βασιλεί
2782 5256 3092 5324 Ἀρμενίας.
3128 5256 3235 5306 Καὶ
3272 5256 3479 5323 γίνεται
3531 5257 3672 5308 κατὰ
3700 5256 3799 5324 τὴν
3832 5258 4025 5323 μάχην

2442 5348 2605 5410 πολὺς
2646 5345 2737 5397 τοῦ
2785 5345 3053 5413 Περσικοῦ
3104 5347 3282 5414 φόνος.
3334 5346 3529 5411 Φεύγει
3580 5346 3633 5397 δὲ
3673 5348 3768 5398 καὶ
3815 5348 4025 5415 Ἀρτα-

2443 5439 2647 5509 σείρας,
2688 5439 2781 5490 καὶ
2810 5424 3193 5490 ἐπελαύνουσιν
3224 5440 3271 5490 οἱ
3304 5438 3574 5505 πολέμιοι,
3609 5440 3701 5491 καὶ
3728 5439 3829 5508 τὴν
3862 5440 4017 5510 Περ-

2442 5528 2561 5580 σίδα
2602 5529 2702 5596 γῆν
2746 5530 2854 5591 τοῖς
2904 5527 3117 5597 σώμασι
3174 5527 3282 5580 τῶν
3315 5529 3730 5597 ἀναιρουμένων
3768 5547 4022 5585 zamia;-

2439 5618 2716 5681 λύπτουσι,
2770 5620 2861 5671 καὶ
2909 5619 3133 5681 πολλοὺς
3188 5618 3557 5689 δορυαλώτους
3601 5618 3859 5679 λαῶντες
3921 5623 4020 5673 καὶ

2440 5710 2588 5762 λείαν
2612 5709 2811 5780 πολλὴν
2851 5709 3159 5771 ἐλάσαντες,
3200 5711 3275 5772 εἰς
3307 5710 3403 5780 τὴν
3451 5709 3752 5781 Ἀρμενίαν
3789 5712 3910 5778 ἅμα
3946 5712 4022 5779 τῷ

2444 5802 2646 5869 βασιλεί
2695 5802 2769 5870 τῷ
2822 5802 2936 5870 ἰδίῳ
2990 5800 3199 5869 πλούτῳ
3233 5800 3547 5867 βριθούσαις
3598 5801 3803 5865 δεξιαῖς
3844 5804 4013 5853 επαν-
