4188 6436
191 390 293 455 9ί9

1124 390 1300 449 νιΤΑ
1339 393 1395 453 S.
1445 389 1829 451 GREGORII
1880 392 2506 454 ILLUMINATORIS.

3327 388 3434 452 950

186 507 399 571 ήκουσι.
426 502 530 555 Τοῦ
562 503 616 555 δὲ
641 503 1032 573 ἐπιγενομένου
1071 505 1319 557 ἐνιαυτοῦ
1359 506 1453 559 καὶ
1483 500 1637 568 αὖθις
1678 506 1751 575 τῷ

1876 506 2082 561 'acienti
2150 503 2528 566 incursiones,
2569 517 2703 572 gens
2739 501 3135 556 Saracenorum
3186 503 3334 555 venit
3381 503 3434 554 ln

199 592 483 663 ’Δρμενίας
520 593 729 661 βασιλεῖ
754 595 1138 662 κατατρέχοντι
1178 595 1277 664 τὴν
1308 596 1527 665 Συρίαν,
1556 597 1616 649 τδ
1654 597 1759 650 Σα-

190 686 442 755 ρακηνῶν
494 685 643 746 έθνος
697 686 777 746 είς
823 675 1145 755 συμμαχίαν
1196 689 1606 757 προστίθενται,
1665 689 1758 742 καὶ

187 774 515 843 ληῖσάμενος
547 774 645 844 τὴν
677 776 902 843 Περσῶν
934 794 991 828 τε
1023 776 1117 829 καὶ
1158 776 1459 847 Ἀσσυρίων
1494 780 1597 847 γῆν
1624 793 1638 809 ⁸
1666 778 1760 833 καὶ

188 868 255 917 τὰ
294 868 350 918 ὲν
384 867 516 934 αὐτῇ
566 865 743 918 πάντα
782 867 1107 930 σκυλεύσας,
1137 870 1275 936 μετὰ
1307 870 1405 939 τῆς
1458 870 1579 938 ίσης
1606 871 1761 939 νίκης

188 956 268 1017 είς
297 955 395 1021 τὴν
450 956 587 1008 ίδίαν
637 956 809 1025 ἀρχὴν
856 957 1123 1024 ἐπανήκει
1176 957 1356 1022 πάλιν,
1407 961 1499 1013 καὶ
1550 960 1763 1024 τούτοις

189 1047 300 1106 τοῖς
334 1044 717 1113 κατορθώμασι
755 1047 847 1099 καὶ
884 1048 1003 1109 ταῖς
1042 1047 1435 1117 ἀνδραγαθίαις
1490 1048 1764 1115 θαυμαζό-

194 1153 353 1205 μενος
386 1136 483 1204 μὲν
517 1136 618 1187 ὑπὸ
647 1137 753 1188 τῶν
782 1139 1105 1205 συμμάχων,
1136 1139 1533 1208 καταπλήττων
1562 1140 1617 1192 δὲ
1639 1141 1763 1203 τοὺς

190 1226 510 1295 πολεμίους,
546 1226 637 1277 ἐπὶ
686 1227 816 1277 δέκα
854 1227 1153 1280 διετέλεσεν
1183 1228 1302 1296 ἔτη.
1335 1230 1426 1281 Διὸ
1461 1231 1554 1281 καὶ
1602 1232 1630 1283 ὁ
1656 1231 1764 1282 τῶν

192 1314 418 1383 Περσῶν
451 1314 724 1382 βασιλεὺς.
766 1315 909 1385 λύπῃ
943 1316 1040 1383 μὲν
1070 1319 1444 1387 ἀπαρακλήτῳ
1483 1320 1761 1388 ἐχόμενος,

190 1404 481 1473 ἀπορία“δὲ
529 1403 622 1456 τοῦ
678 1404 731 1456 τί
787 1406 851 1458 ἂν
911 1408 1139 1476 πράξειε
1192 1408 1288 1476 τὴν
1339 1409 1514 1478 λύπην
1563 1408 1762 1473 αὔξων,

189 1492 315 1554 τοὺς
342 1493 445 1545 om
470 1495 627 1562 χεῖρα
656 1494 1003 1562 συναγαγὼν,
1036 1513 1098 1547 συ
1109 1496 1424 1565 μὸουλεύειν
1451 1500 1624 1551 ὲδεῖτο
1650 1498 1765 1562 πῶς

192 1584 259 1636 ἂν
290 1584 667 1638 ἀποδύσωνται
706 1585 808 1655 μὲν
846 1588 944 1653 τὴν
971 1588 1209 1653 ἀδοξίαν,
1242 1589 1549 1642 ἀπολίπωσι
1590 1591 1646 1642 δὲ
1670 1592 1768 1642 αύ-

193 1674 317 1735 τοὺς
350 1676 405 1726 ai
460 1676 636 1728 κοιναὶ
683 1678 776 1729 καὶ
824 1677 1154 1745 πολύτροποι
1196 1680 1493 1748 συμφοραί.
1551 1681 1659 1733 Καὶ
1693 1679 1770 1749 τῷ

194 1767 420 1835 γνώμην
466 1767 830 1833 είσενεγκόντι
882 1769 1140 1833 τοιαύτην
1186 1771 1283 1838 τὴν
1342 1771 1597 1839 δευτέραν
1632 1773 1768 1841 μετὰ

1860 597 2118 650 auxilium
2149 612 2163 649 :
2192 596 2494 666 praedisque
2533 594 2669 647 actis
2693 592 2760 647 de
2787 592 3004 647 Perside
3027 599 3084 646 et
3115 584 3356 661 Assyria,
3385 602 3440 646 et

1860 689 2071 742 cunctis
2123 702 2241 756 quae
2271 694 2427 741 erant
2473 685 2528 739 in
2586 684 2665 739 eis
2721 683 2987 753 spoliatis,
3034 698 3125 736 rex
3168 682 3285 751 ipse
3316 697 3440 736 cum

1863 778 1978 848 pari
2014 777 2235 831 victoria
2266 776 2331 829 ad
2362 791 2520 829 suum
2546 790 2767 845 regnum
2800 773 3122 827 revertitur.
3146 769 3238 827 His
3256 780 3439 825 autem

1862 871 2027 924 rebus
2060 869 2277 923 fortiter
2308 880 2364 922 et
2396 868 2659 936 praeclare
2692 865 2855 936 gestis
2880 905 2893 927 ,
2928 863 3271 918 admirationi
3315 863 3441 931 qui—

1864 960 1987 1015 dem
2011 958 2195 1022 sociis,
2220 958 2417 1013 terrori
2450 967 2631 1011 autem
2664 956 2910 1010 hostibus
2930 954 3031 1009 fuit
3055 958 3240 1010 decem
3265 967 3438 1008 annos

1869 1064 2185 1121 perpetuos.
2216 1048 2577 1115 Quamobrem
2615 1063 2707 1101 rex
2744 1061 2961 1117 quoque
3000 1044 3283 1100 Persarum
3316 1060 3439 1099 cum

1867 1142 2246 1197 inconsolabili
2274 1141 2460 1196 dolore
2486 1148 2795 1209 angeretur,
2820 1148 3093 1195 cresceret
3129 1146 3310 1192 autem
3344 1137 3444 1192 do-

1866 1236 1970 1301 lor,
2012 1235 2155 1304 quod
2197 1235 2436 1288 nesciret
2467 1233 2593 1301 quid
2632 1241 2837 1302 ageret,
2866 1232 2931 1284 iis
2984 1230 3321 1301 congregatis
3344 1231 3437 1299 qui

1869 1333 2029 1377 erant
2083 1323 2138 1376 in
2192 1322 2310 1391 eius
2366 1329 2653 1390 potestate,
2702 1318 2909 1388 rogavit
2966 1328 3026 1371 ut
3068 1319 3442 1378 consulerent,

1867 1426 2103 1478 quonam
2149 1409 2367 1477 quidem
2410 1407 2568 1461 modo
2626 1417 2861 1476 possent
2909 1414 3217 1475 susceptam
3260 1404 3443 1459 delere

1870 1499 2251 1569 ignominiam,
2282 1507 2559 1553 cessarent
2591 1509 2771 1551 autem
2812 1511 3129 1552 communes
3174 1512 3229 1551 et
3257 1495 3445 1549 multi-

1871 1591 2037 1659 plices
2083 1591 2439 1645 calamitates.
2489 1590 2550 1644 Ei
2627 1601 2808 1644 autem
2853 1591 2943 1657 qui
2996 1591 3156 1642 talem
3212 1588 3445 1641 dixisset

1872 1681 2538 1745 sententiam,secundum
2600 1691 2723 1748 post
2772 1695 2954 1750 regem
2980 1679 3266 1740 honorem,
3325 1691 3447 1745 pro-

1877 1770 2030 1839 ponit
2055 1770 2108 1822 in
2146 1770 2448 1838 praemium.
2473 1769 2622 1824 Anac
2649 1779 2831 1823 autem
2863 1769 3103 1837 quidam,
3130 1765 3221 1834 qui
3247 1779 3445 1836 genere

195 1855 423 1922 βασιλέα
448 1855 611 1923 τιμὴν
664 1854 874 1921 τίθησιν
900 1850 1082 1908 ἆθλον.
1131 1834 1297 1911 ’Λνᾶκ
1318 1858 1374 1912 δέ
1396 1877 1479 1923 τις
1500 1834 1768 1932 Κουσαρὼ

1876 1834 2229 1916 attinebat-ad
2272 1857 2510 1914 Cursaro
2545 1875 2724 1927 regem
2756 1834 3046 1919 Armeniae,
3084 1873 3115 1912 e
3153 1834 3295 1912 coetu
3326 1872 3448 1910 sur-

194 1944 337 1995 κατὰ
394 1945 546 2009 γένος
598 1944 675 2013 τῷ
710 1946 807 2013 τῆς
852 1947 1150 2015 Ἀρμενίας
1194 1949 1405 2019 βασιλεί
1455 1955 1770 2024 προσήκων,

195 2035 436 2099 ἀναστὰς
511 2040 575 2090 ὲκ
643 2039 738 2091 τοῦ
796 2039 1083 2110 συλλόγου,
1148 2048 1393 2113 γενναῖόν
1441 2065 1492 2101 τι
1555 2049 1773 2117 δράσειν

196 2124 466 2194 ὑπέσχετο
488 2167 502 2188 ,
554 2127 623 2181 δι’
652 2123 713 2181 οὗ
745 2130 811 2181 τὰ
856 2133 1158 2201 πράγματά
1199 2151 1257 2186 τε
1295 2135 1429 2203 πρὸς
1460 2136 1519 2188 τὸ
1550 2137 1772 2206 ἄμεινον

198 2217 621 2287 ἀνενεχθήσεται
662 2219 916 2288 Πέρσαις,
971 2222 1069 2276 καὶ
1122 2223 1276 2287 δίκας
1322 2227 1448 2290 τοὺς
1496 2229 1772 2291 ἐναντίους

197 2308 609 2375 εἰσπράξονται.
1716 2304 1725 2313 ’

271 2398 361 2465 (τ’.
408 2400 515 2452 Καὶ
560 2400 843 2454 ὑπολαϐὼν
908 2404 1289 2477 Ἀρτασείρας,
1345 2406 1422 2463 Ἦ
1479 2412 1554 2480 μή
1604 2413 1774 2467 ταῦτα

199 2492 677 2564 καταπραξαμένῳ
706 2496 797 2547 καὶ
822 2494 1056 2566 διάδημα
1087 2500 1152 2568 τῇ
1189 2501 1398 2571 κεφαλῇ
1433 2506 1775 2573 παραχρῆμα

198 2580 485 2650 περιθήσω
532 2599 635 2648 σοι,
690 2583 817 2652 ἔφη,
857 2587 951 2637 καὶ
984 2587 1235 2658 δεύτερον
1285 2589 1383 2659 μὲν
1422 2592 1517 2660 τῆς
1549 2592 1774 2662 Περσῶν

199 2673 550 2742 ἀποδείξαιμι
585 2676 891 2743 βασιλείας,
930 2678 1209 2744 βασιλείαν
1242 2699 1306 2750 γε
1341 2682 1448 2752 μὴν
1494 2685 1590 2754 τὴν
1627 2685 1775 2755 Παρ-

195 2764 359 2831 θικὴν
406 2766 696 2833 ἐγχειρίσω
749 2784 852 2823 σοι.
904 2769 959 2821 ’0
987 2770 1043 2822 δὲ
1092 2773 1161 2825 τὰ
1200 2774 1324 2825 καθ’
1363 2775 1554 2827 ἑαυτὸν
1592 2776 1691 2845 μὲν
1720 2779 1778 2830 ὲν

200 2856 389 2925 ἀδήλῳ,
427 2858 642 2911 κεῖσθαι
678 2859 754 2927 τῷ
802 2861 1001 2936 πέρατι
1053 2861 1190 2931 ἔφη’
1225 2864 1360 2928 τέως
1393 2883 1456 2932 γε
1495 2868 1602 2938 μήν
1649 2869 1777 2921 είτι

198 2948 263 3019 δὴ
296 2950 389 3001 καὶ
422 2949 529 3001 τῶν
571 2949 851 3019 ἀδοκήτων
901 2953 1047 3024 αὐτῷ
1080 2954 1344 3025 συμόαίη,
1403 2960 1514 3019 τοῖς
1565 2959 1778 3012 ὑπολει-

202 3039 571 3110 φθησομένοις
606 3039 696 3093 τοῦ
735 3043 924 3109 γένους
966 3044 1040 3115 μὴ
1070 3046 1365 3116 ἀχάριστον
1401 3048 1655 3116 γενέσθαι
1687 3054 1779 3104 τὸν

1883 1971 2038 2025 gens,
2074 1954 2349 2024 pollicitus
2381 1961 2464 2008 est
2507 1968 2565 2007 se
2608 1954 2927 2021 praeclarum
2958 1952 3236 2020 quidpiam
3274 1949 3447 2004 factu-

1875 2063 2021 2109 rum,
2058 2062 2155 2116 per
2196 2045 2340 2117 quod
2382 2053 2437 2100 et
2487 2060 2575 2100 res
2614 2044 2791 2099 Persis
2824 2043 3036 2099 felicius
3064 2044 3459 2105 succederent,

1876 2147 1932 2192 et
1962 2153 2154 2208 pmnas
2190 2146 2468 2192 sumerent
2500 2138 2567 2191 de
2604 2137 2875 2192 hostibus.

1947 2412 2033 2467 VI.
2082 2412 2370 2482 Excipicns
2405 2420 2588 2464 autem
2635 2408 2909 2463 Artasiras
2937 2425 2949 2462 :
2981 2406 3214 2472 Revera,
3251 2408 3451 2476 inquit,

1876 2508 1921 2562 si
1958 2509 2073 2560 haec
2106 2505 2319 2566 feceris,
2348 2504 2599 2572 protinus
2641 2502 2916 2570 imponam
2949 2510 3043 2554 tuo
3072 2499 3235 2569 capiti
3269 2499 3455 2554 diade-

1877 2614 1985 2661 ma,
2018 2606 2070 2650 et
2111 2606 2163 2649 te
2200 2594 2429 2647 eﬂiciam
2475 2593 2692 2660 quidem
2730 2592 3028 2645 secundum
3072 2590 3221 2661 regni
3260 2591 3457 2646 Persa-

1878 2704 2020 2751 rum,
2067 2685 2273 2741 tradam
2317 2693 2499 2738 autem
2546 2682 2643 2737 tibi
2692 2697 2920 2752 regnum
2976 2681 3317 2737 Parthicum.
3361 2681 3457 2735 ille

1880 2788 2085 2838 autem,
2110 2775 2254 2846 quod
2284 2773 2353 2829 ad
2388 2788 2445 2828 se
2495 2772 2716 2843 quidem
2751 2772 2965 2829 attinet.
2998 2769 3131 2824 dicit
3182 2770 3456 2825 incertum

1879 2883 1999 2922 esse
2027 2867 2186 2920 finem
2220 2882 2234 2917 :
2273 2865 2318 2917 si
2351 2862 2478 2927 quid
2512 2878 2639 2916 vero
2669 2862 2887 2916 interim
2914 2861 2964 2916 ei
2986 2862 3227 2916 evenerit
3252 2864 3455 2930 praeter

1880 2956 2216 3025 opinionem,
2239 2952 2449 3022 rogavit
2472 2953 2792 3014 Artasiram,
2834 2968 2903 3005 ne
2948 2961 3094 3005 esset
3124 2953 3366 3021 ingratus
3392 2951 3459 3005 iis

1882 3048 1972 3118 qui
2024 3045 2387 3100 remanserint
2440 3060 2505 3098 ex
2547 3057 2747 3111 genere
2785 3059 2799 3096 :
2848 3042 2942 3097 sed
2985 3056 3196 3096 memor
3234 3041 3458 3110 quidem

212 3131 570 3199 Ἀρτασείραν
601 3132 776 3201 ἠξίου,
810 3135 945 3188 ἀλλὰ
989 3138 1460 3207 διαμνημονεύσας
1501 3140 1601 3208 μὲν
1632 3142 1775 3211 αὐτῷ

1884 3148 2031 3194 esset
2083 3141 2202 3207 ejus
2233 3154 2334 3207 pro
2384 3138 2501 3206 ipso
2534 3136 2768 3206 prompti
2805 3143 2859 3190 et
2886 3135 3081 3191 alacris
3117 3135 3284 3189 animi
3319 3153 3332 3188 :
3361 3149 3460 3206 pro

199 3222 301 3290 τῆς
335 3221 474 3291 ὑπὲρ
507 3222 671 3275 αὑτοῦ
698 3225 1027 3294 προθυμίας,
1056 3227 1287 3295 χάριτας
1321 3229 1376 3280 δὲ
1409 3228 1613 3290 τούτοις
1640 3230 1775 3300 ὑπὲρ

1880 3246 1946 3283 eo
1987 3241 2164 3283 autem
2191 3271 2203 3295 ,
2232 3231 2312 3283 eis
2347 3229 2575 3281 referret
2616 3228 2840 3297 gratias.
2878 3227 3003 3282 Hac
3038 3243 3161 3281 cum
3192 3226 3414 3280 dixisset
3439 3263 3459 3291 ,

199 3314 372 3382 αὐτῆς
429 3314 745 3368 ἀποδοῦναι.
808 3316 995 3369 Ταῦτα
1050 3316 1241 3381 εἰπὼν,
1303 3318 1393 3369 τὸν
1441 3318 1669 3386 ἀδελφόν
1722 3337 1779 3372 τε

204 3406 475 3474 συνεργὸν
507 3405 948 3476 παραλαμὸάνει,
992 3408 1087 3460 καὶ
1123 3408 1181 3460 ὲν
1214 3409 1514 3479 αὐτομόλου
1545 3412 1782 3482 σχήματι

200 3498 452 3565 γυναιξὶν
503 3497 618 3567 ἅμα
658 3498 750 3551 καὶ
804 3498 1163 3573 παιδίοιςηκαὶ
1214 3501 1325 3575 ὃλιρ
1360 3502 1495 3572 οἴκῳ
1550 3506 1785 3567 καὶτοῖς

202 3588 426 3651 οἰκείοις
464 3590 595 3642 πᾶσι
642 3586 719 3660 τῷ
748 3589 845 3657 τῆς
883 3589 1170 3659 Ἀρμενίας
1198 3595 1509 3660 προσχωρεῖ
1549 3594 1780 3662 βασιλεῖ,

204 3682 304 3735 καὶ
329 3682 384 3743 ὂς
410 3685 474 3751 τῇ
508 3698 565 3733 τε
602 3682 735 3752 άλλη
776 3682 973 3744 αὐτοὺς
1005 3680 1321 3751 ὑποδέχεται
1352 3682 1656 3755 φιλοτιμίᾳ,
1689 3687 1784 3739 καὶ

204 3774 397 3837 δεξιῶς
443 3774 511 3825 τὰ
547 3773 781 3840 μάλιστα
837 3773 1272 3837 κατασπάξεται.
1304 3775 1367 3827 Οί
1402 3774 1458 3828 δὲ
1496 3776 1779 3843 θωπείαις,

204 3867 369 3919 αὑτὸν
411 3865 732 3930 ὑπελθόντες
779 3868 901 3920 ὅλον
930 3866 1280 3929 οίκειοῦνται,
1318 3868 1413 3935 καὶ,
1462 3870 1612 3922 οὐδὲν
1646 3869 1783 3922 ὓποο

204 3970 343 4007 πτον
390 3955 478 4008 ἐπ’
511 3956 695 4026 οαύτῆς
737 3958 878 4026 ἔχειν
914 3958 1419 4025 παρασκευάζουσι,
1446 3959 1539 4012 καὶ
1569 3960 1783 4027 μάλισθ’

196 4049 289 4099 ὅτι
336 4047 579 4114 γυναιξὶν
633 4049 751 4117 ἅμα
813 4050 1065 4113 καὶτοῖς
1116 4050 1394 4119 φιλτάτοις
1455 4047 1598 4121 ἦσαν
1654 4054 1785 4124 παρ’

201 4138 416 4189 ἐκεῖνον
450 4139 956 4212 αὐτομολήσαντες·
991 4144 1183 4211 ἀμέλει
1219 4145 1314 4196 καὶ
1346 4143 1508 4214 τιμὴν
1538 4147 1566 4197 ό
1619 4145 1784 4197 ’Δνὰκ

203 4227 475 4298 δευτέραν
513 4230 613 4301 τὴν
665 4232 800 4300 μετὰ
844 4230 1066 4299 βασιλέα
1120 4231 1412 4302 λαμϐάνει.
1451 4233 1509 4286 '0
1550 4234 1647 4303 μὲν
1691 4234 1783 4287 οὖν

202 4321 416 4391 χειμὼν
450 4324 507 4373 ὲν
544 4324 708 4391 πολλῇ
749 4324 875 4385 τοὺς
916 4322 1236 4393 Ἀρμενίους
1270 4325 1564 4378 διανέπαυε
1593 4328 1658 4395 τῇ
1691 4329 1786 4398 ρᾳ-

1881 3322 2101 3378 fratrem
2151 3323 2380 3376 assumit
2427 3322 2732 3389 adiutorem
2767 3337 2781 3373 :
2815 3327 2871 3373 et
2918 3320 3100 3389 specie
3141 3318 3458 3389 transfugae.

1883 3430 2006 3470 cum
2058 3416 2371 3470 mulieribus
2398 3414 2559 3468 simul
2596 3421 2652 3467 et
2682 3411 3005 3477 infantibus,
3033 3418 3089 3464 et
3128 3420 3237 3464 tota
3277 3411 3458 3476 domo,

1882 3506 2243 3573 omnibusque
2272 3505 2603 3567 domesticis,
2633 3504 2842 3560 accedit
2860 3503 2926 3559 ad
2960 3517 3139 3573 regem
3166 3502 3459 3556 Armenia.

1884 3595 1979 3648 ille
2042 3602 2223 3647 autem
2267 3604 2322 3647 et
2363 3594 2469 3646 alio
2502 3608 2597 3648 eos
2643 3596 2853 3648 honore
2889 3593 3105 3662 accipit,
3137 3601 3193 3647 et
3232 3592 3475 3662 benigno

1884 3686 2175 3742 admodum
2204 3700 2299 3741 cos
2327 3685 2543 3741 salutat.
2581 3684 2662 3738 Illi
2699 3693 2902 3750 autem,
2947 3698 3005 3738 se
3044 3683 3322 3739 blanditiis
3362 3684 3463 3754 ipsi

1886 3780 2245 3843 insinuantes,
2275 3794 2400 3832 eum
2436 3778 2671 3833 reddunt
2705 3776 2930 3832 omnino
2962 3776 3065 3831 sibi
3102 3774 3421 3830 familiarem
3445 3816 3461 3840 ,

1884 3878 1939 3924 et
1974 3870 2233 3932 efﬁciunt,
2270 3880 2330 3923 ut
2358 3885 2454 3925 eos
2484 3869 2621 3923 nihil
2652 3869 2878 3925 haberet
2907 3877 3215 3937 suspectos,
3260 3874 3319 3921 et
3346 3881 3466 3920 ma-

1886 3961 2031 4014 xime
2078 3961 2223 4030 quod
2271 3959 2431 4015 simul
2477 3974 2600 4014 cum
2642 3958 2922 4021 uxoribus,
2964 3967 3019 4013 et
3076 3958 3148 4013 iis
3181 3972 3303 4027 qua:
3336 3965 3467 4012 sunt

1886 4042 2231 4113 eharissima,
2288 4052 2351 4105 ad
2411 4052 2560 4106 illum
2600 4049 3037 4120 transfugissent.
3086 4049 3269 4118 Itaque
3316 4048 3467 4102 Anac

1886 4141 2186 4195 secundum
2210 4141 2471 4197 honorem
2504 4151 2624 4210 post
2653 4156 2830 4210 regem
2849 4140 3066 4208 accipit.
3092 4140 3269 4207 Atque
3289 4140 3468 4195 hieme

1887 4235 2110 4305 quidem
2159 4235 2400 4290 Armenii
2435 4234 2487 4286 in
2540 4248 2755 4286 summo
2795 4233 3120 4300 quieverunt
3166 4230 3277 4284 Otio
3316 4246 3332 4284 :
3372 4243 3468 4283 ver

1890 4342 2106 4395 quoque
2128 4326 2209 4380 eis
2241 4325 2436 4378 multas
2466 4326 2770 4394 voluptates
2804 4324 2855 4376 in
2885 4338 2979 4376 sua
3012 4320 3184 4390 patria
3206 4320 3469 4391 largieba-

204 4414 411 4483 στὼνῃ,
452 4415 546 4466 καὶ
576 4414 635 4467 τὸ
666 4413 764 4485 ,ξαρ
794 4415 979 4478 αὐτοῖς
1012 4416 1424 4485 παραπλησίους
1456 4419 1513 4469 έν
1545 4420 1610 4487 τῇ
1640 4420 1775 4489 οἰκίᾳ

1890 4429 1977 4472 ιιιι·
2013 4434 2026 4470 :
2060 4427 2243 4472 aestate
2272 4424 2453 4471 autem
2482 4428 2687 4479 auster,
2723 4416 2896 4473 calido
2920 4414 3043 4467 flatu
3068 4414 3303 4480 spirans,
3339 4426 3465 4465 coe-

200 4510 308 4568 τὰς
350 4505 538 4575 ἡδονὰς
588 4508 895 4578 ἐχαρίζετο,
926 4508 1020 4560 τοῦ
1053 4508 1109 4560 δὲ
1142 4507 1333 4576 θέρους
1367 4510 1394 4560 ό
1426 4509 1579 4573 νότος
1613 4514 1775 4566 πνέωπ.

1892 4513 1969 4581 git
2002 4527 2180 4581 regem
2206 4512 2436 4579 migrare
2476 4510 2529 4562 in
2562 4511 2753 4560 Arat-at
2786 4506 2947 4561 simul
2977 4519 3100 4558 cum
3136 4503 3471 4572 magistrati-

203 4596 432 4665 θερμὸς,
469 4602 740 4667 μετοικεῖν
770 4600 859 4650 τὸν
895 4597 1115 4666 βασιλέα
1141 4599 1233 4649 ἐπὶ
1254 4600 1322 4651 τὰ
1365 4598 1603 4671 Ἀραρὰτ
1622 4605 1775 4671 ἀνάγ-

1888 4605 2010 4666 bus,
2054 4604 2144 4657 ubi
2177 4602 2446 4671 degebant
2474 4610 2731 4669 tanquam
2764 4599 2816 4652 in
2846 4613 3014 4653 verna
3046 4593 3329 4664 temperie.
3353 4593 3471 4649 Rex

204 4690 348 4752 καζε
407 4691 543 4760 μετὰ
600 4690 707 4742 τῶν
767 4692 825 4743 ὲν
859 4690 1025 4752 τέλει,
1058 4690 1227 4761 61:01)
1279 4692 1371 4743 καὶ
1438 4693 1577 4745 κατὰ
1629 4694 1775 4763 θέρος

1886 4696 1973 4749 hic
2000 4708 2224 4748 versans
2280 4693 2599 4747 movebatur
2632 4704 2819 4745 rursus
2858 4691 3119 4743 adversus
3166 4686 3466 4741 Persidem.

202 4782 399 4850 ὥσπερ
434 4784 489 4834 ἐν
510 4783 711 4852 ἐαρινῷ
738 4783 928 4835 θάλπει
960 4782 1055 4835 καὶ
1081 4781 1243 4851 ψύχει
1275 4783 1479 4851 διῆγον.
1518 4785 1775 4837 Ἐνταῦθα

1886 4788 2035 4840 Anac
2064 4795 2245 4840 autem
2275 4787 2591 4839 recordatus
2625 4780 3007 4849 jurisjurandi,
3059 4776 3202 4847 quod
3238 4776 3467 4830 dederat

201 4874 502 4940 διατρίϐων
550 4876 577 4926 ὁ
611 4875 865 4942 βασιλεὺς
901 4876 1041 4927 κατὰ
1088 4874 1190 4943 τῆς
1245 4875 1506 4945 Περσίδος
1556 4880 1775 4929 ὲκινεῑτε

1883 4878 2162 4941 Artasirae,
2183 4886 2236 4930 et
2257 4876 2522 4929 donorum
2555 4888 2819 4928 accensus
2849 4872 3166 4939 cupiditate,
3191 4882 3249 4922 se
3280 4881 3462 4935 regem

203 4964 392 5017 πάλιν.
438 4964 497 5016 ὐ
536 4966 591 5017 δὲ
624 4964 789 5017 Ἀνὰκ
835 4966 942 5017 τῶν
996 4984 1052 5019 τε
1103 4967 1198 5019 τοῦ
1246 4968 1573 5037 ’Λρτασείρα
1617 4969 1775 5037 ὃρκωπ

1891 4970 2163 5022 Armeniae
2193 4982 2439 5021 seorsum
2488 4966 2623 5020 velle
2688 4963 2886 5034 alioqui
2923 4961 3083 5018 simul
3132 4975 3253 5014 cum
3304 4957 3471 5012 fratre

204 5056 288 5116 είς
334 5056 554 5124 μνήμην
598 5053 768 5106 ἐλθὼν
802 5056 897 5105 καὶ
935 5054 1013 5123 τῷ
1067 5055 1425 5124 τῶνδωρεῶν
1466 5055 1775 5122 ἀναφλεγεὶς

1895 5070 2202 5131 praetexens
2236 5061 2301 5114 de
2333 5061 2497 5114 rebus
2522 5059 2869 5120 necessariis,
2904 5072 3025 5112 cum
3058 5054 3156 5108 soli
3181 5052 3254 5110 ad
3294 5050 3468 5104 solum

204 5144 854 5216 ἔρωτι,’ίόιολογίσασθαι
887 5146 962 5216 τῷ
988 5144 1200 5215 βασιλεῖ
1242 5146 1532 5216 Ἀρμενίας
1574 5147 1689 5215 ἅμα
1718 5147 1775 5217 τις

1896 5161 2080 5205 essent
2125 5151 2375 5222 ingressi,
2418 5152 2594 5219 ipsum
2636 5149 2832 5202 tollunt
2862 5148 2930 5201 de
2963 5143 3188 5199 medio:
3235 5150 3291 5197 et
3328 5138 3469 5193 fama

207 5238 427 5306 ἀδελφῴ
461 5239 955 5307 προφασισάμενοι,
996 5239 1311 5307 ἀναγκαίων
1340 5237 1504 5291 τινῶν
1542 5223 1775 5309 πραγμάι

1896 5242 2156 5296 exercitui
2210 5240 2414 5295 caedem
2486 5241 2867 5303 annuntiante,
2892 5239 2981 5293 isti
3042 5231 3472 5291 conscendentes

204 5345 322 5381 των
354 5329 516 5399 πέρι,
547 5331 640 5382 καὶ
689 5330 841 5397 μόνοι
896 5330 1033 5399 πρὸς
1083 5331 1241 5400 μόνον
1292 5330 1649 5392 εἰσελθόντες,
1692 5350 1775 5401 μαι

1896 5349 2085 5403 equos,
2129 5335 2256 5387 totis
2292 5334 2500 5388 viribus
2530 5334 2757 5401 fugiunt.

208 5422 431 5489 χαίραις
474 5422 633 5475 αὑτὸν
669 5421 976 5493 ἀναιροῦσι,
1022 5424 1116 5474 καί
1182 5423 1281 5492 τῆς
1352 5424 1537 5493 φήμης
1580 5422 1654 5473 τῶ
1709 5429 2045 5495 στρατοπέδῳ
2089 5428 2397 5497 μηνυούσης
2454 5430 2543 5479 τὸν
2601 5426 2777 5495 ςξόνον,
2810 5429 2919 5485 τοῖς
2951 5427 3137 5485 ἵπποις
3188 5418 3469 5473 ἐπιϐάντες

212 5515 364 5563 οὗτοι
397 5515 691 5583 φεύγουσιν
717 5516 1047 5581 ἁνακράτος.

286 5602 359 5657 Z'.
404 5608 466 5657 Οί
500 5608 628 5674 γοῦν
677 5608 955 5676 σατράπαι
1001 5608 1097 5676 τῆς
1134 5609 1426 5679 Ἀρμενίας
1472 5610 1644 5680 λόχοις
1699 5611 1793 5664 καὶ

215 5696 475 5765 λοχαγοῖς
524 5699 629 5750 τῶν
690 5697 935 5763 διεξόδων
992 5699 1087 5762 τὰς
1147 5700 1366 5762 πλείους
1419 5701 1791 5772 διειληφότες,

214 5788 653 5859 προκαταλαϐεῖν
704 5790 882 5845 αὐτῶν
931 5790 1027 5859 τὴν
1062 5794 1234 5863 φυγὴν
1264 5796 1323 5846 ἐκ
1363 5795 1558 5859 παντὸς
1592 5797 1789 5865 τρόπον

1976 5607 2085 5661 Vll.
2117 5608 2357 5679 Satrapue
2385 5618 2567 5662 autem
2614 5606 2884 5661 Armeniae
2928 5619 3050 5659 cum
3098 5602 3388 5672 manipulis
3417 5611 3473 5655 et

1902 5702 2129 5757 militum
2162 5703 2479 5757 ductoribus
2513 5700 2771 5771 plurimus
2796 5704 3154 5766 occupassent
3190 5692 3468 5755 transitus,

1903 5793 1955 5846 in
2005 5794 2185 5849 animo
2239 5792 2508 5849 habebant
2552 5791 2803 5844 omnibus
2847 5787 3020 5842 modis
3060 5783 3238 5854 fugam
3280 5796 3469 5837 eorum
