4188 6436
765 375 864 440 951

1997 387 2283 446 MENSIS
2322 391 2611 452 SEPTEM
2627 395 2796 457 BER.

3921 399 4032 459 95}

765 490 1083 560 prazvenire.
1112 488 1376 555 Quocirca
1417 507 1513 545 nec
1538 491 1617 546 eis
1646 493 1844 547 frustra
1872 499 2038 550 cessit
2079 499 2336 552 studium.

2445 509 2743 560 διενοοῦντο
2773 526 2786 540 ·
2811 509 2932 562 ὅθεν
2978 510 3096 562 οὑδὲ
3128 511 3207 570 είς
3243 510 3419 578 μάτην
3451 511 3630 573 αὑτοῖς
3668 512 3964 582 ἐχώρησεν
4003 517 4032 580 ἡ

764 583 898 635 Cum
937 599 1032 637 eos
1061 584 1206 636 enim
1250 583 1519 652 fugientes
1561 585 1614 637 in
1663 587 1840 640 medio
1882 590 2113 656 quodam
2168 602 2334 658 ponte

767 673 1204 742 intereepissent,
1241 674 1292 728 in
1328 675 1491 728 fluvio
1525 675 1956 732 submerserunt.
1991 679 2053 732 Et
2084 694 2204 733 cum
2251 698 2334 734 re-

767 763 904 816 versi
938 773 1116 816 essent
1149 773 1544 832 persecutores.
1580 765 1747 832 ipsius
1775 766 1923 820 Anac
1949 778 2002 820 et
2037 768 2218 821 fratris
2252 771 2336 822 in.

767 853 1030 906 terticitur
1059 856 1236 908 omnis
1272 859 1568 924 generatio,
1608 873 1727 910 cum
1763 875 1926 926 agens
1967 861 2216 928 spiritum
2243 877 2333 914 rex

766 942 1142 1000 Armeniorum
1193 947 1295 1001 hoc
1337 959 1638 1003 extremum
1687 953 2018 1017 mandasset,
2066 963 2125 1006 ut
2169 970 2336 1020 genus

767 1051 954 1086 eorum
987 1034 1078 1101 qui
1114 1036 1289 1102 ipsum
1353 1037 1737 1090 interemerant
1785 1040 2027 1093 funditus
2075 1041 2333 1094 interiret.

767 1121 834 1180 Ει
871 1126 946 1178 sic
981 1126 1196 1194 quidem
1227 1129 1503 1195 perierunt
1537 1147 1747 1194 omnes,
1795 1141 1990 1198 praeter
2035 1131 2170 1183 duos
2205 1132 2338 1184 filios

772 1216 918 1269 Anac
949 1232 1149 1285 eosque
1183 1219 1336 1272 valde
1372 1219 1627 1276 infantes.
1659 1229 1712 1272 et
1750 1221 1840 1286 qui
1867 1231 2017 1272 erant
2055 1221 2229 1274 adhuc
2258 1221 2339 1273 in-

771 1309 934 1360 voluti
991 1309 1193 1375 fasciis,
1251 1321 1302 1364 et
1345 1311 1635 1364 iactabant.
1681 1311 1826 1376 Quos
1872 1329 1992 1365 cum
2039 1312 2338 1366 seduxisset

768 1399 987 1464 quidam
1015 1400 1174 1453 exiis
1214 1401 1306 1468 qui
1331 1403 1397 1454 ad
1422 1417 1544 1454 eum
1573 1403 1889 1464 attinebant,
1927 1420 2094 1456 unum
2120 1404 2336 1470 quidem

769 1494 1020 1562 deposuit
1048 1495 1100 1547 in
1125 1497 1372 1564 partibus
1405 1497 1656 1559 Persidis,
1685 1499 1910 1551 alterum
1939 1510 2121 1551 autem
2151 1500 2199 1550 in
2231 1499 2337 1552 Ro-

770 1598 927 1634 mana
959 1584 1182 1637 ditione.
1217 1583 1262 1639 ls
1293 1585 1391 1638 fuit
1415 1584 1726 1655 Gregorius,
1761 1589 1916 1656 cujus
1948 1591 2203 1655 praaelara
2240 1603 2337 1657 pro

771 1674 968 1740 pietate
1006 1677 1302 1728 certamina
1338 1692 1554 1745 agressa
1592 1687 1672 1730 est
1711 1679 1778 1730 ab
1813 1680 1970 1732 initio
2002 1678 2177 1731 dicere
2218 1694 2339 1731 ora-

773 1767 865 1818 tio.
899 1765 1042 1834 Rege
1072 1775 1252 1819 autem
1272 1768 1649 1821 Armeniorum
1675 1784 1739 1822 eo
1771 1769 1932 1821 modo
1977 1784 2082 1836 quo
2107 1770 2339 1822 diximus

770 1855 1083 1916 interfecto,
1123 1854 1265 1907 felici
1319 1856 1393 1909 rei
1433 1871 1686 1910 successu
1719 1869 1900 1909 motus
1950 1857 2340 1916 Persa,movet
2372 1846 2410 1899 Β

771 1945 1068 1997 exercitum
1105 1945 1364 1999 adversus
1408 1947 1757 2000 conturbatos
1785 1948 2052 2000 Armenes
2085 1965 2098 1999 :
2141 1955 2194 2000 ct
2224 1963 2341 1999 ma-

771 2051 874 2103 gna
923 2047 1041 2088 acta
1082 2038 1284 2104 prada,
1335 2045 1386 2088 ct
1423 2037 1608 2090 multis
1642 2038 1886 2090 abductis
1920 2039 2166 2106 captivis,
2200 2054 2340 2107 pra:-

772 2129 915 2180 clare
967 2143 1163 2180 rursus
1221 2127 1273 2179 in
1327 2142 1478 2181 suam
1531 2130 1821 2182 revertitur
1867 2131 2162 2198 regionem.
2205 2129 2341 2182 Cum

772 2228 950 2271 autem
993 2218 1294 2272 invenisset
1324 2219 1464 2272 inter
1489 2220 1732 2288 captivos
1761 2237 1926 2273 unum
1961 2238 2024 2273 ex
2056 2221 2178 2273 filiis
2203 2220 2342 2274 Cur-

772 2324 914 2368 saro,
952 2310 1170 2363 nomine
1211 2307 1540 2373 Teridatem,
1575 2326 1698 2363 eum
1734 2312 1952 2378 quidem
1996 2329 2102 2364 non
2133 2313 2344 2365 interfi-

773 2402 846 2454 cit
873 2412 1091 2469 propter
1120 2411 1362 2455 teneram
1391 2402 1566 2456 adhnc
1595 2412 1806 2456 aetatem
1838 2420 1850 2456 :
1886 2404 2050 2456 mittit
2077 2414 2256 2456 autem
2289 2404 2340 2456 in

772 2493 1022 2546 exsilium
1056 2493 1110 2546 in
1145 2493 1511 2549 Romanorum
1553 2496 1849 2564 regionem.
1881 2493 1975 2548 Hic
2008 2506 2090 2549 est
2119 2495 2343 2550 Terida—

775 2595 877 2649 tes,
923 2585 1012 2653 qui
1066 2600 1291 2655 regnum
1335 2587 1718 2640 Armeniorum
1765 2588 2051 2656 posteriori
2103 2599 2344 2658 tempore

774 2675 1020 2730 Romano
1073 2676 1273 2731 auxilio
1316 2678 1606 2746 acquisivit
1637 2689 1692 2732 et
1719 2680 1946 2748 accepit,
1991 2688 2044 2734 et
2093 2697 2344 2750 magnum

773 2769 1091 2840 Gregorium
1126 2771 1409 2826 tormentis
1451 2771 1682 2838 subjecit
1718 2772 2201 2825 innumerabilibus
2233 2789 2244 2822 :
2295 2782 2349 2826 et

773 2862 863 2930 qui
891 2877 995 2914 non
1021 2862 1194 2916 solum
1220 2877 1344 2915 eum
1373 2861 1596 2914 abduxit
1618 2877 1644 2914 a
1678 2863 1898 2931 pietate,
1919 2862 2010 2915 sed
2037 2863 2149 2930 ipse
2169 2866 2347 2931 potius

775 2955 897 3021 ejus
924 2953 1227 3007 admirabili
1260 2953 1560 3006 constantia
1597 2963 1651 3007 et
1683 2953 1833 3024 plaga
1868 2955 2102 3023 desuper
2135 2956 2344 3009 immis-

774 3061 830 3097 sa
858 3060 886 3098 a
915 3045 1096 3098 divina
1122 3045 1490 3106 Providentia,
1525 3045 1589 3097 ad
1618 3046 1761 3096 illius
1794 3047 1952 3097 Iidem
1988 3047 2084 3098 fuit
2117 3061 2345 3101 conver-

776 3152 889 3191 sus.
919 3135 1023 3188 Sed
1060 3136 1177 3190 haec
1206 3135 1422 3204 quidem
1471 3136 1778 3207 singulatim
1815 3138 2118 3206 procedens
2168 3138 2347 3194 decla-

778 3228 914 3283 rabit
938 3230 1138 3284 oratio.

849 3433 988 3491 VIII.
1015 3437 1280 3492 Artasiras
1310 3436 1491 3509 igitur,
1516 3439 1605 3508 qui
1627 3449 1754 3493 tnne
1772 3449 1886 3492 erat
1919 3454 2006 3492 rex
2034 3438 2341 3505 Persarum,

776 3538 982 3598 partem
1028 3530 1108 3583 sui
1162 3530 1372 3599 imperii
1407 3531 1574 3598 ipsam
1609 3546 1821 3600 quoque
1851 3530 1978 3584 fecit
2006 3530 2344 3584 Armeniam.

774 3622 1070 3690 Gregorius
1110 3634 1288 3675 autem
1327 3623 1466 3674 filius
1496 3623 1664 3684 Anac,
1705 3633 1761 3674 ut
1795 3624 2048 3685 diximus,
2078 3625 2168 3692 qni
2206 3625 2346 3678 Cur-

774 3728 897 3765 saro
927 3713 1296 3775 interfecerat,
1323 3713 1524 3781 (legens
1570 3713 1620 3764 in
1665 3713 1882 3765 civitate
1915 3714 2175 3767 Cmsarem
2202 3715 2346 3783 Cap-

777 3805 1039 3870 padociae,
1089 3813 1144 3859 et
1191 3805 1348 3858 aliam
1399 3804 1585 3859 didicit
1624 3804 1945 3866 doctrinam.
1990 3814 2044 3860 et
2080 3807 2132 3858 in
2186 3808 2346 3861 rebus

776 3897 1104 3951 Christianis
1157 3897 1448 3964 diligenter
1498 3897 1600 3950 fuit
1649 3899 2002 3952 exercitatus.
2063 3897 2346 3953 Teridales

777 3989 1027 4057 proinde,
1065 3988 1154 4054 qui
1189 3998 1307 4041 erat
1334 4002 1398 4040 ex
1431 3987 1692 4054 sanguine
1729 3987 1894 4052 regio,
1924 3988 2259 4041 referebatur
2291 3989 2343 4042 in

778 4095 1064 4132 numerum
1085 4078 1452 4130 Romanorum
1478 4078 1910 4146 magistratuum.
1943 4077 2058 4130 Non
2092 4080 2346 4148 ignorans

774 4179 955 4224 autem
985 4169 1277 4239 Gregorius
1327 4181 1380 4224 et
1425 4185 1541 4239 quae
1586 4170 1715 4223 fecit
1747 4171 1864 4238 ejus
1906 4181 2060 4239 pater
2092 4172 2262 4232 Anac,
2294 4183 2347 4224 et

772 4277 893 4329 quae
933 4261 1002 4316 ab
1045 4263 1162 4329 ipso
1208 4278 1399 4331 passus
1430 4273 1512 4317 est
1551 4273 1705 4330 pater
1743 4262 2033 4326 Teridatis,
2068 4276 2129 4315 ea
2165 4272 2344 4314 tamen

772 4364 981 4406 secreta
1009 4353 1148 4420 apud
1181 4368 1238 4405 se
1271 4363 1480 4417 tenens,
1507 4355 1714 4407 accedit
1745 4353 1809 4405 ad
1837 4351 2168 4416 Tcridatem,
2194 4370 2250 4406 se
2280 4352 2345 4406 ad

773 4444 1137 4496 voluntarium
1158 4444 1276 4512 ejus
1296 4444 1515 4496 tradens
1537 4445 1917 4502 ministerium,
1949 4451 2002 4495 et
2027 4445 2157 4496 citra
2183 4443 2343 4496 ullam

2441 600 2666 668 σπουδὴ,
2692 600 2826 652 ἀλλὰ.
2859 599 3160 667 φεύγοντας
3184 600 3406 659 τούτους
3453 602 3590 652 κατὰ
3618 603 3866 670 γέφυραν
3902 622 4032 655 tu:

2441 693 2612 759 μέσην
2636 692 3018 754 ἀπολαϐόντες,
3047 692 3412 759 ὑποϐρυχίους
3443 692 3516 760 τῷ
3544 695 3774 761 ποταμῷ
3808 696 4028 746 ἔδοσαν.

2439 789 2551 840 Καὶ
2615 786 2724 837 τῶν
2774 787 3076 838 διωκόντων
3139 785 3592 852 ὑποστρεψάντων
3652 788 3863 849 γίνεται
3933 788 4035 851 τῆς

2439 881 2630 944 γενεᾶς
2674 879 2831 944 φόνος
2886 879 3126 944 ἁπάσης,
3158 878 3324 929 αὑτοῦ
3378 894 3434 927 τε
3465 876 3555 927 τοῦ
3585 877 3753 927 Ἀνὰκ
3794 881 3888 928 καί
3935 878 4030 928 τοῦ

2441 967 2693 1034 ἀδελφοῦ,
2728 969 3037 1019 τελευταῖον
3079 967 3233 1018 τοῦτο
3283 967 3412 1027 ἔπος
3457 965 3549 1016 τοῦ
3585 965 3904 1032 Ἀρμενίων
3943 967 4034 1031 Ξα-

2443 1062 2631 1123 σιλέως
2663 1063 2718 1111 ὲν
2750 1053 3004 1129 ἐσχάταις
3052 1063 3241 1120 πνοαῖς
3281 1060 3710 1128 ἐπισκήψαντος,
3748 1062 3850 1125 τὴν
3885 1077 4028 1109 πλακ-

2438 1154 2564 1220 τελῆ
2601 1153 2692 1205 τοῦ
2726 1154 2916 1218 γένους
2940 1152 3047 1203 τῶν
3081 1154 3376 1205 ἀνελόντων
3401 1152 3699 1204 ἀπώλειαν.
3745 1154 3861 1202 Καὶ
3887 1151 4032 1201 οὕτω

2444 1247 2540 1313 μὲν
2583 1246 2862 1296 ἀπώλοντο
2908 1247 3129 1307 πάντες,
3189 1244 3326 1311 πλὴν
3368 1244 3458 1295 δύο
3493 1245 3655 1294 τινῶν
3697 1243 3795 1294 τοῦ
3854 1244 4028 1293 ’Λιιακ

2441 1339 2667 1396 παίδων,
2693 1338 2785 1388 καὶ
2818 1336 3022 1387 τούτων
3064 1335 3262 1403 κομιδῇ
3307 1336 3517 1403 νηπίων
3548 1335 3642 1385 καὶ
3673 1336 3730 1385 ἐν
3763 1351 4030 1400 σπαρτα-

2442 1449 2550 1490 νοις
2601 1430 2680 1480 ἔτι
2718 1430 2810 1479 καὶ
2840 1429 3063 1495 γάλαξιν
3097 1428 3288 1487 ὅντων,
3350 1426 3440 1488 οὑς
3474 1428 3584 1478 τῶν
3629 1428 4030 1495 προσηκόντων

2441 1538 2522 1581 τις
2549 1520 2917 1587 .ὑφελόμενος,
2971 1521 3060 1570 τὸν
3103 1520 3203 1587 μὲν
3239 1523 3294 1572 ἐν
3342 1523 3455 1581 τοῖς
3497 1523 3593 1586 τῆς
3625 1519 3895 1587 Περσίδος
3941 1521 4034 1582 pio

2443 1626 2580 1681 ρεσι,
2619 1613 2708 1663 τὸν
2733 1611 2790 1662 δὲ
2820 1613 2877 1662 ἐν
2920 1615 2986 1680 τῇ
3027 1612 3310 1678 Ῥωμαῖκῇ
3345 1612 3636 1673 ὑπεξέθετο
3669 1612 4030 1678 ἐπικρατείᾳ.

2439 1704 2741 1772 Γρηγόριος
2772 1706 2799 1755 6
2825 1703 2968 1763 θεῖος
3008 1697 3163 1763 οὗτος
3189 1699 3276 1771 ἦν,
3314 1695 3373 1754 οὑ
3405 1703 3529 1762 τοὺς
3559 1703 3854 1768 λαμπροὺς
3888 1704 4032 1767 ὑπὲρ

2441 1794 2720 1855 εὐσεϐείας
2749 1795 2966 1855 ἀγῶνας
2990 1795 3016 1844 6
3061 1793 3216 1860 λόγος
3249 1792 3501 1860 ἀπαρχῆς
3530 1793 3709 1842 είπείν
3739 1791 4030 1858 ὥρμηται.

2441 1884 2547 1937 Τοῦ
2577 1885 2634 1937 δὲ
2674 1886 2974 1952 Ἀρμενίων
3016 1885 3282 1953 βασιλέως
3312 1885 3370 1935 ὃν
3407 1885 3621 1951 εἴρηται
3656 1884 3863 1949 τρόπον
3895 1885 4029 1948 ἀντ,-

2443 1977 2701 2044 ρημένου,
2747 1975 2824 2044 τῷ
2856 1978 3203 2044 εὑτυχήματι
3246 1975 3504 2042 ἐπαρθεὶς
3530 1977 3557 2025 6
3594 1975 3838 2043 Πέρσης,
3869 1990 4028 2024 τετι.

2443 2068 2736 2137 ραγμένοις
2765 2067 3146 2137 ἐπιστρατεύει
3183 2069 3288 2126 τοῖς
3318 2065 3649 2132 Ἀρμενίοις,
3691 2067 3788 2116 καὶ
3827 2065 4034 2129 ποὶλῇν

2442 2159 2866 2226 περιϐαλόμενος
2916 2157 3066 2208 λείαν
3094 2157 3187 2207 καὶ
3216 2156 3596 2223 δορυαλώτους
3625 2156 3706 2206 ὅτι
3737 2155 4032 2215 πλείστους

2441 2249 2644 2310 λαϐὼν,
2689 2249 2770 2310 είς
2821 2247 2919 2315 τὴν
2970 2247 3179 2298 οἰκείαν
3224 2247 3490 2315 λαμπρῶς
3525 2246 3800 2311 ἐπανῆκεν
3847 2241 4030 2304 αὖίὲις.

2445 2337 2632 2404 Εὑρὼν
2676 2337 2730 2387 δὲ
2775 2338 2832 2387 ὲν
2869 2339 2980 2396 τοῖς
3012 2337 3379 2404 αἰχμαλώτοις
3427 2338 3520 2386 ἕνα
3551 2337 3658 2385 τιῖιν
3700 2336 3830 2385 υἱῶν
3885 2335 4032 2385 Κου-

2447 2427 2598 2494 σαρὼ
2636 2426 2943 2495 Τηριδατην
2973 2427 3163 2494 ὄνομα,
3203 2427 3301 2477 οὐκ
3348 2427 3562 2495 ἀναιρεῖ
3592 2427 3690 2494 μὲν
3735 2428 3902 2478 αὑτὸν
3943 2427 4033 2477 διὰ

2443 2521 2502 2572 τὸ
2548 2522 2832 2587 Ῥωμαίων
2864 2521 2969 2589 ἢθη
3004 2521 3316 2588 φυγαδεύει.
3359 2516 3528 2581 Οὗτός
3573 2522 3686 2571 ἐστι
3716 2520 4033 2587 Τηρδατης

2443 2615 2470 2666 6
2495 2615 2585 2665 καὶ
2617 2615 2713 2682 τὴν
2735 2612 3035 2682 Ἀρμενίων
3063 2614 3235 2683 ἀρχὴν
3263 2616 3440 2683 χρόνῳ
3474 2615 3700 2679 ὕστερον
3737 2612 4031 2678 Ῥωμαῖκῇ

2450 2705 2737 2773 συμμαχίᾳ
2757 2707 2850 2754 καὶ
2876 2705 3040 2772 ψήφῳ
3067 2703 3550 2771 κατακτησάμενος
3580 2702 3673 2753 καὶ
3706 2699 4034 2764 ὑπολαεὼτ,

2449 2799 2540 2850 καὶ
2575 2797 2665 2848 τὸν
2702 2797 2875 2865 μέγαν
2911 2797 3212 2865 Γρηγόριον
3249 2795 3504 2863 βασάνοις
3546 2794 3849 2862 ἀμυθήτοις
3893 2795 4032 2842 ὑπο-

2446 2888 2650 2952 λαῦὼν,
2683 2889 2774 2939 καὶ
2810 2888 2882 2958 μὴ
2919 2888 3083 2956 μόνον
3129 2889 3202 2957 μὴ
3229 2889 3549 2956 ἀποστήσας
3588 2885 3779 2938 τοῦτον
3807 2884 3904 2949 τῆς
3947 2885 4034 2934 εἰ·

2450 2981 2684 3044 σεδείας,
2736 2981 2869 3033 ἀλλὰ
2916 2981 3006 3032 καὶ
3056 2980 3216 3042 αὑτὸς
3266 2981 3439 3046 δήπου
3501 2982 3566 3047 τῇ
3613 2995 3671 3029 τε
3701 2976 3794 3027 τοῦ
3833 2976 4033 3044 saepe;

2449 3074 2718 3139 ὑπερφυεῖ
2751 3073 3034 3140 καρτερίᾳ,
3063 3071 3156 3122 καὶ
3184 3075 3248 3138 τῇ
3279 3071 3498 3131 ὲκοείας
3527 3068 3785 3136 προνοίας
3817 3069 4033 3119 ἄνωθεν

2453 3163 2698 3228 μάστιγι,
2731 3147 2866 3232 πρὸς
2899 3163 2997 3229 τὴν
3024 3161 3236 3213 ἐκείνου
3270 3162 3450 3211 πίστιν
3485 3159 3824 3228 μεταϐαλών.
3861 3160 4032 3212 Ἀλλὰ

2450 3253 2618 3309 ταῦτα
2654 3256 2751 3326 μὲν
2776 3255 2917 3308 κατὰ
2953 3257 3119 3326 μέρος
3150 3253 3354 3324 προῖὼν
3392 3256 3418 3306 6
3444 3253 3599 3322 λόγος
3626 3253 3884 3322 δηλώσει.

2521 3438 2604 3492 H'.
2644 3437 3006 3507 Ἀρτασείρας
3056 3440 3101 3490 δ’
3135 3437 3227 3491 οὖν
3263 3439 3380 3491 τότε
3408 3441 3434 3491 ὁ
3460 3438 3565 3491 τῶν
3597 3437 3823 3506 Περσῶν
3871 3435 4033 3499 βασι-

2447 3527 2571 3590 λεὺς
2614 3531 2778 3596 μέρος
2827 3529 2924 3597 τῆς
2959 3529 3093 3590 ιδίας
3140 3531 3312 3596 ἀρχῆς
3343 3529 3436 3580 καὶ
3469 3530 3566 3596 τὴν
3608 3530 3909 3592 Ἀρμενίαν
3941 3528 4033 3575 aio

2446 3622 2545 3691 τὴν
2581 3623 2895 3690 ἐποιήσατο.
2946 3621 3004 3674 Ὀ
3044 3621 3102 3674 δὲ
3132 3622 3222 3673 τοῦ
3259 3621 3426 3673 Ἀνὰκ
3469 3623 3594 3682 παῖς
3622 3617 3714 3670 τοῦ
3749 3619 3838 3668 τὸν
3889 3619 4031 3668 Κου-

2450 3714 2601 3782 σαρὼ
2633 3713 2913 3774 ἀνελόντος
2947 3714 3061 3783 ἅμα
3108 3712 3184 3780 τῷ
3221 3711 3435 3780 ἀδελφῷ
3466 3710 3749 3780 Γρηγορίῳ
3779 3711 3835 3760 ὲν
3877 3708 4032 3760 πόλει

2450 3806 2788 3872 Καισαρείας
2828 3809 2926 3872 τῆς
2968 3805 3373 3864 Καππαδοκίας
3414 3804 3636 3869 διάγων,
3677 3803 3939 3854 παιδείαν
3974 3819 4029 3853 τε

2448 3899 2546 3966 τὴν
2579 3897 2742 3968 ἄλλην
2782 3897 3074 3963 ἐμάνθανε,
3111 3896 3205 3948 καὶ
3244 3896 3307 3947 τὰ
3337 3894 3676 3960 Χριστιανῶν
3720 3893 4031 3958 φιλοπόνως

2448 3993 2687 4059 ⁴Ιισκεῖτο.
2719 3989 3027 4059 Τηριδάτης
3065 3983 3354 4040 τοίνυνόία
3383 3987 3448 4054 δὴ
3478 3983 3756 4054 βασιλικοῦ
3793 3986 4032 4052 αἷματες

2449 4082 2522 4134 ὢν
2573 4085 2682 4143 τοῖς
2750 4085 2823 4147 ἐν,
2878 4082 3019 4132 τέλει
3076 4082 3461 4149 συνηριθμεῖτο
3530 4081 3842 4148 Ῥωμαίων.
3914 4081 4027 4130 οᾷκ

2448 4171 2656 4237 ἀγνοῶν
2685 4169 2775 4222 οὖν
2813 4172 2839 4222 ὁ
2870 4161 3172 4241 Γρηγόριος
3198 4170 3232 4222 ἃ
3263 4185 3318 4221 τε
3360 4172 3386 4221 6
3412 4169 3601 4220 τούτου
3641 4170 3820 4234 πατὴρ
3857 4170 4030 4220 Ἀνακ

2449 4263 2476 4315 δ
2503 4263 2775 4333 επράξατο
2801 4265 2894 4315 καὶ
2921 4263 2955 4315 ἃ.
2985 4265 3010 4314 6
3041 4264 3342 4333 Τηριδάτου
3379 4261 3508 4330 παρ’
3536 4259 3696 4312 αὑτοῦ
3727 4262 3971 4312 πέπονθε
3995 4283 4026 4322 ιι,

2450 4356 2726 4425 ἁνέκερορα
2771 4354 2828 4406 δὲ
2867 4355 3018 4422 ὅμως
3056 4357 3190 4419 παρ’
3235 4355 3410 4422 ἐαυτῷ
3449 4355 3714 4420 κατέχων,
3773 4355 4030 4420 πρόσεισι

2448 4448 2524 4518 τῷ
2567 4448 2840 4516 Τηριδάτῃ
2877 4448 2954 4509 εἰς
2984 4447 3230 4498 ἑκούσιον
3275 4448 3465 4497 ἑαυτὸν
3498 4448 3807 4514 ὑπηρεσίαν
3847 4449 4031 4513 ἐγχει-

771 4534 1180 4588 excusationem
1229 4533 1466 4588 Teridati
1519 4534 1573 4588 in
1625 4536 1880 4588 omnibus
1942 4534 2153 4589 fidelem
2191 4549 2339 4587 suam

2453 4542 2636 4610 ρίζων,
2680 4541 2772 4592 καὶ
2811 4536 2879 4610 ἦν
2927 4540 3333 4608 ἀπροςρὰσιστον
3370 4540 3426 4590 ἐν
3466 4539 3598 4590 πᾶσι
3644 4537 3716 4603 τῷ
3749 4538 4029 4608 Τηριξατῃ

773 4627 1050 4692 praebebat
1077 4640 1317 4692 operam.
1341 4625 1478 4678 Cum
1507 4636 1684 4678 autem
1705 4627 2001 4694 accepisset
2021 4626 2341 4695 Gregorium

772 4717 1139 4778 Christianam
1181 4726 1369 4770 tenere
1408 4717 1741 4784 religionem,
1775 4732 1916 4784 aegre
1955 4717 2162 4770 ferebat
2195 4716 2344 4770 Teri-

776 4811 1082 4879 datcs,qui,
1113 4810 1212 4862 etsi
1243 4811 1376 4862 nihil
1409 4811 1723 4877 proficeret,
1761 4825 1868 4862 non
1890 4811 2137 4862 cessabat
2164 4821 2341 4862 tamen

773 4918 897 4955 eum
925 4902 1228 4970 increpare.
1255 4901 1440 4956 Gottlii
1472 4917 1598 4955 vero
1626 4904 1714 4956 illo
1737 4913 1981 4971 tempore
2008 4901 2342 4972 populaban-

776 5003 865 5045 tur
899 5003 955 5045 et
993 4995 1273 5046 vastabant
1297 5008 1456 5062 agros
1487 4994 1742 5047 Romanae
1773 4993 2027 5063 regionis.
2069 4992 2223 5048 Unde
2253 4991 2342 5058 qui

775 5099 906 5139 tunc
931 5085 1232 5138 Romanum
1283 5086 1562 5138 obtinebat
1599 5086 1884 5154 imperium
1937 5085 2171 5138 surrexit
2232 5084 2344 5152 ipse

775 5193 992 5247 quoque
1047 5176 1177 5229 totis
1218 5175 1467 5230 viribus:
1503 5187 1557 5230 et
1600 5194 1719 5246 qua:
1760 5178 1825 5230 ad
1873 5178 2070 5230 bellum
2114 5178 2344 5246 pertine-

777 5276 908 5322 bant
959 5269 1204 5337 parabat,
1257 5282 1455 5335 eosque
1506 5270 1734 5323 advocat
1771 5270 1860 5337 qui
1925 5270 2044 5336 ejus
2082 5269 2343 5336 parebant

776 5362 1001 5421 ditione,
1035 5375 1095 5411 ac
1142 5375 1199 5413 se
1251 5359 1475 5413 omnino
1535 5361 1836 5413 instruebat
1890 5362 1952 5413 ad
2007 5361 2344 5413 ulciscendos

776 5452 1026 5509 Gottbos.
1078 5450 1211 5504 Cum
1279 5455 1459 5521 itaque
1506 5453 1640 5505 alter
1705 5471 1767 5506 ex
1833 5456 2061 5508 adverso
2123 5456 2345 5508 alterius

779 5543 1144 5600 castrametati
1198 5554 1403 5608 essent,
1462 5553 1514 5597 et
1562 5543 1736 5596 aciem
1801 5547 2014 5612 utrique
2062 5546 2344 5598 inStrnxis-

779 5649 918 5704 sent,
953 5647 1007 5693 et
1039 5653 1229 5691 manus
1261 5652 1380 5689 mox
1414 5646 1597 5694 essent
1628 5642 1949 5698 conserturi,
1981 5637 2088 5690 dux
2119 5637 2345 5692 Gottho-

780 5747 898 5785 rmn
943 5732 1252 5799 provocavit
1311 5746 1489 5801 regem
1539 5733 1906 5788 Romanorum
1955 5731 2017 5783 ad
2076 5732 2344 5801 singulare

782 5833 1076 5880 certamen.
1120 5822 1208 5879 Ille
1238 5834 1415 5881 autem
1453 5825 1646 5893 (neque
1688 5825 1827 5879 enim
1860 5831 2067 5894 poterat
2093 5827 2202 5879 suis
2237 5841 2346 5880 nia-

2447 4634 2542 4686 καὶ
2576 4636 2772 4700 πιστὴν
2815 4634 3098 4694 ἀποδιδοὺς
3145 4633 3469 4700 ὑπηρεσίαν.
3506 4629 3708 4682 Μαθὼν
3746 4630 3802 4680 δὲ
3838 4634 3924 4680 Et:
3963 4635 4027 4680 τα

2448 4724 2796 4788 Χριστιανῶν
2840 4723 3134 4790 Θρησκειπει
3168 4723 3498 4790 Γρηγόριος,
3558 4722 3915 4787 ἐδυσχέραινέ
3971 4738 4024 4772 τε

2447 4811 2600 4875 οὗτος
2644 4815 2672 4865 6
2714 4814 3020 4882 Τηριδάτης
3070 4815 3164 4864 καὶ
3213 4813 3261 4863 εί
3288 4813 3452 4880 μηδὲν
3485 4814 3669 4880 ἤνυεν,
3706 4812 3858 4878 ὅμως
3910 4814 4024 4861 ἐπ.-

2446 4907 2622 4975 τιμῶν
2655 4907 2753 4958 οὑκ
2807 4906 2970 4958 ἀνίει.
3014 4905 3202 4957 Γότθοι
3245 4905 3298 4956 δὲ
3330 4905 3451 4956 κατ’
3492 4908 3667 4956 ἐκεῖνο
3719 4905 3917 4971 καιροῦ
3963 4907 4022 4955 τα

2458 4998 2748 5068 Ῥωμαίων
2781 4998 2954 5070 χωρία
2983 4996 3175 5066 ἐδῄουν
3205 5015 3260 5048 τε
3289 5000 3380 5051 καὶ
3411 4998 3886 5065 ἠνδραποδίξοντο.
3920 5002 4023 5050 Καὶ

2447 5092 2474 5142 6
2516 5094 2805 5160 Ῥωμαίοις
2854 5092 2910 5142 δὲ
2963 5092 3084 5143 τότε
3133 5092 3230 5158 τὴν
3287 5090 3562 5158 βασιλείαν
3601 5091 3825 5146 διέπων,
3879 5095 4019 5143 διαν-

2453 5179 2635 5233 ίστατο
2675 5186 2766 5232 καὶ
2813 5181 2972 5241 αὐτὸς
3011 5183 3174 5232 παντὶ
3218 5181 3414 5244 σθένει,
3459 5182 3552 5231 καὶ
3588 5184 3655 5230 τὰ
3687 5180 3768 5240 είς
3796 5181 3889 5231 τὸν
3933 5188 4020 5235 πό-

2449 5271 2611 5340 λεμον
2659 5273 2797 5338 μετὰ
2841 5272 2949 5322 τῶν
2995 5271 3097 5321 ὑπὸ
3131 5272 3286 5338 χεῖρα
3317 5268 3695 5336 τιὺτρεπίζετο,
3743 5275 3836 5320 καὶ
3881 5275 4014 5338 ἀμυ-

2455 5363 2660 5416 νεῖσθαι
2683 5363 2910 5426 ΓότΘους
2939 5361 3587 5426 συνεσκευάζετο.”Ενοεν
3610 5379 3691 5414 τοι
3717 5365 3839 5413 ἀντὶ
3873 5382 4017 5430 32,5:-

2449 5457 2932 5522 τοπεδευσαμένων
2967 5458 3029 5506 ἐκ
3073 5454 3165 5505 τοῦ
3199 5453 3438 5505 ἐναντίου
3476 5452 3759 5519 ἀλλήλοις,
3801 5457 3891 5503 καὶ
3927 5457 4014 5522 τὴν

2452 5553 2711 5615 στρατιὰν
2782 5548 3047 5615 ἑκατέραν
3105 5543 3492 5604 διίαταξάντων,
3567 5545 3660 5594 καὶ
3711 5546 3791 5603 εἰς
3837 5549 4013 5613 χεῖρας

2449 5641 2572 5691 ὅσον
2624 5638 2838 5690 οὐδέπω
2903 5639 3108 5694 ἰόντων,
3155 5635 3180 5684 6
3225 5635 3331 5684 τῶν
3373 5634 3586 5684 Γότοων
3638 5633 3880 5699 ἀρχηγὸς
3943 5635 4013 5691 ei;

2453 5732 2793 5801 μονομαχίαν
2829 5727 3187 5798 προεκαλεῖτο
3215 5725 3304 5778 τὸν
3337 5725 3561 5794 βασιλέα
3610 5723 3919 5793 Ῥωμαίων.
3962 5724 4009 5774 ’0

2450 5826 2499 5877 δέ
2532 5824 2618 5893 (οὐ
2663 5825 2771 5891 γὰρ
2815 5817 2922 5881 οἷός
2963 5834 3021 5870 τε
3072 5812 3147 5884 ἦν
3187 5816 3389 5886 χερσὶν-
3421 5815 3650 5880 οἰκείαις
3697 5814 4003 5870 vahlen
