4188 6436
191 405 296 466 953

1130 404 1302 463 ῊΤΑ
1345 403 1403 461 S.
1442 393 1833 461 GREGORII
1874 405 2516 472 ILLUMINATORIS.

3326 410 3433 474 954

188 518 282 566 τὸν
312 510 661 581 ἀντίπαλον),
698 512 780 574 τίς
811 510 875 564 ἂν
900 512 1104 563 ἐκεῖνον
1129 512 1440 581 ὑποκριθε“ις
1471 508 1551 582 τῷ
1582 510 1762 583 Γότθῳ

1872 516 2028 572 nibus
2058 529 2408 587 prosternere
2438 516 2832 588 adversarium)
2867 517 3164 588 qurerebat,
3184 518 3430 586 quisnam

188 602 520 675 προσδιίλλοι
571 605 636 656 ὲκ
669 602 775 654 τῶν
806 602 933 672 παρ’
971 603 1147 671 ἑαυτῴ
1183 602 1455 673 ἐπεζήτει.

262 788 341 840 Θ¹.
374 786 713 848 Λικιννιανὺς
741 788 798 840 δέ
839 805 921 850 τις
973 788 1113 857 ἀνὴρ
1143 789 1253 841 τῶν
1292 792 1350 843 ὲν
1404 792 1760 860 στρατηγίαις

189 877 595 946 ἐξεταζομένων
627 880 687 931 τὸ
718 880 1017 947 τηνικαῦτα
1054 880 1277 951 θαρρεῖν
1341 883 1653 935 ὑποτίθεται
1685 883 1760 953 τῷ

190 968 433 1037 βασιλεῖ·
461 966 727 1037 εἶναιγὰρ
769 971 932 1021 παλαι
960 970 1066 1023 τῶν
1098 971 1227 1037 παρ’
1256 972 1405 1041 αὑτῷ
1458 990 1754 1039 στρατευο-

192 1061 375 1128 μένων
430 1061 547 1112 τινὰ
572 1104 585 1125 ,
622 1061 927 1131 Τηριδάτην
960 1066 1162 1115 ἐκεῖνον
1214 1064 1305 1115 τὸν
1332 1067 1410 1125 είς
1446 1065 1508 1116 τὸ
1554 1066 1763 1133 βασιλι-

190 1154 287 1202 κὸν
318 1153 417 1221 τῆς
463 1156 753 1222 Ἀρμενίας
782 1154 1125 1220 ἀναφέροντα
1148 1150 1305 1222 αἷμα,
1346 1156 1513 1223 ἄνδρα
1535 1158 1757 1225 δυνάμει

190 1244 285 1293 καὶ
317 1246 504 1311 χερσὶν
537 1246 770 1311 ἄμαχον,
807 1245 900 1295 καὶ
926 1244 1125 1313 πολλὴν
1156 1248 1213 1295 ἐν
1246 1247 1461 1308 πολλοῖς
1490 1248 1760 1301 δεδωκότα

193 1338 392 1405 πεῖραν
423 1336 519 1401 τῆς
544 1336 705 1387 αὑτοῦ
747 1337 1143 1401 γενναιότητος.
1171 1331 1341 1401 Οὗτος
1373 1341 1465 1391 καὶ
1488 1340 1584 1392 νῦν
1613 1343 1761 1403 παρὰ

190 1427 268 1493 τῷ
304 1427 553 1495 παλατίῳ
584 1428 848 1495 διατρίϐει
878 1428 1059 1495 φησίν.
1110 1430 1336 1496 ’Λγεται
1371 1431 1499 1496 γοῦν
1524 1433 1761 1500 Τηριδάο

190 1534 291 1585 της
321 1520 399 1577 εἰς
435 1519 617 1585 μέσον,
657 1519 749 1569 καὶ
782 1518 879 1588 τὴν
911 1519 1195 1588 βασιλικὴν
1236 1522 1386 1591 αὐτῷ
1420 1524 1762 1591 περιτίθησιν

190 1612 217 1660 ὁ
245 1609 497 1677 βασιλεὺς
526 1611 842 1678 ἁλουργίδα,
875 1614 967 1663 καὶ
996 1612 1065 1663 τὰ
1110 1615 1209 1681 τῆς
1239 1614 1413 1682 ἀρχῆς
1454 1617 1763 1684 παράσημα

194 1705 397 1765 πάντα,
432 1702 505 1763 ὡς
535 1704 597 1755 ἂν
624 1705 808 1772 δοκοίη
840 1704 929 1754 καὶ
954 1704 1207 1771 βασιλεὺς
1238 1702 1398 1767 εἶναι,
1427 1710 1453 1759 ὁ
1483 1708 1578 1776 τὴν
1604 1726 1760 1777 μονο-

198 1796 404 1863 μαχίαν
441 1796 573 1862 πρὲις
622 1796 711 1847 τὸν
766 1796 1042 1864 βάρϐαρον
1109 1796 1522 1864 ἀναιρούμενος.
1583 1802 1761 1853 Κατα-

196 1891 423 1947 σιάντες
451 1884 543 1941 οὖν
575 1891 653 1950 εἰς
684 1890 863 1957 μάχην
916 1889 942 1941 ὃ
973 1903 1029 1941 τε
1058 1888 1147 1940 τὸν
1197 1889 1419 1956 βασιλέα
1480 1894 1766 1960 Ῥωμαίων

196 1982 632 2049 ὑποκρινόμενος
667 1981 997 2050 Τηριδάτης,
1038 1984 1131 2034 καὶ
1156 1982 1318 2044 αὐτὸς
1366 1984 1391 2033 6
1418 1984 1523 2035 τῶν
1555 1984 1766 2038 Γότοων

196 2072 471 2139 ἀρχηγὸς,
503 2073 653 2141 παρὰ
686 2073 940 2126 τοσοῦτον
1002 2074 1311 2141 Τηριδάτης
1362 2076 1634 2145 ἐκράτησε
1672 2078 1766 2129 τοῦ

200 2164 504 2234 βαρὸάρου,
562 2166 635 2225 ὡς
706 2167 839 2231 μηδὲ
893 2165 1047 2231 ξίφος
1101 2164 1187 2215 ἐπ’
1248 2166 1409 2217 αὑτὸν
1455 2167 1765 2221 σπάσασθαι

203 2258 341 2325 μηδὲ
373 2257 499 2323 δόρυ
570 2257 812 2321 κινῆσαι,
860 2255 974 2309 ἀλλ’
1040 2258 1281 2324 ἁρπάσαι
1320 2274 1379 2309 τε
1424 2258 1612 2309 τοῦτον
1638 2262 1763 2321 ταῖς

198 2350 358 2415 χερσὶ
391 2348 542 2414 ῥᾷον,
577 2350 668 2398 καὶ
710 2346 856 2416 αύτῷ
900 2347 1113 2416 βασιλεῖ
1148 2353 1499 2419 παραστῆσαι
1560 2350 1764 2413 ζῶντα.

202 2437 396 2489 Ἔνθεν
420 2455 497 2489 τοι
522 2439 643 2491 οὐδὲ
670 2440 905 2505 ἀναξίων
963 2442 1095 2511 παρ’
1155 2444 1320 2495 αὐτοῦ
1353 2446 1609 2512 τυγχάνει
1660 2446 1770 2499 τῶν

197 2529 397 2590 ἄθλων.
415 2530 676 2598 Χρήμασι
703 2548 755 2582 τε
783 2533 891 2599 γὰρ
912 2534 1073 2584 αὐτον
1100 2535 1499 2601 φιλοφρονεῖται
1533 2536 1766 2599 πολλοῖς,

198 2622 298 2674 καὶ
324 2622 633 2691 πορφυρίδα
690 2622 1035 2692 περιϐάλλει,
1100 2626 1189 2676 καὶ
1231 2625 1497 2694 βασιλικῷ
1528 2628 1628 2696 τὴν
1678 2646 1770 2681 κεο

198 2716 381 2783 φαλὴν
409 2717 703 2785 ἐπικοσμεῖ
759 2717 1073 2787 διαδήματι,
1122 2707 1218 2769 καὶ
1269 2720 1347 2779 είς
1380 2720 1479 2789 τὴν
1512 2720 1768 2792 πατρῴαν

199 2809 376 2876 ἀρχὴν
409 2808 807 2874 ἀποκαθίστησι
835 2810 923 2861 τὸν
963 2811 1292 2880 Τηριδάτην.
1328 2812 1401 2864 Τὸ
1432 2814 1613 2880 μέντοι
1642 2816 1771 2868 Γοτ-

200 2898 379 2964 θικδν,
412 2900 727 2966 παραλόγου
756 2900 853 2967 τῆς
882 2901 1051 2969 τύχης
1077 2902 1217 2955 οὕτω
1252 2906 1621 2973 πειραθέντες,
1679 2910 1773 2962 καὶ

203 2990 581 3057 συλληφθέντα
611 2989 699 3042 τὸν
734 2991 974 3060 ὰρχηγίν
1014 2994 1076 3044 ἐκ
1102 2993 1196 3045 τοῦ
1248 2996 1513 3061 αἰφνιδίου
1549 3000 1769 3067 ἰδόντες,

198 3080 548 3135 διεσκέδαστό
574 3099 631 3136 τε
667 3083 813 3138 ἅπαν
870 3086 964 3137 καὶ⁵
1008 3086 1181 3150 ὀλίγοι
1238 3087 1375 3156 πρὸς
1426 3088 1525 3155 τὴν
1562 3091 1769 3143 οἰκείαν

1862 624 1926 661 ex
1960 610 2072 663 suis
2110 625 2168 663 se
2208 610 2359 663 illum
2399 625 2523 665 esse
2562 610 2825 664 simulans
2885 624 3007 664 cum
3054 608 3255 663 Gottlio
3304 624 3434 663 con-

1862 702 2200 769 grederctur.

1933 795 2023 849 IX.
2060 796 2373 850 Licinianus
2414 805 2597 849 autem
2630 796 2711 848 vir
2741 795 2958 864 quidam
3005 810 3071 847 ex
3118 794 3202 858 iis,
3241 794 3331 861 qui
3377 796 3429 847 in

1864 887 2127 941 ducendis
2168 886 2498 940 exercitibus
2549 897 2677 940 tunc
2727 897 2876 940 erant
2923 886 3148 951 pulchre
3205 886 3431 947 versati,

1862 980 2014 1047 jubet
2064 982 2439 1045 imperatorem
2497 979 2638 1030 bono
2689 992 2808 1029 esse
2843 978 3073 1028 animo:
3114 990 3233 1028 esse
3287 975 3429 1027 enim

1867 1086 2032 1122 unum
2068 1085 2133 1121 ex
2188 1069 2252 1121 iis
2293 1068 2379 1135 qui
2416 1068 2553 1134 apud
2602 1068 2777 1135 ipsum
2833 1068 3081 1127 tnilitant,
3127 1065 3431 1117 Teritlatent

1867 1161 2074 1213 scilicet
2094 1159 2265 1219 illum,
2289 1159 2378 1226 qui
2400 1162 2563 1212 refert
2592 1174 2761 1226 genus
2790 1158 2853 1209 ad
2882 1159 3086 1227 regium
3118 1157 3433 1226 sanguinem

1864 1253 2157 1311 Armeniae,
2192 1252 2391 1309 virum.
2428 1250 2516 1318 qui
2561 1249 2765 1301 viribus
2807 1257 2859 1300 et
2904 1249 3069 1301 armis
3096 1259 3175 1299 est
3208 1248 3434 1313 inexpu-

1865 1344 2112 1412 gnabilis,
2156 1352 2211 1396 et
2258 1342 2348 1410 qui
2383 1343 2435 1394 in
2474 1340 2653 1393 multis
2691 1355 2799 1393 suae
2828 1339 3038 1392 virtutis
3084 1339 3231 1392 dedit
3272 1353 3437 1406 expe-

1868 1437 2137 1490 rientiam.
2199 1435 2249 1487 ls
2309 1449 2457 1486 nunc
2510 1450 2743 1502 quoque,
2809 1431 3019 1499 inquit.
3072 1441 3319 1483 versatur
3380 1430 3433 1481 in

1867 1532 2131 1583 exercitu.
2182 1528 2239 1581 In
2293 1527 2529 1580 medium
2571 1526 2749 1593 itaque
2792 1526 3006 1579 ducitur
3044 1521 3345 1583 Teritlates,
3381 1531 3435 1574 et

1866 1637 1987 1675 eum
2022 1622 2368 1688 imperatoria
2402 1617 2573 1670 induit
2610 1619 2903 1685 imperator
2938 1632 3198 1683 purpura,
3231 1624 3286 1666 et
3317 1629 3434 1665 om-

1867 1714 2030 1767 nibus
2074 1712 2377 1779 insignibus
2424 1709 2660 1776 imperii,
2714 1716 2774 1760 ut
2830 1709 3107 1759 videretur
3160 1709 3271 1773 ipse
3312 1718 3437 1756 esse

1870 1807 2209 1869 imperator,
2266 1804 2357 1872 qui
2426 1805 2689 1856 adversus
2744 1802 3033 1855 barbarum
3104 1798 3437 1865 suscipiebat

1870 1899 2142 1968 singulare
2171 1905 2469 1949 certamen.
2503 1894 2636 1948 Cum
2670 1896 2735 1948 ad
2778 1909 3011 1963 pugnam
3044 1907 3171 1955 ergo
3217 1904 3438 1958 proces-

1869 1992 2089 2049 sissent.
2152 1999 2208 2043 et
2252 1990 2340 2057 qui
2395 1986 2758 2040 Romanorum
2806 1987 2995 2053 agebat
3053 1985 3436 2051 imperatorem

1869 2083 2171 2136 Teridates.
2215 2089 2269 2132 et
2306 2082 2419 2147 ipse
2458 2083 2565 2132 dux
2594 2078 2943 2138 Gotlhorum,
2982 2091 3152 2144 usque
3184 2075 3319 2127 adeo
3348 2088 3438 2124 su-

1871 2174 2078 2243 peravit
2110 2173 2395 2226 Teridates
2425 2172 2736 2229 barbarum.
2778 2179 2835 2224 ut
2871 2186 2967 2223 nec
3001 2184 3187 2223 ensem
3218 2166 3436 2234 quidem

1871 2269 1923 2321 in
1985 2266 2159 2332 ipsum
2211 2263 2512 2323 strinxerit,
2566 2277 2741 2328 neque
2793 2262 3000 2313 hastam
3032 2259 3261 2311 vibrarit
3297 2275 3309 2309 :
3342 2256 3437 2309 sed

1871 2374 1992 2413 eum
2052 2371 2213 2409 manu
2274 2354 2429 2407 facile
2488 2353 2748 2420 rapuerit.
2800 2361 2855 2404 et
2902 2352 3079 2402 vivum
3116 2348 3331 2403 duxerit
3370 2347 3439 2399 ad

1871 2451 2049 2520 ipsum
2073 2450 2482 2517 imperatorem.
2516 2445 2636 2509 Quo
2669 2444 2833 2513 facto,
2868 2458 2974 2496 non
3017 2441 3233 2510 indigna
3274 2440 3342 2491 ab
3375 2452 3441 2491 eo

1871 2540 2223 2605 consequitur
2270 2538 2510 2605 praemia.
2558 2535 2692 2588 Nam
2732 2544 2786 2589 et
2828 2534 3056 2601 benigne
3111 2536 3159 2585 ei
3210 2532 3439 2584 multum

1870 2630 2097 2698 largitur
2132 2631 2377 2696 pecunize
2408 2638 2461 2680 et
2503 2626 2679 2677 induit
2725 2641 2848 2678 eum
2891 2638 3150 2692 purpura,
3186 2634 3240 2675 et
3278 2628 3444 2689 caput

1871 2723 1988 2789 ejus
2040 2733 2187 2788 regio
2229 2728 2387 2770 ornat
2420 2716 2746 2776 diademate,
2790 2724 2842 2767 et
2887 2730 2995 2767 non
3034 2714 3204 2766 multo
3232 2723 3351 2780 post
3386 2713 3441 2763 in

1873 2824 2160 2885 paternum
2221 2810 2506 2879 imperium
2564 2809 2801 2862 restituit
2857 2808 3185 2861 Teritlatem.
3255 2804 3441 2857 Gotttti

1873 2914 2056 2959 autem
2104 2918 2227 2955 cum
2269 2902 2346 2954 sic
2383 2912 2575 2969 praeter
2620 2900 2886 2953 rationem
2921 2899 3199 2951 adversam
3247 2896 3447 2949 sensis-

1873 3008 1995 3054 sent
2028 2997 2321 3058 fortunam,
2371 3002 2427 3045 et
2478 2992 2670 3045 ducem
2712 3005 2867 3041 suum
2917 3000 3143 3056 repente
3183 2988 3443 3040 vidissent

1877 3087 2351 3153 comprehensum,
2382 3082 2615 3150 dispersi
2661 3091 2788 3135 sunt
2820 3093 3029 3137 omnes,
3076 3085 3133 3131 et
3168 3078 3323 3144 pauci
3357 3090 3443 3128 re.

200 3176 496 3243 ἐπανῆκον,
533 3176 632 3245 τῆς
669 3178 953 3245 συμφορᾶς
1002 3177 1241 3245 ἄγγελοι.
1284 3179 1351 3230 Ὀ
1383 3196 1444 3245 γε
1490 3180 1596 3248 μὴν
1638 3181 1770 3233 Ῥωο

1876 3181 2097 3233 dierunt
2127 3178 2440 3231 in'domum
2469 3189 2621 3228 suam
2664 3172 2841 3226 nuntii
2891 3169 3229 3225 calamitatis.
3268 3169 3444 3237 Impe-

203 3267 381 3335 μαίων
406 3267 654 3337 βασιλεὺς
690 3272 826 3336 μετὰ
860 3271 1132 3338 λαμπρῶν
1184 3273 1461 3339 τροπαίων
1513 3272 1769 3341 εὐδαιμο-

198 3360 433 3411 νέστατα
455 3360 770 3427 ἀνεζεύγνυ.

276 3450 330 3501 ι’.
370 3450 678 3517 Τηριδάτης
712 3450 766 3501 δὲ
792 3451 852 3502 τὸ
874 3452 999 3520 ἑξῆς
1038 3451 1327 3523 ’Δρμενίας
1348 3454 1649 3524 βασιλεύων
1674 3456 1772 3525 τῆς

201 3539 464 3612 πατρῴας
500 3544 700 3612 μᾶλλον
743 3546 921 3615 εἴχετρ
1004 3546 1448 3616 δεισιδαιμονίας,
1506 3550 1685 3612 ἄλλοις
1714 3567 1773 3601 τε

201 3635 355 3689 θύειν
390 3636 627 3698 είδὼλοις
658 3639 751 3689 καὶ
776 3639 840 3706 δὴ
877 3640 969 3690 καὶ
1016 3638 1315 3709 Ἀρτέμιδι,
1363 3644 1428 3710 ἥν
1490 3645 1653 3711 ἐτίμα
1711 3660 1772 3696 τε

200 3731 571 3799 διαφερόντως
623 3732 717 3781 καὶ
767 3730 929 3796 φίλην
962 3734 1149 3798 ἠγεῖτο
1181 3732 1321 3784 θεόν.
1366 3733 1645 3785 Ἐϐούλετο
1675 3737 1773 3800 μὲν

199 3817 301 3872 οὖν
331 3822 425 3884 τῆς
453 3818 641 3876 θυσίας
668 3823 941 3870 κοινωνεῖν
974 3820 1123 3886 αὐτῷ
1149 3822 1238 3872 καί
1263 3821 1354 3871 τὸν
1388 3822 1532 3889 ίερζν
1567 3823 1775 3893 Γρηγό,

206 3924 341 3977 ριον.
373 3906 509 3974 Τῇδε
567 3906 674 3977 γὰρ
710 3908 784 3977 τῷ
816 3909 1098 3979 Τηριδάτῃ
1128 3913 1221 3963 καὶ
1276 3912 1436 3976 αὐτὸς
1471 3914 1672 3967 εἵπετο.
1714 3914 1772 3970 Ὀ

202 4001 261 4053 δὲ
300 3999 398 4052 οὐκ
423 4001 689 4070 ἠνείχετο.
724 4004 1032 4073 Τηριδάτης
1062 4008 1242 4059 τοίνυν
1274 4008 1473 4076 πολλὴν
1511 4011 1656 4078 αὐτῷ
1680 4011 1776 4079 τῆς

203 4108 265 4141 τε
302 4091 465 4159 ἄλλης
502 4095 828 4162 ὑπηρεσίας,
862 4100 951 4147 καί
986 4098 1048 4165 δὴ
1097 4098 1189 4149 καὶ
1217 4101 1310 4166 τῆς
1340 4100 1445 4151 τῶν
1479 4102 1619 4152 ὅλων
1656 4120 1777 4162 ,κσιο

204 4183 406 4244 νωνίας
434 4186 592 4254 χάριν
618 4184 921 4251 ὁμολογῶν.
967 4185 1026 4237 Ὀ
1063 4188 1243 4254 μέντοι
1280 4189 1419 4250 θεῖος
1452 4190 1772 4258 Γρηγόριος·

204 4276 303 4335 τὰς
338 4274 437 4342 μὲν
482 4277 824 4344 σωματικὰς,
868 4280 1022 4343 φησὶ,
1098 4280 1464 4347 λειτουργίας,
1513 4283 1636 4333 ὅσαι
1703 4282 1777 4352 μὴ

202 4364 387 4435 ψυχὴν
416 4366 842 4433 διαφθείρουσιν,
876 4368 1056 4438 εὐνοίᾳ
1091 4374 1184 4424 καὶ
1216 4372 1367 4441 φιλίᾳ
1426 4372 1534 4425 τῶν
1582 4374 1775 4425 δεσπο-

203 4460 318 4512 τῶν
341 4464 367 4512 ό
392 4461 570 4520 κοινὸς
596 4461 745 4530 ἡμᾶς
780 4462 1049 4530 δεσπότης
1084 4464 1475 4532 ὑπηρετεῖσθαι
1511 4466 1773 4531 διδάσκει,

204 4552 465 4620 καὶπρὸς
496 4552 697 4611 ταύτας
755 4552 813 4602 οὐ
851 4554 1124 4621 Δεσπότης
1199 4571 1279 4604 σοι
1335 4554 1458 4605 οὔτε
1519 4559 1775 4626 ἀσχολίαν

205 4642 720 4712 προεφασισάμεθα,
750 4642 870 4695 οὔτε
898 4644 1155 4714 ῥᾳθύμως
1193 4646 1644 4717 ὑπηρετήσαμεν,
1676 4651 1780 4702 ὅσα

201 4736 261 4787 δὲ
296 4734 427 4801 πρὸς
456 4734 623 4803 αὐτὴν
648 4735 799 4805 φέρει.
834 4737 925 4787 τὸν
984 4734 1226 4787 κίνδυνον
1272 4738 1370 4806 τὴν
1420 4740 1616 4807 ψυχὴν,
1683 4741 1776 4792 καὶ

204 4826 303 4878 τοῦ
335 4827 664 4895 δημιουργοῦ
699 4828 888 4897 πόρῤῳ
950 4830 1114 4890 ποιεῖ,
1164 4828 1369 4880 τούτων
1402 4832 1501 4891 οὐκ
1526 4831 1591 4881 ἂν
1625 4833 1652 4882 ὁ
1683 4849 1775 4883 πε-

206 4920 564 4987 παιδευμένος
604 4920 774 4989 ἑτέρῳ
812 4923 1138 4989 κοινωνῆσαι
1178 4922 1486 4989 ἀνάσχοιτο,
1518 4925 1619 4974 κᾶν
1688 4926 1776 4977 δε-

210 5014 423 5076 σπότης
453 5010 480 5061 ὁ
512 5012 601 5061 ἐπὶ
631 5009 804 5062 ταῦτα
840 5012 1171 5079 παρακαλῶν
1214 5014 1319 5081 εἴη,
1351 5014 1453 5064 κᾶν
1503 5016 1776 5081 βασιλεὺς,

206 5105 313 5157 κᾶν
344 5106 389 5155 εὶ
420 5106 508 5155 καὶ
547 5102 643 5167 τῆς
687 5102 828 5172 ζωῆς
859 5107 1031 5173 αὐτῆς
1084 5107 1292 5175 κύριος.
1346 5108 1529 5159 Tacta
1586 5111 1774 5181 ἐπειδὴ

209 5198 421 5266 μακρὸν
445 5197 691 5247 ἀπέτεινε
744 5194 902 5263 λόγον
953 5200 979 5248 ὁ
1039 5198 1177 5266 ἱερὸς
1226 5197 1538 5267 Γρηγόριος,
1600 5199 1775 5269 θυμοῦ

205 5304 288 5346 τε,
322 5288 769 5355 ὑπερεπίμπλατο
826 5287 1150 5358 Τηριδάτης,
1206 5292 1299 5343 καὶ
1355 5291 1586 5353 ὀξύτατα
1655 5294 1775 5345 κατ’

208 5380 377 5432 οὐτοῦ
435 5382 680 5444 ἐκινεῖτο,
774 5381 867 5432 καὶ
930 5380 1139 5432 δέδεται
1201 5382 1298 5450 μὲν
1355 5384 1514 5445 εὐθὺς
1573 5386 1600 5435 ὀ
1657 5401 1778 5450 γεν-

207 5474 373 5534 νάδας
428 5474 484 5539 ἐξ
538 5474 712 5523 αὐτῶν
748 5476 1052 5541 ἀγκώνων·
1113 5474 1288 5527 ὀπίσω
1317 5476 1392 5526 τὼ
1422 5479 1588 5545 χεῖρε.
1642 5474 1773 5532 Εἶτα

207 5564 366 5629 ξύλον
401 5568 476 5633 τῷ
520 5566 746 5633 στόματι
775 5566 965 5618 τούτου
1020 5566 1366 5634 ἐμϐαλόντες.
1419 5568 1537 5619 κατ’
1600 5570 1775 5637 ἄκραν

206 5654 509 5706 ἀπόστασιν
534 5659 631 5724 τὴν
660 5655 772 5707 ἄνω
803 5656 901 5721 τῆς
949 5659 1097 5709 κάτω
1126 5657 1310 5721 γένυος
1359 5658 1625 5720 διιστώσι,
1684 5663 1775 5714 καὶ

212 5745 417 5816 βώλους
452 5748 545 5797 ἐπὶ
573 5750 680 5800 τῶν
707 5748 873 5816 ὤμων
901 5748 1048 5815 αὐτῷ
1080 5749 1171 5800 τοῦ
1223 5749 1369 5818 παρὰ
1418 5753 1528 5813 τοῖς
1576 5751 1771 5821 Ἀρμε-

208 5839 341 5899 νίοις
424 5838 656 5907 ὀρυκτοῦ
729 5840 1172 5910 ἑπιφορτίζουσιν
1254 5842 1463 5905 ἃλατος.
1544 5843 1772 5900 ’Ἔπειτα

1876 3279 2023 3323 rator
2084 3277 2263 3321 autem
2310 3267 2677 3318 Romanorum
2727 3280 2850 3317 cum
2901 3260 3176 3330 praeclaris
3222 3259 3444 3327 tropaeis

1875 3361 2032 3415 rediit
2067 3356 2405 3413 felicissime.

1943 3453 2011 3507 Χ.
2044 3452 2328 3506 Teridates
2353 3458 2558 3515 autem,
2584 3445 2840 3513 deinceps
2864 3458 3087 3513 regnum
3118 3442 3169 3494 in
3195 3439 3448 3494 Armenia

1877 3550 2152 3612 obtinens,
2192 3545 2381 3612 patria!
2420 3553 2541 3596 erat
2567 3540 2785 3594 deditus
2829 3539 2978 3592 falsa?
3015 3536 3283 3605 religioni,
3320 3548 3446 3587 com

1877 3640 1999 3693 aliis
2044 3638 2358 3692 sacriﬁcans
2409 3634 2737 3697 simulacris,
2796 3644 2907 3684 tum
2960 3631 3187 3682 maxime
3245 3627 3446 3688 Dianae,

1878 3750 2037 3803 quam
2070 3741 2122 3785 ct
2153 3744 2364 3783 summo
2396 3726 2602 3779 honOre
2636 3725 2920 3779 alliciebat.
2952 3733 3005 3774 et
3034 3722 3261 3773 amicam
3291 3720 3445 3771 deam

1878 3825 2244 3878 existimabat.
2308 3824 2486 3890 Atque
2534 3830 2934 3875 sacrosanctum
2970 3816 3184 3883 quidem
3237 3812 3449 3865 volebat

1878 3917 2195 3985 Gregorium
2225 3931 2342 3968 esse
2374 3915 2581 3967 socium
2624 3913 2870 3965 sacrificii
2896 3929 2907 3973 ;
2938 3927 3058 3965 nam
3096 3911 3208 3976 ipse
3233 3920 3447 3975 quoque

1881 4010 2188 4063 Tcridatetn
2251 4024 2317 4061 eo
2368 4017 2483 4061 erat
2522 4014 2759 4059 secutus.
2796 4004 2883 4055 llle
2928 4012 3107 4053 autem
3141 4000 3188 4050 id
3224 4000 3447 4051 minime

1880 4106 2205 4171 patiebatur.
2241 4101 2521 4151 Teridates
2553 4113 2681 4166 ergo
2735 4096 2825 4163 qui
2853 4105 2905 4149 et
2946 4109 3042 4163 pro
3075 4093 3177 4145 alio
3198 4090 3449 4145 ministe-

1878 4193 1982 4253 rio,
2043 4199 2096 4244 et
2157 4204 2253 4258 pro
2311 4188 2687 4240 universorum
2742 4184 3235 4239 communicatione
3291 4198 3346 4235 se
3396 4181 3448 4233 ei
3520 4230 3521 4233 η

1880 4285 2108 4338 multum
2134 4286 2332 4336 debere
2357 4282 2640 4336 fatebatur.
2674 4280 2897 4345 iubebat
2920 4292 2986 4329 ne
3012 4277 3063 4328 in
3101 4276 3361 4343 religione
3382 4274 3449 4325 ab

1880 4392 1945 4427 eo
1982 4376 2338 4440 discreparet.
2388 4370 2611 4422 Divinos
2641 4378 2821 4421 autem
2869 4366 3163 4434 Gregorius
3198 4382 3208 4415 :
3243 4364 3452 4431 Corpo-

1883 4469 2012 4520 ralia
2038 4468 2277 4535 quidem,
2314 4462 2512 4531 inqttit,
2554 4461 2853 4514 ministeria
2908 4475 3025 4526 quae
3059 4472 3165 4509 non
3206 4471 3452 4509 corrum-

1885 4572 2018 4630 punt
2046 4560 2308 4617 animum,
2342 4555 2600 4609 benevole
2632 4563 2684 4604 et
2713 4552 2904 4611 amice,
2942 4549 3178 4602 dominis
3224 4562 3252 4598 a
3296 4548 3450 4600 nobis

1881 4651 2123 4706 exhiberi
2162 4651 2319 4702 docet
2352 4662 2449 4699 nos
2473 4644 2780 4697 communis
2814 4642 3094 4704 Dominus,
3137 4654 3314 4708 neque
3344 4655 3451 4703 quo

1883 4746 2063 4798 minus
2097 4758 2159 4794 ea
2209 4752 2653 4806 exsequerentur,
2709 4735 2801 4788 tibi
2840 4748 3076 4800 unquam
3124 4733 3270 4783 illum
3310 4747 3450 4799 prae.

1884 4840 2152 4890 texuintus
2186 4834 2461 4901 negotium
2496 4844 2670 4896 neque
2700 4824 3032 4894 negligenter
3080 4822 3447 4876 inscrriimus.

1882 4928 2227 4992 Quaecunque
2248 4934 2424 4975 autctn
2457 4922 2624 4987 ipsam
2651 4920 2884 4970 animam
2917 4915 3196 4969 adducunt
3226 4916 3277 4965 in
3306 4913 3450 4981 peri-

1881 5020 2081 5077 culum,
2109 5027 2161 5069 et
2197 5016 2378 5081 procul
2441 5014 2719 5066 abducunt
2758 5010 2824 5063 ab
2868 5010 3059 5076 opiftce
3115 5022 3303 5060 eorum
3357 5006 3446 5072 qui

1882 5119 1964 5165 est
2002 5110 2269 5171 eruditus,
2291 5122 2629 5174 nequaquam
2660 5103 2981 5157 sustinuerit
3010 5100 3145 5152 inire
3186 5113 3307 5151 cum
3344 5096 3448 5149 alio

1882 5217 2346 5265 communionem,
2405 5201 2613 5252 etiamsi
2682 5200 2975 5265 imperator
3010 5230 3024 5256 ,
3083 5192 3292 5245 etiamsi
3354 5194 3445 5260 qui

1883 5296 2045 5346 vitam
2096 5292 2257 5345 habet
2321 5294 2369 5341 in
2412 5298 2700 5356 potestate,
2739 5288 2945 5355 jttbeat.
2994 5285 3128 5337 Cum
3174 5286 3285 5336 haec
3332 5282 3449 5335 fuse

1881 5396 2256 5439 sacrosanctus
2285 5383 2510 5433 dixisset
2539 5381 2832 5450 Gregorius
2858 5418 2871 5441 ,
2912 5382 2985 5431 ira
3022 5391 3181 5444 supra
3228 5377 3446 5427 modum

1882 5481 2121 5548 repletus
2172 5486 2254 5530 est
2312 5475 2617 5540 Tcridates,
2679 5488 2732 5529 et
2778 5476 3041 5529 acerrime
3086 5474 3139 5524 in
3176 5486 3299 5524 eum
3350 5470 3447 5522 fuit

1881 5578 2185 5622 commotus
2217 5585 2229 5620 :
2267 5579 2322 5622 et
2356 5570 2568 5621 vinctus
2599 5567 2814 5633 quidem
2852 5565 2949 5615 fuit
2978 5562 3159 5615 statim
3202 5561 3281 5612 vir
3312 5573 3450 5626 prae-

1880 5660 2078 5712 clarus.
2132 5660 2336 5713 Deinde
2374 5676 2495 5712 cuin
2528 5660 2729 5726 lignum
2782 5654 2861 5708 ori
2903 5655 3019 5723 ejus
3071 5652 3442 5712 immisissent,

1881 5768 2037 5821 quam
2078 5754 2312 5806 maximo
2348 5763 2575 5821 possunt
2617 5750 2810 5820 spatio,
2856 5748 3185 5815 Superiorem
3238 5752 3444 5809 partem

1881 5844 2193 5914 disiungunt
2241 5846 2304 5898 ab
2364 5843 2627 5911 infcriori,
2678 5853 2729 5897 et
2774 5857 2889 5911 eius
2924 5841 3177 5894 humeros
3219 5840 3451 5891 onerant
