4188 6436
747 408 851 470 955
1997 404 2277 465 MENSIS
2315 402 2792 463 SEPTEMBER.
3899 404 4005 463 955

745 526 916 597 glebis
946 523 1093 586 salis,
1123 524 1215 592 qui
1246 533 1328 578 est
1360 524 1500 594 apud
1541 524 1828 577 Armenios
1859 522 2078 578 fossilis.
2118 523 2318 577 Deinde
2349 528 2391 581 Α

2349 528 2391 581 Α
2425 524 2670 593 σχοίνους
2699 518 2793 572 τοῦ
2831 520 2975 590 ἱεροῦ
3006 523 3331 593 ἐκδήσαντες
3364 523 3613 592 σώματος
3648 524 3744 575 καὶ
3800 519 4001 574 τοῦτον

746 619 969 673 funibus
996 626 1346 671 sacrosancto
1371 616 1586 684 corpori
1614 615 1866 685 alligatis,
1892 632 2013 670 cum
2040 631 2160 669 eum
2190 618 2317 669 sub-

2423 612 2879 683 μετεωρίσαντες,
2923 614 3003 674 είς
3038 613 3183 665 ἑπτὰ
3208 615 3333 677 ὅλας
3382 616 3594 684 ἡμέρας
3635 615 3734 679 τὴν
3792 612 4005 680 πικράν

746 709 871 763 lime
911 710 1279 771 sustulissent,
1330 716 1469 761 totos
1508 717 1713 774 septem
1768 708 1881 760 dies
1931 708 1978 761 ei
2021 708 2123 762 hoc
2166 724 2317 762 acer-

2417 705 2625 771 ταύτην
2654 702 2806 772 αὐτῷ
2841 704 3227 772 παρατείνουσι
3252 706 3545 775 τιμωρίαν.
3595 705 3753 758 Μετά
3784 704 3840 757 δέ
3905 708 4006 773 τὴν

746 800 877 854 bum
910 800 1214 869 producunt
1242 800 1588 868 supplicium.
1616 798 1742 852 Post
1792 800 2080 868 septimum
2134 809 2314 853 autem

2420 797 2653 867 ἑϐδόμην
2682 794 3011 863 καταγαγὼν
3040 795 3204 849 αὖτδν
3228 795 3441 849 ἐκεῖθεν
3472 798 3499 848 ὁ
3530 795 3810 864 βασιλεὺς,
3837 800 4006 848 ἐπυν-

746 904 870 943 cum
920 905 1007 942 rex
1047 888 1193 941 illum
1245 888 1372 940 hinc
1420 887 1757 950 deduxisset,
1829 887 2203 954 interrogavit,
2249 902 2314 939 an

2419 886 2611 939 θάνετο
2637 886 2685 938 εἰ
2714 887 2773 937 τὸ
2810 885 3023 955 βέλτιον
3061 886 3414 954 μεταμαθὼν,
3452 887 3550 955 τῆς
3601 888 3885 955 προτέρας
3951 900 4006 935 τε

748 984 1028 1037 didicisset
1061 984 1111 1035 id
1146 982 1291 1050 quod
1320 991 1401 1035 est
1427 982 1639 1038 melius.
1689 990 1741 1036 et
1772 982 2007 1050 priorem
2056 988 2319 1033 mutasset

2423 977 2684 1046 μετέϐαλε
2720 976 2896 1045 δόξης,
2938 976 3031 1028 καὶ
3078 977 3192 1038 τοῖς
3226 978 3369 1037 θεοῖς
3406 974 3547 1041 ἔγνω
3574 974 3770 1027 θυσίαν
3822 988 4005 1041 προσ-

747 1075 1081 1141 Opinionem.
1109 1083 1160 1125 ct
1178 1073 1282 1126 diis
1301 1075 1575 1126 statuisset
1597 1072 1793 1126 otl‘erre
1818 1070 2161 1127 sacrificium.
2183 1071 2315 1123 Cum

2419 1071 2681 1135 ενεγκεῖν.
2729 1068 2943 1136 Ἐπειδὴ
2992 1068 3049 1120 δέ
3095 1069 3261 1138 ζήλου
3310 1066 3511 1137 μᾶλλον
3538 1066 3676 1134 ὑπὲρ
3703 1064 4004 1128 εὐσεϐείας

749 1176 930 1215 autem
969 1162 1102 1215 vidit
1140 1179 1261 1214 eum
1308 1164 1477 1233 magis
1509 1164 1682 1215 zelum
1728 1164 2027 1230 spirantem
2080 1177 2173 1227 pro
2207 1161 2319 1229 pie-

2419 1163 2649 1215 πνέοντα
2676 1159 2805 1224 εἶδε,
2847 1162 3129 1228 δευτέραις
3159 1160 3323 1213 αὐτὸν
3353 1159 3534 1212 δίδωσι
3569 1156 3855 1227 βασάνοις,
3897 1174 4005 1224 μη-

751 1266 881 1315 tate,
921 1256 1012 1307 dat
1044 1271 1164 1307 eum
1212 1257 1466 1308 secundis
1501 1255 1808 1317 tormentis,
1852 1254 2121 1322 prioribus
2160 1253 2317 1305 mini-

2416 1254 2505 1307 δέν
2534 1272 2586 1306 τι
2622 1253 2732 1305 τῶν
2769 1253 3057 1322 προτέραν
3108 1251 3675 1321 φιλανθρωποτέραις.
3734 1251 4005 1317 Κρεμάν-

751 1362 837 1398 me
870 1346 1335 1399 clementioribus.
1369 1344 1671 1413 Suspendit
1711 1361 1831 1398 eum
1882 1344 2207 1413 praecipitem
2251 1360 2317 1397 ex

2416 1363 2536 1397 νυσι
2570 1344 2701 1412 γοῦν
2737 1344 2895 1397 αὑτὸν
2940 1344 3082 1396 κατὰ
3139 1344 3402 1409 κεφαλῆς,
3454 1343 3694 1410 θατέρου
3751 1343 3869 1392 τοῖν
3911 1358 4004 1390 πο-

749 1438 922 1488 altero
978 1437 1111 1503 pede
1163 1438 1483 1503 appendens
1521 1453 1533 1487 :
1570 1444 1623 1489 et
1680 1451 1780 1487 nee
1827 1450 1892 1488 eo
1953 1434 2053 1487 fuit
2096 1435 2314 1502 quidem

2415 1438 2523 1490 δοίν
2554 1437 2878 1505 ἐξαρτήσαςο
2913 1437 3002 1488 καὶ
3032 1436 3153 1487 οὐδὲ
3183 1436 3345 1503 μέχρι
3370 1434 3564 1486 τούτου
3588 1436 3836 1495 ἵσταται,
3864 1430 4003 1483 ἀλλὰ

750 1538 1066 1589 contentus,
1098 1527 1189 1579 sed
1221 1527 1380 1579 etiam
1409 1528 1594 1580 decem
1635 1528 1874 1586 lictores,
1906 1528 2078 1596 virgas
2111 1528 2315 1580 haben-

2417 1532 2512 1580 καὶ
2586 1530 2716 1581 δέκα
2766 1528 2994 1595 δημίους
3059 1526 3288 1595 ῥάϐδους
3357 1524 3447 1577 διά
3537 1524 3740 1594 χειρῶν
3805 1522 4004 1587 ἀνδρας

750 1628 832 1672 tes
866 1617 917 1669 in
953 1617 1221 1678 manibus,
1255 1618 1395 1670 circa
1427 1632 1550 1669 eum
1593 1617 1780 1669 statuit
1811 1636 1822 1670 :
1865 1626 1917 1669 et
1956 1617 2081 1670 timo
2107 1616 2316 1671 inferne

2417 1620 2635 1689 ἔχοντας
2698 1622 2857 1673 αὐτὸν
2933 1622 3268 1690 περιΐστησι,
3306 1618 3399 1669 καὶ
3460 1617 3662 1685 κόπρον
3753 1613 4002 1666 κάτωθεν

752 1704 1044 1763 substrato.
1087 1704 1261 1771 ignem
1297 1704 1348 1755 in
1383 1718 1505 1756 eum
1540 1702 1800 1763 immittit.
1839 1705 1973 1757 adeo
2006 1713 2066 1757 ut
2116 1714 2318 1774 martyr

2418 1710 2812 1779 ὑποστρώσας,
2894 1709 3003 1778 πῦρ
3087 1710 3207 1762 κατ’
3309 1708 3479 1776 αὐτῆς
3554 1705 3857 1773 ἐμϐάλλει,
3929 1704 4005 1766 ὡς

751 1796 911 1848 simul
941 1806 993 1848 et
1020 1796 1183 1863 virgis
1214 1795 1609 1856 verberaretur,
1647 1804 1703 1848 et
1727 1795 1952 1848 fetidum
1978 1794 2182 1847 fumum
2215 1811 2311 1847 nn-
2348 1853 2390 1873 ἢ

2350 1853 2390 1873 η
2420 1804 2554 1872 ὁμοῦ
2588 1778 2645 1855 τε
2675 1778 2795 1865 ταῖς
2839 1803 3057 1873 ῥάϐδοις
3100 1802 3190 1853 τὸν
3243 1802 3498 1869 μάρτυρα
3552 1796 3845 1857 παίεσθαι,
3912 1797 4004 1847 καὶ

753 1885 902 1937 ribus
935 1885 1209 1952 exciperet
1243 1903 1255 1939 :
1300 1897 1354 1937 ut
1381 1886 1612 1937 densum
1675 1896 1727 1937 et
1760 1886 2077 1938 continuum
2121 1886 2320 1938 atthcli-
2348 1853 2393 1910 Β

2350 1853 2393 1910 Β
2419 1853 2510 1946 τδν
2540 1853 2981 1963 δυήσώδῆξωίτέξιδν
3011 1853 3152 1944 κάτά
3171 1853 3278 1946 τῶιν
3316 1853 3477 1961 dmin)
3511 1853 3909 1957 ὑποδέχεσθαι,
3938 1886 4004 1936 ίν’

756 1987 889 2039 ιυιη,
930 1994 1089 2045 quem
1142 1979 1424 2031 eifnndere
1477 1978 1771 2047 cogebatur
1818 1993 1847 2032 a
1901 1979 2089 2047 plagis,
2136 1978 2321 2032 fumus

2421 1987 2468 2038 εί
2496 1987 2739 2038 καὶδασὺ
2774 1985 2831 2036 τὸ
2860 1980 3046 2053 ἆσθμα
3079 1984 3171 2035 καὶ
3213 1984 3431 2049 συνεχὲς
3466 1980 3720 2049 προχέειν
3758 1978 3864 2030 ὑπὸ
3896 1976 4006 2028 τῶν

756 2070 1041 2136 impediret
1086 2079 1139 2121 et
1175 2068 1501 2132 Obstrueret,
1557 2085 1625 2123 ne
1671 2070 1977 2123 concedens
2007 2071 2220 2139 quidem
2264 2078 2319 2123 ul

2422 2077 2647 2145 πληγῶν
2703 2076 3087 2143 ἀναγκάζοιτο,
3159 2073 3277 2127 ἀλλ’
3336 2073 3364 2123 ό
3404 2071 3610 2132 καπνὸς
3664 2070 4004 2135 ἀποτειχίζοι

755 2161 1007 2228 spiraret,
1045 2160 1137 2213 sed
1154 2160 1480 2228 fulginosum
1511 2162 1658 2213 illum
1692 2162 1801 2214 fimi
1841 2177 2091 2229 vaporem
2123 2163 2173 2215 in
2202 2162 2322 2229 ejus

2422 2168 2578 2221 τοῦτο
2613 2168 2704 2221 καὶ
2733 2169 3097 2237 ἀποφράττω,
3143 2166 3279 2234 μηδὲ
3308 2165 3570 2217 ἀναπνεῖν
3599 2161 3691 2212 τὸν
3719 2161 3861 2227 ἀέρα
3893 2178 4002 2212 πα-

756 2254 965 2305 viseera
1007 2252 1324 2304 imniittcns.
1361 2251 1484 2304 Scio
1519 2252 1599 2305 vel
1634 2253 1699 2307 ad
1742 2253 1913 2306 solum
1948 2254 2191 2306 auditum
2229 2268 2323 2307 eos

2427 2261 2709 2329 ραχωρῶν,
2772 2259 2909 2312 ἀλλά
2944 2260 3003 2311 τὸ
3035 2257 3330 2325 λιγνυῶδες
3384 2258 3565 2307 ἐκεῖνο
3614 2254 3715 2320 τῆς
3764 2254 4004 2320 κόπρου,

755 2346 844 2412 qui
873 2344 1068 2396 adsunt
1107 2343 1389 2411 caligasse.
1420 2342 1511 2397 llle
1540 2356 1719 2397 autem
1751 2360 1856 2396 non
1914 2344 2086 2397 solum
2115 2344 2324 2397 fortiter

2425 2351 2563 2402 κατὰ
2610 2350 2715 2401 τῶν
2749 2349 3073 2418 σπλάγχνων
3114 2347 3262 2415 αὐτῷ
3323 2347 3550 2408 καθιείς.
3603 2342 3715 2398 Οἶδ*
3770 2346 3852 2396 ὅτι
3912 2347 4008 2395 καὶ

757 2434 987 2496 ferebat,
1025 2435 1118 2487 sed
1148 2437 1311 2488 etiam
1354 2435 1583 2490 Domino
1625 2451 1842 2500 magnas
1872 2436 2060 2504 agebat
2104 2439 2322 2503 gratias,

2425 2439 2563 2511 πρὸς
2610 2438 2709 2511 τὴν
2772 2440 2943 2511 ἀκοὴν
3008 2439 3056 2491 oi
3125 2439 3393 2509 παρόντες
3451 2437 3816 2503 ίλιγγιάσατε.
3852 2435 4009 2488 Ἀλλ’

757 2538 810 2581 et
843 2542 966 2581 cum
1009 2526 1072 2579 iis
1122 2527 1211 2595 qui
1251 2527 1479 2580 aderant
1529 2526 1696 2580 multa
1728 2527 1794 2580 de
1835 2526 1947 2584 Deo
1984 2529 2321 2597 loquebatur,

2424 2532 2630 2593 ἐκεῖνος
2662 2531 2721 2582 οὗ
2755 2529 3020 2596 γενναίως
3058 2528 3221 2597 ἔφερε
3258 2528 3437 2597 μόνον,
3478 2527 3612 2579 ἀλλὰ
3648 2527 3742 2579 καὶ
3794 2526 4006 2594 πολλὴν

757 2629 811 2671 et
854 2618 932 2671 eis
973 2617 1291 2671 ostendebat
1346 2618 1619 2687 pietatem,
1654 2619 1867 2673 etiamsi
1928 2634 2035 2672 non
2089 2621 2326 2688 perfecte

2429 2623 2506 2691 τῷ
2536 2622 2777 2691 Δεσπότῃ
2827 2621 2926 2690 τὴν
2977 2618 3327 2689 εὐχαριστίαν
3367 2618 3676 2687 ἀνέπεμπε,
3720 2616 3899 2673 πολλοὶ
3949 2630 4014 2674 τε

760 2710 1151 2778 intelligebant,
1184 2711 1327 2779 quod
1365 2711 1577 2764 scilicet
1619 2711 1760 2762 Deus
1793 2711 1844 2762 in
1878 2712 2147 2779 principio
2175 2727 2329 2767 crea-

2428 2716 2558 2784 περὶ
2586 2713 2720 2767 Θεοῦ
2752 2717 2865 2776 τοῖς
2909 2714 3177 2783 παροῦσιν
3212 2712 3538 2784 ἐφθέγγετο,
3579 2716 3672 2768 καὶ
3719 2716 3818 2785 τὴν
3852 2716 4016 2768 εὐσέ-

760 2804 1058 2856 vitcaalum
1117 2812 1170 2855 et
1215 2812 1436 2864 terram,
1506 2802 1867 2871 formavitque
1926 2804 2223 2868 hominem,
2273 2813 2328 2858 et

2427 2805 2584 2857 ϐειαν
2618 2804 2804 2863 αὐτοῖς
2851 2802 3202 2875 παρεδείκνυ,
3244 2808 3292 2858 εἰ
3328 2809 3421 2859 καὶ
3455 2806 3529 2876 μὴ
3571 2805 3771 2867 τελέως
3830 2804 4016 2857 συνίε-

762 2897 944 2961 posuit
968 2910 1089 2946 eum
1123 2894 1174 2946 in
1212 2894 1481 2962 paradiso,
1510 2909 1573 2947 ex
1601 2910 1708 2963 quo
1728 2904 1913 2961 postea
1947 2896 2208 2961 expulsus
2227 2893 2329 2947 fuit

2430 2912 2559 2962 σαν,
2584 2897 2668 2965 ἐφ’
2704 2889 2786 2961 οἷς
2801 2898 2893 2952 καὶ
2920 2899 3012 2950 τὸν
3040 2899 3257 2966 πρῶτον
3289 2899 3576 2968 ἄνθρωπον
3610 2898 4012 2965 κατῳκτίζετο,

760 2996 984 3055 propter
1014 2986 1250 3041 mandati
1284 2987 1789 3056 transgressionem.
1837 2985 2040 3041 Deinde
2085 2986 2329 3044 meminit

2428 2986 2516 3042 διὰ
2543 2989 2640 3059 τὴν
2680 2990 2920 3058 ἐντολὴν,
2949 2989 3037 3042 διὰ
3074 2990 3173 3061 τὴν
3201 2989 3537 3059 παράϐασιν,
3568 2988 3655 3040 διὰ
3686 2990 3784 3053 τὴν
3818 2990 3917 3039 ἐπὶ
3949 2993 4015 3057 τῇ

760 3080 1157 3141 molestiarum,
1206 3094 1323 3147 qua:
1356 3087 1638 3147 postquam
1672 3080 1739 3133 ab
1770 3079 1874 3132 illis
1906 3079 2138 3148 paradisi
2172 3081 2328 3135 bonis

2430 3082 2739 3150 παραϐάσει
2786 3082 2881 3134 τοῦ
2940 3082 3248 3142 πλάσαντος
3313 3079 3635 3148 καταδίκην.
3697 3074 3814 3131 Εἶθ’
3854 3079 4017 3147 ἑξῆς,

759 3172 1155 3225 eXcidissemus
1179 3214 1194 3237 ,
1251 3186 1350 3225 nos
1397 3172 1592 3225 misere
1622 3171 1732 3242 (hei
1766 3171 1896 3225 mihi
1920 3173 1958 3241 ί)
1995 3173 2324 3226 invaserunt.
2353 3186 2398 3247 ρ

2368 3186 2398 3247 ε
2430 3171 2499 3224 τὰ
2527 3173 2706 3239 ἀγαθά
2773 3171 3161 3241 ἀπηριθμεῖτο,
3200 3163 3274 3223 ὧν
3335 3169 3700 3239 ἀθετήσαντες
3733 3171 3833 3239 τὴν
3868 3172 4022 3221 tm

760 3261 889 3317 Post
921 3262 1036 3317 haec
1066 3263 1347 3332 subiunxit
1377 3264 1467 3317 Dei
1498 3263 1551 3315 in
1577 3279 1675 3316 nos
1708 3263 2117 3330 benignitatem,
2146 3278 2330 3330 quem-

2430 3262 2525 3330 λὴν
2571 3261 2816 3325 ’ἑαυτοὺς
2872 3261 3306 3332 ἀπεκλείσαμεν,
3383 3263 3477 3315 καὶ
3525 3260 3681 3322 αὖθις
3727 3260 4020 3328 ἐμέμνητο

762 3355 1053 3407 admodum
1087 3354 1341 3407 videlicet
1367 3368 1552 3407 curam
1579 3369 1771 3422 gerens
1801 3364 1998 3407 nostra:
2028 3353 2241 3416 salutis,
2263 3354 2329 3407 ad

2432 3353 2526 3407 καὶ
2557 3353 2987 3424 τῶνλυπηρῶν,
3035 3354 3133 3406 ὃσα
3204 3353 3341 3422 μετὰ
3398 3355 3497 3420 τὴν
3543 3351 3765 3402 ἐκείνων
3796 3354 4016 3403 ἀπστυ·

761 3460 863 3499 nos
914 3445 1061 3498 misit
1091 3444 1344 3505 doctores
1381 3452 1433 3499 et
1472 3444 1786 3513 prophetas,
1827 3444 1915 3512 qui
1966 3443 2331 3513 priedicabant

2430 3442 2576 3512 χίαν,
2616 3441 2670 3493 οἵ
2703 3443 2822 3510 μοιι
2872 3441 3168 3493 κατέλαϐεν
3224 3440 3421 3499 ἀθλίως
3464 3439 3609 3505 ἡμᾶς
3643 3437 3735 3487 ἐπὶ
3794 3437 4015 3498 τούτοις

764 3537 1036 3609 Unigeniti
1069 3540 1248 3592 carnis
1277 3538 1699 3606 susceptionem,
1724 3548 1776 3591 ct
1806 3548 2052 3599 cunctas,
2085 3554 2204 3607 quae
2234 3553 2330 3606 pro

2431 3535 2499 3585 τά
2529 3534 2626 3601 τῆς
2644 3531 3056 3601 φιλανθρωπίας
3089 3532 3389 3600 ἐπήγαγεν,
3422 3529 3569 3589 ὅπως
3594 3528 3690 3594 τῆς
3727 3529 4014 3594 ἡμετέρας

762 3630 1166 3697 nobisingratis
1186 3630 1252 3681 ab
1282 3643 1347 3680 eo
1379 3638 1643 3695 suscepta:
1668 3630 1904 3688 fuerunt,
1934 3630 2330 3695 perpessiones,

2434 3625 2734 3694 φροντίζων
2781 3625 2809 3677 δ
2853 3622 3199 3694 Δημιουργδς
3265 3621 3561 3690 σωτηρίας,
3648 3618 4013 3679 διδασκάλους

766 3722 1049 3787 colaphos,
1082 3737 1323 3785 crucem,
1368 3721 1634 3783 lanceam,
1674 3719 2035 3772 voluntariam
2076 3730 2327 3786 mortem,

2434 3719 2566 3786 ἡμῖν
2592 3717 2882 3771 ἀπέστειλε
2928 3717 3022 3769 ml.
3065 3717 3353 3785 προφήτας
3406 3713 3505 3782 τὴν
3534 3710 3628 3763 τοῦ
3662 3708 4016 3775 Μονογενοῦς

764 3813 886 3881 ejus
917 3812 1396 3873 resurrectionem,
1445 3824 1683 3862 nostram
1732 3811 2149 3875 correctionem,
2181 3827 2335 3865 revo-

2434 3813 2802 3878 κηρύττοντας
2859 3810 3159 3876 σάρκωσιν,
3229 3808 3423 3859 ἔπειτα
3487 3808 3579 3857 καὶ
3630 3806 3733 3873 τὴν
3795 3804 4014 3855 ἐκείνου

764 3905 1034 3958 cationem
1084 3904 1149 3957 ad
1195 3904 1429 3973 primum
1481 3904 1679 3958 bonum
1736 3902 1993 3957 reditum.
2053 3903 2332 3958 Postremo

2440 3901 2662 3954 κάθοδον
2687 3902 2779 3953 καὶ
2800 3901 2868 3953 τὰ
2909 3900 3047 3969 ὑπὲρ
3098 3898 3251 3969 ἡμῶν
3290 3900 3397 3950 τῶν
3455 3899 3773 3967 ἀχαρίστων
3826 3898 4015 3965 παθή-

765 4000 996 4052 docebat
1026 3998 1262 4065 ‘,'quod
1308 3997 1500 4065 dignos
1525 3996 1725 4060 exeipit
1765 4010 1990 4064 regnum
2046 3995 2334 4059 ccelorum,

2442 4009 2609 4062 ματα,
2647 3992 2714 4045 τά
2747 3992 3092 4062 ῥαπίσματα,
3118 3991 3209 4043 τὸν
3242 3990 3495 4057 σταυρὸν,
3542 3988 3638 4057 τὴν
3668 3989 3892 4057 λόγχην,
3925 3990 4015 4039 τὸν

762 4102 821 4145 et
867 4090 1011 4160 quod
1066 4091 1222 4150 malis
1251 4097 1583 4142 tormentum
1621 4096 1703 4139 est
1732 4099 1999 4155 paratum,
2030 4087 2189 4156 ignis,
2240 4086 2335 4154 qui

2438 4083 2686 4136 ἑκούσιον
2739 4083 2989 4145 θάνατον,
3032 4083 3182 4145 τέλος
3233 4082 3331 4150 τὴν
3392 4081 3767 4150 ἐπανόρθωσιν
3824 4080 4013 4147 ἡμῶν,

768 4199 874 4237 non
926 4183 1334 4251 exstinguitur:
1387 4179 1643 4243 tenebrae,
1699 4193 1817 4247 qua
1861 4192 1970 4229 non
2029 4178 2332 4229 desinunt:

2438 4176 2534 4242 τὴν
2566 4175 2886 4242 ἀνάκλησιν,
2914 4176 3013 4243 τὴν
3044 4177 3124 4234 είς
3157 4174 3217 4225 τὸ
3250 4172 3468 4241 πρῶτον
3503 4172 3707 4238 ἀγαθὸν
3748 4169 4013 4222 ἐπάνοδον

765 4276 968 4329 vermis
998 4274 1334 4334 immortalis,
1370 4282 1421 4327 et
1451 4272 1808 4341 quodcunque
1838 4268 1981 4324 aliud
2011 4267 2335 4338 supplicium

2444 4265 2583 4333 μετά
2646 4264 2820 4316 ταῦτα
2894 4266 2994 4333 τὴν
3067 4264 3432 4333 ἐκδεχομένην
3506 4264 3633 4324 τοὺς
3672 4260 3855 4325 ἀξίους
3906 4263 4015 4313 τῶν

770 4367 871 4419 sibi
907 4366 1348 4427 recondidcrunt,
1382 4364 1472 4432 qui
1506 4373 1632 4415 sunt
1659 4362 1800 4415 servi
1829 4361 2057 4431 peccati.

2442 4354 2689 4425 οὐρανῶν
2724 4354 3024 4423 βασιλείαν,
3054 4357 3153 4423 τὴν
3197 4355 3567 4423 ἀποκειμένην
3619 4356 3732 4414 τοῖς
3781 4353 4015 4420 φαύλοις

769 4459 1024 4527 βάσανον,
1077 4458 1137 4509 τὸ
1194 4459 1266 4517 μὴ
1304 4456 1664 4521 σϐεννύμενον
1717 4454 1849 4521 πῦρ,
1890 4456 1951 4506 τὸ
2014 4456 2087 4523 μὴ
2140 4455 2306 4523 λῆγον
2357 4449 2566 4517 σκότος,
2617 4449 2707 4502 τὸν
2757 4448 3020 4504 ἀθάνατον
3093 4448 3368 4516 σκώληκα,
3424 4448 3519 4500 καὶ
3560 4448 3689 4517 ὅσην
3743 4448 3916 4517 ἀλλην
3970 4439 4016 4500 οι

767 4556 868 4623 τῆς
918 4552 1191 4620 ἁμαρτίας
1244 4549 1421 4601 δοῦλοι
1471 4548 1690 4601 κόλασιν
1734 4548 1964 4609 ἑαυτοῖς.
1994 4545 2372 4614 ἐθησαύρισαν.

836 4646 929 4697 XI.
970 4644 1094 4696 Haec
1135 4658 1256 4695 cum
1289 4642 1655 4703 disseruisset,
1689 4644 2003 4707 firmamque
2051 4648 2106 4692 et
2148 4638 2339 4701 immo:
2370 4620 2412 4674 θ

2370 4620 2412 4674 θ
2513 4634 2614 4688 ιΑν.
2647 4632 2832 4688 Ταῦτα
2868 4632 3186 4698 διεξελθὼν,
3228 4631 3323 4684 καὶ
3375 4631 3777 4699 ἀπερίτρεπτον
3832 4633 4017 4700 ἐαυτῷ

769 4740 933 4810 bilem
970 4735 1071 4790 sibi
1105 4746 1356 4804 precatus
1390 4745 1532 4786 esset
1561 4733 1979 4795 confessionem,
2005 4732 2093 4785 ille
2117 4730 2335 4799 quidem

2444 4726 2813 4793 ἐπευξάμενος
2844 4727 2937 4776 καὶ
2968 4723 3162 4791 ἀκλινῆ
3198 4723 3297 4790 τὴν
3342 4721 3653 4789 ὁμολογίαν,
3682 4722 3709 4772 ό
3738 4720 3837 4786 μὲν
3861 4723 4016 4781 τέλος

770 4833 932 4886 linem
982 4826 1240 4895 imposuit
1281 4824 1600 4894 precationi.
1642 4823 1868 4887 Quidam
1918 4836 2095 4877 autem
2142 4839 2205 4877 ex
2236 4825 2339 4878 cir-

2444 4816 2680 4885 ἐπὲθηκε
2711 4818 2775 4885 τῇ
2804 4816 2968 4885 εὐχῇ·
3002 4815 3110 4865 τῶν
3140 4814 3195 4864 δέ
3228 4812 3604 4880 περιεστώτων
3633 4813 3800 4878 τινές,
3826 4818 4014 4882 γραφῇ

771 4921 1200 4981 cumstantibus,
1230 4934 1351 4970 cum
1393 4935 1510 4985 quae
1564 4917 1650 4969 ille
1695 4917 1901 4969 dixerat
1940 4917 2153 4982 scriptis
2191 4932 2340 4968 man-

2445 4909 2511 4962 τὰ
2557 4908 2646 4960 ὑπ’
2675 4909 2885 4960 ἐκείνου
2931 4907 3197 4975 εἰρημένα
3243 4904 3610 4968 διαλαϐόντες,
3648 4906 4014 4973 ἀναφέρουσιν

771 5015 1014 5067 (lassent.
1047 5010 1112 5063 ad
1150 5024 1329 5077 regem
1365 5022 1425 5060 ea
1476 5006 1653 5059 statim
1708 5006 1967 5058 referunt.
2005 5003 2178 5070 Atque
2204 5003 2341 5056 Gre-

2445 5003 2601 5063 εὐθὺς
2634 5002 2708 5063 ὡς
2750 5000 2840 5052 τὸν
2875 4999 3115 5067 βασιλέα.
3150 4997 3239 5067 Τῷ
3279 4998 3375 5066 μὲν
3432 4993 3524 5049 οὖν
3585 4997 3881 5065 Γρηγορίῳ
3926 4998 4013 5049 τοῦ

773 5108 930 5179 gorio
954 5104 1167 5171 quidem
1202 5103 1337 5170 pede
1389 5115 1673 5168 suspenso,
1705 5113 1918 5150 rursum
1950 5105 2201 5165 peractus
2228 5104 2347 5147 erat

2446 5093 2603 5152 ποδὸς
2644 5090 3049 5160 ἀπῃωρημένῳ,
3075 5088 3301 5155 ἕϐδομος
3328 5085 3550 5154 ἡμερῶν
3568 5086 3803 5154 ἀριθμὸς
3828 5086 4016 5151 ἠνύετο

773 5176 985 5263 septem
1016 5193 1225 5246 dierum
1278 5205 1488 5243 cursus.
1538 5188 1628 5241 Ille
1676 5202 1796 5239 cum
1849 5201 1971 5238 eum
2031 5199 2215 5237 rursus
2250 5183 2347 5238 de-

2444 5188 2625 5239 πάλιν.
2669 5184 2726 5235 '0
2752 5184 2806 5235 δὲ
2847 5182 2941 5233 acati.
2979 5176 3131 5240 αὖθις
3165 5177 3518 5243 καταγαγὼν,
3577 5177 3880 5228 πεπεῖσθαι
3918 5178 4014 5244 μὲν

772 5288 1041 5348 duxisset,
1066 5281 1412 5336 existimabat
1448 5294 1570 5333 cum
1607 5292 1727 5331 esse
1774 5290 2115 5345 persuasum,
2148 5276 2345 5329 victum

2446 5277 2604 5331 αὑτὸν
2645 5275 2779 5344 ᾤετο
2814 5274 2911 5340 τῆς
2946 5271 3215 5332 κολάσεως
3239 5272 3573 5340 ἡττηθέντα·
3605 5270 3801 5339 ἐπειδὴ
3826 5269 3883 5321 δὲ
3915 5267 4016 5324 εἶδε

776 5397 806 5429 a
852 5376 1138 5444 supplicio.
1171 5374 1308 5427 Cum
1345 5381 1523 5424 autem
1556 5371 1782 5424 vidisset
1811 5383 1933 5421 eum
1967 5368 2268 5436 promptius
2295 5374 2347 5418 et

2448 5370 2730 5440 πρόθυμον
2765 5366 2891 5418 ὄντα
2918 5368 3014 5433 τῆς
3063 5364 3237 5432 ψυχῆς
3270 5361 3581 5429 ἀποστῆναι
3618 5361 3821 5428 μᾶλλον
3857 5365 3891 5434 ἢ
3924 5365 4015 5430 τῆς

775 5472 1010 5528 alacrins
1030 5485 1060 5521 e
1083 5470 1186 5521 vita
1204 5468 1589 5524 discessurum,
1606 5479 1764 5530 quam
1794 5479 1822 5516 a
1843 5462 1946 5514 fide
1969 5462 2021 5515 in
2046 5460 2345 5518 Christum,

2455 5462 2533 5523 εἰς
2566 5457 2798 5529 Χριστὸν
2830 5455 3088 5517 πίστεως,
3123 5452 3421 5523 βαρύτερον
3458 5454 3872 5522 ἀνταγωνιστὴν
3902 5456 4018 5505 ἐαυ-

778 5584 836 5620 se
876 5562 1175 5634 graviorem
1210 5558 1428 5628 martyri
1463 5557 2027 5627 paratadversarium,
2058 5569 2115 5607 se
2138 5553 2349 5607 confert

2455 5550 2545 5604 τὸν
2588 5546 2995 5617 παρασκευάζει
3032 5546 3107 5612 τῷ
3175 5542 3435 5611 μάρτυρι,
3483 5544 3583 5595 καὶ
3641 5544 3782 5609 πρὸς
3826 5544 4021 5611 ἐτέρων

778 5661 845 5711 ad
885 5633 1003 5709 alia
1049 5651 1406 5722 excogitanda
1456 5658 1747 5712 tormenta,
1782 5646 1975 5715 quibus
2022 5662 2127 5701 non
2183 5643 2348 5713 possit

2461 5639 2707 5709 βασάνων
2742 5635 2980 5697 ἐπινοίας
3014 5634 3200 5702 χωρεῖ,
3250 5633 3507 5688 οὑδειιίαν
3561 5633 3873 5703 ὑπερϐολὴν
3896 5638 4018 5685 ακο-

857 5819 1058 5873 ‘Marc.
1096 5834 1164 5882 ix,
1195 5815 1277 5868 45.
