4188 6436
100 1686 108 1696 ’
195 1702 569 1772 Ταῦταόμὶν
637 1698 808 1768 ἡδέως

186 411 280 473 957

1108 403 1283 465 V'ITA
1322 403 1378 462 S.
1420 395 1804 460 GREGORH
1846 402 2474 464 ILLUMINATORIS.

3310 403 3412 466 9‘58

186 516 441 578 λιπούσας
461 514 762 585 ὠμότητος·
788 515 880 568 καὶ
911 513 1090 567 σανίσι
1111 515 1178 566 τὰ
1200 512 1527 581 ἀντικνήμια
1553 508 1744 562 τούτου

1852 530 1975 570 esse
2013 518 2215 586 aliquid
2259 517 2531 572 crudelius
2567 534 2581 571 :
2620 528 2673 572 et
2721 532 2841 571 cum
2881 517 3075 572 tabulis
3117 518 3415 573 anteriores

190 607 512 680 περιλαϐὼν,
543 604 662 660 εἶτα
695 608 891 677 σχοίνῳ
930 603 1131 668 ταύτας
1158 605 1391 675 ἰσχυρῶς
1425 599 1745 668 διασφίγξας

187 699 354 762 οὕτως
389 696 658 760 ἐκπιέζει,
688 697 763 760 ὡς
792 698 887 750 καὶ
918 697 1096 749 αὐτῶν
1148 697 1211 764 δή
1267 712 1368 746 που
1409 695 1516 746 τῶν
1562 694 1746 762 ἄκρων

188 791 276 845 τοῦ
305 791 462 852 ποδὸς
506 788 782 842 δακτύλων
815 790 1078 854 σταγόνας
1140 788 1370 853 αἵματος
1421 785 1748 848 ἀποστάξαι.

198 883 324 949 Ὀψὲ
385 883 561 936 τοίνυν
629 882 728 950 τῆς
779 881 1070 943 κακώσεως
1117 880 1330 948 ἐκείνης
1374 878 1500 940 τοὺς
1585 876 1750 938 πόδας

190 976 493 1043 ἰξαγαγὼν,
522 974 771 1044 σιδηροῦς
794 973 932 1025 κατὰ
957 971 1065 1024 τῶν
1092 972 1382 1041 πελμάτων
1411 973 1751 1038 ὲμπήγνυσιν

191 1068 350 1134 ἥλους
378 1069 472 1120 καὶ
499 1067 712 1136 τρέχειν
737 1067 826 1117 τὸν
849 1063 1086 1132 ἀθλητὴν
1104 1063 1426 1130 ἀναγκάζει,
1462 1061 1640 1130 πολλῷ
1690 1061 1752 1113 τὸ

195 1161 548 1226 ὑποκείμενον
579 1158 766 1224 ἔδαφος
796 1155 988 1222 αἵματι
1021 1156 1286 1223 ραίνοντα.
1318 1153 1439 1220 Ἐφ’
1470 1148 1511 1218 ᾧ
1541 1154 1632 1204 καὶ
1662 1154 1754 1205 ἀλ-

193 1253 486 1320 γυνόμενος
506 1251 706 1318 σφόδρα
739 1249 836 1314 τὴν
871 1247 1097 1315 καρδίαν
1145 1249 1173 1299 6
1219 1245 1426 1312 μάρτυς
1481 1244 1595 1313 (καὶ
1637 1243 1753 1304 πῶς

193 1343 391 1410 γὰρᾶν
427 1343 502 1409 μὴ
537 1337 828 1406 ἀλγοῦντος
859 1341 884 1389 ὁ
920 1336 1082 1396 πόθος
1121 1338 1147 1388 6
1180 1334 1313 1403 πρδς
1346 1334 1577 1402 Χριστὸν
1620 1334 1756 1384 ὲδεί-

197 1449 357 1486 κνντο
379 1438 439 1498 ;).
477 1451 494 1482 ι
518 1431 878 1500 Πορευόμενοι
897 1429 1241 1496 ἐπορεύοντο,
1261 1425 1410 1492 ἔλεγε
1436 1426 1526 1477 καὶ
1546 1424 1756 1476 ἔκλαιον

158 1513 165 1521 ’
199 1522 482 1592 βάλλοντες
515 1521 582 1571 τὰ
615 1520 904 1587 σπέρματα
938 1513 1118 1569 αὐτῶν
1144 1531 1158 1546 ⁸
1193 1515 1476 1584 ἐρχόμενοι
1507 1514 1564 1565 δὲ
1591 1515 1756 1582 ἥξου-

199 1631 281 1667 σιν
334 1614 389 1665 δν
431 1611 744 1678 ἀγαλλιάσει
783 1609 1030 1680 αίροντες
1066 1609 1134 1660 τά
1177 1607 1462 1676 δράγματα
1513 1607 1750 1661 αὐτῶν.»

889 1697 1217 1766 autem“.
1259 1695 1316 1746 Ὀ
1355 1696 1410 1747 δὲ
1454 1696 1758 1766 Τηριδάτης

195 1793 473 1862 ὠμότερον
495 1791 657 1843 αὑτὸν
705 1791 817 1850 τοῖς
849 1785 1211 1856 περιεστῶσιν
1257 1784 1475 1836 ἐκέλευε
1543 1785 1754 1835 παίειν·

200 1884 314 1949 ενα,
347 1886 536 1953 φησὶν,
562 1884 618 1935 ὲν
638 1879 796 1946 ὀδύνῃ
828 1879 1033 1929 πλείονι
1062 1877 1154 1930 καὶ
1183 1873 1441 1944 κλαυθμῷ
1469 1877 1501 1943 ὴ
1535 1875 1760 1942 προσδο·

200 1978 422 2047 κωμένη
445 1975 632 2026 τοῦτον
663 1968 823 2039 ἡδονὴ
854 1967 1175 2022 καταλάϐοι.
1219 1967 1378 2019 Ἀλλὰ
1414 1965 1507 2018 καὶ
1534 1965 1759 2018 τοιαῦτα

203 2072 428 2138 πάσχων
474 2065 547 2127 ὡς
594 2063 687 2117 καὶ
741 2059 1047 2130 κορεννύειν
1093 2062 1206 2118 τοῖς
1269 2058 1464 2112 πάθεσι
1522 2060 1613 2110 καὶ
1675 2074 1764 2128 μι-

202 2157 439 2209 σούντων
491 2151 666 2223 ψυχὰς
694 2152 844 2223 ὅμως
872 2153 1226 2220 ἀνδρειότατα
1249 2151 1335 2205 διὰ
1356 2150 1588 2220 Χριστὸν
1637 2149 1764 2219 ἐφε-

204 2265 322 2318 ρεν.

273 2339 377 2391 ΙΒ¹.
427 2336 556 2390 Ἐπὶ
608 2337 818 2400 τούτοις
880 2336 1138 2389 ἁπλοῢσιν
1192 2331 1352 2388 αὐτὸν
1398 2331 1588 2387 ὕπτιον
1625 2334 1767 2387 κατὰ

202 2425 299 2480 τοῦ
331 2427 580 2495 ἐδάφους,
617 2426 774 2478 τοῦτο
827 2425 1184 2487 κελεύσαντος
1215 2424 1306 2476 τοῦ
1339 2425 1598 2494 τυράννου
1626 2441 1637 2454 ·
1673 2427 1770 2477 καὶ

205 2518 306 2587 τὴν
386 2522 482 2588 μὲν
557 2517 800 2584 κεφαλὴν
849 2515 1145 2583 τεκτονικῷ
1199 2532 1304 2567 τινι
1352 2516 1770 2578 ἐναπολαδόντες

205 2609 446 2678 ὀργάνῳ,
471 2608 794 2676 ἰσχυρότατα
823 2604 1161 2668 ἐκπιέζουσι,
1191 2607 1254 2670 τῇ
1292 2604 1399 2674 ῥινὶ
1432 2603 1488 2656 δὲ
1518 2604 1771 2656 αὐλίσκον

207 2699 671 2768 ἀναρμοσάμενοι,
701 2698 881 2766 νίτρον
910 2696 1003 2747 καὶ
1034 2694 1169 2757 ἃλας
1214 2688 1326 2758 ὄξει
1373 2695 1772 2764 κεκραμένους,

210 2790 555 2859 κμτ⁹αὐτοὺς
607 2789 794 2858 ἡρέμα
828 2788 1100 2854 ἐγχέουσι,
1156 2787 1248 2837 καὶ
1311 2785 1408 2856 τὴν
1469 2783 1776 2854 δριμύτητα

210 2877 352 2951 πρός
385 2896 442 2930 τε
469 2880 534 2931 τὰ
575 2880 672 2947 τῆς
698 2879 936 2944 κεφαλῆς
978 2877 1313 2946 κοιλώματα,
1348 2879 1439 2931 καίι
1464 2879 1590 2948 παρ’
1612 2878 1774 2928 αὑτὸν

212 2975 579 3042 εἰσπέμπουσι
612 2971 701 3022 τὸν
734 2969 1060 3036 ἐγκέφαλον.
1098 2969 1374 3020 Ἐντεῦθεν
1413 2970 1598 3038 ἕτερον
1628 2967 1774 3037 αὐτῷ

213 3067 512 3127 κακώσεως
541 3066 737 3134 τρόπον
788 3060 1082 3123 ἐπινοοῦσι,
1123 3062 1214 3111 καὶ
1245 3062 1340 3126 τὴν
1360 3061 1580 3112 ἐκείνων
1633 3061 1780 3128 ὠμό-

1849 608 1990 662 tibiae
2021 617 2201 676 partes
2245 609 2763 677 comprehendisset,
2800 617 2853 663 et
2903 608 3099 662 deinde
3146 623 3240 663 eas
3284 608 3415 663 fune

1848 700 2284 759 constrinxisset.
2319 701 2397 753 sic
2425 699 2702 767 exprimit,
2741 710 2797 753 ut
2832 715 2894 752 ex
2932 700 3064 768 ipsis
3085 699 3245 753 etiam
3270 713 3432 751 sum--

1849 793 1949 847 mis
1987 793 2180 860 pedum
2214 791 2396 861 digitis
2425 801 2588 861 guttae
2617 791 2897 860 sanguinis
2929 789 3416 844 distillarent.Cum

1850 899 1979 954 ergo
2012 884 2092 936 vix
2127 883 2342 936 tandem
2379 883 2547 951 pedes
2591 883 2863 937 eduxisset
2902 881 3076 935 exilla
3102 879 3415 940 afflictione,

1852 977 1905 1030 in
1971 974 2167 1043 plantis
2229 973 2379 1042 pedis
2443 973 2647 1026 ferreos
2705 973 2878 1042 inﬁgit
2935 972 3134 1034 clavos,
3190 985 3244 1023 et
3280 971 3420 1039 cogit

1854 1068 2107 1121 athletam
2137 1079 2378 1128 currere,
2414 1064 2581 1117 multo
2614 1064 2876 1131 sanguine
2908 1063 3076 1116 solum
3111 1060 3418 1132 subjectum

1855 1167 2249 1228 aspergentem.
2289 1157 2654 1222 Quamobrem
2686 1171 2939 1225 magnum
2977 1153 3140 1208 corde
3183 1153 3420 1206 dolorem

1855 1251 2101 1304 sentiens
2169 1260 2367 1315 martyr
2435 1247 2743 1316 (quomodo
2794 1245 2960 1308 enim,
3006 1245 3106 1296 nisi
3181 1244 3424 1297 dolorem

1857 1343 2104 1405 sentiret,
2167 1341 2550 1395 ostenderetur
2602 1339 2719 1402 ejus
2774 1337 2826 1390 in
2878 1335 3150 1389 Christum
3207 1335 3422 1389 deside-

1858 1435 2058 1502 rium?)
2091 1451 2146 1486 :c
2189 1432 2391 1486 Euntes
2416 1433 2586 1494 ibant,
2621 1429 2854 1492 dicebat,
2887 1440 2940 1481 et
2965 1427 3186 1488 ﬂebant,
3209 1425 3427 1478 mittent.-

1860 1534 1941 1580 tes
1973 1526 2182 1578 semina
2232 1540 2328 1576 sua
2364 1542 2376 1575 :
2423 1522 2705 1577 venientes
2747 1526 2928 1573 autem
2985 1519 3203 1571 venient
3241 1517 3294 1570 in
3334 1531 3430 1570 ex-

1861 1617 2167 1676 sultatione,
2196 1615 2445 1668 tollentes
2478 1613 2781 1680 manipulos
2813 1610 3028 1665 suos’.»
3053 1610 3180 1662 Haec
3207 1617 3428 1661 sanctus

1861 1710 2076 1779 quidem
2110 1705 2371 1778 psallebat
2392 1705 2648 1760 suaviter.
2681 1703 2965 1757 'feridates
2993 1713 3171 1754 autem
3202 1700 3431 1768 iubebat

1864 1801 2342 1856 circumstantibus
2403 1799 2564 1853 ferire
2617 1797 2886 1852 crudelius
2919 1789 2934 1849 ἐ
2972 1794 3072 1859 Ut,
3128 1794 3322 1862 inquit,
3379 1793 3432 1845 in

1869 1892 2056 1959 maiori
2091 1893 2276 1944 dolore
2305 1900 2358 1943 et
2389 1888 2516 1942 ﬂetu
2539 1889 2604 1942 ad
2636 1903 2758 1941 eum
2796 1887 3096 1956 perveniat,
3127 1900 3247 1953 qua:
3277 1885 3344 1938 ab
3370 1898 3434 1936 eo

1869 1994 2233 2053 exspectatur,
2266 1987 2534 2052 voluptas.
2570 1983 2675 2036 Sed
2717 1982 2842 2034 licet
2873 1989 2950 2034 tot
2973 1988 3024 2033 et
3051 1987 3197 2032 tanta
3227 1984 3439 2046 patere-

1873 2086 1978 2137 tur,
2012 2087 2069 2130 ut
2103 2077 2214 2129 suis
2244 2064 2685 2144 perpessionibus
2713 2087 2900 2126 eorum
2937 2071 3118 2133 etiam,
3148 2070 3238 2136 qui
3261 2069 3436 2136 ipsum

1873 2168 1998 2222 odio
2029 2166 2320 2225 habebant,
2347 2164 2556 2216 animos
2590 2164 2832 2222 satiaret,
2861 2157 3152 2213 fortissime
3174 2165 3352 2210 tamen
3375 2171 3437 2208 ea

1875 2259 2077 2314 ferebat
2109 2267 2333 2326 pr0pter
2365 2256 2661 2309 Christum.

1947 2349 2059 2403 ΧΗ.
2096 2349 2224 2401 Post
2271 2349 2382 2400 haec
2426 2363 2547 2400 eum
2608 2345 2757 2399 humi
2813 2343 3065 2412 supinum
3120 2339 3438 2404 extendunt,

1877 2458 1998 2497 cum
2033 2442 2134 2494 hoc
2161 2440 2411 2508 jussisset
2441 2449 2700 2508 tyrannus
2732 2453 2746 2489 :
2783 2445 2832 2490 et
2865 2452 2986 2488 cum
3022 2444 3183 2503 caput
3224 2434 3441 2503 quidem

1879 2539 2058 2593 fabrili
2093 2537 2327 2606 quodam
2363 2533 2786 2602 intercepissent
2838 2531 3230 2589 instrumento,
3256 2525 3441 2594 expri-

1880 2640 2036 2685 munt
2067 2629 2422 2683 validissime.
2461 2626 2595 2680 Cum
2624 2641 2758 2678 naso
2792 2634 2974 2677 autem
3015 2620 3246 2674 fistulam
3280 2618 3446 2686 appli-

1885 2733 2124 2788 cassent,
2158 2723 2361 2775 nitrum
2392 2730 2446 2772 et
2476 2717 2640 2771 salem
2669 2717 2894 2770 mistum
2927 2723 3103 2776 aceto,
3137 2713 3187 2764 in
3221 2726 3338 2763 eam
3367 2711 3449 2761 in—

1883 2818 2138 2876 fundunt.
2193 2825 2246 2869 et
2294 2828 2506 2867 acorem
2563 2807 2628 2865 ad
2702 2808 2966 2877 profunda
3027 2807 3216 2875 capitis
3268 2816 3324 2859 et
3380 2804 3446 2857 ad

1885 2907 2058 2974 ipsum
2095 2901 2475 2957 transmittunt
2509 2900 2814 2953 cerebrum.
2845 2896 3047 2950 Deinde
3077 2897 3194 2963 ejus
3220 2892 3447 2946 vexandi

1886 2998 2047 3053 alium
2080 3010 2295 3063 quoque
2343 2991 2564 3047 modum
2621 2989 2944 3057 excogitant,
2991 2986 3082 3052 qui
3137 2995 3189 3038 et
3236 2984 3448 3036 illorum

1886 3087 2374 3148 crudelitatem,“
2433 3083 2688 3150 martyris
2742 3079 2906 3133 animi
2963 3075 3329 3131 fortitudinem
3383 3089 3451 3128 ex

213 3179 373 3229 τητα,
405 3159 499 3213 καὶ
532 3158 626 3228 τὴν
662 3156 754 3210 τοῦ
793 3156 1067 3225 μάρτυρος
1099 3155 1318 3224 ἀνδρίαν
1369 3155 1564 3224 ἐπίσης
1615 3154 1756 3223 ἄμφι

1848 3181 1853 3235 ἰ
1885 3195 2040 3246 aequo
2069 3175 2413 3232 ostendebal.
2443 3172 2576 3224 Nam
2609 3184 2732 3222 cum
2796 3166 3068 3224 calathum
3121 3163 3450 3226 attulissent,

214 3249 548 3302 δεικνύοντα.
570 3248 810 3299 Θύλακον
837 3250 942 3313 γὰρ
971 3246 1282 3311 ἐνεγκόντες
1311 3245 1607 3313 καμιναίας
1639 3245 1780 3316 πλη-

221 3341 407 3409 ροῦσιν
425 3338 672 3404 αἰθάλης,
712 3338 802 3386 καὶ
835 3336 991 3386 τοῦτο
1013 3337 1109 3403 τὴν
1158 3338 1503 3403 μαρτυρικὴν
1562 3338 1786 3405 εκείνην

222 3430 554 3500 ὲμὸἁλλουσι
592 3428 855 3498 κεφαλὴν,
892 3426 1005 3478 καὶ.
1030 3426 1106 3496 τῷ
1138 3425 1228 3478 τοῦ
1279 3426 1487 3479 δικαίου
1534 3428 1788 3499 τραχήλῳ

224 3524 321 3576 τὸν
353 3523 582 3574 θύλακον
604 3519 914 3580 ἀποδέουσι,
945 3519 1040 3572 καὶ
1069 3520 1146 3580 είς
1178 3518 1346 3587 ἕκτην
1389 3521 1553 3572 αὑτὸν
1581 3523 1793 3591 ἡμέραν

227 3618 298 3686 τῇ
337 3617 547 3685 χαλεπῇ
577 3612 750 3682 ταύτῃ
795 3612 1012 3680 βασάνῳ
1063 3612 1347 3674 πιέζεσθαι
1383 3613 1792 3668 καταλείπουσι.

231 3707 316 3776 Τῇ
346 3706 546 3773 ἑϐδόμῃ
569 3692 747 3756 τοίνυν
781 3702 1280 3771 μεταπεμψάμενος
1313 3704 1796 3774 αὑτὸνΤηριδάτης

239 3800 377 3870 μετὰ
404 3797 496 3848 τοῦ
530 3795 791 3863 συνήθους
821 3794 1095 3865 μυκτῆρος
1119 3796 1209 3846 καὶ
1238 3799 1332 3866 τῆς
1368 3796 1527 3866 φίλης
1561 3797 1792 3866 μωκίας’

239 3886 409 3939 Πόθεν
436 3888 584 3954 ἡμῖν,
618 3879 662 3937 ὧ
693 3880 866 3952 οὗτος,
887 3884 981 3939 νῦν
1011 3887 1299 3955 ὲπανῆκες,
1321 3889 1445 3956 ἔφη,
1470 3884 1579 3958 ἆρά
1612 3904 1672 3955 γε
1696 3888 1801 3941 ἀπὸ

237 3979 342 4051 τῆς
376 3980 654 4053 βασιλείας
685 3981 780 4032 καὶ
811 3980 920 4032 τῶν
956 3980 1174 4046 ἀγαθῶν
1200 3981 1441 4042 ἐκείνων,
1470 3981 1503 4033 ἃ
1541 3983 1802 4051 πρότερον

244 4078 351 4130 ὑπὸ
391 4076 581 4129 πλατεί
611 4075 688 4143 τῷ
721 4075 945 4142 στόματι
992 4071 1245 4142 διεξῄεις,
1278 4071 1369 4124 καὶ
1431 4065 1505 4123 ιῖιν
1565 4074 1803 4125 ἀπολαύ-

246 4168 437 4223 σεσθαι
468 4166 820 4236 προσεδόκας.
859 4165 966 4217 Καὶ
997 4167 1023 4217 ό
1050 4167 1294 4232 γενναῖος
1324 4166 1803 4235 ἀπαρρησιάσιως·

245 4260 436 4324 Οὔπω,
466 4260 648 4330 φησὶν,
682 4251 724 4309 ὧ
757 4257 998 4325 βασιλεῦ,
1036 4258 1171 4326 πρὸς
1197 4258 1293 4327 τὴν
1325 4258 1558 4326 ἄρρητον
1597 4259 1807 4324 ἐκείνην

245 4352 593 4420 εὐδαιμονίαν
648 4349 1053 4417 ἀποδεδήμηκα.
1092 4350 1207 4399 Ἔτι
1236 4349 1341 4417 γὰρ
1399 4347 1460 4398 ’.ὸ
1487 4346 1623 4419 βαρὺ
1652 4346 1810 4400 τοῦτο

247 4443 568 4512 περίκειμαι
594 4441 686 4493 τοῦ
713 4441 958 4508 σώματος
983 4441 1220 4507 φορτίον.
1237 4435 1379 4490 Ἀλλ’
1420 4442 1538 4491 ἐπεὶ
1557 4442 1811 4492 τοιούτων

1888 3268 2084 3323 camini
2121 3283 2241 3318 eum
2279 3263 2508 3332 implent
2532 3260 2774 3328 fuligine,
2807 3259 2933 3312 etin
2959 3272 3079 3310 eum
3105 3255 3452 3323 martyricunt

1891 3359 2020 3414 illud
2052 3365 2215 3426 caput
2267 3356 2587 3414 immittunt,
2630 3363 2681 3406 et
2705 3351 2832 3419 justi
2870 3349 3007 3402 collo
3041 3347 3308 3401 calathum
3339 3343 3456 3398 alli-

1893 3460 2051 3522 gant,
2078 3458 2128 3503 et
2168 3462 2259 3501 sex
2293 3445 2409 3498 dies
2441 3458 2563 3497 eum
2599 3442 2914 3510 relinquunt
2963 3439 3131 3507 premi
3167 3439 3268 3490 hoc
3307 3435 3456 3504 gravi

1897 3550 2188 3596 tormento.
2231 3537 2476 3606 Septimo
2500 3543 2682 3590 autem
2717 3532 2804 3584 die
2835 3545 2958 3582 cum
2987 3543 3111 3581 eum
3143 3525 3457 3579 accersivis-

1896 3641 1977 3688 set
2006 3630 2311 3692 Teridates,
2367 3642 2489 3681 cum
2533 3633 2791 3680 consueta
2831 3620 3289 3687 subsannatione,
3323 3627 3376 3671 et
3408 3616 3458 3670 ei

1899 3733 2046 3792 grata
2108 3721 2358 3780 irrisione
2393 3735 2406 3770 :
2438 3714 2744 3778 Undenam,
2798 3713 2996 3780 inquit,
3042 3724 3185 3762 nunc
3242 3709 3308 3761 ad
3362 3721 3462 3760 nos

1901 3815 2081 3868 redis?
2119 3815 2198 3865 An
2234 3830 2260 3864 a
2300 3826 2465 3877 regno
2493 3817 2546 3862 et
2575 3823 2604 3860 a
2645 3805 2802 3860 bonis
2835 3803 2965 3867 illis,
3002 3817 3121 3870 qua:
3165 3800 3314 3870 prius
3340 3812 3466 3866 pro-

1901 3905 2006 3959 lixe
2057 3902 2490 3973 persequebaris,
2562 3908 2616 3951 et
2663 3913 2782 3964 quae
2836 3893 3188 3964 exspectabas
3239 3901 3289 3944 te
3343 3901 3464 3943 esse

1903 3991 2325 4068 percepturum?
2393 3990 2707 4046 Generosus
2779 3997 2958 4039 autem
3053 3983 3144 4036 ille
3199 3981 3369 4055 libere
3411 3989 3467 4033 et

1907 4105 2095 4157 magna
2126 4103 2247 4139 cum
2302 4083 2494 4137 fiducia
2532 4100 2545 4135 :
2581 4081 2858 4141 Nondum,
2903 4075 3099 4144 inquit,
3149 4089 3181 4128 ο
3229 4088 3340 4132 rex,
3401 4070 3469 4124 ad

1908 4182 2048 4234 illam
2085 4177 2409 4231 ineffabilem
2469 4174 2692 4243 migravi
2745 4171 3079 4225 felicitatem.
3139 4167 3267 4219 Sum
3320 4164 3468 4217 enim

1907 4270 2085 4325 adhuc
2134 4267 2441 4336 implicatus
2487 4264 2634 4335 gravi
2689 4263 2790 4315 hoc
2833 4274 2996 4313 onere
3054 4255 3312 4324 corporis.
3362 4252 3468 4306 Sed

1909 4361 2162 4430 quoniam
2199 4359 2282 4412 his
2312 4374 2429 4410 sum
2457 4373 2550 4424 pro
2576 4353 2800 4408 Domino
2831 4367 2952 4405 meo
2975 4349 3239 4419 dignatus.
3259 4344 3473 4400 veniam

1913 4453 2071 4521 paulo
2103 4457 2221 4516 post
2266 4464 2391 4499 cum
2425 4445 2570 4498 illius
2599 4443 2787 4514 gloria,
2819 4439 3034 4508 quando
3074 4437 3214 4490 nuda
3255 4436 3470 4506 quidem

248 4536 391 4603 ὑπὲρ
425 4531 517 4584 τοῦ
553 4532 686 4600 ἐμοῦ
729 4531 999 4582 Δεσπότου
1034 4527 1292 4599 ὴξίωμαι,
1357 4531 1473 4597 ἥξω
1524 4534 1659 4598 μετὰ
1713 4533 1756 4583 τῆ

1848 4521 1886 4575 D
1915 4554 1970 4595 et
2000 4549 2187 4608 aperta
2217 4540 2479 4592 siSlentur
2514 4535 2692 4587 omnia
2739 4545 2862 4584 ante
2908 4531 3052 4583 illius
3089 4525 3342 4580 tribunal.
3374 4523 3477 4578 Se-

247 4624 462 4675 ικείνου
496 4621 654 4688 δόξης
701 4622 895 4689 μικρὸν
931 4620 1182 4690 ὕστερον,
1220 4621 1305 4672 ὅτε
1337 4623 1519 4690 γυμνά
1567 4622 1664 4690 μὲν
1718 4624 1813 4672 καὶ

248 4713 720 4785 τετραχηλισμένα
758 4710 832 4780 τῷ
882 4713 1089 4766 ἐκείνου
1151 4713 1355 4782 βήματι
1402 4699 1810 4784 παραστήσεται

250 4809 454 4868 πάντα,
503 4806 770 4859 καθιεῖται
802 4804 857 4856 δὲ
893 4805 1054 4866 αὑτὸς
1103 4808 1130 4856 ό
1176 4806 1268 4858 τοῦ
1312 4806 1445 4858 Θεοῦ
1481 4807 1649 4873 Λόγος
1693 4822 1814 4876 κρι-

252 4898 406 4955 τικὸς
428 4897 777 4964 ἐνθυμήσεων
832 4897 931 4949 καὶ
964 4897 1182 4948 ἐννοιῶν
1220 4896 1467 4964 καρδίας,
1502 4898 1815 4966 διικνούμε-

253 5004 344 5050 νος
375 4986 500 5055 ᾶχρι
537 4987 806 5056 μερισμοῦ
835 4989 1014 5058 ψυχῆς
1071 4991 1164 5040 καὶ
1205 4989 1405 5041 ὀστέων
1437 4992 1527 5040 καὶ
1586 4990 1817 5056 μυελῶν,

255 5082 352 5133 xal.
376 5080 554 5149 νάμων
580 5080 788 5148 ἑκάστῳ
813 5081 879 5130 τά
911 5080 1028 5131 κατ’
1051 5083 1224 5146 ἀξίαν,
1248 5081 1427 5150 ἡνίκα.
1463 5081 1559 5148 φεῦ
1585 5083 1597 5131 l
1628 5076 1735 5143 οἷός
1761 5099 1818 5134 σε

258 5176 656 5241 περιστήσεται
677 5173 938 5236 κίνδυνος,
955 5173 1092 5234 οἵαν,
1119 5173 1290 5236 ἄθλιε,
1317 5176 1414 5241 τὴν
1437 5174 1704 5242 τιμωρίαν
1726 5193 1821 5226 καο

258 5265 592 5335 τακριθήσῃ.
634 5269 822 5320 Ταῦτα
857 5269 948 5318 ἐπὶ
975 5267 1133 5319 πλέον
1168 5268 1417 5335 ὲκμαίνει
1453 5269 1542 5318 τὸν
1573 5265 1819 5335 βασιλέα,

264 5357 362 5411 καὶ
379 5356 577 5410 αὐτίκα
610 5357 782 5422 δοθεὶς
823 5363 947 5422 τοὺς
973 5360 1140 5422 πόδας
1176 5362 1203 5411 6
1238 5362 1463 5428 μάρτυς,
1495 5358 1635 5410 κατὰ
1658 5375 1825 5426 κεφα-

261 5451 359 5518 λῆς
384 5452 704 5522 άναρτᾶται,
747 5456 836 5506 καὶ
871 5455 1012 5524 ὕδωρ
1036 5454 1166 5506 πολὺ
1194 5454 1279 5506 διὰ
1306 5453 1403 5520 τῆς
1433 5451 1640 5503 ἐκείνου
1664 5450 1824 5518 ἕδρας

264 5541 470 5593 ὶνιᾶσιν
503 5543 580 5605 είς
628 5546 725 5614 τὴν
759 5547 1019 5616 γαστέρα,
1067 5545 1289 5598 κόλασιν
1351 5543 1464 5613 ἅμα
1517 5540 1674 5595 τοῦτο
1738 5546 1828 5596 καὶ

344 5813 362 5844 ε
401 5808 516 5866 Psal
569 5827 722 5877 cxxv,

1917 4631 2062 4687 debit
2093 4639 2273 4688 autem
2326 4629 2501 4697 ipsum
2537 4624 2626 4686 Dei
2665 4621 2902 4676 Verbum
2932 4620 3095 4690 judex
3128 4633 3236 4672 non
3269 4626 3475 4670 tantum

1919 4723 2207 4781 factorum,
2235 4720 2328 4774 διιά
2363 4729 2417 4772 et
2452 4716 2617 4770 animi
2657 4713 3094 4782 conceptionum,
3119 4719 3168 4762 et
3199 4707 3478 4776 cogitatio-

1915 4829 2042 4866 num
2080 4811 2258 4866 cordis
2291 4820 2581 4880 penetrans
2609 4820 2777 4873 usque
2827 4804 2893 4857 ad
2919 4801 3234 4855 divisionem
3263 4798 3475 4857 animat,

1916 4912 1969 4954 et
2023 4901 2330 4958 ossium,et
2381 4896 2835 4952 medullarum.el
2894 4889 3181 4951 unicuique
3234 4887 3477 4940 tribuens

1919 5009 2016 5062 pro
2049 4989 2272 5042 meritis.
2304 4986 2421 5053 Quo
2472 4996 2734 5053 tempore,
2767 4979 2852 5035 hei
2908 4979 3075 5032 mihi!
3108 4977 3266 5047 quale
3297 4988 3348 5030 te
3375 4978 3482 5029 cir-

1919 5081 2196 5138 cumsistat
2259 5065 2887 5147 periculumlqualifo
2953 5069 3156 5128 infelix.
3217 5064 3481 5135 supplicio

1925 5170 2313 5227 damnaberisl
2352 5167 2472 5220 Haec
2536 5180 2716 5234 regem
2767 5163 2912 5217 cient
2960 5159 3148 5229 majori
3197 5157 3399 5220 furore,
3427 5163 3481 5208 et

1923 5265 2102 5318 statim
2133 5260 2358 5330 pedibus
2404 5259 2614 5311 vinctus
2659 5265 2878 5324 martyr,
2913 5265 3152 5322 praeceps
3200 5245 3487 5316 suspendi-

1926 5368 2030 5418 tur,
2074 5366 2125 5408 et
2157 5370 2255 5422 per
2293 5349 2618 5421 posteriores
2644 5359 2826 5418 partes
2857 5347 3083 5399 multutn
3113 5357 3265 5410 aquae
3287 5338 3487 5393 immit-

1925 5456 2044 5501 tunt
2081 5447 2134 5497 in
2168 5452 2429 5502 ventrem,
2452 5439 2554 5494 hoc
2579 5439 2737 5493 simul
2769 5454 2865 5508 pro
2891 5433 3153 5504 supplicio
3177 5441 3228 5484 et
3258 5428 3487 5483 ludibrio

1928 5539 2192 5594 habentes
2265 5520 2534 5590 scelerati.
2602 5530 2788 5584 Nullus
2868 5527 3010 5581 enim
3072 5525 3247 5595 pudor
3297 5520 3487 5574 talibus
