4188 6436
180 410 281 474 961

1139 412 1314 471 VITA
1359 410 1420 467 S.
1458 401 1847 466 GREGOBII
1892 406 2526 471 ILLUMINATORIS.

3351 414 3457 477 962

179 526 594 598 ἐπισωρεύοντα
627 524 759 596 πῦρ.
810 523 949 592 Ἐγὼ
975 525 1028 577 δέ
1067 526 1301 577 πέποιθα
1333 524 1429 575 ἐπὶ
1469 517 1545 590 τῷ
1581 522 1771 591 Κυρίῳ

1890 521 1977 574 ris.
2031 522 2141 591 Ego
2187 531 2368 575 autem
2421 522 2636 576 confido
2696 523 2747 576 in
2796 523 3024 581 Domino
3072 542 3216 592 meo,
3250 536 3338 598 qui
3377 544 3463 587 est

185 620 406 689 μου,ὃς
442 619 797 689 ἀντιλήπτωρ
831 634 933 688 μου
988 618 1106 670 ἐστὶ
1157 618 1249 670 καὶ
1296 616 1592 686 καταφυγή
1640 631 1764 683 μου,

180 713 279 765 καὶ
310 710 397 764 ἐπ’
428 710 579 780 αύτῴ
604 711 830 779 ἤλπισα.
865 710 986 763 Τῶν
1016 710 1071 763 δὲ
1101 712 1250 780 παρὰ
1287 708 1380 763 σοῦ
1416 728 1505 779 μοι
1536 712 1765 764 διασπα-

186 804 548 873 ρασσομένων
573 802 795 871 σαρκῶν
858 802 1013 869 ὀλίγη
1039 802 1279 870 φροντίς.
1316 801 1470 870 ’Όσῳ
1512 802 1620 871 γὰρ
1676 801 1772 852 τὸν

184 898 295 961 ἔξω
318 895 472 963 ἡμῶν
502 893 825 962 φθείρεσθαι
874 893 1181 961 ἄνθρωπον,
1215 894 1456 961 τοσούτῳ
1510 894 1597 945 τὸν
1634 893 1769 944 ἐσω-

188 987 283 1039 θεν
330 986 781 1050 ἀνακαινοῦσθαι,
820 986 912 1037 καὶ
958 984 1327 1054 διδασκόμεθα
1376 986 1469 1037 καὶ
1511 983 1769 1036 πισῖεύο-

191 1097 314 1149 μεν.

267 1174 369 1226 ΙΕ’.
416 1173 599 1243 Θυμὸς
642 1172 733 1224 ἐπὶ
777 1171 987 1235 τούτοις
1040 1170 1313 1241 λαμϐάνει
1362 1168 1452 1220 τὸν
1509 1166 1768 1236 βασιλέα,

189 1270 290 1321 καὶ
313 1267 508 1336 πικρὸν
533 1265 609 1334 τῷ
626 1266 864 1334 μάρτυρι
892 1265 1078 1317 ἐνιδὼν
1095 1279 1109 1293 ·
1145 1262 1383 1333 Ἐπειδὴ,
1402 1262 1556 1330 φησὶ.
1579 1261 1641 1312 σὺ
1674 1260 1773 1328 μὲν

190 1354 648 1415 άνακαινίζεσθαι
678 1349 858 1416 εἶπας,
911 1355 1060 1422 ἡμᾶς
1090 1353 1145 1405 δέ
1180 1353 1312 1421 πυρί
1337 1352 1590 1421 ἅσὸἐστῳ
1622 1350 1776 1419 δοθή-

206 1451 404 1501 σεσθαι
434 1447 738 1517 ηπειλήσω,
770 1445 886 1497 ἀλλ’
914 1444 1025 1511 ἐγώ
1049 1461 1109 1496 σε
1138 1444 1276 1505 τέως
1315 1442 1393 1513 τῷ
1426 1440 1776 1509 σϐεννυμένῳ

188 1547 372 1609 τούτῳ
432 1539 629 1603 διδάξω
682 1537 759 1609 μὴ
820 1535 963 1589 οὓτω
1026 1538 1280 1605 φανερῶς
1348 1533 1442 1586 τοῦ
1501 1534 1777 1603 ἡμετέρου

193 1634 434 1703 κράτους
491 1630 1045 1694 καταυθαδιάζεσθαι.
1091 1630 1201 1683 Καὶ
1270 1628 1467 1680 αὐτίκα
1516 1625 1780 1695 μόλυϐδον

193 1727 413 1779 κελεύει
438 1723 626 1795 λέϐητι
653 1726 677 1775 ἐ
688 1722 999 1793 μ6ληθέντα
1042 1720 1279 1790 ἰσχυρῶς
1306 1735 1361 1770 τε
1390 1718 1532 1785 ἄγαν
1565 1717 1781 1784 παφλά-

197 1837 315 1884 σαι,
368 1823 462 1871 καὶ
500 1820 622 1871 ὅλου
653 1815 1029 1884 καταχυθῆναι
1075 1812 1168 1864 τοῦ
1220 1815 1517 1880 μάρτυρος.
1565 1810 1638 1863 Τδ
1673 1809 1772 1876 μὲν

1871 632 2027 670 meus
2077 618 2351 680 defensor,
2386 627 2438 671 et
2492 620 2759 689 refugium
2810 636 2988 675 meum
3036 633 3135 676 :et
3178 626 3228 677 iu
3279 626 3456 695 ipsum

1873 708 2105 776 Speravi.
2165 708 2297 774 Qua:
2352 722 2536 763 autem
2577 712 2709 765 mibi
2747 728 2776 766 a
2826 725 2876 767 te
2920 714 3198 771 laniantur
3243 734 3459 786 carnes,

1873 815 2061 868 parum
2114 810 2241 853 sunt
2299 802 2429 853 mibi
2472 819 2640 856 curae.
2679 802 2955 869 Quantqu
2998 810 3140 861 enim
3200 820 3463 865 externus

1873 901 2062 945 noster
2100 894 2471 961 corrumpitur
2516 896 2701 962 homo,
2732 907 2941 950 tantum
2985 899 3262 953 internum
3301 918 3464 955 reno-

1874 979 1990 1031 vari
2027 988 2079 1032 et
2110 983 2409 1033 docemur’
2431 993 2485 1035 et
2525 986 2825 1039 credimus.

1947 1158 2062 1215 XV.
2104 1162 2175 1214 Ex
2210 1162 2294 1215 his
2347 1163 2423 1216 ira
2462 1164 2684 1219 incessit
2743 1183 2951 1235 regem,
2986 1178 3040 1222 et
3072 1172 3269 1225 acerbe
3317 1190 3463 1228 mar-

1878 1261 2045 1321 tyrem
2076 1253 2296 1307 intuens
2318 1273 2329 1307 :
2352 1254 2645 1319 Quoniam,
2668 1258 2861 1326 inquit,
2884 1268 2937 1311 tu
2964 1262 3184 1327 quidem
3205 1264 3384 1317 dixisti
3413 1274 3464 1318 te

1878 1345 2152 1407 renovari,
2188 1360 2286 1398 nos
2309 1351 2489 1399 autem
2515 1350 2753 1402 minatus
2786 1366 2844 1402 es
2878 1366 2999 1404 esse
3020 1354 3314 1407 tradendos
3354 1354 3460 1423 igni

1878 1438 1969 1508 qui
2010 1453 2119 1491 non
2155 1448 2333 1507 potest
2379 1443 2673 1511 exstingui,
2707 1458 2807 1510 ego
2837 1444 3058 1497 interim
3104 1447 3229 1509 hoc,
3257 1448 3345 1516 qui
3377 1463 3465 1500 ex-

1881 1531 2200 1601 Stinguitur,
2239 1544 2289 1587 te
2339 1533 2567 1597 docebo,
2600 1551 2667 1588 ne
2712 1539 2785 1589 sis
2825 1547 2930 1589 tam
2982 1549 3169 1607 aperte
3226 1541 3468 1598 insnleus

1882 1623 1937 1677 in
1969 1635 2211 1678 nostram
2244 1626 2564 1694 potentiam.
2604 1626 2665 1679 Et
2700 1630 2948 1695 protinus
2978 1630 3136 1698 jubet
3181 1632 3465 1699 plumbum

1884 1715 1936 1769 in
1965 1718 2196 1771 lebetem
2244 1718 2530 1789 injectum.
2565 1721 2722 1774 valde
2756 1721 2971 1774 incendi
3003 1738 3064 1776 ac
3097 1723 3384 1791 liquefieri,
3412 1735 3467 1780 et

1884 1817 2057 1861 totum
2104 1810 2158 1863 in
2192 1821 2484 1880 martyrem
2534 1813 2702 1879 injici.
2756 1814 2934 1881 Atque
2985 1813 3086 1868 hoc
3134 1815 3352 1882 quidem
3390 1832 3468 1871 su:

194 1912 263 1981 δὴ
300 1911 373 1972 ὼς
408 1910 659 1961 ἐκέλευσε
687 1908 932 1974 γέγονεν.
975 1905 1034 1955 '0
1067 1903 1121 1954 δέ
1145 1901 1316 1963 οὕτως
1342 1897 1456 1971 εἶχε
1492 1900 1777 1967 γενναίως,

1890 1900 2087 1955 factum
2131 1912 2235 1968 est,
2290 1912 2347 1957 ut
2381 1904 2563 1973 jussit.
2611 1904 2703 1959 Ille
2750 1915 2931 1960 autem
2980 1922 3088 1959 non
3141 1910 3322 1961 minus
3365 1908 3469 1963 fuit

195 2002 392 2069 ῶσπερ
454 1999 646 2062 ὓδατος
694 1997 842 2067 αὐτῷ
912 1994 1126 2065 ψυχροῦ
1181 1994 1616 2062 καταχεομένου.
1672 1993 1781 2044 Καὶ

195 2094 361 2146 τοῦτο
399 2092 577 2161 δῆλον,
643 2090 703 2155 ἐξ
746 2085 819 2143 ὧν
854 2091 1219 2159 φανερώτατα
1268 2087 1365 2156 μέν
1410 2086 1511 2157 τὴν
1560 2084 1774 2136 ἐκείνου

195 2187 401 2257 ηλεγχε
448 2186 653 2255 πλάνην
685 2185 816 2255 παρ’
844 2185 1009 2237 αὑτὸν
1047 2184 1135 2235 τὸν
1157 2182 1256 2251 τῆς
1292 2182 1526 2251 βασάνου
1568 2182 1779 2248 καιρόν·

197 2280 781 2351 πεπαρρησιασμένως
840 2278 895 2329 δὲ
924 2279 1037 2338 τοῖς
1070 2275 1307 2345 παροῦσι
1336 2277 1427 2328 τὸν
1478 2275 1576 2342 τῆς
1625 2275 1785 2326 εύσε-

198 2370 365 2435 δείας
396 2372 648 2423 ύπέτεινε
682 2369 840 2435 λόγον
868 2383 882 2397 ·
935 2362 1016 2427 οἷς
1047 2367 1109 2433 δή
1149 2383 1250 2417 που
1283 2368 1373 2417 καὶ
1404 2366 1785 2435 ὑπερεκπλητ-

198 2463 428 2531 τόμενος
453 2463 481 2513 ό
534 2459 841 2528 Ἀρμένιος,
872 2456 1205 2519 ἐσπούδαζεν
1244 2458 1307 2507 ἐκ
1345 2459 1547 2518 παντὸς
1578 2457 1785 2524 τρόπου

201 2553 472 2623 κερδῆσαι
518 2553 612 2603 τὸν
657 2550 859 2620 ἄνδρα,
920 2552 1012 2601 καὶ
1049 2552 1096 2599 εί
1140 2548 1331 2599 τούτου
1383 2547 1671 2614 ἀποτύχοι,
1715 2547 1783 2598 τὰ

203 2646 411 2713 ἔσχατα
431 2641 775 2713 ζημιωθῆναι
797 2641 856 2693 τὸ
899 2641 1180 2712 ἐλληνικδν
1199 2639 1354 2709 ᾤετο.
1391 2638 1784 2691 ’Υποσκελίσαι

203 2738 392 2788 τοίνυν
458 2738 621 2798 αὐτὸς
694 2734 1022 2805 βουλόμενος
1097 2735 1192 2786 καὶ
1254 2733 1351 2803 τῆς
1428 2733 1786 2802 στερρότητος

206 2830 433 2897 ἐκείνης
464 2828 683 2895 καὶτῆς
723 2826 1034 2895 προθυμίας
1076 2824 1326 2888 ἐλκῦσαι,
1373 2824 1691 2887 κολακείαις
1728 2839 1788 2875 τε

208 2921 379 2975 αὑτὸν
410 2918 752 2986 ὑποδραμεῖν
809 2918 1165 2985 διεσκέψατο,
1220 2916 1317 2967 καὶ
1374 2916 1631 2979 πλούτου,
1694 2916 1790 2967 καὶ

208 3015 418 3087 ἡδονῶν
453 3052 466 3077 ,
499 3015 593 3065 καὶ
631 3011 823 3081 τιμῆς,
883 3014 977 3063 καὶ
1014 3010 1237 3079 ἀγαθῶν
1275 3010 1384 3063 τῶν
1429 3011 1605 3064 ἄλλων
1643 3011 1789 3060 ὑπο-

212 3110 433 3177 σχέσεσι
460 3105 734 3158 δελεάσαι.
774 3105 933 3157 Ἀλλὰ
970 3102 1175 3173 μεταξύ
1205 3121 1289 3165 τις
1318 3106 1429 3155 τῶν
1455 3100 1751 3170 σατραπῶν
1770 3115 1787 3131 ·

1884 1992 2008 2047 forti
2052 2003 2108 2046 et
2155 2011 2422 2063 generoso
2470 1999 2676 2060 animo,
2725 2015 2887 2067 quam
2943 2001 2987 2054 si
3033 2017 3173 2070 aqua
3241 2004 3291 2056 in
3342 2020 3466 2057 eum

1885 2085 2283 2139 eﬂunderetur.
2316 2086 2428 2140 lloc
2477 2098 2659 2142 autem
2714 2090 2817 2144 fuit
2846 2107 2907 2145 ex
2937 2109 3001 2146 eo
3033 2095 3276 2157 evidens,
3321 2096 3465 2165 quod

1886 2175 2003 2245 ipse
2033 2177 2377 2245 apertissime
2405 2180 2622 2247 quidem
2656 2181 2802 2236 illius
2838 2185 3093 2254 arguebat
3135 2202 3377 2240 errorem
3412 2189 3467 2243 in

1888 2268 2007 2339 ipso
2042 2281 2284 2340 tempore
2309 2275 2563 2327 tormenti
2599 2294 2610 2328 :
2638 2274 2806 2330 libere
2837 2286 3019 2332 autem
3048 2288 3103 2333 et
3129 2281 3470 2334 confidenter

1894 2361 1960 2415 iis
1988 2362 2081 2429 qui
2125 2364 2353 2417 aderant
2396 2367 2715 2435 suggerebat
2743 2372 2965 2422 verbum
3000 2372 3237 2439 pietatis.
3261 2372 3470 2438 Quibus

1888 2455 2106 2522 quidem
2141 2457 2448 2511 mirandum
2484 2460 2535 2510 in
2570 2460 2786 2514 modum
2836 2463 3251 2531 obstupefactus
3280 2470 3467 2519 Arme-

1890 2547 2032 2607 nius,
2071 2550 2321 2603 studebat
2346 2567 2468 2604 eum
2492 2556 2714 2607 omnino
2744 2555 3096 2623 lucrifacere;
3136 2573 3259 2609 nam
3290 2559 3334 2611 si
3366 2559 3467 2611 hoc

1888 2655 1997 2691 non
2059 2650 2242 2706 posset
2293 2645 2534 2711 assequi,
2570 2647 2795 2712 putabat
2856 2651 3097 2714 gentium
3152 2650 3465 2719 religionem

1889 2748 2145 2798 magnum
2198 2749 2319 2788 esse
2365 2735 2623 2788 damnum
2674 2748 3043 2807 accepturam.
3084 2742 3280 2795 Volens
3339 2759 3469 2812 ergo

1891 2841 2015 2880 eum
2051 2828 2422 2895 supplantare.
2451 2838 2505 2882 et
2536 2828 2806 2883 abducere
2852 2831 2919 2884 ab
2954 2832 3039 2885 illa
3070 2832 3382 2887 infirmitate
3414 2844 3471 2889 et

1891 2922 2219 2984 constantia,
2251 2931 2611 2991 promptuque
2653 2933 2706 2976 et
2745 2925 2908 2977 alacri
2946 2926 3111 2979 animi
3141 2927 3341 2987 studio,
3372 2942 3469 2981 co-

1894 3007 2084 3078 gitavit
2114 3021 2237 3061 eum
2273 3011 2528 3077 pellicere
2572 3013 2853 3067 blanditiis
2890 3023 2943 3065 et
2982 3018 3466 3079 assentationibus,

1896 3102 2340 3173 divitiarumque,
2368 3105 2729 3174 voluptatum,
2769 3108 2991 3162 honoris
3023 3116 3077 3162 et
3114 3109 3343 3161 aliorum
3376 3112 3471 3162 bo-

207 3201 313 3254 οὑκ
359 3197 537 3261 ἔξεστι
569 3197 667 3268 ζῇν
695 3199 858 3249 αὐτὸν
888 3197 1010 3248 οὐδὲ
1034 3197 1245 3247 τουτονὶ
1267 3195 1357 3246 τὸν
1382 3193 1535 3262 ἣλιον
1563 3192 1716 3260 ὀρᾷν,
1746 3188 1785 3243 t'u

1896 3209 2090 3247 norum
2125 3196 2412 3263 promissis
2448 3197 2715 3251 inescare.
2766 3198 2870 3251 Sed
2914 3201 3127 3253 interim
3157 3203 3373 3268 quidam
3406 3220 3470 3257 ex

211 3288 468 3360 βασιλεῦ,
522 3288 756 3357 λαμπρᾷ
797 3288 893 3340 καὶ
947 3286 1293 3353 γεγωνοτέρᾳ
1337 3285 1403 3351 τῇ
1455 3284 1606 3351 φωνῇ
1653 3285 1785 3334 ἀνα-

211 3382 539 3454 φθέγγεται,
576 3382 740 3432 παῖδα
784 3379 911 3430 ὄντα
942 3378 1034 3429 τοῦ
1070 3376 1286 3446 Πάρθου
1326 3376 1513 3437 Ἀνακ,
1546 3375 1602 3437 ὃς
1650 3374 1786 3444 δόλῳ

209 3491 269 3528 τε
302 3474 396 3524 τὸν
456 3476 546 3523 σὺν
580 3472 804 3540 πατέρα
840 3466 1110 3540 Κουσαρὼ
1151 3469 1350 3530 ἀνεῖλε,
1395 3469 1492 3519 καὶ
1525 3465 1603 3537 τῷ
1648 3466 1790 3535 Περ-

212 3569 327 3621 σῶν
374 3568 619 3637 τυράννῳ
666 3567 1018 3635 αἰχμάλωτον
1044 3565 1222 3617 πᾶσαν
1266 3563 1640 3632 κατεστήσατο
1692 3560 1789 3630 τὴν

223 3660 543 3727 Ἀρμενίαν.

287 3754 407 3821 ΚΤ.
455 3751 673 3805 Τούτων
712 3748 1027 3803 ἀκούσαντα
1099 3745 1412 3815 Τηριδάτην
1459 3743 1688 3812 σφοδρός
1728 3758 1789 3794 τε

214 3848 361 3917 ὑπὲρ
407 3845 502 3897 τοῦ
533 3844 742 3909 πατρὸς
774 3841 950 3892 εἰσέδυ
999 3838 1159 3906 ζῆλος
1188 3855 1202 3869 ·
1240 3841 1331 3891 καὶ
1360 3836 1523 3901 εὐθὺς
1568 3837 1791 3890 πάντων

210 3940 290 3994 ὢν
328 3937 412 4005 ἐφ’
439 3935 633 3988 ἑαυτοῦ
677 3937 964 3986 ἐσκοπεῖτο
1000 3932 1172 4003 λήθην
1213 3931 1301 3984 διὰ
1326 3931 1388 3983 τὸ
1420 3930 1673 4001 πατρῷον
1705 3924 1789 3983 αἷ-

214 4050 294 4103 μα
339 4028 541 4093 λαϐὼν,
603 4027 816 4079 κελεύει
869 4025 1090 4078 δεθέντα
1142 4024 1232 4077 τὸν
1280 4023 1457 4089 ᾰγιον,
1520 4022 1792 4092 τράχηλον

213 4125 313 4178 καὶ
344 4123 530 4191 χεῖρας
560 4121 676 4189 ἅμα
705 4118 800 4171 καὶ
844 4118 1010 4179 πόδας
1038 4116 1116 4182 τῷ
1165 4115 1316 4182 παρὰ
1362 4116 1429 4182 τῇ
1469 4114 1622 4163 πόλει
1668 4112 1796 4181 Ἀρ-

211 4217 357 4285 ταξᾴ
414 4216 604 4286 λάκκῳ
656 4214 900 4283 δοθῆναι.
952 4210 1011 4261 '0
1057 4208 1115 4260 δὲ
1158 4202 1227 4277 ἦν
1276 4208 1304 4257 ό
1357 4203 1561 4266 λάκκος
1616 4198 1793 4268 οὗτος,

214 4310 461 4378 πρᾶγμα
500 4310 596 4360 καὶ
630 4305 866 4358 ἀκοῦσαι
912 4300 1081 4370 φόϐου
1123 4296 1341 4368 μεστὸν,
1386 4296 1627 4366 σεσηπὸς
1668 4296 1794 4365 βόρ-

213 4400 379 4469 Sapo;
431 4398 502 4450 τὰ
547 4398 715 4461 ἔνδον,
760 4394 854 4447 καὶ
907 4392 1103 4445 ίοϐόλοι
1153 4390 1304 4456 ὄφεις
1352 4389 1447 4441 καὶ
1494 4386 1794 4455 σκώληκες,

216 4492 573 4546 καὶ.πάντων
626 4490 727 4541 ὅσα
786 4488 928 4541 κατὰ
995 4487 1096 4553 γῆς
1151 4484 1334 4552 ἕρπει,
1397 4480 1674 4548 διατριϐὴ,
1731 4481 1795 4531 ἐκ

1894 3295 2125 3351 satrapis
2159 3300 2175 3339 :
2208 3284 2324 3337 Non
2379 3287 2507 3339 licet
2554 3288 2601 3339 ei
2652 3291 2849 3349 vivere,
2901 3306 3075 3357 neque
3122 3293 3263 3343 hunc
3300 3293 3466 3348 solem

1890 3380 2159 3446 aspicere,
2194 3394 2227 3432 ο
2286 3393 2400 3439 rex,
2439 3379 2582 3431 clara
2624 3388 2677 3431 et
2722 3379 2827 3431 a'lta
2872 3396 2999 3434 voce
3033 3381 3293 3450 loquitur,
3342 3400 3467 3439 cum

1893 3472 1962 3524 sit
1992 3470 2131 3524 filius
2186 3472 2365 3523 Parthi
2405 3472 2573 3529 Auac,
2605 3474 2699 3539 qui
2744 3471 2867 3524 dolo
2902 3486 3108 3541 patrem
3143 3484 3293 3527 tuum
3336 3474 3473 3530 Cur-

1892 3577 2012 3615 saro
2043 3562 2329 3623 interfecit,
2365 3573 2415 3613 et
2446 3563 2732 3615 Persarqu
2761 3558 2988 3634 tyranno
3006 3572 3166 3617 totam
3203 3566 3469 3634 captivam

1894 3652 2125 3706 reddidit
2152 3654 2488 3706 Armeniam.

1965 3746 2106 3802 XVI.
2130 3747 2255 3804 Haec
2287 3764 2409 3801 cum
2444 3749 2700 3802 audiisset
2724 3747 3025 3813 Teridates,
3051 3766 3173 3802 eum
3205 3767 3301 3818 pro
3320 3762 3471 3819 patre

1896 3843 2061 3897 subiit
2117 3842 2412 3895 vehemens
2458 3842 2653 3894 zelus:
2693 3852 2744 3894 et
2808 3843 2986 3897 statim
3048 3844 3321 3902 omnium.
3351 3859 3473 3912 qua

1896 3933 2039 4002 apud
2078 3948 2136 3985 se
2169 3931 2458 3999 cogitabat,
2499 3947 2620 3983 eum
2668 3932 2834 3998 ccepit
2877 3928 3075 3984 oblivio
3114 3943 3333 4002 propter
3380 3951 3474 4002 pa-

1896 4034 2112 4078 ternum
2142 4023 2486 4093 sanguinem.
2537 4018 2699 4076 Juhet
2728 4030 2909 4076 autem
2964 4034 3211 4076 sanctum
3246 4026 3468 4093 ligatum

1896 4116 2058 4179 collo,
2091 4115 2251 4169 simul
2286 4125 2340 4169 et
2370 4115 2621 4169 manibus
2645 4124 2699 4168 et
2734 4115 2987 4183 pedibus,
3008 4116 3167 4185 dejici
3192 4118 3241 4169 in
3270 4117 3469 4179 lacum,

1897 4209 1988 4279 qui
2016 4217 2099 4262 est
2138 4208 2188 4259 in
2238 4207 2453 4260 civitate
2506 4208 2751 4259 Artaxat.
2788 4206 2917 4260 Erat
2967 4220 3148 4260 autem
3189 4209 3275 4263 hic
3324 4210 3476 4263 lacus

1900 4316 1988 4355 res
2016 4299 2099 4353 vel
2130 4300 2246 4353 solo
2286 4299 2473 4353 auditu
2520 4300 2779 4354 terribilis
2811 4317 2825 4355 :
2860 4300 3224 4369 putrefactum
3253 4316 3471 4356 casuum

1902 4391 2140 4446 habebat
2168 4392 2522 4455 intrinsecus,
2548 4402 2603 4443 et
2635 4402 2933 4445 venenatos
2963 4402 3244 4459 serpentes
3274 4402 3328 4445 et
3356 4408 3475 4444 ver-

1901 4500 2036 4548 mes,
2064 4494 2117 4539 et
2152 4493 2268 4538 erat
2296 4483 2664 4537 habitaculum
2712 4483 2954 4537 omnium
3006 4499 3126 4553 quae
3153 4495 3381 4551 Sel‘pllnl
3415 4483 3469 4538 in

216 4584 423 4639 πολλοῦ
458 4587 570 4644 τοῖς
605 4581 916 4649 Ἀρμενίοις
949 4547 1026 4639 είς
1054 4547 1326 4628 ’ἐπίνοιαν
1361 4547 1601 4641 φοϐερᾶς
1630 4571 1785 4623 κολά·

1902 4580 2079 4643 terris,
2114 4578 2221 4645 iam
2257 4578 2385 4632 olim
2422 4580 2489 4634 ab
2516 4577 2790 4632 Armeniis
2813 4576 3043 4631 effossus
3068 4576 3132 4629 ad
3164 4578 3474 4643 exc0gitan-

220 4694 364 4740 οεως
389 4670 853 4744 διορωρυγμένος,
905 4666 996 4720 καὶ
1030 4664 1247 4727 οὐδενὸς
1290 4662 1398 4731 πρὸ
1436 4659 1532 4712 τοῦ
1575 4661 1795 4710 πώποτε

215 4775 332 4825 τῶν
358 4767 606 4837 ἐνάὺτῷ
650 4766 981 4835 βληθέντων,
1022 4760 1120 4829 οὐχ
1168 4757 1318 4819 ὃπως
1362 4754 1462 4807 οὐκ
1505 4750 1795 4811 ἀναδύντος

216 4863 458 4926 ἐκεῖθεν,
490 4860 605 4914 ἀλλ’
655 4858 778 4911 οὐδὲ
830 4858 910 4917 είς
964 4842 1183 4923 ἡμέραν
1243 4850 1373 4917 ὅλην
1437 4848 1792 4916 ὰρκέσαντος.

216 4958 313 5027 Τῷ
342 4956 571 5023 τοιούτῳ
598 4952 779 5004 τοίνυν
806 4948 995 5015 λάκκῳ
1029 4945 1168 5015 μετὰ
1197 4943 1293 5005 τὰς
1324 4940 1533 5001 πολλάς
1569 4936 1795 4998 ἐκείνας

215 5056 315 5105 καί
346 5045 797 5115 ἀνυπερϐλήτους
836 5039 1045 5106 κατάγε
1084 5036 1175 5087 τὸν
1225 5037 1324 5104 τῆς
1381 5031 1581 5092 κακίας
1634 5028 1791 5095 λόγον

215 5114 588 5201 ἐπιδουλὰςδ
648 5137 791 5207 ἱερὸς
848 5131 1240 5202 ἐναπορριφεὶς
1307 5126 1631 5194 Γρηγόριος,
1698 5121 1793 5172 ἐπὶ

213 5236 492 5305 τέσσαρας
524 5234 676 5296 ὅλους
709 5231 843 5302 πρὸς
874 5232 985 5291 τοίς
1020 5230 1150 5280 δέκα
1183 5227 1409 5297 χρόνους
1439 5223 1506 5292 τῇ
1537 5217 1792 5273 ἐντεῦθεν

215 5328 595 5397 ἐπολιορκεῖτο
632 5326 896 5381 κακώσει.
937 5322 1077 5390 Γυνὴ
1113 5320 1167 5371 δέ
1207 5335 1288 5381 τις
1344 5316 1580 5384 συζύγου
1630 5327 1794 5380 κεχη-

218 5422 470 5494 ρωμένη,
500 5421 649 5490 παρὰ
687 5420 765 5488 τῷ
799 5414 1034 5488 ’Δρταξᾷ
1069 5413 1313 5485 φρουρίῳ
1340 5409 1586 5473 οἰκοῦσα,
1614 5406 1789 5474 ὅψεως

216 5518 358 5584 αὐτῇ
420 5516 571 5578 θείας
614 5515 748 5583 δναρ
821 5513 1206 5579 ἐπιφανείσης,
1264 5507 1431 5576 ἄρτου
1492 5522 1543 5556 τι
1587 5502 1791 5572 τρύφος

216 5612 459 5675 ἑκάστης
498 5609 711 5677 ἡμέρας
744 5605 823 5665 είς
858 5607 949 5656 τὸν
980 5605 1183 5657 λάκκον
1218 5598 1397 5667 ἠφίει·
1446 5598 1583 5661 ὅπερ
1613 5593 1789 5661 τροφὴ

216 5702 297 5770 τῷ
396 5700 654 5766 μακαρίῳ
734 5696 1037 5764 γινόμενον,
1105 5689 1445 5761 ἀνελάμϐανέ
1518 5703 1574 5738 τε
1644 5683 1792 5753 αὐτῷ

290 5885 310 5914 ⁸
341 5884 380 5937 ll
414 5880 533 5935 Cur.
591 5884 826 5940 metu.

1899 4672 2027 4726 dum
2095 4668 2339 4725 terribile
2386 4668 2737 4738 supplicium.
2780 4665 3124 4734 Quapropter
3176 4679 3239 4717 ex
3284 4666 3350 4717 iis
3380 4665 3471 4732 qui

1898 4765 1950 4818 in
1984 4780 2107 4818 eum
2151 4773 2311 4816 antea
2353 4758 2538 4829 injecli
2578 4758 2815 4823 fuerant,
2844 4773 2951 4810 non
2987 4756 3146 4811 modo
3185 4770 3291 4810 non
3325 4756 3473 4810 illine

1898 4856 2039 4909 ullus
2093 4854 2336 4915 emersit,
2366 4850 2460 4905 sed
2492 4866 2594 4906 nec
2628 4860 2740 4904 toto
2783 4849 3003 4919 quidem
3036 4849 3122 4901 die
3150 4848 3348 4902 durare
3380 4862 3474 4915 po-

1899 4948 2019 5000 tuit.
2050 4946 2104 4999 ln
2136 4945 2279 4997 hunc
2314 4958 2439 5013 ergo
2472 4943 2668 5006 lacum,
2698 4950 2824 5009 post
2858 4940 3057 4992 multos
3083 4939 3201 4991 illos
3233 4946 3288 4991 et
3322 4937 3473 4991 insu-

1902 5038 2192 5106 perabiles,
2212 5036 2355 5105 quod
2373 5034 2566 5087 attinet
2583 5033 2647 5084 ad
2667 5032 2781 5083 vitii
2803 5030 3088 5092 rationem,
3114 5028 3370 5091 insultus,
3390 5041 3473 5077 sa-

1898 5139 2214 5186 crosanctus
2229 5123 2663 5194 injectusGregm
2678 5122 2783 5182 ius,
2799 5120 3206 5190 quatuor-decim
3226 5125 3362 5170 totos
3377 5131 3473 5167 an—

1900 5238 2000 5277 nos
2018 5223 2337 5287 nimia,qua3
2362 5217 2508 5270 illinc
2536 5216 2833 5273 oriebatur.
2868 5210 3217 5266 obsidebatur
3234 5206 3472 5260 atllictio-

1900 5316 2251 5380 ne.Qu:edam
2274 5322 2455 5366 autem
2472 5312 2663 5363 mulier
2682 5310 2896 5361 viduata
2916 5309 3296 5373 conjuge,quae
3312 5302 3469 5356 habi-

1903 5409 2049 5462 tabat
2084 5406 2136 5457 in
2178 5407 2430 5473 prtesidio
2458 5404 2700 5460 Artaxat.
2722 5414 2843 5454 cum
2876 5400 2923 5453 ei
2949 5396 3287 5467 apparuisset
3311 5396 3466 5460 visio,

1900 5498 2113 5567 aliquod
2152 5472 2380 5549 frustum
2412 5494 2567 5563 panis
2594 5491 2833 5561 quotidie
2857 5491 2908 5543 in
2939 5505 3061 5543 eum
3118 5486 3465 5540 immittebat.
3493 5472 3497 5478 ’

1900 5592 2051 5658 Quod
2090 5590 2306 5660 quidem
2341 5603 2461 5641 cum
2490 5596 2633 5639 esset
2659 5585 2813 5638 beato
2831 5579 3472 5643 alimentum,recreabat

1901 5686 1948 5739 ei
1983 5696 2201 5750 corpus,
2243 5680 2385 5750 quod
2436 5677 2791 5741 laboraverat,
2828 5684 2879 5727 et
2934 5689 3039 5728 non
3082 5670 3295 5724 sinebat
3342 5682 3468 5722 eum
