4188 6436
743 404 849 467 963

1984 390 2266 450 MENSIS
2308 385 2781 446 SEPTEMBER.

3906 384 4014 446 95$

745 520 966 573 omnino
1001 516 1251 571 deiicere.
1285 512 1391 566 Sed
1424 508 1690 564 narranda
1726 506 1888 559 multa
1940 505 2153 572 reliquit
2192 519 2311 557 ora-

2431 512 2743 571 πεπονηκος
2770 500 2828 553 τὸ
2875 500 3054 569 σῶμα,
3108 499 3199 551 καὶ
3242 499 3423 551 τέλεον
3456 499 3697 551 ἐκλιπεῖν
3732 501 3837 553 οὐκ
3892 506 4001 553 sia.

746 614 845 671 tio,
881 625 1004 663 cum
1034 622 1103 660 ne
1147 605 1408 659 tantillum
1440 601 1599 653 vellet
1626 599 1900 652 discedere
1927 610 1954 647 a
1991 595 2087 646 viri
2116 609 2322 648 memo-

747 702 848 757 ria.
886 699 1050 753 Nobis
1082 699 1242 767 igitur
1275 692 1659 748 revertendum
1711 698 1791 743 est
1819 689 1882 742 ad
1914 702 1976 740 ea
2011 703 2129 756 quae
2164 687 2320 740 dein-

746 809 881 862 Ceps
928 801 1221 860 sequuntur
1262 790 1315 841 in
1353 787 1601 840 historia.

814 883 978 939 XVII.
1027 883 1311 937 Teridates
1378 894 1505 947 ergo
1563 876 1855 929 urbritatus
1910 888 1968 925 se
2024 872 2319 926 inevitabili

745 979 908 1047 morti
940 976 1156 1029 dedisse
1197 974 1427 1041 justum.
1462 984 1582 1022 cum
1628 977 1773 1021 esset
1818 966 2004 1035 utique
2056 964 2231 1019 hiems
2271 972 2324 1016 et

743 1070 939 1137 frigus,
974 1068 1090 1134 ipse
1140 1064 1348 1117 accedit
1397 1062 1462 1113 ad
1511 1059 1713 1128 regiam
1758 1056 2127 1110 Armenicatn.
2171 1054 2324 1107 Illinc

747 1170 930 1213 autem
980 1156 1380 1225 expeditionem
1437 1150 1665 1217 suscipit
1712 1148 1972 1200 adversus
2021 1146 2235 1205 Persas.
2270 1156 2324 1197 et

752 1266 940 1305 eorum
975 1249 1335 1318 populabatur
1368 1244 1643 1311 regionem
1687 1260 1699 1294 :
1735 1250 1790 1293 et
1831 1240 2038 1308 trajecit
2070 1237 2121 1291 in
2156 1239 2319 1306 Assy-

748 1347 906 1402 riam.
942 1352 995 1396 et
1033 1341 1164 1394 vicit
1201 1350 1449 1407 pugnans
1489 1332 1747 1402 singulari
1779 1331 2097 1391 certamine,
2147 1337 2202 1381 et
2236 1342 2324 1380 ce-

743 1436 913 1489 lebris
952 1442 1067 1487 erat
1097 1439 1318 1499 propter
1347 1442 1435 1478 res
1469 1425 1535 1476 ab
1585 1439 1649 1476 eo
1680 1432 1859 1492 gestas
1888 1430 2034 1473 recte
2070 1428 2118 1472 et
2152 1417 2323 1470 felici-

748 1538 851 1581 ter.
904 1522 1385 1578 Verumeniinvero
1428 1516 1567 1576 Jovi,
1616 1517 1796 1569 Diana:
1841 1524 1897 1567 et
1923 1510 2140 1565 Herculi
2169 1512 2322 1563 attri-

744 1619 946 1673 buebat
982 1614 1280 1669 victoriam.
1312 1610 1496 1679 Neque
1528 1624 1655 1662 vero
1682 1608 1736 1660 in
1772 1606 1877 1661 illis
1902 1604 2147 1658 colendis
2164 1618 2320 1655 suum

745 1720 958 1764 tantum
1016 1705 1254 1775 ponebat
1334 1700 1618 1761 studium,
1693 1697 1786 1750 sed
1839 1696 2003 1747 etiam
2065 1692 2324 1745 adversus

745 1801 1090 1854 Christianos
1146 1797 1290 1865 ipsos
1348 1799 1402 1846 et
1465 1790 1799 1857 impietatem
1877 1784 2224 1836 vehementer
2270 1792 2323 1835 et

747 1893 938 1946 insane
965 1888 1223 1958 spirabat.
1264 1886 1341 1939 Eo
1365 1893 1543 1936 autem
1583 1889 1842 1946 tempore,
1878 1878 2019 1945 quod
2060 1875 2319 1928 interceso
2354 1859 2393 1912 Β

747 1985 840 2045 sit,
873 1981 962 2050 qui
994 1979 1296 2031 Romanam
1328 1986 1623 2044 purpuram
1653 1985 1761 2022 non
1794 1968 2027 2023 leliciter
2048 1965 2318 2026 induerat.

746 2076 1122 2129 Diocletianus
1158 2083 1380 2122 uxorem
1415 2068 1615 2120 ducere
1645 2062 1879 2122 volebat,
1910 2068 1966 2112 et
1996 2057 2323 2128 procurabat

746 2164 849 2217 sibi
887 2160 1317 2217 matrimonium.
1350 2156 1486 2210 Cum
1521 2163 1701 2207 autem
1744 2149 1886 2219 apud
1924 2149 2102 2218 ipsum
2139 2155 2323 2201 essent

744 2270 936 2308 omnes
962 2263 1144 2323 patres
1184 2254 1272 2319 qui
1334 2248 1553 2303 alebant
1604 2243 1861 2312 virgines,
1889 2250 1965 2302 et,
1998 2249 2056 2293 ut
2085 2238 2133 2292 ei
2168 2252 2321 2291 suam

745 2346 1169 2414 desponderet,
1229 2353 1474 2407 unusque
1527 2335 1682 2388 valde
1740 2331 2041 2391 moliretur,
2100 2328 2187 2381 ille
2238 2326 2325 2381 his

701 2474 704 2477 λ
747 2436 1003 2499 omnibus
1036 2430 1340 2501 praeteritis,
1378 2435 1660 2496 postquam
1691 2420 1744 2473 in
1770 2418 2000 2487 quadam
2028 2431 2091 2469 ex
2117 2416 2184 2467 iis
2204 2428 2333 2482 quae.

745 2529 865 2596 eius
894 2526 1157 2593 parebant
1190 2516 1420 2585 imperio
1472 2507 1782 2566 civitatibus
1811 2503 2079 2560 intellexit
2107 2512 2322 2556 sancta-

750 2634 872 2672 rum
934 2614 1201 2682 virginum
1256 2610 1485 2662 chorum
1549 2600 1793 2657 exerceri
1854 2600 1908 2651 in
1968 2595 2321 2656 monasterio,

746 2709 948 2778 quibus
995 2710 1224 2773 praeerat
1273 2698 1490 2767 quidem
1528 2694 1732 2747 Gaiana
1769 2708 1781 2742 :
1817 2690 1959 2741 inter
2002 2687 2119 2738 illas
2145 2692 2325 2737 autem

751 2812 914 2852 unam
950 2810 1090 2856 esse,
1131 2792 1428 2860 Itipsimem
1459 2795 1725 2843 vocatam,
1765 2788 1819 2835 et
1850 2780 1915 2832 ad
1956 2779 2069 2847 ipsa
2098 2775 2323 2838 Gaiana,

754 2904 877 2942 cum
914 2886 1085 2941 ambae
1111 2891 1295 2937 essent
1320 2876 1611 2933 Christiani
1643 2871 1857 2943 generis
1876 2880 1929 2923 et
1950 2868 2246 2935 sanguinis,
2273 2868 2326 2917 in

752 2981 954 3051 pietate
994 2978 1283 3030 educatam
1318 2980 1480 3038 atque
1506 2967 1794 3024 eruditam,
1825 2976 1944 3029 qua:
1976 2960 2119 3015 sicut
2144 2958 2325 3026 specie

755 3050 993 3133 virtutis,
1029 3068 1100 3121 ita
1134 3066 1296 3120 etiam
1335 3058 1740 3131 pulchritudine
1786 3054 2032 3121 corporis
2082 3059 2201 3103 erat
2235 3050 2329 3101 ad-

757 3163 978 3216 modum
1036 3158 1310 3225 insignis:
1343 3152 1423 3207 vel
1463 3152 1575 3220 ipsa
1612 3150 1730 3217 ejus
1764 3145 1996 3214 imagine
2034 3143 2329 3211 imperator

755 3265 1039 3313 accensus,
1068 3262 1230 3316 quam
1267 3243 1334 3297 ad
1381 3258 1505 3294 eum
1567 3240 1835 3309 depictam
1883 3236 2099 3304 quidam
2154 3233 2331 3300 pictor

754 3343 1029 3404 attulerat,
1062 3342 1232 3407 ipsam
1289 3335 1513 3386 amabat
1563 3322 2062 3387 vehementissime,
2105 3331 2160 3376 et
2207 3322 2336 3373 alle-

753 3432 962 3491 ctionis
987 3439 1154 3485 (nstro
1197 3426 1569 3481 concilallalur
1601 3441 1613 3475 :
1642 3431 1865 3487 eratque
1897 3415 1985 3470 ille
2010 3430 2159 3468 amor
2186 3428 2333 3468 mera

760 3526 991 3583 insania,
1023 3534 1077 3575 et
1114 3521 1270 3590 plane
1332 3518 1531 3571 rabies.
1569 3515 1631 3567 Et
1676 3516 1761 3566 ille
1811 3510 2034 3580 quidem
2064 3509 2155 3561 diu
2204 3515 2331 3561 ante

759 3618 989 3687 parabat
1043 3616 1277 3680 nuptias,
1326 3620 1381 3662 et
1431 3610 1629 3660 festum
1693 3603 2019 3672 praedicabat
2072 3616 2085 3651 :
2130 3608 2184 3651 et
2241 3613 2335 3652 eos

760 3705 1146 3778 congregabat,
1182 3701 1271 3770 qui
1301 3708 1457 3754 erant
1486 3697 1540 3749 in
1566 3694 1769 3764 nuptiis
1810 3694 1860 3746 ei
1895 3688 2205 3745 inservituri
2233 3705 2246 3741 :
2279 3694 2334 3742 et

757 3797 822 3853 ad
858 3797 1157 3866 ltipsimem
1219 3791 1365 3847 misit
1421 3788 1749 3849 adulatores,
1776 3785 1867 3853 qui
1912 3785 1980 3838 de
2037 3781 2239 3851 nuptiis
2285 3782 2334 3834 ei

757 3889 1149 3960 signiﬁcarent,
1192 3893 1247 3939 et
1300 3882 1619 3937 nuntiarent
1647 3893 1740 3933 eas
1787 3879 1900 3947 jam
1933 3889 2055 3929 esse
2097 3882 2333 3944 paratas,

756 3984 901 4052 quod
937 3980 1004 4034 ad
1035 3979 1219 4049 ipsum
1247 3976 1467 4045 quidem
1500 3972 1784 4025 attinebat.

834 4197 1019 4253 XVIII.
1047 4196 1140 4250 Illa
1171 4204 1353 4251 autem
1382 4192 1547 4264 (quid
1581 4190 1725 4246 enim
1768 4202 1865 4259 per
1897 4186 2069 4257 ipsam
2116 4183 2337 4253 virgini-

761 4303 927 4348 tatem
962 4291 1028 4343 ad
1066 4292 1179 4342 haec
1213 4288 1467 4356 cogitarit
1516 4295 1606 4336 aut
1638 4282 1835 4335 dixerit
1866 4281 2034 4348 virgo,
2073 4292 2192 4347 qua:
2227 4277 2336 4345 jam

760 4385 889 4438 olim
941 4380 1351 4435 cohabitantein
1406 4375 1569 4444 elegit
1616 4372 2046 4433 continentiam,
2107 4377 2160 4421 et
2208 4366 2337 4419 solis

761 4474 903 4529 vivit
934 4468 1325 4541 leguminibus,
1357 4475 1411 4519 et
1446 4474 1585 4517 totas
1616 4469 1805 4514 noctes
1838 4468 2090 4513 versatur
2126 4456 2179 4507 in
2211 4470 2336 4508 ora-

2425 589 2583 645 Ἀλλὰ
2630 591 2931 662 προφθάνει
2963 592 3063 660 τὴν
3112 590 3439 643 ἀκολουθίαν
3476 592 3501 641 ὁ
3528 590 3706 657 λόγος,
3745 592 3823 658 μὴ
3870 594 4011 643 dao-

2422 687 2613 755 στῆναι
2643 685 2774 753 μηδέ
2808 683 2980 752 βραχὺ
3007 683 3106 749 τῆς
3132 680 3227 733 τοῦ
3259 682 3452 750 ἀνδρὸς
3499 683 3719 751 μνήμης
3754 683 3998 735 ἐθέλων.

2460 779 2605 845 Ιίμῖν
2636 777 2691 827 δὲ
2729 776 2860 843 πρὶς
2893 776 2959 826 τὰ
2988 774 3115 842 ἑξῆς
3141 775 3426 825 ἐπανιτέον
3452 774 3549 841 τῆς
3582 774 3856 842 ἱστορίας.

2494 869 2592 922 lZ'.
2646 867 2958 935 Τηριδάτης
2998 866 3182 918 τοίνυν
3238 865 3456 934 Θανάτῳ
3512 866 3867 934 παραδοῦναι
3914 870 4006 919 τὸν

2423 957 2630 1010 δίκαιον
2662 956 2892 1025 ἀφύκτῳ
2946 955 3192 1023 νομίσας,
3226 955 3496 1022 χειμῶνος
3522 956 3583 1021 δή
3617 972 3718 1006 που
3751 971 4005 1006 συνιστα-

2428 1051 2591 1120 μένου
2634 1051 2727 1101 καὶ
2754 1047 3111 1115 διαψύχοντος
3154 1047 3315 1107 αὐτὸς
3359 1048 3453 1098 ἐπὶ
3499 1045 3605 1096 τῶν
3653 1046 4005 1113 Ἀρμενικὼν

2426 1142 2713 1211 βασιλείων
2744 1142 2969 1211 παρῄει.
3016 1140 3253 1190 Ἐκεῖθεν
3288 1138 3345 1191 δὲ
3386 1140 3478 1189 ἐπὶ
3524 1139 3739 1207 Πέρσας
3768 1142 4005 1205 ἐκστρα-

2423 1236 2590 1295 τεύει,
2622 1236 2715 1287 καὶ
2745 1236 2845 1303 τήν
2873 1250 2931 1284 τε
2962 1230 3148 1299 χώραν
3177 1229 3361 1282 αὐτῶν
3390 1229 3715 1300 κατέτρεχε,
3744 1232 3842 1281 καὶ
3873 1233 4004 1297 πρὸς

2422 1327 2521 1395 τὴν
2566 1325 2865 1393 Ἀσσυρίων
2913 1323 3173 1384 διέϐαινε,
3230 1323 3326 1374 καὶ
3373 1322 3699 1389 μονομαχῶν
3754 1321 4001 1388 ἐκράτει,

2423 1419 2515 1469 καὶ
2549 1417 2716 1475 πολὺς
2761 1410 2828 1483 ἦν
2890 1415 2999 1475 τοῖς
3044 1413 3393 1481 εὐτυχήμασι
3424 1410 3519 1462 καὶ
3573 1412 3690 1471 ταῖς
3730 1409 4004 1477 ἀνδραγα-

2423 1508 2587 1569 θίαις.
2632 1506 2777 1574 Πλὴν
2818 1503 2954 1558 ἀλλὰ
2989 1504 3072 1555 Διὶ
3122 1505 3214 1555 καὶ
3259 1502 3537 1571 ’Δρτέμιδι
3593 1503 3689 1553 καὶ
3732 1501 3999 1571 Ἠρακλεῖ

2422 1603 2489 1654 τὰ
2521 1601 2616 1669 τῆς
2645 1599 2799 1667 νίκης
2846 1595 3106 1649 ἀνετίθει.
3156 1595 3376 1659 ’Δμέλει
3430 1596 3525 1646 καὶ
3556 1594 3678 1645 ούδέ
3713 1596 3853 1661 περὶ
3908 1592 3999 1662 τὴν

2423 1692 2646 1744 ἐκείνων
2691 1692 2851 1759 μόνον
2896 1689 3142 1741 ἐπονεῖτο
3188 1686 3504 1755 θεραπείαν,
3539 1686 3676 1737 ἀλλὰ
3727 1686 3827 1737 καὶ
3866 1688 4001 1737 κατὰ

3847 1778 4001 1829 ἔπνει

2424 1785 2765 1855 Χριστιανῶν
2794 1782 2975 1837 αὒτῶν
3010 1782 3103 1833 καὶ
3135 1780 3233 1849 τῆς
3282 1778 3567 1839 εὐσεϐείας
3611 1778 3795 1827 δεινὸν

2426 1878 2520 1929 καὶ⁸
2553 1875 2804 1943 μανικόν.
2835 1876 2940 1927 Τὸν
2971 1874 3027 1927 δὲ
3074 1871 3281 1942 μεταξὺ
3319 1872 3508 1924 τοῦτον
3542 1870 3741 1939 χρόνον
3772 1869 3878 1939 τὴν
3914 1869 4004 1937 βα-

2426 1969 2642 2035 σιλικὴν
2673 1967 2975 2035 ἁλουργίδα
3014 1965 3305 2033 Ῥωμαίων
3333 1964 3435 2015 οὐκ
3482 1963 3727 2032 εὐτυχῶς
3751 1998 3757 2002 ι
3781 1962 4007 2031 περιεο-

2424 2059 2649 2127 λόμενος
2680 2057 3061 2125 Διοκλητιανὸς
3096 2055 3333 2122 γυναῖκα
3375 2070 3434 2104 τε
3477 2053 3785 2120 ἀγαγέσθαι
3820 2053 4001 2122 ἧθελε,

2425 2152 2519 2205 καὶ
2552 2149 2887 2214 ἐσπούδαζεν
2922 2148 3103 2217 ἑαυτῷ
3133 2147 3222 2199 τὸν
3257 2147 3458 2215 γάμον.
3516 2146 3627 2196 Καὶ
3671 2145 3737 2214 δὴ
3788 2147 4005 2197 πάντων

2422 2238 2537 2298 ὅσοι
2569 2244 2876 2311 παρθένους
2903 2241 3129 2311 ἔτρεφον
3156 2239 3391 2307 πατέρες
3421 2237 3553 2305 παρ’
3580 2238 3747 2288 αὑτὸν
3789 2240 4004 2297 ἰόντων,

2425 2335 2518 2387 καὶ¹
2548 2335 2696 2397 ὅπως
2739 2334 2916 2402 τούτῳ
2960 2332 3060 2403 τὴν
3092 2329 3286 2383 ἑαυτοῦ
3326 2331 3557 2392 ἕκαστος
3588 2330 3852 2397 ἐγγυῆσαι
3886 2330 4008 2380 πολ-

2425 2426 2524 2497 λῆς
2547 2425 2795 2497 μηχανῆς
2822 2425 3144 2495 γενομένης,
3168 2423 3344 2484 πάσας
3364 2424 3571 2487 ἐκεῖνος
3597 2421 4006 2491 παραδραμὼν,

2424 2521 2612 2591 ἐπειδὴ
2674 2519 2822 2589 παρά
2875 2535 2983 2570 τινι
3049 2519 3157 2568 τῶν
3219 2515 3311 2568 ὑπ’
3365 2515 3528 2567 αὑτὸν
3569 2516 3779 2567 πόλεων
3834 2515 4009 2580 ἁγίων

2427 2614 2714 2682 παρθένων
2766 2611 2925 2679 χορὸν
2967 2611 3024 2661 ἐν
3083 2609 3435 2679 μοναετηρίῳ
3477 2608 3771 2659 ἀσκεῖσθαι
3815 2606 4008 2674 μάθοι,

2426 2699 2499 2759 ὧν
2532 2704 2736 2773 Γαῖανὴ
2770 2704 2870 2772 μὲν
2930 2703 3301 2770 προειστήκει,
3339 2703 3404 2767 τῇ
3437 2698 3492 2749 δὲ
3537 2698 3628 2751 ὑπ’
3670 2697 3846 2765 αὐτῆς
3881 2713 4011 2765 τραο

2422 2799 2590 2869 φείσῃ
2614 2797 2705 2847 καὶ
2732 2794 3076 2864 παιδευθείσῃ
3114 2791 3339 2862 Ῥιψξμη
3366 2790 3537 2860 ὄνομα
3562 2786 3649 2860 ἦν,
3678 2788 4009 2861 Χριστιανοῠ

2434 2889 2531 2956 μὲν
2567 2887 2796 2955 αἵματος
2827 2885 2992 2951 ἄμφω
3016 2885 3110 2935 καὶ
3138 2886 3349 2951 γένους,
3379 2884 3411 2951 ἡ
3441 2883 3496 2933 δὲ
3542 2882 3800 2950 Ῥιψίμη,
3822 2884 4011 2952 ὥσπερ

2430 2982 2629 3053 ἀρετῆς
2649 2978 2787 3051 ὥρᾳ,
2809 2977 2951 3030 οὕτω
2971 2978 3036 3047 δὴ
3056 2978 3148 3029 καὶ
3170 2976 3423 3047 σώματος
3450 2977 3637 3029 κάλλει
3658 2976 4007 3045 διαὸεὸόητο.

2441 3074 2658 3142 Ἐπειδὴ
2683 3074 2859 3123 τοίνυν
2879 3074 2946 3124 τὰ
2972 3072 3113 3121 κατὰ
3144 3069 3239 3137 τὴν
3278 3069 3538 3136 Ῥιψίμην
3561 3067 3825 3126 ἐπύθετο,
3855 3069 4012 3130 ἄλλος

2432 3181 2492 3217 τε
2524 3165 2618 3216 καὶ
2662 3162 2772 3214 τῶν
2822 3160 3137 3230 ζωγράφων
3168 3159 3315 3219 τινὸς
3374 3158 3523 3226 αὐτῷ
3577 3158 4013 3227 διαγράψαντος,

2436 3258 2497 3309 τὸ
2521 3256 2619 3325 τῆς
2656 3254 2915 3325 Ῥιψίμης
2942 3250 3102 3320 εἶδος,
3132 3250 3226 3306 καὶ
3253 3250 3361 3320 γὰρ
3390 3252 3481 3302 καὶ
3502 3252 3534 3321 η
3555 3250 3719 3301 εἰκὼν
3747 3252 4011 3318 ἀνέφλεγε

2434 3351 2495 3403 τὸ
2530 3352 2695 3420 μέρος
2720 3349 2906 3413 αὑτὸν,
2940 3346 3252 3416 θερμότατὰ
3290 3361 3349 3397 τε
3380 3345 3549 3411 αὐτῆς
3584 3344 3718 3414 ἦρα.
3773 3346 3887 3396 Καὶ
3915 3348 4012 3396 ὑπὸ

2435 3444 2529 3496 ⁶τοῦ
2563 3444 2729 3494 πόθου
2783 3440 3136 3507 διοιστροῦτο,
3193 3440 3286 3491 καὶ
3316 3440 3484 3507 μανίᾳ
3504 3442 3530 3489 ὀ
3553 3437 3691 3506 ἔρως
3720 3440 3817 3487 καὶ
3844 3439 4012 3504 λύσσῃ

2435 3530 2503 3605 ἦν
2532 3531 2762 3603 ἀκριὸης
2788 3545 2801 3560 ’
2845 3533 2938 3584 καὶ
2968 3533 2995 3583 ὁ
3049 3530 3145 3599 μὲν
3172 3530 3234 3599 δὴ
3270 3532 3335 3579 τὰ.
3393 3530 3641 3597 γαμήλια
3680 3531 4011 3597 ηὐτρεπιζεν

2437 3628 2502 3678 ἐκ
2531 3624 2728 3678 πολλοῦ
2753 3624 2848 3677 καὶ
2871 3625 2971 3689 τὴν
3000 3622 3195 3692 ἑορτὴν
3228 3623 3523 3689 ἐκήρυττε,
3557 3622 3686 3681 τοὺς
3710 3623 3811 3671 τὸν
3840 3638 4013 3691 γαμον

2434 3738 2495 3774 τε
2526 3721 2705 3774 αὐτῶν
2738 3715 3235 3786 διακονησομένους
3301 3714 3524 3780 συνῆγε,
3582 3714 3681 3764 καὶ
3734 3715 3876 3781 πρὸς
3922 3717 4013 3783 τὴν

2449 3812 2711 3879 Ῥιψίμην
2757 3810 2881 3869 τοὺς
2920 3809 3155 3867 κόλακας
3188 3805 3428 3873 ἔπεμπε,
3484 3806 3577 3857 καὶ
3624 3802 3825 3872 λόγους
3881 3807 4011 3873 αὐτῇ

2439 3906 2572 3974 περὶ
2600 3904 2794 3970 γάμων
2826 3900 3092 3969 προσῆγε,
3124 3899 3217 3950 καὶ
3252 3892 3543 3950 ὑπετίθετο
3579 3899 4013 3967 ἐμπαράακευον

2435 3997 2537 4068 ἠδη
2561 3997 2628 4049 τὰ
2663 3994 2796 4063 πρὸς
2828 3992 3024 4051 αὐτοὺς
3051 3985 3208 4044 εἷναι.

2509 4168 2615 4225 1Η’.
2660 4171 2725 4223 Ἠ
2759 4170 2813 4222 δὲ
2847 4171 2919 4239 (τί
2961 4170 3069 4237 γὰρ
3098 4169 3162 4222 ἂν
3194 4169 3329 4239 πρὸς
3357 4168 3454 4237 τῆς
3488 4167 3824 4237 παρθενείας
3849 4172 4018 4238 αὐτῆς

2440 4262 2682 4332 ἐννοήσοι
2711 4262 2845 4329 πρὸς
2893 4259 3063 4313 ταῦτα
3091 4261 3124 4329 ἢ
3154 4260 3447 4327 ερθέγξαιτο
3498 4262 3533 4328 ἡ
3562 4261 3817 4313 σύνοικον
3848 4264 4016 4316 παλαι

2446 4348 2547 4418 τὴν
2597 4349 2927 4418 ἐγκράτειαν
2968 4345 3200 4417 ἑλομένη
3261 4348 3555 4416 παρθένος,
3613 4350 3709 4401 καὶ
3769 4351 4017 4420 ὀσπρίοις

2444 4437 2704 4504 ἀποζῶσα
2735 4440 2937 4506 μόνοις,
2964 4438 3057 4489 καὶ
3090 4437 3293 4499 νύκτας
3318 4438 3444 4498 ὅλας
3466 4441 3533 4506 τῇ
3564 4438 3693 4508 φίλη
3730 4444 4015 4509 προσευχῇ

934 4518 1255 4541 --ο---ηπ
1287 4518 1325 4531 .,
1372 4518 1377 4519 γ

760 4566 935 4629 tione,
958 4572 1014 4616 et
1038 4575 1140 4614 nec
1171 4558 1405 4612 interdiu
1426 4553 1635 4609 desistit
1658 4552 1725 4605 ab
1755 4550 1968 4619 hymnis
1991 4548 2044 4601 in
2071 4544 2292 4612 Deum?)
2321 4564 2332 4598 :

2448 4532 2716 4599 σύρουσα,
2750 4530 2845 4582 καὶ
2890 4528 3021 4596 μηδὲ
3055 4529 3265 4597 ἡμέρας
3294 4529 3401 4581 τῶν
3431 4530 3510 4592 είς
3544 4530 3603 4580 τὸ
3645 4530 3804 4583 Θεῖον
3836 4531 4018 4599 ὕμνων

762 4657 883 4710 Non
922 4664 973 4708 te
1006 4651 1208 4714 fallam,
1236 4662 1435 4719 sponse
1474 4644 1710 4703 Christe,
1740 4642 1905 4695 dixit:
1932 4654 2039 4694 non
2068 4648 2117 4691 te
2138 4636 2337 4706 probro

762 4763 825 4802 ac
874 4746 1141 4801 dedecore
1184 4741 1446 4805 alliciam,
1492 4753 1525 4792 ο
1568 4739 1736 4791 chara
1788 4732 2107 4799 virginitas:
2144 4744 2252 4783 non
2287 4738 2337 4779 te

764 4838 1014 4910 prodam,
1047 4846 1219 4892 mater
1265 4832 1622 4887 continentia.
1661 4830 1850 4897 Itaque
1901 4824 2031 4887 Deo,
2061 4823 2150 4889 qui
2193 4822 2339 4875 solus

764 4938 982 4999 poterat
1035 4928 1086 4981 ei
1138 4928 1266 4980 dare
1307 4918 1563 4982 salutem,
1618 4913 1868 4987 adiutore
1917 4921 2188 4971 invocato,
2231 4922 2339 4961 non

764 5018 1110 5081 necessariis,
1161 5030 1269 5068 non
1329 5015 1553 5075 amicis,
1596 5024 1706 5063 non
1761 5005 2102 5075 parentibus,
2164 5013 2341 5066 neque

769 5112 892 5166 ullis
923 5108 1043 5163 aliis
1070 5117 1187 5161 erat
1215 5106 1440 5161 omnino
1488 5102 1715 5155 inunita.
1754 5099 1827 5151 De
1874 5096 1981 5149 alio
2031 5095 2212 5159 itaque
2242 5090 2344 5142 nii-

766 5205 977 5277 grando
1015 5203 1197 5255 statim
1225 5198 1496 5253 consultat
1525 5203 1579 5247 et
1628 5191 1852 5245 comites
1885 5188 2054 5241 bonas
2098 5182 2231 5236 alias
2262 5181 2343 5233 in-

770 5275 919 5351 venit
946 5295 1205 5366 virgines,
1233 5305 1353 5359 quae
1384 5296 1542 5342 erant
1584 5285 1634 5338 ei
1683 5293 1738 5336 et
1766 5282 1889 5334 vine
1925 5290 1979 5332 et
2010 5275 2228 5330 virtutis
2254 5286 2345 5324 so-

771 5390 893 5451 cite,
921 5386 1186 5457 imprimis
1231 5390 1412 5436 autem
1466 5378 1776 5445 pracfectam
1808 5372 2091 5426 Caiatiam.
2124 5369 2190 5421 Et
2234 5379 2343 5419 non

770 5479 1113 5539 dubitarunt,
1151 5472 1361 5529 etiamsi
1403 5484 1510 5540 prze
1544 5470 1707 5521 multa
1757 5463 1935 5518 inedia
1964 5462 2073 5530 jam
2115 5457 2346 5514 deiecis-

768 5578 913 5631 sent,
938 5567 1434 5637 peregrinationem
1464 5557 1761 5624 suscipere,
1792 5554 1886 5608 scil
1914 5554 2052 5606 sicut
2074 5558 2344 5619 passeres,

770 5680 897 5716 cum
961 5678 1023 5715 ea
1081 5660 1472 5727 transmigrant
1526 5648 1913 5705 in-barbaram
1963 5641 2344 5709 Armeniorum

773 5754 1077 5822 regionem.
1117 5750 1219 5802 Eas
1248 5749 1392 5801 enim
1432 5742 1689 5798 incitabat
1713 5738 1873 5791 etiam
1909 5736 1973 5789 ad
2006 5730 2346 5803 migTandum

774 5853 1104 5913 praeceptum
1135 5838 1497 5903 Dominicum,
1523 5834 1709 5890 dicens
1751 5848 1765 5885 :
1802 5849 1818 5880 ι
1862 5828 1915 5881 Si
1953 5824 2219 5895 persecuti
2255 5836 2345 5874 vos

2444 4622 2785 4691 ἀφισταμένη
2808 4637 2821 4686 ς
2848 4621 2921 4673 Ού
2946 4619 3215 4691 ψεύσομαι
3237 4637 3320 4684 σε,
3344 4621 3543 4689 νυμφίε
3564 4621 3794 4690 Χριστέ,
3826 4620 3979 4674 εἶπεν
4002 4638 4016 4651 ’

2442 4716 2542 4767 οὑκ
2586 4715 2825 4783 αἰσχυνῶ
2878 4730 2958 4774 σε,
2993 4713 3259 4782 παρθενξα
3302 4713 3453 4781 φίλη,
3485 4712 3546 4762 οὐ
3597 4712 3868 4782 προδώσω
3916 4731 3971 4766 σε
4004 4755 4017 4776 ,

2451 4808 2627 4877 μῆτερ
2667 4807 2982 4875 ἐγκράτεια.
3014 4806 3123 4857 Καὶ
3146 4804 3279 4872 δῆτα
3320 4803 3459 4875 ὅπερ
3506 4803 3679 4875 αὐτὴν
3705 4808 3803 4857 καὶ
3840 4807 4017 4875 μόνον,

2448 4894 2516 4967 ἦν
2539 4897 3054 4964 σῶσαιδυνάμενον,
3084 4897 3147 4948 οὐ
3179 4896 3289 4965 γὰρ
3318 4897 3691 4965 προσήκουσιν
3750 4896 3814 4949 οὐ
3845 4897 4019 4966 φίλοις

2449 4992 2511 5043 ού
2541 4988 2837 5057 πατράσιν,
2867 4988 2967 5041 οὐκ
2997 4988 3180 5050 ἄλλοις
3205 4990 3317 5039 τισὶ
3347 4989 3407 5038 τὸ
3435 4988 3697 5056 παράπαν
3729 4987 4014 5056 ὠχύρωτο,

2450 5077 2888 5147 μεταναστεῦσαι
2951 5076 3266 5145 βουλεύεται
3316 5077 3658 5143 παραιτίκα,
3703 5091 3799 5125 ita.
3834 5090 4021 5140 συνερο

2446 5169 2577 5237 γοὺς
2606 5169 2819 5237 ἀγαθὰς
2853 5171 2948 5230 τὰς
2995 5168 3162 5229 ἄλλας
3212 5165 3458 5237 εὑρίσκει
3516 5165 3849 5232 παρθένους,
3901 5167 4018 5220 ὅσαι

2450 5264 2547 5315 καὶ
2576 5264 2673 5330 τῆς
2717 5261 2927 5328 διαίτης
2972 5260 3110 5329 αὐτῇ
3146 5260 3238 5311 καὶ
3284 5258 3384 5326 τῆς
3434 5256 3634 5326 ἀρετῆς
3668 5257 4016 5311 ἐκοινώνουν.

2447 5353 2555 5407 Καὶ
2592 5354 2689 5405 οὐκ
2737 5350 2993 5419 ὤκνησαν
3032 5366 3115 5417 γε,
3174 5349 3349 5402 καίτοι
3383 5346 3756 5400 ἐκλελοιπυῖαι
3792 5350 3901 5402 ὑπὸ
3928 5350 4017 5416 τῆς

2449 5446 2648 5512 πολλῆς
2670 5445 2879 5506 ἀσιτίας
2897 5443 3021 5512 ήδη,
3046 5442 3182 5494 ἀλλὰ
3210 5440 3708 5511 μεταναστύεουσιν
3727 5441 3803 5501 ὡς
3828 5458 4017 5509 στρου-

2452 5538 2545 5590 θία
2600 5538 2691 5589 ἐπὶ
2726 5538 2824 5606 τὴν
2882 5535 3158 5604 βὰρόαρον
3210 5532 3317 5586 τῶν
3386 5531 3690 5601 ’Δρμενίων
3723 5535 3825 5587 σὺν
3881 5536 4013 5601 αὐτῇ

2449 5631 2669 5701 χώραν,
2732 5628 3019 5695 Παρώρεια
3070 5626 3177 5694 γὰρ
3230 5626 3399 5685 αὑτὰς
3460 5623 3557 5675 καὶ
3620 5625 3655 5692 ἡ
3711 5624 4015 5692 Δεσποτικὴ

2450 5723 2639 5791 ἐντολὴ
2696 5723 2827 5790 πρὸς
2865 5720 2964 5789 τὴν
3018 5719 3356 5788 μετοίκησιν,
3386 5716 3517 5769 Ἐὰν
3563 5716 3831 5782 διώξωσιν
3882 5716 4018 5784 ὑμᾶς

2451 5817 2557 5868 ἀπὸ
2632 5814 2798 5881 τῆσδε
2859 5813 2957 5882 τῆς
3034 5812 3265 5875 πόλεως,
3329 5808 3587 5878 λέγουσα,
3655 5814 3890 5880 φεύγετε
3948 5810 4019 5870 εἰς
