4188 6436
160 398 271 462 965

1109 387 1283 451 VITA
1321 387 1381 446 S.
1424 378 1813 442 GREGORII
1860 380 2491 442 ILLUMINATURIS.

3314 382 3419 445 966

158 511 261 581 τὴν
309 510 492 579 ἀλλην.
541 497 815 561 Ἐνθεντοι
873 508 966 559 καὶ
1029 504 1355 575 ἀπαίρουσιν
1394 497 1605 553 ὲκεϊθεν
1636 499 1733 550 σὺν

1849 495 2046 554 fuerint
2077 496 2129 551 in
2164 498 2263 552 hac
2293 499 2531 559 civitate,
2579 497 2744 568 fugite
2781 498 2833 551 in
2861 497 3019 551 aliam
3040 499 3113 551 ⁸.ι
3163 496 3419 567 Prompto

159 602 469 677 προθυμίᾳ,
532 603 623 655 καὶ
655 603 713 653 ἐν
758 600 1000 670 Ἀραράτ
1037 596 1363 664 κατάγονται
1416 593 1592 644 πόλει.
1630 591 1740 658 Λη-

160 691 242 739 νοὶ
275 689 332 741 δὲ
359 685 499 758 ἦσαν
550 688 745 751 αὐταῖς
799 689 830 757 ὴ
871 685 1186 753 καταγωγή.
1248 681 1470 750 Ἐπειδὴ
1505 680 1559 732 δὲ
1604 696 1739 730 παν-

162 778 409 830 τάπασιν
448 778 690 848 ἠπόρουν
734 776 842 829 τῶν
880 776 1217 843 ἀναγκαίων,
1267 774 1365 843 μία
1414 788 1499 833 τις
1555 769 1740 823 αὐτῶν

161 872 224 921 ἑν
258 871 377 931 ταῖς
406 871 565 937 χερσὶ
600 870 696 938 τὴν
732 869 922 923 ἐλπίδα
953 866 1046 919 τοῦ
1078 865 1193 935 βίου
1222 864 1446 933 θεμένη,
1476 862 1605 930 περὶ
1637 859 1735 930 τὴν

161 961 561 1028 ταλασιουργόν
590 977 649 1011 τε
674 958 1001 1028 εἷχε-τέχνην
1030 958 1122 1011 καὶ
1148 955 1240 1008 ὑπ’
1262 956 1432 1023 αὐτὴν
1468 952 1734 1012 ἐπονεῖτο,

171 1055 271 1105 καὶ
328 1053 388 1104 τδ
424 1051 677 1104 ἐντεῦθεν
710 1052 843 1118 αὺτῇ
893 1048 1271 1117 ποριζόμενον,
1323 1048 1401 1107 εἰς
1445 1045 1740 1112 διατροφὴν

164 1144 434 1213 ἀνήλισκε
469 1143 577 1195 τῶν
618 1142 924 1211 παρθένων.
957 1137 1340 1207 Διοκλητιανδς
1378 1137 1433 1188 δὲ
1464 1137 1739 1201 »πονήρως

162 1253 222 1287 τε
252 1237 354 1302 ἠδη
378 1236 453 1304 τῷ
478 1235 638 1306 ἔρωτι
666 1235 826 1303 ἔχων,
850 1235 943 1285 καὶ
965 1232 1149 1285 οὐκέτι
1172 1226 1284 1292 οἷός
1306 1246 1363 1282 τε
1386 1228 1459 1281 ὢν
1484 1230 1735 1296 ἠρεμεῖν,

164 1327 362 1397 ἐπειδὴ
394 1328 566 1379 πάντα
600 1325 744 1378 λίθον
790 1326 1021 1393 κινήσας
1069 1321 1274 1393 ἔμαθεν
1312 1320 1464 1385 παρὰ
1504 1322 1569 1388 τῇ

167 1415 373 1485 μενίων
405 1416 557 1483 χώρα
586 1412 956 1482 τὴνῬιψίμην
982 1407 1437 1480 μεταναστεῦσαι,
1464 1404 1538 1466 ὡς
1564 1399 1736 1471 εἶχεν,

173 1505 340 1566 εὐθὺς
384 1504 583 1573 γράφει
634 1502 712 1573 τῷ
745 1503 840 1571 τῆς
882 1500 1169 1572 ’Δρμενίας
1204 1497 1412 1568 βασιλεῖ
1440 1495 1736 1564 Τηριδάτῃ,

171 1596 313 1648 ἄλλα
348 1612 405 1647 τε
441 1596 580 1648 κατά
628 1594 973 1665 Χριστιανῶν
1000 1594 1098 1645 οὐκ
1144 1592 1321 1655 ὀλίγα,
1370 1590 1463 1641 καὶ
1518 1586 1592 1647 ὡς
1634 1591 1732 1653 τὴν

170 1686 464 1755 ἐρωμένην
525 1686 674 1755 αὑτοῴ
739 1686 1000 1754 Ῥιψίμην
1048 1680 1345 1749 πανούργῳ
1414 1678 1510 1727 καὶ
1579 1675 1737 1743 γόητι

161 1779 384 1855 ὁμιλίᾳ,
423 1778 853 1847 ὑποδραμόντες,
900 1777 1194 1829 ἀνέπεισαν
1224 1773 1322 1842 τῆς
1368 1771 1483 1840 μετ’
1529 1769 1739 1822 ἐκείνου

1848 590 2027 658 itaque
2062 598 2114 643 et
2148 590 2309 643 alacri
2360 591 2542 643 animo
2589 590 2736 643 illine
2771 589 3211 659 proficiscuntur,
3245 599 3300 644 et
3329 608 3417 644 ve-

1846 676 2003 730 niunt
2034 677 2085 728 in
2120 677 2396 729 civitatem
2433 676 2646 729 Ararat.
2681 670 2993 731 Torcularia
3029 687 3213 731 autem
3264 687 3423 732 erant

1845 768 1925 821 eis
1958 768 2350 821 habitaculum.
2388 768 2523 821 Cum
2558 778 2737 821 autem
2780 768 2859 821 eis
2906 770 3084 822 omnia
3118 769 3425 822 deficerent

1846 861 2184 925 necessaria,
2209 860 2451 927 quaedam
2481 874 2543 912 ex
2576 862 2677 922 eis,
2718 875 2813 929 spe
2844 861 3067 928 parandi
3111 861 3213 913 sibi
3253 861 3425 913 victus

1848 954 2021 1021 posita
2074 952 2128 1004 in
2186 952 2458 1012 manibus,
2506 952 2866 1004 versabantur
2924 961 2978 1005 et
3020 952 3343 1005 laborabant
3370 952 3423 1002 in

1846 1050 1962 1094 arte
1998 1042 2239 1104 lanificii,
2289 1050 2343 1095 et
2377 1040 2536 1107 quod
2581 1039 2706 1091 hinc
2756 1040 2859 1090 sibi
2913 1040 3195 1106 parabant,
3228 1054 3426 1092 consu-

1848 1133 2070 1185 mcbant
2105 1133 2168 1185 ad
2208 1143 2431 1186 caeteras
2477 1130 2699 1182 alendas
2748 1130 3005 1193 virgines.
3060 1129 3425 1182 Diocletianus

1846 1230 2028 1275 autem
2068 1237 2187 1275 eum
2224 1231 2277 1275 et
2318 1238 2501 1275 amore
2528 1224 2636 1290 jam
2674 1222 2917 1291 improbe
2953 1229 3141 1286 captus
3172 1229 3335 1281 esset,
3374 1230 3427 1272 et

1846 1331 1956 1369 non
2008 1322 2194 1383 posset
2247 1313 2482 1381 amplius
2544 1314 2848 1382 quiescere.
2914 1320 3222 1379 postquam,
3272 1310 3421 1361 omni

1848 1413 1995 1457 moto
2049 1399 2245 1469 lapide,
2281 1402 2491 1469 accepit
2530 1403 2788 1470 migrasse
2820 1398 3117 1466 Ripsimem
3152 1398 3203 1449 in
3243 1398 3422 1465 regio—

1847 1508 1972 1547 nem
2019 1491 2424 1552 Armeniorum,
2462 1492 2653 1544 scribit
2694 1490 2877 1543 statim
2923 1489 2989 1541 ad
3025 1501 3203 1555 regem
3241 1489 3427 1539 Arme-

1846 1584 1948 1635 niae
1990 1581 2321 1641 Teridatem,
2350 1589 2405 1633 et
2448 1581 2552 1633 alia
2600 1597 2709 1636 non
2759 1596 2930 1649 pauca
2984 1580 3242 1633 adversus
3269 1576 3427 1630 Chri—

1847 1673 2073 1735 stianos,
2106 1680 2158 1724 et
2190 1671 2333 1739 quod
2378 1685 2405 1723 a
2447 1685 2505 1725 se
2536 1670 2786 1724 dilectam
2834 1670 3130 1738 Ripsimcm
3183 1668 3335 1721 vafro
3371 1676 3427 1720 et

1848 1763 2091 1817 venefico
2121 1777 2371 1816 sermone
2416 1762 2773 1831 pellicientes,
2809 1762 2859 1815 ei
2913 1769 3325 1830 persuaserunt,
3368 1768 3427 1813 ut

175 1851 493 1931 συνουσίας,
541 1870 640 1936 τὴν
687 1869 780 1919 ἐπὶ
824 1866 979 1936 ξένης
1029 1864 1247 1918 ἑλέσθαι
1296 1859 1601 1930 διατριϐὴν,
1651 1858 1745 1910 καὶ

1849 1857 2032 1909 mallet
2087 1856 2143 1909 in
2207 1865 2426 1908 externa
2476 1857 2661 1907 vivere
2710 1856 2971 1922 regione,
3022 1863 3075 1906 et
3129 1868 3246 1905 eam
3304 1868 3425 1906 cum

170 1960 376 2025 ἄτιμον
428 1960 487 2009 ὲν
533 1959 671 2026 αὐτῇ
716 1952 984 2025 πλανῆτιν
1024 1956 1317 2021 περιιέναι.
1358 1951 1591 2006 Εΰκολον
1640 1950 1746 2017 γὰρ

164 2047 316 2117 γυνὴ
372 2046 507 2117 πρὸς
560 2049 776 2117 ἀπάτην
808 2048 900 2100 καὶ
936 2046 1160 2116 κοῦφον.
1198 2048 1317 2098 Δεῖν
1358 2045 1414 2096 δὲ
1463 2043 1634 2110 αὐτὴν
1678 2045 1739 2091 ὲκ

172 2141 379 2203 παντὸς
420 2140 622 2210 τρόπον
676 2142 731 2191 ἐν
775 2142 842 2210 τῇ
903 2137 1205 2206 Ἀρμενίων
1234 2136 1555 2203 ἀνευρόντα,
1613 2130 1742 2199 παρ’

177 2232 342 2286 αὐτὸν
392 2232 760 2301 ἀναπέμπειν.
790 2231 851 2282 El
878 2229 934 2282 δὲ
966 2230 1059 2281 καὶ
1090 2228 1285 2296 ἑαυτῷ,
1316 2227 1474 2297 φησὶ,
1506 2223 1743 2277 συνοικί-

176 2340 356 2389 εαιτο,
387 2328 478 2375 καὶ
509 2322 665 2375 τοῦτο
693 2320 855 2374 αὑτὸν
884 2320 1174 2390 εὐφρανεῖν
1196 2317 1346 2371 οὐδὲν
1376 2311 1560 2389 ἦττον.

242 2497 340 2552 13'.
370 2496 557 2551 Ταῦτα
610 2496 800 2569 ιπειδὴ
854 2494 928 2556 ὡς
966 2494 1057 2548 τὸν
1108 2493 1418 2565 Τηριδὰτην
1466 2491 1533 2545 τὰ
1560 2491 1741 2559 γράμ-

169 2606 317 2661 ματα
345 2583 500 2662 ἧκεν,
547 2588 799 2658 ἀνίχνευε
849 2588 947 2649 τὰς
977 2586 1278 2654 παρθένους
1320 2586 1520 2645 ἐκεῖνος
1564 2599 1743 2653 παρα-

168 2683 363 2753 χρῆμα
380 2683 473 2734 καὶ
496 2681 792 2751 ἀνηρεύνα.
824 2680 911 2742 Ὠς
935 2679 990 2731 δὲ
1016 2679 1110 2731 καὶ
1133 2681 1188 2730 ἐν
1212 2679 1326 2739 τοῖς
1366 2678 1544 2746 ληνοῖς
1574 2675 1742 2740 αὑτὰς

161 2755 505 2839 ’κρύπτεσθαι
530 2769 863 2837 μεμαθήκοι,
882 2767 1061 2829 δείσας
1082 2765 1179 2835 μὴ,
1203 2766 1629 2836 προαισθόμεναι
1648 2763 1746 2833 τὴν

168 2860 423 2929 ῐρευναν,
452 2858 665 2909 ἐκεῖθέν
689 2873 747 2909 τε
773 2855 1083 2923 διαψύγοιεν
1109 2859 1202 2908 καὶ
1234 2858 1291 2906 ἐν
1326 2855 1505 2924 ἀδήλῳ
1532 2858 1749 2923 ἀποχω⁴

170 2951 400 3018 ρησωσι,
430 2948 647 3017 φρουρᾷ
675 2945 734 2997 τὸ
764 2948 964 3014 χωρίον
1013 2944 1385 3011 διαλαμὸανει.
1409 2946 1515 2997 Καὶ
1562 2944 1748 3012 μαθὼν

170 3040 279 3094 ὑπὸ
307 3041 412 3093 τῶν
445 3040 660 3092 ίόόντων
701 3036 983 3108 Ῥιψίμην,
1005 3036 1077 3099 ὼς
1102 3036 1188 3103 εἴη
1213 3036 1439 3105 περιττὴ
1458 3036 1515 3088 τὸ
1534 3034 1745 3100 κάλλος,

169 3132 270 3187 καὶ
319 3133 555 3200 χαρίτων
604 3132 838 3200 ἀψθονία
899 3132 1032 3182 πολὺ
1085 3129 1146 3180 τὸ
1183 3127 1474 3201 ἐπαγωγὸν
1530 3130 1748 3195 ἔχουσα,

172 3182 266 3187 "vr
320 3182 413 3200 A’I’
464 3182 516 3184 ’π
608 3182 702 3199 ειί
810 3182 825 3200 ῖ
1195 3191 1205 3201 .
1303 3182 1315 3194 ι
1388 3182 1399 3193 ·
1560 3182 1591 3195 η
1738 3182 1747 3187 '

170 3225 477 3288 ὑητύφετο
507 3224 607 3292 ἥδη
642 3224 718 3291 τῷ
756 3224 890 3291 πρὸς
924 3222 1096 3291 αὐτὴν
1128 3222 1314 3287 ἔρωτι,
1338 3223 1427 3272 καὶ
1464 3219 1744 3288 βασιλικὰς
1778 3182 1821 3239 c

171 3314 314 3381 αὐτῇ
361 3313 551 3373 στολὰς
583 3312 742 3373 εὐθὺς
782 3313 873 3362 καὶ
910 3311 1112 3379 κόσμον
1142 3310 1300 3367 ἄλλον
1334 3311 1631 3377 ἐκπέμπει,
1654 3308 1749 3360 καὶ

170 3402 389 3453 κελεύει
423 3402 520 3469 τὴν
562 3400 842 3470 Ῥιψίμην,
876 3399 1050 3453 ταῦτα
1088 3402 1336 3465 ἐνδῦσαν,
1383 3401 1458 3461 εἰς
1486 3404 1554 3453 τὰ
1597 3400 1750 3469 βασί-

170 3492 293 3545 λεια
316 3489 452 3564 ’παρ’
490 3492 654 3545 αὐτὸν
684 3493 882 3555 ίλθεῖν,
908 3495 1003 3554 τὰς
1029 3493 1083 3544 δὲ
1112 3492 1305 3552 λοιπὰς
1326 3492 1429 3543 ὑπὸ
1450 3496 1516 3559 τῇ
1540 3491 1750 3560 φρουρᾷ

172 3583 485 3649 τηρεῖσθαι.
533 3580 754 3648 Ἐκείνη
787 3582 968 3650 μέντοι
1003 3582 1079 3649 τῷ
1112 3583 1187 3642 είς
1218 3580 1452 3650 Χριστὸν
1472 3580 1619 3649 πόθῳ
1641 3579 1751 3630 δια.

173 3671 484 3739 φλεγομένη
528 3672 621 3720 καὶ
670 3668 878 3737 σφόδρα
938 3669 1217 3738 περικαῶς
1247 3667 1412 3721 αὑτοῦ
1448 3668 1670 3739 ἔχουσα,
1695 3669 1753 3721 ὃν

172 3762 238 3830 δὴ
273 3764 364 3813 καὶ
399 3762 557 3828 μόνον
584 3759 696 3827 ᾔδει
735 3760 988 3826 νυμφίον,
1016 3761 1134 3820 ταῖς
1171 3761 1525 3828 παραινέσεσι
1556 3777 1614 3811 τε
1658 3763 1752 3811 καὶ

172 3850 474 3917 ὑποθήκαις
512 3850 769 3917 Γαῖανῆς,
814 3850 936 3919 ἦτις
988 3850 1323 3920 ἀνεθρέψατό
1373 3867 1435 3918 γε
1475 3853 1643 3921 αὐτὴν
1688 3854 1751 3906 ἐκ

174 3940 427 4018 βρέφους.
452 3943 543 3993 καὶ
567 3944 646 4003 εἰς
673 3943 788 3992 τόδε
838 3943 1153 4012 προήγαγεν
1225 3943 1464 4013 ἡλικίας,
1490 3946 1580 3996 ἐπὶ
1622 3946 1755 4015 μᾶ).-

172 4035 268 4085 λον
324 4033 839 4103 ὑπερζέουσα,τούς
886 4050 943 4084 τε
991 4035 1084 4085 τοῦ
1135 4037 1464 4103 μισουμένου
1524 4039 1753 4107 ἐραστοῦ

172 4122 365 4190 λόγους
395 4126 613 4193 ὲπίσης,
637 4124 732 4176 καὶ
758 4124 824 4175 τὰ
856 4123 1172 4191 πεμφθέντα
1203 4125 1444 4181 διέπτυε.
1466 4130 1559 4181 καὶ
1588 4146 1755 4200 προσ-

173 4218 311 4285 ευχῇ
360 4218 498 4285 μετὰ
542 4216 650 4269 τῶν
698 4216 794 4269 σὺν
843 4217 979 4285 αὐτῇ
1030 4218 1401 4286 προσανεῖχεν.
1428 4217 1518 4271 Ἐν
1546 4222 1650 4286 ὅσῳ
1698 4224 1754 4273 δὲ

171 4314 241 4360 τὰ
272 4309 367 4376 τῆς
396 4307 561 4376 εὐχῆς
591 4307 860 4375 διηνύετο,
882 4309 975 4360 καὶ
1006 4307 1202 4377 βροντὴ
1229 4309 1421 4379 ἀθρόον
1465 4312 1753 4381 ὑπερράγη

173 4401 271 4452 καὶ
311 4399 460 4469 φωνὴ
512 4400 715 4453 ἄνωθεν
737 4402 802 4468 τῇ
830 4399 1026 4468 βροντῇ
1059 4402 1345 4468 ἁπηχεῖτο,
1389 4403 1753 4472 Ἀνδρίςεσθε,

1849 1946 2051 2015 probro
2098 1954 2153 1997 et
2200 1945 2496 2013 ignominia
2549 1956 2821 1998 errantem
2873 1946 3043 2005 obire,
3100 1961 3257 2009 quam
3300 1961 3423 1997 eum

1846 2051 1912 2089 eo
1940 2034 2201 2089 habitare.
2238 2036 2333 2089 Est
2383 2036 2528 2088 enim
2564 2035 2788 2097 femina,
2823 2038 3025 2095 aiebat,
3064 2051 3148 2089 res
3194 2036 3423 2103 deceptu

1848 2127 2043 2180 facilis.
2075 2126 2320 2196 Rogabat
2356 2134 2560 2189 autem,
2594 2135 2655 2179 ut
2680 2141 2802 2179 cuin
2836 2125 3095 2179 omnibus
3134 2127 3310 2178 modis
3342 2125 3425 2190 ip-

1848 2234 1961 2272 sam
2014 2219 2311 2272 invenisset
2358 2219 2412 2271 in
2468 2218 2769 2281 Armenia,
2817 2217 2882 2271 ad
2932 2232 3055 2270 eum
3099 2216 3422 2271 remitteret.

1847 2311 2000 2379 Quod
2028 2312 2072 2365 si
2102 2327 2220 2365 eam
2252 2325 2467 2380 quoque
2498 2310 2599 2365 sibi
2628 2312 2957 2381 conjungere
2992 2307 3198 2373 mallet,
3220 2310 3272 2365 id
3299 2324 3424 2364 eum

1847 2418 1955 2455 non
1991 2403 2189 2456 minori
2222 2400 2423 2471 gaudio
2458 2401 2806 2455 aﬂ‘ecturum.

1916 2491 2058 2546 XIX.
2093 2492 2383 2560 Postquam
2427 2491 2509 2545 ha
2540 2492 2732 2546 littera:
2784 2499 3049 2544 venerunt
3094 2490 3159 2544 ad
3194 2488 3424 2544 Terida-

1849 2591 1980 2648 tem,
2016 2584 2105 2636 ille
2147 2585 2331 2636 statim
2367 2582 2607 2653 Virgines
2655 2582 3011 2653 investigabat
3044 2594 3097 2636 et
3146 2585 3426 2636 scrutaba-

1847 2681 1955 2727 tur.
1992 2670 2128 2725 Cum
2160 2685 2341 2724 autem
2366 2671 2670 2738 accepisset
2713 2686 2807 2725 eas
2838 2672 3009 2725 latere
3049 2671 3101 2723 in
3140 2675 3427 2726 torculari-

1846 2763 1968 2829 bus,
1999 2763 2195 2817 titncns
2228 2777 2317 2826 ne,
2357 2763 2401 2815 si
2433 2765 2847 2831 prmsensissent
2869 2777 2928 2815 se
2957 2762 3147 2830 quaeri,
3168 2751 3427 2816 illincau-

1849 2855 2122 2923 fugerent,
2152 2862 2207 2907 et
2253 2855 2306 2906 in
2353 2854 2533 2908 locum
2590 2855 2859 2907 incertum
2909 2855 3250 2917 recederent,
3300 2869 3424 2908 eum

1850 2942 2027 2997 locum
2061 2952 2293 3011 occupat
2324 2943 2593 3010 praesidio.
2629 2942 2842 2995 Etcum
2890 2943 3191 3010 accepisset
3239 2956 3305 2995 ex
3337 2943 3425 3004 iis,

1851 3037 1942 3107 qui
1976 3036 2221 3089 viderant
2250 3033 2570 3103 Bipsimem,
2598 3047 2716 3086 eam
2744 3047 2864 3086 esse
2892 3034 3089 3103 insigni
3124 3035 3426 3104 pulchritu-

1853 3130 1999 3188 dine.
2028 3130 2335 3204 leporisque
2358 3136 2412 3180 et
2444 3128 2627 3196 gratiae
2643 3128 2798 3195 copia
2822 3142 3048 3196 magnas
3076 3128 3276 3181 habere
3307 3127 3425 3181 ille-

1851 3208 2066 3277 cebras,
2105 3219 2215 3283 jam
2248 3218 2302 3269 in
2354 3217 2475 3282 ejus
2522 3230 2761 3269 amorem
2802 3226 3079 3269 exarserat
3116 3231 3128 3265 :
3159 3228 3214 3270 et
3253 3218 3428 3286 regias

1851 3305 2101 3377 protinus
2142 3307 2208 3359 ad
2243 3321 2359 3359 eam
2393 3316 2591 3366 vestes,
2622 3316 2676 3358 et
2708 3307 2873 3361 alium
2908 3310 3164 3362 mundum
3184 3311 3423 3365 emittit:

1852 3410 1907 3455 et
1935 3402 2089 3469 jubet
2120 3398 2421 3469 Ripsimetn
2451 3400 2533 3452 his
2563 3400 2806 3452 indutam
2859 3401 2922 3454 ad
2958 3416 3017 3454 se
3050 3404 3234 3455 vcnirc
3263 3404 3316 3456 in
3338 3419 3425 3458 re-

1852 3494 2012 3560 giam,
2053 3493 2284 3556 reliquas
2342 3501 2524 3544 autem
2576 3495 2747 3545 teneri
2792 3492 3063 3547 custodia.
3098 3491 3191 3549 illa
3246 3505 3427 3549 autem

1851 3582 2057 3636 Clu-isti
2093 3582 2316 3635 incensa
2364 3582 2661 3645 desiderio,
2728 3591 2781 3635 et
2838 3584 2957 3649 ejus
3004 3598 3190 3635 amore
3234 3584 3431 3639 ardens

1854 3689 2015 3741 quem
2043 3674 2205 3727 etiam
2231 3671 2406 3725 solum
2453 3678 2678 3725 noverat
2723 3686 3009 3739 sponsum,
3045 3674 3427 3727 suasionibus-

1853 3778 1959 3832 que
1989 3774 2044 3816 et
2080 3764 2301 3815 monitis
2348 3763 2588 3826 Gaiana,
2632 3779 2752 3832 qua:
2790 3772 2841 3816 et
2898 3764 3066 3830 ipSam
3107 3764 3315 3818 aluerat
3361 3768 3430 3820 ab

1854 3851 2105 3917 infantia,
2144 3861 2197 3904 et
2222 3854 2286 3905 ad
2318 3868 2435 3905 eam
2466 3854 2798 3916 perduxerat
2843 3865 3081 3919 aetatem,
3113 3858 3285 3923 magis
3316 3856 3427 3910 fer-

1856 3959 2017 4009 vens,
2052 3957 2204 4011 aeque
2228 3950 2284 3996 et
2322 3944 2483 3996 verba
2513 3944 2651 4012 ejus,
2684 3944 2775 4012 qui
2809 3954 2925 3997 erat
2958 3946 3006 3999 ei
3033 3946 3176 4005 odio.
3215 3958 3427 4002 amato-

1856 4040 1952 4099 ris,
1982 4046 2034 4089 et
2056 4051 2176 4103 quae
2207 4036 2372 4088 missa
2408 4035 2625 4088 fuerant
2655 4038 2985 4091 abhorrebat
3013 4048 3067 4093 ct
3111 4042 3425 4108 respuebat,

1858 4138 1912 4182 ct
1948 4143 2067 4179 cum
2102 4126 2187 4181 iis.
2217 4139 2336 4191 qua:
2366 4138 2549 4177 secum
2585 4135 2761 4187 erant,
2794 4128 3019 4182 vacabat
3051 4131 3304 4185 orationi.
3345 4133 3429 4184 ln-

1861 4222 2015 4273 terim
2071 4221 2248 4271 autem
2294 4217 2421 4270 dum
2464 4219 2818 4287 peragebatur
2857 4222 3050 4283 oratio,
3084 4226 3287 4275 tonitru
3338 4239 3429 4276 re-

1859 4321 2022 4382 pente
2063 4310 2266 4379 erupit.
2301 4318 2355 4363 et
2404 4325 2508 4363 vos
2549 4310 2783 4379 desuper
2834 4326 2863 4364 e
2901 4312 3102 4365 tonitru
3165 4315 3427 4376 resonuit.

1860 4404 2046 4459 dicens
2080 4421 2093 4456 :
2131 4402 2315 4456 Estote
2351 4402 2477 4456 forti
2506 4404 2713 4462 animo.
2747 4412 2801 4457 et
2831 4404 3106 4459 confidite.
3128 4404 3257 4460 Sum
3281 4411 3427 4465 enim

173 4490 434 4556 λέγουσα,
456 4490 551 4541 καὶ
598 4489 875 4559 θαρσεῖτε,
906 4489 1023 4559 μεθ’
1048 4489 1197 4558 ὑμῶν
1228 4492 1335 4557 γάρ
1364 4491 1480 4557 ειμι
1500 4504 1512 4518 ·
1542 4492 1632 4541 καὶ
1660 4507 1750 4558 φυ-

1864 4497 2143 4549 vobiscuin
2172 4517 2183 4548 :
2222 4502 2275 4547 et
2306 4493 2763 4547 conservabimini
2812 4494 2944 4546 mihi
2991 4496 3209 4551 intactae
3241 4498 3309 4551 ab
3342 4499 3427 4550 in-

173 4582 511 4655 λαχθήσεσθὲ
553 4598 644 4653 μοι
678 4580 945 4649 ἁνέπαφοι
979 4583 1097 4644 ταῖς
1118 4579 1212 4633 τοῦ
1238 4579 1431 4649 ὲχθροῡ
1456 4579 1757 4649 ἐπηρείαις,

174 4676 275 4729 καὶ
298 4672 671 4726 εἰσελεύσεσθαι
707 4671 826 4743 μετ’
848 4671 981 4741 ἐμοῦ
1004 4675 1083 4734 είς
1108 4674 1198 4723 τὸν
1217 4670 1482 4742 νυμφῶνα
1499 4672 1589 4723 τὸν
1608 4672 1756 4741 ἐμὸν,

180 4768 280 4823 καὶ
314 4768 410 4834 τὴν
456 4765 872 4834 ἡτοιμασμένην
927 4765 1055 4832 ὑμῖν
1084 4763 1434 4830 ἀπολήψεσθε
1454 4762 1757 4831 βασιλείαν.

174 4857 367 4913 ταῦτα
412 4855 447 4924 ἦ
472 4871 530 4906 τε
570 4856 723 4923 φωνὴ
743 4855 917 4921 ἔλεγε,
938 4854 1031 4907 καὶ
1060 4855 1092 4923 ἡ
1126 4852 1323 4923 βροντὴ
1347 4854 1571 4921 φοϐερὸν
1599 4856 1758 4907 ἐκτύ-

175 4967 292 5013 πει,
322 4950 416 5000 καὶ
434 4946 527 4999 ἐπὶ
554 4944 884 5014 πολὺ,ταύτῃ
909 4945 1395 5015 συμπαρετείνετο,
1416 4945 1507 4997 καὶ
1532 4945 1757 5013 πολλοὺς

178 5041 280 5111 μὲν
296 5041 359 5091 ἐκ
373 5037 465 5091 τοῦ
484 5036 745 5105 αἰφνιδίου
763 5037 825 5103 τῇ
845 5036 981 5103 ἀκοῇ
1004 5037 1393 5103 προπραγεῖσα,
1413 5037 1491 5098 είς
1511 5036 1615 5103 γῆν
1629 5053 1724 5087 κατ
1739 5066 1754 5077 -

177 5132 361 5193 suae,
381 5130 475 5184 καὶ
516 5129 577 5180 τὸ
612 5125 947 5197 φθέγγεσθαι
966 5125 1144 5177 αὐτῶν
1166 5126 1436 5191 ἀφείλετο,
1463 5126 1686 5188 πολλοὺς
1705 5126 1761 5179 δὲ

179 5224 371 5284 ἱππεῖς
392 5222 485 5273 καὶ
506 5219 686 5273 αὐτῶν
710 5218 950 5272 ἀπέϐαλε
973 5218 1081 5271 τῶν
1104 5217 1415 5285 ἵππων,καὶ
1437 5218 1759 5289 περιδάντες

177 5316 375 5376 αὐτοὺς
406 5311 499 5366 καὶ
530 5312 987 5382 συμπατήσαντες
1016 5313 1062 5364 oi
1091 5310 1267 5373 ἵπποι,
1293 5310 1626 5363 ἀπέκτειναν
1662 5311 1757 5364 καὶ

176 5407 312 5463 ὅλως
345 5404 642 5474 ἐθορύϐησε
676 5404 797 5466 τοὺς
848 5403 1124 5471 παρόντας
1162 5402 1256 5453 καὶ
1311 5402 1389 5461 εἰς
1438 5400 1750 5469 ἀμηχανίαν

179 5496 453 5550 ἐνέϐαλεν.
480 5498 541 5549 (ll
578 5495 763 5565 μέντοι
806 5496 939 5564 πρὸς
974 5492 1068 5546 τοῦ
1124 5493 1387 5561 βασιλέως
1450 5491 1750 5562 Τηριδατου

181 5588 462 5649 σταλέντες
538 5588 623 5656 ἐφ’
674 5582 716 5656 ᾧ
765 5586 865 5653 τὴν
953 5586 1211 5656 Ῥιψίμην
1270 5584 1748 5654 μετακαλέσονται,

251 5792 271 5822 ⁸
305 5788 495 5842 Matth.
526 5806 555 5842 χ
610 5792 693 5842 νδ.

1864 4585 2096 4639 sultibus
2139 4584 2364 4647 inimici,
2389 4593 2443 4638 et
2480 4583 2855 4653 ingrediemini
2893 4600 3105 4638 mecum
3157 4587 3208 4640 in
3242 4602 3425 4641 meum

1859 4676 2192 4737 thalamum,
2238 4684 2291 4728 et
2342 4676 2620 4743 accipietis
2676 4692 2901 4745 regnum
2950 4679 3106 4733 vobis
3155 4691 3427 4747 paratum.

1858 4767 1981 4822 llaec
2010 4780 2065 4821 et
2108 4784 2206 4821 vox
2239 4768 2471 4831 dicebat,
2508 4778 2561 4821 et
2590 4772 2791 4823 tonitru
2829 4772 3118 4825 resonabat
3153 4773 3429 4826 horribili-

1860 4868 1959 4923 ter,
1994 4870 2171 4913 etuna
2204 4876 2327 4912 cum
2376 4875 2437 4912 ea
2472 4862 2560 4913 diu
2604 4861 2757 4915 alluit
2791 4881 2803 4915 :
2851 4872 2907 4917 et
2952 4864 3154 4917 multos
3185 4864 3426 4932 quidem,

1859 4965 1983 5003 cum
2021 4952 2241 5017 repente
2296 4952 2569 5018 erupisset
2611 4955 2673 5004 ad
2709 4967 2889 5016 aures,
2926 4954 3071 5006 humi
3115 4952 3334 5021 dejecit,
3375 4966 3429 5009 et

1860 5055 2169 5097 sermonem
2207 5040 2286 5095 eis
2318 5043 2542 5095 abstulit
2571 5060 2583 5095 :
2619 5044 2747 5111 quin
2779 5044 2941 5096 etiam
2991 5044 3189 5100 multos
3216 5046 3431 5114 equites

1865 5135 2025 5203 ejeeit
2085 5148 2150 5187 ex
2198 5134 2328 5203 ipsis
2380 5136 2554 5202 cquis,
2613 5150 2748 5203 quos
2798 5136 2956 5205 equi,
3000 5138 3325 5191 insultantes
3375 5149 3431 5192 et

1861 5226 2263 5288 coneultantes,
2295 5225 2613 5281 occiderunt
2644 5244 2658 5279 :
2693 5234 2747 5280 et
2793 5228 2859 5281 ad
2900 5242 3169 5281 summum
3206 5237 3428 5283 contur-

1859 5318 2005 5372 bavit
2062 5318 2277 5385 penitus
2344 5330 2437 5368 eos
2483 5317 2575 5383 qui
2641 5318 2899 5379 aderant.
2942 5332 3141 5387 eosque
3194 5320 3429 5374 reddidit

1856 5408 2023 5462 animi
2054 5408 2246 5460 dubios
2270 5416 2323 5459 et
2356 5406 2655 5476 poi-plexos.
2680 5410 2781 5473 Qui
2810 5420 2987 5463 autem
3026 5410 3174 5465 missi
3210 5410 3425 5465 fuerant

1857 5515 1886 5551 a
1924 5514 2047 5568 rege
2099 5495 2373 5562 Ter-idate,
2406 5507 2462 5550 ut
2517 5512 2861 5555 accerserent
2891 5502 3208 5570 Ripsimem,
3244 5505 3426 5556 animo

1860 5591 2165 5655 conterriti,
2204 5598 2551 5644 revertuntur
2588 5592 2654 5645 ad
2689 5606 2865 5662 regem
2904 5594 3155 5649 deorsum
3205 5594 3425 5647 intuen-
