4188 6432
220 432 328 492 973

1155 435 1322 492 VITA
1370 436 1427 493 ὃ.
1475 428 1860 495 GHEGORH
1908 439 2537 504 ILLUMINATORIS.

3349 453 3450 512 97L

213 548 414 606 αὑταῖς
454 546 654 614 ῥίζαις,
709 547 802 609 τέις
843 547 1084 615 γλώττας
1126 550 1500 618 ὲκτέμνονται.
1542 546 1670 602 Εἶτα
1698 553 1790 604 καὶ

1900 555 2096 609 duntur
2127 558 2408 613 radicitus.
2449 558 2652 614 Deinde
2689 577 2808 616 eum
2836 563 3102 631 lapidibus
3149 563 3319 616 instar
3344 568 3454 634 gla-

213 635 393 698 ).ίθοις
425 638 710 705 μαχαιρῶν
754 639 912 708 δίκην
957 641 1362 708 ἑστομωμένοις
1400 645 1493 694 καὶ
1527 642 1784 711 τέμνουσι

214 727 322 788 τὰς
375 729 648 797 γαστέρας
696 732 1076 792 ἀνακοπεῖσαι,
1126 732 1222 784 καὶ
1277 733 1374 802 τὴν
1415 733 1563 796 ἐντὸς
1608 737 1790 787 πᾶσαν

215 811 514 867 διάπλασιν
563 818 667 886 πρὸ
704 817 812 870 τῶν
855 818 1030 871 ποδῶν
1077 819 1334 887 χυθεῖσαν
1387 820 1615 883 ἰδοῦσαι,
1649 821 1790 874 οὕτω

213 905 321 956 καὶ
359 905 456 967 τὰς
495 908 737 974 κεφαλὰς
772 907 1153 976 ἁψαιροῦνται.
1211 910 1384 980 ’Ἐκτῃ
1438 912 1538 980 μὲν
1568 908 1659 965 οὖν
1701 915 1791 966 καὶ

216 993 402 1047 εἰκάδι
455 995 549 1048 τοῦ
608 997 982 1066 Σεπτεμϐρίου
1015 999 1202 1066 μηνὸς,
1238 1002 1269 1070 ἡ
1304 1001 1524 1067 γενναία
1566 1002 1788 1072 Ῥιψίμη

213 1076 316 1128 ’τὸν
369 1082 705 1150 μαρτυρικὸν
758 1083 1002 1136 ἀνείλετο
1063 1086 1349 1154 στέφανον.
1408 1089 1518 1151 Τὰς
1567 1091 1660 1141 ἐπὶ
1722 1094 1788 1160 τῇ

207 1166 374 1237 ἄγρᾳ
424 1169 478 1220 δὲ
507 1170 611 1223 τῶν
654 1172 865 1238 ἐκείνης
905 1172 1171 1240 λειψάνων
1207 1176 1562 1245 ὀρμηθείσας·
1588 1180 1620 1246 ἡ
1651 1179 1789 1246 αὐτὴ

222 1259 516 1327 μάρτυρας
571 1256 708 1312 εἶδεν
761 1265 964 1333 ἡμέρα.
1000 1266 1077 1335 Τῇ
1116 1267 1360 1337 ἑπομένῃ
1412 1267 1468 1319 δὲ
1501 1270 1595 1319 καὶ
1628 1271 1659 1336 ἡ
1693 1286 1792 1337 μα-

217 1351 394 1419 καρία
428 1352 628 1421 Γαῖανὴ
682 1356 820 1420 μετά
855 1356 964 1406 τῶν
1006 1358 1404 1426 συμπαρθένων
1457 1360 1519 1410 τὸ
1573 1359 1670 1428 τῆς
1705 1376 1791 1410 τε⁶

224 1439 478 1504 λεὼσεως
515 1444 749 1513 ἔδραμον
779 1447 1013 1499 στάδιον.
1048 1449 1221 1517 Ἔκτη
1270 1451 1446 1503 τοίνυν
1477 1451 1536 1514 ἐξ
1583 1451 1792 1503 ἐκείνου

218 1528 443 1597 διῆλθεν
486 1533 691 1600 ἡμέρα.
732 1535 827 1586 καὶ
878 1537 1397 1606 ὑπομαραινομένης
1433 1539 1533 1608 ἤδη
1562 1539 1636 1608 τῷ
1689 1541 1797 1609 Τη-

223 1619 419 1688 ριδάτῃ
452 1624 551 1689 τῆς
579 1623 690 1675 τῶν
719 1624 942 1692 ἐρώτων
972 1625 1188 1692 φλογὸς,
1220 1627 1418 1694 μελέτη
1445 1627 1616 1695 θήρας
1645 1628 1794 1696 αὑτῷ

219 1707 434 1769 γίνεται
491 1709 585 1761 καὶ
640 1714 987 1779 παρασκευή.
1026 1712 1133 1764 Καὶ
1167 1713 1194 1762 ὁ
1231 1712 1329 1779 μὲν
1382 1711 1467 1761 ἐπ’
1517 1712 1792 1780 ὀχήματος

220 1801 373 1868 ἐξῄει
405 1802 503 1868 τῆς
536 1805 741 1862 πόλεως
764 1820 777 1833 ·
807 1807 838 1872 ἡ
896 1804 1020 1870 δίκη
1053 1804 1108 1854 δὲ
1148 1804 1248 1854 οὐκ
1304 1803 1615 1871 ἐϐράδυνεν,
1661 1804 1792 1856 ἀλλά

220 1905 310 1949 τις
363 1892 511 1960 αὐτῷ
551 1893 915 1960 προσπαλαίει
971 1895 1157 1963 μανία.
1217 1896 1324 1946 Καὶ
1393 1896 1795 1964 δαιμονιώτατα
1833 1882 1871 1934 Β

217 1974 383 2044 οὗτος
415 1984 689 2050 ἐμαίνετο,
732 1986 826 2037 καὶ⁸
875 1987 1196 2056 παράφορος
1255 1983 1323 2056 ἦν
1377 1988 1498 2050 ὅλος
1555 1988 1660 2038 ὑπὸ
1699 1989 1792 2055 τῆς

223 2072 410 2137 νόσου,
444 2074 549 2126 τῶν
575 2077 721 2129 ἰδίων
745 2095 801 2129 τε
835 2079 1052 2147 σαρκῶν
1105 2080 1432 2148 παρέτρωγε
1460 2084 1567 2142 τοῖς
1591 2081 1790 2141 ὀδοῦσι.

223 2165 320 2215 καὶ
361 2167 439 2227 είς
491 2170 674 2236 χοῖρον
715 2170 916 2238 ἧμειψε
950 2173 1043 2222 καὶ
1071 2172 1130 2222 τὸ
1159 2166 1319 2235 εἶδος,
1355 2173 1797 2246 καὶμετηλλάγη

223 2255 692 2325 Ναῦουχοδονόσσρ
716 2264 792 2321 είς
816 2262 912 2327 τὴν
943 2261 1172 2330 μορφὴν,
1201 2264 1518 2329 μεταλαϐὼν
1547 2268 1652 2331 γὰρ
1673 2266 1798 2317 ταύ-

223 2349 634 2416 τηνσὴγνὸησεν,
650 2349 838 2402 τοῦτον
865 2352 917 2401 τὸ
933 2371 949 2400 ι
971 2353 1283 2419 μανθανέτω
1300 2356 1500 2421 τρόπον
1519 2358 1611 2410 καὶ
1635 2360 1797 2427 Τηρι-

224 2439 418 2507 δάτην,
453 2440 548 2507 τὴν
572 2441 742 2509 αὐτὴν
769 2442 961 2510 ἐκείνῳ
991 2443 1293 2512 μεταῆολὴν
1325 2446 1659 2509 ὑποστάντα,
1705 2450 1794 2498 καὶ

224 2528 405 2601 ταύτῃ
440 2536 538 2595 τὴν
577 2532 869 2584 ἀκολασίαν
933 2535 1390 2604 εἰσπραττόμενον
1438 2539 1532 2587 καὶ
1582 2540 1640 2588 τὸ
1668 2538 1794 2602 ἄγος

228 2621 330 2672 καὶ
380 2619 522 2673 οὕτω
574 2623 807 2691 πικρῶς.
863 2625 966 2676 Καὶ
996 2622 1062 2691 ἦν
1111 2626 1180 2678 τὰ
1231 2627 1334 2692 ἔξω
1371 2628 1464 2679 τοῦ
1497 2628 1796 2698 Τηριδάτου

228 2715 438 2783 χοῖρος,
493 2714 591 2781 τῆς
620 2715 795 2780 ,ἔνδον
829 2715 1113 2784 ὼμότητός
1147 2735 1205 2768 τε
1241 2721 1335 2770 καὶ
1392 2720 1487 2771 τοῦ
1536 2720 1797 2790 βορϐόρου

228 2803 345 2854 τῶν
378 2804 604 2872 ἡδονῶν,
631 2805 726 2855 καὶ
762 2807 858 2873 τῆς
889 2807 1056 2876 ἄλλης
1086 2810 1328 2876 χοιρείας
1364 2811 1456 2862 καὶ
1495 2809 1675 2878 ψυχῆς
1708 2815 1800 2863 καὶ

232 2892 457 2961 ἀγωγῆς
486 2894 649 2945 εἰκὼι
678 2895 792 2966 ἅμα
858 2899 951 2950 καὶ
1017 2899 1323 2967 εἴσπραξις.
1361 2901 1472 2969 Οὐχ
1514 2903 1540 2952 ὁ
1573 2903 1801 2971 Τηριδά-

233 3000 338 3050 της
372 2984 426 3036 δὲ
485 2988 645 3055 μόνος
696 2990 870 3042 ταῦτα
915 2993 942 3042 ὁ
981 2991 1200 3061 μιαρὸς,
1255 2991 1392 3044 ἀλλὰ
1445 2993 1540 3045 καὶ
1579 2995 1642 3046 τὸ
1676 2997 1802 3064 περὶ

234 3083 400 3135 αὑτὸν
455 3089 851 3155 στρατιωτικὶν
902 3088 1070 3153 ἅπαν,
1124 3089 1217 3140 καὶ
1266 3090 1390 3141 ὅσον
1445 3092 1500 3141 ὲν
1552 3091 1799 3160 ἄρχουσι,

237 3181 333 3233 καὶ
366 3183 418 3233 εἴ
445 3201 495 3236 τι
536 3183 661 3235 ἄλλο
685 3183 776 3234 τοῦ
808 3185 1206 3253 πολιτεύματος
1237 3189 1348 3247 τοῖς
1379 3186 1529 3236 τετολ

238 3274 493 3341 συνήδετο
530 3274 606 3341 τῷ
641 3275 789 3343 αὐτῷ
825 3277 1038 3344 δαίμονι
1065 3277 1404 3328 διαπαλαῖον.
1440 3272 1547 3328 Ἦν
1577 3275 1671 3329 οὖν
1707 3281 1802 3331 καὶ

232 3367 347 3426 τοῖς
405 3365 658 3433 κατόχοις
722 3367 800 3433 τῷ
849 3368 1009 3419 πάθει
1073 3367 1234 3420 ὁπότε
1289 3369 1382 3420 κοιλ⁸
1439 3370 1800 3439 ἀνανήῴειαν,

235 3455 408 3524 πολλὴ
441 3456 537 3523 τῆς
569 3457 893 3525 ἀπαλλαγῆς
931 3461 960 3525 ἡ

951 3477 961 3529 ;
1003 3460 1292 3528 ἐπιθυμία,
1325 3461 1418 3514 καὶ
1447 3464 1556 3530 τοζς
1583 3465 1803 3532 οἰκείοις

233 3548 270 3616 ἡ
303 3551 523 3617 φροντὶς
577 3550 678 3601 οὐκ
731 3551 990 3611 ἐλάττων,
1050 3551 1205 3604 τοῦτο
1259 3555 1357 3619 μὲν
1391 3554 1531 3605 ὥστε
1587 3556 1661 3622 μὴ
1695 3559 1805 3618 τοῖς

232 3639 440 3706 ὁμοίοις
477 3643 828 3709 περιπεσεῖν,
860 3642 1020 3692 τοῦτο
1072 3643 1128 3692 δὲ
1187 3641 1326 3693 ὥστε
1362 3644 1458 3708 τῆς
1491 3643 1644 3694 νόσου
1678 3647 1803 3706 τοὺς

238 3735 622 3799 προσήκοντας
652 3734 1036 3801 κουφισθῆναι.

309 3819 435 3872 κε’.
485 3822 573 3872 Ἐν
623 3816 666 3888 ᾧ
710 3823 765 3874 δὲ
818 3823 1077 3886 τοιούτοις
1132 3824 1427 3892 ἐξητάζετο
1482 3827 1712 3880 πάθεσιν
1768 3831 1800 3896 ἠ

251 3911 531 3979 Ἀρμενία,
566 3913 778 3983 ὄνειρος
819 3918 882 3984 τῇ
919 3914 1013 3967 τοῦ
1048 3917 1315 3984 βασιλέως
1347 3919 1552 3986 ἀδελφῇ
1590 3920 1803 3971 Κουσα-

237 4003 500 4070 ροδούκτα
526 4009 802 4077 ἐπιφοιτᾷ.
839 4010 897 4061 '0
924 4007 980 4061 δὲ
1010 4009 1216 4078 ὄνειρος
1281 4009 1395 4077 φῶς
1428 4005 1493 4078 ἦν
1529 4010 1801 4080 ἀνθρώπῳ

235 4093 333 4162 τὴν
362 4095 651 4150 διάπλασιν
677 4099 871 4159 ἐοικός.
927 4100 1127 4151 Ἐδόκει
1156 4101 1210 4150 δὲ
1252 4099 1430 4165 λέγειν
1456 4100 1550 4164 ὡς,
1582 4103 1630 4153 εί
1663 4103 1802 4172 Γρη-

235 4186 420 4253 γόριον
454 4188 661 4238 ἐκεῖνον
688 4187 748 4238 ὃν
799 4188 949 4256 παρὰ
983 4193 1046 4256 τῇ
1078 4187 1227 4240 πόλει
1276 4189 1507 4259 Ἀρταξᾷ
1545 4191 1802 4260 βαράθρῳ

238 4275 491 4341 καθῆκαν
550 4279 909 4346 ἀνιμήσαιντο
962 4279 1193 4344 ἐκεῖθεν,
1252 4281 1392 4333 κατά
1425 4281 1589 4343 πόδας
1641 4282 1800 4345 εὐθὺς

237 4366 334 4418 καὶ
389 4368 543 4431 λύσις
599 4371 956 4440 ἀκολουθήσει
1007 4375 1106 4441 τῆς
1166 4373 1470 4441 συμφορᾶς.
1533 4373 1675 4426 Είδὲ
1728 4373 1800 4443 μὴ

235 4456 410 4510 ταῦτα
447 4461 579 4528 μηδὲ
614 4461 755 4513 οὕτω
789 4462 1042 4530 ποιητέον
1071 4463 1279 4525 αὐτοῖς,
1314 4464 1449 4513 ἀλλὰ
1486 4465 1561 4532 μὴ
1597 4464 1795 4532 ἑτέραν

235 4551 330 4602 τοῦ
386 4551 556 4604 κακοῦ
615 4551 908 4619 θεραπείαν
964 4553 1234 4620 εὑρήσειν.
1288 4551 1472 4603 Ταῦτα
1522 4554 1615 4605 τοῦ
1666 4557 1803 4606 ὀνεί-

241 4659 336 4710 ρου
374 4643 619 4704 εἰπόντος
655 4643 1000 4710 παρελθοῦσα
1039 4645 1117 4704 εἰς
1149 4643 1238 4694 τὸν
1262 4643 1432 4711 δῆμον
1491 4646 1522 4712 ἡ
1591 4647 1804 4700 [(02:31-

243 4735 511 4801 ροδούκτα
552 4736 727 4805 (ἐνίκα
761 4736 870 4805 γὰρ
920 4738 1021 4805 τὴν
1054 4736 1186 4787 αἰδῶ
1244 4737 1276 4804 ἡ
1321 4737 1410 4786 ἐπὶ
1459 4737 1537 4804 τῷ
1587 4739 1804 4808 ἀδελφῴ

242 4826 434 4894 λύπη),
466 4827 738 4879 κοινοῦται
766 4830 863 4894 τὴν
897 4827 1040 4895 ὄψιν.
1078 4811 1139 4879 Οἷ
1171 4828 1226 4878 δὲ
1267 4827 1550 4896 μαίνεσθαι
1581 4831 1674 4881 καὶ
1705 4833 1802 4882 αὑ-

241 4916 339 4986 τὴν
372 4915 671 4985 οἰηθέντες,
704 4919 829 4986 (ποῦ
863 4921 969 4989 γὰρ
1008 4921 1072 4971 ἂν
1102 4920 1191 4971 καὶ
1223 4919 1413 4970 ὀστοῦν
1455 4920 1530 4972 ἔτι
1564 4921 1802 4990 περιλεί-

242 5009 441 5061 πεσθαι
494 5009 792 5079 Γρηγορίου
840 5015 968 5081 παρ’
1002 5013 1180 5074 αὐτοῖς
1233 5015 1366 5076 ὅλως
1400 5015 1714 5081 ἠλπίζετος)
1748 5016 1804 5066 ἐν

243 5102 535 5173 χλευασμῷ
578 5105 701 5164 τοὺς
732 5106 825 5173 τῆς
863 5105 1340 5174 Κουσαροδούκτας
1373 5106 1562 5172 λόγους
1609 5106 1802 5172 γέλωτι

249 5196 551 5249 ἐποιοῦντο.
597 5198 816 5267 Ἐπειδὴ
850 5197 901 5248 δὲ
949 5200 1008 5248 τὸ
1045 5199 1211 5250 κακὸν
1243 5200 1332 5250 ἐπὶ
1361 5197 1518 5249 πλέον
1549 5198 1801 5261 ἑτείνετο,

249 5289 344 5339 καὶ
395 5290 422 5340 ὁ
465 5287 670 5359 ὄνειρὸς
725 5289 1017 5358 ἐπιφοιτῶν
1070 5290 1168 5340 οὐκ
1221 5291 1379 5350 ἀνίει,
1436 5291 1528 5342 καὶ
1581 5290 1612 5358 ἡ
1666 5292 1802 5359 γυνὴ

247 5385 496 5438 ἐπέκειτο
555 5385 888 5453 σφοδροτέρα
952 5384 1338 5450 ἀναγκάζουσα
1367 5385 1454 5436 τὸν
1505 5385 1672 5451 δῆμον
1719 5385 1800 5446 είς

247 5476 408 5541 ἔργον
459 5477 684 5543 ἀγαγεῖν
741 5477 835 5542 τὴν
896 5478 1036 5544 ὄψιν,
1103 5476 1376 5527 στέλλεταί
1411 5492 1491 5537 τις
1530 5474 1679 5543 παρὰ
1728 5475 1804 5541 τῷ

261 5566 498 5634 ’Λρταξᾷ
563 5567 803 5637 φρουρίῳ
852 5571 955 5619 τῶν
1001 5572 1302 5638 ἐπισήμων.
1351 5567 1584 5628 Λῦταῖας
1635 5567 1804 5634 ὄνομα

315 5769 389 5836 (2)
444 5765 705 5840 Ripsitne,
759 5769 972 5840 Gaianae
1028 5782 1082 5823 et
1155 5771 1426 5825 sociarum
1508 5779 1800 5840 martyrum

248 5841 448 5894 festum
471 5839 608 5906 apud
634 5837 848 5895 Grmcus
872 5843 938 5895 50
954 5839 1287 5910 Septembris
1312 5843 1413 5897 sub
1431 5855 1536 5895 una
1564 5837 1802 5896 solenni-

1893 647 2100 698 diorum
2135 649 2303 700 acutis
2338 660 2392 702 et
2431 652 2762 715 secantibus,
2801 656 3001 708 cxsecti
3054 654 3280 708 fuissent
3328 673 3457 711 ven-

1894 744 2022 799 tres,
2052 747 2099 790 et
2150 741 2461 794 universum
2517 743 2790 796 internum
2839 745 3151 815 figmentum
3194 747 3457 803 vidissent

1897 824 2072 879 fusum
2109 845 2204 896 pro
2249 832 2496 899 pedibus,
2535 835 2612 888 eis
2662 836 2835 905 capita
2878 847 3246 907 amputantur.
3282 843 3454 910 Atque

1899 917 2159 972 vicesimo
2190 922 2405 989 quidem
2436 935 2588 978 sexto
2621 927 2823 981 mensis
2856 927 3190 995 Septembris
3226 932 3453 999 gloriosa

1894 1004 2136 1074 Ripsime
2195 1025 2447 1064 coronam
2498 1017 2734 1080 suscepit
2793 1019 3135 1086 martyrio-am
3199 1020 3293 1086 (Ξ).
3359 1020 3459 1073 Eas

1895 1113 2045 1160 vero,
2081 1117 2201 1169 qua
2255 1115 2511 1158 venerant
2544 1108 2608 1159 ad
2662 1110 2933 1162 venandas
2990 1110 3132 1164 illius
3180 1112 3456 1178 reliquias,

1897 1188 2038 1241 idem
2074 1193 2189 1245 dies
2213 1195 2344 1247 vidit
2375 1207 2656 1266 martyres.
2689 1201 2784 1254 Die
2815 1213 3000 1254 autem
3037 1206 3286 1271 sequenti
3305 1205 3458 1258 beata

1894 1295 2106 1349 quoque
2134 1282 2335 1338 Gaiana
2383 1305 2505 1342 cum
2549 1292 2709 1346 sociis
2742 1293 3040 1364 virginibus
3073 1305 3459 1362 percurrerunt

1896 1371 2132 1426 stadium
2193 1381 2700 1435 consummationis.
2749 1383 2830 1436 Ab
2888 1384 2979 1437 illo
3034 1399 3161 1453 ergo
3219 1396 3459 1452 tempore

1899 1463 2111 1516 transiit
2137 1474 2319 1520 sextus
2355 1468 2491 1534 dies,
2520 1480 2575 1524 et
2617 1473 2727 1539 jam
2762 1473 2975 1528 ﬂamma
3030 1492 3276 1529 amorum
3309 1477 3461 1543 Teri-

1897 1552 2034 1605 dataa
2059 1557 2260 1608 sensim
2296 1572 2682 1625 marcescente,
2717 1565 2803 1617 ille
2833 1581 3082 1633 egressus
3099 1578 3180 1620 εει
3209 1569 3274 1619 ad
3303 1583 3460 1622 vena-

1898 1647 2120 1702 tionem.
2147 1651 2262 1705 Non
2297 1655 2524 1707 tardavit
2553 1665 2730 1710 autem
2761 1659 2968 1726 justitia
3002 1679 3013 1712 :
3055 1661 3145 1712 sed
3177 1676 3297 1712 eum
3317 1677 3463 1727 quae-

1895 1737 2016 1790 dam
2049 1741 2254 1795 invadit
2279 1746 2503 1808 insania,
2535 1765 2638 1816 qua
2683 1749 2894 1803 furebat
2925 1751 3082 1819 plane
3112 1750 3462 1808 daamoniace.

1897 1838 1951 1881 et
1979 1845 2086 1898 pra:
2115 1835 2304 1887 morbo
2329 1846 2445 1889 erat
2481 1850 2672 1891 emota!
2712 1841 2928 1899 mentis.
2958 1852 3013 1894 et
3058 1843 3308 1894 dentibus
3338 1859 3461 1895 suas

1898 1923 2187 1977 arrodebat
2209 1941 2398 1982 carnes
2423 1947 2436 1982 :
2464 1939 2518 1984 et
2546 1939 2748 1983 mutata
2774 1932 2872 1984 futt
2907 1932 3077 1985 forma
3113 1933 3231 2000 ejus
3264 1933 3312 1984 in
3339 1948 3463 1998 por-

1896 2027 2041 2068 cum.
2077 2017 2227 2079 Quod
2280 2021 2323 2074 si
2372 2022 2492 2090 quis
2524 2023 2613 2087 sit,
2645 2024 2733 2091 qui
2765 2039 2871 2076 non
2923 2025 3133 2093 ignoret
3167 2023 3330 2078 fuisse
3358 2023 3464 2074 Na—

1899 2102 2398 2162 buchodonosorcm
2451 2122 2714 2166 mutatum
2751 2114 2804 2165 in
2837 2115 2974 2167 hanc
3000 2115 3251 2175 formam,
3274 2115 3462 2168 eodem

1899 2194 2057 2247 modo
2093 2197 2227 2250 sciat
2268 2201 2430 2252 etiam
2478 2201 2782 2255 Tcridatem
2833 2206 3098 2266 eamdem,
3143 2221 3301 2272 quam
3351 2206 3458 2266 ille,

1901 2285 2129 2340 subiisse
2156 2292 2533 2345 mutationem.
2566 2291 2764 2360 Sicque
2804 2294 2870 2347 de
2912 2294 3134 2347 libidine
3175 2305 3227 2346 ct
3263 2294 3462 2363 ﬂagitio

1900 2387 2125 2444 sumpta:
2156 2390 2278 2433 sunt
2317 2391 2422 2435 tam
2475 2385 2682 2438 acerbae
2729 2399 2900 2452 pinnae
2929 2385 3029 2454 (5).
3063 2384 3128 2438 Ει
3167 2397 3280 2439 erat
3313 2385 3464 2440 Teri-

1899 2467 2052 2522 dates
2093 2473 2431 2527 extrinsecus
2472 2489 2668 2543 porcus
2713 2496 2724 2529 :
2778 2478 3004 2530 interna:
3043 2477 3378 2532 crudelitatis
3413 2487 3466 2532 et

1899 2559 2410 2628 cmnivoluptatum,
2443 2577 2493 2618 ct
2525 2568 2744 2620 alterius
2780 2569 3014 2634 porcina:
3040 2570 3233 2623 anima:
3263 2585 3323 2623 ac
3347 2572 3469 2624 vitae

1900 2649 2063 2702 simul
2087 2650 2263 2722 imago
2287 2663 2339 2708 et
2374 2670 2554 2722 poena.
2588 2658 2705 2710 Non
2749 2657 2827 2711 sic
2858 2669 3037 2712 autem
3067 2661 3213 2713 solus
3244 2672 3360 2714 erat
3391 2663 3471 2714 af-

1903 2741 2076 2796 fectus
2112 2749 2480 2801 exsecrandus
2515 2749 2794 2804 Teridates
2835 2767 2850 2801 :
2903 2752 2998 2804 sed
3032 2760 3086 2805 et
3129 2767 3342 2814 omnes,
3374 2754 3470 2821 qui

1904 2845 2059 2889 erant
2089 2853 2214 2891 cum
2244 2855 2308 2894 eo
2346 2836 2568 2902 milites,
2604 2853 2660 2896 et
2701 2845 3013 2912 quicunque
3044 2861 3107 2898 ex
3141 2848 3471 2914 magistrati-

1905 2925 2004 2977 bus
2038 2936 2093 2979 et
2131 2929 2250 2982 aliis
2289 2931 2497 2984 civibus
2531 2934 2688 2985 simul
2723 2936 3047 2988 laetabantur
3080 2937 3164 2997 iis,
3195 2953 3312 3004 qme
3345 2953 3470 3005 per-

1905 3028 2113 3088 petrata
2146 3022 2379 3086 fuerant,
2409 3041 2532 3078 cum
2567 3028 2757 3081 eodem
2796 3030 3139 3084 luctabantur
3174 3033 3417 3087 daemone
3452 3053 3466 3088 :

1908 3127 2015 3164 non
2048 3115 2188 3182 quod
2221 3127 2404 3171 essent
2436 3117 2531 3187 ipsi
2562 3136 2774 3188 quoque
2816 3138 3103 3189 porcorum
3137 3125 3309 3178 induti
3347 3141 3470 3193 spe-

1541 3189 1801 3253 μημένοις
1830 3203 1872 3260 C
1906 3202 2007 3265 cie,
2038 3207 2131 3256 sed
2168 3208 2216 3256 in
2251 3208 2487 3262 furorem
2525 3213 2726 3263 redacti
2759 3224 2934 3274 erant,
2961 3227 3014 3268 et
3043 3231 3069 3267 a
3101 3230 3156 3268 se
3183 3218 3337 3284 plane
3361 3219 3471 3272 dis-

1906 3304 2206 3350 cesserant.
2234 3298 2360 3352 Erat
2384 3301 2547 3369 igitur
2577 3304 2658 3364 iis,
2685 3319 2821 3369 quos
2856 3307 2967 3358 haec
2997 3309 3213 3361 tenebat
3234 3308 3470 3373 affectio,

1907 3384 2126 3452 quando
2158 3388 2569 3455 resipiscebant,
2610 3393 2947 3448 liberationis
2981 3411 3232 3466 magnum
3261 3400 3473 3454 deside-

1907 3477 2047 3529 rium
2092 3496 2106 3532 :
2141 3495 2436 3549 eorumque
2491 3485 2814 3538 necessariis
2851 3502 2960 3540 non
2995 3489 3169 3541 minor
3198 3491 3357 3559 hujus
3394 3495 3472 3547 rei

1907 3584 2056 3626 cura.
2113 3573 2305 3638 partim
2353 3573 2590 3639 quidem,
2641 3590 2708 3626 ne
2764 3577 3068 3632 inciderent
3114 3581 3169 3635 in
3222 3583 3415 3638 similia
3457 3605 3468 3639 :

1906 3659 2098 3726 partim
2128 3669 2330 3720 autem,
2376 3670 2432 3713 ut
2461 3664 2648 3717 morbo
2673 3667 3002 3731 levarentur,
3033 3672 3123 3738 qui
3148 3673 3216 3726 ad
3249 3689 3344 3727 eos
3373 3686 3470 3728 at-

1905 3750 2171 3805 tinebant.

1977 3841 2138 3895 XXV.
2167 3844 2385 3896 Interim
2415 3855 2592 3899 autem
2627 3848 2753 3900 dum
2793 3849 2841 3901 in
2881 3850 2964 3904 his
3007 3854 3160 3908 malis
3189 3856 3470 3912 conﬂicta-

1905 3931 2066 3984 batur
2097 3933 2373 4000 Armenia,
2408 3950 2632 4004 apparet
2662 3939 2934 3994 somnium
2979 3946 3119 4012 regis
3151 3948 3324 4000 sorori
3365 3949 3472 4002 Cu-

1906 4023 2226 4079 saroductae.
2248 4024 2528 4079 Somnium
2561 4038 2741 4082 autem
2797 4041 2913 4083 erat
2950 4030 3039 4085 lux
3072 4034 3275 4089 homini
3303 4037 3469 4108 figura

1904 4115 2114 4167 similis.
2156 4117 2442 4170 Videbatur
2473 4131 2650 4172 autem
2691 4123 2890 4187 dicere,
2912 4125 3054 4192 quod
3083 4127 3124 4180 si
3153 4127 3467 4199 Gregorium

1907 4205 2081 4261 illum.
2103 4222 2263 4276 quem
2295 4210 2345 4262 in
2373 4210 2591 4265 civitate
2616 4215 2841 4267 Artaxat
2872 4216 2925 4268 in
2955 4219 3269 4273 barathrum
3293 4223 3468 4275 demi-

1906 4309 2114 4364 serunt,
2155 4301 2302 4355 illinc
2358 4302 2657 4369 hauserint,
2701 4321 2731 4359 e
2776 4307 3002 4377 vestigio
3039 4310 3166 4363 mali
3209 4323 3468 4381 sequetur

1905 4390 2121 4445 solutio.
2150 4391 2242 4445 Sin
2307 4394 2485 4449 minus
2543 4409 2722 4450 autem
2779 4398 2894 4452 hzec
2945 4400 3021 4454 sic
3065 4401 3215 4464 fiant,
3265 4420 3472 4473 nequa-

1910 4497 2069 4548 quam
2106 4495 2232 4535 sunt
2275 4486 2545 4538 inventuri
2595 4488 2750 4540 aliam
2785 4490 3144 4545 curationem.
3188 4492 3307 4546 Haec
3343 4510 3466 4548 cum

1908 4573 2133 4628 dixisset
2181 4575 2471 4640 somnium,
2510 4575 2574 4628 ad
2628 4577 2884 4646 populum
2931 4581 3193 4636 accedens
3238 4583 3472 4638 Cusaro-

1909 4664 2068 4716 ducta
2118 4665 2392 4728 (vincebat
2419 4667 2563 4719 enim
2599 4669 2860 4736 pudorem
2903 4670 2966 4734 is,
3001 4687 3161 4739 quem
3209 4674 3275 4727 de
3305 4673 3469 4730 fratre

1909 4752 2210 4821 accipiebat
2241 4753 2413 4822 dolor)
2444 4755 2806 4809 communicat
2839 4757 3122 4810 visionem.
3172 4759 3246 4811 llli
3289 4771 3465 4814 autem

1909 4858 2026 4896 eam
2057 4843 2304 4898 arbitrati
2351 4845 2591 4898 insanire
2623 4846 2916 4914 (quomodo
2970 4848 3111 4902 enim
3160 4861 3468 4918 speraretur

1909 4936 2050 5002 apud
2082 4951 2176 4989 eos
2218 4921 2439 4989 omnino
2465 4937 2730 5006 reliquum
2767 4954 2887 4992 esse
2933 4940 3008 4994 vel
3043 4955 3108 4995 os
3139 4941 3303 4995 ullum
3335 4942 3467 4997 Grc-

1908 5022 2096 5091 gorii?)
2122 5023 2283 5077 verba
2319 5025 2699 5079 Gusaroductze
2742 5027 3146 5079 subsannabant
3183 5037 3234 5081 et
3280 5029 3466 5082 irride-

1908 5114 2055 5168 bant.
2087 5112 2218 5166 Cum
2265 5125 2443 5168 autem
2487 5114 2685 5167 malum
2732 5116 3129 5179 intenderetur,
3167 5133 3264 5171 nec
3302 5118 3467 5172 inter-

1909 5204 2148 5258 mitteret
2204 5205 2492 5258 adventare
2541 5207 2836 5266 somnium,
2888 5216 2941 5260 et
2999 5208 3192 5262 mulier
3242 5209 3468 5264 instaret

1908 5298 2303 5357 vehementius,
2340 5310 2537 5366 cogens
2586 5298 2867 5365 papulum,
2899 5308 2957 5352 ut
2999 5299 3262 5353 visionem
3297 5303 3359 5351 ad
3389 5301 3467 5353 ef-

1910 5387 2104 5441 fectum
2147 5388 2462 5451 deduceret,
2499 5389 2726 5442 mittitur
2771 5389 2988 5458 quidam
3040 5390 3119 5442 vir
3172 5391 3349 5446 clarus
3402 5395 3467 5445 ad

1907 5477 2165 5545 oppidum
2199 5476 2440 5540 Artaxat,
2485 5479 2704 5533 nomine
2751 5480 3154 5535 Autaias.Cum
3189 5499 3335 5552 ergo,
3377 5489 3467 5551 qui

1907 5571 1958 5624 in
1994 5585 2061 5623 eo
2092 5580 2270 5636 erant,
2304 5582 2716 5640 rogassent,cur
2750 5572 2953 5628 veniret
2990 5573 3226 5636 Autaias,
3254 5585 3471 5643 etquae-

1909 5773 2373 5848 tategcelcbratur.
2407 5777 2600 5844 Latini,
2636 5777 2703 5830 29
2736 5777 3089 5848 Septembris.

1983 5846 2059 5916 (5)
2107 5847 2237 5900 Dan.
2270 5850 2320 5898 4.
