4188 6432
218 391 341 458 1001

1293 393 1752 457 MARTYRIUM
1793 393 1852 453 S.
1893 346 2352 457 CHARITth’E.

3293 395 3431 461 1002

208 517 333 571 ταῖς
391 509 648 580 πλευραῖς
697 511 864 581 αὐτῆς
918 511 1305 566 ἰπικαίεσοαι·
1357 516 1387 579 ἡ
1441 513 1639 575 eam
1668 512 1774 564 τῶν

1845 563 1848 571 λ
1878 513 2373 583 accendebanturﬂ
2396 512 2461 584 1),
2505 512 2772 571 intensius
2810 515 3189 586 perseverabat
3221 515 3274 570 in
3307 533 3432 571 ora-

207 600 505 670 λαμπάδων
543 603 960 672 ὑφαπτομένων,
1002 605 1108 656 τῶν
1163 605 1337 674 εὐχῶν
1390 604 1773 674 ἐκτενέστερον

206 694 407 761 εἴχετο,
452 695 545 745 καὶ
580 695 678 757 τῆς
717 696 985 764 τιμωρίας
1023 695 1274 748 ἀνεθεῖσα
1331 696 1467 766 πρὸς
1510 695 1570 748 τὸ
1613 694 1772 746 θῦσαι

204 785 322 844 τοῖς
357 783 494 846 θεοῖς
527 785 886 850 ἠναγκάζετο.

283 874 356 926 Δ’.
398 873 548 926 Ἐπεὶ
577 876 631 927 δὲ
664 878 757 928 καὶ
809 877 1005 947 καρδίᾳ
1032 876 1125 928 καὶ
1174 876 1408 946 χείλεσιν
1439 877 1772 945 ἀμετάθετος

205 960 277 1034 ἦν
303 965 400 1033 τὴν
432 967 744 1031 ὁμολογίαν,
772 968 966 1036 ἐπίσης
1013 969 1150 1035 αὐτῇ
1203 969 1296 1019 καὶ
1323 968 1350 1018 ὀ
1391 967 1648 1031 δικάζων,
1676 966 1774 1035 τὴν

207 1055 305 1106 ἐπὶ
337 1056 412 1125 τῷ
444 1057 599 1125 κακῷ
632 1057 880 1108 ἔνστασιν
916 1055 1190 1118 ἀνένδοτος
1214 1055 1308 1119 ὢν,
1330 1045 1541 1112 Ξεελεύει
1567 1055 1772 1123 ταύτην

207 1145 359 1197 λίθον
407 1146 498 1197 τοῦ
544 1146 814 1215 τραχήλου
872 1146 1192 1216 ὲκδεθῆναι,
1233 1148 1326 1198 καὶ
1384 1146 1556 1208 οὕτως
1605 1147 1772 1213 αὐτὴν

208 1239 353 1290 κατὰ
385 1239 546 1308 βυθοῦ
565 1237 834 1307 θαλάσσης
854 1239 1220 1306 ἀπορῥιρῆναι
1247 1254 1260 1268 ⁶
1287 1231 1458 1306 οὗπερ
1506 1239 1568 1308 δὴ
1622 1255 1774 1304 γενο-

213 1332 399 1399 μένου,
446 1328 764 1398 Εὐχαριστῶ
798 1346 899 1392 σοι,
953 1329 1210 1398 Κύριε,ἡ
1260 1331 1468 1399 μάρτυς
1520 1331 1771 1389 coemam

210 1439 280 1490 με
317 1421 540 1472 διελθεῖν
569 1420 634 1472 δι’
665 1419 853 1482 ὓδατος
882 1420 1166 1472 θαλαττίου
1199 1420 1287 1473 διὰ
1310 1419 1484 1473 τοσον
1548 1410 1772 1492 εὐλογη-

207 1511 302 1560 τον
330 1511 520 1578 ὄνομα,
563 1506 703 1559 ὥστε
743 1509 835 1560 καὶ
893 1507 1140 1577 καθαρὰν
1182 1509 1472 1578 εὑρεθῆναι
1501 1512 1640 1562 κατὰ
1676 1510 1771 1579 τὴν

205 1600 420 1668 ἡμέραν
477 1599 576 1668 τῆς
629 1600 978 1659 ἀναστάσεως
1003 1616 1016 1631 ·
1051 1599 1184 1653 ἀλλά
1241 1617 1332 1652 σου
1365 1600 1553 1663 δεῖξον,
1579 1601 1653 1662 ὼς
1687 1600 1772 1653 ἀεὶ

206 1692 306 1744 καὶ
337 1690 430 1742 νῦν
460 1693 543 1744 ἐπ’
577 1694 700 1760 ὲμοί
724 1692 791 1743 τὰ
815 1691 1112 1757 θαυμάσια,
1138 1692 1206 1744 δι’
1241 1685 1315 1744 ὧν
1350 1693 1441 1742 ἐπὶ
1495 1690 1656 1743 πλέον
1685 1691 1770 1743 δον

205 1785 534 1855 ξασθήσεται
586 1785 645 1837 τὸ
699 1788 839 1851 μέγα
893 1801 986 1836 σου
1033 1784 1203 1844 ὄνομα
1253 1786 1331 1845 εἰς
1381 1785 1507 1844 τοὺς
1545 1784 1766 1844 αἰῶνας.

216 1877 411 1947 ⁹Λμήν.
454 1877 636 1926 Ταῦτα
684 1874 854 1936 οὕτως
884 1876 1063 1942 ἐκείνη
1092 1891 1150 1926 τε
1189 1875 1550 1944 προσηύχετο,
1579 1875 1672 1926 καὶ
1701 1874 1768 1926 τὰ
1797 1899 1844 1957 Β

197 1965 378 2034 δεσμὰ
407 1967 662 2031 διελύετο,
684 1966 842 2033 μόνος
866 1982 921 2016 τε
950 1965 977 2015 ὁ
1006 1965 1147 2027 λίθος
1168 1966 1244 2032 τῷ
1275 1965 1419 2033 βυθῷ
1458 1965 1763 2017 κατεδύετο.
1799 2007 1803 2010 .

210 2058 280 2111 Ἥ
314 2060 369 2110 δὲ
405 2059 469 2128 (ὢ
507 2059 596 2111 τοῦ
638 2058 965 2126 θαύματοςῑ)
997 2059 1216 2125 ἁτρὸμῳ
1264 2058 1382 2109 ποδὶ
1412 2060 1522 2118 τοῖς
1552 2057 1648 2125 τῆς
1676 2055 1771 2108 θα-

195 2153 406 2220 λάσσης
429 2152 615 2208 νώτοις
648 2151 906 2216 ἐφίστατο
938 2149 1028 2201 καὶ
1060 2149 1164 2200 τῶν
1197 2149 1400 2202 ὑδάτων
1426 2143 1512 2199 οἷα
1542 2149 1766 2215 στερεᾶς

195 2241 556 2294 ἐπιϐαίνουσα
591 2240 724 2309 πρὸς
750 2239 839 2290 τὸν
868 2237 1112 2306 αἰγιαλὸν
1133 2239 1441 2306 ἐπορεύετο.
1483 2237 1569 2289 Ἐν
1598 2239 1769 2306 τούτῳ

194 2333 256 2384 δὲ
287 2334 375 2384 καὶ
402 2333 490 2383 τὸν
545 2330 809 2382 ὑπατικὸν
861 2330 1043 2382 ἰδοῦσα
1091 2331 1470 2400 προσμένοντα
1501 2347 1558 2382 τε
1589 2332 1680 2382 καὶ
1709 2331 1768 2381 τὸ

192 2425 293 2476 τοῦ
329 2424 649 2493 πράγματος
685 2425 858 2490 πέρας
890 2421 1037 2486 ἰδεῖν,
1083 2422 1220 2491 ὅπερ
1245 2423 1310 2475 ἂν
1346 2423 1572 2489 γένοιτο,
1619 2421 1767 2474 ὲκδε-

191 2517 450 2585 χύμενον,
480 2515 725 2584 Χαίροις,
757 2512 1008 2576 ὐπατικὲ,
1057 2513 1245 2579 λέγει⁶
1282 2513 1406 2564 οὐδὲ
1455 2513 1615 2582 μέχρι
1674 2513 1768 2564 καὶ

192 2608 294 2660 νῦν
332 2609 566 2677 συνῆκας
610 2607 704 2678 τὴν
752 2606 830 2664 είς
865 2605 963 2674 ἐμὲ
996 2605 1090 2657 τοῦ
1128 2603 1479 2673 ἐνεργοῦντος
1536 2607 1591 2656 ὲν
1642 2605 1766 2672 ἐμοὶ

190 2700 433 2767 Χριστοῦ
486 2700 752 2768 δύναμιν;
790 2701 857 2752 Ἢ
906 2699 1234 2766 τυφλώττειν
1282 2698 1361 2751 ἔτι
1419 2697 1762 2765 φιλονεικεῖς,

191 2792 292 2841 καὶ
324 2791 455 2870 πρὸς
501 2793 599 2857 τὴν
657 2791 914 2859 ἀλήθειαν
967 2791 1379 2859 ἁπομὰχεσθαις
1413 2790 1473 2840 El
1524 2791 1622 2858 μὲν
1651 2785 1761 2852 οὖν,

190 2882 288 2934 τοῦ
364 2881 586 2943 σκότους
657 2883 929 2950 ἀφέμενος
984 2881 1060 2949 τῷ
1117 2882 1356 2951 ἀληθινῷ
1410 2881 1767 2951 προσδράμῃς

192 2974 360 3040 φωτὶ,
406 2973 614 3042 σεαυτῷ
673 2973 1075 3042 πραγματεύσῃ
1125 2976 1222 3041 τὴν
1281 2975 1587 3041 σωτηρίαν
1623 2975 1670 3025 εί
1710 2974 1765 3024 δὲ

192 3067 290 3116 καὶ
325 3068 403 3117 ἔτι
442 3069 552 3126 τοῖς
598 3066 883 3134 προτέροις
933 3066 1187 3133 ἐμμεῖναι
1214 3063 1483 3130 θελήσεις,
1513 3066 1634 3131 ἐμοὶ
1669 3065 1764 3132 μὲν

192 3156 405 3208 πολλῶν
462 3158 632 3217 αῐτιος
694 3156 930 3222 ἀγαθῶν,
978 3156 1130 3226 τῇδὲ
1173 3158 1238 3225 σῇ
1291 3155 1434 3224 ψυχῇ
1489 3154 1760 3215 ἀπωλείας

1877 603 2132 658 tionibus.
2169 603 2271 658 Sed
2307 621 2334 658 a
2367 607 2608 661 cruciatu
2642 608 2889 663 relaxata:
2916 609 2996 663 vis
3037 608 3216 671 ﬁebat.
3241 619 3297 664 ut
3328 609 3435 664 diis

1876 695 2225 751 sacriﬁcaret.

1946 873 2034 927 IV.
2060 874 2195 928 Cum
2225 885 2405 930 autem
2449 885 2502 931 et
2533 879 2695 934 corde
2722 890 2777 934 et
2806 881 2971 935 labris
3007 883 3058 934 in
3096 881 3435 936 confessione

1874 972 2019 1017 esset
2061 963 2436 1031 immutabilis,
2484 966 2671 1034 judex,
2702 970 2790 1037 qui
2840 985 2991 1037 aeque
3036 981 3194 1039 alque
3224 972 3336 1040 ipsa
3380 971 3435 1024 in

1877 1055 2157 1109 tormentis
2199 1068 2477 1119 constans,
2513 1060 2577 1112 ad
2614 1061 2813 1113 malum
2848 1071 2965 1116 erat
2995 1062 3314 1126 obstinatus,
3345 1065 3434 1132 ju—

1876 1144 1967 1198 bet
2008 1145 2239 1213 lapidem
2274 1147 2412 1200 collo
2451 1149 2566 1216 ejus
2603 1150 2805 1219 alligari
2840 1161 2889 1204 et
2925 1152 3002 1206 sic
3029 1168 3145 1206 eam
3181 1152 3340 1222 dejici
3381 1155 3433 1207 in

1874 1233 2199 1302 profundum
2232 1237 2398 1290 maris
2431 1239 2562 1307 (12).
2601 1240 2752 1304 Quod
2802 1242 3022 1310 quidem
3069 1257 3190 1296 cum
3234 1244 3434 1298 factum

1874 1334 2038 1384 esset.
2071 1330 2181 1396 Ago
2225 1327 2320 1381 tibi
2369 1331 2590 1398 gratias,
2623 1333 2864 1397 Domine,
2900 1334 3167 1388 clamabat
3211 1347 3432 1407 martyr,

1874 1416 2018 1485 quod
2064 1427 2122 1470 ut
2173 1434 2267 1486 per
2300 1435 2494 1489 aquam
2549 1423 2809 1477 marinam
2864 1427 3169 1488 transirem.
3216 1438 3436 1498 prepter

1872 1519 2118 1562 sanctum
2159 1520 2307 1564 tuum
2340 1528 2558 1575 nomen,
2599 1515 2694 1568 tibi
2729 1514 2901 1567 visum
2928 1516 3017 1580 sit,
3050 1531 3157 1585 quo
3190 1518 3435 1572 inveniar

1873 1600 2072 1652 munda
2109 1600 2160 1652 in
2209 1601 2297 1655 die
2338 1604 2787 1668 re3ttrrectionis;
2830 1607 2920 1658 sed
2969 1617 3056 1660 tua
3103 1610 3348 1675 ostende,
3377 1619 3436 1664 ut

1873 1705 2106 1759 semper,
2141 1708 2284 1746 nunc
2331 1710 2545 1762 quoque
2605 1697 2658 1748 in
2713 1711 2799 1750 me
2852 1696 3130 1761 miracula,
3185 1715 3280 1768 per
3313 1716 3433 1768 quae

1873 1798 2127 1853 magnum
2159 1796 2308 1839 tuum
2351 1802 2549 1842 nomen
2583 1788 2752 1857 magis
2792 1788 3123 1857 gloriﬁcetur
3153 1791 3204 1844 in
3238 1792 3431 1847 saacula

1874 1874 2217 1928 szeculorum.
2246 1877 2437 1929 Amen.
2473 1875 2594 1929 Haec
2628 1876 2714 1928 illa
2753 1876 2827 1930 sic
2861 1881 3052 1938 oravit,
3083 1888 3136 1932 et
3176 1881 3435 1936 dissoluta

1872 1975 1996 2018 sunt
2023 1967 2253 2029 vincula,
2288 1976 2339 2020 et
2375 1967 2524 2020 solus
2555 1968 2688 2035 lapis
2712 1968 2813 2021 fuit
2840 1970 2892 2021 in
2928 1968 3194 2036 profundo
3220 1971 3434 2025 denter-

1869 2075 1984 2114 sus.
2036 2057 2124 2112 Illa
2170 2068 2350 2113 autem
2398 2060 2467 2128 (ο
2512 2061 2906 2130 miraculum!)
2946 2061 3100 2114 firmo
3148 2078 3209 2116 ac
3257 2062 3433 2117 stabili

1869 2150 2004 2220 pede
2041 2149 2218 2202 stabat
2265 2164 2428 2217 super
2476 2149 2698 2204 dorsum
2751 2150 2938 2210 maris,
2999 2158 3052 2203 et
3098 2165 3194 2219 per
3244 2166 3431 2220 aquas,

1871 2251 2123 2311 tanquam
2161 2258 2257 2310 per
2285 2249 2485 2295 terram
2519 2243 2746 2296 solidam
2772 2242 3101 2311 ingrediens,
3129 2243 3435 2310 proﬁcisce-

1868 2336 2028 2390 batur
2062 2336 2127 2390 ad
2159 2336 2311 2390 littus
2341 2335 2477 2402 (l3).
2513 2335 2734 2389 Interim
2769 2350 2894 2389 vero
2923 2349 3046 2389 cum
3081 2335 3433 2388 vidissetma-

1869 2440 2089 2482 nentem
2135 2427 2475 2482 consularem
2517 2439 2570 2481 et
2597 2436 3025 2496 exspectantem,
3061 2427 3307 2495 quisnam
3351 2427 3436 2480 fu-

1870 2529 2026 2574 turus
2054 2527 2200 2572 esset
2233 2518 2306 2571 rei
2338 2518 2535 2577 exitus.
2577 2518 2708 2572 dicit
2741 2537 2753 2570 :
2792 2519 2972 2581 Salve,
3006 2518 3331 2571 consularis.
3358 2516 3436 2572 Ne

1868 2626 2018 2666 nunc
2059 2610 2274 2678 quidem
2321 2608 2630 2663 intellexisti
2686 2609 2938 2662 virtutem
2988 2607 3211 2672 Christi,
3252 2608 3341 2676 qui
3381 2610 3435 2662 in

1869 2720 1954 2756 me
1983 2700 2276 2771 operatur?
2309 2704 2386 2754 An
2421 2702 2597 2756 adhuc
2648 2701 2931 2756 contendis
2973 2701 3224 2755 erecutire
3269 2710 3322 2754 et
3353 2715 3436 2756 re-

1869 2809 2107 2862 pugnare
2133 2792 2390 2846 veritati?
2416 2791 2470 2844 Si
2504 2806 2631 2860 ergo
2667 2792 2866 2844 relictis
2897 2791 3136 2844 tenebris
3160 2789 3223 2843 ad
3248 2804 3430 2842 veram

1869 2884 2042 2937 lucem
2079 2883 2396 2943 accesseris,
2442 2883 2533 2935 tibi
2570 2883 2888 2950 procumbis
2916 2881 3168 2934 salutem.
3201 2879 3355 2946 Quod
3386 2881 3431 2933 si

1869 2975 2160 3045 persistere
2185 2976 2318 3029 velis
2343 2976 2393 3028 in
2419 2976 2714 3042 prioribus,
2742 2975 2873 3027 tnihi
2900 2975 3115 3042 quidem
3143 2975 3249 3026 eris
3270 2989 3429 3027 causa

1869 3068 2157 3120 multorum
2217 3068 2504 3125 bonorum,
2536 3076 2638 3118 tua:
2689 3074 2867 3118 autem
2913 3065 3108 3118 anima:
3152 3064 3430 3118 interitum

1867 3160 2202 3214 conciliabis.
2240 3159 2387 3211 lianc
2429 3157 2642 3212 dicendi
2686 3158 2985 3209 libertatem
3026 3171 3146 3208 cum
3181 3171 3286 3207 non
3323 3157 3431 3208 ier-

191 3246 453 3314 πρόξενος
507 3247 627 3318 ἔσῃ.
676 3248 889 3313 Ταύτην
920 3249 946 3297 ὁ
989 3249 1292 3314 κατάρατος
1326 3251 1422 3316 τὴν
1453 3248 1760 3316 παρρησίαν

1867 3261 1946 3306 ret
1979 3253 2060 3306 vir
2100 3251 2488 3312 exsecrattdus,
2522 3265 2588 3305 eo
2633 3259 2836 3307 autem,
2872 3247 3014 3316 quod
3047 3247 3096 3299 in
3130 3262 3247 3300 eam
3284 3247 3431 3300 acci-

188 3340 291 3389 οὐκ
327 3335 582 3402 ἐνεγκὼν,
606 3336 684 3387 ἔτι
713 3337 767 3388 δὲ
803 3342 896 3388 καὶ
925 3336 981 3387 τὸ
1013 3338 1139 3405 περὶ
1174 3338 1340 3406 αὐτὴν
1373 3337 1555 3404 θαῦμα
1586 3353 1759 3389 κατα-

192 3426 419 3493 πλαγεὶς
450 3426 694 3489 ἐξίστατο
734 3443 789 3477 τε
815 3424 1032 3487 ἐλυτοῦ,
1055 3426 1148 3477 καὶ
1174 3428 1387 3495 ἀφωνία
1405 3426 1755 3495 κατείληπτο.

206 3519 337 3586 Ὀψὲ
367 3517 423 3569 δὲ
453 3530 579 3570 ποτε
608 3518 703 3570 καὶ
737 3517 889 3586 μόλις
915 3516 1227 3583 ἀνενεγκὼν
1261 3519 1497 3569 συνιέναι
1532 3516 1629 3585 μὲν
1661 3518 1760 3568 οὐκ

192 3610 450 3662 ἐϐούλετο
473 3625 486 3638 ·
520 3611 654 3674 φησὶ
685 3607 739 3658 δὲ
765 3624 778 3637 ·
807 3608 1063 3675 Μεγάλην
1098 3607 1304 3658 οἴεσθαί
1356 3623 1424 3673 με
1467 3605 1558 3657 τοῦ
1596 3607 1755 3656 Γαλι-

192 3701 348 3752 λαίου
403 3701 499 3768 τὴν
550 3699 778 3766 δύναμιν
834 3698 1081 3749 πείθουσι
1114 3697 1180 3748 τὰ
1237 3699 1603 3765 γεγενημένα.
1639 3695 1756 3748 ἀλλ’

191 3794 370 3860 ἔγωγε
401 3790 622 3860 γοητείᾳ
655 3788 850 3860 μᾶλλον
879 3789 1279 3856 ἐξειργασμένα
1309 3789 1548 3853 διαλέξαι
1578 3789 1753 3842 ταῦτα

192 3887 545 3953 πειράσομαι.
587 3883 772 3943 Οὕτως
823 3883 950 3948 ἔφη,
985 3883 1076 3933 καὶ
1123 3883 1235 3942 τοῖς
1280 3883 1624 3948 παρεστῶσιν
1657 3886 1755 3936 αὑ.

189 3978 318 4027 τίκα
347 3978 442 4035 τὰς
471 3973 616 4040 ὄψεις
650 3970 919 4024 ἐπιϐαλὼν
944 3969 1226 4038 γυμνῶσαί
1261 3987 1318 4021 τε
1348 3973 1444 4041 τὴν
1478 3973 1754 4041 μακαρίαν

190 4065 356 4128 εὐθὺς
417 4065 511 4117 καὶ
571 4068 1022 4135 περιαγκωνὶβαι
1077 4060 1402 4131 προστάττει
1459 4065 1636 4133 τροχῴ
1696 4081 1753 4117 τε

262 4271 376 4340 (ll)
413 4269 659 4322 Incensas
698 4267 860 4340 faces.
895 4280 999 4318 non
1029 4273 1234 4340 tantum
1254 4263 1525 4340 lateribus
1553 4276 1754 4338 marty-

189 4337 332 4400 rum,
358 4337 455 4393 ised
482 4349 535 4391 et
565 4338 788 4405 singulis
818 4351 1004 4388 eorum
1039 4338 1294 4387 membris
1324 4337 1566 4389 admotas
1587 4337 1757 4405 quatt-

188 4415 368 4479 doque
398 4411 577 4479 fuisse,
609 4416 836 4458 testatur
866 4407 1173 4479 Lactantius
1207 4406 1459 4460 Deillorl.
1494 4420 1752 4476 persecat.

189 4474 310 4549 cap.
352 4495 458 4530 λιιι.
507 4474 805 4549 Lamp-ades
848 4487 1023 4549 autem
1062 4477 1188 4549 iuet.
1243 4489 1394 4549 ιιι-εις
1441 4474 1666 4531 Gaionto
1699 4482 1755 4533 ct

1864 3345 2034 3403 derat,
2066 3343 2321 3396 miraculo
2352 3349 2495 3396 esset
2531 3338 2962 3407 obstupefactus,
2994 3353 3023 3390 a
3056 3353 3113 3391 se
3157 3337 3429 3401 discessit,

1863 3448 2094 3502 eumque
2127 3447 2229 3484 vox
2261 3443 2313 3484 et
2345 3447 2522 3484 sermo
2551 3430 2770 3484 defecit.
2802 3431 2936 3483 Cum
2973 3438 3153 3483 autem
3198 3429 3281 3482 vix
3307 3439 3429 3483 tan-

1863 3528 1984 3580 dem
2035 3526 2100 3579 ad
2160 3539 2219 3578 se
2254 3523 2520 3584 rediisset,
2562 3522 2779 3575 nolebat
2834 3521 3049 3590 quidem
3105 3521 3427 3592 intelligere.

1863 3615 2007 3669 Dixit
2052 3625 2231 3668 autem
2266 3632 2278 3667 :
2314 3615 2381 3668 Ut
2422 3630 2665 3684 magnam
2709 3613 2911 3669 Galilazi
2945 3612 3052 3682 (14)
3090 3623 3274 3682 putem
3308 3629 3429 3668 esse

1862 3705 2176 3772 potentiam,
2219 3706 2545 3773 persuadent
2573 3721 2658 3768 ea,
2682 3722 2799 3773 quae
2832 3707 2969 3760 facta
3007 3715 3165 3771 sunt;
3203 3709 3295 3760 sed
3328 3722 3427 3778 ego

1860 3799 2096 3852 conabor
2149 3801 2455 3862 ostendere,
2517 3813 2578 3850 ea
2635 3797 2815 3867 potius
2864 3796 3000 3851 facta
3051 3812 3168 3852 esse
3214 3800 3425 3867 praasti-

1860 3887 1959 3956 giis
1994 3886 2126 3954 (15).
2163 3885 2249 3938 Sic
2280 3886 2434 3947 dixit,
2467 3895 2521 3938 et
2566 3887 2620 3939 in
2659 3903 2771 3952 eos,
2810 3889 2898 3956 qtti
2934 3888 3200 3951 astabant,
3239 3892 3421 3944 statim

1859 3977 2042 4032 oculos
2065 3978 2381 4044 conjiciens,
2407 3977 2561 4045 jubet
2601 3993 2694 4032 eos
2728 3981 2906 4032 statim
2946 3983 3151 4035 nudare
3180 3992 3421 4036 sanctam

1859 4078 1912 4124 et
1935 4071 2184 4125 manibus
2218 4080 2339 4140 post
2385 4080 2587 4143 tergum
2621 4073 2813 4127 vinctis
2835 4087 2952 4126 eam
2996 4081 3124 4127 rotae
3166 4073 3274 4142 (lb‘l
3303 4074 3422 4127 allio

1856 4288 1976 4342 cap.
2006 4272 2516 4344 “21.nonnunquam
2542 4281 2771 4326 tortores
2801 4273 3071 4343 lampades
3108 4274 3224 4327 illas
3245 4291 3419 4344 quan-

1859 4341 1971 4398 tum
2005 4346 2070 4396 ad
2101 4341 2426 4396 flammantia
2462 4345 2682 4400 lumina.
2715 4347 2852 4398 haud
2884 4341 3009 4398 vero
3046 4341 3306 4414 quantum
3349 4349 3417 4399 ad

1855 4417 2108 4476 Calorem,
2132 4415 2285 4480 paulo
2318 4425 2440 4484 ante
2469 4415 2904 4481 exstinguebant,
2925 4432 3083 4484 quam
3125 4426 3417 4484 martyrum

1859 4485 2177 4552 eorpm-ibus
2200 4498 2292 4534 eas
2322 4483 2692 4556 admoverent,
2723 4496 2778 4537 ut
2808 4487 2885 4538 sic
2917 4483 3126 4538 letttiori
3161 4483 3280 4556 igne
3303 4502 3420 4539 cre—

188 4544 482 4603 La'ureutto
516 4552 580 4620 de
627 4546 808 4620 Rebus
852 4547 1077 4620 publicis
1107 4548 1263 4620 docet
1295 4544 1526 4620 Pttiscus
1570 4554 1622 4620 in
1650 4566 1747 4602 suo
1778 4558 1827 4617 υ
1860 4544 2069 4607 mandis
2096 4563 2388 4618 martyrum
2420 4552 2679 4606 membris
2709 4558 2950 4620 aptiores
2977 4565 3180 4608 essent.

189 4622 383 4674 Lexico
431 4619 835 4685 Antiquitatum,
889 4617 1086 4667 liebant
1145 4619 1244 4666 hoc
1281 4619 1481 4668 modo:
1527 4635 1543 4667 ι
1577 4617 1748 4672 Desu-

189 4694 493 4751 mcbantur,
543 4689 717 4754 inquit
766 4685 1009 4738 laudatus
1054 4685 1303 4745 Ptttscus,
1347 4701 1469 4738 vasa
1504 4689 1745 4754 quwdatu

187 4763 294 4812 lata
349 4762 507 4810 unius
558 4758 715 4829 palmi
750 4755 1144 4829 longitudinis,
1172 4825 1179 4829 _
1209 4754 1291 4806 vel
1322 4756 1746 4829 .aliquatttulutn

185 4830 429 4896 majoris,
450 4841 568 4893 qua:
600 4827 793 4878 deinde
822 4839 850 4876 a
882 4839 1092 4877 summo
1118 4825 1180 4876 ad
1204 4825 1488 4878 arctiorem
1519 4828 1746 4883 fortnam

183 4894 459 4967 paululum
485 4906 825 4966 praepostera:
862 4909 1232 4967 perversaeque
1261 4897 1552 4967 pyramidis
1579 4899 1748 4952 instar

188 4965 649 5023 contrahebautur
673 4976 833 5032 atque
857 4965 1351 5033 adstringebantttr.
1374 4965 1538 5018 Erant
1568 4982 1744 5023 autent

186 5056 336 5099 vasa,
376 5039 455 5091 vel
487 5049 683 5098 terrea,
724 5040 883 5088 sicuti
919 5035 1162 5087 indicant
1195 5035 1306 5098 illa,
1331 5050 1449 5103 quae
1477 5050 1539 5088 ex
1575 5041 1746 5093 ruinis

187 5111 417 5176 hujusce
449 5107 606 5160 Urbis
655 5105 880 5174 (Romae)
907 5119 1294 5176 nonnunquam
1329 5115 1625 5176 eruuntur;
1666 5110 1744 5162 vel

188 5173 385 5238 terrea,
419 5189 476 5229 ut
530 5173 710 5230 innuit
749 5179 961 5227 Colunt.
1011 5190 1105 5233 xit,
1142 5174 1227 5234 18.
1386 5173 1576 5228 Postea
1620 5193 1745 5231 vero

184 5264 313 5300 vasa
366 5250 477 5301 haec
534 5248 758 5300 hastulis
791 5245 1112 5310 quibusdam
1165 5245 1441 5312 quadratis
1486 5255 1539 5298 et
1584 5249 1744 5301 simul

182 5319 443 5388 colligatis
477 5326 647 5386 septa,
689 5334 804 5385 qua:
847 5315 912 5388 ad
946 5330 1215 5388 vasorum
1243 5315 1651 5388 similitudinem
1692 5330 1744 5373 et

184 5385 334 5456 ipsa!
385 5404 416 5441 ει
469 5385 682 5440 summo
761 5385 1017 5455 paulatim
1087 5385 1565 5456 astriugebantur,
1625 5391 1744 5456 igne

182 5452 453 5512 tlamtnam
483 5452 775 5512 emittente
795 5456 985 5524 repleri
1023 5452 1286 5507 solebant.
1316 5454 1483 5507 Porro
1523 5458 1620 5511 has
1646 5452 1745 5511 ita-

183 5531 379 5589 stulas,
408 5545 450 5583 ει
485 5528 549 5580 ad
580 5545 662 5588 ea,
698 5527 762 5578 ad
798 5539 916 5592 quae
957 5526 1228 5590 lampades
1259 5527 1378 5576 usui
1421 5536 1596 5590 erant,
1627 5531 1743 5582 aui-

183 5615 330 5653 tnutu
367 5603 680 5660 referamus,
715 5595 1364 5666 intelligemus,quinque
1388 5606 1479 5666 aut
1510 5612 1597 5650 sex
1631 5600 1744 5666 pal-

184 5672 285 5722 mis
312 5671 430 5739 plus
461 5669 705 5739 minusve
728 5669 996 5720 exstitisse
1029 5665 1305 5739 oblongas.
1339 5683 1356 5713 ι
1406 5665 1602 5720 Harum
1632 5665 1743 5721 om-

182 5735 329 5809 gieui
379 5738 598 5792 exhibet
650 5739 929 5791 Galouius‘
959 5739 1123 5789 citato
1169 5735 1425 5809 Tractatu
1475 5753 1592 5805 pag.
1653 5739 1738 5793 75.

181 5806 470 5874 Craterum,
526 5821 581 5861 ιιι
639 5809 968 5871 Lactantius,
1030 5821 1195 5875 supra
1247 5806 1515 5892 laudatus,
1561 5810 1742 5866 innuit

514 5903 780 5962 ΡΑτιιοι.
835 5905 949 5959 Gn.
989 5901 1161 5959 (ΧΥ.

1922 4623 2032 4692 (12)
2069 4621 2211 4674 Mare
2239 4623 2380 4674 istud
2421 4621 2586 4675 fuisse
2625 4622 2851 4677 Pontum
2911 4623 3202 4689 Euxinum,
3235 4625 3418 4680 Διιιίςο

1852 4695 1968 4747 urbi
2005 4691 2331 4760 proximum,
2367 4708 2428 4744 ex
2460 4693 2771 4756 conjectura
2804 4696 2961 4748 docui
2995 4710 3145 4748 num.
3183 4696 3266 4750 15.

1924 4764 2033 4832 (15)
2062 4762 2134 4815 Ita
2174 4760 2228 4814 S.
2267 4761 2478 4834 Petrus,
2513 4776 2570 4834 ut
2623 4771 2896 4817 testantur
2929 4768 3295 4834 evangelista.
3334 4766 3418 4820 di-

1851 4827 1973 4888 vina
2006 4827 2234 4904 vit-tute‘
2261 4827 2555 4884 ambulavit
2585 4846 2748 4901 super
2782 4850 2995 4904 aquam.
3033 4827 3177 4903 quod
3216 4847 3268 4890 et
3296 4838 3416 4891 aliis

1848 4904 2051 4958 sanctis
2095 4900 2406 4971 contigisse,
2455 4900 2742 4970 perhibent
2797 4900 3191 4960 E'cclesias'ttca:
3231 4908 3412 4962 Histo-

1850 4989 1962 5028 ΙΊὶΒ.

1920 5043 2029 5116 (id)
2060 5042 2185 5116 Hoc_
2209 5043 2426 5116 nomine
2471 5044 2666 5116 impius
2697 5045 2989 5116 judexiper
3017 5045 3406 5116 blasphemiam

1846 5111 2120 5168 Christum
2165 5114 2445 5168 Dominum
2482 5111 2654 5178 vocat,
2696 5111 2914 5170 sceleris
2953 5116 3035 5169 eui
3086 5111 3405 5171 imitatorem

1848 5186 2136 5254 pessimum
2169 5195 2351 5251 postea
2374 5195 2564 5242 nactus
2588 5187 2857 5244 lulianum
2885 5189 3214 5254 Apostatam,
3239 5189 3327 5254 qui
3351 5200 3408 5240 et

1848 5253 2122 5374 zictricem
2178 5255 2269 5307 Dei
2321 5254 2508 5310 ultoris
2567 5271 2783 5310 manum
2834 5253 3126 5326 agnoscere
3184 5253 3405 5310 coactus

1872 5333 1966 5374 utt.

1872 5333 1966 5377 ιιιι.

1883 5394 2028 5472 ’(15)
2049 5395 2258 5472 Βεηιρε
2285 5410 2404 5450 cum
2436 5396 2676 5468 prodigia
2701 5396 2810 5458 illa,
2845 5404 2950 5450 tota
2985 5395 3414 5472 quandoquoci-

1845 5466 2011 5536 vitate
2048 5466 2387 5536 inspectante
2417 5466 2646 5536 patrata,
2685 5481 2882 5534 negare
2913 5480 3020 5517 non
3061 5478 3279 5532 possent
3311 5469 3416 5522 ini-

1845 5535 2090 5600 quissimi
2118 5535 2354 5602 judices,
2394 5535 2461 5590 ne
2509 5537 2844 5589 Christianos
2889 5537 2999 5588 veri
3052 5536 3142 5590 Dei
3180 5542 3414 5590 cultores

1846 5618 1988 5667 esse,
2013 5607 2164 5657 fateri
2201 5612 2544 5672 cogerentur,
2582 5619 2675 5672 per
2719 5621 2982 5659 summam
3014 5609 3277 5660 insaniam
3309 5609 3414 5659 nti-

1847 5684 2027 5727 racula
2058 5676 2142 5727 illa
2180 5677 2484 5730 daemonum
2523 5674 2810 5744 prmstigiis
2838 5678 3202 5730 ascribebant.

1916 5744 2024 5810 (t6)
2080 5744 2395 5810 Hujusmodi
2466 5746 2576 5798 fere
2633 5757 2798 5798 rotam
2863 5748 3079 5801 exhibet
3135 5745 3415 5800 Gallonius

1846 5827 1964 5883 pag.
1996 5814 2064 5867 27
2110 5818 2285 5868 littera
2337 5817 2394 5881 Β,
2432 5816 2537 5869 utsi
2570 5818 2708 5884 quod
2754 5816 3056 5870 ardentium
3111 5819 3412 5872 carbonum

3018 5907 3092 5966 32
