4188 6432
788 399 920 461 10(ὶῖ
2064 396 2346 459 MENSIS
2380 394 2742 458 OCTOBER.
3917 397 4057 463 1003

781 510 923 579 apud
959 508 1154 580 Regem
1184 519 1237 563 et
1267 508 1433 563 Deum
1465 507 1847 575 immortalem,
1881 521 1938 564 ut
1969 511 2057 581 qui
2096 512 2348 565 taberna-
2380 518 2397 571 Α

2452 510 2700 580 ἀθανάτῳ
2748 510 2955 579 βασιλεῖ
2988 512 3080 563 καὶ
3116 510 3231 581 Θεῷ
3290 514 3600 584 παρρησίαν
3665 516 4060 585 κτησάμενοι.

781 601 958 653 culum
990 602 1207 669 quidem
1246 612 1297 655 et
1324 603 1643 667 incolatum,
1675 614 1727 657 et
1755 605 2024 665 exsilium,
2053 614 2111 656 et
2138 606 2178 656 si
2213 604 2342 671 quid

2452 601 2543 653 ἅτε
2580 600 2780 667 σκηνὴν
2809 601 2902 667 μὲν
2935 602 3024 650 τὶν
3054 602 3177 669 τῇδε
3224 601 3337 670 βίον
3395 604 3488 654 καὶ
3525 606 3836 671 παροικὲαν
3864 605 3981 654 καὶ
4019 604 4062 653 εί

779 693 922 745 aliud
955 703 1035 745 est
1068 694 1152 746 his
1179 694 1361 756 vilius,
1397 695 1536 747 hanc
1586 696 1746 746 vitam
1789 696 2175 748 existimarent.
2209 697 2341 749 Cum

779 795 963 839 essent
995 796 1172 837 autem
1208 786 1330 838 boni
1383 794 1716 839 mercatores
1745 802 1851 839 sure
1880 788 2083 844 salutis.
2122 799 2195 851 et,
2224 806 2344 856 quae

782 877 937 929 estin
966 877 1167 938 futuro,
1204 879 1364 930 vitam
1396 888 1769 943 compararent
1802 895 1892 944 per
1920 881 2227 947 praesentia,
2254 897 2345 933 ve-

781 966 875 1017 luti
917 967 1202 1031 quamdam
1236 978 1405 1019 artem
1430 968 1495 1019 ad
1534 967 1677 1019 illam
1702 970 2106 1037 acquirendam,
2134 972 2344 1024 divinas

776 1058 1099 1112 exercebant
1137 1058 1464 1124 Scripturas,
1494 1069 1545 1111 et
1575 1075 1665 1111 eas
1696 1073 1912 1126 semper
1940 1060 2207 1111 habebant
2234 1075 2343 1125 prae

778 1149 1049 1201 manibus.
1100 1148 1368 1212 Quocirca
1423 1150 1533 1201 haec
1569 1165 1673 1202 non
1727 1149 1899 1216 potuit
1945 1150 2173 1201 tolerare
2206 1149 2342 1199 invi-

771 1238 892 1294 dia:
925 1249 978 1292 et
1009 1256 1127 1292 cum
1161 1242 1379 1308 quidam
1413 1241 1521 1302 alii,
1546 1250 1656 1293 tum
1687 1240 1819 1295 alias
1850 1255 2059 1309 quoque
2088 1240 2337 1305 virtutes,

774 1342 883 1382 tum
927 1332 1067 1399 apud
1108 1331 1280 1399 ipsum
1314 1332 1695 1399 imperatorem
1728 1331 1997 1394 ﬁduciam,
2032 1332 2164 1385 viris
2200 1348 2336 1401 pra:-

773 1423 929 1475 claris
961 1424 1287 1482 inviderent.
1320 1424 1457 1490 apud
1495 1422 1641 1476 illum
1690 1424 1864 1491 ipsum
1902 1439 2090 1477 eorum
2125 1424 2337 1477 ﬁduciae

773 1528 1066 1576 anetorem,
1137 1530 1334 1582 nempe
1396 1517 1804 1584 imperatorem,
1869 1532 1963 1569 COS
2028 1527 2331 1570 accusant:

767 1608 913 1671 quod
950 1606 1092 1658 illius
1125 1606 1339 1674 quidem
1372 1615 1818 1672 contempserunt
1853 1608 2165 1672 amicitiam,
2206 1608 2335 1662 deo-

774 1715 999 1766 rumque
1044 1700 1248 1753 cultum
1293 1713 1508 1767 quoque
1559 1699 1948 1767 neglexerunt:
1995 1701 2104 1769 jam
2152 1710 2331 1754 autem

774 1789 838 1840 ad
876 1790 1035 1841 aliam
1069 1789 1414 1841 declinarunt
1454 1787 1790 1857 religionem.
1828 1804 1883 1842 se
1917 1789 2254 1843 Christianos
2280 1800 2331 1843 et

773 1878 867 1933 Dei
902 1894 1087 1933 servos
1122 1887 1397 1932 vocantes.

841 1970 903 2021 ll.
948 1969 1301 2023 Maximianus
1324 1979 1526 2031 autem,
1560 1970 1769 2024 etiamsi
1801 1971 1984 2034 sciret,
2017 1973 2159 2039 quod
2193 1989 2336 2040 saepe

777 2063 927 2115 multi
958 2063 1241 2115 calumniae
1277 2062 1528 2115 invidiam
1562 2080 1774 2117 causam
1804 2064 2024 2126 habent,
2062 2081 2167 2117 non
2200 2066 2338 2118 veri-

772 2165 954 2216 tatem,
1006 2156 1238 2208 maxime
1269 2164 1449 2209 autem
1509 2172 1628 2210 cum
1664 2172 1771 2208 non
1809 2158 2100 2225 ignoraret,
2136 2166 2336 2225 quanta

769 2260 916 2302 esset
975 2262 1161 2300 corum
1218 2246 1269 2299 in
1322 2248 1497 2316 ipsum
1554 2248 1933 2302 benevolentia
1978 2267 1990 2301 :
2036 2252 2334 2318 quinetiam

768 2336 949 2390 animo
978 2345 1215 2390 versaret
1261 2351 1413 2389 suam
1462 2337 1723 2389 saevitiam
1770 2348 1824 2390 et
1870 2340 2214 2392 acerbitatem
2252 2342 2335 2409 (ea

2447 708 2499 741 τι
2527 692 2657 742 ἄλλο
2688 692 2793 741 τῶν
2848 692 3079 743 εὐτελῶν
3117 692 3430 761 ἡγούμενοι,
3487 696 3718 763 ἔμποροι
3755 696 3814 746 δὲ
3851 695 4059 761 ἀγαθοὶ

2447 781 2543 846 τῆς
2581 781 2787 831 ἑαυτῶν
2822 782 3091 847 γινόμενοι
3126 782 3419 850 σωτηρίας,
3452 785 3544 834 καί
3574 784 3673 850 τὴν
3708 787 3771 833 ἐν
3812 783 3901 849 τῷ
3936 785 4055 848 μέ)-

2445 872 2589 923 λοντι
2622 873 2764 939 ζωὴν
2798 873 2885 923 διὰ
2912 874 3016 922 τών
3042 875 3324 940 παρόντων
3370 875 3934 942 πραγματευόμενος,
3970 880 4053 925 καὶ

2447 961 2634 1031 ὥσπερ
2669 964 2790 1015 τινὰ
2834 966 2967 1033 πρὸς
3012 966 3107 1031 τὴν
3144 966 3354 1032 ἐκείνης
3401 968 3645 1033 κτήσεως
3679 967 3884 1016 διδασκ
3938 968 4051 1016 λίαν

2447 1054 2539 1103 καὶ
2568 1055 2759 1119 τέχνην
2784 1055 2877 1113 τὰς
2925 1053 3071 1112 Θείας
3116 1056 3381 1121 μετιόντες
3441 1055 3658 1121 Γραφὰς
3694 1056 3799 1104 καὶ
3842 1057 4051 1113 tati-.2;

2443 1142 2529 1194 διὰ
2587 1144 2768 1210 χειρὸς
2804 1143 3057 1211 Ἔχοντες.
3107 1143 3269 1193 Ὅθεν
3320 1144 3439 1192 οὐδὲ
3494 1145 3705 1194 ἀνεκτὰ
3765 1144 3953 1192 ταῦτα
3980 1147 4047 1211 τις,

2444 1233 2623 1301 φθόνῳ
2656 1236 2911 1302 κατέστη,
2948 1234 3082 1286 ἀλλά
3141 1251 3283 1295 τινες
3340 1236 3447 1295 τοῖς
3503 1240 3787 1297 γενναίοις
3843 1238 3947 1303 τῆς
3997 1254 4044 1286 τε

2442 1324 2605 1391 ἄλλης
2654 1324 2853 1391 ἀρετῆς
2914 1326 3006 1375 καὶ
3054 1324 3117 1393 δὴ
3164 1328 3255 1376 καὶ
3312 1325 3408 1390 τῆς
3458 1326 3537 1385 εἰς
3584 1329 3762 1376 αὑτὸν
3822 1329 4045 1393 βασιλέα

2443 1419 2753 1486 παρῤησιας
2783 1419 3038 1485 χήναντες
3066 1419 3197 1486 πρὸς
3237 1422 3439 1467 ἐκεῖνον
3466 1419 3558 1467 τὸν
3591 1419 3693 1485 τῆς
3722 1422 4043 1487 παρρησίας

2442 1507 2613 1558 αῖτιον
2678 1506 2921 1575 βασιλέα,
2974 1509 3097 1568 τοὺς
3164 1509 3361 1575 ἄνδρας
3424 1510 3927 1562 ἐνδιαϐαλλουσιν·
3971 1513 4036 1573 rb,-

2439 1598 2825 1667 ώλιγωρήκασι
2884 1599 2981 1667 μὲν
3017 1600 3224 1651 ἐκείνου
3279 1603 3483 1667 φιλίας,
3513 1603 3810 1673 ἠλογησαν
3865 1604 3921 1655 δὲ
3955 1610 4038 1654 καὶ

2436 1692 2531 1757 τῆς
2561 1693 2695 1759 πρὸς
2720 1692 2870 1760 θεοὺς
2903 1692 3219 1758 θεραπείας,
3250 1695 3342 1744 καὶ
3368 1695 3495 1761 πρὸς
3538 1696 3739 1763 ἐτεραν
3771 1696 3879 1763 ἤδη
3914 1698 4039 1763 ὃρῃο

2440 1783 2628 1833 σκείαν
2660 1782 2974 1840 ἀπέκλιναν,
3001 1781 3360 1852 Χριστιανοὺς
3393 1786 3618 1846 ἑαυτοὺς
3657 1790 3760 1836 καὶ
3791 1788 4031 1855 Χριστοῦ

2371 1868 2411 1923 Β
2440 1874 2656 1934 δούλους
2688 1874 3134 1943 ἐπιφημίζοντες.

2511 1965 2584 2016 Β’.
2607 1965 2951 2033 Μαξιμιανος
2995 1970 3175 2033 μέντοι
3205 1968 3295 2017 καὶ
3330 1968 3488 2027 αὐτὸς
3518 1969 3677 2030 εἰδὼς
3703 1971 3789 2021 ὅτι
3823 1969 4034 2027 πολλοῖς

2440 2054 2695 2116 πολλάκις
2751 2058 2806 2107 αι
2845 2056 3089 2109 διαϐολαὶ
3145 2058 3338 2124 φθόνου
3387 2060 3565 2109 αἰτίαν
3631 2064 3885 2127 ἔχουσιν,
3942 2063 4035 2112 οὐκ

2437 2148 2913 2215 ἁλήθειαν.ἆλλως
2953 2166 3008 2199 τε
3050 2150 3105 2200 δὲ
3149 2155 3237 2201 καὶ
3277 2152 3375 2219 τὴν
3421 2151 3526 2203 τών
3567 2152 3786 2219 ἀνδρων
3818 2156 4033 2203 εὔνοιαν

2439 2241 2609 2307 ὁπόση
2647 2242 2718 2309 μὴ
2753 2240 2985 2306 ἀγνοῶν,
3012 2241 3144 2293 ἀλλὰ
3182 2245 3275 2292 καὶ
3315 2242 3411 2310 τὴν
3442 2244 3651 2294 οἰκείαν
3672 2245 3954 2309 ἀπήνειαν
3979 2262 4031 2295 τι

2438 2332 2532 2381 καὶ
2584 2320 2884 2398 αὐστηρίαν
2930 2330 3022 2381 ἐπὶ
3080 2332 3203 2381 νοῦν
3249 2332 3421 2398 ἔχιυν⁰
3454 2336 3627 2403 ταύτῃ
3664 2352 3748 2386 τοι
3789 2338 3902 2402 γὰρ
3940 2340 4031 2386 καὶ

768 2429 909 2480 enim
945 2428 1026 2481 vel
1059 2428 1291 2480 maxime
1339 2428 1456 2481 aliis
1503 2428 1870 2482 contendebat
1914 2432 2254 2498 antecellere)
2284 2442 2336 2486 et

768 2520 909 2585 quod
950 2520 992 2573 si
1024 2518 1161 2573 forte
1194 2520 1417 2577 deorum
1451 2518 1911 2589 benevolentiam,
1940 2532 1993 2575 et
2028 2523 2169 2575 illius
2198 2525 2333 2576 ami-

767 2610 946 2663 citiam
1000 2612 1314 2665 statuissent
1380 2612 1685 2679 despicere,
1756 2614 2055 2680 periculum
2115 2617 2330 2683 quidem

766 2709 911 2754 certe
949 2702 1292 2756 timuissent:
1332 2703 1781 2773 existimaretque
1814 2720 1935 2759 esse
1977 2722 2086 2759 non
2141 2709 2333 2774 proba-

766 2792 916 2854 bilia,
969 2794 1062 2845 sed
1088 2793 1240 2856 falsa,
1286 2809 1404 2862 qua:
1431 2794 1795 2848 dicebantur:
1831 2811 1890 2849 ea
1920 2808 2100 2849 tamen
2136 2798 2329 2851 admit-

765 2884 926 2937 tenda
956 2900 1063 2935 non
1104 2899 1225 2938 esse
1269 2885 1402 2938 citra
1436 2886 1911 2949 examinationem,
1948 2896 2004 2939 ut
2041 2901 2331 2942 consenta-

766 2991 925 3027 neum
980 2984 1118 3038 erat,
1163 2975 1564 3028 considerabat.
1620 2973 1760 3038 Quid
1808 2990 1935 3043 ergo
1992 2976 2153 3028 facit?
2198 2980 2330 3030 Cum

763 3067 1107 3132 splendidum
1152 3076 1206 3120 et
1228 3066 1569 3135 magniﬁCum
1608 3077 1851 3133 parasset
1884 3068 2230 3133 sacriﬁcium,
2278 3079 2331 3123 ct

762 3158 1072 3226 quicunque
1104 3167 1257 3210 erant
1293 3157 1420 3211 clari
1448 3166 1502 3211 et
1535 3157 1787 3219 illustres,
1818 3158 1870 3211 in
1907 3161 2160 3228 templum
2201 3176 2329 3214 con-
2354 3196 2397 3257 Ο

762 3250 967 3310 venire,
1015 3256 1068 3303 et
1109 3249 1356 3305 sacriﬁcii
1403 3264 1526 3302 cum
1565 3264 1631 3302 eo
1677 3264 1797 3303 esse
1840 3252 2131 3319 participes
2178 3255 2328 3319 prius

763 3341 1027 3406 iussisset,
1064 3356 1174 3393 rem
1201 3340 1458 3408 deinceps
1485 3340 1794 3394 examinare
1822 3343 2123 3395 constituit.
2152 3343 2328 3411 Atque

762 3435 875 3501 ipse
906 3434 1123 3502 quidem
1170 3434 1378 3501 primus
1410 3433 1746 3502 ingreditur:
1780 3436 1937 3487 simul
1981 3446 2157 3489 autem
2203 3452 2325 3489 cum

761 3542 826 3580 eo
858 3527 1153 3596 ingreditur
1184 3527 1343 3580 etiam
1378 3542 1569 3595 magna
1609 3527 1917 3587 multitudo,
1970 3538 2023 3580 et
2064 3538 2178 3580 erat
2208 3533 2328 3580 uni.

760 3632 914 3670 versa
936 3618 986 3670 in
1016 3617 1213 3686 templo
1237 3627 1577 3685 congregata.
1607 3615 1774 3669 Etalii
1799 3618 2015 3685 quidem
2040 3618 2328 3686 diligenter

763 3707 1090 3776 peragebant
1129 3706 1478 3768 sacriﬁcium,
1522 3716 1576 3759 et
1611 3718 1930 3774 prmsentcm
1965 3708 2326 3761 observabant

768 3797 1171 3849 Maximianum.
1213 3793 1432 3861 Sergius
1464 3808 1591 3846 vero
1627 3803 1681 3845 et
1702 3794 1945 3846 Bacchus
1973 3795 2068 3847 viri
2096 3811 2323 3863 genero-

763 3886 986 3948 sissimi,
1036 3900 1103 3937 ne
1152 3883 1332 3948 templi
1382 3883 1597 3951 quidem
1646 3892 1852 3950 portam
1900 3882 2147 3953 ingressi,
2196 3884 2327 3938 foris

766 3977 982 4029 stabant
1035 3975 1253 4037 alicubi,
1300 3975 1400 4042 ipsi
1450 3974 1558 4026 Deo
1586 3973 1766 4041 potius
1815 3989 2007 4040 purum
2049 3983 2103 4027 et
2139 3989 2322 4028 verum

765 4080 1083 4136 peragentes
1127 4064 1473 4127 sacriﬁcium,
1515 4072 1569 4117 et
1615 4078 1708 4130 pro
1736 4063 1854 4115 aliis
1892 4075 2183 4134 rogantes:
2221 4065 2325 4117 Do-

765 4160 933 4221 mine,
988 4158 1235 4221 Domine,
1289 4156 1559 4220 dicebant,
1618 4156 1757 4209 Dcus
1810 4154 1914 4206 Rex
1968 4156 2323 4224 singulorum,

762 4251 954 4305 exaudi
1007 4265 1191 4304 vocem
1234 4258 1430 4302 nostra:
1465 4248 1743 4309 orationis,
1792 4257 1844 4301 et
1899 4249 2161 4315 propitius
2209 4256 2325 4301 esto

766 4341 1071 4395 baereditati
1102 4350 1225 4394 tuae.
1256 4340 1442 4400 Parce.
1463 4339 1710 4401 Domine,
1736 4349 1789 4392 et
1819 4353 1884 4391 ne
1908 4353 2001 4391 eos
2025 4338 2232 4390 dederis
2259 4339 2324 4391 ad

761 4432 1099 4501 gloriandum
1130 4429 1462 4482 adversario.
1501 4428 1605 4480 Sed
1631 4428 1897 4493 illumina,
1930 4429 2175 4500 Domine,
2209 4429 2326 4480 illu-

2441 2421 2672 2489 μάλιστα
2723 2420 3001 2487 διαφέρειν
3050 2420 3155 2471 τῶν
3202 2420 3375 2472 ἀλὶων
3404 2423 3586 2484 αὐτοῖς
3619 2426 4026 2492 ἐφιλοτιμεῖτο,

2437 2512 2529 2563 καὶ
2561 2511 2633 2572 ob;
2666 2511 2713 2562 εἰ
2751 2512 2887 2580 τάχ).
2925 2510 3019 2562 καὶ
3051 2513 3148 2575 τῆς
3190 2514 3400 2573 εὐνοίας
3453 2516 3652 2566 ἐκεῖνοι
3691 2518 3903 2583 ταύτης
3935 2522 4025 2570 καὶ

2434 2603 2530 2667 τῆς
2557 2602 2736 2668 φιλίας
2769 2603 3040 2669 ὑπεριδεῖν
3066 2603 3305 2671 ἔκριναν,
3351 2602 3485 2655 αλλὰ
3532 2607 3624 2656 τὸν
3669 2608 3924 2658 κίνδυνον
3966 2613 4026 2660 ἂν

2434 2692 2779 2762 ἐφοϐήθησαν
2801 2709 2815 2723 '
2846 2694 3085 2745 ἀπίθανά
3108 2710 3165 2743 τε
3197 2697 3384 2761 ἡγεῖτο
3423 2697 3516 2746 καὶ
3546 2698 3717 2764 ψευδῆ
3759 2701 3833 2751 τὰ
3868 2700 4025 2766 lard-

2438 2801 2571 2852 μενα
2597 2824 2610 2846 ,
2646 2787 2738 2835 καὶ
2785 2785 2865 2835 ὅτι
2908 2788 2981 2853 μὴ
3010 2785 3382 2846 ἀϐασανίστως
3418 2788 3587 2839 ταῦτα
3619 2793 4023 2860 προσδέχεσθαι

2434 2876 2531 2937 δεῖ,
2562 2879 2699 2929 κατὰ
2756 2878 2909 2944 λόγον
2959 2879 3283 2930 ἑσκὸπει.’1“ί
3323 2878 3413 2930 οὖν
3462 2887 3646 2942 ποιεῖς
3684 2884 3901 2934 Θυσίαν
3938 2904 4022 2950 φι-

2433 2968 2645 3037 λότιμον
2682 2971 2773 3022 καὶ
2807 2970 3067 3037 πολυτελῆ
3094 2972 3677 3040 παρασκευασάμενος,
3703 2979 3801 3025 καὶ
3832 2980 4021 3027 συνελ-

2434 3063 2544 3115 θεῖν
2579 3067 2652 3125 εἰς
2684 3064 2743 3115 τὸ
2801 3064 2941 3130 ἱερὸν
2982 3065 3109 3114 ὅσον
3175 3066 3300 3129 περὶ
3376 3068 3536 3115 αὑτὸν
3585 3070 3858 3131 ἐπιφανὲς
3911 3066 4014 3138 ἦν·

2433 3156 2756 3222 κοινωνῆσαί
2790 3171 2845 3204 τε
2882 3153 3028 3219 αὐτῷ
3084 3153 3178 3220 τῆς
3240 3152 3430 3213 θυσίας
3472 3156 3737 3224 πρότερον
3794 3176 4017 3224 παραγ-

2433 3247 2637 3311 γείλας,
2663 3243 2907 3295 ἐντεῦθεν
2939 3244 3231 3310 δοκιμάσαι
3260 3249 3315 3294 τὸ
3342 3248 3577 3312 πρᾶγμα
3626 3256 3717 3299 καὶ
3775 3252 3874 3316 τὴν
3901 3251 4013 3301 δια-

2433 3337 2592 3404 eam
2619 3338 2952 3402 διεσκέψατο.
2982 3333 3165 3401 Είσῄει
3200 3336 3295 3403 μὲν
3316 3332 3405 3387 οὖν
3430 3340 3589 3399 αὐτὸς
3610 3341 3852 3406 πρῶτος.
3888 3359 4009 3392 3W-

2430 3428 2600 3497 εισῄει
2663 3430 2717 3478 δὲ
2748 3427 2897 3495 αὐτῷ
2944 3430 3036 3479 καὶ
3070 3429 3202 3479 πολύ
3245 3444 3292 3478 τι
3342 3428 3566 3495 πλῆθος,
3594 3435 3690 3481 καὶ
3721 3432 3849 3483 ὅσον
3875 3439 4010 3486 κατὰ

2429 3520 2488 3569 τὸ
2524 3520 2985 3587 ἱερὸνλῆθροιστο.
3014 3520 3121 3569 Καὶ
3150 3521 3197 3569 οἱ
3238 3518 3335 3585 μὲν
3375 3522 3472 3586 τὴν
3506 3520 3699 3570 θυσίαν
3733 3524 4008 3589 ἐπιμελῶς

2428 3612 2715 3683 διετέλουν,
2749 3612 2841 3663 καὶ
2874 3611 3112 3679 παρόντα
3140 3610 3229 3662 τὸν
3259 3610 3599 3678 Μαξιμιανὸν
3640 3613 4002 3679 ἐθεράπευεν.

2430 3706 2646 3771 Σέργιος
2666 3705 2719 3753 δὲ
2744 3705 2836 3754 καὶ
2868 3706 3075 3771 Βάκχος
3105 3705 3152 3753 οἱ
3192 3705 3575 3768 γενναιότατοι,
3606 3705 3741 3771 μηδὲ
3769 3710 3835 3772 τῇ
3866 3707 4003 3774 Θυρᾳ.

2429 3792 2520 3843 τοῦ
2581 3794 2723 3862 ἱεροῦ
2770 3793 3187 3860 προσσαλόντες,
3216 3791 3320 3855 ἔξω
3381 3806 3481 3843 που
3530 3800 3998 3859 παρειστήκεσαν,

2429 3884 2579 3935 αὐτοὶ
2614 3884 2813 3951 μᾶλλον
2847 3884 2963 3951 Θεῴ
3003 3885 3099 3952 τὴν
3123 3884 3371 3951 καθαράν
3401 3899 3460 3934 τε
3485 3884 3577 3935 καὶ
3598 3884 3777 3951 ἁληθῆ
3793 3884 4001 3936 τελοῦν·

2428 3993 2515 4036 τες
2546 3978 2754 4035 θυσίαν,
2778 3976 2873 4025 καὶ
2908 3977 3043 4044 ὑπὲρ
3072 3977 3293 4026 ἐκείνων
3323 3976 3586 4043 δεόμενοι,
3611 3976 3809 4044 Κύριε,
3832 3978 3997 4045 Κύριε

2426 4067 2743 4133 λέγοντες,ὁ
2777 4065 3029 4134 βασιλεὺς
3058 4065 3162 4116 τῶν
3193 4064 3426 4128 αίώνων,
3460 4064 3712 4117 ὲνώτισαι
3740 4070 3842 4133 τὴν
3887 4085 3998 4133 φω-

2429 4158 2522 4227 νὴν
2553 4159 2647 4227 τῆς
2673 4156 3119 4227 δεήσεωςοὴμών,
3139 4156 3390 4227 ἱλάσθητι
3421 4159 3485 4225 τῇ
3518 4157 3856 4226 κληρονομία
3882 4175 3992 4213 σου.

2427 4252 2629 4309 Φεῖσαι,
2663 4249 2854 4317 Κύριε,
2882 4254 2973 4302 καὶ
3009 4251 3081 4319 μὴ
3112 4249 3214 4315 δῳς
3258 4250 3451 4310 αὐτους
3494 4250 3571 4310 εἰς
3622 4254 3887 4317 καύχημα
3922 4251 3993 4319 τῷ

2434 4343 2804 4408 ἀντικειμένῳ,
2863 4339 2993 4391 ἀλλὰ
3046 4340 3299 4406 φώτισον,
3356 4339 3544 4408 Κύριε,
3575 4342 3813 4405 φώτισον
3874 4346 3993 4404 τους

2428 4431 2736 4497 ὀφθαλμοὺς
2766 4430 2871 4480 τών
2902 4429 3138 4498 καρδιῶν
3163 4428 3360 4490 αὐτῶν,
3390 4434 3480 4480 καὶ
3508 4431 3586 4491 εἰς
3618 4432 3716 4498 τὴν
3752 4433 3850 4499 σὴν
3880 4422 3991 4481 επί-

760 4525 908 4579 lnina
944 4524 1128 4577 oculos
1170 4522 1416 4575 cordium
1464 4534 1674 4581 eorum,
1714 4530 1767 4573 et
1799 4534 1890 4573 eos
1928 4522 2099 4574 deduc
2135 4521 2198 4573 ad
2245 4521 2319 4573 tui
2352 4539 2397 4597 Ι)

2437 4539 2628 4588 γνωσιν
2692 4522 2886 4583 αὐτοὺς
2941 4521 3328 4591 καυοδήγησον,
3382 4523 3429 4572 οἳ
3472 4524 3525 4573 εν
3558 4525 3735 4574 σκότει
3774 4523 3866 4573 νῦν
3901 4525 3990 4589 τῆς

761 4614 1112 4681 agnitionem,
1151 4614 1238 4679 qui
1293 4626 1436 4664 nunc
1479 4612 1531 4663 in
1582 4609 1818 4663 tenebris
1850 4610 2126 4663 ambulant
2171 4613 2321 4681 igno-

762 4705 973 4767 rantise,
1004 4713 1058 4757 et
1094 4721 1111 4752 ι
1145 4710 1495 4756 mutaverunt
1523 4701 1745 4770 gloriam
1774 4713 1938 4763 tuam,
1967 4706 2056 4768 qni
2087 4719 2144 4755 es
2176 4704 2323 4755 solus

760 4795 925 4858 Deus,
984 4805 1038 4848 et
1094 4796 1305 4848 alienus
1364 4795 1431 4848 ab
1489 4794 1736 4855 interitu,
1797 4795 1850 4845 in
1909 4793 2321 4847 similitudinem

757 4886 1081 4948 bestiarum,
1114 4884 1549 4953 quadrupedum,
1575 4883 1985 4952 etserpentium
2009 4885 2049 4947 ¹,
2082 4901 2099 4934 ι
2137 4894 2189 4936 et
2214 4900 2239 4933 a
2273 4893 2324 4936 te

759 4978 1097 5039 defecerunt,
1154 4987 1208 5031 et
1248 4975 1627 5030 sacriﬁcarunt
1674 4991 1859 5028 eorum
1898 4975 2237 5044 sculptilibus
2271 4984 2323 5027 et

759 5082 959 5121 nomen
992 5077 1237 5121 sanctum
1274 5078 1423 5119 tuum
1463 5066 1800 5135 contemptui
1832 5067 2156 5120 habuerunt.
2184 5066 2323 5119 Con-

757 5171 904 5216 verte
937 5175 1051 5223 eos,
1089 5159 1337 5221 Domine,
1379 5170 1432 5211 et
1462 5167 1790 5229 cognoscant
1825 5159 2085 5211 mirabilia
2120 5167 2229 5221 tua,
2273 5166 2325 5209 et

758 5254 1098 5323 unigenitum
1135 5260 1283 5303 tuum
1320 5246 1535 5313 Filium,
1582 5259 1635 5303 et
1670 5248 2002 5303 Salvatorem
2050 5260 2319 5315 nostrum,

757 5346 850 5415 qui
890 5343 1192 5398 voluntaria
1229 5357 1389 5396 cruce
1424 5352 1476 5397 et
1509 5352 1681 5395 morte
1730 5352 1973 5395 nostram
2011 5343 2321 5411 procuravit

755 5438 1004 5490 salutem.
1033 5435 1199 5487 Porro
1231 5444 1410 5488 autem
1446 5450 1544 5487 nos
1575 5448 1788 5503 quoque
1819 5447 2088 5487 conserva
2113 5434 2317 5487 alienos

754 5545 782 5583 a
822 5529 1247 5597 reprehensione
1299 5529 1350 5580 in
1383 5527 1465 5580 via
1508 5524 1944 5579 testimoniorum
1993 5536 2228 5579 tuorum.
2262 5532 2316 5577 et

756 5622 809 5674 in
863 5618 1108 5675 custodia
1160 5628 1373 5672 tuorum
1431 5618 1831 5672 mandatorum.
1881 5616 2054 5683 Atque
2098 5618 2311 5684 quidem

757 5712 886 5763 foris
916 5722 1121 5764 stantes
1162 5720 1310 5762 extra
1344 5714 1525 5776 portas
1554 5709 1759 5777 templi,
1787 5708 1898 5760 hate
1934 5706 2313 5773 precabantur,

758 5812 811 5855 et
842 5802 916 5849 sic
946 5801 1109 5852 Deum
1142 5800 1442 5862 placabunt.

835 5893 852 5924 ι
888 5886 1047 5942 Rom.
1075 5890 1116 5949 l,
1158 5890 1245 5941 ‘23.

2421 4616 2637 4680 ἀγνοίας
2671 4614 3010 4684 πορεύονται,
3053 4620 3145 4665 καὶ
3203 4614 3500 4682 ἠλλαξαντο
3557 4618 3656 4683 τὴν
3695 4616 3855 4679 δοξαν
3902 4633 3988 4666 σου

2420 4703 2513 4755 τοῦ
2547 4705 2863 4771 μονογενοῦς
2896 4710 2988 4756 καί
3037 4708 3314 4775 ἀφθάρτου
3366 4705 3523 4769 Θεοῦ,
3583 4708 3641 4757 ὲν
3686 4708 3988 4775 ὁμοιώματι

2422 4796 2648 4865 θηρίων,
2676 4796 2768 4848 καὶ
2801 4798 3146 4866 τετραπόδων
3184 4800 3278 4849 καὶ
3312 4798 3559 4865 ἑρπετῶν
3584 4799 3906 4867 ἀπέστησαν
3932 4816 3985 4850 τι

2423 4889 2529 4941 ἀπὸ
2564 4887 2677 4952 σοῦ,
2720 4890 2812 4940 καὶ
2850 4890 3047 4942 ἔθυσαν
3082 4892 3191 4951 τοῖς
3234 4890 3493 4957 γλυπτοῖς
3542 4890 3741 4955 αὐτῶν,
3787 4894 3880 4945 καὶ
3935 4894 3989 4943 τὸ

2422 4978 2589 5048 δνομα
2623 4979 2680 5031 τὸ
2706 4980 2857 5046 ἆγιόν
2896 4997 2987 5032 σου
3013 4980 3307 5050 ⁴ὴθείτησιιιν.
3358 4980 3722 5051 Ἐπίστρεψον
3774 4984 3984 5043 αὐτοὺς,

2422 5072 2613 5141 Κύριε,
2644 5074 2737 5123 κα)⁵
2782 5071 3072 5138 γνώτωσαν
3096 5074 3164 5125 τὰ
3211 5072 3485 5142 θαυμάσιὰ
3511 5090 3624 5137 σου,
3646 5076 3741 5125 καὶ
3774 5076 3863 5126 τὸν
3899 5092 3987 5142 μοι

2421 5166 2615 5234 νογενῆ
2647 5182 2738 5216 σου
2773 5166 2896 5217 Υίὸν
2922 5167 3017 5219 καὶ
3070 5166 3295 5235 Σωτῆρα
3324 5168 3595 5236 ἡμέτερον
3617 5183 3629 5195 ·
3664 5167 3722 5227 ὃς
3756 5169 3981 5233 ἑκουσίῳ

2424 5256 2637 5325 σταυρῷ
2664 5259 2757 5309 καὶ
2794 5258 3008 5326 θανάτῳ
3046 5257 3141 5319 τὴν
3179 5259 3334 5327 ἡμῶν
3361 5257 3860 5326 ἐπραγματεύσατο
3889 5275 3982 5311 σω-

2422 5349 2637 5419 τηρίαν.
2661 5351 2763 5402 Καὶ
2790 5350 2931 5418 ἡμᾶς
2956 5348 3011 5401 δὲ
3054 5350 3319 5418 ἀμώμους
3354 5353 3409 5403 ἐν
3454 5353 3515 5418 τῇ
3550 5350 3654 5416 ὀδῷ
3703 5350 3811 5401 τῶν
3849 5370 3979 5419 μαρ-

2425 5442 2625 5509 τυρίων
2656 5459 2746 5493 σου
2786 5445 2875 5494 καὶ
2904 5445 2968 5511 τῇ
2999 5443 3106 5493 τῶν
3141 5443 3366 5495 ἐντολῶν
3403 5458 3495 5494 σου
3542 5442 3762 5513 φυλακῇ
3810 5444 3980 5509 διατή-

2428 5549 2609 5601 ρησον.
2632 5536 2694 5586 Ol
2726 5534 2823 5603 μὲν
2850 5528 2942 5585 οῦν
2967 5532 3071 5600 ἔξω
3096 5536 3199 5604 πρὸ
3238 5535 3342 5587 τῶν
3381 5533 3562 5587 πυλῶν
3593 5532 3690 5587 τοῦ
3738 5533 3879 5603 ἱεροῦ
3904 5534 3978 5585 ἑτ-

2423 5624 2590 5687 τώτες
2612 5625 2833 5679 τοιαῦτα
2873 5627 3266 5697 προσηύχοντο.
