4188 6432
751 353 886 418 1015

2032 373 2315 436 MENSIS
2357 375 2725 443 OCTOBER.

3873 380 4023 445 1016

748 467 930 522 socios
963 467 1150 539 ingrati
1191 472 1356 528 animi
1388 476 1637 545 crimine,
1671 495 1847 552 neque
1870 495 2116 538 nostrum
2148 487 2318 541 bene-

2428 509 2577 562 τερον
2604 493 2903 565 εὐεργέτην
2929 499 3023 548 καὶ
3053 493 3230 564 ἀληθῆ
3250 494 3384 548 Θεὸν
3411 494 3790 566 ἀρνησόμεθα.
3846 493 3936 548 Τὰ
3960 495 4022 548 δὲ

751 559 1013 617 factorem
1073 574 1127 619 et
1197 580 1386 622 verum
1435 569 1607 625 Deum
1658 587 1780 628 esse
1825 584 2134 646 negaturos.
2185 576 2317 643 Quae

751 662 933 707 autem
971 671 998 708 a
1038 667 1091 711 te
1141 657 1514 727 proferuntur,
1587 679 1618 718 ο
1675 665 1993 735 imperator,
2044 668 2159 722 sive
2209 669 2317 723 sint

748 747 911 813 bona,
941 749 1054 803 sive
1089 751 1342 818 diﬂicilia,
1380 764 1433 809 et
1464 757 1544 809 vel
1573 757 1742 826 ipsam
1791 769 2020 822 mortem
2074 760 2316 814 inferen-

748 839 842 902 tia,
890 852 1016 896 sunt
1051 859 1202 912 aeque
1244 861 1270 898 a
1315 847 1471 902 nobis
1527 859 1748 918 propter
1801 851 2076 907 Christum
2139 852 2317 922 despi-

748 931 963 997 cienda,
999 944 1052 988 et
1081 950 1108 988 a
1146 936 1306 991 nobis
1337 953 1444 992 non
1470 943 1708 996 curanda

817 1022 950 1078 VIII.
1008 1024 1102 1078 His
1142 1027 1276 1081 adeo
1326 1039 1628 1098 opportune
1688 1041 1746 1087 et
1787 1035 2027 1104 jucunde
2085 1037 2245 1090 dictis
2287 1054 2317 1092 a

747 1117 1101 1185 martyribus.
1131 1117 1481 1176 Maximianus
1516 1125 1733 1192 quidem
1773 1125 1874 1179 fuit
1905 1126 1978 1180 ita
2027 1137 2208 1182 motus
2265 1137 2318 1184 et

746 1207 962 1261 volebat
993 1210 1185 1263 acerbe
1226 1213 1416 1280 punire
1438 1225 1676 1274 sanctos.
1723 1214 1931 1272 Rursus
1961 1229 2138 1274 autem
2190 1237 2317 1275 cun-

749 1299 1020 1362 ctabatur,
1091 1310 1146 1354 et
1193 1302 1481 1356 dillerebat
1519 1305 1755 1373 aggredi,
1806 1309 2101 1376 respiciens
2128 1325 2314 1365 eorum

745 1391 1121 1461 splendorem,
1149 1403 1198 1446 et
1229 1408 1340 1446 non
1370 1397 1556 1450 volens
1595 1398 1778 1452 talium
1835 1399 2076 1454 virorum
2142 1401 2319 1456 facere

745 1483 1033 1552 iacturam.
1071 1483 1372 1560 Verebatur
1402 1486 1578 1553 enim,
1612 1503 1681 1542 ne
1720 1490 1971 1553 cruciati,
2013 1506 2134 1544 cum
2179 1493 2320 1547 veri-

747 1585 915 1629 tatem
981 1575 1035 1628 in
1073 1577 1253 1630 medio
1298 1578 1596 1633 multorum
1637 1580 1810 1634 libere
1859 1592 2044 1636 essent
2093 1583 2314 1651 elocuti,

747 1667 947 1722 deinde
987 1680 1372 1737 permanerent
1399 1674 1625 1726 omnino
1649 1673 1974 1730 immobiles.
1998 1677 2104 1730 Eos
2139 1677 2318 1746 itaque

748 1761 938 1815 statuit
975 1763 1349 1816 transmittere
1372 1763 1438 1817 ad
1458 1763 1786 1820 Antiochum
1824 1767 2018 1821 ducem
2056 1768 2314 1830 Orientis,

749 1862 808 1904 ut
847 1853 935 1920 qui
973 1852 1238 1917 omnium,
1278 1854 1369 1922 qui
1405 1866 1561 1909 erant
1603 1856 1654 1909 in
1686 1857 1805 1925 ejus
1837 1866 2128 1927 potestate,
2176 1869 2321 1914 esset

747 1942 1190 2010 crudelissimus,
1231 1955 1285 1999 et
1332 1947 1411 2000 vel
1441 1949 1556 2001 solo
1590 1951 1811 2003 nomine
1835 1959 2017 2018 posset
2062 1967 2157 2005 cos
2192 1967 2318 2021 per-

749 2042 958 2089 terrere
993 2045 1086 2089 :et
1117 2037 1259 2105 quod
1296 2046 1520 2106 propter
1562 2039 1783 2107 majoris
1823 2041 2045 2095 honoris
2098 2041 2317 2096 deside-

749 2127 911 2186 rium.
953 2127 1040 2180 ille
1066 2123 1448 2181 Maximianum
1483 2130 1806 2185 observandi
1864 2146 2050 2186 curam
2104 2149 2320 2204 gerens,

749 2235 780 2273 a
805 2219 968 2272 nullis
1001 2221 1296 2274 abstinebit
1328 2223 1615 2286 machinis,
1652 2239 1760 2292 qtto
1803 2238 1897 2278 eos
1925 2236 2227 2294 oppugnet,
2268 2237 2324 2281 et

748 2312 814 2367 ad
849 2327 998 2366 suam
1043 2316 1289 2367 traducat
1318 2316 1667 2369 sententiam.
1710 2314 1982 2369 Praeterea
2017 2327 2075 2371 ut
2105 2328 2159 2372 et
2206 2319 2324 2371 lon-

750 2418 879 2472 gum
917 2406 1019 2457 iter
1037 2404 1533 2474 etignominiosum
1576 2413 1684 2458 tam
1730 2405 1998 2460 intensam
2059 2409 2326 2464 relaxaret

750 2495 1140 2562 consmntiam,
1178 2505 1232 2550 et
1255 2512 1348 2550 eos
1372 2496 1576 2551 sensim
1603 2513 1630 2550 a
1667 2499 1866 2566 pietate
1897 2499 2221 2562 dimoveret.
2270 2510 2326 2555 et

751 2589 986 2640 maxime
1008 2591 1150 2657 quod
1183 2589 1298 2657 ipse
1320 2605 1534 2658 quoque
1553 2591 1856 2644 Antiochus
1888 2603 2000 2646 erat
2043 2593 2122 2646 eis
2175 2597 2326 2664 prius

750 2681 1051 2751 subjecws,
1075 2683 1218 2748 apud
1249 2698 1409 2751 quem
1453 2683 1873 2745 erantsistendi.
1911 2697 1964 2738 et
1999 2701 2029 2738 a
2083 2702 2190 2755 quo
2238 2688 2328 2756 ju-

750 2772 986 2826 dicandi.
1018 2773 1073 2826 ld
1107 2774 1254 2828 enim
1307 2776 1540 2830 maxime
1603 2775 1770 2844 tangit
1823 2777 2063 2829 animum
2114 2793 2324 2844 eorum,

751 2866 844 2935 qui
877 2876 1006 2919 sunt
1037 2866 1264 2921 honesto
1290 2867 1411 2923 loco
1439 2869 1572 2930 nati,
1618 2868 1764 2938 quod
1817 2868 1905 2936 qui
1972 2869 2122 2938 prius
2171 2883 2329 2940 pare-

752 2959 917 3022 bant,
959 2954 1038 3014 eis
1082 2971 1265 3030 postea
1299 2962 1614 3030 imperent,
1673 2971 1728 3016 et
1761 2963 1841 3018 eis
1898 2973 2142 3027 utantur,
2206 2974 2326 3018 tan-

754 3067 917 3121 quam
946 3054 1231 3121 subjectis,
1260 3068 1368 3106 non
1393 3055 1563 3108 multo
1586 3063 1711 3111 ante
1750 3055 1964 3111 fuerant
2013 3071 2200 3109 eorum
2233 3057 2329 3109 do-

754 3145 889 3197 mini
923 3155 980 3198 et
1019 3146 1415 3200 benefactores.
1465 3148 1807 3201 Consecutus
1858 3163 2092 3217 namque
2153 3147 2329 3203 fuerat

753 3233 902 3288 hunc
926 3236 1156 3289 ducatus
1193 3238 1567 3305 magistratum
1601 3238 1903 3293 Antiochus
1947 3240 2118 3308 ipsius
2154 3241 2328 3300 admi-

753 3328 941 3380 rabilis
974 3327 1151 3398 Serg‘ii
1193 3329 1610 3386 intercessione.
1653 3331 1757 3387 Sed
1792 3347 1978 3387 revera
2009 3334 2143 3387 nihil
2178 3332 2330 3388 vide-

755 3428 848 3472 tur
893 3429 999 3473 tam
1049 3420 1206 3476 facile
1249 3437 1610 3489 marcescere,
1667 3435 1830 3494 atque
1880 3425 2208 3480 beneficium
2277 3425 2328 3478 in

757 3513 944 3567 animo
983 3514 1192 3585 ingrato
1216 3516 1541 3584 plantatum.
1571 3516 1622 3570 ls
1649 3517 1795 3570 enim
1823 3533 1930 3569 non
1957 3519 2132 3571 solum
2163 3532 2330 3586 appa-

759 3607 874 3662 ruit
893 3608 1111 3662 minime
1134 3624 1259 3663 esse
1283 3608 1598 3663 recordatus
1627 3607 1900 3670 beneﬁcii,
1940 3618 1999 3662 ut
2032 3610 2334 3676 procedens

762 3701 1015 3755 ostendet
1074 3703 1280 3767 oratio;
1341 3702 1435 3754 sed
1491 3701 1714 3769 perinde
1755 3716 1820 3753 ac
1861 3701 1929 3754 ab
1983 3701 2088 3755 illis
2120 3717 2330 3756 summa

758 3788 991 3844 allectus
1016 3791 1237 3860 injuria,
1271 3805 1365 3844 eos
1398 3790 1666 3853 tractavit,
1697 3800 1752 3844 et
1791 3790 1869 3844 eis
1913 3793 2093 3860 gravia
2136 3793 2327 3845 intulit

759 3881 1046 3950 supplicia.
1124 3882 1300 3952 Atque
1353 3883 1714 3938 mittebantur
1790 3883 2009 3953 quidem
2073 3885 2140 3940 ad
2210 3900 2332 3938 eum

760 3979 959 4038 sancti,
996 3976 1163 4030 vincti
1193 3976 1339 4045 gravi
1369 3986 1581 4032 catena.
1613 3978 1691 4029 Ad
1733 3991 1858 4029 cum
1910 3986 2093 4031 autem
2133 3980 2334 4048 scripta

761 4051 878 4127 erat
917 4070 1079 4123 etiam
1108 4071 1339 4140 epistola
1373 4071 1439 4124 ab
1469 4071 1815 4138 imperatore,
1859 4085 1979 4139 quae
2037 4070 2117 4124 sic
2164 4072 2332 4126 habe-

761 4161 857 4214 bat
895 4159 1166 4214 :Deorum
1199 4161 1432 4213 maxima
1475 4159 1814 4229 providentia
1869 4175 2061 4213 omnes
2115 4161 2334 4230 quidem

763 4249 1042 4308 homines,
1085 4249 1316 4302 maxime
1365 4260 1545 4303 autem
1589 4249 1692 4302 luci
1735 4249 1945 4319 imperii
1987 4250 2243 4306 satellites
2278 4261 2336 4306 et

762 4340 1074 4412 stipatores,
1109 4339 1164 4393 in
1196 4340 1316 4396 illos
1363 4356 1483 4395 esse
1522 4341 1660 4410 pios,
1709 4349 1761 4392 et
1812 4341 1874 4394 iis
1930 4357 2142 4407 rursus,
2201 4359 2338 4413 quos

764 4433 1052 4502 illidignos
1082 4443 1417 4486 censuerunt
1443 4432 1694 4502 imperio,
1728 4431 1841 4484 vult
1872 4432 2120 4499 obedire,
2182 4445 2236 4488 et
2281 4437 2336 4489 in

2421 587 2575 657 παρὰ
2608 588 2700 640 σοῦ
2735 589 3159 658 προτεινόμενα,
3195 587 3444 658 βασιλεῦ,
3473 589 3604 641 εἴτε
3648 587 3840 656 ἀγαθά
3873 582 4016 652 εἷεν,

2421 681 2530 733 εττε
2566 683 2662 733 καὶ
2689 681 2958 751 δυσχερῆ,
2994 681 3090 735 καὶ
3121 682 3281 734 αὐτὸν
3312 682 3588 749 ἐπάγοντα
3608 680 4016 742 θάνατον,ὲπί-

2421 788 2522 841 σης
2557 775 2693 843 ἡμῖν
2723 775 2944 828 ἅπαντα
2976 774 3262 845 παροπτέα
3289 773 3377 827 διὰ
3422 773 3658 844 Χριστὸν
3704 773 3807 825 καὶ
3846 788 4018 840 φρον-

2418 864 2565 928 τίδος
2599 865 2864 935 οὐδεμιᾶς
2898 866 3046 930 ἀξια.

2492 1044 2575 1096 H'.
2604 1042 2823 1097 Τούτων
2854 1045 3128 1115 εὐκαίρως
3154 1047 3296 1099 οὕτω
3326 1049 3419 1100 καὶ
3444 1047 3616 1116 ἡδέως
3642 1047 3761 1107 τοῖς
3801 1044 4018 1114 μάρτυ-

2422 1152 2505 1190 σιν
2561 1137 3073 1208 ὐπαγορευθέντων,
3124 1140 3152 1190 ό
3199 1140 3539 1210 Μαξιμιανδς
3606 1126 3858 1191 ἐκινεῖτο
3918 1137 4016 1202 μὶν

2421 1230 2526 1283 ὐπδ
2567 1232 2662 1283 τοῦ
2714 1232 2912 1298 θυμοῦ⁹
2961 1234 3055 1298 καὶ
3105 1234 3320 1302 πικρῶς
3361 1233 3601 1295 αίκίζειν
3632 1232 3764 1293 τούς
3822 1230 4015 1297 ἁγίους

2418 1321 2682 1389 ἠϐούλετο
2712 1338 2726 1352 ·
2767 1321 2930 1375 ὤκνει
2968 1324 3024 1376 δὲ
3068 1324 3234 1378 πάλιν
3265 1324 3362 1377 καὶ
3406 1323 3739 1376 ἀνεϐάλλετο
3773 1323 3886 1388 τὴν
3930 1321 4017 1384 ἐγ-

2421 1414 2694 1484 χείρησιν,
2744 1414 2804 1467 τὸ
2839 1418 3145 1485 περιφανὲς
3203 1417 3384 1470 αὐτῶν
3440 1415 3881 1482 εὐλαϐούμενος,
3927 1413 4016 1463 καὶ

2420 1512 2517 1562 οὐκ
2573 1507 2775 1560 ἐθέλων
2821 1508 3034 1576 ἀνδρῶν
3085 1509 3345 1562 τοιούτων
3414 1509 3726 1577 ὑποστῆναι
3777 1505 4010 1573 ζημίαν.

2434 1595 2654 1651 Ἐδεδίει
2687 1602 2794 1668 γὰρ
2837 1599 2910 1669 μὴ
2944 1600 3040 1652 καὶ
3077 1600 3491 1670 τιμωρηθέντες
3551 1601 3649 1666 τὴν
3693 1598 3882 1668 ἀρχὴν
3921 1598 4013 1649 καὶ

2423 1694 2950 1764 παρῤησιασάμενοι
2979 1693 3223 1746 εὐσεϐῶν
3253 1696 3310 1746 ὲν
3343 1695 3494 1763 μέσῳ
3527 1694 3766 1754 πολλῶν,
3798 1689 3926 1745 εἷτα
3958 1691 4017 1742 τδ

2423 1785 2693 1855 παράπαν
2729 1786 3062 1854 άμετάθετοι
3091 1785 3468 1854 διαμείνωσιν.
3503 1786 3732 1853 ’Δμὲλει
3770 1788 3874 1837 καὶ
3898 1787 4015 1836 Ἀν-

2424 1875 2589 1944 τιόχῳ
2616 1873 2694 1944 τῷ
2722 1875 2822 1944 τῆς
2861 1874 3150 1944 Ἀνατολῆς
3171 1876 3324 1928 δουκ“ι
3363 1877 3772 1946 παραπέμπειν
3812 1877 4014 1937 αὐτοὺς

2424 1967 2588 2035 ἔγνω,
2625 1967 2700 2029 ὡς
2733 1966 2799 2019 ἂν
2827 1966 3099 2036 ὠμοτάτῳ
3132 1967 3348 2020 πάντων
3383 1969 3488 2020 τῶν
3529 1968 3630 2020 ὐπ’
3659 1967 3838 2021 αὐτοῦ
3881 1967 4014 2027 om,

2426 2064 2520 2113 καὶ
2547 2062 2654 2114 ἀπὸ
2676 2059 2836 2129 ψιλοῦ
2864 2061 3008 2130 τάχα
3033 2061 3127 2113 καὶ
3168 2053 3262 2112 τοῦ
3289 2061 3579 2130 ὀνόματος,
3626 2060 4016 2127 καταπλήξειν

2426 2155 2626 2216 αὐτοὺς
2655 2153 2941 2222 δυναμένῳ
2971 2169 2983 2182 ·
3023 2155 3119 2206 καὶ
3152 2155 3234 2206 ὃτι
3266 2153 3352 2205 διὰ
3391 2151 3640 2221 μείζονος
3673 2155 3851 2222 τιμῆς
3897 2154 4011 2220 ἔφε-

2428 2261 2513 2297 σιν
2539 2246 2641 2315 τὴν
2667 2243 3016 2314 Μαξιμιανοῦ
3052 2244 3363 2314 θεραπείαν
3404 2247 3616 2308 ἐκεῖνος
3664 2246 4014 2308 σπουδαζων,

2426 2338 2682 2404 οὐδεμιᾶς
2728 2336 2992 2403 ἀφέξεται
3058 2338 3330 2406 μηχανῆς,
3369 2340 3515 2401 ὅπως
3554 2338 3722 2400 αὐτὸς
3777 2337 3879 2407 ἕλῃ
3927 2340 4014 2389 καῖ

2430 2428 2800 2494 μεταπείσειε.
2826 2427 2969 2496 Πρὸς
2988 2426 3222 2492 τούτοις,
3240 2427 3326 2480 ἵνα
3347 2429 3492 2498 καὶὴ
3525 2431 3715 2498 μακρά
3735 2430 4013 2496 ὁδοιπορῖα

2429 2521 2523 2572 καὶ
2563 2521 2756 2587 ἄτιμος
2808 2517 2907 2587 τῆς
2944 2519 3258 2582 ,ἑνστάσεως
3310 2520 3492 2580 αὐτοῖς
3550 2519 3886 2586 ὑποχαλὰαῃ
3925 2519 4012 2586 τὴν

2429 2607 2697 2670 εὐτονίαν,
2721 2606 2838 2668 ,καὶ
2878 2606 3063 2676 ἡρέμα
3101 2610 3420 2678 μεταστήσῃ
3453 2611 3552 2676 τῆς
3575 2608 3892 2671 abaetis-21;,
3925 2608 4012 2660 sui

2433 2700 2670 2769 μάλιστα
2729 2700 2810 2751 ὅτι
2872 2700 2969 2753 καὶ
3006 2700 3111 2752 ὑπὸ
3137 2703 3290 2768 χεῖρα
3354 2701 3622 2770 πρότερον
3658 2701 3852 2764 αὐτοῖς
3900 2697 4011 2770 ἦνέ

2443 2791 2712 2860 Ἀντίοχος
2739 2808 2752 2820 '
2863 2793 2956 2844 καὶ
2989 2793 3338 2862 παραστῆναί
3369 2810 3426 2844 τε
3467 2796 3559 2846 καί
3590 2793 3680 2860 ὑφ’
3733 2790 3794 2846 οὗ
3827 2793 4010 2863 κριθή·

2434 2885 2623 2937 σεσθαι
2656 2883 2903 2952 ἔμελλον.
2947 2886 3014 2936 Ὃ
3053 2884 3116 2953 δὴ
3149 2886 3241 2936 καὶ
3279 2884 3439 2936 πλέον
3470 2885 3568 2957 τῆς
3619 2885 3730 2936 τῶν
3764 2881 3827 2937 εὖ
3863 2902 4008 2952 γεγο-

2431 2977 2596 3028 νότων
2626 2977 2802 3046 ψυχῆς
2835 2976 3087 3041 ἅπτεται,
3130 2977 3191 3030 τὸ
3221 2978 3348 3040 τοὺς
3377 2982 3644 3047 πρότερον
3664 2980 4010 3048 ἀρχομένους

2432 3067 2622 3137 ἄρχειν
2659 3086 2715 3120 τε
2745 3069 2925 3121 αὐτῶν
2955 3070 3184 3137 ὕστερον
3217 3070 3311 3122 καὶ
3333 3071 3593 3139 ὑπηκόοις
3626 3071 3874 3140 χρῆσθαι
3907 3075 4010 3133 τοῖς

2356 3181 2396 3236 C
2433 3163 2490 3213 οὐ
2532 3161 2635 3228 πρὸ
2678 3161 2874 3214 πολλοῦ
2910 3161 3200 3223 δεσπόταις
3238 3161 3416 3214 αὐτῶν
3440 3163 3534 3213 καὶ
3562 3165 3893 3230 εὐεργέταις
3925 3179 4012 3230 γε·

2434 3257 2774 3323 γενημένοις.
2822 3255 3116 3324 Ἐτύγχανε
3151 3259 3259 3324 γὰρ
3288 3257 3385 3327 τὴν
3413 3259 3666 3324 τοιαύτην
3700 3256 3794 3308 τοῦ
3831 3256 4011 3319 δουκδς

2432 3346 2606 3416 ἀρχὴν
2637 3347 2665 3398 ὁ
2709 3346 2980 3416 Ἀντίοχος
3007 3348 3258 3418 μεσιτείᾳ
3283 3349 3547 3418 πρότερον
3572 3348 3667 3400 τοῦ
3697 3346 4011 3416 θαυμαστοῦ

2433 3438 2659 3508 Σεργίου
2718 3438 3094 3507 παρειληφώς.
3163 3439 3306 3490 Ἀλλ’
3361 3441 3539 3491 ἔοικεν
3591 3440 3813 3508 ἀληθῶς
3870 3439 4010 3491 οὐδὲν

2433 3530 2606 3592 οὕτως
2643 3529 2987 3598 εὐμάραντον
3051 3525 3214 3588 εἶναι,
3267 3529 3343 3590 ὡς
3400 3529 3720 3598 ἀνθρωπίνη
3777 3534 3939 3598 χάρις
3964 3530 4011 3579 ἐν

2435 3624 2710 3693 ἀχαρίστῳ
2739 3623 2884 3691 ψυχῇ
2928 3619 3276 3688 φυτευθεῖσα.
3303 3614 3471 3682 Οὗτος
3507 3624 3615 3688 γὰρ
3641 3621 3798 3672 οὐδὲν
3835 3623 4012 3687 ἀπομ-

2438 3715 2776 3784 νημονεύσας
2818 3715 2980 3784 μόνον
3011 3715 3194 3776 αὐτοῖς
3223 3716 3319 3782 τῆς
3350 3714 3671 3782 εὐεργεσίας
3715 3714 3915 3780 ἐςάνη,
3942 3712 4012 3774 ὡς

2437 3809 2503 3860 τὰ
2540 3807 2632 3858 τοῦ
2668 3807 2828 3873 λόγου
2856 3807 3117 3875 προϊόντα
3167 3805 3418 3872 δηλώσει,
3474 3806 3922 3875 ἁλλὰ-καθάπερ
3954 3807 4014 3856 τὰ

2437 3899 2640 3969 ἔσχατα
2675 3897 2768 3951 ὐπ’
2794 3897 3018 3950 ἐκείνων
3051 3897 3352 3967 ἀδικηθεὶς,
3400 3895 3578 3958 οὕτως
3632 3896 3824 3956 αὐτοῖς
3858 3898 4015 3964 ἐχρή-

2437 4011 2568 4046 σατο
2587 4012 2601 4026 ·
2636 3993 2729 4045 καὶ
2754 3990 2895 4044 οὕτω
2936 3988 3176 4061 χαλεπᾶς
3206 3992 3450 4069 ὲπῄγαγε
3477 3989 3774 4058 τιμωρίας.
3822 3988 4015 4056 Ἐπέμο

2437 4103 2600 4138 ποντο
2637 4086 2736 4154 μὲν
2774 4079 2867 4137 οὗν
2903 4086 2952 4136 οἱ
2987 4084 3132 4151 ἆγιοι
3174 4081 3309 4152 πρὸς
3350 4083 3532 4143 αὐτὸν,
3581 4083 3771 4154 ἁλύσει
3826 4081 4013 4151 βαρείᾳ

2436 4176 2732 4244 δεδεμένοι.
2820 4175 3164 4245 Ἐγέγραπτο
3195 4176 3250 4227 δὲ
3273 4173 3422 4243 αὐτῷ
3450 4173 3542 4224 καὶ
3575 4172 3839 4239 ἐπιστολὴ
3876 4174 4013 4238 παρὰ

2440 4265 2702 4336 βασιλέως
2764 4265 2960 4335 ἔχουσα
3014 4265 3185 4327 οὕτως
3230 4259 3359 4318 ·’Ἧ
3416 4266 3526 4319 τῶν
3598 4264 3738 4316 θεῶν
3787 4264 4013 4332 μεγίστη

2441 4359 2688 4425 πρόνοια.
2732 4360 2826 4410 καὶ
2884 4356 3093 4417 πάντας
3147 4355 3246 4424 μὲν
3306 4355 3651 4424 ἀνθρώπους,
3694 4357 3935 4424 μάλιστα
3966 4356 4013 4407 δὲ

2438 4449 2564 4508 τοὺς
2594 4450 2690 4516 τῆς
2725 4451 2878 4516 ἐμῆς
2908 4448 3187 4521 βασιλείας
3239 4448 3590 4510 ὑπασπιστάς
3631 4463 3688 4498 τε
3740 4447 3837 4500 καὶ
3869 4447 4015 4517 δορυ-

763 4541 859 4580 eos
893 4539 1011 4579 esse
1040 4535 1193 4594 grato
1224 4525 1425 4580 animo.
1457 4525 1747 4593 PrOprerea
1781 4525 1927 4580 hunc
1977 4525 2224 4595 Sergium
2280 4538 2329 4582 ct

2442 4543 2661 4607 φόρους,
2707 4539 2952 4596 εὐσεϐεῖς
2991 4555 3052 4590 τε
3100 4540 3166 4590 τὰ
3198 4541 3275 4600 είς
3333 4541 3579 4602 ἐκείνους
3632 4539 3729 4590 καὶ
3772 4543 3887 4599 τοῖς
3929 4537 4012 4589 ὐπ’

761 4618 1060 4676 Bacchum,
1091 4618 1182 4685 qui
1210 4617 1261 4668 in
1289 4618 1421 4670 deos
1475 4617 1694 4686 quidem
1735 4631 2102 4689 apparuerunt
2161 4619 2332 4688 impii,

763 4719 819 4766 et
850 4725 909 4764 se
930 4707 1366 4764 Christianorum
1418 4708 1731 4774 adiunxisse
1772 4710 2038 4778 religioni.
2097 4711 2334 4766 convicti

765 4815 895 4858 sunt
930 4811 1111 4856 autem
1165 4800 1407 4855 criminis
1438 4800 1628 4870 ingrati
1665 4803 1718 4854 in
1749 4816 1835 4855 me
1872 4802 2059 4866 animi,
2114 4815 2168 4854 et
2224 4805 2334 4872 jam

765 4907 956 4952 nostro
996 4895 1278 4958 tribunali,
1320 4903 1374 4948 et
1411 4903 1596 4948 nostra
1660 4894 2064 4949 examinatione
2111 4895 2336 4963 judicati

764 4998 894 5043 sunt
930 4988 1155 5056 indigni,
1195 4987 1296 5040 sub
1337 4984 1601 5039 tutissima
1633 4986 1876 5037 custodia
1919 4997 1973 5039 et
2016 4986 2249 5038 vinculis
2269 4987 2335 5040 ad

766 5091 914 5136 tuam
955 5081 1353 5134 transmisimus
1381 5079 1765 5133 constantiam.
1812 5077 1865 5130 Si
1898 5093 2026 5148 ergo
2060 5080 2334 5147 poeniten-

767 5172 843 5226 tia
902 5171 1051 5225 ducti
1107 5169 1212 5224 diis
1263 5170 1736 5232 sacriﬁcaverint,
1809 5169 2088 5223 solvantur
2135 5172 2201 5224 ab
2257 5170 2336 5223 eis

767 5263 1041 5334 impositis
1080 5264 1336 5319 vinculis.
1371 5271 1421 5315 el
1452 5263 1600 5331 digni
1632 5272 1962 5317 censeantur
2015 5262 2221 5317 honore
2285 5273 2339 5318 et

765 5357 1172 5413 benevolentia.
1208 5355 1627 5410 Revocabuntur
1653 5355 1796 5407 enim
1832 5369 2020 5408 rursus
2055 5370 2083 5407 a
2153 5366 2340 5409 nostra

767 5451 1009 5521 potentia
1039 5492 1050 5510 ,
1086 5448 1457 5515 recipieutque
1489 5447 1697 5516 priores
1744 5446 2015 5511 honores,
2051 5456 2142 5499 aut
2174 5449 2340 5500 ctiam

767 5544 1025 5610 majOres,
1059 5548 1329 5608 eruntque
1360 5540 1616 5608 deinceps
1673 5538 1726 5591 in
1762 5539 1880 5593 loco
1919 5553 1973 5593 ct
2015 5539 2206 5593 ordine
2261 5539 2341 5593 eis

770 5634 1144 5691 convenieuti.
1182 5633 1278 5686 Sin
1310 5641 1491 5684 autem
1530 5631 1881 5685 immobiliter
1901 5631 2065 5699 priori
2104 5632 2344 5685 hatrcant

770 5731 1083 5791 sententiae,
1120 5726 1295 5795 legum
1331 5723 1559 5792 subjecti
1593 5726 1704 5778 sint
1729 5724 2056 5787 austeritati,
2117 5722 2343 5793 ipsaque

773 5823 1013 5880 essentia
1035 5831 1087 5876 et
1121 5820 1230 5876 vita
1260 5831 1390 5874 ense
1414 5817 1698 5891 priventur
1721 5833 1841 5875 cum
1866 5816 2002 5873 aliis.
2047 5814 2198 5872 Vale.

2440 4632 2666 4686 ἐκείνων
2699 4633 2861 4685 πάλιν
2889 4633 3082 4701 ἄρχειν
3114 4631 3465 4701 ἠξιωμένοις,
3513 4634 3644 4698 ἡμῖν
3704 4631 4010 4699 πειθηιίονς

2440 4720 2581 4777 εἶναι
2615 4725 2886 4793 βούλεται,
2921 4727 3013 4776 καὶ
3040 4723 3413 4793 εὐγνώμονας.
3445 4725 3544 4775 Διά
3596 4723 3772 4775 ταύτά
3817 4742 3899 4776 τοι
3935 4727 4014 4776 καὶ

2440 4817 2662 4888 Σέργιον
2691 4818 2880 4872 τοῦτον
2910 4821 3002 4870 καὶ
3027 4819 3115 4870 τὸν
3139 4818 3232 4867 σὺν
3257 4817 3407 4883 αὐτῴ
3432 4816 3644 4886 Βάκχον
3672 4817 3898 4879 ἀσεϐεῖς
3930 4819 4013 4881 μὲν

2441 4911 2506 4962 τά
2542 4912 2668 4979 περὶ
2699 4913 2828 4968 τοὺς
2881 4911 3036 4971 θεοὺς
3084 4910 3479 4975 ἀναφανέντας,
3529 4912 3621 4962 καὶ
3655 4915 3721 4979 τῇ
3751 4913 3862 4963 τῶν
3897 4913 4012 4980 Χριο

2445 5004 2679 5073 στιανῶν
2711 5004 3116 5072 προσθεμένους
3155 5003 3444 5072 θρησκείᾳ,
3481 5010 3611 5073 περὶ
3651 5005 3803 5071 ἡμᾶς
3839 5005 3897 5055 δὲ
3933 5007 4011 5069 ἀγ·

2442 5096 2691 5164 νὼμονάς
2716 5113 2774 5149 τε
2801 5098 2895 5148 καὶ
2924 5098 3253 5166 ἀχαρίστους
3290 5095 3713 5164 ἐληλεγμένους,
3750 5097 3848 5148 καὶ
3881 5097 4010 5162 παρὰ

2443 5188 2602 5240 τοῦτο
2661 5189 2882 5250 πολλαῖς
2933 5191 3224 5256 τιμωρίαις
3257 5190 3632 5258 ὐποὸληθῆναι
3683 5192 4005 5254 ὀφείλοντας,

2446 5281 2696 5347 ἀναξίους
2729 5281 2828 5352 ἤδη
2871 5281 2964 5333 τοῦ
3001 5282 3273 5350 ἡμετέρου
3321 5283 3561 5352 βήματος
3606 5284 3701 5333 καὶ
3754 5282 3850 5348 τῆς
3899 5282 4008 5352 παρ’

2449 5375 2606 5445 ἡμῶν
2650 5374 2831 5429 αὐτῶν
2866 5375 3167 5439 ἐξετάσεως
3206 5376 3579 5443 νομισθέντας,
3617 5373 3724 5424 ὑπὸ
3777 5375 4006 5443 ἀσ-ςαὶε-

2451 5468 2618 5536 στάτῃ
2674 5469 2887 5538 φρουρᾷ
2917 5470 3008 5519 καὶ
3034 5467 3250 5535 δεσμοῖς
3284 5471 3346 5537 τῇ
3385 5470 3451 5535 σῇ
3487 5468 3813 5536 στερρότητι
3853 5483 4005 5535 nugs.

2449 5560 2765 5631 πέμψαμεν.
2808 5563 2868 5614 Εἰ
2896 5563 2995 5631 μὲν
3022 5559 3113 5612 οὖν
3151 5560 3622 5631 μεταμεληθέντες
3663 5561 3888 5612 θύσειαν
3915 5563 4006 5618 τοῖς

2451 5654 2755 5716 οεοῖς,,τῶν
2786 5654 3001 5720 δεσμῶν
3037 5671 3097 5706 τε
3121 5655 3228 5706 τῶν
3262 5651 3623 5718 ἐπικειμένων
3649 5653 3833 5712 αὐτοῖς
3867 5651 4009 5714 λυθή-

2448 5762 2653 5808 τωσαν,
2689 5745 2783 5798 κα)⁸
2824 5745 2992 5813 τιμῆς
3041 5744 3430 5810 ἀξιωθήτωσαν
3466 5741 3670 5810 μᾶλλον
3723 5743 3820 5792 καὶ
3877 5740 4009 5802 εὐμε-

2454 5837 2638 5904 νείας’
2697 5837 3168 5908 ἁνακληθήσονται
3226 5833 3334 5915 γὰρ
3383 5827 3542 5894 αὖθις
3592 5832 3687 5886 καὶ
3749 5831 3893 5893 παρὰ
3928 5825 4006 5879 105
