4188 6432
211 396 350 464 1017

1122 397 1589 459 MARTYRIUM
1629 399 1732 462 SS.
1782 399 2046 462 SERGII
2093 400 2187 461 ΕΤ
2225 402 2522 463 BACCHI.

3311 395 3456 461 1018

197 519 476 592 ἡμετέρου
509 518 746 589 κράτους
770 533 783 548 θ
819 515 914 572 καὶ
945 517 1042 582 τάς
1072 535 1130 570 τε
1157 520 1427 589 προτέρας
1467 518 1836 590 ἀπολήψονται
1863 519 2023 590 τιμὰς
2049 520 2080 590 ἢ
2109 521 2201 574 καὶ
2241 520 2482 592 μείζους,
2505 521 2601 574 καὶ
2624 520 2681 575 ὲν
2709 519 2859 587 τάξει
2885 521 2953 592 τῇ
2990 516 3348 592 προσηκούσῃ
3395 515 3458 570 τδ

199 615 390 668 λοιπὸν
441 612 654 666 ἔσονται
679 630 692 644 ο
720 614 768 665 εἰ
809 611 866 666 δδ
906 613 1004 682 τῆς
1059 613 1439 684 προλαϐοὑσης
1493 614 1845 685 ἀμεταθέτως
1872 615 2083 685 ἔχονται
2137 618 2366 688 γνώμης
2403 619 2469 687 τῇ
2527 616 2898 686 αὐστηρότητι
2934 616 3042 669 τῶν
3088 616 3272 687 νόμων
3324 614 3459 666 ὑπο-

208 701 521 767 ϐληθέντες,
542 703 633 756 καὶ
658 701 790 755 αὐτὸ
814 704 951 771 μετὰ
977 703 1084 756 τῶν
1105 703 1279 756 ἄλλων
1305 704 1364 756 τὸ
1395 699 1534 758 εἶναι
1567 707 1662 757 καὶ
1695 706 1755 757 τὸ
1778 704 1877 775 ζῇν
1919 708 2004 760 διὰ
2046 708 2231 777 ξίφους
2270 706 2750 780 ἀφαιρεθήτωσαν.
2785 710 3058 777 "Eppium.

287 797 362 848 6'.
392 796 470 847 Τὰ
499 794 720 848 τοιαῦτα
750 796 1050 868 γράμματα
1067 795 1321 860 λαϐόντες
1346 799 1394 849 οἱ
1422 798 1771 868 στρατιῶται,
1803 808 1846 862 Α

204 881 327 939 εἶτα
363 887 456 938 καὶ
511 888 637 948 τοὺς
694 887 880 952 ἁγίους
929 888 1340 956 παραλαϐόντες
1388 887 1508 940 ὁδοῦ
1545 888 1772 958 εἴχοντο.

202 979 329 1032 Τῶν
359 977 584 1031 οἰκετῶν
619 979 674 1030 δέ
708 995 870 1043 τινες,
901 979 979 1046 τῷ
1007 997 1067 1032 τε
1096 981 1267 1050 ὁμοίῳ
1307 982 1435 1049 περὶ
1471 982 1572 1049 τὴν
1618 983 1785 1050 εὐσέ-⁵

203 1069 364 1122 ϐειαν
410 1070 558 1139 ζήλῳ
608 1071 699 1122 καὶ
733 1070 796 1139 δὴ
825 1072 918 1122 καὶ
947 1071 1082 1138 πρὸς
1118 1047 1249 1132 τοὺς
1282 1047 1548 1132 δεσπότας
1593 1047 1786 1142 εὐνοίᾳ⁴

198 1162 580 1230 νενικημένοι,
645 1163 963 1213 συνείποντο
1004 1163 1100 1214 καὶ
1159 1161 1338 1221 αὐτοὶ.
1404 1162 1656 1230 καθάπερ
1711 1165 1772 1216 οὐ

205 1253 356 1322 μόνῳ
378 1253 443 1305 τὰ
477 1253 702 1321 σώματα
726 1253 1082 1306 δεδουλῶσθαι
1117 1255 1299 1322 μόνον,
1335 1254 1471 1306 ἀλλὰ
1494 1257 1585 1307 καὶ
1625 1254 1773 1320 πόθῳ

195 1347 304 1408 τὰς
335 1346 509 1415 ψυχὰς
563 1345 895 1415 βουλόμενοι.
961 1346 1024 1399 Οἳ
1061 1349 1154 1400 καὶ
1201 1348 1309 1400 τῶν
1350 1345 1520 1414 ἁγίων
1574 1348 1772 1417 ἤκουον

199 1439 344 1507 ’πρὸς
395 1437 654 1505 ἀλλήλους
711 1437 916 1504 μεταξὺ
960 1439 1488 1509 κοινολογουμένων·
1535 1438 1611 1500 ὼς
1666 1439 1772 1506 ἄρα

195 1531 301 1596 τῆς
331 1527 520 1588 νυκτὸς
557 1528 679 1580 καθ’
713 1529 779 1599 ην
807 1531 915 1596 τῆς
937 1531 1146 1594 πόλεως
1187 1530 1475 1599 Ῥωμαίων
1519 1529 1770 1599 ἐξῄεσαν,

200 1620 457 1690 θειοτέρα
500 1638 582 1683 τις
614 1621 734 1690 ὄψις
787 1625 1136 1691 ἐπιφανεῖσα,
1171 1625 1393 1694 θαρρεῖν
1431 1624 1613 1684 αὐτοῖς
1652 1621 1775 1674 ἐκέ-

195 1713 326 1766 λευε
350 1714 438 1766 τὸν
469 1714 678 1780 ἀγῶνα,
713 1714 808 1767 καὶ
847 1716 1256 1785 προθυμότερον
1303 1716 1398 1783 τῆς
1429 1715 1598 1783 καλῆς
1626 1714 1775 1764 ὲκεί-

196 1825 302 1874 νης
339 1807 425 1860 διὰ
454 1807 690 1876 Χριστὸν
726 1807 946 1876 ἔχεσθαι
1002 1810 1248 1877 πορείας.
1302 1806 1393 1858 Διὸ
1426 1807 1518 1858 καὶ
1571 1804 1676 1856 ὑπὸ
1707 1807 1770 1874 τῇ

194 1898 390 1952 ἁλύσει
432 1903 495 1968 τῇ
530 1899 724 1968 σιδηρᾷ
754 1900 1028 1967 βαίνοντες
1055 1901 1247 1951 ἐκεῖνοι
1282 1899 1375 1950 καὶ
1405 1900 1516 1960 τοῖς
1533 1897 1772 1963 δεσμοῖς,

193 1987 423 2053 ἀλύπως
455 1991 572 2061 μεθ’
599 1991 788 2059 ἡδονῆς
810 1990 1036 2058 ἔψαλλον
1057 2007 1068 2019 '
1107 1991 1194 2043 Ἐν
1224 1994 1290 2060 τῇ
1322 1989 1421 2058 ὁδῷ
1443 1990 1550 2041 τῶν
1573 2005 1776 2057 μαρτυ-

197 2081 334 2150 ρίων
367 2100 458 2134 σου
489 2084 850 2153 ὲτέρφθημεν,
883 2082 1075 2152 Κύριε,
1105 2083 1178 2145 ὼς
1213 2085 1303 2136 ἐπὶ
1342 2081 1505 2135 παντὶ
1534 2079 1772 2146 πλούτῳ.

207 2167 302 2223 Ἐν
345 2175 455 2234 τοῖς
484 2171 816 2240 δικαιώμασί
850 2189 945 2224 σου
978 2173 1343 2242 μελετήσομεν
1375 2169 1585 2222 καὶτοῦ
1618 2168 1781 2236 νόμου
1819 2163 1857 2216 Β

191 2279 294 2315 σου
338 2264 436 2317 οὐκ
471 2263 966 2332 ἐπιλησθησόμεθα.
1009 2265 1097 2316 Ἐν
1122 2268 1240 2326 ταῖς
1266 2263 1500 2325 ἐντολαῖς
1530 2279 1623 2314 σου
1653 2261 1774 2313 ἀδο-

195 2353 555 2423 λεσχήσομεν,
587 2356 678 2406 καὶ
711 2354 1086 2422 ἐκζητήσομεν
1135 2356 1235 2416 τὰς
1264 2354 1414 2416 ὁδούς
1450 2370 1565 2404 σου.
1606 2351 1774 2420 Ζησό-

195 2442 339 2513 μεθα
371 2446 463 2494 καὶ
497 2443 802 2512 φυλάξομεν
830 2445 954 2505 τοὺς
985 2444 1175 2510 λόγους
1200 2462 1313 2496 σου.
1347 2445 1528 2496 Πᾶσαν
1559 2441 1652 2494 οὖν
1673 2443 1771 2510 τὴν

187 2536 314 2589 ὁδὸν
343 2535 558 2604 ἐκείνην
586 2536 800 2598 ἀπόνως
828 2535 1144 2600 ἀνύσαντες,
1194 2535 1250 2588 έν
1300 2552 1404 2588 τινι
1436 2531 1771 2603 Βαρϐαλησὼ

190 2627 348 2682 πόλει
405 2632 503 2697 τῆς
563 2630 922 2699 Λιμητανέων
981 2629 1145 2696 ἐγγὺς
1209 2626 1564 2694 κατάγονται.
1601 2623 1771 2677 Ἔνθα

186 2719 520 2790 διατρίϐοντι
537 2722 612 2790 τῷ
635 2721 786 2774 δουκλ⁵
807 2722 1155 2791 παρέστησαν
1194 2721 1469 2789 Ἀντιόχῳ,
1493 2718 1772 2788 χαρίεντες

197 2813 304 2882 μὲν
347 2813 437 2864 καὶ
470 2814 688 2882 φαιδροὶ
719 2814 816 2882 τὴν
854 2814 999 2881 ιψιν,
1041 2814 1139 2880 τὴν
1169 2814 1223 2866 δὲ
1255 2813 1352 2882 τῆς
1396 2811 1576 2881 ψυχῆς
1609 2812 1770 2877 εὐγέ-

187 2923 245 2958 νε
259 2923 343 2956 ιαν
374 2905 450 2973 τῷ
480 2904 572 2957 τοῦ
604 2906 765 2974 ἧθους
800 2902 855 2957 εὖ
885 2905 1030 2973 μάλα
1060 2906 1451 2966 διαδεικνύντες
1483 2903 1773 2972 ἐλευθερίῳ

200 2997 426 3063 Ἀμέλει
458 3002 548 3050 καὶ
579 3000 625 3050 οἱ
658 2998 763 3051 τῶν
778 2996 1159 3067 περιεστώτων
1189 2997 1458 3065 ὀφθαλμοὶ
1497 2996 1596 3063 τῆς
1633 2994 1775 3047 ἐκεί-

187 3107 300 3141 νων
319 3088 440 3150 θέας
466 3091 602 3153 ὅλως
619 3092 912 3162 ἐξήρτηντο
934 3109 947 3121 ’
968 3090 1060 3144 καὶ
1075 3090 1196 3143 οὐδὲ
1219 3090 1414 3160 ῥαδίως
1464 3089 1558 3140 ἀπ’
1593 3088 1773 3138 αὐτῶν

192 3180 753 3250 ἀφίστασθτιὴθελον,
795 3182 910 3234 ἀλλ’
960 3181 1191 3244 ἐκτενῶς
1220 3185 1298 3243 εἰς
1331 3179 1526 3242 αὐτοὺς
1563 3177 1769 3248 ἐώρων,

189 3274 290 3323 καὶ
319 3273 542 3339 γλυκεῖά
570 3289 652 3334 τις
684 3268 823 3342 ἦσαν
853 3273 1064 3341 θεάτρῳ
1093 3275 1418 3342 πανήγυρις.

271 3363 327 3414 1'.
359 3363 712 3431 Θεασάμενος
737 3366 915 3416 τοίνυν
955 3365 1150 3426 αὐτοὺς
1180 3366 1326 3426 ὅπως
1355 3359 1499 3433 εἶχον
1546 3364 1573 3416 ὁ
1621 3362 1768 3428 δοῦξ,

191 3453 315 3510 εἶτα
347 3459 440 3509 καὶ
465 3458 532 3509 τὰ
557 3457 816 3527 βασιλέως
845 3462 1112 3528 ἀναγνοὺς
1141 3461 1466 3532 γράμματα.
1491 3463 1617 3530 σιγῇ
1646 3459 1770 3512 καθ’

192 3549 391 3602 ἑαυτὸν
429 3547 788 3618 ἀπεθαύμαζε
815 3563 828 3578 ⁸
871 3550 966 3603 καὶ
1001 3551 1162 3605 πάλιν
1197 3550 1394 3613 αὐτοὺς
1443 3550 1775 3603 ὲπανεθεᾶτο

196 3641 344 3709 μέγα
375 3658 428 3692 τι
458 3641 549 3692 καὶ
594 3643 782 3695 καινὸν
820 3640 960 3695 εἶναι
1015 3645 1280 3713 οἰόμενος,
1322 3645 1468 3706 ὅπως
1503 3646 1581 3705 είς
1616 3643 1776 3695 τοῦτο

191 3734 663 3802 γενναιότητός-τε
683 3736 777 3785 καὶ
801 3734 1001 3803 τόλμης
1027 3731 1211 3804 ἦλθον,
1243 3735 1317 3797 ὡς
1365 3737 1456 3787 καὶ
1498 3734 1774 3786 κολάσεων

195 3829 298 3881 καὶ
326 3825 566 3880 ἀπειλῶν
608 3825 699 3876 καὶ
723 3824 880 3894 δόξης
912 3828 1003 3878 καὶ
1053 3826 1216 3878 αὐτοῦ
1260 3825 1323 3895 δὴ
1358 3829 1772 3894 καταφρονῆσαι

189 3918 290 3972 τοῦ
340 3916 604 3984 βασιλέως
638 3917 731 3968 καὶ
769 3919 899 3988 περ)⁵
949 3918 1235 3987 ἐλαχίστου
1268 3917 1461 3969 θέσθαι
1483 3919 1574 3969 τὸν
1607 3916 1773 3970 θάνα-

193 4027 312 4062 τον.
345 4009 448 4061 Τὸν
476 4010 572 4078 τῆς
623 4011 829 4077 τάξεως
879 4014 936 4064 δὲ
967 4013 1112 4078 ὅμως
1155 4013 1586 4081 κομενταρήσιον
1619 4012 1772 4063 καλέ-

194 4117 320 4164 σας,
355 4104 492 4167 Ἱόὺς
533 4106 788 4173 δεσμίους
825 4105 1069 4166 τούτους,
1103 4102 1228 4172 ἔφη,
1264 4103 1621 4173 παραλαϐὼν,
1658 4102 1767 4154 ὐπδ

196 4197 416 4266 φρουρᾷ
453 4203 552 4263 μὲν
583 4198 741 4266 τήρει
786 4211 878 4265 μοι
905 4199 969 4265 τῇ
1001 4197 1386 4266 ἀσφαλεστάτη
1408 4210 1420 4223 ·
1463 4194 1600 4266 πλὴν
1646 4195 1769 4262 μηδ’

191 4285 376 4359 ὁτιοῦν
413 4287 659 4355 λυπηρὸν
685 4287 718 4355 ἣ
765 4286 1062 4356 ἀϐούλητον
1125 4289 1529 4354 ὑπομένοντας·
1568 4289 1771 4358 ὂψομαι

192 4378 306 4444 γὰρ
336 4380 430 4431 καὶ
469 4380 548 4441 είς
590 4379 853 4451 δευτέραν
892 4381 1096 4442 αὐτοὺς
1151 4380 1419 4443 ἐξέτασιν.
1457 4373 1620 4433 Οὗτοι
1668 4373 1782 4452 μὲν

190 4468 312 4532 οὖν,
349 4473 491 4524 κατὰ
526 4471 586 4522 τὸ
613 4471 804 4534 δονκὺς
821 4473 1154 4545 πρόσταγμα
1183 4475 1238 4525 ὲν
1263 4472 1343 4539 τῷ
1365 4474 1600 4542 ἀσφαλεῖ
1625 4476 1771 4527 κλει-

193 4558 418 4623 σθέντες
473 4561 569 4628 τῆς
603 4562 850 4629 φυλακῆς
895 4563 1133 4632 ἑσπέρας
1201 4562 1635 4635 καταλαϐούσης,
1664 4565 1771 4627 ,εἰς

193 4653 511 4722 προσευχὴν
569 4653 795 4716 ἑαυτοὺς
840 4655 1082 4721 ἀνῆκαν·
1131 4655 1453 4724 Ἐπίϐλεψον
1482 4658 1566 4726 ἐφ’
1598 4659 1768 4727 ἡμᾶς,

191 4745 468 4813 λέγοντες,
507 4746 564 4812 ἐξ
600 4747 760 4813 ἁγίου
823 4763 937 4810 σου,
970 4748 1240 4811 Δέσποτα,
1287 4735 1712 4820 κατοικητηρίου
1746 4763 1761 4779 ο

1945 801 2035 856 IX.
2077 803 2211 869 Cum
2249 805 2348 858 bas
2377 805 2580 859 litteras
2623 811 2676 861 et
2727 812 2946 856 sanctos
3005 799 3150 854 viros
3202 798 3447 866 accepis-

1881 905 2002 951 sent
2043 892 2259 956 milites.
2290 897 2427 950 viam
2460 906 2589 950 sunt
2617 894 2868 966 ingressi.
2901 891 3132 957 Quidam
3170 900 3350 944 autem
3387 905 3454 943 ex

1881 989 2120 1050 famulis,
2154 1001 2208 1042 et
2231 988 2388 1042 simili
2422 988 2539 1041 zelo
2569 988 2624 1041 in
2659 989 2943 1056 pietatem,
2993 992 3047 1036 et
3090 984 3141 1035 in
3201 981 3452 1034 dominos

1880 1082 2010 1136 victi
2045 1080 2559 1146 benevolentia,eos
2601 1093 2819 1147 quoque
2871 1085 3000 1130 sunt
3042 1073 3240 1135 secuti,
3298 1075 3452 1140 quasi

1881 1188 1988 1226 non
2022 1188 2247 1240 corpora
2291 1172 2461 1224 solum
2487 1170 2610 1240 legi,
2642 1169 2734 1223 sed
2763 1170 2925 1222 etiam
2954 1167 3165 1220 animas
3205 1166 3450 1219 volentes

1880 1262 1994 1317 Deo
2024 1264 2248 1317 servire.
2290 1261 2394 1327 Qui
2425 1262 2587 1316 etiam
2617 1260 2907 1314 audierunt
2943 1267 3161 1310 sanctos
3201 1257 3340 1309 inter
3389 1268 3448 1308 se

1879 1354 2272 1422 colloquentes,
2309 1363 2360 1406 et
2392 1354 2659 1414 dicentes,
2703 1349 2846 1415 quod
2870 1357 3051 1411 nocte,
3088 1362 3192 1414 qua
3247 1339 3454 1414 egressi

1834 1458 1839 1466 '
1881 1455 2004 1500 sunt
2039 1462 2068 1499 e
2101 1447 2324 1499 civitate
2358 1443 2750 1502 Romanorum,
2777 1441 2959 1494 divina
2990 1441 3233 1507 quaedam
3286 1448 3454 1502 appa-

1879 1555 2004 1593 rens
2030 1539 2163 1592 visio
2191 1538 2355 1605 jussit
2384 1554 2477 1591 eos
2500 1535 2797 1599 conlidere,
2825 1542 2876 1587 et
2913 1533 3054 1586 bono
3087 1545 3208 1583 esse
3267 1528 3452 1581 animo
3506 1556 3508 1558 τ

1881 1631 1946 1684 ad
2003 1624 2301 1692 certamen,
2363 1637 2420 1682 et
2475 1628 2730 1680 alacriter
2803 1624 3014 1696 ingredi
3082 1622 3286 1676 bonum
3351 1619 3454 1672 iter

1883 1735 2107 1797 propter
2156 1725 2455 1778 Christum.
2492 1723 2856 1787 Quamobrem
2900 1720 2998 1772 etsi
3052 1726 3236 1770 essent
3278 1714 3451 1767 ferrea

1881 1821 1966 1874 illa
1990 1819 2158 1873 vincti
2183 1827 2395 1880 catena,
2426 1817 2559 1870 citra
2592 1813 2894 1868 molestiam
2930 1820 2982 1863 et
3019 1824 3138 1862 cum
3174 1807 3454 1873 voluptate

1881 1910 2179 1979 psallebant
2211 1925 2223 1962 :
2256 1907 2312 1960 In
2341 1907 2424 1959 via
2459 1903 2896 1958 testimoniorum
2934 1910 3150 1953 tuorum
3201 1893 3456 1949 delectati

1880 2019 2088 2062 sumus.
2126 2002 2375 2059 Domine.
2411 2009 2666 2066 tanquam
2703 1993 2768 2049 in'
2798 1995 3054 2048 omnibus
3111 1989 3341 2044 divitiis.
3397 1988 3455 2040 In

1879 2092 2362 2163 justiﬁeationibus
2390 2091 2494 2143 tuis
2521 2086 2767 2142 meditati
2804 2100 3015 2146 sumus,
3074 2091 3130 2134 et
3165 2081 3298 2148 legis
3352 2089 3459 2132 tua

1884 2200 1991 2239 non
2018 2199 2206 2237 sumus
2223 2183 2394 2235 obliti.
2426 2181 2483 2233 In
2516 2178 2790 2234 mandatis
2815 2179 2920 2231 tuis
2957 2171 3371 2230 meditabimur,
3404 2179 3459 2222 et

1881 2277 2227 2347 exquiremus
2277 2275 2391 2327 vias
2429 2282 2571 2326 tuas.
2628 2271 2910 2328 Vivemus.
2972 2275 3026 2319 et
3083 2262 3457 2318 custodiemus

1882 2382 2164 2422 sermones
2225 2376 2369 2420 tuos.
2421 2363 2557 2419 Cum
2611 2378 2740 2431 ergo
2817 2371 2985 2414 totum
3023 2355 3150 2410 illud
3196 2354 3299 2406 iter
3320 2352 3457 2404 citra

1881 2461 2124 2514 laborem
2154 2458 2544 2513 confecissent.
2576 2457 2930 2508 diversantur
2959 2451 3011 2502 in
3036 2447 3268 2514 quadam
3318 2443 3452 2496 civi-

1881 2558 1989 2601 tate
2016 2591 2028 2609 .
2066 2548 2284 2602 nomine
2315 2545 2628 2606 Barbaleso,
2666 2556 2834 2612 prope
2878 2537 3155 2606 regionem
3225 2529 3453 2584 Limita-

1871 2650 2127 2693 'neorum.
2155 2638 2273 2703 Quo
2299 2640 2350 2690 in
2371 2639 2491 2691 loco
2511 2653 2632 2689 cum
2664 2638 2770 2688 dux
2799 2640 3106 2686 versaretur
3126 2621 3451 2684 Antiochus,

1881 2743 2006 2787 ante
2033 2748 2153 2786 eum
2173 2739 2300 2784 sum
2319 2729 2593 2799 producti,
2619 2727 2723 2778 laeti
2749 2723 2967 2792 quidem
2995 2728 3050 2772 et
3075 2718 3224 2770 vultu
3261 2713 3452 2775 alacri,

1882 2828 2050 2881 animi
2102 2836 2282 2880 autem
2341 2822 2676 2877 nobilitatem
2729 2811 3452 2871 liberalibus-ostendentes

1881 2921 2145 2974 moribus.
2182 2921 2381 2973 Eorum
2415 2918 2622 2984 itaque,
2648 2913 2736 2982 qui
2766 2914 2914 2980 ipsos
2942 2903 3448 2963 circumsistebant,

1881 3011 2020 3068 ocnli
2049 3019 2204 3064 erant
2240 3023 2430 3063 omnes
2467 3009 2518 3058 in
2556 3021 2650 3059 eos
2689 3003 2924 3068 conjecti
2961 3017 2973 3053 :
3030 3009 3084 3053 et
3141 3011 3239 3050 nec
3289 2993 3452 3048 facile

1880 3104 2240 3166 desistebant,
2279 3103 2370 3155 sed
2401 3098 2554 3151 ﬁrmo
2583 3107 2635 3150 et
2667 3097 2879 3148 intento
2909 3098 3100 3144 obtutu
3158 3103 3253 3141 eos
3309 3085 3456 3154 aspi-

1879 3197 2126 3257 ciebant;
2163 3205 2425 3264 erantque
2472 3191 2573 3263 ipsi
2609 3189 2821 3243 theatro
2845 3183 3148 3256 jucundum
3179 3179 3451 3250 quoddam

1878 3286 2269 3357 spectaculum.

1950 3377 2016 3432 Χ.
2069 3377 2203 3432 Cum
2275 3389 2372 3430 eos
2427 3389 2556 3443 ergo
2615 3373 2840 3427 vidisset
2893 3369 2998 3423 dux
3052 3366 3328 3436 quomodo
3397 3380 3458 3420 se

1881 3471 2171 3533 baberent,
2214 3479 2269 3523 et
2297 3467 2495 3522 deinde
2532 3467 2694 3520 etiam
2724 3465 2942 3532 legisset
2973 3462 3181 3514 litteras
3215 3461 3451 3523 impera-

1881 3567 2034 3626 toris,
2062 3563 2259 3616 tacitus
2294 3562 2436 3630 apud
2471 3575 2529 3614 se
2567 3557 2956 3616 admirabatur,
3005 3562 3082 3606 et-
3113 3567 3208 3604 eos
3267 3563 3460 3604 rursus

1882 3653 2370 3721 contemplabatur.
2405 3665 2659 3718 magnum
2692 3647 2821 3716 quid
2852 3660 2972 3700 esse
2995 3654 3051 3698 et
3084 3657 3284 3696 novum
3310 3641 3457 3696 exis-

1879 3749 2103 3806 timans.
2135 3743 2279 3813 quod
2299 3743 2362 3797 ad
2398 3751 2599 3796 tantam
2668 3737 3067 3807 processissent
3117 3733 3282 3787 animi
3344 3746 3463 3785 ma-

1877 3837 2248 3911 gnitudinem,
2288 3845 2345 3887 ut
2375 3846 2425 3888 et
2451 3833 2737 3903 supplicia,
2763 3841 2818 3883 et
2856 3828 3051 3890 minas,
3103 3834 3158 3879 et
3202 3823 3451 3894 gloriam,

1875 3943 1930 3987 et
1982 3933 2160 4001 ipsum
2210 3929 2376 3981 etiam
2461 3925 2815 3993 despicerent
2861 3921 3279 3990 imperatorem,
3345 3917 3454 3970 imo

1877 4032 2105 4078 mortem
2132 4033 2348 4089 quoque
2377 4018 2587 4072 minimi
2625 4014 2888 4069 lacerent.
2943 4012 3224 4064 Accersito
3269 4017 3452 4062 autem

1876 4110 2352 4168 commentariensi
2382 4126 2395 4162 :
2430 4109 2651 4176 Accipe.
2686 4105 2884 4173 inquit,
2912 4102 3012 4155 hos
3049 4103 3276 4159 vinctos.
3303 4109 3359 4154 et
3395 4100 3449 4152 in

1876 4203 2119 4258 custodia
2144 4203 2360 4271 quidem
2394 4214 2551 4252 serva
2579 4197 2848 4252 tutissima
2875 4237 2888 4260 ,
2917 4194 3053 4248 nihil
3080 4202 3260 4246 autem
3290 4205 3453 4263 grave

1874 4306 1968 4349 aut
2029 4295 2314 4348 molestum
2373 4291 2709 4346 sustinentes
2766 4305 2779 4341 :
2841 4302 2940 4340 eos
3006 4286 3152 4338 enim
3231 4299 3455 4336 reservo

1874 4387 2287 4444 examinationi.
2324 4386 2502 4454 Atque
2535 4383 2567 4435 ii
2600 4380 2822 4452 quidem
2857 4380 3016 4448 jussu
3045 4376 3203 4430 ducis
3233 4375 3289 4429 in
3332 4384 3450 4430 tuta

1875 4481 2069 4535 inclusi
2123 4477 2391 4542 custodia,
2452 4491 2576 4530 cum
2634 4474 2879 4528 venisset
2932 4485 3183 4540 vespera,
3237 4469 3449 4537 seipsos

1874 4575 2146 4628 dederunt
2180 4570 2413 4624 orationi
2443 4591 2455 4623 :
2489 4568 2719 4637 Adspice
2755 4567 2823 4619 ad
2854 4578 2978 4626 nos,
3018 4563 3286 4623 dicentes,
3335 4558 3448 4613 Do-

1874 4666 2040 4728 mine,
2071 4679 2102 4718 e
2134 4673 2322 4718 sancto
2360 4673 2451 4714 tuo
2483 4659 2834 4714 habitaculo:
2882 4656 3140 4727 quooiam
3192 4653 3450 4706 inimicus

1874 4771 1976 4809 nos
2002 4756 2214 4824 probris
2245 4754 2446 4814 alIecit,
2501 4761 2554 4805 et
2614 4750 2846 4821 p0pulus
2901 4747 3164 4816 insipiens
3221 4745 3454 4797 irritavit

196 4838 280 4890 ὃτι
312 4841 340 4890 ὁ
369 4840 560 4909 ἐχθρὸς
589 4840 872 4892 ὡνείδισ;ν
902 4843 1050 4911 ἡμᾶς
1102 4842 1191 4894 διὰ
1218 4843 1277 4893 τὸ
1323 4843 1414 4894 σὺν
1445 4841 1637 4911 ὄνομα,
1671 4840 1765 4895 καὶ

1876 4862 2077 4900 nomen
2114 4856 2363 4897 sanctum
2405 4852 2579 4900 tuum.
2642 4842 2707 4895 Et
2759 4855 2827 4893 ne
2890 4839 3072 4892 tradas
3140 4833 3455 4887 horninibus

190 4931 318 4993 λαὸς
359 4931 546 4998 ἄρρων
571 4933 854 5001 παρώξυνε
875 4940 936 4988 τὸ
975 4935 1151 5003 ὄνομά
1202 4955 1298 4988 σου
1334 4938 1398 4989 τὸ
1429 4938 1583 5004 ἅγιον
1615 4954 1630 4968 ο
1667 4938 1767 4988 καὶ

196 5022 270 5092 μὴ
305 5021 564 5092 πάραδῴς
601 5023 910 5092 ἀνθρώποις
943 5025 1149 5096 θηρίων
1172 5029 1534 5096 ἀγριωτέροις
1591 5027 1766 5095 ψυχάς

191 5117 696 5186 ἐξομολογουμένας
724 5133 807 5169 σοι
834 5132 847 5144 ·
890 5121 1006 5172 ἀλλ’
1028 5121 1432 5193 ἐπίϐλεψονιεὶς
1453 5121 1552 5190 τὴν
1575 5122 1766 5190 διαθή-

191 5230 297 5282 κην
332 5230 448 5276 σου,
477 5204 570 5267 καὶ
600 5214 890 5268 ἀντιλαϐοῧ
919 5215 1096 5284 ἡμῶν,
1135 5217 1329 5286 Κύριε,
1357 5216 1451 5268 καὶ
1486 5216 1765 5285 λύτρωσαι

189 5307 343 5374 ἡμᾶς
371 5309 556 5360 ἕνεκεν
587 5309 680 5360 τοῦ
711 5309 971 5377 ὀνόματός
1019 5324 1115 5360 σου
1145 5323 1158 5338 '
1182 5310 1262 5361 ὅτι
1295 5311 1326 5376 ἡ
1379 5310 1765 5376 ὑπερήφανεια

189 5391 303 5452 τ’ῶν
337 5402 641 5470 μισούντων
676 5420 759 5468 σε,
795 5404 1022 5470 γέγονεν
1050 5403 1134 5471 ἐφ’
1176 5405 1323 5470 ἡμᾶς
1375 5403 1598 5472 ἰσχυρά.
1660 5402 1768 5455 Kal.

186 5497 290 5565 τῆς
315 5498 481 5566 εὐχῆς
523 5499 619 5568 ἤδη
655 5499 1024 5570 τελεσθείσης,
1060 5499 1232 5567 βραχὺ
1270 5497 1402 5566 πρὸς
1453 5496 1621 5548 ὕπνον
1653 5494 1767 5545 δια-

187 5591 482 5660 τραπεῖσιν
529 5591 756 5660 ἄγγελος
811 5593 993 5653 αὐτοῖς
1039 5593 1288 5654 ἐπιστὰς,
1349 5589 1482 5657 ἡλίῳ
1548 5586 1767 5657 μὲντὴν

192 5681 414 5754 μορφὴν
449 5685 662 5750 ἐοικὼς,
704 5684 928 5754 φαιδρὸν
951 5685 1004 5737 δὲ
1037 5683 1132 5736 καὶ
1190 5683 1288 5751 τῆς
1327 5682 1552 5749 ἐσθῆτος
1601 5681 1768 5746 αὐτῆς

185 5777 543 5846 ἀπολάμπον,
591 5781 879 5852 Θαρσεῖτε,
934 5779 1069 5848 φησὶ
1109 5779 1245 5847 πρὸς
1305 5777 1516 5831 αὐτοὺς.
1586 5775 1633 5826 οἱ
1669 5771 1760 5824 τοῦ

193 5870 438 5945 Χριστοῦ
467 5869 665 5940 δοῦλοι,
698 5875 790 5926 καὶ
826 5875 900 5941 μὴ
933 5871 1219 5940 φοϐεῖσθε’
1252 5866 1524 5939 ἑδραῖοιδὲ
1563 5866 1762 5936 μᾶλλον

1879 4939 2006 4993 feris
2049 4938 2461 4990 immanioribus
2505 4937 2714 4987 animas
2773 4931 2868 4985 tibi
2936 4928 3312 4984 conﬁtentes:
3357 4926 3455 4980 sed

1880 5033 2064 5100 aspice
2127 5031 2193 5083 ad
2244 5034 2632 5081 testamentum
2693 5035 2886 5087 tuum,
2941 5033 2997 5077 et
3055 5019 3272 5088 suscipe
3326 5031 3451 5082 nos,

1878 5121 2123 5182 Domine,
2182 5130 2235 5171 et
2303 5120 2507 5172 redime
2567 5132 2669 5171 nos
2716 5126 2949 5185 propter
3009 5126 3206 5166 nomen
3275 5119 3449 5164 tuum.

1879 5214 2142 5279 Quoniam
2174 5213 2428 5280 superbia
2465 5225 2677 5273 eorum,
2715 5209 2806 5277 qui
2840 5215 2890 5261 te
2951 5206 3211 5268 oderunt,
3264 5203 3319 5255 in
3351 5218 3450 5257 nos

1876 5308 2053 5360 evasit
2086 5305 2384 5357 vehemens
2414 5317 2477 5354 ac
2509 5307 2726 5371 potens.
2763 5298 3004 5352 Peractis
3036 5303 3220 5348 autem
3275 5295 3448 5364 precio

1872 5401 1993 5456 bus.
2039 5414 2162 5451 cum
2196 5399 2259 5450 ad
2281 5411 2529 5449 somnum
2560 5403 2744 5449 essent
2774 5387 3049 5452 conversi,
3074 5389 3154 5443 eis
3179 5403 3449 5458 apparens

1870 5494 2094 5561 angelus
2119 5531 2132 5552 ,
2166 5491 2259 5542 soli
2298 5489 2517 5557 quidem
2549 5489 2722 5544 fortun
2754 5488 2964 5551 similis,
2999 5495 3056 5540 et
3081 5500 3148 5540 ex
3181 5485 3295 5552 ipsa
3313 5500 3452 5552 quo-

1873 5603 1977 5656 que
2003 5594 2147 5637 veste
2180 5583 2360 5636 laetum
2397 5583 2744 5652 splendorem
2793 5581 3051 5635 emittens
3089 5594 3105 5634 :
3157 5576 3448 5641 Coniidite,

1872 5683 1951 5733 eis
1972 5679 2128 5736 dixit,
2167 5677 2312 5730 servi
2351 5676 2579 5736 Christi.
2609 5686 2662 5729 et
2701 5675 2870 5728 nolite
2897 5673 3120 5736 timere;
3151 5670 3246 5725 sed
3303 5678 3447 5723 state

1877 5767 2015 5826 ﬁrmi
2066 5777 2119 5820 et
2176 5769 2398 5822 stabiles
2458 5767 2510 5819 in
2568 5765 2778 5819 Domini
2829 5763 3001 5817 nostri
3056 5761 3185 5816 Jesu
3239 5755 3442 5814 Christi

1871 5861 2225 5918 confessione.
2252 5860 2269 5914 1
2280 5875 2373 5931 pse
2391 5860 2535 5914 enim
2551 5867 2632 5913 est
2651 5856 2947 5920 vobiscum,
2963 5852 3217 5908 defensor
3234 5854 3435 5905 vester.
3461 5859 3465 5863 ‘
