4188 6432
197 434 346 500 1021

1163 431 1620 494 MARTYRIUM
1659 432 1764 492 SS.
1800 430 2060 489 SERGII
2103 430 2199 490 ΕΤ
2239 430 2529 494 BACCHL

3309 426 3442 491 1022

191 545 426 594 πείσειν
477 543 675 604 αὐτοὺς
716 541 1067 612 βουληθῆναι,
1114 544 1296 604 ὁποῖος
1340 541 1402 611 δὴ
1444 539 1766 608 sussemet

1884 538 2237 602 sententiam,
2302 547 2489 606 utpote
2573 534 2715 606 quod
2794 535 2860 590 ad
2914 535 3029 590 haec
3085 536 3442 606 excogitanda

188 634 507 706 τεχνᾶσθαι
553 635 727 688 ταῦτα
785 635 1083 704 βαρύτατός
1127 651 1185 687 τε
1223 635 1314 686 καὶ
1361 631 1772 694 ποικιλώτατος.

207 724 386 778 Ἀλλά
441 727 704 790 τοιούτοις
761 727 914 796 μὲνῤ
975 727 1267 794 Ἀντίοχος,
1315 725 1506 796 ὥσπερ
1544 725 1777 792 ἔφημεν,

199 819 561 888 θελκτηρίοις
603 819 966 872 ὐποκλέπτειν
997 821 1062 872 τὰ
1106 819 1300 887 πρῶτα
1357 818 1536 886 λόγοις
1585 819 1778 880 αὐτοὺς

193 914 509 982 ἐπειρᾶτο;
546 911 672 965 Εἶτα
706 911 1013 978 προσετίθει
1036 912 1093 962 τὸ
1121 913 1345 973 καὶτοῖς
1381 911 1777 980 φοϐερωτέροις

195 1005 305 1056 τοῦ
343 1005 544 1056 σκοποῦ
587 1005 966 1072 μετακινῆσαι,
998 1004 1091 1056 καὶ
1115 1005 1212 1072 τῆς
1246 1007 1540 1072 ὲργάσεως,
1577 1004 1634 1054 Εἰ
1669 1004 1775 1072 γάρ

199 1095 287 1162 μὴ
349 1095 656 1164 πεισθείητε
713 1113 835 1164 μου,
893 1095 1090 1160 λέγων,
1175 1098 1298 1156 ταῖς
1366 1097 1774 1162 παρπινέσεσιν,

195 1188 428 1256 ἀνάγκη
477 1205 566 1258 μοι
622 1189 836 1249 πάντως
879 1188 1028 1239 ἔσται
1061 1189 1155 1240 καὶ
1203 1187 1271 1239 τά
1321 1185 1772 1254 προστεταγμένα

195 1285 421 1332 ποιεῖν·
474 1282 566 1332 καὶ
605 1281 678 1341 ὠς
706 1279 896 1346 ἐχθρίν
931 1281 1129 1347 μᾶλλον
1257 1279 1498 1349 ὑμετέρᾳ
1544 1279 1776 1346 προσφέ-

197 1369 402 1438 ρεσθαι
423 1369 889 1439 μεγαλοπρεπείᾳ..
909 1369 1016 1422 Καὶ
1038 1369 1199 1432 πολὺς
1221 1365 1288 1436 ἦν
1310 1369 1506 1438 ἐςεξῆς
1532 1373 1640 1430 τοῖς
1667 1369 1773 1420 τῶν

195 1460 582 1529 κολαστηρίων
613 1460 841 1529 ὀνόμασι
890 1463 980 1513 καὶ
1034 1463 1153 1524 ταῖς
1220 1460 1490 1522 ἀπειλαῖς.
1532 1461 1673 1513 Ἀλλ’
1722 1463 1770 1513 οἱ

195 1552 356 1617 ἅγιοι
387 1538 667 1620 μάρτυρες
715 1551 838 1604 οῦτε
893 1552 1157 1614 θωπείαις
1203 1551 1619 1623 μαλαττόμενα,
1650 1548 1770 1605 οὔτε

195 1644 466 1705 ἀπειλαῖς
516 1645 960 1715 ταπεινούμενοι,
1006 1646 1129 1706 Τοῖς
1175 1645 1267 1697 τὸν
1309 1647 1542 1714 Χριστὸν
1587 1646 1766 1713 μόνον,

194 1733 385 1798 εἶπον,
418 1729 460 1788 ὦ
485 1737 737 1802 δικαστά,
763 1739 853 1790 καὶ
887 1738 984 1804 τὴν
1013 1738 1144 1806 παρ’
1187 1737 1335 1806 αὐτῷ
1381 1737 1768 1806 κρυπτομένην

193 1827 354 1896 ζωὴν
381 1829 634 1899 κερδάναι
661 1830 1067 1900 προελομένοις,
1088 1829 1303 1892 οὐδενὸς
1324 1830 1475 1897 μέλει
1495 1831 1600 1882 τῶν
1617 1831 1767 1900 ῥεόν-

191 1938 313 1973 των
359 1924 563 1975 τούτων
614 1923 704 1975 καὶ
749 1924 1146 1992 φθειρομένων,
1176 1924 1236 1976 οῦ
1267 1924 1453 1993 τιμῆς,
1495 1923 1555 1976 οὐ
1588 1923 1764 1993 δόξης,

190 2015 260 2064 οὗ
314 2015 648 2083 δυναμένων.
689 2015 790 2067 Ἴδε
823 2017 953 2084 γάρ,
997 2019 1180 2085 ἡμεῖς,
1229 2019 1321 2070 καὶ
1373 2018 1614 2070 ἀπειλῶν
1659 2017 1768 2070 τῶν

199 2106 359 2174 παρὰ
427 2107 520 2157 σοῦ
573 2107 664 2157 καὶ
699 2105 998 2158 κολανειῶν
1051 2109 1250 2177 ἐπίσης
1296 2107 1764 2177 καταφρονοῦμεν,

194 2197 298 2248 καὶ
323 2197 533 2260 οὐδενὸς
557 2198 691 2277 ὅλως
716 2198 823 2250 τῶν
852 2201 1128 2269 ὑμετέρων
1151 2202 1527 2270 φροντίζομεν,
1553 2202 1767 2256 Παῦσαι

197 2293 505 2364 τοιγαροῦν
537 2293 749 2361 πονηρά
781 2295 921 2344 κατὰ
951 2293 1042 2344 τὸν
1083 2293 1207 2360 ὅφιν
1269 2295 1401 2363 ἡμῖν
1456 2297 1546 2348 καὶ
1602 2296 1767 2358 αὐτὸς

199 2383 613 2450 συμϐουλεύων.
658 2383 904 2450 Ὀρῶμεν
943 2385 1052 2454 γάρ
1088 2387 1192 2438 ὑπὸ
1226 2386 1295 2438 τά
1341 2387 1494 2458 χείλη
1551 2404 1643 2440 σου
1674 2386 1766 2440 τὸν

201 2474 308 2533 ἰὸν.
340 2475 432 2526 καὶ
478 2474 565 2526 διὰ
603 2473 764 2526 τοῦτο
791 2477 884 2529 καὶ
939 2476 1038 2545 τὴν
1072 2479 1384 2550 συμϐουλὴν
1421 2483 1494 2542 ὡς
1524 2481 1765 2549 χαλεπὴν

191 2560 366 2619 οὖσαν
398 2566 689 2636 ἐπιϐουλὴν
720 2570 1116 2639 ἐκτρεπόμεθα.
1154 2571 1243 2640 Μὴ
1299 2573 1478 2625 τοίνυν
1510 2573 1764 2638 ἐξαπατῶ

192 2660 292 2712 τὸν
329 2666 516 2729 καιρὸν
543 2663 621 2722 είς
651 2662 830 2731 μάτην
857 2663 1165 2716 ἀναλίσκων
1192 2666 1284 2717 καὶ
1332 2666 1503 2718 κενῶν
1532 2667 1764 2722 ἐλπίδων

193 2750 475 2816 ἱκόμενος.
531 2751 668 2802 Οὔτε
711 2752 818 2820 γάρ
843 2753 1084 2818 κολάζων
1125 2757 1396 2826 αἱρήσεις,
1446 2755 1568 2809 οὔτε
1606 2760 1764 2810 ἀπει-

188 2839 302 2892 λῶν
341 2840 546 2902 πείσεις
597 2843 923 2895 καταλιπεῖν
961 2847 1050 2897 τον
1110 2847 1288 2910 ζῶντα
1349 2849 1502 2912 Θεὸν,
1542 2849 1759 2915 δαίμοσι

194 2933 253 2982 δι
309 2935 513 2999 κωφοῖς
567 2935 658 2986 καὶ
717 2937 1070 3005 ἀναισθήτοις
1114 2939 1305 2992 θυσίαν
1349 2945 1758 3010 προσενεγκεῖν.

204 3023 373 3092 Ἡμῖν
404 3027 515 3096 γάρ
551 3028 643 3079 καὶ
679 3028 738 3080 τὸ
775 3029 864 3081 διὰ
909 3031 1146 3099 Χριστὸν
1175 3033 1398 3098 ἀγαθὸν,
1454 3036 1544 3087 καὶ
1584 3035 1644 3087 τὸ
1691 3037 1761 3088 δι’

193 3117 362 3167 αὑτὸν
399 3119 562 3172 πάλιν
615 3120 904 3175 ἀποθανεῖν
933 3123 1138 3192 κέρδος.
1188 3125 1259 3177 Σὺ
1306 3124 1362 3176 δὲ
1407 3125 1523 3178 ἀλλ’
1565 3127 1663 3178 οῦκ
1693 3127 1760 3180 ἂν

1884 627 2244 684 Maximianus
2274 639 2419 683 esset
2457 625 2778 682 vaferrimus
2834 637 2887 682 et
2949 627 3440 698 ingeniosissimus.

1880 718 1987 774 Sed
2027 720 2113 774 his
2160 721 2378 788 quidem
2435 720 2646 774 blandis
2690 727 2745 774 et
2801 720 3203 789 pellieieutibus
3261 719 3441 774 verbis

1877 815 2030 883 prius
2087 814 2385 867 conabatur
2433 827 2527 866 eos
2584 812 2786 866 illicere
2855 812 3177 865 Antiochus.
3235 811 3440 866 Deinde

1877 918 2108 962 conatus
2140 919 2222 962 est
2244 909 2405 961 etiam
2431 916 2640 962 terrore
2671 921 2766 960 eos
2795 922 2820 958 a
2854 922 3020 975 scopo
3049 907 3330 962 traducere
3383 913 3440 958 et

1879 1000 2182 1050 constantia
2211 1015 2224 1050 :
2253 997 2308 1050 Si
2340 999 2484 1050 enim
2518 997 2670 1060 meis,
2728 998 2937 1058 dicens,
2999 1011 3104 1050 non
3147 995 3437 1064 parueritis

1878 1091 2374 1154 adhortationibus,
2425 1092 2529 1144 erit
2558 1092 2686 1143 milii
2731 1092 2956 1143 omnino
2987 1104 3210 1142 necesse
3261 1087 3436 1141 facere

1875 1199 1994 1252 qua:
2032 1191 2158 1236 sunt
2198 1183 2457 1250 imperata
2497 1198 2510 1233 :
2549 1191 2602 1235 et
2653 1197 2758 1241 me.
2814 1192 3066 1249 tanquam
3132 1181 3433 1240 inimicum,

1875 1289 2059 1344 gerere
2109 1276 2164 1326 in
2214 1285 2448 1327 vestram
2514 1273 2991 1341 magnificentiam.
3044 1271 3107 1324 Et
3157 1281 3277 1340 post
3324 1273 3438 1324 hac

1877 1367 2080 1420 multus
2118 1364 2220 1417 fuit
2249 1366 2298 1417 in
2329 1365 2714 1419 enumerandis
2767 1357 3100 1417 nominibus
3131 1372 3437 1416 tormento-

1874 1471 2016 1518 rum,
2047 1467 2100 1509 et
2146 1457 2309 1510 minis
2356 1455 2708 1508 intentandis.
2765 1454 2868 1507 Sed
2919 1452 3088 1506 sancti
3151 1464 3434 1521 martyres,

1873 1562 2052 1615 neque
2081 1547 2360 1602 blanditiis
2383 1545 2637 1607 emolliti,
2677 1560 2855 1614 neque
2903 1545 3064 1599 minis
3090 1545 3284 1614 dejecti
3309 1563 3322 1597 :
3343 1544 3432 1608 Iis,

1871 1641 2262 1709 dixerunt,qui
2316 1640 2594 1694 Christum
2646 1638 2838 1702 solum,
2882 1654 2913 1691 ο
2955 1639 3134 1706 iudex.
3195 1646 3249 1690 et
3317 1649 3437 1702 (μηδ

1872 1732 2012 1800 apud
2039 1731 2214 1800 ipsum
2239 1731 2502 1784 absconsa
2531 1739 2634 1794 est,
2666 1735 2829 1782 vitam
2881 1728 3073 1782 Iucrati
3121 1727 3431 1787 statuerint,

1872 1825 2006 1878 nihil
2043 1834 2125 1879 est
2153 1839 2296 1878 cura:
2325 1838 2388 1878 ex
2442 1823 2506 1876 iis
2537 1838 2656 1891 quae
2680 1814 2853 1877 fluunt
2879 1830 2933 1876 et
2957 1822 3266 1880 intereunt,
3323 1833 3434 1871 non

1870 1919 2067 1984 honor,
2091 1932 2200 1971 non
2233 1916 2421 1986 gloria,
2460 1929 2568 1967 non
2609 1913 2866 1982 potentia,
2908 1927 3015 1965 non
3045 1911 3244 1980 aliquid
3284 1907 3433 1962 aliud

1870 2023 2078 2083 eorum,
2111 2023 2230 2077 qua:
2258 2018 2350 2060 aut
2379 2005 2688 2059 demulcere
2725 2012 2973 2072 possunt,
3038 2011 3131 2055 aut
3188 1999 3433 2054 molestia

1870 2101 2102 2156 allicere.
2143 2099 2252 2153 Nos
2281 2099 2423 2153 enim
2451 2108 2502 2152 et
2547 2109 2664 2151 tuas
2710 2097 2905 2159 minas,
2943 2105 2998 2148 et
3035 2094 3322 2148 blanditias
3367 2106 3430 2144 ex

1867 2210 2022 2263 aequo
2061 2193 2484 2248 contemnimus.
2514 2189 2676 2244 Ccssa
2710 2204 2837 2258 ergo
2880 2197 2936 2240 tu
2989 2200 3225 2255 quoque,
3289 2182 3434 2236 sicut

1871 2300 2098 2356 serpens
2135 2284 2290 2340 nobis
2317 2283 2453 2338 mala
2483 2280 2792 2334 consulere.
2822 2279 3083 2332 Videmus
3102 2277 3246 2330 enim
3281 2275 3430 2326 virus

1869 2378 1970 2432 sub
2008 2378 2110 2430 tuis
2139 2376 2305 2428 labris
2336 2393 2349 2427 :
2383 2383 2436 2428 et
2462 2373 2597 2427 ideo.
2630 2372 2913 2426 consilium
2963 2379 3112 2422 tuum
3173 2379 3427 2435 tanquam

1869 2485 2060 2541 graves
2090 2482 2407 2523 aversamur
2431 2467 2680 2519 insidias.
2707 2464 2784 2518 Ne
2827 2478 2958 2532 ergo
3014 2459 3239 2518 fallaris,
3288 2469 3428 2510 tem-

1869 2579 1969 2633 pus
2010 2564 2212 2616 frustra
2247 2573 2594 2617 consumens.
2635 2566 2690 2609 et
2727 2571 2755 2608 a
2816 2568 2953 2606 vana
2995 2565 3090 2620 spe
3127 2548 3373 2618 pendens
3412 2562 3426 2598 :

1867 2671 2046 2725 neque
2074 2655 2220 2708 enim
2263 2655 2495 2722 puniens
2552 2646 2927 2719 expugnabis,
2990 2657 3167 2711 neque
3216 2641 3432 2693 minans

1869 2749 2241 2819 persuadebis,
2279 2756 2334 2799 ut
2368 2745 2639 2797 viventem
2666 2741 2881 2808 quidem
2934 2740 3100 2790 Deum
3159 2734 3433 2800 relinqua-

1869 2857 2011 2906 mus,
2039 2833 2375 2894 dzemonib'us
2400 2845 2583 2888 autem
2613 2831 2795 2885 surdis
2813 2839 2866 2884 ct
2888 2828 3036 2882 nullo
3084 2840 3248 2879 sensu
3301 2836 3433 2892 pra:-

1867 2935 1994 2988 ditis
2026 2933 2329 2986 oll'eramus
2365 2927 2712 2983 sacrificium.
2743 2923 2911 2977 Nobis
2941 2920 3084 2975 enim
3109 2927 3163 2971 et
3212 2925 3432 2986 propter

1865 3025 2140 3080 Christum
2194 3023 2393 3082 vivere.
2446 3029 2531 3073 est
2573 3019 2826 3071 bonum:
2873 3023 2926 3067 et
2978 3007 3198 3080 propte‘r
3253 3009 3428 3076 ipsum

1865 3134 2057 3174 rursus
2089 3115 2249 3177 mori,
2284 3115 2518 3169 lucrum.
2553 3111 2632 3164 Tu
2671 3118 2850 3162 autem
2880 3105 3015 3159 nihil
3048 3104 3153 3156 tale
3189 3101 3434 3170 potueris

189 3207 337 3277 ἔχοις
361 3227 411 3262 τι
438 3215 529 3265 καὶ
552 3215 712 3276 αὐτὸς
742 3217 982 3270 τοιοῦτον
1005 3235 1067 3269 πε
1079 3221 1126 3283 pl
1162 3218 1269 3270 τῶν
1289 3220 1502 3272 ο”κείων
1525 3217 1757 3272 εἰδώλων

1863 3211 2045 3264 dicere
2079 3209 2147 3262 de
2173 3208 2278 3260 tuis
2318 3203 2646 3258 simulacris.
2687 3199 2823 3254 Vere
2882 3198 3026 3251 enim
3091 3204 3218 3249 sunt
3257 3212 3273 3244 ι
3343 3208 3431 3245 ar-

187 3300 390 3356 είπεῖν.
431 3303 668 3370 Ἀληθῶς
695 3306 802 3373 γάρ
820 3301 1078 3376 ἀργύριόν
1100 3313 1204 3361 εἰσι
1237 3312 1328 3362 καὶ
1357 3314 1576 3380 χρυσῖον
1598 3311 1754 3383 ἔργα,

189 3394 399 3461 χειρῶν
431 3395 754 3464 ἀνθρώπων,
781 3399 934 3450 οὐδὲν
959 3401 1086 3462 τοὺς
1115 3404 1195 3463 εἰς
1241 3402 1379 3455 αὐτὰ
1428 3404 1757 3468 πεποιθότας

188 3487 402 3553 (iniqu:
433 3487 729 3558 δυνάμενα.
767 3491 984 3560 Ὅμοιοι
1009 3494 1193 3556 αὐτοῖς
1217 3498 1456 3563 γένοιντο
1479 3498 1527 3549 οἱ
1557 3498 1760 3564 τιμῶν-

188 3592 285 3640 τες
316 3579 478 3642 αὐτὰ,
515 3580 607 3632 καὶ
637 3582 835 3644 πάντες
863 3585 909 3633 oi
950 3585 1267 3648 πεποιθότες
1296 3588 1383 3636 ἐπ’
1410 3588 1616 3651 αὐτοῖς.

264 3667 362 3723 η’.
398 3669 456 3720 '0
471 3671 794 3735 deice-who»:
821 3675 1044 3728 τοιαῦτα
1063 3676 1308 3744 ιιιανερῶς
1329 3677 1754 3746 φθεγξαμένους,

189 3764 289 3815 καὶ
319 3762 488 3823 οὓτως
520 3765 843 3834 ἐλευθερίως
877 3769 1102 3835 ἔχοντας
1135 3771 1265 3832 τοὺς
1298 3775 1578 3837 γενναίους
1612 3772 1755 3838 ἰδὼν,

188 3855 289 3904 καί
323 3853 480 3918 γνοὺς
516 3853 590 3916 ὡς
621 3856 720 3906 οῦκ
748 3857 812 3909 ἄν
842 3873 968 3908 ποτε
998 3859 1171 3924 λόγοις
1203 3861 1401 3924 αὐτοὺς
1428 3869 1754 3930 μεταπεῖσαι

185 3943 445 4016 δυνηθείη
480 3949 614 4017 πρὸς
646 3947 742 4018 τὴν
769 3947 854 4002 διὰ
889 3949 1137 4018 βασάνων
1175 3956 1369 4020 πεῖραν
1405 3954 1632 4026 ἐχώρειο
1666 3960 1757 4010 καὶ

186 4037 286 4090 τὸν
331 4041 431 4109 μὲν
488 4045 758 4112 μακάριον
811 4046 1040 4115 Σέργιον
1095 4046 1479 4120 ἀσφαλεστάτη
1543 4054 1758 4122 φρουρᾷ

170 4135 482 4216 παρεδίδου
543 4137 719 4206 τούτῳ
781 4139 943 4207 δῆθεν
1002 4140 1368 4210 άμειόόμενος
1441 4144 1603 4195 αὑτὸν
1657 4146 1756 4212 τῆς

186 4229 515 4307 εὐεργεσίας
549 4243 565 4259 ⁹
595 4231 684 4282 τὸν
724 4230 932 4300 Βάκχον
961 4233 1018 4287 δὲ
1065 4234 1153 4286 διὰ
1183 4237 1465 4304 τεσσάρων
1514 4239 1755 4305 ἰσχυρῶς

188 4320 511 4384 ἐκταθέντα,
545 4321 855 4392 βουνεύροις
881 4324 1045 4390 ὠμῶς
1072 4326 1288 4378 ἐκέλευε
1311 4325 1750 4390 καταξαίνεσοαι.

201 4413 348 4466 Ἀλλ’
379 4411 446 4483 ἦν
479 4415 608 4468 ἰδεῖν
643 4416 867 4485 γνώμην
896 4415 1078 4484 πολλῷ
1110 4417 1325 4481 φύσεως
1373 4423 1750 4492 ἰσχυροτέραν,

190 4509 288 4558 καὶ
322 4508 640 4577 προαίρεσιν
672 4509 992 4582 σωματικῆς
1024 4511 1204 4577 πάσης
1235 4510 1352 4579 βίας
1387 4513 1747 4582 ὑψηλοτέραν.

189 4600 354 4667 Μέρη
388 4599 486 4667 μὲν
535 4600 642 4668 γάρ
681 4599 774 4651 τοῦ
807 4604 1075 4669 παναγίον
1109 4603 1357 4672 σώματος
1395 4604 1602 4656 ἐκείνου
1637 4609 1754 4670 ταῖς

193 4689 454 4756 μάστιξιν
504 4693 899 4760 ἀποσπώμενα,
958 4697 1090 4761 πρὸς
1145 4696 1308 4747 αὑτὸν
1354 4697 1502 4766 ’ἀέρῆ
1552 4697 1758 4769 διερέμ

191 4783 466 4837 πτοῦντο’
519 4786 772 4853 αἱμάτων
807 4785 863 4837 δὲ
909 4787 1050 4839 κατὰ
1093 4788 1192 4852 γῆς
1234 4789 1490 4856 ἐφέροντο
1525 4790 1748 4859 ρῦακες,

193 4877 294 4930 καὶ
325 4877 608 4950 σπλάγχνα
642 4877 741 4945 μὲν
780 4879 889 4932 τῶν
923 4881 1144 4948 σαρκῶν
1179 4882 1508 4950 ἐγυμνοῦντο
1537 4885 1634 4952 τὴν
1659 4885 1758 4952 τῆς

190 4970 409 5038 φύσεως
465 4970 632 5038 αὐτῆς
675 4972 965 5025 διάπλασιν
1010 4977 1121 5036 τοῖς
1177 4974 1441 5043 παροῦσιν
1491 4977 1761 5029 ἀνακαλύ-

191 5080 421 5115 πτοντα.
457 5062 614 5132 Ψυχὴ
645 5063 699 5116 δὲ
737 5065 828 5116 καὶ
856 5065 994 5133 αὐτὴ
1047 5066 1336 5119 ἀπολιπεῖν
1376 5068 1466 5119 τὸν
1515 5069 1752 5137 ἀθλητὴν

189 5155 330 5214 ὅλως
360 5159 713 5228 ἐπειγομένη.
764 5157 912 5224 ὅμως
971 5158 1203 5227 ἐπέμενε
1238 5162 1329 5211 καὶ
1376 5159 1593 5223 πλείους
1641 5161 1759 5213 ἑπι-

190 5245 434 5316 ζητοῦσα
465 5249 737 5312 κολάσεις,
787 5251 873 5302 ἵνα
924 5249 1353 5320 φιλοτιμοτέρων
1391 5253 1604 5315 πάντως
1641 5255 1759 5306 ἐπι-

189 5342 331 5410 τύχῃ
362 5342 453 5394 καὶ
473 5340 578 5393 τῶν
607 5343 894 5410 βραδείων.
932 5341 1192 5413 Ἷίχαιρον
1225 5343 1445 5410 ἄγγελοι
1471 5344 1565 5413 τὴν
1591 5345 1760 5414 ὕπερ.

193 5432 311 5499 φυᾶ
337 5432 435 5482 τοῦ
492 5433 769 5503 μάρτυρος
825 5436 1125 5504 καρτερίαν
1175 5434 1429 5503 ὁρῶντες.
1495 5436 1590 5487 Ἦν
1617 5435 1755 5488 ὦντο

190 5522 442 5589 δαίμονές
465 5541 523 5576 τε
559 5525 767 5578 ἑαυτῶν
815 5522 988 5595 ἧτταν
1030 5527 1134 5579 ὑπὸ
1158 5531 1277 5589 ταῖς
1330 5529 1549 5580 πάντων
1596 5527 1754 5595 ὕψεσι

191 5614 641 5685 θριαμϐεύοντες.
709 5619 1165 5690 Ἀπαγορεύοντες
1220 5622 1267 5673 οἱ
1314 5603 1496 5689 δήμιοι
1550 5624 1613 5690 τῇ
1683 5624 1751 5691 γῇ

193 5709 576 5763 κατεκλίνοντο
597 5727 612 5742 ·
649 5713 744 5764 καὶ
769 5715 795 5766 ὁ
826 5713 1054 5783 μάρτυς,
1083 5709 1237 5777 εἶπες
1274 5713 1339 5767 ἂν
1389 5713 1551 5767 αὑτὸν
1582 5713 1749 5779 ὄντως

265 5850 284 5880 ⁸
344 5847 483 5930 ΡοξιΙ.
536 5863 682 5912 cxnt,
744 5850 798 5902 4.-

1783 4570 1833 4628 D

1866 3311 2084 3375 gentum
2116 3309 2169 3352 et
2193 3313 2406 3359 aurum,
2437 3310 2604 3364 Opera
2632 3307 2884 3346 manuum
2911 3288 3190 3343 hominum
3209 3287 3284 3352 ³,»
3311 3299 3430 3352 quae

1865 3392 2002 3448 nihil
2045 3399 2274 3459 possunt
2295 3388 2550 3458 prodesse
2580 3385 2666 3447 iis,
2697 3383 2788 3452 qui
2817 3382 2868 3434 in
2896 3380 3026 3446 ipsis
3049 3392 3203 3431 suam
3259 3375 3429 3428 collo-

1865 3497 2061 3542 carunt
2083 3482 2355 3537 ﬁduciam.
2398 3477 2617 3533 Similes
2644 3489 2770 3544 ergo
2805 3475 2884 3528 eis
2914 3475 3044 3526 ﬁant
3077 3471 3134 3535 ii,
3157 3469 3250 3538 qui
3313 3468 3426 3537 ipsa

1865 3579 2068 3638 colunt,
2102 3586 2154 3629 et
2183 3590 2375 3628 omnes
2427 3572 2518 3642 qui
2550 3570 2828 3624 confidunt
2859 3568 2914 3620 in
2943 3568 3046 3620 eis.

1938 3667 2073 3721 XIII.
2111 3668 2243 3720 Cum
2266 3681 2392 3734 ergo
2409 3665 2516 3717 dux
2545 3663 2771 3714 vidisset
2812 3673 2906 3713 eos
2954 3667 3061 3710 tam
3119 3665 3307 3724 aperte
3346 3653 3427 3707 Io-

1865 3765 2040 3823 cutos,
2070 3768 2324 3826 tantaque
2347 3770 2466 3811 esse
2532 3754 2788 3824 praeditos
2856 3750 3105 3805 libertate
3153 3758 3209 3803 et
3260 3745 3425 3800 animi

1865 3852 2272 3923 magnitudine;
2327 3859 2380 3903 et
2429 3847 2788 3900 intellexisset
2838 3843 2952 3898 fieri
3009 3856 3118 3894 non
3167 3853 3325 3908 posse
3369 3845 3428 3890 ut

1862 3947 2046 4000 verbis
2077 3946 2158 3998 eis
2191 3941 2558 4010 persuaderet,
2590 3939 2852 4007 processit
2899 3934 2964 3988 ad
3008 3932 3307 4002 periculum
3330 3943 3428 3997 per

1864 4049 2132 4097 tormenta
2167 4035 2514 4092 faciendum:
2550 4045 2604 4087 et
2640 4013 2854 4086 beatum
2908 4026 3126 4095 quidem
3176 4023 3424 4092 Sergium

1861 4135 1916 4188 in
1976 4129 2300 4186 tutissimam
2361 4127 2580 4181 tradidit
2643 4122 2968 4185 custodiam,
3022 4133 3121 4189 pro
3198 4125 3429 4184 accepto

1861 4223 2132 4281 beneﬂcio
2162 4235 2287 4274 eum
2324 4219 2404 4272 sic
2429 4229 2824 4270 remunerans:
2862 4213 3128 4267 Bacchum
3155 4219 3342 4263 autem
3393 4222 3424 4260 a

1861 4327 2096 4386 quatuor
2123 4313 2338 4369 fortiter
2361 4299 2672 4371 cxtenSum,
2693 4304 2861 4371 boum
2886 4305 3067 4359 nervis
3097 4303 3265 4372 jussit
3288 4299 3423 4356 cadi

1861 4409 2174 4467 crudeliter.
2206 4406 2311 4461 Sed
2348 4405 2549 4459 licebat
2585 4402 2770 4454 videre
2817 4412 3053 4452 mentem
3118 4398 3274 4465 longe
3319 4408 3424 4446 na-

1863 4517 1983 4562 tura
2014 4504 2319 4562 fortiorem,
2345 4507 2398 4552 et
2429 4495 2593 4549 animi
2624 4495 2930 4546 institutum
2961 4491 3009 4542 vi
3059 4491 3252 4557 quavis
3300 4505 3426 4544 cor-

1861 4601 2009 4671 poris
2041 4595 2330 4651 excelsius.
2356 4591 2488 4646 Nam
2513 4584 2839 4642 sanctissimi
2872 4582 3088 4651 quidem
3121 4581 3264 4637 illius
3305 4597 3426 4638 cor-

1859 4692 2008 4761 poris
2034 4699 2217 4758 partes
2237 4686 2436 4740 avulsa:
2457 4679 2700 4751 ﬂagellis,
2728 4675 3140 4744 disji'ciebantur
3162 4676 3213 4727 in
3246 4675 3423 4742 ipsum

1860 4798 2068 4843 aerem,
2103 4788 2421 4849 perterratu
2462 4785 2639 4827 autem
2687 4769 3006 4823 ferebantur
3050 4766 3147 4819 rivi
3203 4766 3425 4837 sangui-

1859 4880 1979 4931 nis:
2006 4874 2284 4926 etviscera
2317 4867 2535 4938 quidem
2568 4864 2909 4920 nudabantur
2944 4859 3218 4918 carnibus.
3253 4860 3423 4926 ipsius

1861 4977 2070 5023 naturae
2123 4961 2498 5017 formationem
2545 4954 2846 5026 aperientia
2896 4953 2964 5008 iis
3013 4952 3104 5020 qui
3157 4951 3421 5005 aderant:

1861 5061 2043 5113 anima
2093 5067 2298 5116 autem,
2340 5069 2460 5122 quae
2494 5051 2608 5118 ipsa
2643 5065 2860 5121 quoque
2891 5047 3149 5099 athletam
3199 5045 3425 5098 festina.

1859 5153 1951 5204 bat
1995 5148 2321 5215 relinquere,
2363 5142 2662 5198 sustinebat
2703 5147 2906 5201 tamen,
2941 5137 3102 5189 etiam
3151 5135 3302 5202 plura
3341 5150 3418 5188 reo

1853 5244 2080 5313 quirens
2111 5238 2397 5306 supplicia,
2442 5245 2500 5288 tit
2549 5233 2776 5287 omnino
2804 5230 3236 5288 munificentiora
3275 5243 3425 5282 asse-

1854 5345 2115 5406 queretur
2159 5331 2362 5385 bravia.
2412 5324 2757 5383 laetabantur
2802 5323 3001 5390 angeli,
3049 5321 3294 5374 videntes
3327 5320 3423 5372 ad.

1856 5429 2156 5482 mirabilem
2198 5424 2452 5490 martyris
2475 5417 2855 5473 constantiam.
2886 5413 3283 5468 Cruciabantur
3319 5411 3426 5464 dae-

1859 5535 2070 5580 mones,
2125 5517 2268 5586 quod
2307 5526 2458 5585 parta
2504 5513 2571 5567 de
2601 5511 2682 5565 eis
2724 5507 2968 5567 victoria,
3020 5505 3074 5556 in
3121 5509 3420 5572 conspectu

1857 5614 2098 5667 omnium
2156 5606 2554 5681 quodammodo
2596 5603 2888 5658 duceretur
2950 5599 3003 5653 in
3059 5597 3418 5667 triumphum.

1857 5707 2101 5761 Lictores
2151 5703 2274 5758 fessi
2327 5687 3211 5762 humi'accumbebant.Martyrem
3238 5695 3418 5745 autem
