4188 6432
752 389 892 452 1023

2031 395 2310 455 MENSIS
2354 395 2710 457 OCTOBER.

3900 393 4045 452 1026

752 508 947 562 videns
1003 506 1236 562 dixisses
1270 508 1481 563 cumita
1532 524 1652 564 esse
1695 509 1970 576 affectum,
2003 522 2062 566 ut
2089 528 2197 566 non
2229 523 2333 566 tam

2444 512 2563 567 ιδὼν
2616 514 2955 584 διακείμενον
3012 514 3072 567 οὐ
3142 514 3356 582 μάστιξι
3419 513 3644 584 μᾶλλον,
3717 514 3746 581 ἡ
3798 512 4041 567 ἄνθεσιν

751 600 936 669 ﬂagris
962 614 1153 663 cresus,
1188 615 1351 669 quam
1387 603 1566 655 vernis
1587 601 1808 657 floribus
1834 619 2163 674 conspersus
2181 606 2330 660 vide-

753 702 921 745 retur.
942 692 1182 746 Tandem
1203 710 1298 762 per
1322 710 1480 747 voces
1503 696 1753 750 caelestes
1775 708 1996 751 vocatus
2014 708 2095 751 est
2115 698 2178 751 ad
2200 698 2329 751 bea-

753 795 863 835 tum
886 784 1297 851 locumquietis,
1324 785 1500 837 anima
1524 786 1766 854 deposita
1793 788 1847 839 in
1875 803 2067 841 manus
2084 788 2326 857 Opificis.

822 876 958 929 XIV.
1016 876 1361 948 Martyricum
1404 888 1584 931 autem
1619 880 1762 933 illius
1812 897 2006 949 corpus
2061 897 2088 934 a
2142 882 2329 935 bestiis

749 968 970 1034 quidem
998 969 1370 1023 devorandum
1415 973 1671 1038 exposuit
1742 973 1828 1024 ille
1870 974 2031 1041 judex
2091 974 2327 1042 iniquus.

752 1060 1268 1129 lgoorabarautem,
1298 1064 1512 1130 qualem
1541 1080 1725 1118 curam
1777 1074 1926 1135 gerat
1964 1080 2173 1129 eorum,
2238 1066 2328 1134 qui

753 1153 927 1221 ipsum
958 1155 1208 1224 diligunt.
1266 1158 1408 1210 illius
1470 1156 1651 1218 Deus.
1719 1158 1810 1226 qui
1860 1158 2021 1211 etiam
2090 1157 2328 1212 ferarum

754 1253 1006 1297 naturam
1044 1247 1146 1300 scit
1176 1248 1460 1303 traducere
1486 1250 1552 1303 ad
1580 1250 2079 1311 mansuetudinem,
2130 1261 2185 1305 et
2236 1267 2331 1321 per

753 1334 873 1388 illas
907 1338 1083 1391 adhuc
1103 1344 1306 1408 majora
1341 1341 1519 1397 facere
1546 1344 1836 1404 miracula.
1866 1343 2017 1397 Fere
2061 1344 2202 1396 enim
2244 1360 2331 1397 re-

752 1429 941 1481 verita}
979 1433 1302 1497 certamina,
1330 1450 1450 1501 quae
1481 1450 1577 1503 pro
1604 1435 1806 1503 pietate
1840 1438 1907 1487 ab
1930 1452 1993 1487 eo
2015 1444 2169 1488 erant
2208 1450 2330 1487 sus-

752 1532 933 1587 cepta,
962 1539 1067 1576 non
1102 1524 1277 1579 solum
1304 1526 1512 1578 nullum
1546 1542 1609 1580 ex
1633 1528 1752 1594 ejus
1776 1529 2037 1579 membris
2106 1527 2329 1580 omnino

753 1621 978 1681 tangere
1008 1617 1423 1682 sustinuerunt;
1457 1618 1550 1672 sed
1589 1624 1775 1683 etiam,
1833 1620 1959 1672 dum
2025 1619 2091 1672 ad
2146 1619 2331 1687 sepul-

751 1720 905 1758 crum
937 1706 1170 1761 ferretur
1196 1727 1221 1760 a
1264 1708 1627 1767 Christianis.
1663 1726 1785 1763 eum
1805 1713 2177 1778 sequebantur
2205 1710 2331 1763 fun-

752 1808 946 1866 gentes
978 1816 1204 1853 munere
1238 1803 1553 1866 satellitum,
1590 1815 1644 1857 et
1682 1805 1773 1857 Dei
1813 1805 1996 1857 hostes
2025 1814 2212 1873 aperte
2245 1819 2333 1857 ar-

2442 608 2678 675 ἐαρινοῖς
2706 606 3091 675 καταχέεσθαι.
3124 607 3266 668 Ἕως
3290 608 3383 658 ἐπὶ
3430 607 3519 658 τὸν
3547 609 3905 675 μακαριστίν
3934 610 4043 675 τῆς

2439 699 2798 761 ἀναπαύσεως
2851 698 2917 752 δι’
2970 700 3294 768 ἐπουρανίου
3351 700 3535 768 φωνῆς
3567 703 3767 769 ἐκλήθη
3834 704 4040 763 τὸπνιτ,

2439 790 2560 849 ταῖς
2588 787 2681 839 τοῦ
2711 786 3044 859 δημιουργοῦ
3076 791 3231 857 χερσὶ
3260 790 3357 856 τὴν
3400 790 3575 857 ψυχὴν
3608 794 4038 860 παραθέμενος.

2512 879 2610 933 1Δ’.
2652 880 2723 930 Τὸ
2762 882 2945 947 μέντοι
2981 881 3317 947 μαρτυρικὸν
3352 882 3562 932 ἐκείνου
3613 884 3772 951 σῶμα
3819 885 4038 951 βρῶμχ

2434 969 2540 1043 μὲν
2571 968 2763 1038 θηρσὶν
2794 971 2820 1021 6
2854 972 3169 1039 παράνομος
3220 972 3478 1040 δικαστὴς
3550 973 3737 1026 ἐτίθει.
3800 978 4037 1038 Ἠγνὸει

2437 1061 2493 1114 δὲ
2530 1063 2746 1123 πάντως
2804 1062 2986 1125 ὁποῖος
3040 1058 3107 1131 ἦν
3172 1063 3428 1130 κήδεσθαι
3480 1064 3585 1115 τῶν
3632 1065 3952 1129 φιλούντων
4010 1070 4041 1119 6

2438 1154 2649 1207 ἐκείνου
2706 1156 2858 1219 θεὸς,
2902 1156 2958 1217 ὃς
3015 1157 3107 1208 καὶ
3169 1156 3373 1226 θηρίων
3432 1153 3538 1209 οἶδε
3600 1159 3762 1223 φύσιν
3853 1179 4031 1226 μετα-

2439 1248 2651 1300 ϐἀλλειν
2682 1250 2759 1310 εἰς
2793 1250 3127 1317 ἡμερότητα,
3164 1253 3256 1303 καὶ
3292 1249 3512 1318 μείζονα
3562 1250 3640 1302 ἔτι
3674 1253 3743 1302 δι’
3783 1254 4037 1302 ἐκείνων

2443 1336 2907 1409 θαυματουργείν.
2960 1339 3099 1401 Ὶόὶδς
3144 1339 3252 1408 γὰρ
3303 1340 3439 1408 ὑπὲρ
3477 1342 3575 1406 τῆς
3608 1341 3911 1401 εὐσεϐείας
3950 1346 4041 1391 αἱ-

2440 1430 2692 1497 δούμενοι
2740 1429 2833 1482 τοῦ
2894 1430 3086 1499 ἀνδρὸς
3144 1430 3339 1492 ἄθλους
3381 1433 3426 1482 οί
3488 1431 3672 1498 θῆρες,
3727 1433 3787 1482 οὐ
3864 1434 4037 1500 μόνον

2439 1524 2558 1577 οὐδὲ
2585 1524 2791 1592 ψαῦσαί
2816 1542 2959 1587 τινος
2993 1526 3102 1576 τῶν
3131 1524 3295 1576 αὑτοῦ
3330 1525 3503 1591 μελῶν
3530 1525 4035 1593 ὅλωςήνέσίοντε,

2442 1618 2578 1671 ἀλλὰ
2621 1619 2881 1687 καὶπρὸς
2942 1616 3119 1687 ταφὴν
3173 1617 3276 1669 ὑπὸ
3327 1618 3669 1685 Χριστιανῶν
3723 1622 4037 1687 φερομένῳ

2441 1712 2794 1781 παρείποντο,
2841 1711 3158 1780 δορυφόρων
3211 1709 3362 1775 τάξιν
3408 1712 3889 1779 ἀποπληροῦντες,
3938 1714 4037 1762 καὶ

2441 1805 2542 1870 τὴν
2597 1804 2675 1873 τῷ
2729 1802 3017 1871 θεομάχων
3077 1805 3263 1857 ἄνοιαν
3318 1803 3570 1872 φανερῶς
3621 1804 4034 1873 διελέγχοντες.

754 1900 987 1957 guentcs
1019 1893 1290 1947 amentiae.
1326 1894 1417 1948 Sic
1440 1910 1567 1961 ergo
1590 1896 1827 1966 inclytus
1862 1896 2107 1951 Bacchus
2125 1911 2187 1950 ea
2210 1912 2330 1965 qua:

2444 1896 2597 1950 Οὕτω
2632 1900 2729 1966 μὲν
2760 1894 2851 1949 οὖν
2888 1899 2915 1949 ὁ
2952 1897 3194 1966 ἀοίδιμος
3242 1897 3447 1965 Βάκχος
3499 1889 3570 1946 ὧν
3613 1895 3891 1963 ἐπεθύμει
3939 1915 4038 1948 τυ-

756 1982 1011 2049 cupiebat
1045 1994 1350 2044 assecutus.
1378 1985 1441 2037 ad
1485 1987 1726 2041 coelestia
1759 1989 1972 2042 transiit
2006 1989 2331 2046 habitacula.

826 2072 941 2126 XV.
984 2074 1206 2143 Sergius
1236 2087 1414 2131 autem
1444 2079 1624 2133 socius
1658 2080 1778 2146 ejus
1825 2080 2044 2135 relictus
2074 2090 2126 2135 et
2167 2083 2336 2136 mole-

755 2166 1289 2221 Stiadistrahebatur
1330 2180 1552 2239 prouter
1586 2172 2003 2240 scparationem,
2058 2183 2112 2227 et
2149 2191 2337 2230 rursus

758 2256 942 2311 lzetitia
978 2270 1201 2328 propter
1225 2263 1715 2329 exspectationem.
1764 2262 1867 2319 Sed
1926 2282 2033 2319 non
2089 2268 2338 2337 despexit

757 2365 883 2402 eum
934 2366 1077 2419 mgre
1142 2352 1409 2408 ferentem
1488 2357 1889 2425 separationem
1967 2360 2141 2413 dulcis
2215 2360 2335 2428 ejus

759 2444 970 2497 amicus
997 2455 1050 2499 et
1082 2446 1397 2501 familiaris:
1430 2450 1522 2503 sed
1566 2450 1689 2503 laeto
1725 2450 1872 2503 vultu
1924 2451 2142 2505 divinus
2197 2451 2334 2506 Bac-

765 2536 925 2602 chus,
954 2549 1005 2590 et
1033 2550 1296 2593 consueto
1326 2541 1513 2595 habitu
1536 2542 1748 2595 militari
1773 2554 1935 2597 noctu
1956 2546 2001 2599 ei
2036 2561 2327 2615 apparens,

757 2643 882 2681 cum
911 2630 1143 2683 amicum
1177 2633 1549 2694 convenisset,
1577 2642 1631 2686 et
1677 2650 1801 2688 eum
1843 2638 2180 2705 implevisset
2239 2656 2337 2694 au-

758 2718 933 2783 dacia,
969 2733 1022 2775 et
1046 2726 1162 2792 ejus
1182 2724 1435 2778 discussit
1458 2728 1755 2791 tristitiam,
1787 2731 2064 2799 animique
2121 2733 2339 2802 aegritu—

759 2812 971 2878 dinem,
1018 2826 1070 2869 et
1097 2816 1389 2872 firmiorem
1416 2819 1807 2890 fortioremque
1833 2825 2063 2879 reddidit
2086 2826 2149 2879 ad
2206 2842 2338 2894 sup-

762 2906 945 2971 plicia.
996 2905 1089 2959 Die
1122 2920 1304 2962 autem
1372 2914 1620 2977 sequenti
1663 2914 1770 2964 dux
1822 2930 2013 2968 rursus
2052 2917 2248 2968 sedens
2285 2917 2337 2969 in

762 2996 1169 3053 tribunalicum
1228 3001 1445 3055 beatum
1499 3014 1747 3058 curasset
1796 3005 2020 3073 produci
2061 3005 2336 3075 Sergium,

758 3088 1032 3143 leoninam
1059 3092 1250 3159 pellem
1284 3108 1491 3148 exuens
1540 3095 1865 3161 versipellis,
1915 3096 2091 3149 induit
2142 3098 2335 3166 pellem

758 3182 960 3250 vulpis.
989 3185 1200 3236 Etcum
1234 3186 1285 3236 iu
1320 3202 1441 3237 cum
1470 3189 1759 3254 quamdam
1807 3188 2051 3244 finxisset
2100 3190 2338 3244 benevo-
2368 3212 2411 3270 ο

758 3273 1005 3339 lentiam,
1059 3280 1125 3329 ad
1154 3278 1313 3331 lidem
1344 3278 1642 3332 faciendam
1694 3280 1897 3350 aliquid
1955 3285 2334 3337 accommoda-

758 3375 873 3420 tum
908 3370 1223 3431 ostendens,
1248 3371 1388 3438 quod
1432 3373 1639 3425 Scilicet
1676 3374 1825 3425 illum
1857 3376 2233 3443 magistratum
2263 3394 2330 3432 ex

758 3472 825 3510 eo
856 3470 1047 3512 nactus
1083 3471 1246 3520 esset,
1284 3478 1406 3513 eum
1443 3463 1722 3518 blanditiis
1747 3466 2009 3518 evocabat
2045 3467 2108 3519 ad
2167 3469 2337 3520 sacri-

759 3548 1054 3614 ficandum,
1080 3552 1368 3621 perfectam
1401 3566 1454 3608 et
1477 3557 1772 3610 absolutam
1807 3574 1834 3611 a
1865 3558 2083 3613 Christo
2116 3575 2335 3629 separa-

762 3639 964 3694 tionem
995 3644 1042 3696 ei
1071 3644 1256 3699 volens
1281 3647 1509 3701 reddere
1549 3664 1643 3716 pro
1692 3649 1978 3715 beneficio,
2011 3655 2230 3714 stultus.
2258 3655 2338 3707 sic

758 3748 976 3801 quoque
1000 3738 1201 3788 sensim
1241 3753 1363 3789 eum
1388 3741 1676 3807 alloquens
1716 3758 1731 3796 :
1779 3743 1952 3796 Pudet
2002 3760 2087 3797 me
2137 3748 2339 3803 veteris

760 3826 909 3881 illius
934 3826 1229 3892 felicitatis,
1257 3840 1312 3883 et
1344 3831 1758 3897 beneficiorum,
1811 3850 1932 3904 quae
1964 3836 2015 3888 in
2065 3851 2153 3891 me
2207 3852 2341 3892 con-

762 3917 955 3982 tuliSIi,
990 3918 1321 3976 amicissime
1354 3923 1531 3993 Sergi,
1592 3941 1695 3979 nec
1756 3935 1807 3980 te
1835 3928 2057 3995 quidem
2106 3928 2339 3999 amplius

762 4006 882 4060 fero
918 4009 1116 4061 intueri
1150 4010 1228 4062 sic
1252 4026 1401 4062 reum
1430 4021 1662 4065 stantem
1695 4030 1791 4082 pro
1823 4028 2033 4070 nostro.
2069 4017 2338 4071 Tribuna-

762 4094 822 4155 li.
857 4095 949 4162 qui
978 4112 1095 4149 sum
1127 4099 1403 4164 minimus,
1442 4102 1483 4155 si
1511 4118 1632 4155 cum
1669 4114 1762 4159 tuo
1787 4106 2040 4160 conferar
2082 4109 2341 4177 splendo-

762 4202 822 4240 re
841 4228 853 4251 ,
883 4195 1383 4258 tumqueamicitire,
1410 4204 1463 4248 et
1489 4197 1746 4264 potentiae
1762 4213 1924 4267 opera
1951 4216 2069 4254 sum
2097 4218 2335 4271 praesen-

765 4292 873 4334 tem
914 4294 1196 4335 assccutus
1220 4286 1615 4354 magistratum.
1650 4290 1740 4343 Ille
1769 4293 1984 4358 qiiidem
2014 4294 2127 4346 haec
2152 4294 2341 4350 callide

764 4374 1000 4438 dicebat,
1022 4376 1122 4431 hoc
1142 4360 1315 4432 solum
1338 4381 1681 4445 niaeliinans,
1714 4393 1771 4435 ut
1795 4399 1917 4436 eum
1941 4385 2165 4440 omnino
2188 4388 2341 4441 blan-

763 4466 847 4521 dis
874 4469 1049 4523 verbis
1068 4469 1313 4531 illiceret.
1338 4484 1387 4525 et
1414 4471 1789 4529 fraudulenter
1815 4478 1881 4529 ad
1903 4480 2147 4533 eamdem
2169 4481 2342 4537 dedu-

2443 1993 2578 2062 χὼν,
2619 1991 2754 2060 πρὸς
2789 1991 2887 2054 τὰς
2925 1992 2980 2042 ἐν
3019 1991 3266 2057 οὐρανοῖς
3299 1990 3503 2056 σκηνὰς
3526 1987 3819 2039 διαϐαίνει.

2513 2082 2611 2137 ιε’.
2648 2084 2704 2136 Ὀ
2731 2081 2991 2143 σύναθλος
3014 2081 3067 2132 δὲ
3086 2082 3306 2150 Σέργιος
3333 2080 3674 2145 ἁπολειφθε“ι;
3694 2078 3757 2127 λύ
3772 2094 3850 2149 πῃ
3874 2097 3929 2129 τε
3947 2080 4039 2132 6:5.

2437 2179 2526 2229 τὸν
2551 2177 2828 2246 χωρισμὸν
2861 2176 2952 2227 καὶ
2980 2174 3140 2241 ἡδονῇ
3172 2172 3333 2223 πάλιν
3359 2170 3447 2222 διὰ
3486 2170 3554 2220 τὰ
3584 2171 4038 2239 προσδοκώμενα

2441 2269 2747 2337 ἐμερίζετο.
2799 2266 2949 2318 Ἀλλ’
2984 2265 3042 2316 οὐ
3078 2263 3349 2333 περιεῖδεν
3401 2261 3561 2314 αὑτὸν
3616 2261 3695 2331 τῷ
3754 2263 4040 2331 popan

2444 2362 2728 2427 κάμνοντα
2790 2361 2817 2410 6
2880 2357 3086 2422 γλυκὺς
3144 2344 3359 2422 ἐταῗρος
3415 2354 3508 2407 καὶ
3548 2356 3791 2425 ἐραστής
3840 2373 3855 2384 ·
3901 2356 4039 2408 ἀλλὰ

2442 2450 2645 2521 φαιδρᾷ
2696 2451 2761 2520 τῇ
2795 2448 2916 2517 ὄψει
2943 2450 2970 2501 6
3004 2447 3145 2510 θεῖος
3179 2448 3388 2515 Βάκχος
3422 2448 3514 2497 καὶ
3546 2446 3776 2514 συνήθει
3805 2448 3888 2516 τῷ
3932 2448 4039 2511 τῆς

2444 2542 2729 2612 στρατείας
2791 2543 3033 2611 σχήματι
3098 2540 3289 2600 νυκτὸς
3350 2539 3636 2604 ἐπιφανεὶς
3684 2540 3785 2589 καὶ
3856 2540 4037 2589 διαλε-

2442 2635 2589 2706 χθεὶς
2630 2634 2706 2702 τῷ
2742 2634 2880 2701 φίλῳ
2911 2635 3003 2685 καὶ
3036 2632 3271 2701 θάρσους
3305 2630 3613 2698 ἐμπλήσας,
3670 2629 3735 2679 τὸ
3783 2630 4039 2697 σκυθρω-

2444 2730 2543 2781 πόν
2576 2744 2633 2779 τε
2666 2728 2765 2794 τῆς
2802 2724 3039 2793 ἀθυμίας
3065 2722 3298 2785 διέλυσε,
3331 2721 3422 2773 καὶ
3459 2718 3884 2791 ἀσφαλέστερον
3918 2722 4036 2790 ἄμα

2443 2820 2541 2870 καὶ
2596 2818 2976 2884 γενναιότερον
3037 2813 3174 2882 πρὸς
3236 2813 3334 2877 τὰς
3391 2812 3698 2883 μελλούσας
3755 2816 4038 2883 τιμωρίας

2445 2910 2718 2977 διέθηκεν.
2749 2910 2842 2973 Είς
2885 2909 2939 2961 δέ
2968 2909 3065 2977 τὴν
3097 2907 3221 2978 ἐξῆς
3254 2906 3484 2968 καθίσας
3515 2906 3542 2957 ὁ
3574 2906 3702 2967 δοῦξ
3738 2910 3834 2957 ἐπὶ
3865 2908 4037 2973 βήμα-

2443 3019 2557 3066 τος,
2611 3002 2705 3054 καὶ
2752 3002 2842 3054 τὸν
2900 3005 3177 3069 μακάριον
3251 2996 3597 3064 παραγαγὼν
3657 2996 3895 3065 Σέργιον
3938 2999 4039 3064 τὴν

2452 3096 2673 3164 λεοντῆν
2703 3094 2995 3147 ἀποϐαλὼν
3026 3093 3054 3142 6
3090 3090 3356 3152 ποικίλος,
3384 3088 3481 3154 τὴν
3508 3087 3817 3153 ἀλωπεκῆν
3856 3088 4036 3139 ἐνδᾷε-

2444 3204 2564 3241 ται’
2598 3188 2691 3239 καί
2723 3204 2846 3238 τινα
2881 3184 3230 3252 πλασάμενος
3274 3183 3351 3242 εἰς
3402 3182 3566 3233 αὑτὸν
3630 3178 3882 3244 εὔνοιαν,
3935 3184 4031 3231 καὶ

2443 3281 2631 3335 πιστὸν
2659 3280 2815 3349 δῆθεν
2849 3277 3180 3340 ἐπιδεικνὺς,
3207 3278 3288 3329 ὅτι
3316 3275 3410 3347 τὴν
3441 3276 3620 3345 ἀρχὴν
3656 3272 3888 3343 ἐκείνην
3936 3274 4029 3325 ὑπ’

2443 3375 2611 3429 αὐτοῦ
2666 3376 2957 3443 κτήσαιτο,
3021 3370 3337 3431 κολακείαις
3387 3370 3552 3421 αὑτὸν
3614 3370 3695 3430 εἰς
3769 3369 3830 3421 τὸ
3889 3368 4029 3419 θεῖεν

2444 3465 2776 3529 ἐξεκαλεῖτο,
2838 3462 2937 3531 τὴν
2988 3460 3230 3526 παντελῆ
3272 3457 3510 3525 Χριστοῦ
3559 3458 3931 3525 ἀλλοτρίωσιν
3977 3462 4033 3507 ἐν

2448 3559 2603 3623 τάξει
2654 3557 2894 3626 χαρίτων
2930 3551 3228 3607 ἀποδοῦναι
3283 3549 3627 3619 βουλόμενος,
3681 3550 3710 3598 6
3771 3549 4034 3616 θεομισὴς

2447 3651 2542 3702 καὶ
2567 3649 2819 3715 ἀνόητος,
2871 3645 3057 3714 ἠρέμα
3108 3642 3165 3693 δέ
3198 3638 3292 3692 καὶ
3329 3637 3504 3691 ταῦτα
3547 3638 3866 3702 ὑποψωνῶν
3894 3654 3907 3668 ·
3940 3641 4032 3689 AL-

2449 3743 2721 3811 σχύνομαι
2749 3740 2847 3807 τὴν
2884 3736 3118 3789 παλαιὰν
3148 3733 3385 3799 ’ἐκείνην
3414 3732 3779 3799 εὐδαιμονίαν
3814 3732 3909 3783 καὶ
3936 3734 4032 3792 τὰς

2448 3839 2527 3900 εἰς
2560 3836 2656 3904 ἐμὲ
2707 3833 2962 3904 χάριτας,
3016 3829 3241 3898 φίλτατε
3298 3827 3510 3897 Σέργιε,
3566 3826 3911 3895 αἰσχύνομαι
3973 3826 4033 3891 νὴ

2449 3934 2577 3993 τοὺς
2616 3929 2770 3989 θεοὺς
2811 3926 2905 3980 καὶ
2960 3925 3081 3977 οὒδέ
3111 3922 3245 3993 ὀρᾷν
3277 3920 3358 3972 ἐτι
3410 3934 3466 3968 σε
3524 3918 3678 3985 φέρω
3729 3920 4027 3972 κατάδικον

2448 4022 2590 4074 οὕτω
2620 4021 2694 4087 τῷ
2724 4017 2977 4087 ἡμετέρῳ
3015 4016 3222 4084 βήματι
3278 4011 3721 4078 παριστάμενον,
3762 4015 3790 4065 6
3844 4012 4034 4064 πολλο-

2452 4112 2574 4173 στὸς
2610 4108 2723 4178 ἐγὼ
2758 4107 2893 4177 πρὸς
2938 4107 3039 4172 τὴν
3086 4102 3186 4171 σὴν
3237 4099 3583 4168 ἐπιφάνειαν,
3635 4099 3735 4150 καὶ
3792 4099 3895 4167 τῆς
3940 4098 4034 4165 σῆς

2450 4203 2637 4273 φιλίας
2673 4202 2766 4255 καὶ
2795 4195 3123 4259 δυναστείας
3155 4193 3321 4264 ἔργον
3371 4190 3469 4261 τὴν
3519 4188 3811 4259 παροῦσαν
3863 4190 4033 4260 ἀρχὴν

2450 4293 2859 4363 περικείμενος.
2907 4287 2968 4341 ’0
2998 4290 3094 4356 μὲν
3134 4282 3228 4340 οὖν
3264 4283 3587 4354 πανούργως
3624 4281 3783 4347 ἔλεγε
3821 4284 3892 4333 τὰ
3929 4299 4033 4333 τοι-

2450 4384 2615 4450 αὕτα,
2662 4384 2820 4435 τοῦτο
2874 4381 3036 4449 μόνον
3085 4396 3145 4430 τε
3183 4378 3493 4447 χρώμενος,
3552 4376 3701 4436 ὅπως
3754 4374 3925 4427 αὑτὸν
3979 4374 4033 4437 ἐξ

2450 4477 2694 4537 ἅπαντος
2747 4472 3032 4543 ὑποκλέψῃ
3070 4472 3336 4539 καὶπρὸς
3388 4467 3485 4537 τὴν
3524 4469 3647 4536 ῐσην
3691 4467 3850 4536 αὐτῷ
3905 4466 4033 4535 θρη-

763 4570 916 4616 ceret
942 4560 1275 4631 religionem.
1299 4564 1580 4617 llleautem
1607 4583 1619 4615 :
1650 4565 1751 4618 Sed
1782 4568 1821 4619 si
1849 4584 1953 4630 me,
1981 4569 2180 4638 inquit,
2206 4574 2337 4629 velis

2451 4570 2639 4622 σκείαν
2668 4567 2897 4635 δολερῶς
2926 4566 3307 4633 ὑπαγάγηται.
3374 4562 3432 4613 Ὀ
3452 4561 3530 4624 δὲ,
3571 4560 3715 4611 Ἀλλ’
3746 4563 3795 4613 εί
3828 4560 4033 4629 βούλει,

762 4670 911 4709 nunc
928 4672 1140 4724 quoque
1172 4657 1227 4710 in
1258 4658 1506 4711 maximis
1532 4658 1689 4712 bonis
1723 4660 1971 4727 accipere
2020 4662 2337 4718 benefacto-

764 4762 903 4806 rem.
928 4760 1179 4818 prompto
1202 4759 1255 4803 et
1280 4750 1445 4802 alacri
1467 4752 1651 4803 animo
1683 4752 1775 4803 tibi
1820 4751 1917 4805 hac
1948 4752 2003 4805 in
2055 4769 2112 4807 re
2162 4756 2336 4811 inser-

765 4842 934 4894 viam.
967 4840 1097 4895 Nam
1137 4860 1259 4897 cum
1331 4854 1382 4899 te
1436 4844 1740 4898 liberavero
1791 4844 1859 4896 ab
1910 4844 2009 4898 hac
2064 4848 2333 4917 profunda

768 4935 1112 5002 deceptione,
1146 4937 1412 4989 adducam
1449 4938 1513 4990 ad
1566 4939 1741 4990 lucem
1793 4937 2053 5008 veritatis,
2106 4953 2158 4995 et
2209 4942 2341 5014 Regi

750 5027 1059 5082 immortali
1114 5031 1337 5083 reddam
1403 5029 1748 5083 familiarem.

840 5121 977 5174 XVI.
1013 5121 1128 5175 Non
1185 5123 1439 5175 lubenter
1483 5124 1655 5178 audiit
1701 5142 1785 5187 ea,
1827 5143 1947 5195 qua:
1998 5128 2342 5189 dicebantur.

772 5214 937 5266 homo
992 5216 1080 5282 qui
1144 5216 1490 5271 assuefactus
1533 5227 1650 5270 erat
1681 5220 1955 5287 interitui;
2004 5222 2098 5274 sed
2162 5220 2342 5273 statim

774 5304 1023 5375 Sergium
1062 5311 1278 5376 gravius
1308 5320 1362 5362 et
1389 5308 1634 5362 severius
1665 5310 1936 5378 aspiciens
1970 5328 1984 5363 :
2057 5310 2131 5364 Ne
2190 5312 2340 5373 deos,

773 5399 974 5466 inquit,
1041 5400 1387 5469 blasphemes
1445 5402 1797 5456 immortales.
1893 5401 2092 5473 Martyr
2166 5415 2345 5457 autem

776 5493 959 5546 acrius
992 5503 1151 5546 utens
1184 5494 1402 5552 dicendi
1438 5494 1703 5555 libertate,
1729 5505 1897 5548 totum
1938 5495 2169 5549 faciebat
2220 5512 2351 5549 eon-

776 5585 1001 5639 trariuin
1031 5596 1118 5639 :et
1152 5586 1293 5639 illius
1312 5588 1444 5639 deos
1474 5586 1739 5639 alliciebat
1780 5586 1991 5653 probris
2043 5601 2106 5639 ac
2156 5596 2351 5639 contu-

778 5678 973 5736 meliis.
1000 5690 1052 5732 et
1094 5694 1189 5732 eos
1213 5678 1387 5731 solum
1420 5681 1642 5733 nomina
1683 5682 1907 5733 vocabat
1959 5695 2017 5733 re
2059 5682 2299 5733 carentia
2333 5697 2343 5732 :

779 5785 876 5824 eos
902 5787 1051 5832 vero,
1079 5772 1167 5839 qui
1205 5773 1323 5827 illos
1354 5772 1653 5825 adorabaut
1681 5784 1736 5826 et
1759 5774 2034 5837 colebant,
2090 5772 2347 5827 ostende—

780 5862 872 5916 bat
897 5860 1062 5915 multo
1092 5866 1300 5919 minore
1330 5879 1491 5917 sensu
1520 5879 1640 5918 esse
1680 5865 1932 5934 praditos
1961 5881 2119 5934 quam
2158 5863 2350 5918 surdos

2450 4662 2604 4732 φησὶ,
2638 4662 2731 4713 καὶ
2762 4659 2854 4710 νῦν
2885 4658 2943 4709 ἐν
2970 4660 3081 4719 τοῖς
3128 4654 3412 4724 μεγίστοις
3459 4653 3570 4705 τῶν
3611 4652 3842 4715 ἀγαθῶν
3876 4655 4029 4719 εὐερ-

2450 4757 2616 4823 γέτην
2640 4752 2821 4804 λαϐεῖν
2856 4767 2922 4819 με
2955 4748 3232 4818 πρόθυμος
3262 4744 3455 4813 ἔσομαί
3480 4760 3566 4810 γε.
3614 4742 4028 4811 Ἐλευθερωσας

2448 4848 2555 4915 γάρ
2607 4862 2665 4897 σε
2724 4845 2822 4911 τῆς
2878 4840 3102 4910 βαθείας
3159 4838 3365 4907 ταύτης
3435 4837 3675 4907 ἀπάτης,
3754 4834 3835 4904 τῷ
3932 4836 4021 4900 τῆς

2444 4938 2703 5007 ἀληθείας
2738 4933 2995 5004 προσάξω
3031 4933 3170 5001 φωτὶ
3219 4930 3314 4982 καὶ
3350 4929 3561 4999 βασιλεί
3622 4927 3701 4995 τῷ
3762 4929 4015 4995 ἀθανὰτῳ

2446 5028 2973 5099 προσοικειώσομαι.

2516 5120 2633 5189 ις’.
2690 5122 2803 5173 Οὐκ
2840 5123 3075 5189 ἠκουσεν
3129 5118 3304 5186 ἡδέως
3357 5117 3465 5199 τῶν
3518 5118 3846 5185 λεγομένων
3889 5121 3915 5171 6
3962 5118 4017 5182 τῇ

2444 5218 2691 5283 ἀπωλείᾳ
2727 5211 3065 5271 συνεθισθεὶς
3097 5211 3389 5280 ἅνθρωπος
3410 5228 3423 5239 ·
3452 5209 3565 5263 ἀλλ’
3589 5210 4017 5278 ἐμϐριθέστερον

2446 5306 2641 5358 αὐτίκα
2672 5306 2882 5374 Σεργίῳ
2909 5305 2969 5355 τὸ
2998 5304 3213 5373 βλέμμα
3237 5301 3512 5353 ἐπιϐαλών
3542 5317 3555 5331 ”
3588 5303 3681 5367 Μὴ
3715 5302 4020 5370 βλασςήμει

2447 5402 2569 5461 τοὺς
2602 5400 2927 5463 ἀθανάτους,
2960 5400 3090 5465 ἐφη,
3126 5394 3300 5457 θεούς.
3353 5396 3461 5448 Καὶ
3484 5398 3509 5446 6
3545 5396 3761 5463 μάρτυς
3794 5396 3875 5460 δέ,
3912 5397 4020 5461 θερ-

2455 5492 2680 5561 μότερον
2711 5492 2874 5543 πάλιν
2906 5493 2971 5559 τῇ
3000 5489 3287 5560 παρρησία
3312 5489 3686 5556 χρησάμενος,
3720 5488 4019 5539 τοῦναιιτίιεν

2456 5586 2599 5635 ᾶπαν
2647 5585 2855 5634 ἐποίει·
2918 5584 3012 5632 καὶ
3049 5584 3174 5641 τοὺς
3230 5581 3441 5630 ἐκείνου
3488 5580 3648 5640 θεοὺς
3684 5578 3937 5646 ἐξύϐριζὲ
3969 5590 4017 5625 τε

2457 5676 2550 5727 καὶ
2569 5675 2809 5742 ὀνόματα
2832 5674 2989 5742 μόνον
3013 5673 3204 5724 αὑτοὶκ
3230 5672 3414 5724 ἐκάλει
3441 5673 3795 5740 πραγμάτων
3819 5673 4015 5739 ἕρημεν

2459 5768 2551 5822 καὶ
2580 5769 2704 5829 τοὺς
2740 5765 3185 5835 προσκυνοῦντας
3217 5764 3272 5817 δὲ
3320 5766 3415 5817 καὶ
3466 5764 3806 5832 σεϐομένους
3840 5760 4017 5817 αὐτοις

2460 5859 2949 5929 ἀναισθητοτέρονς
2984 5858 3161 5927 πολλῷ
3185 5858 3291 5910 τῶν
3326 5857 3527 5926 κωφῶν
3560 5857 3795 5909 ἐκείνων
3833 5851 4014 5908 ἐδείκνυ
