4188 6432
145 371 327 440 1025

1123 386 1590 449 MARTYRIUM
1633 391 1738 454 SS.
1783 393 2045 455 SERGII
2087 395 2180 456 ET
2222 398 2496 460 BACCHI

3316 413 3454 482 1026

146 485 350 544 Θεῶν.
393 490 452 542 '0
487 489 614 556 ὃοὺξ
647 492 827 546 τοίνυν
856 493 932 556 ὡς
960 494 1108 565 ἑώρα
1152 496 1448 550 κολακειῶν
1483 515 1539 551 τε
1573 501 1734 568 κρείτ

1882 503 2002 557 illos
2031 505 2183 559 deos.
2219 507 2330 561 Dux
2361 517 2542 562 autem
2575 522 2860 580 postquam
2910 518 3042 572 vidit
3110 521 3358 594 Sergium
3397 539 3454 583 et

140 595 262 633 τω
314 582 408 635 καὶ
460 584 700 638 ἀπειλῶν
749 588 839 640 τὸν
892 587 1126 664 Σέργιον
1161 631 1174 654 ,
1232 592 1325 642 καὶ
1361 592 1470 644 οὐδ’
1519 594 1770 656 ὁπωσοῦν

147 671 499 727 ὑποδιδόντα
529 677 624 746 τῆς
657 679 990 748 παρρησίας,
1020 679 1216 732 αὐτίκα
1260 683 1360 749 τὴν
1389 684 1767 752 κατεψευσμέ-

149 781 283 833 νην
315 767 533 837 ἐκείνην
572 769 756 836 φιλίαν
788 774 881 822 καὶ
915 772 976 824 τὸ
1014 776 1356 838 προσωπεῖον
1410 777 1768 847 ἀποδυσάμε-

147 874 266 919 νος
300 860 437 928 ὅπερ
464 856 532 930 ἦν
577 863 824 931 ἐναργῶς
867 863 1244 928 ἀπεδείκνυτο,
1293 869 1386 918 καὶ
1437 868 1512 931 ὡς
1565 870 1763 935 ἔοικεν,

163 947 252 1002 'H
274 947 442 1020 πολλὴ
469 969 594 1020 μου,
621 958 804 1020 φησιν,
831 955 1123 1024 ἡμερότης,
1145 960 1317 1013 καὶτὸ
1341 960 1586 1028 ἀκαίρως
1609 960 1765 1013 τοῦτο

146 1043 318 1112 πρός
350 1061 408 1096 σε
455 1045 864 1113 φιλάνθρωπον,
916 1047 1092 1101 ταῦτά
1151 1065 1210 1100 σε
1259 1050 1394 1119 πρὸς
1443 1050 1762 1114 ἀλαζονείαν

148 1134 361 1205 ἐπῆρε
392 1153 404 1166 ·
444 1139 536 1190 καὶ
582 1139 722 1190 οὕτω
770 1141 892 1191 καθ’
928 1141 1085 1208 ἡμῶν
1139 1159 1196 1194 τε
1233 1143 1410 1194 αὐτῶν
1471 1147 1568 1196 καὶ
1623 1143 1760 1197 θεῶν

146 1227 403 1296 ἠρέθισε
435 1231 542 1282 τῶν
579 1231 858 1300 μεγάλωνῖ
896 1233 1055 1285 ’Λλλὰ
1085 1235 1178 1286 καὶ⁵
1207 1236 1296 1287 τὸν
1328 1235 1496 1301 τῦφον
1536 1238 1759 1304 ἀπομα-

143 1317 335 1391 θήσῃ,
369 1320 429 1372 εὖ
469 1317 608 1386 οἶδα,
649 1324 740 1374 καὶ
777 1323 1093 1394 ἐπιμελήσῃ
1139 1326 1234 1394 τῆς
1277 1325 1588 1389 αὐθαδείας,
1661 1326 1757 1378 καὶ

151 1413 365 1484 γνώσῃ
402 1413 628 1464 σεαυτὸν
677 1414 736 1464 οὐ
772 1414 1001 1483 μεσίτην
1052 1417 1177 1484 ἄρτι
1207 1418 1317 1468 τῶν
1350 1419 1546 1470 κοινῶν
1598 1419 1752 1484 ὄντα,

143 1503 294 1554 οὐδὲ
334 1504 483 1572 παρὰ
522 1504 736 1573 βασιλεῖ
767 1507 833 1558 τά
873 1509 1088 1576 μεγάλα
1117 1509 1440 1576 δυνάμενον,
1489 1512 1625 1565 ἀλλὰ
1659 1530 1756 1564 κα-

136 1594 430 1663 τάκριτον
485 1598 577 1648 καὶ
628 1597 919 1668 δεσμώτην
974 1604 1066 1652 καὶ
1113 1602 1164 1653 ετ
1186 1619 1238 1653 τι
1270 1602 1398 1654 ἄλλο
1445 1609 1556 1666 τοῖς
1613 1606 1754 1658 οὕτω

154 1687 439 1755 φρονοῦσι
476 1689 644 1742 κακὸν
677 1689 895 1746 ἕπεται.
946 1694 1054 1744 Καὶ
1101 1694 1302 1745 αὐτίκα
1349 1694 1444 1762 τὴν
1494 1696 1603 1747 άπὸ
1650 1697 1749 1749 τοῦ

143 1777 434 1844 φρουρίου
470 1777 687 1847 Σουρῶν
769 1781 862 1832 ἐπὶ
914 1780 1014 1850 τὴν
1067 1783 1218 1833 πόλιν
1270 1782 1568 1851 Ῥωσαφὼν
1597 1789 1750 1839 στελ-

1873 595 2169 662 blanditiis,
2204 611 2258 653 et
2284 601 2447 655 minis
2467 618 2586 657 esse
2622 608 2983 676 superiorem,
3012 621 3066 665 et
3097 614 3230 669 nihil
3260 625 3454 673 remit-

1874 697 2076 743 tentem
2112 695 2175 746 de
2205 693 2460 761 loquendi
2488 697 2754 762 libertate,
2787 702 2932 757 illam
2973 707 3154 760 statim
3213 714 3451 766 ementi-

1871 788 1978 833 tam
2010 798 2223 839 exuens
2250 789 2546 843 amicitiam
2596 804 2650 845 et
2711 809 3019 862 personam,
3049 811 3239 867 aperte
3266 815 3451 858 osten-

1865 873 1945 926 dit
1977 875 2025 926 id
2052 878 2193 944 quod
2222 889 2333 932 erat
2367 899 2378 933 :
2412 891 2488 944 et,
2525 883 2710 952 Magna
2740 904 2878 950 mea,
2933 891 3126 959 inquit.
3193 912 3450 952 mansuc-

1866 965 2020 1027 tudo.
2068 978 2122 1021 et
2177 969 2291 1024 haec
2348 972 2402 1025 in
2455 984 2504 1026 te
2587 977 2899 1045 importuna
2987 982 3314 1053 benignitas.
3378 990 3446 1042 ad

1865 1060 2228 1126 arrogantiam
2263 1070 2314 1115 te
2338 1066 2677 1131 extulerunt,
2731 1078 2786 1122 et
2833 1073 2911 1125 sic
2964 1073 3018 1125 in
3072 1091 3170 1129 nos
3199 1079 3362 1146 ipsos.
3391 1093 3446 1135 et

1863 1148 1997 1204 deos
2027 1166 2254 1223 magnos
2280 1169 2664 1224 provocarunt.
2694 1160 2799 1215 Sed
2843 1164 3091 1222 dedisces
3141 1171 3243 1239 (sat
3304 1175 3440 1244 scio)

1860 1244 2197 1310 superbiam.
2233 1259 2286 1301 et
2325 1250 2666 1305 Oblivisceris
2716 1262 2820 1308 tua:
2859 1263 3199 1328 arrogantia},
3242 1275 3298 1318 et
3348 1282 3442 1319 co-

1858 1338 2091 1399 gnosces
2119 1336 2349 1404 teipsum
2377 1355 2489 1394 non
2520 1358 2641 1396 esse
2675 1359 2855 1398 rerum
2896 1353 3272 1406 communium
3324 1371 3443 1411 am-

1857 1422 2478 1498 pliusintercessorem,
2524 1450 2704 1503 neque
2751 1453 2909 1505 posse
2955 1443 3246 1510 plurimum
3297 1451 3441 1517 apud

1859 1515 2264 1585 imperatorem,
2295 1524 2387 1578 sed
2414 1539 2535 1579 esse
2567 1528 2883 1582 damnatum
2924 1541 2976 1586 et
2999 1534 3260 1600 vinctum,
3297 1515 3351 1593 et
3395 1542 3440 1595 si

1856 1612 1998 1676 quod
2021 1611 2166 1667 aliud
2201 1618 2406 1671 malum
2432 1623 2682 1688 sequitur
2711 1642 2827 1690 eos,
2859 1629 2950 1696 qui
2979 1631 3049 1683 ita
3075 1635 3338 1688 sentiunt.
3373 1638 3441 1691 Et

1855 1701 2034 1753 statim
2103 1717 2133 1755 a
2198 1707 2452 1774 praesidio
2514 1709 2780 1767 Surorum
2830 1717 2940 1771 dux
2985 1721 3336 1788 proficiscens
3381 1726 3436 1780 in

1854 1791 2126 1848 civitatem
2159 1795 2558 1867 ltosapltorum,
2597 1805 2759 1858 cilicit
2816 1819 2873 1860 ut
2915 1810 3189 1865 calceetur
3234 1817 3438 1872 athleta

135 1864 393 1932 ).ὀμενος
453 1869 680 1939 πορείαν
713 1871 740 1921 ὁ
794 1871 943 1936 δουξ,
999 1873 1247 1942 σιδηραῖς
1305 1880 1565 1945 κρηπῖσιν
1600 1877 1738 1948 ἥλοις

1856 1886 2116 1953 crepidis,
2173 1888 2366 1944 ferreis
2401 1893 2568 1947 clavis
2631 1897 2904 1952 conlisis:
2958 1910 3013 1952 et
3054 1906 3438 1960 conscendens

132 1957 303 2026 ὀξέσι
351 1962 811 2030 ἐμπεπαρμέναις
847 1962 940 2014 τὸν
988 1961 1228 2033 ἀθλητὴν
1271 1965 1598 2034 ὑποὸεθῆναι
1639 1984 1749 2020 πα-

135 2054 490 2119 ρασκευάζει
524 2070 538 2084 ⁸
578 2057 668 2106 καὶ
699 2055 970 2124 ὀχήματος
1015 2058 1174 2120 αὐτὸς
1225 2059 1447 2124 ἐπιϐὰς,
1494 2060 1743 2132 ἐμπροσ-

131 2146 244 2197 Οεν
313 2147 386 2210 ὠς
413 2144 523 2218 εἶχε
551 2150 727 2204 ποδῶν
774 2152 991 2221 τρέχειν
1023 2153 1114 2204 τὸν
1165 2151 1322 2220 ἅγιον
1375 2157 1469 2207 ἐπὶ
1515 2156 1748 2228 ἑϐδομή-

134 2240 327 2293 κοντά
361 2258 461 2293 που
499 2243 748 2305 σταδίους
773 2246 903 2313 ἄχρι
944 2245 1373 2315 Τετραπυργίας
1406 2249 1744 2317 ἠνάγκαζεν.

132 2329 315 2382 ’Ὀσοι
368 2334 469 2400 μὲν
528 2334 621 2386 οὖν
679 2339 953 2405 ἀπορρέον
1013 2339 1071 2388 τὸ
1122 2339 1302 2391 ποδῶν
1356 2335 1495 2407 αἷμα
1547 2344 1738 2412 ἑώρων

136 2423 468 2490 θαυμάζειν
500 2442 560 2476 τε
601 2427 782 2487 αὐτοῖς
820 2428 1062 2496 ατεχνῶς
1101 2428 1279 2497 ἐπῄει,
1321 2434 1413 2481 καὶ
1453 2434 1543 2484 τὸν
1570 2435 1737 2502 ἀθλη-

136 2515 254 2582 τὴν
291 2515 388 2582 τῆς
426 2520 730 2586 καρτερίας
765 2520 1188 2588 ἐκπλήττεσθαι.
1255 2523 1482 2590 Ἐκείνῳ
1523 2524 1575 2575 δὲ
1630 2527 1742 2595 ἄρα

132 2611 204 2659 αἱ
247 2610 356 2661 τῶν
401 2613 868 2681 προσδοκωμένων
912 2614 1126 2677 ἐλπίδες
1197 2617 1410 2686 ῥανίδες
1457 2618 1738 2688 παρακλή-

138 2719 296 2762 σεως
331 2698 473 2771 ἦσαν
507 2705 567 2768 ἐξ
612 2707 846 2774 ούρανοῦ
886 2709 1159 2772 στάζουσα
1227 2711 1318 2763 καὶ
1353 2712 1413 2763 τὸ
1463 2709 1601 2780 βαρῦ
1633 2712 1740 2765 τῶν

131 2794 350 2848 ὀδυνῶν
388 2799 776 2868 ὑπεκούιριζον,
833 2803 1056 2864 ἀλύπως
1103 2822 1159 2856 τε
1212 2807 1390 2876 εἴχετο
1442 2807 1541 2874 τῆς
1588 2806 1731 2867 ὀδοῦ,

133 2897 238 2940 καί
256 2892 352 2941 σὺν
375 2891 531 2961 ἡδονῇ
555 2893 725 2945 ταῦτα
747 2895 1071 2964 ὐπέψαλλεν·
1087 2916 1105 2947 ‹
1132 2897 1454 2965 Ύπομένων
1471 2901 1738 2968 ὑπέμεινα

131 2984 238 3035 τὸν
265 2984 468 3054 Κύριον
492 3003 503 3016 ’
543 2987 810 3058 προσέσχε
834 3006 920 3059 μοι
951 2992 1041 3041 καὶ
1062 2991 1351 3056 εἰσήκουσε
1379 2998 1474 3059 τῆς
1497 2994 1737 3062 δεήσεὼς

1855 1976 2190 2040 vehiculum,
2222 1984 2401 2051 coegit
2433 1995 2679 2040 sanetum
2750 1991 2823 2042 ita
2869 1993 3099 2059 pedibus
3155 1999 3435 2058 allectum.

1852 2076 1978 2121 ante
2007 2070 2186 2139 ipsum
2213 2089 2440 2130 currere
2471 2077 2536 2131 ad
2562 2083 2904 2150 septuaginta
2943 2087 3112 2138 stadia
3151 2104 3324 2157 usque
3367 2091 3436 2145 ad

1855 2156 2290 2234 Tetrapyrgiam.
2327 2167 2506 2237 Atque
2559 2173 2870 2242 quicunque
2914 2176 3132 2244 quidem
3177 2156 3436 2238 videbant

1849 2259 2169 2323 sanguinem
2196 2274 2225 2311 e
2260 2261 2492 2328 pedibus
2517 2265 2868 2330 deﬂuentem,
2910 2269 2989 2322 eis
3039 2272 3198 2338 plane
3261 2274 3435 2327 admi-

1852 2348 1958 2399 rari
2011 2350 2261 2403 veniebat
2292 2353 2343 2404 in
2373 2363 2634 2415 mentem,
2663 2365 2716 2408 et
2756 2361 2975 2413 athleta-
3017 2372 3240 2430 stnpere
3303 2366 3434 2418 tole-

1853 2442 2106 2494 rantiam.
2135 2442 2354 2514 Martyri
2378 2456 2558 2500 autem
2589 2463 2715 2516 spes
2733 2465 2946 2511 eorum,
2979 2468 3100 2519 quae
3149 2467 3432 2522 exspecta-

1848 2529 2070 2593 bantur,
2097 2545 2253 2588 erant
2277 2549 2440 2606 gutta:
2463 2540 2875 2603 consolationis,
2903 2559 3023 2611 quae
3076 2546 3344 2602 cadebant
3397 2563 3431 2605 e

1848 2625 2009 2684 caelo.
2067 2635 2120 2678 et
2162 2629 2415 2683 levabant
2471 2634 2720 2687 dolorum
2768 2636 3115 2705 gravitatem.
3175 2638 3237 2692 Et
3293 2641 3428 2695 citra

1847 2721 2153 2775 molestiam
2190 2725 2447 2792 pergebat
2477 2727 2823 2798 itcringredi.
2873 2731 2921 2784 ei
2986 2733 3100 2786 haec
3157 2733 3425 2802 psallebat

1852 2829 1975 2865 cum
2008 2813 2190 2868 laetitia
2225 2833 2239 2870 :
2282 2835 2299 2866 ι
2331 2814 2660 2888 Exspectan's
2688 2823 2996 2890 exspectavi
3032 2823 3342 2888 Dominum,
3373 2839 3428 2882 et

1846 2903 2087 2958 intendit
2107 2907 2258 2959 mihi.
2285 2906 2348 2961 Et
2374 2910 2650 2964 exaudivit
2671 2913 3113 2981 deprecationem
3136 2933 3343 2973 meam:
3370 2929 3428 2975 et

1841 2996 2027 3049 eduxit
2048 3013 2132 3049 me
2155 2999 2220 3051 de
2245 2999 2360 3053 lacu
2386 3001 2769 3064 alllictionis,et
2792 3020 2820 3058 e
2847 3006 2958 3060 luto
2981 3008 3217 3062 faecis.Et
3239 3011 3428 3066 statuit

139 3093 254 3143 μου
283 3091 295 3104 ·
349 3077 443 3128 καὶ
483 3079 726 3149 άνήγαγέ
768 3099 834 3149 με
871 3085 932 3134 ἐκ
961 3081 1166 3133 λάκκου
1190 3081 1590 3152 ταλαιπωρίας,
1633 3087 1728 3136 καὶ

1844 3087 1896 3140 in
1921 3087 2208 3142 latitudine
2233 3091 2397 3158 pedes
2421 3107 2588 3151 meos,
2614 3103 2668 3145 et
2690 3094 2888 3148 direxit
2912 3113 3130 3161 gressus
3165 3115 3315 3152 meos
3341 3101 3415 3152 “.o

133 3171 254 3222 ἀπὸ
305 3173 477 3239 πηλοῦ
541 3175 708 3239 ἰλύος,
766 3180 862 3228 καὶ
915 3177 1145 3247 ἔστησεν
1198 3179 1255 3229 ὲν
1313 3176 1614 3247 εὐρυχώρῳ
1662 3179 1788 3239 τοὺς
1850 3181 2014 3242 πόδας
2049 3201 2150 3251 μου
2188 3185 2281 3237 καὶ
2309 3185 2608 3238 κατεύθυνε
2636 3183 2702 3240 τᾶ
2732 3188 3047 3259 διαδήματά
3083 3209 3206 3261 μου.

220 3262 319 3317 1Ζ’.
383 3265 478 3327 Ὠς
517 3267 570 3318 δὲ
621 3267 714 3318 καλ⁵
748 3268 845 3334 τὴν
880 3270 1294 3338 τετραπυργίαν
1343 3269 1444 3337 ἤδη
1494 3267 1726 3319 κατελα-

135 3355 266 3416 ϐον,
305 3358 468 3408 αὑτὸν
509 3357 609 3420 μὲν
660 3361 716 3408 ὲν
773 3360 988 3430 φυλακῇ
1042 3360 1330 3430 δεσμώτην
1383 3361 1729 3429 ἐλάμϐανεν

132 3448 289 3500 οὕτω
321 3450 659 3519 προσταχυὲν
685 3451 790 3504 ὑπὸ
829 3452 923 3505 τοῦ
962 3454 1149 3516 δουκὸς
1179 3469 1190 3480 ·
1223 3456 1428 3506 ἐκεῖνον
1479 3454 1536 3507 δὲ
1569 3471 1733 3523 φρον-

146 3541 302 3602 τίδες
329 3544 384 3592 ὲν
405 3547 561 3611 χερσὶ
581 3544 858 3613 δημοσίων
882 3548 1225 3615 πραγμάτων
1244 3543 1409 3614 εἶχον.
1452 3547 1730 3615 Ἐσπέρας

138 3634 204 3685 δὲ
239 3636 340 3706 ἤδη
375 3637 674 3705 γενομένης
725 3636 883 3705 μόνος
918 3638 1070 3705 παρὰ
1099 3639 1161 3707 τῇ
1189 3637 1404 3708 φυλακῇ
1443 3639 1469 3689 ὁ
1513 3639 1728 3707 μάρτυς

131 3724 495 3790 ἀπολειφθεὶς
538 3743 556 3773 ι
588 3726 648 3775 Ut
687 3725 978 3788 ἐσθίοντες,
1012 3746 1027 3778 ι
1060 3727 1309 3796 ἔψαλλεν,
1345 3747 1362 3778 ι
1398 3728 1594 3798 ἄρτους
1626 3746 1727 3799 μου

134 3819 493 3886 ὲμεγάλυναν
537 3817 624 3870 ἐπ’
680 3817 779 3886 ἐμὲ
841 3822 1240 3888 πτερνισμόν.»
1306 3822 1416 3873 Καὶ
1470 3823 1728 3890 σχοινίοις

137 3910 417 3962 διέτειναν
469 3909 679 3979 παγίδα
721 3913 830 3971 τοῖς
880 3911 1008 3963 ποσί
1064 3929 1186 3980 μου,
1237 3913 1330 3964 καὶ
1362 3913 1728 3980 διελογίσαντο

131 4000 236 4054 τοῦ
286 4001 645 4057 ὑποσκελίσαι
695 4007 763 4058 τὰ
823 4005 1136 4074 διαδήματα
1183 4021 1313 4074 μου.
1371 4005 1512 4057 Ἀλλ’
1540 4007 1722 4070 αὐτὸς,

135 4096 342 4164 Κύριε,
380 4097 574 4169 Κύριε,
628 4098 945 4169 πρόφοασον
985 4101 1183 4161 αὐτοὺς
1227 4098 1320 4151 καὶ
1364 4099 1725 4155 ὑποσκέλισον

134 4188 369 4252 αὐτοὺς,
404 4191 500 4240 καὶ
534 4188 696 4258 ῥῦσαι
730 4191 839 4242 ἀπὸ
880 4190 1094 4244 ἀσεϐῶν
1121 4191 1218 4258 τὴν
1255 4191 1434 4262 ψυχήν
1476 4210 1600 4262 μου,
1633 4194 1725 4246 καὶ

134 4282 205 4332 ὲκ
239 4282 418 4352 χειρὸς
476 4285 638 4344 κυνὸς
695 4284 794 4350 τὴν
861 4284 1127 4353 μονογενῆ
1200 4301 1325 4355 μου.
1381 4285 1722 4340 Ὅθενόὑδὲ

135 4375 534 4444 ἀπαράκλητον
568 4375 734 4428 αὐτοῦ
767 4364 864 4448 τὴν
890 4377 1070 4448 ψυχὴν
1103 4378 1266 4431 πάλιν
1295 4382 1320 4431 ὁ
1355 4380 1482 4440 τοὺς
1521 4380 1722 4448 στεφά-

135 4483 232 4518 νου
282 4468 432 4536 αὺτῴ
451 4468 665 4521 πλέκων
689 4471 896 4523 ἄνωθεν
918 4473 1190 4536 περιεῖδεν
1209 4489 1221 4501 ·
1241 4471 1376 4523 ἀλλὰ
1394 4470 1723 4540 κηδεμονίαν

1913 3269 2074 3325 XVII.
2110 3272 2404 3342 Postquam
2435 3285 2616 3329 autem
2645 3277 2755 3347 jam
2800 3281 3180 3348 pervenissent
3226 3283 3422 3340 Tetra-

1835 3364 2100 3432 pyrgiant,
2130 3364 2307 3432 ipsum
2348 3365 2566 3434 quidem
2619 3373 2837 3437 excepit
2872 3372 3140 3437 custodia,
3181 3376 3420 3430 duceita

1830 3455 2106 3524 iubente:
2163 3457 2312 3511 illum
2374 3469 2554 3513 autem
2598 3472 2853 3531 urgentes
2902 3478 3045 3518 curae
3108 3467 3418 3536 reipublicae

1837 3558 2130 3604 tenuerunt
2161 3552 2682 3621 occupatum.'Cum
2733 3565 2913 3610 autem
2958 3557 3067 3626 jam
3114 3569 3260 3614 esset
3324 3577 3418 3616 ve-

1837 3653 1988 3707 Sper,
2022 3652 2226 3709 martyr
2257 3645 2479 3697 relictus
2509 3647 2660 3698 solus
2717 3646 2768 3698 in
2794 3652 3062 3711 custodia,
3107 3652 3367 3719 psallebat
3398 3673 3415 3709 :

1837 3749 1854 3782 ι
1895 3729 1996 3797 Qui
2026 3733 2390 3788 coniedebant
2430 3750 2598 3803 panes
2644 3752 2813 3801 meos,
2868 3742 3283 3810 magnilicarunt
3322 3761 3417 3799 su-

1832 3838 1929 3891 per
1960 3840 2044 3877 me
2074 3825 2570 3893 supplantationem
2596 3829 2667 3884 ’.ι
2711 3827 2772 3881 Et
2805 3828 3029 3885 funibus
3051 3836 3416 3892 extenderunt

1827 3915 2078 3985 laqueum
2110 3917 2336 3985 pedibus
2366 3921 2519 3984 meis,
2554 3928 2608 3972 et
2659 3923 3034 3990 cogitaverunt
3066 3929 3417 3996 supplantare

1828 4022 2047 4078 gressus
2065 4023 2241 4064 meos.
2265 4009 2378 4064 Sed
2403 4021 2480 4074 tu,
2511 4011 2754 4072 Domine.
2791 4010 3038 4079 Domine,
3071 4020 3327 4084 prazveni.
3356 4029 3412 4073 et

1829 4103 2119 4171 supplanta
2143 4113 2254 4157 eos
2288 4123 2301 4156 :
2336 4113 2390 4157 et
2417 4104 2586 4162 libera
2613 4107 2680 4158 ab
2712 4105 2893 4174 impiis
2923 4108 3159 4162 animam
3188 4125 3361 4163 meam
3392 4127 3409 4166 :

1827 4208 1882 4248 et
1904 4194 1970 4247 de
2004 4209 2167 4247 manu
2201 4195 2361 4250 canis
2396 4196 2611 4250 unicam
2639 4211 2856 4259 nteant.
2909 4197 3088 4263 Quare
3143 4216 3247 4254 nec
3276 4216 3412 4255 con-

1826 4287 2111 4342 solationis
2140 4298 2422 4357 expertem
2482 4291 2602 4358 ejus
2634 4289 2874 4343 animant
2918 4305 3109 4346 rursus
3153 4292 3412 4363 dexpexit

1825 4382 1893 4446 is,
1935 4384 2025 4452 qui
2067 4399 2098 4437 e
2125 4382 2339 4452 superis
2367 4384 2414 4435 ei
2454 4383 2710 4437 nectebat
2755 4398 3007 4448 coronas,
3039 4385 3134 4439 sed
3174 4395 3230 4438 et
3264 4386 3412 4439 mul-

1827 4481 1934 4527 tam
1971 4489 2029 4527 se
2059 4475 2179 4544 ejus
2207 4489 2393 4528 curam
2441 4489 2632 4545 gerere
2674 4477 2939 4552 ostendit,
2965 4486 3016 4531 et
3075 4477 3326 4547 angelum
3357 4479 3409 4534 ei

137 4577 201 4611 τε
231 4561 434 4631 πολλὴν
487 4563 615 4632 περὶ
640 4566 830 4616 τουτον
874 4565 1265 4626 ἐπιδείκνυται,
1349 4563 1443 4616 καὶ
1489 4565 1720 4631 ἄγγελον

1844 4569 1976 4622 nisit
2005 4570 2181 4623 media
2215 4579 2375 4624 nocte
2433 4591 2445 4623 :
2475 4569 2590 4638 qui,
2623 4585 2748 4622 cum
2793 4569 2945 4639 prius
2974 4569 3121 4625 illius
3166 4571 3405 4627 animam

135 4654 290 4722 αὐτῷ
323 4654 464 4706 κατὰ
497 4656 671 4724 μέσην
697 4655 976 4725 ἐκπέμπει
999 4656 1095 4725 τὴν
1129 4655 1299 4708 νύκτα
1321 4677 1335 4688 ·
1365 4655 1724 4730 ὃς-πρότερον

134 4747 240 4817 τὴν
282 4749 494 4802 ἐκείνου
530 4747 710 4817 ψυχὴν
764 4748 938 4817 ἡδέως
967 4751 1442 4820 ἀνακτησάμενος,
1480 4748 1599 4805 εἶτα
1634 4753 1726 4805 καὶ

136 4840 236 4892 τοῦ
289 4839 543 4909 σώματος
593 4841 972 4910 ἐπιμεληθεὶς,
1025 4843 1279 4906 καὶτοὺς
1330 4844 1498 4905 πόδας
1557 4843 1722 4897 αὐτοῦ

138 4933 395 5000 πονήρως
445 4931 549 4983 ὑπὸ
601 4931 708 4985 τῶν
763 4932 991 5002 πληγῶν
1033 4933 1258 5003 ἔχοντας
1314 4935 1573 5003 ὑγιάσας.
1631 4936 1725 4990 καὶ

137 5023 390 5092 καθάπερ
443 5022 646 5094 ἑταίρῳ
710 5025 816 5077 τινὶ
871 5027 963 5078 καὶ
1005 5025 1312 5097 συμπολιτῃ
1370 5027 1713 5094 φιλικώτατα

136 5115 446 5186 διαλεχθεὶς
520 5118 615 5170 καὶ
683 5120 1207 5186 κατασπασάμενος,
1269 5117 1721 5191 προσθυιιὸτερον

140 5207 320 5275 πολλῷ
363 5208 493 5276 πρὸς
536 5207 626 5261 τὸν
677 5207 866 5276 ἀγῶνα
924 5207 1197 5281 διέθηκεν.

209 5297 321 5350 lll‘.
366 5297 575 5350 'EwOsv
627 5301 809 5352 τοίνυν
861 5298 1095 5363 καθίσας
1158 5303 1253 5355 ἐπὶ
1309 5302 1402 5356 τοῦ
1471 5303 1718 5374 βήματος

141 5389 305 5442 πάλιν
336 5389 532 5455 ὀδουξ,
587 5391 801 5444 κελεύει
845 5394 954 5447 τισὶ
991 5395 1102 5445 τῶν
1153 5397 1541 5467 περιεστώτων
1577 5402 1715 5466 ἀφε-

141 5482 400 5551 λομένους
435 5484 528 5537 τὸν
573 5485 847 5556 μακάριον
901 5489 1008 5540 ἀπὸ
1047 5487 1144 5557 τῆς
1179 5490 1432 5561 φυλακῆς
1472 5493 1554 5565 (οὐ
1612 5495 1721 5564 γὰρ

144 5576 302 5639 αὐτὸς
337 5577 566 5631 δυνατὸν
603 5573 741 5634 εἶναι
771 5582 1081 5650 χρήσασθαι
1107 5585 1220 5648 τοῖς
1280 5588 1437 5638 ποσὶν
1473 5587 1578 5641 ὑπὸ
1612 5589 1722 5642 τῶν

141 5667 365 5738 πληγῶν
416 5667 575 5741 ᾤετο)
611 5672 747 5738 πρὸς
795 5673 988 5726 ἑαυτὸν
1040 5678 1133 5729 καὶ
1164 5678 1223 5731 τὸ
1274 5677 1430 5748 βῆμα
1470 5681 1718 5752 κομίσαι.

211 5834 230 5866 ⁸
266 5831 407 5884 Psal.
440 5846 621 5898 xxxix,
666 5834 680 5885 l
723 5851 839 5903 sqq.
957 5837 974 5864 τ
1004 5836 1143 5891 Psal.
1182 5853 1267 5905 λι,
1301 5837 1387 5895 10.

1818 4663 2061 4730 jucunde
2093 4670 2418 4724 recreasset,
2447 4671 2503 4714 et
2551 4661 2752 4715 deinde
2789 4662 2952 4716 etiam
2993 4678 3192 4732 corpus
3219 4679 3408 4718 curas-

1825 4764 1933 4818 set,
1965 4763 2020 4810 et
2049 4755 2236 4825 pedes,
2273 4754 2363 4824 qui
2407 4754 2547 4808 male
2584 4769 2643 4808 se
2685 4755 2980 4822 habebant,
3030 4767 3298 4822 sanasset,
3348 4767 3406 4813 et

1825 4854 2082 4917 tanquam
2119 4861 2244 4900 cum
2277 4847 2512 4915 quodam
2545 4848 2722 4901 amico
2770 4856 2824 4899 et
2855 4846 3083 4900 concive
3135 4861 3235 4901 suo
3266 4847 3404 4902 ami-

1823 4942 2045 4996 cissime
2076 4948 2222 4993 esset
2251 4939 2485 5003 locutus,
2524 4949 2579 4992 et
2608 4953 2732 4993 eum
2761 4937 3067 5008 amplexus,
3099 4937 3258 5010 longe
3283 4940 3400 4994 ala-

1824 5033 2059 5089 criorem
2091 5031 2326 5088 reddidit
2357 5032 2422 5086 ad
2450 5034 2746 5087 certamen.

1897 5299 2088 5355 XVIII.
2118 5297 2274 5355 Mane
2306 5313 2437 5370 ergo
2487 5297 2691 5353 sedens
2737 5297 2843 5353 (lux
2881 5298 2934 5352 in
2985 5297 3265 5360 tribunali,
3309 5297 3401 5366 ju-

1828 5395 1921 5449 bet
1945 5393 2269 5463 quibusdam
2297 5408 2361 5447 ex
2407 5392 2494 5455 iis,
2529 5393 2622 5462 qui
2673 5392 2981 5456 adstabant,
3039 5400 3096 5444 ut
3149 5400 3396 5444 sanctum

1827 5487 2082 5541 tollentes
2109 5501 2140 5541 e
2163 5484 2408 5539 custodia
2442 5485 2642 5555 (neque
2669 5483 2814 5537 enim
2850 5483 3069 5553 putabat
3099 5483 3214 5537 lieri
3238 5499 3399 5551 posse

1823 5597 1933 5650 prae
1958 5581 2153 5651 plagis,
2193 5587 2252 5632 ut
2274 5585 2518 5633 uteretur
2549 5578 2818 5648 pedibus),
2851 5577 2918 5630 ad
2963 5591 3123 5631 suum
3153 5577 3402 5630 deferant

1824 5674 2082 5730 tribunal.
2113 5672 2250 5729 Cum
2279 5671 2352 5726 illi
2393 5680 2576 5726 autem
2606 5671 2968 5727 accessissent
2989 5670 3046 5726 in
3071 5672 3402 5734 custodiam,
