4188 6432
160 415 310 484 1033

1125 412 1300 471 νιΤΑ
1344 409 1406 468 S.
1450 405 1793 468 DlONYSll
1839 402 2362 464 AREOPAGITJE.

3239 385 3374 452 1034

160 545 458 609 ἐπιεικεῖς,
482 541 677 610 ἥμεροι
709 541 820 599 τοῖς
845 536 1030 600 ξένοις,
1055 537 1161 595 τοῖς
1192 532 1408 592 οἰκείοις
1435 527 1735 598 φιλάνθρω-

1768 521 2096 583 Amansucti
2146 516 2527 586 hospitalibus,
2579 509 2795 578 benigni
2849 509 2900 561 in
2952 506 3266 564 lamiliares,
3317 512 3373 554 et

169 650 291 697 ποι,
330 632 630 702 χρηστότης
664 630 844 689 αὑτοῖς
880 628 977 678 οὑκ
1018 623 1289 687 ἐπίδειξις,
1319 620 1737 690 ὑποκαθημένην

163 725 250 786 ὼς
277 725 344 777 τὰ
385 723 552 775 πολλά
584 723 686 792 τὴν
718 721 1017 789 σκαιότητα
1046 717 1265 787 ἔχουσα,
1297 714 1432 766 ἀλλά
1473 729 1524 763 τι
1569 710 1736 776 σαφὲς

167 813 424 883 γέννημα
456 812 553 879 τῆς
579 811 774 880 ψυχῆς,
813 811 904 862 καὶ
932 809 1029 877 τῆς
1054 808 1202 859 ἔνδον
1252 805 1532 874 χαρακτὴρ
1564 801 1737 855 διαθέ-

171 920 337 965 σεως.
387 903 600 973 Ἐπειδὴ
624 902 679 954 δὲ
723 901 973 972 Ἀθήνῃσι
1009 897 1215 960 Παῦλος
1244 898 1484 964 ἐγένετο,
1511 894 1600 946 καὶ
1629 894 1737 953 τοῖς

185 996 585 1066 Ἐπικουρείοις
613 994 680 1046 τὰ
714 993 1022 1062 Πυθαγόρου
1068 989 1386 1059 κρατύνουσι
1419 984 1732 1055 συμϐαλὼν,

170 1088 342 1157 ἔργου
367 1089 538 1156 εἴχετο
563 1087 638 1155 τῷ
681 1087 776 1154 τῆς
804 1082 1051 1143 ἀσεϐείας
1075 1083 1265 1143 αὐτοὺς
1290 1079 1589 1145 ἀποστῆσαι
1616 1075 1737 1140 δογ-

179 1179 395 1246 μάτων,
429 1179 519 1228 κα“ι
565 1175 866 1245 μεταθεῖναι
902 1173 1034 1242 πρὸς
1071 1172 1168 1240 τὴν
1199 1168 1492 1228 εὐσέϐειαν,
1527 1165 1650 1225 τούς
1678 1180 1736 1214 τε

170 1269 287 1320 τῶν
313 1268 540 1321 εἰδώλων
562 1264 1020 1335 καταστρέφεσθαι
1045 1263 1222 1323 ναοὺς.
1248 1261 1339 1312 καὶ
1367 1262 1545 1310 πεῖσαι
1582 1256 1737 1325 Ἀθη-

176 1359 367 1419 ναίους
397 1360 451 1408 ἐν
475 1360 536 1427 τῇ
562 1356 763 1425 ἐσχάτῃ
779 1354 959 1422 ἡμέρᾳ
981 1352 1079 1420 τῆς
1097 1352 1325 1420 κρίσεως
1346 1344 1736 1414 ἀναστήσεσθαι

177 1448 417 1517 μέλλειν,
437 1448 528 1499 καὶ
541 1447 690 1506 δίκας
701 1444 807 1496 τῶν
825 1444 1004 1504 αὐτοῖς
1025 1439 1391 1510 εἰργασμένων
1410 1435 1737 1505 εἰσπραχθή-

176 1540 400 1591 σεσθαι·
437 1532 577 1588 οὗτοι
611 1537 688 1598 δὲ,
712 1535 819 1586 τῶν
858 1533 1029 1586 ἄλλων
1068 1532 1160 1583 az:
1201 1527 1739 1596 δεισιδαιμονέστερον

174 1633 529 1700 διακείμενοι,
565 1629 658 1680 καὶ
686 1629 763 1689 εἰς
791 1624 987 1684 πολλὰς
1026 1621 1180 1686 δόξας
1219 1620 1309 1671 καὶ
1343 1619 1550 1678 πίστεις
1588 1633 1738 1684 μερι-

177 1723 416 1792 ζόμενοι,
451 1716 796 1790 μυκτηρίζειν
825 1715 983 1768 αὑτὸν
1005 1711 1332 1780 ἐπεχείρουν,
1359 1707 1555 1760 καινῶν
1580 1705 1738 1757 τινῶν

177 1815 276 1867 καί
312 1813 474 1878 ξένων
503 1811 788 1881 δαιμονίων
813 1805 1149 1874 καταγγελέα
1179 1799 1484 1861 καλοῦντεςτ
1515 1799 1660 1858 ὅπως
1685 1796 1741 1849 δὲ

180 1906 260 1975 μὴ
290 1902 649 1973 μυκτηρισμῷ
678 1901 831 1971 μόνον
863 1898 990 1969 παρ’
1024 1894 1197 1948 αὐτῶν
1233 1893 1491 1963 βάλλοιτο,
1528 1889 1661 1942 ἀλλά
1685 1905 1735 1941 τι

174 1995 403 2048 καὶτῶν
433 1992 667 2063 ἀνιαρῶν
704 1990 965 2058 ὑποσταίη
1009 1988 1159 2048 δίκας
1191 1984 1295 2037 τῶν
1326 1984 1413 2036 ὑπ’
1440 1981 1601 2036 αὑτοῦ
1634 1996 1735 2048 κη-

177 2102 344 2155 ρυττο
351 2086 520 2156 μένων
533 2085 723 2146 διδοὺς,
738 2080 1113 2150 ἐπιλαϐόμενοι
1134 2077 1295 2130 αὑτοῦ
1313 2078 1402 2128 ἐπὶ
1422 2075 1510 2126 τὸν
1528 2075 1593 2125 Ἀ
1603 2087 1742 2145 ρειον

177 2176 358 2243 πάγον
387 2178 620 2246 ἤγαγον·
651 2173 709 2235 ὃς
729 2173 889 2234 τόπος
921 2171 1014 2242 μὲν
1046 2165 1113 2240 ἦν
1143 2166 1480 2235 συναγωγῆς,
1514 2164 1605 2216 καὶ
1634 2161 1743 2214 τῶν

192 2266 432 2337 Ἀθηνῶν
460 2267 537 2318 ἔτι
565 2264 852 2316 καθίστατο
875 2263 1233 2330 δικαστήριον.
1265 2259 1326 2311 Ei
1345 2257 1450 2326 γὰρ
1483 2256 1571 2307 καὶ
1609 2254 1743 2306 Ῥω-

181 2363 334 2429 μαῖοι
381 2359 594 2411 πάντων
635 2356 754 2408 τότε
799 2355 1091 2424 ἐκράτουν,
1133 2350 1245 2403 ἀλλ’
1295 2347 1604 2418 Ἀθηναίους
1650 2344 1745 2398 καὶ

177 2448 635 2518 Λακεδαιμονίους
674 2444 996 2511 αὐτονόμους
1029 2443 1260 2510 ἀφῆκαν.
1295 2439 1516 2509 Εἴρηται
1545 2437 1600 2490 δὲ
1646 2452 1745 2506 μυ·

180 2539 351 2601 Οικῶς
387 2538 545 2598 οὑτω,
583 2535 828 2604 καθάπερ
870 2532 1061 2585 ἐκεῖνοί
1111 2546 1290 2598 φασιν,
1332 2529 1438 2581 ἀπὸ
1473 2527 1563 2580 τοῦ
1589 2528 1746 2598 δίκην

181 2632 239 2682 ἐν
274 2629 420 2698 αὑτῷ
449 2627 540 2679 τὸν
573 2624 804 2678 Ποσειδῶ
827 2621 965 2676 κατὰ
999 2619 1092 2673 τοῦ
1127 2621 1332 2690 Ἀρεως
1360 2620 1632 2686 ὑποσχεῖν,
1663 2619 1744 2670 ὅτι

179 2721 275 2773 τὸν
307 2719 492 2771 τούτου
540 2719 650 2770 υἱὸν
693 2717 1003 2768 ἀπέκτεινεν
1043 2711 1384 2783 Ἀλιῤῥόθιον.
1432 2709 1745 2777 Ἀγαγόντες

181 2807 276 2863 οὖν
313 2811 470 2862 αὑτὸν
503 2810 642 2877 (ἐπεὶ
673 2810 764 2860 καὶ
783 2807 858 2876 τῷ
891 2805 996 2857 τῶν
1027 2805 1226 2874 θρόνων
1252 2802 1392 2870 ὕψει,
1423 2803 1515 2854 καὶ
1546 2803 1612 2871 τῇ
1643 2816 1744 2851 κα-

182 2900 528 2970 ταργουμένῃ
555 2898 712 2966 σοφία
749 2898 886 2966 μέγα
919 2896 1192 2966 ἐφρόνουν,
1221 2894 1313 2946 καὶ
1339 2892 1450 2962 ἅμα
1474 2891 1579 2942 τῶν
1612 2907 1746 2959 γινο-

188 2994 366 3061 μένων
389 2991 649 3061 ἀκροαταὶ
671 2991 763 3040 καὶ
792 2988 971 3058 κριταὶ
1012 2985 1410 3057 προεκάθηντο·
1453 2980 1526 3037 ὧν
1549 2978 1625 3046 εἷς
1654 2983 1746 3035 καὶ

186 3083 458 3144 Διονύσιος
499 3077 585 3151 ῆν,
631 3082 731 3132 κάν
762 3082 871 3139 τοῖς
907 3078 1079 3144 λόγοις
1120 3078 1220 3128 κάν
1251 3080 1360 3137 τοῖς
1387 3075 1747 3146 δικαστηρίοις

187 3173 250 3225 τὸ
283 3175 458 3225 πλεῖον
477 3170 917 3244 ἀποφερόμενος)ο
951 3170 1074 3231 «Τίς
1110 3171 1142 3238 ἡ
1178 3168 1335 3235 καινὴ
1365 3167 1498 3234 αὕτη
1523 3167 1613 3217 καὶ
1645 3166 1749 3216 ὑπὸ

190 3261 286 3315 σοῦ
309 3261 625 3330 λαλουμένη,
661 3280 677 3310 ι
705 3260 836 3329 πρὸς
868 3258 956 3310 τὸν
986 3256 1191 3309 Παῦλον
1224 3256 1447 3324 ἔφησαν,
1479 3272 1496 3304 ι
1543 3253 1746 3323 διδαχὴ,

187 3353 286 3405 καὶ
305 3351 370 3403 τὰ
407 3351 542 3418 σοφά
564 3350 654 3402 καὶ
683 3348 1101 3417 περινενοημένα
1133 3347 1464 3416 σοφίσματα;
1495 3345 1587 3396 καὶ
1617 3345 1699 3404 τίς
1723 3346 1751 3396 ὁ

187 3445 536 3517 θεάνθρωπος
579 3440 813 3512 Ἰησοῦς;
858 3439 950 3490 καὶ
988 3438 1014 3488 ὁ
1053 3439 1143 3489 ἐπὶ
1173 3436 1326 3502 ξύλου
1359 3436 1620 3506 ζωοδότης
1659 3434 1751 3489 καὶ

189 3536 384 3606 κριτὴς
416 3531 794 3600 εὑθυνόμενος;
829 3527 1099 3593 ξενίζοντα
1142 3525 1249 3594 γάρ
1286 3541 1405 3574 τινα
1448 3523 1630 3591 φέρεις
1674 3523 1752 3584 εἰς

187 3626 290 3687 τὰς
334 3624 499 3686 ἀκοὰς
529 3621 702 3692 ἡμῶν.
742 3617 1046 3686 Βουλόμεθα
1074 3612 1163 3676 οὖν
1188 3615 1408 3682 γνῶναι,
1448 3612 1497 3662 τί
1535 3613 1596 3663 ἂν
1629 3609 1750 3678 βού-

188 3717 334 3768 λοιτο
364 3713 553 3774 ταῦτα,
582 3712 674 3764 καὶ
701 3712 832 3781 πρὸς
861 3710 889 3762 ὃ
922 3709 1162 3778 φέρουσι.
1193 3724 1210 3754 ι
1235 3705 1340 3756 Καὶ
1360 3703 1435 3765 ὃς,
1461 3701 1519 3753 τὸ
1541 3699 1752 3771 πρῶτον

190 3805 432 3875 ἐπαίρων
468 3818 526 3853 τε
551 3800 664 3870 ἅμα
697 3799 762 3851 τὰ
785 3799 1003 3850 ἐκείνων
1036 3796 1126 3847 καὶ
1147 3793 1210 3845 δι’
1235 3793 1452 3845 ἐπαίνου
1478 3791 1752 3861 τιθέμενος

188 3892 303 3947 οἷον
359 3890 525 3957 εὶκδς,
588 3892 675 3944 ἵνα
698 3889 769 3961 μὴ
790 3891 900 3949 τοῖς
919 3886 1105 3955 ἀήθεσι
1130 3885 1218 3934 καὶ
1243 3882 1410 3945 ξένοι-ς
1439 3882 1613 3946 λόγοις
1631 3896 1751 3947 τρα-

190 3986 434 4054 χύνοιντο
481 3983 668 4054 (θυμὸν
703 3981 811 4050 γὰρ
862 3976 1205 4046 ὑποστρέφει,
1257 3975 1435 4042 φησιν,
1469 3972 1753 4054 ἀπόκρισις

191 4073 623 4139 ὑποπίπτουσα)·
664 4087 681 4119 ι
718 4067 960 4137 Ἄνδρες,
995 4061 1164 4125 εἶπεν,
1211 4062 1498 4132 Ἀθηναῖοι,
1531 4060 1656 4131 περὶ
1680 4053 1753 4112 ῶν

194 4162 551 4224 πυνθάνεσθε,
585 4159 827 4230 ὕστερον,
865 4159 911 4210 εί
956 4157 1128 4217 δοκεῖ,
1179 4155 1520 4225 διηγήσομαι·
1565 4154 1657 4205 νῦν
1699 4153 1755 4205 δὲ

193 4255 337 4308 κατά
353 4254 526 4306 πάντα
545 4252 617 4313 ὡς
633 4247 1211 4317 δεισιδαιμονεστέρους
1227 4246 1365 4314 ὑμᾶς
1383 4245 1587 4313 θεωρῶ.
1605 4247 1755 4312 Διερ-

192 4347 418 4416 χόμενος
433 4342 539 4411 γὰρ
557 4343 646 4394 καὶ
660 4341 724 4391 τὰ
743 4339 1054 4406 σεϐάσματα
1071 4336 1219 4406 ὑμῶν
1237 4334 1572 4406 ἀναθεωρῶν.
1601 4330 1754 4405 εὖρον

193 4435 292 4487 καὶ
327 4431 526 4502 βωμὸν,
566 4432 619 4481 ἐν
647 4422 690 4493 ᾧ
722 4426 1113 4493 ἐπεγέγραπτο·
1166 4424 1459 4492 Ἀγνώστῳ
1491 4425 1626 4488 Θεῷ,
1660 4429 1755 4478 Ὃν

195 4518 292 4575 οὖν
336 4518 648 4587 ἀγνοοῦντες
693 4515 980 4577 εὐσεϐεῖτε,
1036 4512 1220 4565 τοῦτον
1257 4513 1366 4579 ἐγὼ
1409 4515 1756 4581 καταγγέλλω

197 4615 356 4682 ὑμῖψ
391 4611 438 4662 ει
466 4610 571 4679 ἄρα
599 4607 940 4675 ψηλαφήσετε
971 4606 1148 4670 αὑτὸν,
1186 4605 1276 4656 καὶ
1299 4603 1524 4672 εὕροιτε,
1561 4606 1652 4656 καί
1693 4623 1755 4672 γε

195 4703 260 4754 οὐ
306 4699 518 4769 μακρὰν
552 4698 641 4764 ἀφ’
677 4696 900 4748 ἑκάστου
939 4695 1087 4763 ὑμῶν
1131 4695 1451 4764 ὑπάρχοντα.
1495 4695 1578 4745 Ἑν
1611 4695 1756 4764 αὑτῷ

199 4789 308 4858 γὰρ
337 4789 513 4857 ζῶμεν
537 4788 626 4840 καὶ
651 4784 939 4853 κινούμεθα
971 4786 1061 4836 καὶ
1078 4786 1256 4854 ἐσμέν.
1283 4808 1298 4835 ι
1319 4787 1530 4838 Τούτων
1564 4787 1754 4838 ἐκεῖνοι

198 4878 550 4937 ἀκούσαντες,
575 4876 666 4927 καὶ
684 4876 762 4927 ὃτι
785 4873 992 4944 πλήρης
1018 4877 1044 4925 ὁ
1066 4873 1218 4940 λόγος
1239 4876 1448 4943 κομᾲῆς
1470 4875 1755 4944 ἐτύγχανεν

195 4968 454 5029 διανοίας,
501 4960 586 5019 οἷα
625 4965 847 5035 βροντῆς
882 4966 994 5033 ιἤχῳ
1032 4965 1492 5032 καταπλαγέντ-ῖς,
1548 4966 1755 5036 ἀφωνία

198 5061 526 5128 συνείχοντο.
571 5058 693 5125 Ὀψὲ
713 5056 766 5108 δὲ
801 5057 892 5108 καὶ
929 5056 1075 5123 μόλις
1111 5075 1126 5105 ι
1175 5057 1536 5125 Ἀκουσόμεθά
1574 5075 1663 5108 σου
1689 5059 1752 5125 τῇ

198 5151 517 5219 ὑστεραία,ι
566 5148 1036 5216 ἐπιφθεγξάμενοι,
1075 5148 1166 5198 τοῦ
1205 5148 1547 5216 δικαστηρίου
1571 5148 1754 5198 τοῦτον

196 5241 439 5308 ἀφῆκαν.
489 5238 720 5300 Ἕξεισιν
759 5235 848 5290 οὖν
873 5238 898 5287 ὁ
927 5235 1132 5297 Παῦλος
1170 5238 1228 5288 οὑ
1273 5230 1452 5297 κεναῖς
1497 5238 1667 5305 χερσὶ,
1697 5238 1755 5286 τὸ

194 5332 479 5402 ᾀδόμενον·
506 5329 615 5380 ἀλλ’
645 5329 970 5396 ἐφεπόμενον
1001 5326 1087 5378 τὸν
1120 5327 1372 5397 πρόεδρόν
1400 5345 1454 5378 τε
1489 5329 1577 5381 καὶ
1598 5345 1756 5397 κορυ-

195 5426 354 5491 φαῖον
381 5421 478 5490 τῆς
511 5421 614 5470 τῶν
656 5419 915 5487 σοφιστῶν
954 5419 1256 5488 συμμορίας
1293 5419 1638 5489 παραλαϐὼν,
1665 5419 1753 5472 τὸν

202 5512 374 5581 μέγαν
402 5511 585 5562 τοῦτόν
605 5528 742 5579 φημι
770 5510 1038 5561 Διονύσιον
1058 5527 1068 5537 ·
1097 5512 1187 5560 καὶ
1219 5510 1402 5580 ὥσπερ
1438 5529 1518 5573 τις
1559 5512 1754 5580 Ὀλυμ-

202 5606 448 5671 πιονίκης
485 5602 516 5671 ἢ
555 5602 881 5671 στρατηγὸς,
922 5602 1020 5667 τῆς
1057 5601 1187 5663 ἰδίας
1225 5602 1464 5671 γλώττης
1499 5604 1753 5674 τρόπαιον

319 5773 344 5809 Ι·
365 5771 520 5824 Prov.
559 5787 643 5826 xv.

534 5873 798 5930 ΡΑτιιοι..
843 5869 956 5932 Gn.
1009 5868 1100 5926 CX
1116 5867 1174 5926 ν.

1835 629 1959 670 vera
1993 612 2208 666 bonitas
2237 617 2354 663 erat
2383 606 2462 660 eis
2501 602 2734 664 bonitas,
2778 614 2884 652 non
2917 595 3225 656 ostentatio,
3260 608 3380 662 qua:

1829 709 1989 764 habet
2049 701 2444 770 improbitatem
2506 707 2697 764 magna
2772 706 2834 745 ex
2897 695 3048 757 parte
3111 685 3380 740 insidian-

1831 813 1975 865 tem;
2038 801 2144 851 imo
2166 792 2383 863 quidam
2440 795 2655 857 apertus
2694 785 2885 837 animae
2915 780 3099 841 fimus,
3155 785 3207 833 et
3251 776 3379 830 cha.

1832 900 2014 946 racter
2066 889 2291 941 internae
2337 878 2654 933 affectionis.
2704 874 2995 941 Postquam
3055 877 3230 922 autem
3281 866 3379 920 fuit

1832 982 2033 1035 Paulus
2076 976 2318 1033 Athenis,
2373 980 2424 1025 et
2476 981 2803 1037 congressus
2853 980 2974 1017 cum
3018 961 3296 1030 Epicureis
3327 966 3382 1011 et

1833 1072 2031 1126 Stoicis
2057 1110 2069 1132 ,
2121 1067 2210 1137 qui
2247 1064 2559 1134 Pythagorae
2589 1059 2836 1128 dogmata
2887 1055 3250 1114 sectabantur,
3308 1052 3382 1104 in-

1834 1164 2008 1217 stabat
2039 1159 2206 1227 operi,
2268 1169 2457 1222 nempe
2497 1160 2554 1205 ut
2602 1166 2696 1204 eos
2741 1147 3029 1201 abduceret
3085 1160 3114 1196 a
3166 1144 3384 1212 dogma-

1832 1256 1974 1308 tibus
2028 1247 2359 1319 impietatis,
2413 1252 2466 1297 et
2520 1242 2822 1295 traduceret
2877 1235 2940 1288 ad
2998 1236 3287 1303 pietatem,
3331 1239 3383 1284 et

1833 1349 2096 1398 everteret
2159 1337 2358 1406 templa
2421 1334 2868 1391 simulacrorum,
2926 1335 2978 1378 et
3035 1322 3384 1393 persuaderet

1840 1429 2279 1488 Atheniensibus,
2328 1425 2440 1478 fore
2481 1431 2538 1476 ut
2582 1424 2928 1488 resurgerem
2967 1416 3022 1468 in
3061 1414 3253 1466 ultimo
3299 1411 3387 1464 die

1830 1522 2017 1593 judicii
2046 1561 2058 1582 ,
2115 1526 2168 1572 et
2214 1516 2404 1569 darent
2439 1526 2626 1580 pmnas
2680 1523 2865 1561 eorum
2924 1497 3042 1575 qum
3085 1503 3382 1556 fecissent:

1832 1615 1891 1677 ii,
1935 1622 1991 1664 ut
2042 1609 2133 1677 qui
2189 1611 2371 1660 essent
2414 1603 2532 1656 aliis
2594 1599 2768 1654 allecti
2824 1595 3271 1666 superstitiosius,
3333 1599 3388 1644 et

1832 1706 1889 1759 in
1937 1702 2136 1755 multas
2167 1696 2324 1751 divisi
2353 1703 2533 1749 essent
2584 1693 2882 1762 Opiniones,
2941 1688 3388 1758 aggrediebantur

1833 1808 1954 1847 eum
1988 1790 2356 1846 subsannare,
2387 1791 2642 1836 vocantes
2674 1795 2795 1835 eum
2829 1779 3259 1831 annuntialorem
3290 1791 3386 1827 no-

1766 1864 2022 1939 Bverum
2085 1876 2440 1948 quorumdam
2493 1873 2900 1927 diemoniorum.
2959 1867 3037 1921 Ne
3091 1874 3267 1919 autem
3316 1867 3384 1918 ab

1837 1973 1917 2027 eis
1956 1974 2295 2039 appeteretur
2339 1965 2450 2018 sola
2479 1960 2921 2019 subsannatione,
2960 1955 3053 2011 sed
3099 1954 3381 2008 molestum

1836 2062 2002 2116 etiam
2061 2056 2265 2126 aliquid
2315 2053 2632 2114 sustineret,
2685 2050 2820 2104 dans
2873 2049 3137 2102 rationem
3196 2059 3382 2098 eorum

1837 2161 1957 2216 qua
2007 2146 2076 2199 ab
2125 2144 2244 2212 ipso
2281 2139 2732 2210 praedicabantur,
2762 2135 3222 2206 apprehendentes
3263 2148 3383 2186 eum

1837 2235 2171 2292 duxeruntin
2191 2228 2660 2300 Areopagum,qui
2691 2236 2821 2281 tunc
2849 2226 3065 2296 quidem
3085 2231 3203 2279 erat
3233 2223 3386 2278 locus

1837 2323 2291 2398 congregationis,
2317 2329 2370 2377 et
2399 2321 2732 2374 Athenarum
2757 2323 2872 2372 erat
2895 2316 3072 2370 adhuc
3096 2315 3383 2384 judicium.

1837 2418 1973 2473 Nam
2009 2415 2109 2469 etsi
2142 2422 2271 2466 tunc
2301 2410 2526 2466 Romani
2571 2410 2623 2463 in
2655 2422 2841 2462 omnes
2881 2406 3188 2460 obtinerent
3214 2403 3386 2472 impe-

1837 2507 1998 2565 rium,
2024 2501 2380 2555 Athenienses
2406 2507 2582 2557 tamen
2612 2504 2663 2549 et
2687 2493 3120 2548 Lacedaemonios
3143 2492 3227 2545 sui
3247 2491 3386 2560 juris

1839 2592 2188 2648 demiserant.
2215 2586 2414 2640 Fabula
2441 2593 2640 2649 autem,
2676 2584 2815 2638 sicut
2838 2581 2938 2651 ipsi
2959 2581 3169 2644 dicunt,
3193 2594 3386 2634 nomen

1841 2681 2070 2750 accepit,
2102 2678 2244 2749 quod
2278 2677 2556 2747 Neptunus
2595 2676 2648 2728 in
2679 2689 2744 2727 eo
2785 2681 2973 2727 contra
3006 2670 3229 2726 Martem
3260 2684 3389 2724 cau.

1838 2789 1952 2830 sam
1973 2770 2312 2831 sustinuerit,
2345 2767 2488 2838 quod
2512 2767 2670 2836 hujus
2693 2766 2858 2818 tilium
2888 2763 3272 2817 Halirrothium
3305 2775 3391 2814 oc-

1839 2864 2077 2920 cidisset.
2099 2860 2233 2915 Cum
2260 2873 2382 2913 eum
2403 2873 2528 2927 ergo
2557 2857 2911 2910 adduxissent
2942 2855 2996 2907 in
3020 2854 3232 2906 illorum
3260 2867 3391 2906 conv

1841 2962 2118 3025 spectum,
2162 2951 2252 3019 qui
2304 2960 2356 3003 et
2394 2958 2615 3018 prOpter
2654 2949 2863 3002 sedium
2908 2946 3270 3007 altitudinem,
3315 2952 3388 3005 et,

1842 3060 1961 3116 qua:
1995 3050 2308 3103 evacuatur,
2349 3041 2688 3109 sapientiam,
2727 3054 2785 3094 se
2827 3037 3111 3108 magniﬁce
3157 3037 3395 3090 circum-

1844 3137 2144 3210 spiciebant
2175 3149 2186 3182 ;
2218 3142 2272 3185 et
2302 3133 2460 3185 simul
2491 3147 2676 3185 eorum
2708 3145 2827 3200 quae
2857 3129 3075 3192 ﬁebant,
3117 3127 3391 3182 auditores

1771 3202 1814 3255 Ο
1842 3241 1896 3284 et
1927 3230 2138 3297 judices
2168 3225 2548 3295 praesidebant,
2600 3238 2831 3293 quorum
2875 3236 3016 3276 unus
3069 3221 3231 3274 etiam
3279 3229 3394 3276 erat

1844 3319 2151 3388 Dionysius,
2184 3318 2341 3383 cujus
2378 3324 2430 3371 et
2465 3317 2518 3368 in
2561 3315 2821 3376 dicendo,
2857 3321 2909 3366 et
2937 3311 3231 3380 judicando
3260 3325 3396 3380 pra:-

1845 3412 2012 3479 cipuze
2044 3414 2196 3463 erant
2227 3413 2438 3475 partes;
2484 3424 2500 3454 ι
2525 3404 2780 3468 Quaenam
2809 3412 2892 3458 est
2916 3403 3027 3456 haec
3048 3417 3207 3468 nova,
3232 3416 3393 3471 quaaa

1846 3512 1897 3556 te
1920 3503 2140 3563 dicitur,
2174 3499 2472 3563 doctrina”
2500 3496 2666 3550 Paulo
2687 3496 2958 3559 dixerunt,
2995 3494 3396 3563 «sapientiaque

1845 3603 1897 3648 et
1914 3595 2187 3659 ingeniosa
2216 3591 2463 3645 decreta?
2488 3600 2539 3643 et
2561 3589 2684 3658 quis
2702 3595 2784 3642 est
2803 3585 2960 3641 Jesus
2979 3585 3119 3640 Deus
3141 3593 3193 3638 et
3209 3585 3392 3646 homo,

1845 3696 1898 3740 et
1929 3686 1982 3738 in
2015 3685 2156 3753 ligno
2179 3683 2299 3735 vitae
2328 3682 2482 3734 dator
2506 3691 2557 3734 et
2578 3681 2763 3748 judex.
2798 3695 2827 3731 a
2849 3695 2955 3747 quo
2985 3679 3147 3746 injus
3177 3683 3398 3730 vocatur

1847 3777 2071 3845 quilibet
2111 3773 2421 3828 redditurus
2460 3770 2756 3824 rationem?
2786 3768 3041 3833 Quaedam
3085 3767 3229 3820 enim
3259 3781 3396 3820 nova

1846 3877 1899 3921 et
1937 3870 2110 3921 aliena
2152 3867 2330 3919 del’ei‘s
2373 3865 2437 3917 ad
2488 3878 2648 3917 aures
2689 3870 2923 3916 nostras.
2968 3858 3231 3913 Volumus
3269 3873 3397 3928 ergo

1849 3957 2018 4019 scire,
2051 3954 2178 4024 quid
2218 3953 2332 4005 haec
2371 3951 2472 4005 sibi
2504 3950 2720 4009 volunt,
2754 3957 2807 4002 et
2841 3962 2948 4015 quo
2978 3947 3224 4002 tendunt.
3259 3967 3276 3998 ι
3309 3946 3398 4000 llle

1850 4055 2026 4100 autem
2057 4058 2144 4097 res
2244 4054 2431 4094 eorum
2535 4033 2766 4107 primum
2790 4035 3053 4089 extollens
3069 4041 3121 4088 et
3149 4034 3396 4094 laudans,

1850 4147 1918 4184 ne
1943 4132 2168 4186 insuetis
2196 4137 2247 4183 et
2265 4129 2456 4183 alienis
2474 4127 2649 4181 verbis
2679 4126 3020 4180 irritarentur
3045 4123 3200 4194 (iram
3227 4122 3395 4184 enim,

1849 4225 1924 4276 ait
1954 4223 2062 4282 ille,
2099 4221 2290 4273 avertit
2326 4234 2382 4272 se
2412 4218 2736 4271 submittens
2761 4217 3041 4284 responsio
3071 4215 3130 4284 δ)
3166 4234 3177 4267 :
3227 4232 3244 4265 ι
3283 4213 3398 4268 Viri

1859 4313 2054 4381 inquit,
2080 4311 2455 4373 Athenienses,
2489 4308 2556 4362 de
2602 4309 2669 4362 iis
2707 4321 2824 4375 qua:
2853 4306 3216 4374 interrogatis,
3252 4315 3394 4374 post-

1853 4411 2070 4462 modum
2105 4406 2148 4458 si
2176 4404 2246 4456 ita
2275 4401 2545 4454 videbitur
2577 4399 2843 4454 disseram
2876 4413 2888 4447 :
2917 4412 3062 4452 nunc
3095 4405 3273 4451 autem
3305 4412 3400 4467 per

1851 4495 2030 4549 omnia
2061 4493 2216 4562 quasi
2245 4492 2731 4561 superstitiosiores
2758 4505 2856 4543 vos
2886 4489 3056 4542 video.
3107 4487 3400 4543 Transiens

1852 4587 2015 4648 enim,
2057 4595 2111 4637 et
2157 4584 2424 4652 aspiciens
2489 4597 2549 4634 ea
2616 4596 2737 4649 quae
2780 4581 2974 4643 colitis,
3023 4580 3202 4633 inveni
3243 4581 3402 4634 etiam

1853 4694 2018 4738 aram,
2057 4678 2109 4728 in
2141 4690 2246 4743 qua
2286 4673 2605 4741 inscriptum
2644 4683 2796 4726 erat:
2833 4670 3016 4738 Ignoto
3062 4670 3188 4723 Deo.
3233 4667 3400 4734 Quem

1853 4785 1980 4839 ergo
2011 4769 2322 4836 ignorantes
2339 4767 2538 4826 colitis,
2570 4781 2692 4820 eum
2717 4765 2980 4818 annuntio
3009 4765 3160 4817 vobis
3181 4780 3194 4826 ;
3215 4764 3259 4814 si
3281 4775 3401 4815 eum

1856 4860 1990 4915 forte
2031 4859 2519 4919 contrectaveritis,
2568 4867 2620 4910 et
2664 4854 3002 4916 inveneritis,
3039 4854 3139 4905 etsi
3182 4867 3290 4904 non
3335 4849 3403 4901 sit

1855 4955 2013 5020 longe
2058 4951 2124 5002 ab
2169 4964 2492 5018 unoquoque
2531 4956 2791 5001 vestrum.
2839 4943 2896 4996 In
2939 4944 3056 5012 ipso
3098 4941 3239 4994 enim
3270 4939 3405 4993 vivi-

1858 5058 1995 5104 mus,
2027 5048 2080 5093 et
2111 5054 2406 5098 movemur,
2440 5046 2492 5090 et
2523 5053 2728 5091 sumus.
2762 5054 2778 5086 ι
2802 5033 2925 5087 Haec
2947 5048 3066 5086 cum
3097 5033 3170 5084 illi
3203 5031 3402 5084 audiis-

1857 5142 1997 5193 sent,
2028 5132 2279 5200 quoniam
2306 5130 2560 5199 gravibus
2583 5126 2863 5181 sententiis
2888 5126 3041 5193 plena
3063 5130 3180 5176 erat
3209 5122 3400 5183 oratio,

1855 5233 2110 5291 tanquam
2139 5236 2271 5275 sono
2298 5223 2500 5273 tonitru
2535 5228 2714 5272 essent
2745 5213 3124 5282 obstupefacti.
3158 5213 3401 5279 elingues

1854 5321 1907 5367 et
1936 5316 2064 5366 muti
2094 5312 2542 5366 evaserant.(‘.um
2566 5317 2740 5362 autem
2764 5308 2850 5360 vix
2874 5307 3088 5359 tandem
3112 5303 3398 5356 dixissent:

1863 5423 1879 5453 ι
1931 5403 2228 5459 Audiemus
2268 5414 2318 5456 te
2357 5403 2639 5470 postridie,
2671 5420 2687 5450 )
2724 5415 2846 5453 eum
2879 5397 3200 5450 dimiserunt
3244 5409 3274 5447 e
3313 5393 3403 5461 ju-

1857 5495 2020 5547 dicio.
2041 5493 2321 5566 Egreditur
2337 5509 2461 5562 ergo
2482 5492 2700 5558 Paulus,
2731 5507 2838 5544 non
2866 5489 3136 5546 inanibus,
3167 5493 3224 5538 ut
3246 5485 3404 5552 vulgo

1857 5585 2359 5647 dicitur,manihus,
2382 5583 2472 5636 sed
2495 5599 2675 5637 secum
2700 5592 2938 5649 accepto,
2959 5580 3047 5645 qui
3068 5592 3189 5630 eum
3213 5591 3404 5644 seque-

3080 5875 3154 5929 33
