4188 6432
813 379 959 441 1035

2062 384 2346 445 MENSIS
2386 382 2742 447 OCTOBER.

3918 386 4066 447 1036

824 511 1002 568 batur,
1038 507 1284 574 praeside,
1306 514 1358 560 et
1388 507 1577 562 classis
1605 509 1962 576 sapitistaruin
1987 509 2367 578 principe,hoc
2400 522 2440 573 Α

2473 514 2632 567 αὑτὸν
2689 514 3046 584 ποιησάμενος
3086 512 3180 566 καὶ
3231 515 3436 584 καρπὸν
3479 510 3710 564 τοιοῦτον
3750 509 3858 562 τοῦ
3915 511 4062 576 12gb;

820 613 1035 667 magno,
1063 599 1300 665 inquam,
1342 597 1619 668 Dionysio.
1659 597 1732 652 De
1762 615 1894 668 quo,
1927 606 2180 668 tanquam
2220 603 2371 670 quis-

817 689 962 756 piam
1006 688 1180 741 victor
1227 686 1573 757 Olympicus,
1620 698 1712 741 aut
1756 690 1864 743 dux
1909 694 2201 756 exercitus,
2260 711 2371 750 sua:

817 779 1010 847 linguae
1045 779 1216 832 erexit
1247 779 1564 847 trephzeum,
1596 788 1648 833 et
1695 780 1837 833 hunc
1881 781 2116 835 fructum
2151 784 2370 854 collegit

815 884 879 921 ex
910 869 1153 922 oratione
1207 884 1365 936 quam
1393 869 1576 922 habuit
1601 869 1666 922 ad
1693 869 2073 926 Athenienses.
2107 871 2177 924 lis
2203 875 2369 942 enim,

815 972 935 1026 quae
974 959 1040 1012 de
1081 958 1207 1013 Jesu
1241 959 1562 1012 dicebantur
1599 976 1626 1012 a
1665 975 1912 1029 pracone
1944 964 2204 1024 veritatis,
2247 977 2370 1016 cum

814 1063 844 1100 a
874 1065 930 1102 se
959 1052 1106 1118 prius
1129 1051 1297 1103 visam
1318 1051 1371 1103 in
1405 1058 1647 1120 tempore
1678 1053 1948 1121 passionis
1973 1052 2370 1107 innovationem

816 1142 915 1194 sibi
943 1142 1045 1210 ipsi
1066 1141 1416 1209 explicuisset
1436 1143 1807 1204 luminarium,
1833 1151 1885 1195 et
1913 1142 2052 1196 hanc
2080 1144 2372 1196 humanam

812 1233 1152 1300 despexisset
1192 1233 1533 1301 sapientiam,
1564 1242 1806 1287 sectatur
1832 1235 2054 1287 verbum
2088 1237 2331 1290 veritatis
2352 1274 2368 1300 ,

813 1331 867 1375 et
921 1325 1233 1393 adjungitur
1281 1324 1648 1392 Apostolo;et
1679 1326 2103 1394 regenerationis
2161 1327 2376 1379 lavacro

815 1424 1241 1479 consummatus,
1281 1415 1335 1467 fit
1368 1416 1527 1468 simul
1561 1415 1892 1484 discipulus,
1927 1424 1979 1470 et
2014 1431 2186 1485 praeco
2217 1415 2374 1468 Chri-

817 1508 908 1568 sti,
943 1508 1032 1575 qui
1071 1514 1154 1559 est
1182 1507 1386 1574 primus
1410 1507 1603 1558 doctor
1633 1507 1896 1560 veritatis.
1927 1506 1990 1559 Et
2021 1523 2142 1560 cum
2174 1510 2375 1577 primas

818 1599 936 1651 fidei
962 1599 1376 1652 exercitationes
1402 1609 1454 1651 et
1500 1597 1817 1667 disciplinas
1847 1614 1876 1651 a
1916 1601 2072 1653 beato
2103 1604 2377 1668 percepis-

818 1698 896 1743 set
919 1689 1229 1751 llierotheo,
1263 1690 1391 1742 etin
1425 1690 1611 1752 verbo,
1638 1696 1690 1742 et
1728 1690 1782 1741 in
1808 1691 1914 1741 vita
1940 1691 2006 1742 ab
2031 1707 2094 1743 eo
2128 1692 2372 1753 docetur,

817 1789 868 1833 et
899 1780 1070 1833 sancti
1102 1778 1338 1848 Spiritus
1365 1781 1800 1833 communionem
1831 1781 1898 1834 ab
1920 1797 1982 1834 eo
2001 1781 2374 1848 consequitur.

817 1871 1017 1924 Deinde
1047 1872 1398 1924 ascensiones
1438 1872 1492 1924 in
1525 1870 1687 1924 corde
1713 1886 1811 1923 suo
1851 1870 2167 1939 disponens,
2201 1871 2376 1939 philo—
2397 1890 2440 1947 Β

818 1963 1077 2031 sOphatur
1101 1965 1412 2027 veritatem;
1437 1964 1628 2030 quaerit
1657 1977 1778 2014 cum
1812 1963 2056 2026 veritate,
2080 1963 2146 2015 de
2174 1963 2374 2027 anima,

819 2055 884 2108 de
928 2070 1176 2122 corpore,
1211 2070 1273 2106 ac
1311 2054 1376 2107 de
1415 2055 1716 2107 substantia
1757 2069 1935 2107 rerum
1968 2054 2371 2122 gerendarum:

821 2146 1109 2198 mortil’icat
1142 2144 1321 2198 omnia
1350 2145 1588 2198 membra
1624 2160 1739 2210 sua,
1776 2161 1894 2214 qua
1928 2153 2052 2198 sunt
2080 2161 2240 2213 super
2267 2153 2375 2200 ter—

818 2250 954 2298 ram,
975 2238 1155 2290 carnis
1178 2236 1373 2289 multas
1400 2237 1544 2305 leges
1573 2237 1910 2290 constituens
1931 2236 1996 2288 ad
2016 2237 2375 2290 obediendum

819 2328 1065 2396 spiritui;
1095 2329 1250 2381 docet
1287 2343 1446 2380 aures
1479 2330 1785 2380 auscultare
1815 2343 1932 2396 quae
1963 2328 2162 2389 divina,
2185 2337 2237 2380 et
2260 2342 2379 2396 quae

819 2426 945 2472 sunt
974 2419 1036 2472 de
1061 2418 1169 2473 Deo
1195 2419 1491 2484 audienda;
1520 2419 1585 2472 iis
1608 2428 1784 2473 autem
1810 2435 1928 2488 quae
1963 2427 2087 2474 sunt
2122 2427 2271 2473 extra
2290 2434 2375 2484 ea,

819 2509 1061 2562 divinum
1101 2519 1300 2563 metum
1358 2510 1745 2564 inexorabilem
1792 2509 2008 2564 adhibet
2045 2511 2372 2580 janilorem:

818 2606 872 2653 et
903 2607 1075 2653 totum
1103 2601 1319 2653 oculum
1339 2599 1576 2653 traducit
1608 2599 1673 2651 ad
1704 2601 1980 2653 veritatem
2010 2601 2378 2669 contemplan-

820 2689 964 2742 dam.
998 2688 1149 2754 Quod
1184 2699 1363 2743 autem
1396 2690 1460 2744 ad
1491 2690 1730 2759 linguam
1761 2693 2010 2759 pertinet,
2046 2692 2148 2744 eisi
2178 2707 2286 2743 non
2320 2692 2377 2745 in

821 2781 910 2846 iis;
946 2783 998 2835 in
1024 2783 1222 2851 quibus
1253 2783 1557 2852 oportebat,
1590 2783 1716 2835 olim
1745 2784 1935 2836 edocta
1977 2782 2171 2842 fuerat,
2207 2782 2381 2850 philo-

822 2875 1046 2941 sophice
1093 2882 1272 2927 tamen
1317 2882 1370 2926 et
1399 2873 1598 2935 Attice,
1630 2873 1904 2940 multaque
1936 2887 2056 2925 cum
2100 2871 2376 2941 diligentia

821 2964 1033 3020 erudita
1057 2971 1194 3018 erat.
1228 2961 1415 3031 Itaque
1454 2963 1601 3016 brevi
1635 2961 1924 3033 Dionysius
1951 2963 2004 3032 (ο
2033 2962 2377 3031 miraculum)

821 3069 1271 3129 superatomnes,
1299 3055 1391 3129 qui
1422 3064 1809 3124 przecesserant
1892 3073 1905 3107 :
1982 3063 2035 3108 et
2135 3065 2382 3120 cumpo-

821 3159 1070 3203 testaiem
1097 3166 1202 3202 non
1225 3149 1542 3203 subfuratus
1559 3154 1722 3205 esset.
1744 3143 1837 3196 sed
1857 3157 1950 3211 per
1974 3142 2173 3211 gradus
2198 3150 2380 3197 trans-

818 3240 971 3296 iisset
1007 3239 1312 3304 inferiores,
1351 3228 1573 3308 pulchre
1611 3236 1763 3310 ρδεεί
1791 3233 2091 3300 ἀίόίοὶεεεῐ,
2122 3233 2187 3286 ad
2221 3222 2440 3302 SUPC'C

819 3330 963 3383 riora
991 3346 1114 3383 mox
1141 3331 1408 3400 pervenit,
1443 3338 1493 3383 et
1527 3331 1700 3398 pascit
1724 3331 1911 3399 postea
1945 3339 2066 3376 cum
2099 3325 2381 3391 experien-

818 3423 924 3486 tia;
970 3430 1022 3474 et
1074 3435 1197 3475 cum
1248 3422 1491 3475 modeste
1548 3437 1738 3488 parere
1788 3415 2091 3476 didicisset,
2153 3415 2381 3478 imperi“

822 3512 1150 3576 modestius;
1176 3519 1376 3564 etcum
1401 3510 1676 3562 docuisset
1704 3525 1824 3563 cum
1851 3506 2094 3565 veritate,
2129 3503 2383 3555 obiisset-

819 3618 925 3671 que
956 3617 1142 3655 omnes
1172 3601 1295 3654 boni
1323 3602 1530 3655 ordinis
1557 3611 1758 3669 partes,
1795 3604 2010 3655 tandem
2042 3605 2088 3657 ei
2121 3595 2376 3656 mandato

818 3693 1148 3746 Athenarum
1190 3692 1531 3760 pontificatu,
1594 3694 1765 3743 clavis
1816 3692 2068 3760 praesidet
2098 3693 2375 3757 Ecciestze,

821 3781 1170 3848 ostenditque
1218 3795 1376 3833 suum
1427 3794 1749 3847 generosum
1797 3779 2058 3842 animum,
2091 3788 2142 3833 et
2177 3791 2379 3851 pugnat

823 3888 920 3942 pro
948 3885 1106 3942 grege
1141 3885 1153 3920 :
1189 3871 1513 3939 expellitque
1541 3870 1764 3931 bestias,
1788 3878 1841 3923 et
1857 3871 1996 3938 ejus,
2023 3872 2164 3939 quod
2192 3877 2377 3927 morbo

823 3965 1051 4026 laborat,
1095 3975 1281 4014 curam
1314 3962 1470 4028 gerit,
1501 3968 1554 4013 et
1585 3961 1727 4029 quod
1778 3960 1935 4027 longe
1988 3969 2069 4012 est
2112 3972 2374 4015 remotum

2483 602 2793 672 Ἀθηναίους
2832 603 2985 672 λόγου
3026 604 3261 673 Θερίσας.
3305 606 3427 665 Τοῖς
3462 605 3567 672 γάρ
3609 603 3756 672 παρὰ
3801 600 3907 652 τοῦ
3954 601 4058 665 τῆς

2470 694 2723 762 ἀληθείας
2766 694 3002 763 κήρυκος
3049 695 3175 763 περὶ
3219 694 3310 745 τοῦ
3360 693 3532 762 Ἰησοῦ
3573 693 3898 760 λεγομένοις
3949 692 4058 757 τὴν

2469 784 2854 855 προοραθεῖσαν
2880 783 3027 851 αὐτῷ
3055 782 3190 835 κατὰ
3220 785 3308 834 τὸν
3339 783 3520 850 καιρὸν
3560 782 3649 832 τοῦ
3684 781 3906 840 πάθους
3935 781 4055 830 τῶν

2469 877 2766 944 φωστήρων
2813 875 3151 943 καινοτομίαν
3203 873 3484 942 συμϐαλὼν
3536 875 3755 932 ἐκεῖνος,
3799 872 3899 922 καὶ
3943 873 4054 937 τῆς

2467 963 2807 1033 ἀνθρωπίνης
2840 963 3038 1034 ταύτης
3073 963 3258 1030 σοφίας
3285 962 3567 1031 ὑπεριδὼν,
3598 961 3689 1012 τοῦ
3735 962 3909 1026 λόγου
3943 964 4050 1026 τῆς

2465 1056 2720 1124 ἀληθείας
2749 1055 2985 1121 γίνεται,
3016 1056 3108 1106 καὶ⁵
3137 1056 3213 1124 τῷ
3251 1054 3549 1122 Ἀποστόλῳ
3583 1048 3928 1104 συντίθεται·
3969 1055 4048 1120 τῷ

2464 1157 2523 1195 τε
2566 1143 2773 1212 λουτρῷ
2813 1143 2905 1210 τῆς
2946 1143 3352 1210 παλιγγενεσίας
3389 1142 3722 1203 τελειωθεὶς,
3782 1142 4045 1208 μαθητὴς

2466 1231 2596 1300 ὁμοῦ
2634 1234 2725 1283 καὶ
2762 1233 2933 1301 κῆρυξ
2971 1233 3203 1303 Χριστοῦ
3248 1234 3338 1285 τοῦ
3380 1233 3594 1302 πρώτου
3635 1234 3732 1301 τῆς
3773 1234 4045 1300 ἀληθείας

2465 1321 2778 1374 διδασκάλου
2823 1325 3155 1376 καθίσταται.
3203 1325 3309 1374 Καὶ
3340 1324 3405 1376 τὰ
3444 1327 3630 1394 πρῶτα
3677 1326 3778 1392 τῆς
3821 1327 4044 1394 ἡλικίας

2465 1413 2772 1482 διατριϐῶν,
2809 1416 2898 1465 καὶ
2947 1415 3188 1476 παιδείας
3234 1416 3310 1484 τῷ
3367 1418 3640 1487 μακαρίτῃ
3697 1420 4044 1485 κοινωνήσας

2479 1504 2748 1573 Ἰεροθέῳ,
2782 1506 2892 1573 βίον
2916 1506 3017 1556 ὑπὸ
3053 1506 3225 1574 τούτῳ
3255 1510 3344 1559 καὶ
3370 1509 3520 1574 λόγον
3558 1509 3908 1560 παιδεύεται·
3951 1512 4042 1560 καὶ

2463 1594 2562 1663 τῆς
2586 1596 2751 1664 αὐτῆς
2782 1595 2928 1664 αὐτῷ
2949 1595 3039 1647 τοῦ
3070 1597 3220 1663 ἁγίου
3241 1598 3375 1648 [Ινεύ
3388 1616 3550 1666 ματος
3584 1600 3884 1661 κοινωνίας
3915 1618 4044 1650 κατ-

2465 1684 2724 1746 αξιοῦται,
2762 1686 2853 1736 καὶ
2885 1685 3171 1746 ἀναϐάσεις
3199 1687 3254 1736 ὲν
3288 1689 3351 1754 τῇ
3396 1687 3588 1755 καρδία
3624 1689 4039 1756 ἀνατιθέμενος,

2465 1779 2739 1842 φιλοσοφεῖ
2784 1777 2881 1844 τὴν
2926 1777 3210 1844 ἀλήθειαν·
3260 1775 3412 1844 ζητεῖ
3457 1778 3594 1844 μετὰ
3628 1778 3728 1844 τῆς
3781 1780 4042 1846 ἀληθείας

2467 1867 2591 1934 περὶ
2623 1867 2815 1934 ψυχῆς,
2858 1870 2980 1936 περὶ
3009 1868 3275 1936 σώματος,
3313 1868 3439 1936 περὶ
3476 1868 3570 1936 τῆς
3601 1868 3712 1918 τῶν
3747 1871 4042 1937 πρακτέων

2467 1955 2770 2024 ὑπάρξεως
2818 1959 2991 2008 πάντα
3030 1961 3210 2028 νεκροῖ
3244 1958 3310 2008 τά
3361 1958 3492 2028 μέλη
3533 1958 3603 2009 τὰ
3643 1961 3740 2010 ἐπὶ
3779 1961 3881 2027 τῆς
3919 1962 4038 2026 γῆς.

2466 2045 2631 2096 πολλὰ
2652 2049 2715 2116 τῇ
2743 2048 2902 2114 σαρκὶ
2932 2048 3313 2118 νομοθετήσας,
3347 2050 3422 2109 εἰς
3451 2049 3730 2117 ὑποταγὴν
3757 2048 3852 2100 τοῦ
3885 2052 4044 2099 πνει-

2468 2154 2654 2206 ρατος’
2687 2139 3020 2205 παιδαγωγεῖ
3042 2140 3134 2207 τὴν
3157 2141 3322 2207 ἀκοὴν
3353 2141 3450 2192 ὅσα
3483 2140 3598 2192 Θεῖα
3626 2142 3724 2192 καὶ
3757 2143 3890 2209 περὶ
3910 2140 4041 2191 Θεεῖ.

2465 2230 2833 2281 ἔνωτίσασθαι²
2871 2233 2986 2302 τοῖς.
3015 2230 3069 2280 δὲ
3112 2232 3316 2283 τούτων
3357 2232 3512 2293 ἐκτὸς
3553 2233 3644 2283 τὸν
3691 2232 3844 2285 Θεῖον
3884 2232 4043 2300 φὸόςν

2465 2319 2703 2389 θυρωρὸν
2750 2321 3028 2390 ἐφίστησιν
3077 2323 3464 2392 ἀπαραίτητον·
3499 2324 3615 2375 ὅλον
3669 2326 3906 2394 μετάγει
3955 2327 4042 2375 τὸν

2464 2406 2734 2477 ὀφθαλμὸν
2773 2411 2860 2462 ἐπὶ
2890 2412 2985 2480 τὴν
3023 2412 3295 2482 ἀλήθειαν.
3324 2415 3402 2465 Τά
3430 2414 3535 2484 γάρ
3564 2414 3665 2482 τῆς
3690 2415 3968 2483 γλώττης,
3999 2418 4043 2463 εἰ

2465 2499 2559 2551 καὶ
2606 2502 2678 2569 μὴ
2729 2502 2783 2551 ἐν
2820 2496 2898 2563 οἷς
2933 2504 3094 2571 ἐχρῆν
3131 2504 3418 2573 πρότερον,
3456 2504 3566 2554 ἁλλ’
3603 2501 3697 2556 οὖν
3740 2504 4044 2570 φιλοσόφως

2465 2607 2523 2643 τε
2557 2591 2649 2642 καὶ
2696 2593 2948 2653 Ἀττικῶς
2981 2595 3074 2644 καὶ
3108 2595 3240 2662 πρὸς
3281 2593 3560 2661 ἀκρίϐειαν
3594 2592 4042 2644 ὲνεπεπαίδευτο.

2467 2689 2595 2749 Καὶ,
2634 2686 2678 2737 ὣ
2705 2684 2796 2736 τοῦ
2829 2683 3128 2751 Θαύματοςί
3156 2686 3212 2734 ὲν
3259 2684 3452 2753 βραχεῖ
3483 2683 3690 2746 πάντας
3722 2684 4044 2754 ὑπερϐαίνει

2466 2778 2593 2838 τοὺς
2614 2774 2936 2844 ἔμπροσθεν,
2970 2775 3030 2825 οὐ
3065 2773 3263 2841 κλέψας
3291 2775 3386 2844 τὴν
3421 2774 3673 2839 ἐξουσίαν
3705 2776 3832 2827 οὐδὲ
3869 2777 4043 2846 ἁρπάο

2471 2885 2588 2931 σας,
2617 2867 2747 2920 ἀλλὰ
2775 2865 2897 2929 τοὺς
2921 2865 3069 2920 κάτω
3091 2865 3326 2937 βαθμοὺς
3356 2865 3657 2931 διεξελθών.
3698 2869 3811 2920 Καὶ
3833 2869 3896 2919 τὺ
3933 2884 4043 2917 ποια

2475 2959 2754 3030 μαίνεσθαι
2785 2959 2958 3021 καλῶς
2978 2958 3248 3028 ἐκμαθὼν,
3271 2960 3376 3010 τῶν
3397 2960 3508 3011 ἄνω
3535 2961 3671 3026 ταχὺ
3698 2960 3938 3024 γίνεται,
3956 2965 4042 3012 καὶ

2471 3052 2741 3118 ποιμαίνει
2761 3049 2894 3117 μετὰ
2914 3051 3008 3118 τῆς
3023 3049 3210 3116 πείρας
3229 3048 3351 3098 ὗστε
3359 3064 3465 3114 ρον·
3489 3047 3581 3098 καὶ
3599 3049 3863 3112 ἐπιεικῶς
3881 3050 4010 3119 ἆρχε
4023 3081 4040 3089 -

2474 3140 2593 3193 σθαι
2621 3140 2822 3209 μαθὼν,
2854 3141 3008 3208 ἄρχει
3036 3139 3450 3208 ἐπιεικέστερονο
3485 3143 3578 3193 καὶ
3612 3140 3753 3209 μετὰ
3783 3143 3887 3210 τῆς
3916 3145 4041 3209 ἁλὴς

2471 3232 2618 3294 θείας
2656 3230 2887 3294 διδάξας,
2927 3231 3014 3282 διὰ
3054 3230 3232 3296 πάσης
3264 3247 3320 3282 τε
3362 3230 3528 3282 ἐλθὼν
3568 3231 3863 3294 εὐταξίας,
3893 3233 4039 3294 τέλος

2469 3323 2566 3391 τὴν
2599 3322 2703 3373 τῶν
2746 3322 2978 3391 Ἀθηνῶν
3013 3322 3316 3383 πιστευθεὶς
3361 3322 3668 3392 προεδρίαν.
3704 3323 3814 3374 τῶν
3848 3326 4041 3374 εἰάκωι

2470 3414 2564 3480 τῆς
2606 3413 2923 3480 Ἐκκλησίας
2961 3412 3419 3480 ὑπερκαθέζεται·
3468 3414 3527 3463 τό
3559 3431 3617 3464 τε
3673 3414 3775 3481 τῆς
3821 3414 4042 3481 γνῴμης

2474 3504 2715 3569 γενναῖον
2749 3499 3103 3560 ἐπιδεικνύει,
3141 3501 3231 3551 καὶ
3267 3503 3600 3568 προπολεμεῖ
3631 3503 3730 3570 τῆς
3777 3505 4038 3570 ποίμνης,

2472 3595 2562 3645 καὶ
2583 3592 2838 3644 ἀποσοϐεῖ
2856 3593 2977 3653 τοὺς
3009 3591 3196 3661 Οῆρας,
3222 3593 3312 3641 καὶ
3338 3591 3430 3641 τοῦ
3463 3593 3818 3657 νενοσηκίτος
3855 3596 4040 3660 ἐπιμε-

2473 3683 2664 3744 λεῖται,
2711 3684 2801 3734 καὶ
2829 3684 2886 3733 τὸ
2932 3681 3232 3750 μακρυνθεν
3276 3683 3565 3749 ἐπανάγει·

2473 3774 2655 3839 φάναι,
2688 3774 2817 3824 πᾶσι
2847 3771 2912 3824 τὰ
2926 3773 3100 3823 πάντα
3131 3772 3266 3823 κατὰ
3301 3773 3388 3824 τὸν
3423 3771 3585 3825 αὑτοῦ
3618 3773 3944 3825 διδάσκαλον
3965 3776 4039 3841 γε-

2474 3880 2639 3916 νεται.
2674 3863 2824 3914 Οὕτω
2847 3878 2904 3913 τε
2935 3860 3178 3925 διδάξας,
3220 3862 3311 3913 καὶ
3338 3864 3434 3931 τὴν
3462 3862 3662 3932 Τριάδα
3692 3864 4038 3933 Θεολογὴσας,

3605 3685 3702 3734 καὶ
3759 3685 4040 3736 συνελόντα

2477 3955 2656 4020 σαφῶς
2677 3972 2740 4005 πε
2752 3956 2801 4020 ρί
2826 3952 2930 4003 τῶν
2961 3956 3130 4006 ἄλλων
3155 3954 3501 4021 διαλαμϐάνει
3525 3955 3829 4020 δυνάμεων.

837 4054 1079 4106 reducit:
1116 4059 1188 4114 et,
1223 4058 1279 4105 ut
1322 4052 1488 4106 semel
1527 4054 1722 4116 dicam,
1769 4051 1911 4106 sicut
1948 4053 2066 4119 ejus
2116 4054 2389 4121 magister,
2431 4053 2685 4107 omnibus
2712 4051 2766 4103 fit
2805 4050 2987 4102 omnia
3022 4051 3063 4100 ί.
3113 4047 3246 4100 Cum
3295 4049 3373 4100 sic
3421 4059 3597 4101 autem
3648 4052 3937 4105 docuisset
3985 4063 4032 4106 et

823 4146 897 4199 de
933 4143 1210 4198 Trinitatis
1266 4145 1550 4199 divinitate
1605 4147 1976 4211 disseruisset,
2002 4145 2144 4197 clare
2174 4152 2370 4198 tractat
2399 4147 2467 4201 de
2492 4145 2744 4214 supernis
2776 4143 3087 4198 virtutibus.

882 4244 1020 4300 Cum
1080 4258 1210 4296 vero
1263 4242 1328 4295 ad
1378 4250 1582 4293 tantam
1636 4242 1972 4309 pervenisset
2013 4244 2278 4308 gratiam,
2315 4253 2374 4295 ut

813 4337 1032 4406 quando
1085 4333 1356 4404 Deiparte,
1413 4332 1557 4402 quod
1614 4331 1778 4386 Deum
1840 4335 2076 4402 suscepit
2130 4334 2375 4401 corporis

819 4426 1101 4493 emigravit
1150 4424 1412 4491 spiritus,
1468 4422 1628 4473 simul
1668 4421 1878 4475 adesset
1917 4437 2040 4477 cum
2079 4425 2372 4490 apostolis,

821 4514 911 4581 qui
949 4529 1040 4580 per
1071 4512 1321 4580 Spiritum
1356 4518 1408 4563 et
1443 4510 1638 4561 nubem
1675 4509 1740 4561 ad
1775 4509 1913 4563 hanc
1945 4525 2152 4563 sacram
2186 4525 2368 4564 acces-

814 4613 996 4658 serant
1036 4604 1399 4670 sepulturam,
1442 4615 1548 4654 non
1587 4599 1818 4666 amplius
1852 4599 2178 4653 existimavit
2215 4615 2372 4669 opor-

818 4707 934 4750 tere
971 4711 1073 4748 una
1116 4696 1334 4747 civitate
1365 4734 1378 4756 ,
1416 4708 1606 4761 nempe
1637 4693 1894 4755 Athenis,
1929 4693 2373 4746 circumscribere

821 4789 954 4842 tales
990 4802 1120 4856 opes
1159 4787 1384 4855 gratiae;
1443 4783 1536 4838 sed
1588 4784 1772 4837 volens
1811 4783 2168 4852 multiplicare
2205 4787 2374 4835 talen-

820 4887 934 4930 tum
956 4918 970 4942 ,
1007 4887 1061 4931 et
1101 4877 1253 4946 sequi
1285 4877 1369 4930 sui
1401 4875 1642 4944 magistri
1679 4875 1902 4944 vestigia
1926 4917 1938 4936 ,
1973 4874 2173 4946 relictis
2208 4873 2372 4926 Athe-

822 4971 938 5030 nis,
973 4978 1024 5023 et
1064 4978 1210 5022 terra
1239 4981 1291 5022 et
1320 4969 1453 5020 mari
1492 4967 1656 5019 multa
1691 4980 1882 5033 passus
1913 4966 2091 5033 gravia
2118 5002 2131 5026 ,
2166 4978 2262 5016 nec
2303 4971 2376 5016 ta-

819 5077 940 5114 men
969 5063 1034 5114 ab
1059 5061 1137 5115 eis
1160 5059 1464 5113 retardatus
1488 5099 1499 5118 ,
1527 5056 1619 5111 sed
1645 5069 2003 5123 supernarum
2033 5067 2213 5105 rerum
2244 5067 2374 5104 eon-

822 5152 1172 5220 templatione
1203 5150 1391 5202 inferis
1425 5147 1674 5200 omnibus
1707 5145 1976 5213 superatis
1998 5182 2010 5205 ,
2061 5143 2126 5193 ad
2174 5143 2372 5209 regiam

821 5237 1012 5290 urbem
1069 5237 1313 5306 pervenit
1369 5234 1633 5298 Romam;
1689 5243 1740 5287 et
1793 5232 1998 5285 accedit
2047 5231 2261 5299 quidem
2309 5229 2374 5281 ad

821 5328 1184 5391 Clementem,
1230 5329 1321 5398 qui
1360 5338 1486 5380 tunc
1514 5327 1691 5380 sedem
1728 5325 1943 5379 tenebat
1986 5323 2371 5391 apostolicam,

820 5419 1023 5487 quique
1063 5433 1091 5470 a
1131 5434 1329 5487 magno
1374 5417 1532 5472 Petro
1577 5416 1753 5468 fuerat
1791 5416 2014 5467 edoctus
2046 5453 2059 5474 ,
2096 5422 2147 5465 et
2185 5411 2273 5463 cui
2308 5411 2375 5463 ab

818 5509 910 5562 illo
971 5505 1147 5562 fuerat
1195 5508 1401 5563 credita
1453 5509 1626 5562 sedes.
1682 5506 1760 5558 Ad
1821 5520 1941 5558 eum
1995 5519 2122 5572 ergo
2163 5501 2375 5556 accedit

815 5599 1138 5670 Dionysius,
1198 5612 1249 5656 et
1310 5615 1431 5654 cum
1480 5600 1526 5653 ei
1564 5615 1718 5653 suum
1760 5598 2096 5664 exposuisset
2137 5592 2383 5662 Evange-

899 5768 912 5824 ί
947 5780 962 5830 l
997 5781 1120 5834 Cor.
1152 5796 1224 5843 ιχ,
1258 5781 1346 5834 9‘2.

2541 4241 2647 4291 Καὶ

2477 4346 2549 4398 μα
2582 4330 2677 4395 τῆς
2707 4327 2960 4380 Θεοτόκου
2994 4329 3237 4399 σώματος
3275 4331 3540 4400 ὲξεδήμει,
3574 4334 3686 4392 τοῖς
3724 4331 4034 4389 ἀποστόλοις

2681 4242 2756 4300 εἰς
2788 4239 2942 4290 τοῦτο
2975 4240 3189 4307 χάριτος
3225 4237 3409 4302 ἐλθὼν,
3441 4240 3534 4301 ῶς,
3569 4240 3734 4309 ἡνίκα
3777 4239 3838 4290 τὸ
3891 4241 4034 4290 πνεῖν

2471 4421 2557 4472 διὰ
2593 4421 2893 4491 πνεύματος
2929 4423 3016 4475 καὶ
3049 4425 3273 4490 νεφέλης
3305 4417 3385 4492 τῇ
3409 4426 3525 4493 ἱερᾷ
3557 4425 3750 4474 τούτου
3789 4426 4032 4475 ἐπιστᾶσι

2472 4519 2613 4585 ταφῇ
2651 4519 3032 4586 συμπαρεῖναι·
3064 4517 3162 4566 οὐκ
3195 4516 3272 4565 ἔτι
3303 4514 3410 4565 δεῖν
3442 4514 3577 4582 ᾤετο
3615 4518 3712 4582 μιᾷ
3751 4516 3904 4567 πόλει
3927 4517 4035 4572 ταῖς

2487 4605 2730 4674 Ἀθήναις
2763 4603 2851 4654 τὸν
2895 4603 3141 4654 τοσοῦτον
3193 4604 3523 4672 περιγράψαι
3559 4602 3793 4654 πλοῦτον
3821 4605 3922 4671 τῆς
3957 4604 4036 4670 χά-

2479 4714 2620 4766 ριτος
2645 4713 2656 4725 ·
2689 4694 2819 4746 ἀλλὰ
2847 4695 2904 4746 τὸ
2933 4695 3186 4747 τάλαντον
3223 4695 3652 4746 πολυπλασιάσαι
3693 4693 4032 4763 βουλόμενος.

2476 4788 2565 4839 καὶ
2593 4785 2708 4837 κατ’
2752 4785 2891 4854 ἴχνος
2917 4785 3140 4837 ἕπεσθαι
3172 4785 3248 4853 τῷ
3295 4785 3614 4853 διδασκάλῳ,
3658 4786 3762 4847 τὰς
3817 4786 4035 4852 Ἀθήνας

2476 4875 2778 4937 ἀπολιπὼν,
2828 4875 2993 4926 πολλά
3057 4876 3150 4942 μὲν
3197 4874 3333 4927 κατὰ
3379 4875 3478 4943 γῆν
3513 4873 3734 4935 παθὼν,
3777 4876 3943 4927 πολλὰ
3985 4875 4032 4924 δὲ

2479 4969 2570 5019 καὶ
2619 4966 2755 5018 κατὰ
2789 4965 3054 5018 Θάλασσαν
3090 4967 3382 5034 ὑπομείνας
3416 4965 3480 5016 τά
3515 4966 3750 5035 δυσχερὴ
3813 4967 3905 5018 καὶ
3941 4982 4030 5033 μη-

2476 5056 2531 5108 δὲ
2574 5058 2676 5109 ὑπὸ
2724 5056 2925 5107 τούτων
2984 5056 3355 5124 κατασχεθεὶς,
3413 5055 3524 5106 ἀλλ’
3576 5057 3717 5124 ὑπὲρ
3770 5057 3839 5107 τά
3897 5061 4031 5108 κάτω

2477 5148 2650 5199 πάντα
2687 5149 2751 5215 τῇ
2785 5145 2890 5197 τῶν
2925 5146 3032 5198 ἄνω
3065 5146 3263 5216 Θεωρία
3312 5147 3631 5213 γενόμενος,
3667 5147 3768 5215 τὴν
3802 5146 4030 5215 βασιλίδα

2489 5234 2702 5303 Ῥώμην
2747 5234 3176 5302 καταλαμϐάνει.
3216 5234 3307 5285 καὶ
3352 5235 3596 5301 πρόσεισι
3634 5234 3913 5303 Κλήμεντι
3953 5233 4030 5282 τὸν

2478 5325 2821 5378 ἀποστολικὸν
2866 5323 3161 5392 τηνικαῦτα
3214 5324 3397 5392 Θρόνον
3444 5324 3677 5375 διέποντι
3717 5341 3728 5352 ·
3768 5326 3825 5386 6;
3861 5325 4029 5392 Πέτρῳ

2479 5413 2556 5483 τῷ
2601 5413 2819 5483 μεγάλῳ
2848 5413 3032 5481 ἐφοίτα
3057 5453 3070 5475 ,
3109 5413 3199 5465 καὶ
3233 5412 3321 5461 τὸν
3355 5412 3541 5487 Θρόνον
3575 5413 3666 5463 ὑπ’
3704 5415 3910 5465 ἐκείνου
3946 5431 4025 5463 πε·

2483 5506 2751 5559 πίστευτο.
2782 5505 2963 5574 Τούτῳ
2997 5503 3084 5557 οὖν
3111 5506 3352 5573 πρόσεισι
3377 5505 3668 5565 Διονύσιος,
3706 5507 3798 5556 καὶ
3835 5507 3892 5556 τὸ
3924 5503 4025 5554 καθ’

2485 5597 2670 5650 ἑαυτὸν
2692 5596 3043 5666 προσαναθεὶς
3084 5595 3406 5662 Εὐαγγέλιον
3447 5595 3510 5646 τό
3543 5612 3602 5647 τε
3636 5595 3735 5665 τῆς
3771 5597 4024 5653 διακονίας
