4188 6432
165 400 332 469 1037
1181 411 1351 473 VITA
1396 412 1457 471 S.
1509 410 1847 472 DIONYSH
1892 411 2418 472 AHEOPAGITE.
3278 408 3416 475 1038

172 536 355 605 ἔργον
404 539 479 602 ὡς
526 539 810 608 ὀμοτρόπῳ
844 537 934 589 καὶ
965 536 1297 606 ὁμογνώμονι
1330 537 1741 606 κοινωσάμενος,
1772 538 1821 595 Α

1772 538 1821 595 Α
1858 533 2020 595 lium,
2068 542 2122 587 et
2173 548 2309 602 Opus
2356 535 2495 588 sacri
2530 536 2851 602 ministerii,
2884 548 2942 593 ut
2980 540 3070 609 qui
3116 551 3259 594 esset
3308 541 3399 592 iis-

174 626 302 678 ὐπὸ
334 628 520 681 τούτου
556 629 915 698 προτρέπεται
983 627 1073 678 καὶ
1107 627 1243 696 πρὸς
1292 628 1522 696 ἑσπέρια
1578 642 1742 696 μετα-

1855 623 1974 676 dem
2028 625 2270 678 moribus
2322 633 2374 677 et
2426 626 2689 679 sententia
2746 630 3228 692 communicasset,
3289 630 3401 697 ipse

171 717 355 787 ϐῆναι
403 736 540 789 μερη
574 736 586 746 ·
624 718 809 780 ἄλλους
862 718 954 787 μὲν
986 713 1076 769 οὖν
1123 716 1230 768 τῶν
1281 717 1554 785 ἑπομένων
1599 715 1744 785 αὺτῷ

1853 725 1975 763 eum
2013 711 2332 765 adhortatur
2383 721 2440 766 ut
2488 722 2731 769 transeat
2768 717 2835 770 ad
2873 726 3050 787 partes
3086 719 3400 773 occidenta-

170 806 517 881 λειτουργῶν
548 808 775 879 ἀλλαχοῦ
806 808 910 860 τῶν
942 807 1140 876 κωμῶν
1182 825 1240 860 τε
1274 808 1364 860 καὶ
1398 807 1600 860 πόλεων
1630 808 1744 860 δια-

1855 798 1952 853 tes.
1987 798 2122 853 Cum
2170 817 2237 855 ex
2270 802 2337 857 iis
2367 817 2523 872 ergo,
2574 807 2662 874 qui
2700 823 2822 862 eum
2874 809 3258 877 sequebantur,
3300 810 3401 863 mi-

169 898 416 967 νείμας,
453 901 634 953 καὶτὸ
679 899 772 951 τοῦ
819 898 951 951 Θεοῦ
1001 900 1263 969 σωτήριον
1308 896 1747 963 εὐαγγελίζεσθαι

1746 938 1747 941 η
1854 890 2044 944 nistris
2102 906 2199 959 per
2256 894 2406 948 vicos
2462 904 2515 949 et
2574 899 2820 952 civitates
2873 900 3009 952 alios
3054 900 3177 951 alibi
3214 900 3400 953 distri-

171 990 742 1058 παρεΠυησάμενος,
792 986 1097 1039 Ῥουστικὸν
1142 986 1301 1049 αὐτὸς
1348 986 1439 1039 καὶ
1502 984 1744 1038 Ἐλευθέ-

1854 978 2096 1044 buissct,
2159 989 2212 1035 et
2276 985 2512 1038 salutare
2578 985 2671 1040 Dei
2738 987 3082 1055 Evangelium
3145 989 3400 1056 jussisset

178 1094 342 1147 ριον,
376 1079 465 1129 τὸν
515 1080 609 1148 μὲν
660 1078 952 1149 ἱερωσύνης
986 1079 1276 1149 χρίσματι,
1310 1077 1549 1146 διακονίᾳ
1579 1076 1635 1127 δὲ
1665 1091 1746 1127 τε-

1744 1104 1746 1113 »
1851 1071 2164 1137 praedicare,
2196 1074 2412 1141 ipseque
2440 1074 2719 1131 Rusticum
2751 1087 2802 1131 et
2833 1078 3216 1140 Eleutherium,
3250 1081 3398 1133 illum

171 1170 489 1239 τιμημένον
521 1170 611 1221 τὸν
668 1169 1030 1239 Ἐλευθέριον,
1083 1170 1386 1238 συνεργοὺς,
1422 1169 1667 1236 καθάπερ
1714 1168 1744 1219 ὁ

1853 1161 2070 1226 quidem
2109 1163 2398 1218 chrismate
2430 1168 2746 1227 sacerdotii,
2782 1168 2925 1220 hunc
2966 1178 3141 1222 autem
3163 1208 3176 1231 ,
3210 1184 3398 1237 nempe

180 1262 366 1329 μέγας
411 1260 722 1321 Ἀπόστολος
772 1260 1052 1311 Σιλουανὸν
1102 1259 1192 1311 καὶ
1238 1258 1528 1326 Τιμόθεον,
1564 1274 1744 1327 παρα-

1740 1284 1744 1294 .
1849 1249 2252 1313 Eleutherium,
2314 1252 2657 1307 honestatum
2710 1256 3035 1319 diaconatu,
3097 1260 3394 1327 accepisset

173 1352 409 1415 λαϐὼν,
456 1351 547 1403 καὶ
596 1354 721 1413 τοὺς
771 1351 1051 1419 ἑσπερίους
1097 1348 1410 1402 καταλαϐὼν
1459 1339 1743 1411 Γαλάτας,

1739 1389 1743 1405 ,
1845 1343 2155 1409 adjutores,
2198 1361 2304 1397 non
2343 1361 2501 1398 secus
2559 1362 2621 1399 ac
2678 1363 2903 1415 magnus
2943 1349 3236 1416 Apostolus
3278 1348 3393 1418 Syl-

175 1444 249 1494 οὐ
284 1442 499 1509 διδαχῆς
535 1441 687 1510 μόνον
715 1442 967 1511 ῥήμασιν,
1003 1439 1135 1491 ἀλλά
1169 1440 1260 1492 καὶ
1294 1438 1532 1507 σημείων
1565 1438 1745 1509 ἔργοις

175 1531 490 1599 ἀποστολῆς
538 1530 693 1601 ἔργον
738 1530 1050 1600 εἰργάζετο,
1103 1531 1264 1599 μέσος
1308 1533 1419 1591 τοῖς
1466 1529 1583 1582 καθ’
1618 1530 1745 1581 ἑκά-

178 1638 325 1690 στην
376 1621 643 1672 συνιοῦσιν
707 1620 1129 1689 ὲκφαινόμενος,
1180 1619 1305 1681 τούς
1352 1636 1411 1670 τε
1463 1621 1561 1687 τῆς
1595 1620 1747 1671 εὐσε-

176 1710 340 1773 ϐείας
372 1711 559 1777 λόγους
593 1710 946 1771 ἀδιαλείπτως
996 1708 1261 1760 ἀνακινῶν
1286 1747 1299 1770 ,
1347 1709 1438 1759 καὶ
1472 1709 1606 1777 πρὸς
1650 1710 1749 1779 τὴν

176 1799 282 1852 τοῦ
320 1800 667 1869 πεποιηκότος
712 1799 997 1863 ἐπίγνωσιν
1042 1800 1165 1858 τοὺς
1210 1797 1480 1878 ἀκροατὰς
1544 1799 1747 1865 ἐπαγό-

1845 1447 2043 1485 vanum
2076 1443 2127 1487 et
2163 1435 2541 1501 Timotheum,
2576 1447 2628 1491 et
2658 1439 2720 1491 ad
2755 1439 2935 1494 Gallos
2974 1444 3209 1495 venisset
3248 1444 3397 1496 occi-

1846 1522 2126 1586 dentales,
2180 1541 2285 1578 non
2329 1531 2501 1581 solum
2540 1531 2717 1584 verbis
2756 1530 3019 1585 doctrina:
3043 1571 3057 1589 ,
3100 1533 3193 1585 sed
3233 1535 3394 1587 etiam

1845 1612 2121 1680 signorum
2153 1617 2405 1682 operibus
2442 1618 2762 1688 fungebatur
2790 1637 3010 1675 munere
3043 1626 3392 1691 apostolatus.

1846 1699 2053 1752 medius
2109 1715 2374 1769 apparens
2425 1707 2490 1759 iis
2544 1710 2633 1774 qui
2696 1710 2747 1761 in
2801 1725 3123 1779 unaquaque
3176 1714 3395 1767 civitate

1844 1792 2272 1855 conveniebant,
2306 1803 2358 1847 et
2388 1796 2451 1848 de
2482 1798 2676 1865 pietate
2706 1800 2868 1853 verba
2908 1800 3112 1855 faciens
3151 1804 3267 1855 sine
3312 1804 3395 1855 iu-

186 1909 372 1961 μενος.
409 1856 590 1951 Οὕτως
624 1856 714 1940 οθν
759 1856 852 1940 τοῦ
894 1888 1049 1955 λόγου
1099 1888 1196 1956 τῆς
1242 1872 1501 1957 ⁹ἀληθείας
1548 1904 1749 1957 κηρυσ-
1777 1856 1820 1913 Β

1739 1856 1820 1928 ,Β
1846 1879 2218 1947 termissione,
2258 1893 2309 1936 et
2345 1886 2606 1941 inducens
2655 1890 2930 1945 auditores
2963 1893 3029 1945 ad
3072 1894 3393 1961 agnitionem

182 1981 415 2050 σομένου
447 2019 460 2039 ,
527 1979 616 2031 καὶ
676 1978 775 2046 τῆς
838 1978 932 2046 μὲν
995 1977 1141 2039 θείας
1198 1977 1599 2047 κρατυνομένης
1661 1976 1749 2028 πί-

182 2088 360 2133 στεως
381 2111 393 2133 ,
428 2070 740 2139 δαιμονικῆς
773 2069 826 2121 δὲ
861 2071 1039 2137 πάσης
1073 2068 1285 2139 ἀπάτης
1331 2071 1393 2120 ὲκ
1439 2067 1611 2120 ποδῶν
1658 2084 1747 2134 γι-

177 2163 418 2232 νομένης
438 2204 450 2225 ,
484 2162 589 2214 τῶν
623 2161 713 2213 ἐπὶ
756 2161 928 2229 τούτῳ
957 2160 1075 2211 τινὰ
1128 2163 1421 2221 συνόντων,
1458 2160 1745 2211 Λουκιανόν

180 2272 331 2325 φημι
364 2256 453 2306 τὸν
486 2256 755 2323 ἀοίδιμον,
793 2253 851 2313 ὃς
884 2253 972 2303 καὶ
1004 2255 1070 2321 τῇ
1104 2252 1196 2303 τοῦ
1233 2252 1594 2322 πρεσϐυτέρου
1622 2251 1747 2322 ἀξίᾳ

181 2346 474 2413 ἐτετίμητο
494 2384 506 2405 ,
540 2338 889 2410 (συνήπτοντο
909 2342 1014 2407 γὰρ
1044 2342 1190 2410 αὐτῷ
1220 2341 1397 2393 πολλοὶ
1422 2342 1526 2393 τῶν
1549 2342 1748 2412 ἀρετῆς

184 2433 691 2501 μεταποιουμένων·
726 2430 802 2498 τῷ
833 2430 1017 2498 ὁμοίῳ,
1054 2430 1203 2495 φασὶ,
1249 2430 1309 2479 τὸ
1342 2430 1578 2496 ὅμοιον·)
1613 2430 1748 2499 πρὸς

180 2520 284 2587 τὴν
320 2520 418 2586 τῆς
452 2517 830 2578 Βελουακένσις
863 2518 1026 2585 νήσου
1062 2516 1212 2567 πόλιν
1248 2516 1531 2585 ἐκπέμψας
1578 2516 1748 2584 κηρύ-

185 2607 349 2671 ξοντα
406 2609 505 2677 τὴν
568 2607 885 2684 εὐσέϐειαν,
936 2605 1093 2668 αὐτὸς
1140 2607 1253 2674 ἅμα
1298 2604 1606 2673 Ῥουστικῷ
1652 2604 1745 2657 καὶ

198 2697 548 2767 Ἐλευθερίῳ,
592 2698 689 2767 τὴν
740 2696 961 2749 Γαλλίαν
1002 2696 1170 2748 λιπὼν
1194 2736 1207 2757 ,
1244 2697 1445 2748 ἄνωθεν
1479 2696 1624 2764 αὐτῷ
1659 2713 1747 2750 κε-

183 2787 642 2855 χρηματισμένον,
679 2789 736 2837 ἐν
770 2787 1002 2856 Παρισίᾳ
1032 2787 1295 2858 λεγομένῃ
1326 2789 1389 2855 τῇ
1426 2788 1575 2838 πόλει
1599 2786 1744 2853 γίνε-

179 2893 277 2927 ται
304 2915 317 2937 ,
354 2876 422 2936 ὡς
461 2876 519 2928 ’ἐν
557 2876 691 2943 μετά
728 2878 1029 2945 παρρησίας
1061 2878 1193 2945 αὐτῇ
1229 2876 1317 2927 τὸν
1351 2878 1449 2944 τῆς
1493 2876 1747 2945 ἀληθείας

181 2967 344 3033 λόγον
407 2965 932 3035 ἐγκατασπείραντι,
990 2967 1081 3017 καὶ
1130 2967 1219 3017 τὸν
1284 2968 1376 3018 τοῦ
1447 2966 1744 3036 μαρτυρίου

185 3057 579 3127 ἀναδησαμένῳ
630 3058 924 3125 στέφανον,
982 3056 1113 3126 μετά
1172 3056 1478 3127 παρρησίας
1530 3057 1621 3108 καὶ
1669 3055 1746 3125 τῷ

184 3147 494 3218 ἀγωνοθέτῃ
545 3149 895 3216 παραστῆναι·
941 3147 1057 3215 Θεῷ
1104 3148 1356 3217 γένηται,
1426 3146 1453 3196 ὃ
1515 3146 1577 3213 δὴ
1612 3146 1746 3198 ,τῶν

187 3236 393 3302 ἐφετῶν
440 3237 584 3306 αὐτῷ
630 3238 689 3288 τὸ
735 3239 1028 3307 ἀκρότατον
1078 3255 1089 3267 ο

185 3324 342 3392 λόγος
374 3326 675 3397 δηλώσειεν.

271 3417 358 3467 Ἐν
416 3418 589 3467 τοίνυν
650 3420 715 3485 τῇ
782 3415 1012 3485 Παρισίᾳ
1060 3418 1231 3484 ταύτῃ
1279 3415 1600 3483 γενόμενος,
1652 3412 1742 3464 xui.

181 3506 365 3574 πλήρη
402 3506 500 3574 τὴν
536 3505 687 3556 πόλιν
748 3506 1000 3567 ἀπιστίας
1034 3504 1242 3575 εὑρὼν,
1280 3494 1461 3556 κάλλει
1511 3504 1606 3572 μὲν
1653 3503 1743 3556 καὶ

187 3595 411 3661 μεγέθει
448 3594 535 3646 καὶ
571 3595 758 3663 πλήθει
793 3595 899 3645 τῶν
932 3598 987 3646 ὲν
1021 3596 1153 3663 αὐτῇ
1190 3594 1319 3645 πολύ
1354 3612 1405 3644 τι
1437 3593 1543 3644 τ’ῶν
1579 3594 1744 3660 μεγά-

184 3684 295 3736 λων
328 3685 531 3737 πόλεων
562 3685 989 3755 ἀπολειπομένην
1014 3702 1026 3713 ·
1067 3690 1132 3753 τῇ
1171 3685 1224 3736 δὲ
1258 3684 1477 3754 ἀσεϐείᾳ.
1507 3683 1743 3753 τοσούτῳ

184 3772 375 3825 πασῶν
408 3773 711 3842 κρατοῦσαν
733 3813 747 3836 ,
782 3774 889 3841 δ’σῳ
940 3774 1068 3843 μηδὲ
1116 3791 1265 3845 παρα
1303 3775 1447 3826 αλεῖν
1492 3775 1745 3829 δύνασθαι

184 3864 416 3932 ἀπηνέσι
449 3880 505 3914 τε
552 3864 813 3915 πάντοθεν
845 3864 1253 3935 ἀπειλημμένην
1295 3867 1600 3933 οἰκήτορσι,
1650 3866 1742 3921 καὶ

185 3954 373 4020 ῶσπερ
419 3953 523 4003 τινὶ
581 3953 764 4023 τειχίῳ
829 3954 1342 4023 περιπεφραγμένην
1392 3951 1622 4022 ἰσχυρῶς
1671 3956 1737 4024 τῇ

185 4044 406 4094 ἐκείνων
458 4044 730 4113 ὠμότητι,
788 4045 878 4097 καὶ
941 4045 1142 4114 ταύτην
1206 4043 1318 4095 ἀντ’
1379 4042 1537 4095 ἄλλου
1595 4044 1738 4107 τινὸς

185 4129 550 4201 φυλακτηρίου
604 4135 956 4203 προῖσχουσαν
991 4149 1004 4161 ·
1058 4131 1229 4194 ἄλλως
1290 4148 1350 4184 τε
1408 4132 1465 4184 δὲ
1515 4133 1605 4185 καὶ
1658 4134 1738 4185 ὅτι

181 4220 321 4289 πρὸς
354 4221 575 4292 καρπῶν
618 4224 867 4275 ἁπάντων
914 4222 1084 4292 φορὰν
1116 4223 1333 4292 γόνιμος
1365 4219 1433 4292 ἦν
1480 4224 1512 4291 ή
1545 4222 1697 4284 πόλις
1720 4260 1735 4284 ,

182 4310 278 4361 καὶ
312 4316 422 4374 τοῖς
455 4312 749 4381 φιλοτίμοις
784 4315 944 4365 πᾶσιν
977 4313 1269 4384 εὑθηνοῦσα
1304 4315 1393 4366 καὶ
1427 4315 1732 4384 περιττοῖς,

181 4400 213 4451 ὃ
261 4403 351 4453 καὶ
399 4403 591 4472 μᾶλλον
623 4403 746 4466 τοὺς
780 4402 1001 4466 πολίτας
1038 4408 1253 4477 ήλειφεν
1286 4407 1363 4466 είς
1397 4398 1592 4456 κακίαν
1626 4420 1640 4434 ’
1677 4407 1735 4458 ὲν

182 4492 318 4560 αὐτῇ
351 4492 522 4544 τοίνυν
565 4493 732 4555 οὕτως
774 4494 967 4565 ἐχούσῃ
1012 4495 1327 4563 γενόμενος,
1365 4493 1573 4563 περιῄει
1619 4494 1724 4547 ἀνε-

185 4581 405 4650 ρευνῶν,
434 4582 484 4633 εἰ
509 4598 608 4632 που
640 4582 757 4633 τινὰ
791 4582 922 4651 προς
950 4582 1171 4651 ἡσυχίαν
1203 4581 1346 4652 εὖροι
1378 4583 1537 4635 τόπον
1558 4582 1732 4653 ἑαυτῷ

179 4668 501 4737 ἐπιτήδειον.
567 4668 670 4719 Καὶ
732 4669 794 4737 δὴ
854 4668 943 4720 τὸν
988 4667 1308 4739 ζητούμενον
1353 4670 1526 4739 τυχὼν
1572 4671 1727 4731 ναὸν,

178 4758 339 4819 εὐθὺς
369 4757 441 4820 ὼς
475 4759 507 4826 ἡ
534 4756 754 4826 δύναμις
787 4754 916 4827 εἶχε,
948 4757 1044 4812 καὶ
1075 4761 1161 4810 οία
1195 4762 1250 4811 ὲν
1282 4760 1533 4830 ἀλλοιτρίᾳ
1582 4762 1727 4825 ξένος

177 4846 255 4899 ῶν
288 4852 486 4910 ἐκεῖνος
520 4849 609 4900 καὶ
641 4848 840 4917 ἔπηλυς
864 4890 876 4911 ,
914 4849 1002 4903 καὶ
1035 4849 1258 4912 πολλοὺς
1302 4851 1437 4920 ἔχων
1468 4853 1594 4913 τοὺς
1637 4854 1727 4904 ἀν-

175 4936 513 5003 τικειμένους
545 4937 630 4989 διὰ
661 4938 721 4990 τὸ
766 4939 1100 5008 ὲτερόδοξον,
1135 4943 1397 5011 ἀνεγείρει
1446 4942 1725 5011 εὐκτήριον

178 5024 271 5078 καὶ
322 5024 473 5086 ναὸν,
526 5027 843 5095 αὐτόχρημα
901 5029 1168 5097 σωτηρίαν
1209 5030 1411 5098 ψυχῶν.
1465 5031 1722 5099 Πὰμπολυ

175 5116 285 5185 γάρ
316 5131 367 5167 τι
400 5113 596 5182 πλῆθος
630 5114 890 5167 Θεοσεὸῶν
936 5119 991 5169 ἐν
1034 5116 1206 5185 τούτῳ
1242 5116 1593 5185 συναγαγὼν,
1630 5120 1722 5173 καὶ

178 5207 340 5269 θύτας
374 5206 638 5276 καθαροὺς
668 5205 747 5274 τῷ
789 5206 905 5274 Θεῷ
946 5208 1457 5276 παραστησάμενος,
1493 5210 1720 5280 ποίμνην

178 5298 353 5363 ἁγίαν,
389 5298 461 5359 ὼς
494 5300 681 5361 είπείν,
716 5297 804 5349 τὸν
836 5298 959 5349 ναὸν
1007 5299 1391 5367 ἀπειργάσατο,
1425 5293 1490 5369 ἦς
1522 5302 1719 5371 ποιμὴν

176 5365 326 5450 οὗτος
359 5390 415 5441 οὐ
454 5390 715 5456 μισθωτός
748 5406 761 5419 ’
799 5391 973 5443 πάντα
1002 5390 1090 5440 τὸν
1124 5389 1345 5460 ἀπιστία
1376 5388 1719 5458 πλανώμενον

174 5481 241 5546 τῇ
293 5481 388 5547 τῆς
439 5478 690 5545 ἀληθείας
742 5480 956 5549 σύριγγι
1000 5479 1133 5549 πρὸς
1184 5481 1360 5532 πίστιν
1422 5480 1717 5533 ἀνακαλού-

182 5584 367 5637 μενος,
416 5569 506 5622 καὶ
538 5570 661 5629 τοὺς
710 5569 808 5638 μὲν
851 5575 917 5639 τῇ
952 5570 1123 5642 πλάνῃ
1157 5570 1437 5623 νοσοῦντας
1471 5576 1578 5631 τοῖς
1610 5587 1715 5623 σω-

175 5655 462 5724 τηριώδεσι
509 5658 615 5709 τῶν
661 5658 888 5727 Γραφῶν
933 5664 1235 5730 φαρμάκοις
1285 5659 1540 5728 ἰώμενος,
1590 5660 1714 5724 τοὺς

264 5744 356 5816 ἤδη
393 5747 874 5816 συντετριμμένους
906 5750 968 5816 τῇ
1001 5748 1311 5818 διδασκαλίᾳ
1342 5748 1691 5818 καταδεσμῶν

1841 1969 1994 2035 ejus,
2028 1972 2118 2038 qui
2151 1974 2298 2041 ipsos
2327 1979 2546 2031 creavit.
2578 1978 2707 2031 Cum
2743 1981 2821 2034 sic
2852 1998 2980 2050 ergo
3008 1985 3243 2036 veritatis
3277 1999 3395 2035 ver-

1847 2058 1974 2111 bum
2032 2066 2460 2134 praedicaretur,
2503 2078 2555 2122 et
2594 2070 2774 2125 divina
2814 2074 3031 2141 quidem
3096 2074 3227 2130 ﬁdes
3255 2087 3405 2125 con-

1840 2150 2172 2223 ﬁrmaretur,
2235 2172 2583 2218 amoveretur
2635 2176 2815 2219 autem
2870 2169 3054 2224 omnis
3110 2169 3259 2226 fraus
3288 2168 3397 2219 dat:-

1838 2251 2057 2290 monuin
2079 2281 2092 2302 ,
2132 2245 2417 2307 quemdam
2451 2261 2513 2297 ex
2550 2248 2614 2299 iis
2649 2250 2738 2314 qui
2771 2265 2890 2302 cum
2922 2266 2985 2302 eo
3017 2253 3388 2314 versabantur,

1841 2326 2099 2397 inclytum
2127 2370 2141 2392 ,
2178 2332 2394 2399 inquam
2422 2373 2433 2393 ,
2469 2332 2765 2389 Lucianum
2788 2377 2801 2399 .
2838 2340 2928 2407 qui
2966 2341 3128 2392 etiam
3171 2344 3391 2411 presby-

1842 2421 1943 2471 teri
1976 2421 2234 2490 dignitate
2263 2438 2375 2477 erat
2402 2435 2625 2481 ornatus
2655 2429 2816 2497 (cum
2850 2432 2989 2484 enim
3031 2432 3394 2500 sequebantur

1840 2511 1992 2561 multi
2041 2528 2103 2564 ex
2141 2515 2204 2567 iis
2258 2516 2348 2582 qui
2392 2518 2641 2571 virtutem
2680 2522 3178 2589 amplectebantur;
3215 2524 3392 2578 simile

1838 2600 2001 2661 enim,
2049 2611 2105 2652 ut
2150 2605 2365 2665 dicitur.
2405 2609 2566 2660 simili
2603 2610 2977 2681 delectatur),
3020 2614 3167 2666 misit
3208 2615 3275 2667 ad
3312 2617 3391 2668 ci-

1842 2689 2058 2742 vitatem
2108 2691 2296 2746 Insula:
2341 2694 2719 2761 Belvaccnsis,
2766 2700 3178 2767 praedicaturum
3221 2705 3392 2772 pieta-

1838 2780 1988 2838 tem;
2043 2777 2156 2844 ipse
2203 2795 2328 2832 vero
2367 2782 2526 2835 simul
2558 2799 2679 2835 cum
2722 2784 2948 2840 Rustico
2987 2796 3039 2841 et
3082 2788 3391 2845 Eleutherio

1836 2861 2010 2918 Gallia
2055 2867 2327 2938 Cisalpina
2372 2874 2592 2935 relicta,
2638 2891 2759 2928 cum
2812 2878 2911 2931 hoc
2944 2894 3261 2947 responsum
3293 2882 3391 2935 ha-

1838 2954 2047 3009 buisset
2079 2959 2148 3011 ab
2180 2963 2405 3028 angelo,
2439 2965 2583 3017 venit
2616 2966 2668 3017 in
2698 2966 2967 3021 civitatem
2996 3008 3009 3031 ,
3045 2984 3165 3037 quae
3194 2971 3391 3025 dicitur

1837 3043 2061 3109 Parisii,
2098 3058 2154 3100 ut
2192 3067 2315 3103 cum
2345 3054 2397 3104 in
2426 3069 2488 3105 ea
2521 3058 2739 3108 verbum
2783 3059 3103 3113 seminasset
3143 3062 3386 3128 pietatis,

1838 3138 1891 3184 et
1925 3132 2215 3189 redimitus
2263 3148 2408 3191 esset
2452 3155 2651 3194 corona
2695 3145 2975 3213 martyrii,
3021 3161 3144 3200 cum
3194 3148 3386 3203 ﬁducia

1148 3238 1236 3288 καὶ
1270 3237 1297 3287 .3
1334 3237 1421 3304 WA
1474 3234 1670 3305 προῖὼν
1717 3237 1744 3286 ὁ
1764 3234 1810 3293 C
1838 3221 2121 3279 sisteretur
2148 3242 2330 3280 coram
2358 3229 2463 3283 Deo
2488 3236 2802 3299 agonotheta

1731 3234 1810 3293 5C
1838 3221 2121 3279 sisteretur
2148 3242 2330 3280 coram
2358 3229 2463 3283 Deo
2488 3236 2826 3299 agonotheta,
2846 3237 2987 3304 quod
3003 3240 3249 3305 equidem
3266 3243 3313 3294 ei
3335 3242 3385 3294 in

1838 3314 1976 3364 votis
2005 3324 2140 3379 erat,
2173 3326 2228 3369 et
2255 3318 2355 3371 hoc
2389 3320 2441 3371 in
2472 3325 2820 3389 sequentibus
2868 3342 3088 3381 narrare
3117 3338 3381 3399 satagam.

1905 3400 2039 3455 Cum
2085 3420 2212 3474 ergo
2260 3409 2495 3463 venisset
2537 3413 2602 3464 ad
2644 3413 2781 3466 hanc
2819 3413 3150 3471 Parisiorum
3201 3422 3389 3474 civita-

1838 3498 1942 3543 tem
1966 3533 1980 3554 ,
2026 3500 2078 3546 et
2106 3510 2221 3547 eam
2258 3496 2549 3553 invenisset
2583 3502 2792 3569 plenam
2820 3504 3198 3561 incredulitate
3224 3524 3240 3575 ;
3272 3524 3389 3578 qua

1837 3595 2022 3633 eorum
2071 3587 2319 3650 quidem,
2362 3606 2480 3656 quae
2521 3592 2573 3644 in
2615 3594 2729 3661 ipsa
2763 3605 2955 3659 erant.
2988 3598 3389 3667 pulchritudine

1836 3680 1890 3725 et
1930 3676 2248 3728 excellentia
2294 3680 2606 3735 civitatibus
2650 3687 2859 3752 magnis
2902 3696 3019 3739 erat
3060 3688 3216 3756 longe
3253 3690 3388 3745 infe-

1838 3765 1969 3828 rior,
2006 3769 2278 3836 impietate
2305 3781 2482 3825 autem
2514 3774 2647 3828 adeo
2677 3787 2792 3829 erat
2823 3780 3075 3833 omnibus
3110 3784 3381 3849 superior,

1838 3863 1898 3907 ut.
1944 3872 2010 3909 ne
2059 3869 2279 3925 possent
2316 3862 2531 3929 quidem
2573 3851 2694 3917 cum
2737 3882 2799 3920 ea
2844 3869 3122 3933 conferre,
3152 3872 3388 3941 undique

1837 3944 1905 3997 ab
1935 3946 2263 4004 immanibus
2296 3964 2556 4021 occupata
2591 3954 3018 4022 habitatoribus,
3052 3969 3104 4015 et
3132 3970 3385 4030 tanquam

1836 4037 1978 4090 vallo
2012 4039 2193 4107 aliquo
2230 4042 2385 4096 valde
2431 4047 2635 4098 munita
2684 4047 2896 4099 illorum
2940 4049 3287 4115 crudelitate.
3334 4065 3387 4107 et

1834 4142 1952 4180 eam
1986 4145 2291 4199 Opponcns,
2326 4141 2581 4202 tanquam
2616 4137 2832 4206 aliquod
2876 4140 3019 4193 aliud
3057 4143 3383 4210 praesidium.

1834 4217 1985 4269 Adde
2025 4220 2171 4286 quod
2211 4235 2333 4273 eum
2380 4224 2621 4277 omnium
2664 4225 2936 4281 fructuum
2981 4239 3125 4285 esset
3164 4231 3385 4288 fertilis-

1834 4309 1970 4361 sima
1991 4348 2005 4371 ,
2037 4321 2089 4364 et
2116 4312 2414 4368 abundaret
2445 4318 2675 4371 maxima
2706 4336 2884 4373 rerum
2916 4323 3154 4376 omnium
3194 4327 3344 4394 copia
3364 4367 3379 4392 ,

1833 4397 1978 4452 cives
2018 4416 2146 4456 suos
2189 4406 2357 4473 magis
2403 4407 2661 4461 incitabat
2697 4411 2761 4463 ad
2804 4412 2952 4467 vitia.
2982 4411 3117 4467 Cum
3155 4415 3209 4469 in
3246 4417 3385 4471 hanc

1832 4506 1962 4559 ergo
2000 4494 2077 4547 sic
2117 4495 2356 4549 affectam
2398 4499 2631 4553 venisset
2681 4502 2988 4564 civitatem,
3030 4507 3213 4561 obibat
3257 4524 3380 4577 per-

1833 4593 2082 4641 secutans
2112 4587 2157 4638 si
2195 4603 2351 4649 quem
2394 4589 2565 4642 locum
2603 4601 2783 4658 aptum
2824 4596 3087 4650 inveniret
3126 4598 3189 4651 ad
3229 4602 3386 4667 quie-

1831 4682 1959 4729 tem.
2003 4676 2153 4739 Quod
2196 4686 2372 4730 autem
2412 4683 2683 4748 qumrebat
2719 4668 3074 4752 consecutus,
3116 4703 3212 4763 pro
3250 4690 3379 4742 viri-

1832 4764 1934 4819 bus
1967 4768 2149 4819 statim
2186 4772 2442 4839 templum
2482 4771 2708 4825 habuit:
2743 4782 2793 4826 et
2829 4782 2883 4825 ut
2925 4777 3017 4842 qui
3060 4767 3135 4829 in.
3159 4779 3376 4846 regione

1831 4856 2002 4909 aliena
2034 4868 2175 4911 esset
2211 4860 2407 4928 hospes
2436 4868 2489 4912 et
2533 4862 2771 4923 advena,
2818 4872 2870 4916 et
2910 4865 3109 4920 multos
3156 4867 3376 4923 haberet

1830 4945 2085 5001 adversos
2136 4957 2354 5017 propter
2404 4948 2771 5007 diversitatem
2821 4953 3127 5027 opinionis,
3177 4959 3375 5012 excitat

1828 5038 2123 5090 oratorium
2157 5046 2209 5090 et
2240 5040 2493 5107 templum
2517 5083 2533 5105 ,
2568 5043 2710 5110 quod
2743 5046 2898 5112 plane
2929 5052 3042 5099 erat
3072 5047 3219 5101 salus
3258 5049 3373 5101 ani-

1829 5142 2057 5180 marum.
2099 5126 2230 5179 Nam
2265 5145 2385 5182 cum
2419 5114 2701 5185 maximam
2735 5136 2944 5202 piorum
2976 5136 3368 5191 multitudinem

1828 5218 1883 5270 in
1931 5232 1994 5269 eo
2043 5228 2456 5288 congregasset,
2506 5231 2558 5275 et
2604 5238 2767 5292 puros
2821 5226 3215 5282 sacriﬁcatores
3264 5228 3371 5283 Deo

1826 5305 2200 5370 exhibuisset,
2241 5318 2489 5363 sanctum
2545 5327 2791 5380 gregem,
2845 5324 2902 5366 ut
2946 5317 3111 5369 semel
3156 5317 3368 5381 dicam,

1830 5397 2082 5465 templum
2116 5399 2314 5465 efficit;
2351 5402 2509 5468 cujus
2550 5403 2665 5471 ipse
2695 5413 2809 5457 erat
2854 5414 3035 5474 pastor
3078 5423 3182 5459 non
3231 5424 3371 5462 mer-

1826 5487 2120 5540 cenarius:
2174 5489 2501 5556 quemlibet,
2553 5494 2645 5561 qui
2698 5495 2912 5547 errabat
2962 5496 3368 5564 incredulitate,

1826 5575 2069 5628 veritatis
2109 5574 2287 5629 ﬁstula
2328 5578 2394 5629 ad
2433 5579 2592 5633 ﬁdem
2624 5596 2912 5642 revocans,
2947 5589 3000 5635 et
3030 5597 3123 5636 eos
3152 5584 3243 5651 qui
3283 5599 3369 5637 er-

1828 5678 1949 5719 rore
1982 5666 2342 5733 egrotabant,
2374 5683 2571 5723 curans
2602 5671 2929 5724 salutaribus
2963 5672 3367 5726 medicamentis

1830 5754 2228 5825 Scripturarum
2258 5778 2270 5812 :
2301 5775 2396 5815 eos
2426 5770 2603 5815 autem
2623 5801 2637 5825 ,
2670 5762 2759 5831 qui
2786 5763 2897 5829 jam
2932 5772 3085 5817 erant
3112 5766 3327 5820 contriti
3347 5806 3363 5828 ,
