4188 6432
833 395 971 459 1039

2084 391 2368 452 MENSIS
2407 391 2783 452 OCTUBER.

3935 381 4073 444 1040

830 519 1074 572 doctrina
1109 520 1364 588 alligans,
1397 526 1448 572 et
1481 517 1544 570 ad
1593 531 1772 570 veram
1793 515 2010 569 ‘dueens
2070 514 2377 569 sanitatem.
2410 521 2454 577 Α

2410 521 2454 577 Α
2494 521 2578 572 xui
2614 520 2743 586 πρὸς
2769 517 2865 585 τὴν
2899 515 3149 586 ἀληθινὴν
3177 515 3324 582 ἄγων
3356 516 3555 583 ὑγείαν.
3577 515 3710 567 Ἀλλ’
3736 515 3902 580 ἴνα-ξε
3942 515 4059 567 καθ’

835 611 938 665 Sed
972 621 1030 664 ut
1061 620 1206 665 certa
1241 611 1391 663 nobis
1424 611 1504 661 via
1538 607 1792 676 procedat
1822 606 2014 665 oratio.
2039 605 2139 658 hoc
2166 621 2380 675 quoque

827 703 947 769 ejus
977 701 1291 754 admirabile
1313 741 1326 763 ,
1360 709 1417 753 ut
1450 716 1512 752 ex
1545 699 1690 751 illius
1723 698 1962 765 epistolis
2008 698 2134 750 sciri
2172 706 2375 766 potest,

827 793 1079 845 narrabo.
1149 789 1336 843 Plures
1401 789 1619 858 quidem
1675 798 1827 841 erant
1886 786 2140 858 Dionysio
2199 789 2379 841 thera-

826 891 1026 949 peutae,
1063 897 1202 934 unus
1234 889 1412 932 autem
1445 894 1508 932 ex
1541 879 1605 932 iis
1635 885 1743 931 erat
1787 877 1947 930 etiam
1993 876 2373 946 DemOphilus,

824 971 915 1036 qui
946 970 1079 1023 civis
1110 977 1226 1023 erat
1259 969 1548 1036 provincia:
1585 968 1932 1021 Atheniensis
1954 1008 1968 1032 ,
2000 967 2296 1034 habituque
2325 979 2376 1021 et

822 1059 932 1110 vita
965 1059 1294 1123 monachus;
1326 1059 1702 1110 monachatum
1732 1066 1909 1110 autem
1935 1058 1982 1109 ei
2009 1057 2374 1123 imposuerant

823 1162 970 1214 purae
1109 1160 1163 1202 et
1320 1149 1492 1202 sacris
1538 1149 1817 1201 initiantes
1857 1163 2048 1200 manus
2097 1146 2368 1215 Dionysii;

822 1238 955 1290 ordo
996 1238 1080 1290 hic
1129 1247 1181 1292 et
1238 1240 1600 1291 ministerium
1652 1240 1766 1292 viro
1811 1240 1898 1292 isti
1931 1254 1958 1290 a
1993 1238 2277 1308 Dionysio,
2312 1247 2370 1292 ut

823 1337 1074 1394 praeesset
1101 1328 1282 1394 januis
1311 1329 1513 1396 templi.

892 1414 986 1468 Hic
1044 1434 1172 1486 ergo
1233 1418 1574 1486 Demophilus
1624 1434 1743 1470 cum
1799 1419 2088 1487 aliquando
2147 1418 2369 1472 vidisset

819 1522 974 1558 suum
1015 1509 1418 1577 presbyterum,
1451 1510 1739 1580 quemdam
1791 1510 2011 1576 impium
2045 1517 2205 1577 atque
2244 1524 2370 1578 pec-

816 1599 1051 1649 calorem
1093 1598 1156 1648 ad
1197 1598 1570 1664 paenitentiam
1613 1612 1971 1659 conversum,
2013 1599 2194 1665 illique
2243 1612 2369 1664 pro-

815 1688 1080 1740 cidentem
1124 1687 1547 1740 misericorditer
1578 1688 1883 1755 excepisse,
1927 1687 2144 1739 minime
2183 1687 2366 1739 leviter

816 1779 991 1832 ferens
1014 1819 1026 1840 ,
1061 1789 1112 1830 at
1139 1781 1488 1833 exacerbatus
1522 1787 1573 1832 et
1613 1778 1754 1830 intra
1787 1777 2005 1829 sacrarii
2036 1777 2192 1845 adyta
2223 1778 2368 1830 exsi-

2489 612 2604 664 όδὸν
2634 614 2660 662 ὁ
2692 611 2842 675 λόγος
2875 610 3006 678 ἡμῖν
3040 608 3201 679 προΐῃ
3223 647 3234 668 ,
3273 608 3364 659 xui
3406 607 3558 658 τοῦτο
3601 608 3904 676 τεράστιον
3956 607 4064 657 τῶν

2487 702 2648 757 αὑτοῦ
2674 743 2687 764 ,
2723 702 2797 762 ὡς
2830 703 2893 754 ἐκ
2923 699 3028 752 τῶν
3062 699 3266 751 ἐκείνου
3301 698 3377 749 ενι
3415 698 3599 766 μαθεῖν
3623 738 3637 760 ,
3673 698 4058 766 διηγήσομαι·

2487 792 2739 861 Διονυσίῳ
2771 790 3096 860 θεραπευταὶ
3133 789 3230 859 μὲν
3263 790 3352 841 xui
3383 790 3556 858 ἕτεροι
3576 828 3590 850 ,
3626 783 3706 850 εἷς
3739 789 3798 840 δέ
3837 805 3931 849 τις
3963 789 4057 840 αὖ·

2483 885 2590 936 τῶν
2625 884 2715 936 xui
2749 881 3066 950 Δημόεριλος.
3105 881 3392 950 Δημοφίλῳ
3439 880 3494 931 δὲ
3545 879 3698 940 πόλις
3734 880 3768 948 ἡ
3803 877 3926 928 τῶν
3973 879 4054 928 ’Δ-

2483 973 2658 1042 θηνῶν
2692 971 2946 1041 ἐπαρχία,
2996 969 3178 1039 σχῆμά
3208 987 3265 1021 τε
3301 970 3391 1021 καὶ
3428 968 3538 1037 βίος
3575 969 3826 1037 μονήρης
3853 984 3869 996 ·
3909 967 3970 1017 τὺ
4001 967 4051 1016 δὲ

2484 1065 2714 1133 μονῆρες
2746 1063 2919 1130 τούτῳ
2951 1064 3005 1114 αἱ
3041 1061 3274 1130 καθαραὶ
3329 1059 3416 1110 καὶ
3465 1058 3905 1126 ίεροτελεστικαὶ
3939 1061 4049 1107 Διο-

2479 1154 2658 1204 νυσίου
2694 1155 2868 1220 χεῖρες
2901 1150 3182 1203 ἐπέθεσαν.
3221 1148 3378 1210 Ταξις
3411 1147 3546 1216 αὕτη
3580 1147 3731 1215 παρά
3768 1148 4046 1197 Διονυσίου

2478 1244 2567 1294 καὶ
2597 1243 2901 1313 λειτουργία
2928 1241 3006 1310 τῷ
3035 1241 3218 1308 ἀνδρὶ,
3249 1242 3365 1299 ταῖς
3395 1237 3487 1288 τοῦ
3519 1237 3646 1289 ναοῦ
3683 1237 3897 1298 πύλαις
3933 1240 4047 1303 ἐφε-

2478 1335 2680 1385 στάναι.

2555 1421 2611 1471 '0
2643 1421 2818 1471 τοίνυν
2864 1418 3163 1488 Δημόφιλος
3212 1413 3361 1478 οὗτος
3383 1457 3396 1476 ,
3431 1414 3520 1466 τὸν
3552 1415 3749 1466 ἐαυτοῦ
3801 1415 4040 1484 πρεσϐύ-

2471 1525 2625 1578 τερον
2676 1508 3002 1575 Θεασάμενός
3049 1507 3446 1577 ἐπιστραφέντα
3508 1505 3628 1554 τινα
3677 1504 3824 1572 1:945;
3881 1505 4040 1570 μετά-

2471 1617 2614 1652 νοιαν
2667 1597 2961 1666 συμπαθῶς
3013 1596 3469 1665 προσδεξάμενον,
3523 1595 3716 1662 πράως
3753 1596 3862 1645 οὐκ
3899 1598 4038 1659 ἐνεγ-

2470 1689 2610 1748 κὼν,
2659 1689 2790 1740 ἀλλα
2841 1688 3186 1756 χαλεπήνας,
3233 1685 3362 1736 εἴσω
3420 1701 3477 1735 τε
3542 1684 3650 1734 τῶν
3706 1684 3804 1734 τοῦ
3860 1684 4037 1735 em:-

2469 1781 2686 1848 στηρίου
2721 1779 2926 1830 ἀδύτων
2961 1779 3278 1844 γενόμενος,
3317 1769 3389 1826 ὧν
3441 1775 3746 1826 ἐπιϐαίνειν
3795 1777 3903 1826 οὐκ
3950 1777 4034 1825 ὰσ-

812 1878 960 1923 stens
990 1886 1108 1939 quae
1151 1871 1356 1939 ingredi
1402 1884 1738 1938 nequaquam
1776 1875 1966 1929 tutum,
1999 1882 2172 1935 neque
2204 1867 2366 1920 attin-
2399 1879 2438 1934 Β

2399 1879 2438 1934 Β
2467 1869 2660 1936 φαλές,
2697 1868 2812 1918 οὐδὲ
2848 1865 3175 1934 προσψαύειν
3211 1867 3351 1916 ὅσιον
3375 1905 3387 1926 ,
3437 1863 3896 1932 ἐκπομπευοῆναι
3944 1865 4033 1931 μὲν

812 1976 936 2028 gere
969 1971 1214 2014 sanctum
1238 2001 1250 2022 ,
1287 1959 1484 2014 Sancta
1528 1973 1834 2012 sanctorum
1878 1960 2089 2027 publice
2132 1958 2364 2011 ludibrio

810 2052 994 2103 haberi
1047 2049 1212 2116 facit,
1264 2051 1461 2104 bonum
1511 2059 1686 2102 autem
1742 2050 1890 2102 illum
1939 2049 2269 2101 sacerdotem
2310 2054 2364 2100 et

807 2151 1145 2193 mansuetum
1203 2143 1372 2210 plagis
1418 2140 1850 2193 intolerabilibus
1898 2137 2151 2206 subjicit,
2203 2145 2362 2205 atque

807 2233 859 2284 in
900 2231 1088 2284 faciem
1125 2233 1433 2299 percutiens
1469 2231 1755 2292 obnititur,
1797 2237 1847 2283 et
1887 2244 2008 2281 cum
2047 2242 2237 2296 magna
2279 2242 2363 2280 re-

809 2322 1046 2375 verentia
1090 2321 1466 2382 accedentem,
1525 2320 1778 2372 audacter
1825 2319 2066 2371 calcibus
2117 2317 2358 2385 repellit,

807 2411 1028 2479 impium
1074 2425 1136 2462 ac
1184 2410 1467 2464 scelestum
1513 2409 1699 2461 dicens
1747 2423 1866 2460 eum
1913 2407 2004 2474 qui
2049 2421 2110 2459 ex
2155 2406 2362 2459 miseri-

803 2500 990 2552 cordia
1023 2500 1202 2567 populi
1235 2499 1571 2567 ignorantias
1616 2497 1896 2566 despicere
1955 2497 2263 2557 statuisset,
2308 2503 2361 2547 et

805 2588 1062 2658 Dionysio
1093 2591 1378 2657 episcopo,
1411 2598 1571 2658 atque
1605 2591 1875 2656 pastorum
1913 2587 2173 2655 principi,
2206 2585 2358 2652 quasi

805 2693 1056 2748 magnum
1125 2679 1252 2747 quid
1305 2679 1371 2731 ad
1427 2680 1681 2731 virtutem
1740 2675 2040 2737 effecisset,
2100 2674 2360 2728 describit

801 2772 947 2838 quod
989 2770 1291 2831 acciderat,
1347 2783 1550 2835 susque
1589 2767 1760 2835 deque
1794 2766 2009 2832 jactans
2038 2766 2091 2817 in
2132 2765 2222 2816 illa
2262 2778 2357 2817 au-

801 2860 919 2912 daci
947 2859 1202 2928 epistola,
1236 2857 1379 2926 quod
1419 2872 1524 2910 non
1567 2865 1675 2907 tam
1717 2855 1950 2921 seipsum
1991 2869 2150 2922 quam
2192 2852 2356 2906 Deum

802 2954 951 3005 ultus
987 2959 1150 3005 esset.
1183 2949 1320 3016 Quid
1349 2965 1478 3018 ergo
1512 2949 1644 3002 ille?
1673 2947 1807 3001 Num
1831 2988 1844 3008 ,
1875 2955 1931 3000 ut
1964 2948 2156 3015 vulgus
2186 2947 2353 3009 solet,

801 3042 901 3094 fuit
939 3041 1119 3093 animo
1159 3029 1546 3108 perturbatus?
1578 3047 1667 3092 aut
1709 3047 1989 3106 reputalus
2018 3044 2100 3090 est
2138 3037 2222 3090 vel
2261 3050 2357 3104 pa-

802 3147 919 3183 rum
951 3131 1078 3198 quid
1115 3131 1337 3182 omnino
1383 3129 1677 3181 mutavisse
1726 3129 1791 3180 de
1835 3142 1896 3180 ea
1947 3126 2185 3178 bonitate
2233 3140 2354 3192 quae

799 3221 847 3273 ei
877 3220 1194 3274 coaluerat?
1221 3218 1332 3272 Hoc
1363 3218 1584 3273 minime
1613 3219 1718 3271 dici
1759 3225 1958 3287 potest.
2002 3216 2184 3284 Neque
2211 3215 2353 3269 enim

800 3311 941 3363 facto
975 3311 1117 3364 ultus
1151 3319 1231 3364 est
1260 3323 1412 3372 eum,
1455 3310 1545 3376 qui
1587 3316 1942 3376 peccaverat;
1985 3308 2077 3360 sed
2123 3306 2264 3359 facto
2302 3315 2355 3359 et

797 3416 1044 3454 sermone
1074 3401 1295 3452 salutari
1326 3401 1554 3462 erudiit,
1584 3415 1701 3466 quae
1739 3399 1896 3452 simul
1931 3397 1994 3448 ad
2026 3397 2277 3448 virtutem
2302 3404 2355 3448 et

794 3505 1006 3543 onmem
1037 3491 1459 3544 moderationem
1497 3488 1753 3542 informat
1783 3498 1834 3543 et
1867 3488 2176 3556 componit,
2212 3487 2351 3538 illam

793 3581 1040 3634 scribens
1081 3581 1368 3650 epistolam
1393 3620 1407 3644 ,
1449 3588 1502 3633 et
1541 3580 1842 3649 exemplum
1883 3576 2352 3641 mansuetudinis,

793 3671 1003 3734 Aaron,
1047 3671 1247 3732 David,
1289 3678 1342 3723 et
1383 3672 1518 3724 alios
1561 3671 1855 3723 adducens.
1898 3670 2068 3735 Cujus
2107 3677 2164 3719 ut
2203 3665 2356 3718 omit-

794 3771 901 3814 tam
953 3761 1113 3814 aliam
1169 3761 1234 3814 ad
1285 3761 1486 3814 bonum
1537 3759 2006 3821 exhortationem,
2058 3758 2354 3815 meminero

793 3861 938 3904 certe
993 3851 1254 3915 visionis,
1306 3867 1467 3921 quam
1524 3853 1569 3906 ei
1626 3860 1844 3914 narrat,
1899 3861 1953 3904 ut
2002 3857 2119 3919 quae
2165 3857 2353 3902 saneto

786 3947 962 4011 (Iarpo
1005 3943 1338 4010 apparuerit.
1383 3943 1472 3995 Sic
1512 3953 1690 3995 autem
1723 3957 1780 3996 se
1809 3943 1969 3994 habet
2004 3942 2068 3992 ad
2103 3941 2346 3994 verbum.

857 4033 992 4083 Cum
1029 4028 1320 4096 aliquando
1357 4031 1410 4081 in
1441 4030 1652 4083 Cretam
1687 4030 1954 4081 venissem
1977 4067 1992 4090 ,
2026 4043 2109 4080 me
2141 4028 2373 4096 Carpus

793 4117 1027 4183 hospitio
1066 4117 1310 4185 excepit,
1364 4118 1467 4175 vir,
1512 4117 1556 4169 si
1597 4119 1718 4184 quis
1757 4116 1928 4176 alius,
1971 4123 2189 4184 propter
2239 4129 2351 4166 ma-

789 4221 950 4274 gnam
982 4207 1179 4260 mentis
1212 4207 1499 4274 puritatem
1534 4206 1598 4258 ad
1629 4206 1956 4261 cernendum
1989 4203 2152 4257 Deum
2183 4205 2337 4273 aptis-

793 4297 983 4350 simus.
1027 4295 1209 4364 Neque
1249 4297 1390 4348 enim
1433 4311 1619 4350 sacros
1657 4297 2040 4364 mysteriorum
2083 4299 2218 4348 ritus
2258 4311 2349 4364 ag-

792 4389 1173 4459 grediebatur,
1222 4390 1325 4440 nisi
1375 4389 1523 4456 prius
1565 4388 1664 4454 ipsi
1713 4389 1764 4437 in
1801 4388 1867 4438 iis
1909 4385 2194 4453 precibus,
2233 4402 2350 4454 quae

2461 1958 2528 2009 τὰ
2582 1959 2744 2023 Ἅγια
2789 1956 2896 2007 τῶν
2945 1956 3114 2021 ἁγίων
3157 1957 3324 2014 ποιεῖ,
3362 1953 3450 2004 τὸν
3481 1953 3534 2005 δέ
3568 1953 3778 2018 ἀγαθὸν
3831 1955 4033 2004 ἐκεῖνον

2463 2048 2611 2118 ίερέα
2659 2048 2748 2098 xui
2794 2048 2994 2116 ἥμερον
3029 2045 3261 2112 πληγαῖς
3292 2045 3349 2095 οὺ
3387 2047 3643 2112 φορηταῖς
3681 2045 3981 2096 ὑποϐάλλει
4014 2061 4026 2073 ·

2461 2139 2600 2192 κατά
2633 2156 2690 2188 τε
2723 2137 2821 2205 τῆς
2857 2137 3058 2206 κόρρης
3093 2137 3266 2188 παίων
3300 2135 3559 2194 ἁντωΟεῖ,
3600 2134 3694 2185 καὶ
3734 2136 3878 2201 μετά
3915 2137 4031 2186 πολ·

2457 2227 2554 2296 λῆς
2615 2228 2714 2294 τῆς
2778 2226 2956 2287 αἰδοῦς
3020 2228 3308 2296 προσιόντα
3372 2226 3613 2296 Ορασέως
3646 2225 4025 2288 ἀπολακτίζει,

2455 2319 2624 2386 ἀσεϐῆ
2659 2318 2826 2383 λέγων
2861 2317 2949 2367 καὶ
2983 2315 3286 2385 ἀλιτήριον,
3322 2317 3412 2366 τὸν
3445 2316 3748 2385 ἀγαθότητι
3787 2319 4026 2384 παρορᾷν

2453 2409 2751 2479 ἠξιωμένον
2784 2408 2850 2460 τὰ
2885 2407 2976 2460 τοῦ
3009 2407 3134 2459 λαοῦ
3162 2409 3324 2476 ἁγνοή
3335 2423 3508 2476 ματα,
3541 2407 3633 2458 xui
3666 2407 3749 2475 τῷ
3783 2409 4028 2476 ἀρχιερεῖ

2453 2501 2706 2569 Διονυσίῳ
2743 2499 2834 2551 xui
2872 2497 3215 2568 ἀρχιποιμένι
3239 2537 3250 2559 ,
3282 2498 3355 2558 ὼς
3391 2497 3528 2565 μέγα
3560 2513 3612 2547 τι
3649 2497 3790 2565 πρὸς
3827 2499 4023 2565 ἀρετὴν

2451 2591 2824 2660 εἰργασμένος,
2859 2588 3202 2656 διαχαράττει
3235 2587 3292 2637 τὸ
3325 2587 3560 2652 γεγονὸς,
3598 2589 3710 2638 ἄνω
3749 2588 3842 2638 xui
3877 2589 4023 2639 κάτω

2450 2680 2688 2748 Θρυλλῶν
2740 2681 2837 2748 τῆς
2871 2676 3125 2748 Θρασείας
3178 2678 3389 2743 ἐκείνης
3441 2679 3770 2745 ἐπιστολῆς,
3818 2679 3897 2741 ὡς
3929 2681 4022 2745 οὐχ

2448 2770 2637 2822 ἑαυτὸν
2687 2770 2918 2839 μᾶλλον,
2965 2767 3096 2825 ἀλλά
3147 2768 3234 2820 xui
3281 2767 3369 2819 τὸν
3420 2769 3550 2819 θεὸν
3585 2769 3923 2838 ἐκδικήσειε.
3962 2770 4020 2820 Τί

2447 2856 2536 2912 οὖν
2583 2865 2822 2924 ἐκεῖνος;
2857 2857 2942 2930 ἆρ’
2993 2861 3025 2930 ἢ
3072 2860 3131 2911 τὸ
3163 2859 3270 2912 τῶν
3304 2859 3506 2911 πολλῶν
3556 2860 3795 2922 ἔπαθεν,
3853 2863 3886 2929 ἦ
3933 2862 4019 2915 καί

2450 2953 2642 3024 μικρὸν
2691 2953 2824 3014 ὅλως
2872 2953 2970 3020 τῆς
3030 2952 3324 3020 συντρόφου
3377 2951 3698 3018 μεταϐαλεῖν
3756 2953 4018 3020 ἐνομίσθη

2445 3045 2840 3113 χρηστότητος;
2907 3042 3198 3112 οὕμενουν,
3263 3045 3359 3095 οὐκ
3421 3043 3564 3093 ἐστιν
3629 3043 3842 3094 εἰπεῖν·
3913 3044 4016 3095 οὐδ’

2445 3135 2586 3204 ἔργῳ
2631 3135 2720 3186 τὸν
2766 3135 3118 3203 ἡμαρτηκότα
3181 3133 3451 3202 ἠμύνατο,
3509 3132 3642 3185 ἀλλὰ
3695 3133 3843 3204 λόγῳ
3890 3132 4016 3198 Θείῳ

2446 3225 2540 3277 xui.
2598 3223 2922 3294 σωτηριώδει
2949 3225 3271 3276 πεπαίδευκε
3298 3243 3309 3252 ·
3345 3223 3442 3293 τὴν
3470 3225 3603 3293 πρὸς
3637 3226 3844 3295 ἀρετὴν
3877 3225 4008 3293 ὁμοῦ

2443 3315 2532 3368 καὶ
2569 3318 2743 3368 πᾶσαν
2777 3315 3068 3384 εὐκοσμίαν
3101 3314 3372 3368 τυποῦσαν
3404 3333 3460 3366 τε
3498 3317 3587 3366 καὶ
3638 3317 4008 3386 ῥυθμίζουσαν

2442 3407 2654 3475 ἐκείνην
2702 3408 2914 3474 γράψας
2949 3405 3229 3473 ἐπιστολὴν
3254 3445 3266 3465 ,
3304 3406 3394 3457 xui
3431 3407 3740 3475 πραότητος
3795 3408 4007 3460 ὑπόδει-

2441 3512 2553 3564 γμα
2583 3497 2673 3548 τὸν
2719 3495 2955 3566 Ἀαρὼν,
2991 3495 3081 3547 τὸν
3112 3495 3272 3545 Δαυὶδ
3294 3534 3308 3555 ,
3349 3497 3437 3546 xui
3471 3498 3689 3566 ἐτέρους
3727 3515 4007 3567 παραστη-

2441 3588 2702 3654 σάμενοςο
2751 3583 2816 3656 ἧς
2858 3588 2941 3639 ἵνα
2974 3588 3072 3656 τὴν
3105 3585 3266 3654 ἄλλην
3304 3586 3438 3656 πρὸς
3481 3589 3538 3639 τὺ
3585 3588 3793 3653 ἀγαθὸν
3844 3608 4007 3640 κατα-

2439 3675 2577 3726 λίπω
2621 3676 2958 3744 παράκλησιν
2982 3717 2994 3735 ,
3032 3677 3162 3728 ἀλλά
3194 3677 3293 3748 τῆς
3337 3679 3578 3748 όράσεως
3602 3719 3615 3741 ,
3668 3673 3739 3749 ἦς
3787 3678 4004 3743 διέξεισι

2440 3765 2570 3834 πρὸς
2617 3767 2774 3818 αὑτὸν
2806 3767 2879 3829 ὼς
2914 3767 3016 3819 ὑπὸ
3047 3767 3140 3821 τοῦ
3173 3769 3281 3820 τῶν
3314 3771 3482 3836 ἁγίων
3515 3769 3831 3839 θεαθείσης,
3871 3788 4002 3838 μνη-

2438 3857 2734 3926 σθήσομαι.
2773 3856 2896 3928 Εἶχε
2928 3860 2981 3911 δὲ
3017 3861 3152 3912 κατά
3187 3861 3328 3930 λέξιν
3361 3861 3554 3922 οὕτως·

2507 4033 2796 4103 Γενόμενόν
2851 4037 2914 4104 μέ
2962 4053 3089 4088 ποτε
3143 4037 3280 4090 κατά
3332 4039 3426 4107 τὴν
3471 4041 3735 4108 Κρήτην,
3788 4045 3818 4093 ὁ
3867 4043 4003 4111 ἱερὸς

2437 4122 2808 4194 ἑξεναγὼγησε
2843 4129 3094 4194 Κάρπος,
3132 4130 3299 4199 ἀνὴρ,
3330 4129 3418 4181 xui
3453 4130 3506 4180 εἴ
3535 4147 3620 4192 τις
3663 4131 3828 4193 ἄλλος
3854 4173 3867 4194 ,
3920 4133 4002 4185 διὰ

2436 4212 2630 4281 πολλὴν
2665 4213 3006 4285 καθαρότητα
3042 4217 3130 4269 νοῦ
3164 4219 3299 4288 πρὸς
3331 4218 3583 4271 Θεοπτίαν
3631 4221 4000 4290 ἐπιτηδειότα-

2435 4314 2522 4360 τος
2560 4315 2571 4325 ·
2610 4299 2700 4351 xu‘t
2732 4300 2860 4368 γοῦν
2893 4303 3010 4356 οὐδὲ
3041 4307 3160 4368 ταῖς
3195 4307 3375 4372 ἁγίαις
3409 4307 3515 4358 τῶν
3552 4311 3877 4377 μυστηρίων
3921 4327 4003 4361 τε-

2434 4391 2610 4455 λεταῖς
2675 4394 2977 4464 ἐνεχείρει,
3035 4395 3107 4463 μὴ
3169 4398 3432 4466 πρότερον
3497 4398 3645 4466 αὐτῷ
3711 4401 4000 4462 κατὰ-τας

793 4488 945 4532 antea
981 4480 1161 4547 perlici
1197 4481 1404 4541 solent,
1443 4493 1597 4531 sacra
1634 4486 1685 4530 et
1728 4478 1845 4528 laeta
1891 4477 2228 4544 apparuisset
2268 4477 2347 4526 vi-
2373 4496 2447 4573 υτ

2344 4481 2774 4573 ιυπροτελείους
2836 4484 3035 4552 εὐχὰς,
3088 4486 3238 4555 ἱερᾶς
3301 4489 3393 4539 καὶ
3442 4488 3706 4556 εὐμενοῦς
3759 4492 3998 4560 ὁράσεως

793 4569 894 4622 sio.
950 4567 998 4622 ls
1042 4570 1256 4636 quidem
1300 4568 1597 4628 narrabat,
1645 4581 1767 4618 cum
1811 4581 1839 4617 a
1871 4565 2133 4632 quodam,
2176 4564 2266 4632 qui
2320 4579 2347 4615 a
2374 4562 2447 4621 Ἴ

2374 4562 2871 4640 νέπιφαινομένης.
2915 4574 3133 4640 Ἔλεγεν
3179 4572 3301 4638 οὖν,
3353 4578 3464 4638 ὅτι,
3513 4578 3882 4646 λελυπηκότος
3915 4579 4001 4629 αὖ·

793 4661 892 4714 lide
928 4662 1292 4728 religioneque
1331 4669 1517 4711 nostra
1554 4658 1894 4716 abhorreret,
1939 4657 2075 4709 forte
2110 4655 2348 4710 oifensus

788 4760 932 4805 esset
969 4753 985 4820 (
1012 4749 1247 4806 tristitia:
1278 4758 1456 4804 autem
1485 4763 1648 4802 causa
1683 4755 1827 4808 erat,
1859 4747 2000 4814 quod
2035 4749 2121 4800 ille
2150 4749 2217 4801 ab
2249 4748 2347 4801 Ec-

2433 4659 2522 4710 τόν
2558 4676 2684 4710 ποτε
2726 4660 2833 4712 τῶν
2866 4665 3105 4715 ἀπίστων
3137 4667 3281 4727 τινος
3306 4706 3318 4726 ,
3357 4668 3426 4734 (ἡ
3473 4666 3615 4732 λύπη
3665 4668 3724 4718 δέ
3771 4663 3837 4736 ἦν
3862 4709 3874 4730 ,
3925 4671 3999 4719 ὅτι

2431 4751 2529 4818 τῆς
2575 4752 2892 4823 Ἐκκλησίας
2943 4759 3146 4818 ἐκεῖνος
3205 4757 3325 4808 τινα
3360 4758 3492 4826 πρὸς
3544 4758 3605 4809 τὸ
3655 4759 3817 4811 ἄθεον
3868 4762 3997 4813 ἀπε-

789 4843 952 4894 clesia
1005 4844 1292 4909 quemdam
1345 4843 1410 4894 ad
1466 4842 1688 4910 impium
1741 4841 1946 4894 cultum
1999 4834 2352 4898 traduxerat),
2435 4857 2443 4887 τ

2344 4872 2352 4896 ,
2435 4839 2743 4910 πλάνησεν·)
2795 4844 2872 4911 {tt
2922 4845 3028 4896 τῶν
3075 4844 3311 4913 ἰλαρίων
3359 4847 3575 4916 ⁴ἡμερῶν
3627 4848 3780 4916 αὐτῷ
3831 4851 3998 4901 τελου-

789 4943 900 4984 ιυιη
939 4947 1062 4984 cum
1104 4932 1289 4993 etiam,
1333 4931 1400 4983 ab
1442 4932 1557 4999 ipso
1599 4933 1934 4998 (Christiano
1969 4937 2186 4997 propter
2248 4925 2346 4980 ba-

780 5022 1061 5093 ptismum)
1098 5021 1288 5074 hilaria
1341 5029 1662 5089 agerentur,
1725 5035 1845 5071 cum
1907 5020 2190 5087 benignam
2247 5034 2344 5086 pro

789 5120 1016 5179 utroque
1068 5111 1132 5163 ad
1193 5109 1356 5162 Deum
1418 5097 1780 5177 precationem
1836 5109 2056 5163 fundere
2119 5124 2342 5164 necesse

783 5212 964 5264 esset,
1005 5203 1218 5271 Deoque
1259 5213 1533 5257 servatore
1574 5203 1822 5270 adjutore
1859 5202 2145 5268 adjuncto,
2190 5201 2337 5252 illum

783 5295 1000 5362 quidem
1056 5305 1398 5356 convertere,
1444 5296 1584 5348 hunc
1627 5305 1805 5346 autem
1845 5295 2058 5346 vincere
2098 5291 2341 5359 benigni-

784 5395 890 5438 tate
912 5426 925 5448 ,
958 5403 1055 5440 nec
1097 5386 1364 5439 desistere
1403 5387 1691 5438 admonere
1737 5402 1826 5453 per
1864 5401 2020 5438 omne
2053 5384 2172 5436 vitze
2205 5391 2339 5434 tem-

784 5495 884 5549 pus
919 5493 1088 5544 usquc
1120 5480 1185 5530 ad
1219 5479 1358 5531 hunc
1393 5479 1568 5546 ipsum
1599 5478 1737 5530 diem
1763 5517 1775 5539 ,
1811 5485 1968 5546 atque
2011 5478 2081 5530 ita
2123 5477 2335 5529 demum

780 5586 872 5623 eos
905 5569 968 5620 ad
1002 5567 1091 5621 Dei
1127 5573 1369 5622 notitiam
1404 5570 1701 5630 deducere,
1829 5568 1978 5633 quasi
2098 5568 2206 5634 jam
2241 5581 2334 5626 ea,

783 5659 847 5712 de
884 5660 1082 5727 quibus
1123 5667 1276 5710 antea
1315 5660 1659 5718 dubitarent,
1703 5657 1996 5724 dijudicata
2036 5665 2244 5720 essent,
2284 5662 2336 5706 et

783 5751 848 5802 ab
887 5751 949 5802 iis
983 5767 1098 5819 quae
1131 5749 1527 5802 inconsiderate
1559 5749 1678 5800 ausi
1709 5756 1924 5812 essent,
1963 5748 2194 5815 legitime
2226 5759 2335 5812 pte—

2439 4929 2648 4998 μένων,
2697 4932 2812 4984 δέον
2875 4936 3198 5005 ἀμφοτέρων
3253 4938 3648 5008 ἀγαθοπρεπῶς
3702 4940 3996 5010 ὑπερεύξα·

2436 5019 2592 5083 σθαι,
2633 5024 2720 5074 καὶ
2767 5023 2896 5074 Θεὸν
2944 5027 3162 5097 σωτῆρα
3213 5029 3550 5098 συλλήπτορα
3587 5030 3858 5089 λαϐόντα.
3907 5032 3994 5082 τὸν

2439 5110 2535 5178 μὲν
2568 5113 2886 5182 ἐπιστρέψαι
2920 5154 2943 5181 ,,
2969 5116 3060 5168 τὸν
3091 5117 3145 5169 δέ
3177 5118 3468 5187 ἀγαοὸτητι
3505 5120 3724 5186 νικῆσαι
3746 5159 3760 5180 ,
3798 5121 3887 5172 xui
3925 5121 3992 5187 μὴ

2433 5201 2694 5255 διαλιπεῖν
2730 5205 3078 5260 νουθετοῦντα
3109 5209 3193 5260 διὰ
3232 5210 3344 5278 βίου
3380 5211 3578 5270 παντὸς
3603 5250 3615 5270 ,
3651 5211 3812 5281 ἄχρις
3845 5207 3902 5263 οὗ
3935 5209 3990 5259 τὲ

2437 5293 2706 5364 σήμερον,
2745 5297 2833 5375 κῖιὶ
2865 5298 3037 5360 οὕτως
3071 5300 3160 5352 ἐπὶ
3193 5301 3290 5370 τὴν
3324 5301 3472 5352 Θείαν
3521 5301 3719 5364 αὐτοὺς
3772 5304 3987 5367 ἀγαγεῖν

2437 5385 2630 5450 γνῶσιν
2655 5427 2667 5447 ,
2701 5386 2773 5449 ὡς
2797 5389 2860 5440 ἂν
2893 5389 2988 5458 ἤδη
3025 5391 3114 5441 xui
3147 5390 3253 5440 τῶν
3285 5391 3781 5460 ἀμφισϐητησίμων
3816 5392 3984 5451 αὑτάς

2436 5479 2760 5547 κρινομένων
2784 5520 2797 5542 ,
2834 5481 2921 5532 xui
2953 5481 3059 5532 τῶν
3092 5481 3295 5546 ἀλόγως
3329 5480 3743 5550 Θρασυνομὲνων
3787 5484 3984 5550 ἐννόμῳ

2432 5566 2554 5638 δίκῃ
2603 5574 2892 5636 σωφρονεῖν
2924 5572 3400 5641 ἀναγκαζομένων·
3453 5573 3565 5624 ἀλλ’
3602 5573 3658 5621 ἐν
3707 5573 3880 5640 ἐαυτῷ
3915 5570 3982 5638 μὴ

2438 5660 2696 5729 πρότερον
2729 5661 2884 5712 τοῦτο
2917 5657 3098 5712 παῦὼν
3131 5701 3144 5722 ,
3186 5665 3282 5715 οὑκ
3314 5660 3411 5714 οἷδ’
3445 5664 3593 5724 ὅπως
3625 5664 3747 5716 τότε
3793 5661 3980 5726 πολλήν

2436 5767 2555 5803 τινα
2587 5751 2680 5816 τὴν
2711 5753 3027 5816 δυσμένειαν
3062 5755 3151 5804 καὶ
3186 5755 3281 5828 τὴν
3318 5753 3538 5810 πικρίαν
3575 5754 3799 5823 ἐντήξας
3849 5754 3980 5802 ἐκοι-
