  <div class='ocr_page' id='page_1' title='image "/cluster/home/n/w/nwhite01/storage/ocr_20150623/115/nnc1.0046980261/538.png"; bbox 0 0 4188 6432; ppageno 0'>
   <div class='ocr_carea' id='block_1_1' title="bbox 1137 425 2347 489">
    <p class='ocr_par' dir='ltr' id='par_1_1' title="bbox 1137 425 2347 489">
     <span class='ocr_line' id='line_1_1' title="bbox 1137 425 2347 489; baseline -0.001 0"><span class='ocrx_word' id='word_1_1' title='bbox 1137 429 1310 489; x_wconf 74' lang='grc' dir='ltr'>νιτΑ</span> <span class='ocrx_word' id='word_1_2' title='bbox 1352 430 1412 486; x_wconf 91' lang='lat' dir='ltr'><strong>S.</strong></span> <span class='ocrx_word' id='word_1_3' title='bbox 1454 426 1789 489; x_wconf 69' lang='lat' dir='ltr'><strong>DIONYSH</strong></span> <span class='ocrx_word' id='word_1_4' title='bbox 1825 425 2347 488; x_wconf 54' lang='lat' dir='ltr'><strong>AREOPAGth-E.</strong></span> 
     </span>
    </p>
   </div>
   <div class='ocr_carea' id='block_1_2' title="bbox 3277 415 3412 480">
    <p class='ocr_par' dir='ltr' id='par_1_2' title="bbox 3277 415 3412 480">
     <span class='ocr_line' id='line_1_2' title="bbox 3277 415 3412 480; baseline 0 -2"><span class='ocrx_word' id='word_1_5' title='bbox 3277 415 3412 480; x_wconf 70' lang='lat'><strong>1042</strong></span> 
     </span>
    </p>
   </div>
   <div class='ocr_carea' id='block_1_3' title="bbox 181 521 1758 599">
    <p class='ocr_par' dir='ltr' id='par_1_3' title="bbox 181 526 1729 599">
     <span class='ocr_line' id='line_1_3' title="bbox 181 526 1729 599; baseline 0.005 -25"><span class='ocrx_word' id='word_1_6' title='bbox 181 526 364 592; x_wconf 78' lang='grc' dir='ltr'>μὴθη·</span> <span class='ocrx_word' id='word_1_7' title='bbox 419 527 714 595; x_wconf 64' lang='grc' dir='ltr'>κατεδάρθη</span> <span class='ocrx_word' id='word_1_8' title='bbox 754 529 850 594; x_wconf 67' lang='grc' dir='ltr'>μὲν</span> <span class='ocrx_word' id='word_1_9' title='bbox 877 567 888 588; x_wconf 97' lang='grc'><strong>,</strong></span> <span class='ocrx_word' id='word_1_10' title='bbox 927 527 1062 578; x_wconf 67' lang='grc' dir='ltr'>οὕτω</span> <span class='ocrx_word' id='word_1_11' title='bbox 1097 527 1273 588; x_wconf 84' lang='grc' dir='ltr'>κακῶς</span> <span class='ocrx_word' id='word_1_12' title='bbox 1308 528 1441 595; x_wconf 78' lang='grc' dir='ltr'>ἔχων</span> <span class='ocrx_word' id='word_1_13' title='bbox 1479 546 1490 558; x_wconf 89' lang='grc'><strong>·</strong></span> <span class='ocrx_word' id='word_1_14' title='bbox 1529 530 1729 599; x_wconf 76' lang='grc' dir='ltr'>ἑσπέρα</span> 
     </span>
    </p>
   </div>
   <div class='ocr_carea' id='block_1_4' title="bbox 1804 521 3386 599">
    <p class='ocr_par' dir='ltr' id='par_1_4' title="bbox 1804 521 3386 592">
     <span class='ocr_line' id='line_1_4' title="bbox 1804 521 3386 592; baseline -0.003 -15"><span class='ocrx_word' id='word_1_15' title='bbox 1804 543 1929 584; x_wconf 48' lang='lat' dir='ltr'><strong>.nas</strong></span> <span class='ocrx_word' id='word_1_16' title='bbox 1967 524 2143 579; x_wconf 84' lang='lat' dir='ltr'><strong>dando</strong></span> <span class='ocrx_word' id='word_1_17' title='bbox 2179 522 2503 592; x_wconf 82' lang='lat' dir='ltr'><strong>resipiscere</strong></span> <span class='ocrx_word' id='word_1_18' title='bbox 2542 531 2902 592; x_wconf 78' lang='lat' dir='ltr'><strong>cogerentur;</strong></span> <span class='ocrx_word' id='word_1_19' title='bbox 2946 533 3056 576; x_wconf 91' lang='lat' dir='ltr'><strong>tum</strong></span> <span class='ocrx_word' id='word_1_20' title='bbox 3095 532 3274 575; x_wconf 83' lang='lat' dir='ltr'><strong>tamen</strong></span> <span class='ocrx_word' id='word_1_21' title='bbox 3334 521 3386 573; x_wconf 86' lang='lat' dir='ltr'><strong>id</strong></span> 
     </span>
    </p>
   </div>
   <div class='ocr_carea' id='block_1_5' title="bbox 175 612 1728 687">
    <p class='ocr_par' dir='ltr' id='par_1_5' title="bbox 175 612 1728 687">
     <span class='ocr_line' id='line_1_5' title="bbox 175 612 1728 687; baseline 0.004 -21"><span class='ocrx_word' id='word_1_22' title='bbox 175 616 286 684; x_wconf 77' lang='grc' dir='ltr'><strong>γὰρ</strong></span> <span class='ocrx_word' id='word_1_23' title='bbox 339 612 435 685; x_wconf 80' lang='grc' dir='ltr'><strong>ἦν·</strong></span> <span class='ocrx_word' id='word_1_24' title='bbox 494 619 616 686; x_wconf 74' lang='grc' dir='ltr'>περὶ</span> <span class='ocrx_word' id='word_1_25' title='bbox 659 619 712 670; x_wconf 74' lang='grc' dir='ltr'>δὲ</span> <span class='ocrx_word' id='word_1_26' title='bbox 761 620 927 686; x_wconf 83' lang='grc' dir='ltr'>μέσας</span> <span class='ocrx_word' id='word_1_27' title='bbox 978 618 1169 679; x_wconf 79' lang='grc' dir='ltr'>νύκτας</span> <span class='ocrx_word' id='word_1_28' title='bbox 1222 618 1433 683; x_wconf 76' lang='grc' dir='ltr'>(εἰώθει</span> <span class='ocrx_word' id='word_1_29' title='bbox 1501 619 1605 687; x_wconf 78' lang='grc' dir='ltr'><strong>γὰρ</strong></span> <span class='ocrx_word' id='word_1_30' title='bbox 1654 624 1728 682; x_wconf 82' lang='grc' dir='ltr'><strong>εἰς</strong></span> 
     </span>
    </p>
   </div>
   <div class='ocr_carea' id='block_1_6' title="bbox 174 707 1728 777">
    <p class='ocr_par' dir='ltr' id='par_1_6' title="bbox 174 707 1728 777">
     <span class='ocr_line' id='line_1_6' title="bbox 174 707 1728 777; baseline 0.001 -19"><span class='ocrx_word' id='word_1_31' title='bbox 174 708 326 760; x_wconf 80' lang='grc' dir='ltr'><strong>τόνδε</strong></span> <span class='ocrx_word' id='word_1_32' title='bbox 359 708 448 759; x_wconf 73' lang='grc' dir='ltr'><strong>τὸν</strong></span> <span class='ocrx_word' id='word_1_33' title='bbox 482 710 668 777; x_wconf 72' lang='grc' dir='ltr'>καιρὸν</span> <span class='ocrx_word' id='word_1_34' title='bbox 702 708 857 771; x_wconf 73' lang='grc' dir='ltr'>αὐτὸς</span> <span class='ocrx_word' id='word_1_35' title='bbox 891 711 970 774; x_wconf 73' lang='grc' dir='ltr'><strong>ἐφ’</strong></span> <span class='ocrx_word' id='word_1_36' title='bbox 1007 709 1197 760; x_wconf 77' lang='grc' dir='ltr'>ἑαυτοῦ</span> <span class='ocrx_word' id='word_1_37' title='bbox 1233 707 1366 775; x_wconf 72' lang='grc' dir='ltr'>πρὸς</span> <span class='ocrx_word' id='word_1_38' title='bbox 1400 710 1522 771; x_wconf 72' lang='grc' dir='ltr'>τους</span> <span class='ocrx_word' id='word_1_39' title='bbox 1557 709 1728 772; x_wconf 82' lang='grc' dir='ltr'>θείους</span> 
     </span>
    </p>
   </div>
   <div class='ocr_carea' id='block_1_7' title="bbox 179 799 1728 870">
    <p class='ocr_par' dir='ltr' id='par_1_7' title="bbox 179 799 1728 870">
     <span class='ocr_line' id='line_1_7' title="bbox 179 799 1728 870; baseline 0.001 -19"><span class='ocrx_word' id='word_1_40' title='bbox 179 799 382 869; x_wconf 77' lang='grc' dir='ltr'>ὕμνους</span> <span class='ocrx_word' id='word_1_41' title='bbox 427 801 778 870; x_wconf 74' lang='grc' dir='ltr'><strong>ἐγρηγορέναι</strong></span> <span class='ocrx_word' id='word_1_42' title='bbox 811 802 870 868; x_wconf 83' lang='grc'><strong>’)</strong></span> <span class='ocrx_word' id='word_1_43' title='bbox 919 799 1250 851; x_wconf 71' lang='grc' dir='ltr'><strong>διανίσταται</strong></span> <span class='ocrx_word' id='word_1_44' title='bbox 1305 801 1420 868; x_wconf 77' lang='grc' dir='ltr'>μὲν,</span> <span class='ocrx_word' id='word_1_45' title='bbox 1459 800 1573 852; x_wconf 70' lang='grc' dir='ltr'>οὐδὲ</span> <span class='ocrx_word' id='word_1_46' title='bbox 1622 799 1728 852; x_wconf 78' lang='grc' dir='ltr'>τῶν</span> 
     </span>
    </p>
   </div>
   <div class='ocr_carea' id='block_1_8' title="bbox 179 889 1732 957">
    <p class='ocr_par' dir='ltr' id='par_1_8' title="bbox 179 889 1732 957">
     <span class='ocr_line' id='line_1_8' title="bbox 179 889 1732 957; baseline -0.001 -14"><span class='ocrx_word' id='word_1_47' title='bbox 179 892 362 945; x_wconf 76' lang='grc' dir='ltr'>ὕπνων</span> <span class='ocrx_word' id='word_1_48' title='bbox 394 891 572 943; x_wconf 74' lang='grc' dir='ltr'>αὐτῶν</span> <span class='ocrx_word' id='word_1_49' title='bbox 597 932 610 953; x_wconf 90' lang='grc'><strong>,</strong></span> <span class='ocrx_word' id='word_1_50' title='bbox 647 891 852 943; x_wconf 82' lang='grc' dir='ltr'>πολλῶν</span> <span class='ocrx_word' id='word_1_51' title='bbox 884 907 945 956; x_wconf 83' lang='grc' dir='ltr'><strong>γε</strong></span> <span class='ocrx_word' id='word_1_52' title='bbox 979 889 1145 941; x_wconf 74' lang='grc' dir='ltr'>ὄντων</span> <span class='ocrx_word' id='word_1_53' title='bbox 1167 930 1179 950; x_wconf 86' lang='grc'><strong>,</strong></span> <span class='ocrx_word' id='word_1_54' title='bbox 1216 891 1306 942; x_wconf 72' lang='grc' dir='ltr'><strong>καὶ</strong></span> <span class='ocrx_word' id='word_1_55' title='bbox 1355 891 1437 943; x_wconf 74' lang='grc' dir='ltr'><strong>ἀεὶ</strong></span> <span class='ocrx_word' id='word_1_56' title='bbox 1475 894 1732 957; x_wconf 77' lang='grc' dir='ltr'>ἐγκοπτο-</span> 
     </span>
    </p>
   </div>
   <div class='ocr_carea' id='block_1_9' title="bbox 183 980 1730 1051">
    <p class='ocr_par' dir='ltr' id='par_1_9' title="bbox 183 980 1730 1051">
     <span class='ocr_line' id='line_1_9' title="bbox 183 980 1730 1051; baseline 0.001 -19"><span class='ocrx_word' id='word_1_57' title='bbox 183 983 359 1050; x_wconf 90' lang='grc' dir='ltr'>μένων</span> <span class='ocrx_word' id='word_1_58' title='bbox 395 1022 409 1045; x_wconf 95' lang='grc'><strong>,</strong></span> <span class='ocrx_word' id='word_1_59' title='bbox 462 981 564 1044; x_wconf 78' lang='grc' dir='ltr'><strong>ἔξω</strong></span> <span class='ocrx_word' id='word_1_60' title='bbox 622 983 864 1051; x_wconf 79' lang='grc' dir='ltr'><strong>ταραχῆς</strong></span> <span class='ocrx_word' id='word_1_61' title='bbox 922 981 1346 1051; x_wconf 72' lang='grc' dir='ltr'>παραπολαύσας</span> <span class='ocrx_word' id='word_1_62' title='bbox 1395 1000 1406 1009; x_wconf 92' lang='grc'><strong>·</strong></span> <span class='ocrx_word' id='word_1_63' title='bbox 1461 981 1628 1042; x_wconf 84' lang='grc' dir='ltr'>ἐστὼς</span> <span class='ocrx_word' id='word_1_64' title='bbox 1674 980 1730 1034; x_wconf 79' lang='grc' dir='ltr'>δὲ</span> 
     </span>
    </p>
   </div>
   <div class='ocr_carea' id='block_1_10' title="bbox 178 1065 1732 1139">
    <p class='ocr_par' dir='ltr' id='par_1_10' title="bbox 178 1065 1732 1139">
     <span class='ocr_line' id='line_1_10' title="bbox 178 1065 1732 1139; baseline -0.003 -18"><span class='ocrx_word' id='word_1_65' title='bbox 178 1071 330 1138; x_wconf 75' lang='grc' dir='ltr'>ὅμως</span> <span class='ocrx_word' id='word_1_66' title='bbox 363 1072 440 1132; x_wconf 86' lang='grc' dir='ltr'><strong>είς</strong></span> <span class='ocrx_word' id='word_1_67' title='bbox 479 1069 576 1139; x_wconf 82' lang='grc' dir='ltr'><strong>τὴν</strong></span> <span class='ocrx_word' id='word_1_68' title='bbox 610 1069 754 1121; x_wconf 84' lang='grc' dir='ltr'>θείαν</span> <span class='ocrx_word' id='word_1_69' title='bbox 785 1068 994 1138; x_wconf 74' lang='grc' dir='ltr'>ὁμιλίαν</span> <span class='ocrx_word' id='word_1_70' title='bbox 1028 1070 1125 1122; x_wconf 71' lang='grc' dir='ltr'><strong>οὐκ</strong></span> <span class='ocrx_word' id='word_1_71' title='bbox 1169 1067 1372 1134; x_wconf 84' lang='grc' dir='ltr'>εὑαγῶς</span> <span class='ocrx_word' id='word_1_72' title='bbox 1418 1068 1601 1134; x_wconf 70' lang='grc' dir='ltr'>ἠνιᾶτο</span> <span class='ocrx_word' id='word_1_73' title='bbox 1643 1065 1732 1117; x_wconf 76' lang='grc' dir='ltr'>καὶ</span> 
     </span>
    </p>
   </div>
   <div class='ocr_carea' id='block_1_11' title="bbox 181 1154 1736 1229">
    <p class='ocr_par' dir='ltr' id='par_1_11' title="bbox 181 1154 1736 1229">
     <span class='ocr_line' id='line_1_11' title="bbox 181 1154 1736 1229; baseline -0.005 -17"><span class='ocrx_word' id='word_1_74' title='bbox 181 1161 558 1229; x_wconf 77' lang='grc' dir='ltr'><strong>ἐδυσχέραινεν</strong></span> <span class='ocrx_word' id='word_1_75' title='bbox 581 1201 593 1222; x_wconf 93' lang='grc'><strong>,</strong></span> <span class='ocrx_word' id='word_1_76' title='bbox 627 1160 725 1210; x_wconf 76' lang='grc' dir='ltr'>οὐκ</span> <span class='ocrx_word' id='word_1_77' title='bbox 758 1155 890 1210; x_wconf 75' lang='grc' dir='ltr'>εἶναι</span> <span class='ocrx_word' id='word_1_78' title='bbox 922 1159 1122 1211; x_wconf 80' lang='grc' dir='ltr'>δίκαιον</span> <span class='ocrx_word' id='word_1_79' title='bbox 1149 1157 1336 1224; x_wconf 79' lang='grc' dir='ltr'>λέγων,</span> <span class='ocrx_word' id='word_1_80' title='bbox 1374 1159 1419 1207; x_wconf 81' lang='grc' dir='ltr'>εἰ</span> <span class='ocrx_word' id='word_1_81' title='bbox 1469 1154 1601 1223; x_wconf 80' lang='grc' dir='ltr'>ζῷεν</span> <span class='ocrx_word' id='word_1_82' title='bbox 1644 1155 1736 1206; x_wconf 81' lang='grc' dir='ltr'>άν-</span> 
     </span>
    </p>
   </div>
   <div class='ocr_carea' id='block_1_12' title="bbox 180 1244 1736 1320">
    <p class='ocr_par' dir='ltr' id='par_1_12' title="bbox 180 1244 1736 1320">
     <span class='ocr_line' id='line_1_12' title="bbox 180 1244 1736 1320; baseline -0.005 -18"><span class='ocrx_word' id='word_1_83' title='bbox 180 1251 317 1320; x_wconf 75' lang='grc' dir='ltr'>δρες</span> <span class='ocrx_word' id='word_1_84' title='bbox 340 1251 484 1304; x_wconf 83' lang='grc' dir='ltr'>ἀθεοι</span> <span class='ocrx_word' id='word_1_85' title='bbox 527 1249 616 1301; x_wconf 80' lang='grc' dir='ltr'><strong>καὶ</strong></span> <span class='ocrx_word' id='word_1_86' title='bbox 650 1250 1061 1319; x_wconf 77' lang='grc' dir='ltr'><strong>διαστρέφοντες</strong></span> <span class='ocrx_word' id='word_1_87' title='bbox 1091 1248 1190 1310; x_wconf 83' lang='grc' dir='ltr'><strong>τάς</strong></span> <span class='ocrx_word' id='word_1_88' title='bbox 1221 1248 1370 1308; x_wconf 74' lang='grc' dir='ltr'>ὀδοὺς</span> <span class='ocrx_word' id='word_1_89' title='bbox 1405 1247 1604 1314; x_wconf 81' lang='grc' dir='ltr'>Κυρίου</span> <span class='ocrx_word' id='word_1_90' title='bbox 1638 1244 1736 1306; x_wconf 80' lang='grc' dir='ltr'>τὰς</span> 
     </span>
    </p>
   </div>
   <div class='ocr_carea' id='block_1_13' title="bbox 182 1336 1736 1408">
    <p class='ocr_par' dir='ltr' id='par_1_13' title="bbox 182 1336 1736 1408">
     <span class='ocr_line' id='line_1_13' title="bbox 182 1336 1736 1408; baseline -0.005 -15"><span class='ocrx_word' id='word_1_91' title='bbox 182 1342 394 1404; x_wconf 80' lang='grc' dir='ltr'><strong>εὐθείας</strong></span> <span class='ocrx_word' id='word_1_92' title='bbox 428 1359 439 1370; x_wconf 94' lang='grc'>·</span> <span class='ocrx_word' id='word_1_93' title='bbox 479 1341 569 1392; x_wconf 75' lang='grc' dir='ltr'><strong>καὶ</strong></span> <span class='ocrx_word' id='word_1_94' title='bbox 604 1340 777 1392; x_wconf 86' lang='grc' dir='ltr'>ταῦτα</span> <span class='ocrx_word' id='word_1_95' title='bbox 821 1342 992 1408; x_wconf 76' lang='grc' dir='ltr'>λέγων</span> <span class='ocrx_word' id='word_1_96' title='bbox 1022 1381 1034 1403; x_wconf 94' lang='grc'><strong>,</strong></span> <span class='ocrx_word' id='word_1_97' title='bbox 1083 1341 1250 1392; x_wconf 81' lang='grc' dir='ltr'>ἐδεῖτο</span> <span class='ocrx_word' id='word_1_98' title='bbox 1299 1337 1391 1389; x_wconf 86' lang='grc' dir='ltr'><strong>τοῦ</strong></span> <span class='ocrx_word' id='word_1_99' title='bbox 1436 1336 1567 1388; x_wconf 86' lang='grc' dir='ltr'>Θεοῦ</span> <span class='ocrx_word' id='word_1_100' title='bbox 1606 1352 1736 1404; x_wconf 81' lang='grc' dir='ltr'>πρη-</span> 
     </span>
    </p>
   </div>
   <div class='ocr_carea' id='block_1_14' title="bbox 185 1427 1736 1502">
    <p class='ocr_par' dir='ltr' id='par_1_14' title="bbox 185 1427 1736 1502">
     <span class='ocr_line' id='line_1_14' title="bbox 185 1427 1736 1502; baseline -0.015 -3"><span class='ocrx_word' id='word_1_101' title='bbox 185 1431 345 1500; x_wconf 74' lang='grc' dir='ltr'>στῆρε</span> <span class='ocrx_word' id='word_1_102' title='bbox 393 1449 496 1483; x_wconf 74' lang='grc' dir='ltr'>τινι</span> <span class='ocrx_word' id='word_1_103' title='bbox 539 1431 638 1492; x_wconf 73' lang='grc' dir='ltr'><strong>τὰς</strong></span> <span class='ocrx_word' id='word_1_104' title='bbox 687 1432 1006 1502; x_wconf 71' lang='grc' dir='ltr'>ἀμφοτέρων</span> <span class='ocrx_word' id='word_1_105' title='bbox 1050 1429 1275 1493; x_wconf 76' lang='grc' dir='ltr'>εἰσάπαξ</span> <span class='ocrx_word' id='word_1_106' title='bbox 1323 1427 1559 1496; x_wconf 75' lang='grc' dir='ltr'>ἀνηλεῶς</span> <span class='ocrx_word' id='word_1_107' title='bbox 1605 1429 1736 1478; x_wconf 84' lang='grc' dir='ltr'>ἀπο-</span> 
     </span>
    </p>
   </div>
   <div class='ocr_carea' id='block_1_15' title="bbox 183 1516 1736 1585">
    <p class='ocr_par' dir='ltr' id='par_1_15' title="bbox 183 1516 1736 1585">
     <span class='ocr_line' id='line_1_15' title="bbox 183 1516 1736 1585; baseline -0.003 -15"><span class='ocrx_word' id='word_1_108' title='bbox 183 1520 390 1572; x_wconf 87' lang='grc' dir='ltr'>παῦσαι</span> <span class='ocrx_word' id='word_1_109' title='bbox 435 1519 594 1583; x_wconf 71' lang='grc' dir='ltr'>ζωὰς.</span> <span class='ocrx_word' id='word_1_110' title='bbox 646 1520 828 1572; x_wconf 88' lang='grc' dir='ltr'>Ταῦτα</span> <span class='ocrx_word' id='word_1_111' title='bbox 875 1521 928 1572; x_wconf 82' lang='grc' dir='ltr'>δὲ</span> <span class='ocrx_word' id='word_1_112' title='bbox 979 1519 1183 1582; x_wconf 74' lang='grc' dir='ltr'>εἰπὼν,</span> <span class='ocrx_word' id='word_1_113' title='bbox 1235 1520 1380 1585; x_wconf 77' lang='grc' dir='ltr'>ἔλεγε</span> <span class='ocrx_word' id='word_1_114' title='bbox 1425 1518 1567 1579; x_wconf 77' lang='grc' dir='ltr'>δόξαι</span> <span class='ocrx_word' id='word_1_115' title='bbox 1612 1516 1736 1567; x_wconf 85' lang='grc' dir='ltr'>ἰδεῖν</span> 
     </span>
    </p>
   </div>
   <div class='ocr_carea' id='block_1_16' title="bbox 185 1604 1738 1681">
    <p class='ocr_par' dir='ltr' id='par_1_16' title="bbox 185 1604 1738 1681">
     <span class='ocr_line' id='line_1_16' title="bbox 185 1604 1738 1681; baseline -0.005 -19"><span class='ocrx_word' id='word_1_116' title='bbox 185 1610 337 1676; x_wconf 79' lang='grc' dir='ltr'>ἄφνω</span> <span class='ocrx_word' id='word_1_117' title='bbox 365 1609 454 1661; x_wconf 81' lang='grc' dir='ltr'>τὸν</span> <span class='ocrx_word' id='word_1_118' title='bbox 483 1606 628 1663; x_wconf 85' lang='grc' dir='ltr'>οἷκον</span> <span class='ocrx_word' id='word_1_119' title='bbox 659 1613 714 1662; x_wconf 87' lang='grc' dir='ltr'>ἐν</span> <span class='ocrx_word' id='word_1_120' title='bbox 739 1605 891 1681; x_wconf 81' lang='grc' dir='ltr'>ᾧπερ</span> <span class='ocrx_word' id='word_1_121' title='bbox 920 1612 1160 1679; x_wconf 79' lang='grc' dir='ltr'>εἱστήκει</span> <span class='ocrx_word' id='word_1_122' title='bbox 1208 1607 1580 1675; x_wconf 84' lang='grc' dir='ltr'>διαδονηθέντα</span> <span class='ocrx_word' id='word_1_123' title='bbox 1615 1604 1738 1673; x_wconf 81' lang='grc' dir='ltr'>πρό-</span> 
     </span>
    </p>
   </div>
   <div class='ocr_carea' id='block_1_17' title="bbox 184 1698 1734 1772">
    <p class='ocr_par' dir='ltr' id='par_1_17' title="bbox 184 1698 1734 1772">
     <span class='ocr_line' id='line_1_17' title="bbox 184 1698 1734 1772; baseline -0.003 -20"><span class='ocrx_word' id='word_1_124' title='bbox 184 1718 358 1771; x_wconf 85' lang='grc' dir='ltr'>τερον,</span> <span class='ocrx_word' id='word_1_125' title='bbox 395 1702 484 1753; x_wconf 73' lang='grc' dir='ltr'>καὶ</span> <span class='ocrx_word' id='word_1_126' title='bbox 516 1705 578 1755; x_wconf 85' lang='grc' dir='ltr'><strong>ἐκ</strong></span> <span class='ocrx_word' id='word_1_127' title='bbox 608 1703 703 1771; x_wconf 74' lang='grc' dir='ltr'>τῆς</span> <span class='ocrx_word' id='word_1_128' title='bbox 735 1703 936 1772; x_wconf 72' lang='grc' dir='ltr'>ὀροφῆς</span> <span class='ocrx_word' id='word_1_129' title='bbox 965 1705 1041 1763; x_wconf 80' lang='grc' dir='ltr'>εἰς</span> <span class='ocrx_word' id='word_1_130' title='bbox 1066 1701 1156 1752; x_wconf 73' lang='grc' dir='ltr'><strong>δύο</strong></span> <span class='ocrx_word' id='word_1_131' title='bbox 1189 1701 1346 1770; x_wconf 84' lang='grc' dir='ltr'>μέσον</span> <span class='ocrx_word' id='word_1_132' title='bbox 1372 1698 1734 1768; x_wconf 78' lang='grc' dir='ltr'><strong>διαιρεθέντα,</strong></span> 
     </span>
    </p>
   </div>
   <div class='ocr_carea' id='block_1_18' title="bbox 186 1787 1738 1863">
    <p class='ocr_par' dir='ltr' id='par_1_18' title="bbox 186 1787 1738 1863">
     <span class='ocr_line' id='line_1_18' title="bbox 186 1787 1738 1863; baseline -0.003 -19"><span class='ocrx_word' id='word_1_133' title='bbox 186 1792 281 1844; x_wconf 88' lang='grc' dir='ltr'><strong>καί</strong></span> <span class='ocrx_word' id='word_1_134' title='bbox 325 1810 443 1845; x_wconf 89' lang='grc' dir='ltr'>τινα</span> <span class='ocrx_word' id='word_1_135' title='bbox 491 1792 668 1863; x_wconf 76' lang='grc' dir='ltr'>πυράν</span> <span class='ocrx_word' id='word_1_136' title='bbox 712 1791 1022 1859; x_wconf 77' lang='grc' dir='ltr'>πολύφωτρν</span> <span class='ocrx_word' id='word_1_137' title='bbox 1065 1791 1386 1860; x_wconf 86' lang='grc' dir='ltr'>ἐπίπροσθεν</span> <span class='ocrx_word' id='word_1_138' title='bbox 1417 1788 1614 1853; x_wconf 76' lang='grc' dir='ltr'>αὑτοῦ,</span> <span class='ocrx_word' id='word_1_139' title='bbox 1646 1787 1738 1840; x_wconf 77' lang='grc' dir='ltr'>καὶ</span> 
     </span>
    </p>
   </div>
   <div class='ocr_carea' id='block_1_19' title="bbox 1830 613 3381 690">
    <p class='ocr_par' dir='ltr' id='par_1_19' title="bbox 1830 613 3381 690">
     <span class='ocr_line' id='line_1_19' title="bbox 1830 613 3381 690; baseline -0.005 -18"><span class='ocrx_word' id='word_1_140' title='bbox 1830 617 1971 690; x_wconf 90' lang='lat' dir='ltr'><strong>quod</strong></span> <span class='ocrx_word' id='word_1_141' title='bbox 1993 631 2273 685; x_wconf 82' lang='lat' dir='ltr'><strong>nunquam</strong></span> <span class='ocrx_word' id='word_1_142' title='bbox 2297 616 2398 671; x_wconf 83' lang='lat' dir='ltr'><strong>sibi</strong></span> <span class='ocrx_word' id='word_1_143' title='bbox 2423 615 2785 678; x_wconf 87' lang='lat' dir='ltr'><strong>usuvenissct,</strong></span> <span class='ocrx_word' id='word_1_144' title='bbox 2812 615 2954 669; x_wconf 85' lang='lat' dir='ltr'><strong>haud</strong></span> <span class='ocrx_word' id='word_1_145' title='bbox 2977 616 3090 670; x_wconf 88' lang='lat' dir='ltr'><strong>scio</strong></span> <span class='ocrx_word' id='word_1_146' title='bbox 3111 613 3381 683; x_wconf 90' lang='lat' dir='ltr'><strong>quomodo</strong></span> 
     </span>
    </p>
   </div>
   <div class='ocr_carea' id='block_1_20' title="bbox 1832 704 3381 779">
    <p class='ocr_par' dir='ltr' id='par_1_20' title="bbox 1832 704 3381 779">
     <span class='ocr_line' id='line_1_20' title="bbox 1832 704 3381 779; baseline -0.005 -15"><span class='ocrx_word' id='word_1_147' title='bbox 1832 725 2024 779; x_wconf 84' lang='lat' dir='ltr'><strong>magno</strong></span> <span class='ocrx_word' id='word_1_148' title='bbox 2054 709 2288 777; x_wconf 91' lang='lat' dir='ltr'><strong>quodam</strong></span> <span class='ocrx_word' id='word_1_149' title='bbox 2318 716 2370 762; x_wconf 91' lang='lat' dir='ltr'><strong>et</strong></span> <span class='ocrx_word' id='word_1_150' title='bbox 2402 708 2597 760; x_wconf 87' lang='lat' dir='ltr'><strong>acerbo</strong></span> <span class='ocrx_word' id='word_1_151' title='bbox 2629 706 2792 759; x_wconf 91' lang='lat' dir='ltr'><strong>animi</strong></span> <span class='ocrx_word' id='word_1_152' title='bbox 2823 707 3010 760; x_wconf 92' lang='lat' dir='ltr'><strong>dolore</strong></span> <span class='ocrx_word' id='word_1_153' title='bbox 3041 704 3342 758; x_wconf 88' lang='lat' dir='ltr'><strong>confectum</strong></span> <span class='ocrx_word' id='word_1_154' title='bbox 3366 742 3381 767; x_wconf 90' lang='lat'><strong>,</strong></span> 
     </span>
    </p>
   </div>
   <div class='ocr_carea' id='block_1_21' title="bbox 1831 794 3386 874">
    <p class='ocr_par' dir='ltr' id='par_1_21' title="bbox 1831 794 3386 874">
     <span class='ocr_line' id='line_1_21' title="bbox 1831 794 3386 874; baseline -0.004 -18"><span class='ocrx_word' id='word_1_155' title='bbox 1831 803 1997 874; x_wconf 78' lang='lat' dir='ltr'><strong>quieti</strong></span> <span class='ocrx_word' id='word_1_156' title='bbox 2029 816 2088 855; x_wconf 86' lang='lat' dir='ltr'><strong>se</strong></span> <span class='ocrx_word' id='word_1_157' title='bbox 2104 800 2339 861; x_wconf 86' lang='lat' dir='ltr'><strong>dedisse,</strong></span> <span class='ocrx_word' id='word_1_158' title='bbox 2366 813 2425 851; x_wconf 92' lang='lat' dir='ltr'><strong>ac</strong></span> <span class='ocrx_word' id='word_1_159' title='bbox 2449 798 2666 867; x_wconf 87' lang='lat' dir='ltr'><strong>quidem</strong></span> <span class='ocrx_word' id='word_1_160' title='bbox 2691 798 2977 852; x_wconf 91' lang='lat' dir='ltr'><strong>dormiisse</strong></span> <span class='ocrx_word' id='word_1_161' title='bbox 3006 799 3078 849; x_wconf 89' lang='lat' dir='ltr'><strong>ita</strong></span> <span class='ocrx_word' id='word_1_162' title='bbox 3104 797 3239 850; x_wconf 87' lang='lat' dir='ltr'><strong>male</strong></span> <span class='ocrx_word' id='word_1_163' title='bbox 3256 794 3386 850; x_wconf 74' lang='lat' dir='ltr'><strong>affe-</strong></span> 
     </span>
    </p>
   </div>
   <div class='ocr_carea' id='block_1_22' title="bbox 1832 883 3388 960">
    <p class='ocr_par' dir='ltr' id='par_1_22' title="bbox 1832 883 3388 960">
     <span class='ocr_line' id='line_1_22' title="bbox 1832 883 3388 960; baseline -0.003 -15"><span class='ocrx_word' id='word_1_164' title='bbox 1832 900 1976 946; x_wconf 90' lang='lat' dir='ltr'><strong>ctum</strong></span> <span class='ocrx_word' id='word_1_165' title='bbox 2030 891 2182 960; x_wconf 89' lang='lat' dir='ltr'><strong>(erat</strong></span> <span class='ocrx_word' id='word_1_166' title='bbox 2224 891 2364 944; x_wconf 90' lang='lat' dir='ltr'><strong>enim</strong></span> <span class='ocrx_word' id='word_1_167' title='bbox 2399 890 2703 959; x_wconf 88' lang='lat' dir='ltr'><strong>vespera);</strong></span> <span class='ocrx_word' id='word_1_168' title='bbox 2748 889 2922 943; x_wconf 88' lang='lat' dir='ltr'><strong>media</strong></span> <span class='ocrx_word' id='word_1_169' title='bbox 2957 883 3134 941; x_wconf 71' lang='lat' dir='ltr'><strong>autem</strong></span> <span class='ocrx_word' id='word_1_170' title='bbox 3169 887 3388 942; x_wconf 76' lang='lat' dir='ltr'><strong>circiter</strong></span> 
     </span>
    </p>
   </div>
   <div class='ocr_carea' id='block_1_23' title="bbox 1834 976 3390 1052">
    <p class='ocr_par' dir='ltr' id='par_1_23' title="bbox 1834 976 3390 1052">
     <span class='ocr_line' id='line_1_23' title="bbox 1834 976 3390 1052; baseline -0.005 -16"><span class='ocrx_word' id='word_1_171' title='bbox 1834 991 1989 1036; x_wconf 88' lang='lat' dir='ltr'><strong>nocte</strong></span> <span class='ocrx_word' id='word_1_172' title='bbox 2014 981 2226 1052; x_wconf 88' lang='lat' dir='ltr'><strong>(solitus</strong></span> <span class='ocrx_word' id='word_1_173' title='bbox 2255 981 2396 1033; x_wconf 90' lang='lat' dir='ltr'><strong>enim</strong></span> <span class='ocrx_word' id='word_1_174' title='bbox 2418 991 2533 1034; x_wconf 89' lang='lat' dir='ltr'><strong>erat</strong></span> <span class='ocrx_word' id='word_1_175' title='bbox 2560 980 2659 1032; x_wconf 88' lang='lat' dir='ltr'><strong>hoc</strong></span> <span class='ocrx_word' id='word_1_176' title='bbox 2687 990 2928 1048; x_wconf 87' lang='lat' dir='ltr'><strong>tempore</strong></span> <span class='ocrx_word' id='word_1_177' title='bbox 2955 994 3046 1047; x_wconf 89' lang='lat' dir='ltr'><strong>per</strong></span> <span class='ocrx_word' id='word_1_178' title='bbox 3075 994 3132 1031; x_wconf 94' lang='lat' dir='ltr'><strong>se</strong></span> <span class='ocrx_word' id='word_1_179' title='bbox 3159 977 3224 1029; x_wconf 91' lang='lat' dir='ltr'><strong>ad</strong></span> <span class='ocrx_word' id='word_1_180' title='bbox 3247 976 3390 1030; x_wconf 90' lang='lat' dir='ltr'><strong>divi-</strong></span> 
     </span>
    </p>
   </div>
   <div class='ocr_carea' id='block_1_24' title="bbox 1836 1071 3390 1145">
    <p class='ocr_par' dir='ltr' id='par_1_24' title="bbox 1836 1071 3390 1145">
     <span class='ocr_line' id='line_1_24' title="bbox 1836 1071 3390 1145; baseline -0.005 -17"><span class='ocrx_word' id='word_1_181' title='bbox 1836 1090 1933 1130; x_wconf 90' lang='lat' dir='ltr'><strong>nos</strong></span> <span class='ocrx_word' id='word_1_182' title='bbox 1957 1075 2184 1145; x_wconf 78' lang='lat' dir='ltr'><strong>hymnos</strong></span> <span class='ocrx_word' id='word_1_183' title='bbox 2220 1072 2482 1142; x_wconf 83' lang='lat' dir='ltr'><strong>vigilare)</strong></span> <span class='ocrx_word' id='word_1_184' title='bbox 2519 1072 2820 1125; x_wconf 78' lang='lat' dir='ltr'><strong>surrexisse</strong></span> <span class='ocrx_word' id='word_1_185' title='bbox 2853 1071 3103 1139; x_wconf 88' lang='lat' dir='ltr'><strong>quidem,</strong></span> <span class='ocrx_word' id='word_1_186' title='bbox 3136 1082 3257 1122; x_wconf 90' lang='lat' dir='ltr'><strong>eum</strong></span> <span class='ocrx_word' id='word_1_187' title='bbox 3289 1083 3390 1122; x_wconf 89' lang='lat' dir='ltr'><strong>nec</strong></span> 
     </span>
    </p>
   </div>
   <div class='ocr_carea' id='block_1_25' title="bbox 1834 1157 3390 1233">
    <p class='ocr_par' dir='ltr' id='par_1_25' title="bbox 1834 1157 3390 1233">
     <span class='ocr_line' id='line_1_25' title="bbox 1834 1157 3390 1233; baseline -0.008 -12"><span class='ocrx_word' id='word_1_188' title='bbox 1834 1181 2082 1221; x_wconf 89' lang='lat' dir='ltr'><strong>somnum</strong></span> <span class='ocrx_word' id='word_1_189' title='bbox 2115 1166 2290 1233; x_wconf 91' lang='lat' dir='ltr'><strong>ipsum</strong></span> <span class='ocrx_word' id='word_1_190' title='bbox 2324 1163 2416 1231; x_wconf 91' lang='lat' dir='ltr'><strong>qui</strong></span> <span class='ocrx_word' id='word_1_191' title='bbox 2448 1163 2588 1216; x_wconf 90' lang='lat' dir='ltr'><strong>altus</strong></span> <span class='ocrx_word' id='word_1_192' title='bbox 2619 1159 2846 1223; x_wconf 81' lang='lat' dir='ltr'><strong>fuisset,</strong></span> <span class='ocrx_word' id='word_1_193' title='bbox 2890 1168 2941 1213; x_wconf 91' lang='lat' dir='ltr'><strong>et</strong></span> <span class='ocrx_word' id='word_1_194' title='bbox 2980 1174 3191 1226; x_wconf 84' lang='lat' dir='ltr'><strong>semper</strong></span> <span class='ocrx_word' id='word_1_195' title='bbox 3227 1157 3390 1211; x_wconf 86' lang='lat' dir='ltr'><strong>inter-</strong></span> 
     </span>
    </p>
   </div>
   <div class='ocr_carea' id='block_1_26' title="bbox 1840 1251 3393 1326">
    <p class='ocr_par' dir='ltr' id='par_1_26' title="bbox 1840 1251 3393 1326">
     <span class='ocr_line' id='line_1_26' title="bbox 1840 1251 3393 1326; baseline -0.009 -15"><span class='ocrx_word' id='word_1_196' title='bbox 1840 1267 2068 1326; x_wconf 85' lang='lat' dir='ltr'><strong>ruptus,</strong></span> <span class='ocrx_word' id='word_1_197' title='bbox 2113 1257 2228 1310; x_wconf 90' lang='lat' dir='ltr'><strong>sine</strong></span> <span class='ocrx_word' id='word_1_198' title='bbox 2268 1253 2680 1309; x_wconf 86' lang='lat' dir='ltr'><strong>conturbatione</strong></span> <span class='ocrx_word' id='word_1_199' title='bbox 2719 1251 2988 1319; x_wconf 86' lang='lat' dir='ltr'><strong>cepisset;</strong></span> <span class='ocrx_word' id='word_1_200' title='bbox 3030 1256 3257 1301; x_wconf 84' lang='lat' dir='ltr'><strong>stantem</strong></span> <span class='ocrx_word' id='word_1_201' title='bbox 3312 1254 3393 1298; x_wconf 88' lang='lat' dir='ltr'><strong>ta-</strong></span> 
     </span>
    </p>
   </div>
   <div class='ocr_carea' id='block_1_27' title="bbox 1838 1338 3394 1412">
    <p class='ocr_par' dir='ltr' id='par_1_27' title="bbox 1838 1338 3394 1412">
     <span class='ocr_line' id='line_1_27' title="bbox 1838 1338 3394 1412; baseline -0.008 -10"><span class='ocrx_word' id='word_1_202' title='bbox 1838 1366 1957 1402; x_wconf 89' lang='lat' dir='ltr'><strong>men</strong></span> <span class='ocrx_word' id='word_1_203' title='bbox 2017 1348 2082 1401; x_wconf 93' lang='lat' dir='ltr'><strong>ad</strong></span> <span class='ocrx_word' id='word_1_204' title='bbox 2141 1347 2322 1400; x_wconf 86' lang='lat' dir='ltr'><strong>divina</strong></span> <span class='ocrx_word' id='word_1_205' title='bbox 2387 1343 2654 1412; x_wconf 89' lang='lat' dir='ltr'><strong>colloquia</strong></span> <span class='ocrx_word' id='word_1_206' title='bbox 2683 1381 2697 1405; x_wconf 92' lang='lat'><strong>,</strong></span> <span class='ocrx_word' id='word_1_207' title='bbox 2740 1341 3037 1409; x_wconf 83' lang='lat' dir='ltr'><strong>irreligiose</strong></span> <span class='ocrx_word' id='word_1_208' title='bbox 3072 1338 3308 1398; x_wconf 83' lang='lat' dir='ltr'><strong>doluisse</strong></span> <span class='ocrx_word' id='word_1_209' title='bbox 3343 1345 3394 1390; x_wconf 89' lang='lat' dir='ltr'><strong>et</strong></span> 
     </span>
    </p>
   </div>
   <div class='ocr_carea' id='block_1_28' title="bbox 1836 1428 3396 1499">
    <p class='ocr_par' dir='ltr' id='par_1_28' title="bbox 1836 1428 3396 1499">
     <span class='ocr_line' id='line_1_28' title="bbox 1836 1428 3396 1499; baseline -0.006 -9"><span class='ocrx_word' id='word_1_210' title='bbox 1836 1438 2027 1492; x_wconf 84' lang='lat' dir='ltr'><strong>acerbe</strong></span> <span class='ocrx_word' id='word_1_211' title='bbox 2052 1438 2269 1499; x_wconf 84' lang='lat' dir='ltr'><strong>tulisse,</strong></span> <span class='ocrx_word' id='word_1_212' title='bbox 2304 1437 2566 1488; x_wconf 76' lang='lat' dir='ltr'><strong>dicentem</strong></span> <span class='ocrx_word' id='word_1_213' title='bbox 2598 1449 2704 1486; x_wconf 91' lang='lat' dir='ltr'><strong>non</strong></span> <span class='ocrx_word' id='word_1_214' title='bbox 2739 1447 2860 1486; x_wconf 90' lang='lat' dir='ltr'><strong>esse</strong></span> <span class='ocrx_word' id='word_1_215' title='bbox 2887 1446 3098 1499; x_wconf 63' lang='lat' dir='ltr'><strong>requum</strong></span> <span class='ocrx_word' id='word_1_216' title='bbox 3133 1430 3274 1482; x_wconf 77' lang='lat' dir='ltr'><strong>viros</strong></span> <span class='ocrx_word' id='word_1_217' title='bbox 3297 1428 3396 1481; x_wconf 90' lang='lat' dir='ltr'><strong>im-</strong></span> 
     </span>
    </p>
   </div>
   <div class='ocr_carea' id='block_1_29' title="bbox 1834 1522 3395 1598">
    <p class='ocr_par' dir='ltr' id='par_1_29' title="bbox 1834 1522 3395 1598">
     <span class='ocr_line' id='line_1_29' title="bbox 1834 1522 3395 1598; baseline -0.006 -18"><span class='ocrx_word' id='word_1_218' title='bbox 1834 1530 1951 1598; x_wconf 86' lang='lat' dir='ltr'><strong>pios</strong></span> <span class='ocrx_word' id='word_1_219' title='bbox 1990 1529 2206 1589; x_wconf 81' lang='lat' dir='ltr'><strong>vivere,</strong></span> <span class='ocrx_word' id='word_1_220' title='bbox 2246 1534 2300 1580; x_wconf 85' lang='lat' dir='ltr'><strong>et</strong></span> <span class='ocrx_word' id='word_1_221' title='bbox 2338 1526 2430 1594; x_wconf 85' lang='lat' dir='ltr'><strong>qui</strong></span> <span class='ocrx_word' id='word_1_222' title='bbox 2479 1525 2596 1578; x_wconf 84' lang='lat' dir='ltr'><strong>vias</strong></span> <span class='ocrx_word' id='word_1_223' title='bbox 2652 1522 2862 1576; x_wconf 88' lang='lat' dir='ltr'><strong>Domini</strong></span> <span class='ocrx_word' id='word_1_224' title='bbox 2905 1531 3080 1575; x_wconf 86' lang='lat' dir='ltr'><strong>rectas</strong></span> <span class='ocrx_word' id='word_1_225' title='bbox 3123 1525 3395 1588; x_wconf 76' lang='lat' dir='ltr'><strong>perverte-</strong></span> 
     </span>
    </p>
   </div>
   <div class='ocr_carea' id='block_1_30' title="bbox 1836 1610 3397 1684">
    <p class='ocr_par' dir='ltr' id='par_1_30' title="bbox 1836 1610 3397 1684">
     <span class='ocr_line' id='line_1_30' title="bbox 1836 1610 3397 1684; baseline -0.009 -11"><span class='ocrx_word' id='word_1_226' title='bbox 1836 1627 1990 1683; x_wconf 85' lang='lat' dir='ltr'><strong>rcnt;</strong></span> <span class='ocrx_word' id='word_1_227' title='bbox 2029 1618 2140 1671; x_wconf 69' lang='lat' dir='ltr'><strong>haec</strong></span> <span class='ocrx_word' id='word_1_228' title='bbox 2170 1617 2457 1677; x_wconf 86' lang='lat' dir='ltr'><strong>dicentem,</strong></span> <span class='ocrx_word' id='word_1_229' title='bbox 2492 1621 2766 1684; x_wconf 89' lang='lat' dir='ltr'><strong>precatum</strong></span> <span class='ocrx_word' id='word_1_230' title='bbox 2802 1627 2925 1666; x_wconf 88' lang='lat' dir='ltr'><strong>esse</strong></span> <span class='ocrx_word' id='word_1_231' title='bbox 2970 1627 3000 1664; x_wconf 90' lang='lat' dir='ltr'><strong>a</strong></span> <span class='ocrx_word' id='word_1_232' title='bbox 3033 1610 3161 1673; x_wconf 90' lang='lat' dir='ltr'><strong>Deo,</strong></span> <span class='ocrx_word' id='word_1_233' title='bbox 3199 1618 3253 1662; x_wconf 92' lang='lat' dir='ltr'><strong>ut</strong></span> <span class='ocrx_word' id='word_1_234' title='bbox 3285 1624 3397 1660; x_wconf 82' lang='lat' dir='ltr'><strong>am-</strong></span> 
     </span>
    </p>
   </div>
   <div class='ocr_carea' id='block_1_31' title="bbox 1836 1700 3396 1770">
    <p class='ocr_par' dir='ltr' id='par_1_31' title="bbox 1836 1700 3396 1770">
     <span class='ocr_line' id='line_1_31' title="bbox 1836 1700 3396 1770; baseline -0.008 -7"><span class='ocrx_word' id='word_1_235' title='bbox 1836 1710 2026 1763; x_wconf 87' lang='lat' dir='ltr'><strong>borum</strong></span> <span class='ocrx_word' id='word_1_236' title='bbox 2061 1709 2221 1761; x_wconf 89' lang='lat' dir='ltr'><strong>vitam</strong></span> <span class='ocrx_word' id='word_1_237' title='bbox 2255 1706 2371 1761; x_wconf 88' lang='lat' dir='ltr'><strong>sine</strong></span> <span class='ocrx_word' id='word_1_238' title='bbox 2390 1704 2757 1759; x_wconf 87' lang='lat' dir='ltr'><strong>misericordia</strong></span> <span class='ocrx_word' id='word_1_239' title='bbox 2781 1703 2994 1757; x_wconf 83' lang='lat' dir='ltr'><strong>turbine</strong></span> <span class='ocrx_word' id='word_1_240' title='bbox 3030 1701 3207 1770; x_wconf 83' lang='lat' dir='ltr'><strong>aliquo</strong></span> <span class='ocrx_word' id='word_1_241' title='bbox 3242 1700 3396 1768; x_wconf 88' lang='lat' dir='ltr'><strong>igneo</strong></span> 
     </span>
    </p>
   </div>
   <div class='ocr_carea' id='block_1_32' title="bbox 1838 1789 3398 1866">
    <p class='ocr_par' dir='ltr' id='par_1_32' title="bbox 1838 1789 3398 1866">
     <span class='ocr_line' id='line_1_32' title="bbox 1838 1789 3398 1866; baseline -0.008 -14"><span class='ocrx_word' id='word_1_242' title='bbox 1838 1800 2196 1866; x_wconf 83' lang='lat' dir='ltr'><strong>abrumperet.</strong></span> <span class='ocrx_word' id='word_1_243' title='bbox 2248 1797 2378 1862; x_wconf 65' lang='lat' dir='ltr'><strong>Quae</strong></span> <span class='ocrx_word' id='word_1_244' title='bbox 2441 1810 2564 1850; x_wconf 89' lang='lat' dir='ltr'><strong>cum</strong></span> <span class='ocrx_word' id='word_1_245' title='bbox 2627 1795 2888 1856; x_wconf 81' lang='lat' dir='ltr'><strong>dixisset,</strong></span> <span class='ocrx_word' id='word_1_246' title='bbox 2945 1789 3398 1847; x_wconf 84' lang='lat' dir='ltr'><strong>commemorabat</strong></span> 
     </span>
    </p>
   </div>
   <div class='ocr_carea' id='block_1_33' title="bbox 183 1877 1758 1954">
    <p class='ocr_par' dir='ltr' id='par_1_33' title="bbox 183 1879 1739 1952">
     <span class='ocr_line' id='line_1_33' title="bbox 183 1879 1739 1952; baseline -0.002 -19"><span class='ocrx_word' id='word_1_247' title='bbox 183 1881 388 1951; x_wconf 77' lang='grc' dir='ltr'>ταύτην</span> <span class='ocrx_word' id='word_1_248' title='bbox 431 1882 634 1952; x_wconf 82' lang='grc' dir='ltr'>(ἐδόκει</span> <span class='ocrx_word' id='word_1_249' title='bbox 663 1880 770 1950; x_wconf 85' lang='grc' dir='ltr'>γὰρ</span> <span class='ocrx_word' id='word_1_250' title='bbox 819 1880 1001 1934; x_wconf 84' lang='grc' dir='ltr'>λοιπὸν</span> <span class='ocrx_word' id='word_1_251' title='bbox 1046 1880 1304 1951; x_wconf 76' lang='grc' dir='ltr'>ὕπαιθρος</span> <span class='ocrx_word' id='word_1_252' title='bbox 1353 1883 1380 1933; x_wconf 84' lang='grc' dir='ltr'>ὁ</span> <span class='ocrx_word' id='word_1_253' title='bbox 1413 1879 1631 1948; x_wconf 80' lang='grc' dir='ltr'>τόπος),</span> <span class='ocrx_word' id='word_1_254' title='bbox 1677 1881 1739 1930; x_wconf 83' lang='grc' dir='ltr'><strong>ἐκ</strong></span> 
     </span>
    </p>
   </div>
   <div class='ocr_carea' id='block_1_34' title="bbox 1804 1877 3398 1954">
    <p class='ocr_par' dir='ltr' id='par_1_34' title="bbox 1804 1880 3398 1954">
     <span class='ocr_line' id='line_1_34' title="bbox 1804 1880 3398 1954; baseline -0.007 -9"><span class='ocrx_word' id='word_1_255' title='bbox 1804 1880 1897 1945; x_wconf 51' lang='lat' dir='ltr'><strong>ise</strong></span> <span class='ocrx_word' id='word_1_256' title='bbox 1927 1890 2104 1944; x_wconf 88' lang='lat' dir='ltr'><strong>visum</strong></span> <span class='ocrx_word' id='word_1_257' title='bbox 2135 1903 2254 1943; x_wconf 90' lang='lat' dir='ltr'><strong>esse</strong></span> <span class='ocrx_word' id='word_1_258' title='bbox 2284 1888 2468 1942; x_wconf 88' lang='lat' dir='ltr'><strong>videre</strong></span> <span class='ocrx_word' id='word_1_259' title='bbox 2498 1893 2720 1954; x_wconf 84' lang='lat' dir='ltr'><strong>repente</strong></span> <span class='ocrx_word' id='word_1_260' title='bbox 2755 1884 2975 1938; x_wconf 90' lang='lat' dir='ltr'><strong>domum</strong></span> <span class='ocrx_word' id='word_1_261' title='bbox 3009 1883 3062 1936; x_wconf 91' lang='lat' dir='ltr'><strong>in</strong></span> <span class='ocrx_word' id='word_1_262' title='bbox 3094 1898 3197 1951; x_wconf 87' lang='lat' dir='ltr'><strong>qua</strong></span> <span class='ocrx_word' id='word_1_263' title='bbox 3229 1890 3398 1936; x_wconf 89' lang='lat' dir='ltr'><strong>staret</strong></span> 
     </span>
    </p>
   </div>
   <div class='ocr_carea' id='block_1_35' title="bbox 178 1969 1733 2042">
    <p class='ocr_par' dir='ltr' id='par_1_35' title="bbox 178 1969 1733 2042">
     <span class='ocr_line' id='line_1_35' title="bbox 178 1969 1733 2042; baseline -0.003 -19"><span class='ocrx_word' id='word_1_264' title='bbox 178 1971 276 2024; x_wconf 82' lang='grc' dir='ltr'><strong>τοῦ</strong></span> <span class='ocrx_word' id='word_1_265' title='bbox 328 1971 571 2040; x_wconf 78' lang='grc' dir='ltr'>οὐρανίου</span> <span class='ocrx_word' id='word_1_266' title='bbox 615 1970 789 2042; x_wconf 80' lang='grc' dir='ltr'>χώρου</span> <span class='ocrx_word' id='word_1_267' title='bbox 825 1970 1011 2041; x_wconf 84' lang='grc' dir='ltr'>μέχρις</span> <span class='ocrx_word' id='word_1_268' title='bbox 1039 1969 1202 2022; x_wconf 79' lang='grc' dir='ltr'>αὺτοῦ</span> <span class='ocrx_word' id='word_1_269' title='bbox 1247 1969 1690 2037; x_wconf 75' lang='grc' dir='ltr'>καταφερομένην</span> <span class='ocrx_word' id='word_1_270' title='bbox 1720 1982 1733 1996; x_wconf 89' lang='grc'><strong>·</strong></span> 
     </span>
    </p>
   </div>
   <div class='ocr_carea' id='block_1_36' title="bbox 177 2056 1736 2132">
    <p class='ocr_par' dir='ltr' id='par_1_36' title="bbox 177 2056 1736 2132">
     <span class='ocr_line' id='line_1_36' title="bbox 177 2056 1736 2132; baseline -0.005 -18"><span class='ocrx_word' id='word_1_271' title='bbox 177 2061 274 2114; x_wconf 80' lang='grc' dir='ltr'><strong>τὸν</strong></span> <span class='ocrx_word' id='word_1_272' title='bbox 319 2062 374 2115; x_wconf 78' lang='grc' dir='ltr'><strong>δὲ</strong></span> <span class='ocrx_word' id='word_1_273' title='bbox 419 2063 642 2132; x_wconf 71' lang='grc' dir='ltr'>οὐρανὸν</span> <span class='ocrx_word' id='word_1_274' title='bbox 690 2063 849 2114; x_wconf 76' lang='grc' dir='ltr'>αὑτὸν</span> <span class='ocrx_word' id='word_1_275' title='bbox 891 2060 1352 2127; x_wconf 84' lang='grc' dir='ltr'>ἀναπεπταμένον,</span> <span class='ocrx_word' id='word_1_276' title='bbox 1385 2058 1474 2109; x_wconf 55' lang='grc' dir='ltr'><strong>καὶ¹</strong></span> <span class='ocrx_word' id='word_1_277' title='bbox 1518 2058 1608 2108; x_wconf 76' lang='grc' dir='ltr'><strong>ἐπὶ</strong></span> <span class='ocrx_word' id='word_1_278' title='bbox 1658 2056 1736 2125; x_wconf 83' lang='grc' dir='ltr'><strong>τῷ</strong></span> 
     </span>
    </p>
   </div>
   <div class='ocr_carea' id='block_1_37' title="bbox 180 2145 1738 2221">
    <p class='ocr_par' dir='ltr' id='par_1_37' title="bbox 180 2145 1738 2221">
     <span class='ocr_line' id='line_1_37' title="bbox 180 2145 1738 2221; baseline -0.003 -19"><span class='ocrx_word' id='word_1_279' title='bbox 180 2151 337 2221; x_wconf 85' lang='grc' dir='ltr'>νώτῳ</span> <span class='ocrx_word' id='word_1_280' title='bbox 375 2153 458 2204; x_wconf 80' lang='grc' dir='ltr'><strong>τοῦ</strong></span> <span class='ocrx_word' id='word_1_281' title='bbox 500 2152 724 2221; x_wconf 77' lang='grc' dir='ltr'>οὐρανοῦ</span> <span class='ocrx_word' id='word_1_282' title='bbox 766 2151 855 2201; x_wconf 78' lang='grc' dir='ltr'><strong>τὸν</strong></span> <span class='ocrx_word' id='word_1_283' title='bbox 900 2149 1132 2219; x_wconf 79' lang='grc' dir='ltr'><strong>Ἰησοῦν,</strong></span> <span class='ocrx_word' id='word_1_284' title='bbox 1179 2148 1417 2216; x_wconf 77' lang='grc' dir='ltr'>ἀπείρων</span> <span class='ocrx_word' id='word_1_285' title='bbox 1456 2145 1738 2215; x_wconf 84' lang='grc' dir='ltr'>ἀνθρωπο-</span> 
     </span>
    </p>
   </div>
   <div class='ocr_carea' id='block_1_38' title="bbox 180 2238 1739 2312">
    <p class='ocr_par' dir='ltr' id='par_1_38' title="bbox 180 2238 1739 2312">
     <span class='ocr_line' id='line_1_38' title="bbox 180 2238 1739 2312; baseline -0.001 -18"><span class='ocrx_word' id='word_1_286' title='bbox 180 2243 340 2294; x_wconf 79' lang='grc' dir='ltr'>ειδῶν</span> <span class='ocrx_word' id='word_1_287' title='bbox 377 2243 523 2311; x_wconf 79' lang='grc' dir='ltr'><strong>αὑτῷ</strong></span> <span class='ocrx_word' id='word_1_288' title='bbox 563 2242 976 2312; x_wconf 75' lang='grc' dir='ltr'>παρεστηκότων</span> <span class='ocrx_word' id='word_1_289' title='bbox 1020 2241 1280 2308; x_wconf 82' lang='grc' dir='ltr'>ἀγγέλων.</span> <span class='ocrx_word' id='word_1_290' title='bbox 1307 2239 1413 2292; x_wconf 71' lang='grc' dir='ltr'><strong>Καὶ</strong></span> <span class='ocrx_word' id='word_1_291' title='bbox 1439 2238 1608 2290; x_wconf 84' lang='grc' dir='ltr'>ταῦτα</span> <span class='ocrx_word' id='word_1_292' title='bbox 1644 2239 1739 2307; x_wconf 75' lang='grc' dir='ltr'>μὲν</span> 
     </span>
    </p>
   </div>
   <div class='ocr_carea' id='block_1_39' title="bbox 180 2327 1740 2401">
    <p class='ocr_par' dir='ltr' id='par_1_39' title="bbox 180 2327 1740 2401">
     <span class='ocr_line' id='line_1_39' title="bbox 180 2327 1740 2401; baseline -0.003 -17"><span class='ocrx_word' id='word_1_293' title='bbox 180 2332 388 2384; x_wconf 77' lang='grc' dir='ltr'>ἄνωθεν</span> <span class='ocrx_word' id='word_1_294' title='bbox 439 2332 699 2401; x_wconf 75' lang='grc' dir='ltr'>ὁρᾶσθαι,</span> <span class='ocrx_word' id='word_1_295' title='bbox 760 2331 851 2384; x_wconf 77' lang='grc' dir='ltr'><strong>καὶ</strong></span> <span class='ocrx_word' id='word_1_296' title='bbox 906 2329 1063 2383; x_wconf 77' lang='grc' dir='ltr'>αὑτὸν</span> <span class='ocrx_word' id='word_1_297' title='bbox 1107 2327 1438 2398; x_wconf 79' lang='grc' dir='ltr'>θαυμάζειν·</span> <span class='ocrx_word' id='word_1_298' title='bbox 1485 2328 1632 2380; x_wconf 79' lang='grc' dir='ltr'>κάτω</span> <span class='ocrx_word' id='word_1_299' title='bbox 1684 2327 1740 2380; x_wconf 80' lang='grc' dir='ltr'>δὲ</span> 
     </span>
    </p>
   </div>
   <div class='ocr_carea' id='block_1_40' title="bbox 182 2417 1741 2492">
    <p class='ocr_par' dir='ltr' id='par_1_40' title="bbox 182 2417 1741 2492">
     <span class='ocr_line' id='line_1_40' title="bbox 182 2417 1741 2492; baseline -0.004 -19"><span class='ocrx_word' id='word_1_300' title='bbox 182 2421 360 2489; x_wconf 76' lang='grc' dir='ltr'>κύψας</span> <span class='ocrx_word' id='word_1_301' title='bbox 389 2425 416 2475; x_wconf 85' lang='grc' dir='ltr'>ὁ</span> <span class='ocrx_word' id='word_1_302' title='bbox 444 2423 665 2491; x_wconf 81' lang='grc' dir='ltr'>Κάρπος</span> <span class='ocrx_word' id='word_1_303' title='bbox 688 2462 701 2482; x_wconf 91' lang='grc'><strong>,</strong></span> <span class='ocrx_word' id='word_1_304' title='bbox 750 2422 874 2474; x_wconf 75' lang='grc' dir='ltr'>ἰδεῖν</span> <span class='ocrx_word' id='word_1_305' title='bbox 903 2421 1002 2492; x_wconf 78' lang='grc' dir='ltr'>ἔφη</span> <span class='ocrx_word' id='word_1_306' title='bbox 1035 2421 1126 2472; x_wconf 72' lang='grc' dir='ltr'><strong>καὶ</strong></span> <span class='ocrx_word' id='word_1_307' title='bbox 1153 2418 1410 2485; x_wconf 79' lang='grc' dir='ltr'>τοῠδαφος</span> <span class='ocrx_word' id='word_1_308' title='bbox 1433 2419 1565 2469; x_wconf 78' lang='grc' dir='ltr'><strong>αὐτὸ</strong></span> <span class='ocrx_word' id='word_1_309' title='bbox 1607 2417 1741 2485; x_wconf 73' lang='grc' dir='ltr'>πρὸς</span> 
     </span>
    </p>
   </div>
   <div class='ocr_carea' id='block_1_41' title="bbox 180 2506 1741 2584">
    <p class='ocr_par' dir='ltr' id='par_1_41' title="bbox 180 2506 1741 2584">
     <span class='ocr_line' id='line_1_41' title="bbox 180 2506 1741 2584; baseline -0.006 -18"><span class='ocrx_word' id='word_1_310' title='bbox 180 2514 379 2583; x_wconf 84' lang='grc' dir='ltr'>ἀχανές</span> <span class='ocrx_word' id='word_1_311' title='bbox 424 2532 476 2566; x_wconf 91' lang='grc' dir='ltr'><strong>τι</strong></span> <span class='ocrx_word' id='word_1_312' title='bbox 521 2514 704 2584; x_wconf 80' lang='grc' dir='ltr'>χάσμα</span> <span class='ocrx_word' id='word_1_313' title='bbox 745 2513 837 2566; x_wconf 73' lang='grc' dir='ltr'><strong>καὶ</strong></span> <span class='ocrx_word' id='word_1_314' title='bbox 881 2511 1152 2565; x_wconf 72' lang='grc' dir='ltr'>σκοτεινὸν</span> <span class='ocrx_word' id='word_1_315' title='bbox 1196 2509 1612 2577; x_wconf 70' lang='grc' dir='ltr'>διεῤῥηγμένοψ</span> <span class='ocrx_word' id='word_1_316' title='bbox 1649 2506 1741 2559; x_wconf 79' lang='grc' dir='ltr'><strong>καὶ</strong></span> 
     </span>
    </p>
   </div>
   <div class='ocr_carea' id='block_1_42' title="bbox 178 2597 1738 2678">
    <p class='ocr_par' dir='ltr' id='par_1_42' title="bbox 178 2597 1738 2678">
     <span class='ocr_line' id='line_1_42' title="bbox 178 2597 1738 2678; baseline -0.006 -18"><span class='ocrx_word' id='word_1_317' title='bbox 178 2608 310 2669; x_wconf 79' lang='grc' dir='ltr'>τοὺς</span> <span class='ocrx_word' id='word_1_318' title='bbox 344 2607 438 2676; x_wconf 76' lang='grc' dir='ltr'>μὲν</span> <span class='ocrx_word' id='word_1_319' title='bbox 470 2607 664 2678; x_wconf 79' lang='grc' dir='ltr'>ἄνδρας</span> <span class='ocrx_word' id='word_1_320' title='bbox 693 2608 930 2669; x_wconf 80' lang='grc' dir='ltr'>ἐκείνους</span> <span class='ocrx_word' id='word_1_321' title='bbox 954 2647 966 2668; x_wconf 92' lang='grc'><strong>,</strong></span> <span class='ocrx_word' id='word_1_322' title='bbox 998 2601 1076 2666; x_wconf 76' lang='grc' dir='ltr'>οἷς</span> <span class='ocrx_word' id='word_1_323' title='bbox 1115 2604 1386 2674; x_wconf 77' lang='grc' dir='ltr'>ἐπηρᾶτο,</span> <span class='ocrx_word' id='word_1_324' title='bbox 1433 2600 1536 2671; x_wconf 69' lang='grc' dir='ltr'>πρὸ</span> <span class='ocrx_word' id='word_1_325' title='bbox 1579 2597 1738 2652; x_wconf 79' lang='grc' dir='ltr'>αὑτοῦ</span> 
     </span>
    </p>
   </div>
   <div class='ocr_carea' id='block_1_43' title="bbox 181 2687 1740 2765">
    <p class='ocr_par' dir='ltr' id='par_1_43' title="bbox 181 2687 1740 2765">
     <span class='ocr_line' id='line_1_43' title="bbox 181 2687 1740 2765; baseline -0.006 -17"><span class='ocrx_word' id='word_1_326' title='bbox 181 2696 324 2749; x_wconf 87' lang='grc' dir='ltr'><strong>κατά</strong></span> <span class='ocrx_word' id='word_1_327' title='bbox 356 2695 415 2748; x_wconf 71' lang='grc' dir='ltr'>τὸ</span> <span class='ocrx_word' id='word_1_328' title='bbox 447 2697 660 2765; x_wconf 82' lang='grc' dir='ltr'>στόμιον</span> <span class='ocrx_word' id='word_1_329' title='bbox 691 2697 971 2765; x_wconf 85' lang='grc' dir='ltr'>ἐστηκέναι</span> <span class='ocrx_word' id='word_1_330' title='bbox 1009 2693 1102 2746; x_wconf 82' lang='grc' dir='ltr'><strong>τοῦ</strong></span> <span class='ocrx_word' id='word_1_331' title='bbox 1153 2694 1460 2763; x_wconf 79' lang='grc' dir='ltr'>χάσματος,</span> <span class='ocrx_word' id='word_1_332' title='bbox 1510 2687 1740 2759; x_wconf 82' lang='grc' dir='ltr'>ὑποτρό-</span> 
     </span>
    </p>
   </div>
   <div class='ocr_carea' id='block_1_44' title="bbox 184 2779 1740 2855">
    <p class='ocr_par' dir='ltr' id='par_1_44' title="bbox 184 2779 1740 2855">
     <span class='ocr_line' id='line_1_44' title="bbox 184 2779 1740 2855; baseline -0.003 -19"><span class='ocrx_word' id='word_1_333' title='bbox 184 2802 354 2855; x_wconf 87' lang='grc' dir='ltr'>μους,</span> <span class='ocrx_word' id='word_1_334' title='bbox 397 2785 694 2848; x_wconf 81' lang='grc' dir='ltr'>ἐλεεινοὺς,</span> <span class='ocrx_word' id='word_1_335' title='bbox 744 2786 865 2836; x_wconf 85' lang='grc' dir='ltr'>ὅσον</span> <span class='ocrx_word' id='word_1_336' title='bbox 913 2784 1062 2836; x_wconf 72' lang='grc' dir='ltr'>οὒπω</span> <span class='ocrx_word' id='word_1_337' title='bbox 1111 2783 1585 2854; x_wconf 81' lang='grc' dir='ltr'>καταφερομένους</span> <span class='ocrx_word' id='word_1_338' title='bbox 1638 2779 1740 2834; x_wconf 73' lang='grc' dir='ltr'>ὑπὸ</span> 
     </span>
    </p>
   </div>
   <div class='ocr_carea' id='block_1_45' title="bbox 179 2870 1741 2944">
    <p class='ocr_par' dir='ltr' id='par_1_45' title="bbox 179 2870 1741 2944">
     <span class='ocr_line' id='line_1_45' title="bbox 179 2870 1741 2944; baseline -0.003 -16"><span class='ocrx_word' id='word_1_339' title='bbox 179 2876 285 2944; x_wconf 78' lang='grc' dir='ltr'>τῆς</span> <span class='ocrx_word' id='word_1_340' title='bbox 313 2875 419 2928; x_wconf 84' lang='grc' dir='ltr'>τῶν</span> <span class='ocrx_word' id='word_1_341' title='bbox 448 2875 661 2928; x_wconf 79' lang='grc' dir='ltr'>οἰκείων</span> <span class='ocrx_word' id='word_1_342' title='bbox 695 2873 867 2926; x_wconf 78' lang='grc' dir='ltr'>ποδῶν</span> <span class='ocrx_word' id='word_1_343' title='bbox 895 2874 1159 2937; x_wconf 84' lang='grc' dir='ltr'>ἀστασίας</span> <span class='ocrx_word' id='word_1_344' title='bbox 1200 2892 1212 2903; x_wconf 89' lang='grc'>·</span> <span class='ocrx_word' id='word_1_345' title='bbox 1261 2873 1501 2927; x_wconf 80' lang='grc' dir='ltr'>κάτωθεν</span> <span class='ocrx_word' id='word_1_346' title='bbox 1547 2870 1741 2924; x_wconf 73' lang='grc' dir='ltr'>δὲιάπδ</span> 
     </span>
    </p>
   </div>
   <div class='ocr_carea' id='block_1_46' title="bbox 180 2963 1758 3048">
    <p class='ocr_par' dir='ltr' id='par_1_46' title="bbox 180 2963 1758 3048">
     <span class='ocr_line' id='line_1_46' title="bbox 180 2963 1758 3048; baseline -0.002 -29"><span class='ocrx_word' id='word_1_347' title='bbox 180 2966 276 3019; x_wconf 89' lang='grc' dir='ltr'><strong>τοῦ</strong></span> <span class='ocrx_word' id='word_1_348' title='bbox 318 2967 588 3035; x_wconf 82' lang='grc' dir='ltr'>χάσματος</span> <span class='ocrx_word' id='word_1_349' title='bbox 637 2965 784 3032; x_wconf 77' lang='grc' dir='ltr'>ὄφεις</span> <span class='ocrx_word' id='word_1_350' title='bbox 823 2965 1094 3035; x_wconf 86' lang='grc' dir='ltr'>ἀνέρπειν,</span> <span class='ocrx_word' id='word_1_351' title='bbox 1137 2965 1226 3017; x_wconf 74' lang='grc' dir='ltr'><strong>καὶ</strong></span> <span class='ocrx_word' id='word_1_352' title='bbox 1255 2964 1379 3032; x_wconf 74' lang='grc' dir='ltr'>περὶ</span> <span class='ocrx_word' id='word_1_353' title='bbox 1424 2963 1549 3026; x_wconf 74' lang='grc' dir='ltr'>τοὺς</span> <span class='ocrx_word' id='word_1_354' title='bbox 1579 2964 1758 3048; x_wconf 47' lang='grc' dir='ltr'>πόδας.</span> 
     </span>
    </p>
   </div>
   <div class='ocr_carea' id='block_1_47' title="bbox 183 3052 1741 3124">
    <p class='ocr_par' dir='ltr' id='par_1_47' title="bbox 183 3052 1741 3124">
     <span class='ocr_line' id='line_1_47' title="bbox 183 3052 1741 3124; baseline -0.003 -16"><span class='ocrx_word' id='word_1_355' title='bbox 183 3055 361 3108; x_wconf 79' lang='grc' dir='ltr'>αὐτῶν</span> <span class='ocrx_word' id='word_1_356' title='bbox 405 3055 849 3124; x_wconf 84' lang='grc' dir='ltr'>ὑποκινουμένους</span> <span class='ocrx_word' id='word_1_357' title='bbox 873 3096 885 3120; x_wconf 95' lang='grc'><strong>,</strong></span> <span class='ocrx_word' id='word_1_358' title='bbox 918 3055 1046 3107; x_wconf 77' lang='grc' dir='ltr'>ποτὲ</span> <span class='ocrx_word' id='word_1_359' title='bbox 1078 3055 1170 3122; x_wconf 83' lang='grc' dir='ltr'><strong>μὲν</strong></span> <span class='ocrx_word' id='word_1_360' title='bbox 1214 3052 1537 3122; x_wconf 79' lang='grc' dir='ltr'>ἀποσύρειν,</span> <span class='ocrx_word' id='word_1_361' title='bbox 1574 3055 1741 3105; x_wconf 84' lang='grc' dir='ltr'>ἐπαν-</span> 
     </span>
    </p>
   </div>
   <div class='ocr_carea' id='block_1_48' title="bbox 183 3144 1737 3217">
    <p class='ocr_par' dir='ltr' id='par_1_48' title="bbox 183 3144 1737 3217">
     <span class='ocr_line' id='line_1_48' title="bbox 183 3144 1737 3217; baseline -0.003 -19"><span class='ocrx_word' id='word_1_362' title='bbox 183 3147 526 3214; x_wconf 79' lang='grc' dir='ltr'>ειλουμένους</span> <span class='ocrx_word' id='word_1_363' title='bbox 576 3147 689 3217; x_wconf 77' lang='grc' dir='ltr'>ἃμα</span> <span class='ocrx_word' id='word_1_364' title='bbox 747 3147 838 3200; x_wconf 77' lang='grc' dir='ltr'>καὶ</span> <span class='ocrx_word' id='word_1_365' title='bbox 896 3145 1322 3215; x_wconf 74' lang='grc' dir='ltr'>ἐπιϐαροῦντας,</span> <span class='ocrx_word' id='word_1_366' title='bbox 1374 3145 1464 3197; x_wconf 70' lang='grc' dir='ltr'><strong>καὶ</strong></span> <span class='ocrx_word' id='word_1_367' title='bbox 1511 3144 1737 3197; x_wconf 86' lang='grc' dir='ltr'>ἐπανέλ-</span> 
     </span>
    </p>
   </div>
   <div class='ocr_carea' id='block_1_49' title="bbox 1836 1974 3397 2048">
    <p class='ocr_par' dir='ltr' id='par_1_49' title="bbox 1836 1974 3397 2048">
     <span class='ocr_line' id='line_1_49' title="bbox 1836 1974 3397 2048; baseline -0.005 -16"><span class='ocrx_word' id='word_1_368' title='bbox 1836 1980 2028 2048; x_wconf 83' lang='lat' dir='ltr'><strong>agitari</strong></span> <span class='ocrx_word' id='word_1_369' title='bbox 2059 1980 2331 2047; x_wconf 88' lang='lat' dir='ltr'><strong>primum,</strong></span> <span class='ocrx_word' id='word_1_370' title='bbox 2365 1979 2561 2032; x_wconf 91' lang='lat' dir='ltr'><strong>deinde</strong></span> <span class='ocrx_word' id='word_1_371' title='bbox 2610 1992 2638 2029; x_wconf 89' lang='lat' dir='ltr'><strong>a</strong></span> <span class='ocrx_word' id='word_1_372' title='bbox 2684 1979 2883 2030; x_wconf 88' lang='lat' dir='ltr'><strong>vertice</strong></span> <span class='ocrx_word' id='word_1_373' title='bbox 2932 1975 2987 2027; x_wconf 91' lang='lat' dir='ltr'><strong>in</strong></span> <span class='ocrx_word' id='word_1_374' title='bbox 3037 1974 3173 2027; x_wconf 86' lang='lat' dir='ltr'><strong>duas</strong></span> <span class='ocrx_word' id='word_1_375' title='bbox 3219 1979 3397 2042; x_wconf 87' lang='lat' dir='ltr'><strong>partes</strong></span> 
     </span>
    </p>
   </div>
   <div class='ocr_carea' id='block_1_50' title="bbox 1834 2065 3400 2136">
    <p class='ocr_par' dir='ltr' id='par_1_50' title="bbox 1834 2065 3400 2136">
     <span class='ocr_line' id='line_1_50' title="bbox 1834 2065 3400 2136; baseline -0.003 -16"><span class='ocrx_word' id='word_1_376' title='bbox 1834 2067 2088 2122; x_wconf 88' lang='lat' dir='ltr'><strong>dimidias</strong></span> <span class='ocrx_word' id='word_1_377' title='bbox 2117 2067 2310 2129; x_wconf 85' lang='lat' dir='ltr'><strong>dividi,</strong></span> <span class='ocrx_word' id='word_1_378' title='bbox 2344 2074 2395 2120; x_wconf 92' lang='lat' dir='ltr'><strong>et</strong></span> <span class='ocrx_word' id='word_1_379' title='bbox 2429 2076 2551 2121; x_wconf 88' lang='lat' dir='ltr'><strong>ante</strong></span> <span class='ocrx_word' id='word_1_380' title='bbox 2595 2082 2652 2121; x_wconf 91' lang='lat' dir='ltr'><strong>se</strong></span> <span class='ocrx_word' id='word_1_381' title='bbox 2684 2082 2872 2136; x_wconf 83' lang='lat' dir='ltr'><strong>rogum</strong></span> <span class='ocrx_word' id='word_1_382' title='bbox 2903 2065 3187 2136; x_wconf 88' lang='lat' dir='ltr'><strong>quemdam</strong></span> <span class='ocrx_word' id='word_1_383' title='bbox 3221 2065 3400 2132; x_wconf 91' lang='lat' dir='ltr'><strong>magni</strong></span> 
     </span>
    </p>
   </div>
   <div class='ocr_carea' id='block_1_51' title="bbox 1836 2153 3395 2226">
    <p class='ocr_par' dir='ltr' id='par_1_51' title="bbox 1836 2153 3395 2226">
     <span class='ocr_line' id='line_1_51' title="bbox 1836 2153 3395 2226; baseline -0.005 -15"><span class='ocrx_word' id='word_1_384' title='bbox 1836 2158 2058 2211; x_wconf 87' lang='lat' dir='ltr'><strong>luminis</strong></span> <span class='ocrx_word' id='word_1_385' title='bbox 2079 2199 2092 2223; x_wconf 86' lang='lat'><strong>,</strong></span> <span class='ocrx_word' id='word_1_386' title='bbox 2125 2172 2355 2226; x_wconf 84' lang='lat' dir='ltr'><strong>eumque</strong></span> <span class='ocrx_word' id='word_1_387' title='bbox 2386 2159 2404 2226; x_wconf 90' lang='lat'>(</span> <span class='ocrx_word' id='word_1_388' title='bbox 2431 2158 2531 2211; x_wconf 90' lang='lat' dir='ltr'><strong>sub</strong></span> <span class='ocrx_word' id='word_1_389' title='bbox 2571 2157 2659 2210; x_wconf 89' lang='lat' dir='ltr'><strong>dio</strong></span> <span class='ocrx_word' id='word_1_390' title='bbox 2688 2157 2831 2210; x_wconf 92' lang='lat' dir='ltr'><strong>enim</strong></span> <span class='ocrx_word' id='word_1_391' title='bbox 2863 2157 3015 2210; x_wconf 86' lang='lat' dir='ltr'><strong>locus</strong></span> <span class='ocrx_word' id='word_1_392' title='bbox 3047 2157 3136 2208; x_wconf 90' lang='lat' dir='ltr'><strong>ille</strong></span> <span class='ocrx_word' id='word_1_393' title='bbox 3166 2169 3288 2208; x_wconf 85' lang='lat' dir='ltr'><strong>esse</strong></span> <span class='ocrx_word' id='word_1_394' title='bbox 3320 2153 3395 2204; x_wconf 79' lang='lat' dir='ltr'><strong>vi-</strong></span> 
     </span>
    </p>
   </div>
   <div class='ocr_carea' id='block_1_52' title="bbox 1836 2243 3396 2316">
    <p class='ocr_par' dir='ltr' id='par_1_52' title="bbox 1836 2243 3396 2316">
     <span class='ocr_line' id='line_1_52' title="bbox 1836 2243 3396 2316; baseline -0.004 -17"><span class='ocrx_word' id='word_1_395' title='bbox 1836 2245 2104 2316; x_wconf 86' lang='lat' dir='ltr'><strong>debatur)</strong></span> <span class='ocrx_word' id='word_1_396' title='bbox 2138 2263 2165 2301; x_wconf 89' lang='lat' dir='ltr'><strong>e</strong></span> <span class='ocrx_word' id='word_1_397' title='bbox 2193 2246 2330 2299; x_wconf 76' lang='lat' dir='ltr'><strong>coelo</strong></span> <span class='ocrx_word' id='word_1_398' title='bbox 2361 2262 2532 2314; x_wconf 90' lang='lat' dir='ltr'><strong>usque</strong></span> <span class='ocrx_word' id='word_1_399' title='bbox 2563 2246 2629 2299; x_wconf 92' lang='lat' dir='ltr'><strong>ad</strong></span> <span class='ocrx_word' id='word_1_400' title='bbox 2660 2246 2898 2315; x_wconf 89' lang='lat' dir='ltr'><strong>seipsum</strong></span> <span class='ocrx_word' id='word_1_401' title='bbox 2931 2244 3128 2299; x_wconf 82' lang='lat' dir='ltr'><strong>deferri</strong></span> <span class='ocrx_word' id='word_1_402' title='bbox 3157 2263 3170 2298; x_wconf 88' lang='lat'><strong>;</strong></span> <span class='ocrx_word' id='word_1_403' title='bbox 3198 2243 3396 2295; x_wconf 72' lang='lat' dir='ltr'><strong>coelum</strong></span> 
     </span>
    </p>
   </div>
   <div class='ocr_carea' id='block_1_53' title="bbox 1835 2327 3399 2402">
    <p class='ocr_par' dir='ltr' id='par_1_53' title="bbox 1835 2327 3399 2402">
     <span class='ocr_line' id='line_1_53' title="bbox 1835 2327 3399 2402; baseline -0.004 -13"><span class='ocrx_word' id='word_1_404' title='bbox 1835 2349 1965 2389; x_wconf 78' lang='lat' dir='ltr'><strong>vero</strong></span> <span class='ocrx_word' id='word_1_405' title='bbox 2006 2342 2290 2402; x_wconf 86' lang='lat' dir='ltr'><strong>apertum,</strong></span> <span class='ocrx_word' id='word_1_406' title='bbox 2334 2341 2386 2388; x_wconf 91' lang='lat' dir='ltr'><strong>et</strong></span> <span class='ocrx_word' id='word_1_407' title='bbox 2433 2335 2485 2386; x_wconf 94' lang='lat' dir='ltr'><strong>in</strong></span> <span class='ocrx_word' id='word_1_408' title='bbox 2534 2348 2772 2388; x_wconf 79' lang='lat' dir='ltr'><strong>convexa</strong></span> <span class='ocrx_word' id='word_1_409' title='bbox 2815 2333 2937 2387; x_wconf 73' lang='grc' dir='ltr'>ραιιί</span> <span class='ocrx_word' id='word_1_410' title='bbox 2984 2331 3273 2402; x_wconf 82' lang='lat' dir='ltr'><strong>superﬁcie</strong></span> <span class='ocrx_word' id='word_1_411' title='bbox 3312 2327 3399 2383; x_wconf 86' lang='lat' dir='ltr'><strong>Je-</strong></span> 
     </span>
    </p>
   </div>
   <div class='ocr_carea' id='block_1_54' title="bbox 1834 2420 3398 2490">
    <p class='ocr_par' dir='ltr' id='par_1_54' title="bbox 1834 2420 3398 2490">
     <span class='ocr_line' id='line_1_54' title="bbox 1834 2420 3398 2490; baseline -0.001 -13"><span class='ocrx_word' id='word_1_412' title='bbox 1834 2438 1990 2487; x_wconf 85' lang='lat' dir='ltr'><strong>sum,</strong></span> <span class='ocrx_word' id='word_1_413' title='bbox 2032 2425 2414 2478; x_wconf 83' lang='lat' dir='ltr'><strong>assistentibus</strong></span> <span class='ocrx_word' id='word_1_414' title='bbox 2473 2424 2956 2477; x_wconf 84' lang='lat' dir='ltr'><strong>innumerabilibus</strong></span> <span class='ocrx_word' id='word_1_415' title='bbox 3005 2421 3212 2490; x_wconf 80' lang='lat' dir='ltr'><strong>angelis</strong></span> <span class='ocrx_word' id='word_1_416' title='bbox 3241 2462 3255 2485; x_wconf 90' lang='lat'><strong>,</strong></span> <span class='ocrx_word' id='word_1_417' title='bbox 3301 2420 3398 2476; x_wconf 85' lang='lat' dir='ltr'><strong>ho-</strong></span> 
     </span>
    </p>
   </div>
   <div class='ocr_carea' id='block_1_55' title="bbox 1833 2511 3396 2582">
    <p class='ocr_par' dir='ltr' id='par_1_55' title="bbox 1833 2511 3396 2582">
     <span class='ocr_line' id='line_1_55' title="bbox 1833 2511 3396 2582; baseline -0.001 -18"><span class='ocrx_word' id='word_1_418' title='bbox 1833 2515 2036 2565; x_wconf 87' lang='lat' dir='ltr'><strong>minum</strong></span> <span class='ocrx_word' id='word_1_419' title='bbox 2073 2513 2238 2582; x_wconf 84' lang='lat' dir='ltr'><strong>ﬁgura</strong></span> <span class='ocrx_word' id='word_1_420' title='bbox 2265 2523 2318 2566; x_wconf 94' lang='lat' dir='ltr'><strong>et</strong></span> <span class='ocrx_word' id='word_1_421' title='bbox 2351 2515 2548 2581; x_wconf 88' lang='lat' dir='ltr'><strong>specie.</strong></span> <span class='ocrx_word' id='word_1_422' title='bbox 2599 2514 2774 2581; x_wconf 78' lang='lat' dir='ltr'><strong>Atque</strong></span> <span class='ocrx_word' id='word_1_423' title='bbox 2806 2514 2918 2564; x_wconf 70' lang='lat' dir='ltr'><strong>haec</strong></span> <span class='ocrx_word' id='word_1_424' title='bbox 2946 2511 3165 2580; x_wconf 85' lang='lat' dir='ltr'><strong>quidem</strong></span> <span class='ocrx_word' id='word_1_425' title='bbox 3196 2526 3225 2562; x_wconf 90' lang='lat' dir='ltr'><strong>a</strong></span> <span class='ocrx_word' id='word_1_426' title='bbox 3257 2512 3396 2564; x_wconf 69' lang='lat' dir='ltr'><strong>coelo</strong></span> 
     </span>
    </p>
   </div>
   <div class='ocr_carea' id='block_1_56' title="bbox 1833 2603 3396 2659">
    <p class='ocr_par' dir='ltr' id='par_1_56' title="bbox 1833 2603 3396 2659">
     <span class='ocr_line' id='line_1_56' title="bbox 1833 2603 3396 2659; baseline -0.001 -1"><span class='ocrx_word' id='word_1_427' title='bbox 1833 2603 2004 2658; x_wconf 82' lang='lat' dir='ltr'><strong>videri</strong></span> <span class='ocrx_word' id='word_1_428' title='bbox 2043 2619 2251 2658; x_wconf 89' lang='lat' dir='ltr'><strong>summa</strong></span> <span class='ocrx_word' id='word_1_429' title='bbox 2300 2620 2424 2658; x_wconf 89' lang='lat' dir='ltr'><strong>cum</strong></span> <span class='ocrx_word' id='word_1_430' title='bbox 2472 2619 2568 2659; x_wconf 89' lang='lat' dir='ltr'><strong>sua</strong></span> <span class='ocrx_word' id='word_1_431' title='bbox 2616 2605 2992 2658; x_wconf 85' lang='lat' dir='ltr'><strong>admiratione.</strong></span> <span class='ocrx_word' id='word_1_432' title='bbox 3039 2603 3174 2656; x_wconf 90' lang='lat' dir='ltr'><strong>Cum</strong></span> <span class='ocrx_word' id='word_1_433' title='bbox 3217 2612 3396 2656; x_wconf 84' lang='lat' dir='ltr'><strong>autem</strong></span> 
     </span>
    </p>
   </div>
   <div class='ocr_carea' id='block_1_57' title="bbox 1835 2688 3396 2762">
    <p class='ocr_par' dir='ltr' id='par_1_57' title="bbox 1835 2688 3396 2762">
     <span class='ocr_line' id='line_1_57' title="bbox 1835 2688 3396 2762; baseline -0.003 -17"><span class='ocrx_word' id='word_1_434' title='bbox 1835 2691 1950 2762; x_wconf 87' lang='lat' dir='ltr'><strong>ipse</strong></span> <span class='ocrx_word' id='word_1_435' title='bbox 1980 2692 2233 2746; x_wconf 88' lang='lat' dir='ltr'><strong>deorsum</strong></span> <span class='ocrx_word' id='word_1_436' title='bbox 2263 2693 2450 2747; x_wconf 90' lang='lat' dir='ltr'><strong>oculos</strong></span> <span class='ocrx_word' id='word_1_437' title='bbox 2482 2693 2878 2754; x_wconf 88' lang='lat' dir='ltr'><strong>convertisset,</strong></span> <span class='ocrx_word' id='word_1_438' title='bbox 2911 2705 3136 2744; x_wconf 90' lang='lat' dir='ltr'><strong>eernere</strong></span> <span class='ocrx_word' id='word_1_439' title='bbox 3166 2705 3223 2742; x_wconf 86' lang='lat' dir='ltr'><strong>se</strong></span> <span class='ocrx_word' id='word_1_440' title='bbox 3252 2688 3396 2741; x_wconf 80' lang='lat' dir='ltr'><strong>dice—</strong></span> 
     </span>
    </p>
   </div>
   <div class='ocr_carea' id='block_1_58' title="bbox 1834 2774 3398 2850">
    <p class='ocr_par' dir='ltr' id='par_1_58' title="bbox 1834 2774 3398 2850">
     <span class='ocr_line' id='line_1_58' title="bbox 1834 2774 3398 2850; baseline -0.007 -13"><span class='ocrx_word' id='word_1_441' title='bbox 1834 2781 1927 2837; x_wconf 87' lang='lat' dir='ltr'><strong>bat</strong></span> <span class='ocrx_word' id='word_1_442' title='bbox 1954 2782 2116 2836; x_wconf 91' lang='lat' dir='ltr'><strong>etiam</strong></span> <span class='ocrx_word' id='word_1_443' title='bbox 2147 2789 2347 2835; x_wconf 86' lang='lat' dir='ltr'><strong>terram</strong></span> <span class='ocrx_word' id='word_1_444' title='bbox 2382 2781 2554 2850; x_wconf 89' lang='lat' dir='ltr'><strong>ipsam</strong></span> <span class='ocrx_word' id='word_1_445' title='bbox 2595 2779 2669 2832; x_wconf 87' lang='lat' dir='ltr'><strong>ita</strong></span> <span class='ocrx_word' id='word_1_446' title='bbox 2708 2777 3066 2838; x_wconf 89' lang='lat' dir='ltr'><strong>discessisse,</strong></span> <span class='ocrx_word' id='word_1_447' title='bbox 3105 2784 3162 2828; x_wconf 90' lang='lat' dir='ltr'><strong>ut</strong></span> <span class='ocrx_word' id='word_1_448' title='bbox 3202 2774 3398 2827; x_wconf 84' lang='lat' dir='ltr'><strong>obscu—</strong></span> 
     </span>
    </p>
   </div>
   <div class='ocr_carea' id='block_1_59' title="bbox 1835 2864 3398 2939">
    <p class='ocr_par' dir='ltr' id='par_1_59' title="bbox 1835 2864 3398 2939">
     <span class='ocr_line' id='line_1_59' title="bbox 1835 2864 3398 2939; baseline -0.004 -15"><span class='ocrx_word' id='word_1_449' title='bbox 1835 2886 1930 2924; x_wconf 88' lang='lat' dir='ltr'><strong>rus</strong></span> <span class='ocrx_word' id='word_1_450' title='bbox 1959 2871 2179 2939; x_wconf 86' lang='lat' dir='ltr'><strong>quidam</strong></span> <span class='ocrx_word' id='word_1_451' title='bbox 2217 2879 2271 2924; x_wconf 87' lang='lat' dir='ltr'><strong>et</strong></span> <span class='ocrx_word' id='word_1_452' title='bbox 2309 2870 2689 2923; x_wconf 88' lang='lat' dir='ltr'><strong>tenebricosus</strong></span> <span class='ocrx_word' id='word_1_453' title='bbox 2730 2868 2910 2922; x_wconf 90' lang='lat' dir='ltr'><strong>hiatus</strong></span> <span class='ocrx_word' id='word_1_454' title='bbox 2948 2866 3212 2921; x_wconf 77' lang='lat' dir='ltr'><strong>exsistere</strong></span> <span class='ocrx_word' id='word_1_455' title='bbox 3253 2864 3398 2917; x_wconf 85' lang='lat' dir='ltr'><strong>vide-</strong></span> 
     </span>
    </p>
   </div>
   <div class='ocr_carea' id='block_1_60' title="bbox 1834 2955 3399 3030">
    <p class='ocr_par' dir='ltr' id='par_1_60' title="bbox 1834 2955 3399 3030">
     <span class='ocr_line' id='line_1_60' title="bbox 1834 2955 3399 3030; baseline -0.007 -12"><span class='ocrx_word' id='word_1_456' title='bbox 1834 2970 2021 3018; x_wconf 87' lang='lat' dir='ltr'><strong>retur:</strong></span> <span class='ocrx_word' id='word_1_457' title='bbox 2076 2968 2238 3030; x_wconf 90' lang='lat' dir='ltr'><strong>atque</strong></span> <span class='ocrx_word' id='word_1_458' title='bbox 2293 2959 2541 3012; x_wconf 85' lang='lat' dir='ltr'><strong>homines</strong></span> <span class='ocrx_word' id='word_1_459' title='bbox 2597 2957 2812 3027; x_wconf 89' lang='lat' dir='ltr'><strong>quidem</strong></span> <span class='ocrx_word' id='word_1_460' title='bbox 2863 2957 2982 3010; x_wconf 92' lang='lat' dir='ltr'><strong>illos</strong></span> <span class='ocrx_word' id='word_1_461' title='bbox 3024 2955 3220 3025; x_wconf 85' lang='lat' dir='ltr'><strong>quibus</strong></span> <span class='ocrx_word' id='word_1_462' title='bbox 3261 2955 3399 3007; x_wconf 87' lang='lat' dir='ltr'><strong>male</strong></span> 
     </span>
    </p>
   </div>
   <div class='ocr_carea' id='block_1_61' title="bbox 1836 3049 3400 3120">
    <p class='ocr_par' dir='ltr' id='par_1_61' title="bbox 1836 3049 3400 3120">
     <span class='ocr_line' id='line_1_61' title="bbox 1836 3049 3400 3120; baseline -0.003 -16"><span class='ocrx_word' id='word_1_463' title='bbox 1836 3060 2089 3120; x_wconf 90' lang='lat' dir='ltr'><strong>precatus</strong></span> <span class='ocrx_word' id='word_1_464' title='bbox 2136 3061 2310 3116; x_wconf 91' lang='lat' dir='ltr'><strong>esset,</strong></span> <span class='ocrx_word' id='word_1_465' title='bbox 2360 3059 2485 3105; x_wconf 90' lang='lat' dir='ltr'><strong>ante</strong></span> <span class='ocrx_word' id='word_1_466' title='bbox 2531 3065 2588 3104; x_wconf 88' lang='lat' dir='ltr'><strong>se</strong></span> <span class='ocrx_word' id='word_1_467' title='bbox 2634 3049 2701 3102; x_wconf 89' lang='lat' dir='ltr'><strong>ad</strong></span> <span class='ocrx_word' id='word_1_468' title='bbox 2748 3064 2810 3104; x_wconf 92' lang='lat' dir='ltr'><strong>os</strong></span> <span class='ocrx_word' id='word_1_469' title='bbox 2855 3049 3040 3102; x_wconf 87' lang='lat' dir='ltr'><strong>hiatus</strong></span> <span class='ocrx_word' id='word_1_470' title='bbox 3091 3058 3234 3102; x_wconf 85' lang='lat' dir='ltr'><strong>stare</strong></span> <span class='ocrx_word' id='word_1_471' title='bbox 3290 3054 3400 3100; x_wconf 84' lang='lat' dir='ltr'><strong>tre-</strong></span> 
     </span>
    </p>
   </div>
   <div class='ocr_carea' id='block_1_62' title="bbox 1835 3139 3398 3208">
    <p class='ocr_par' dir='ltr' id='par_1_62' title="bbox 1835 3139 3398 3208">
     <span class='ocr_line' id='line_1_62' title="bbox 1835 3139 3398 3208; baseline 0 -17"><span class='ocrx_word' id='word_1_472' title='bbox 1835 3149 2046 3193; x_wconf 89' lang='lat' dir='ltr'><strong>mentes</strong></span> <span class='ocrx_word' id='word_1_473' title='bbox 2076 3148 2128 3193; x_wconf 88' lang='lat' dir='ltr'><strong>et</strong></span> <span class='ocrx_word' id='word_1_474' title='bbox 2159 3141 2420 3202; x_wconf 86' lang='lat' dir='ltr'><strong>miseros,</strong></span> <span class='ocrx_word' id='word_1_475' title='bbox 2453 3149 2505 3195; x_wconf 91' lang='lat' dir='ltr'><strong>et</strong></span> <span class='ocrx_word' id='word_1_476' title='bbox 2539 3142 2629 3208; x_wconf 90' lang='lat' dir='ltr'><strong>qui</strong></span> <span class='ocrx_word' id='word_1_477' title='bbox 2669 3139 2778 3194; x_wconf 91' lang='lat' dir='ltr'><strong>fere</strong></span> <span class='ocrx_word' id='word_1_478' title='bbox 2810 3155 2918 3208; x_wconf 69' lang='lat' dir='ltr'><strong>prae</strong></span> <span class='ocrx_word' id='word_1_479' title='bbox 2950 3140 3143 3208; x_wconf 91' lang='lat' dir='ltr'><strong>pedum</strong></span> <span class='ocrx_word' id='word_1_480' title='bbox 3177 3154 3398 3193; x_wconf 86' lang='lat' dir='ltr'><strong>suorum</strong></span> 
     </span>
    </p>
   </div>
   <div class='ocr_carea' id='block_1_63' title="bbox 183 3227 1758 3303">
    <p class='ocr_par' dir='ltr' id='par_1_63' title="bbox 183 3233 1738 3303">
     <span class='ocr_line' id='line_1_63' title="bbox 183 3233 1738 3303; baseline -0.002 -15"><span class='ocrx_word' id='word_1_481' title='bbox 183 3253 376 3299; x_wconf 86' lang='grc' dir='ltr'>κοντας</span> <span class='ocrx_word' id='word_1_482' title='bbox 406 3253 418 3265; x_wconf 92' lang='grc'><strong>·</strong></span> <span class='ocrx_word' id='word_1_483' title='bbox 452 3239 578 3290; x_wconf 78' lang='grc' dir='ltr'>ποτὲ</span> <span class='ocrx_word' id='word_1_484' title='bbox 609 3237 663 3289; x_wconf 86' lang='grc' dir='ltr'><strong>δὲ</strong></span> <span class='ocrx_word' id='word_1_485' title='bbox 688 3239 796 3297; x_wconf 83' lang='grc' dir='ltr'>τοῖς</span> <span class='ocrx_word' id='word_1_486' title='bbox 823 3234 1030 3286; x_wconf 81' lang='grc' dir='ltr'>ὀδοῦσιν</span> <span class='ocrx_word' id='word_1_487' title='bbox 1051 3274 1063 3298; x_wconf 91' lang='grc'><strong>,</strong></span> <span class='ocrx_word' id='word_1_488' title='bbox 1096 3235 1128 3303; x_wconf 83' lang='grc' dir='ltr'>ἢ</span> <span class='ocrx_word' id='word_1_489' title='bbox 1158 3236 1275 3296; x_wconf 87' lang='grc' dir='ltr'>τοῖς</span> <span class='ocrx_word' id='word_1_490' title='bbox 1325 3233 1567 3303; x_wconf 77' lang='grc' dir='ltr'>οὺραίοις</span> <span class='ocrx_word' id='word_1_491' title='bbox 1604 3234 1738 3285; x_wconf 78' lang='grc' dir='ltr'>ὑπο-</span> 
     </span>
    </p>
   </div>
   <div class='ocr_carea' id='block_1_64' title="bbox 1804 3227 3396 3303">
    <p class='ocr_par' dir='ltr' id='par_1_64' title="bbox 1804 3227 3396 3297">
     <span class='ocr_line' id='line_1_64' title="bbox 1804 3227 3396 3297; baseline -0.001 -15"><span class='ocrx_word' id='word_1_492' title='bbox 1804 3227 2192 3295; x_wconf 73' lang='lat' dir='ltr'><strong>:in&#39;stabilitate</strong></span> <span class='ocrx_word' id='word_1_493' title='bbox 2246 3229 2730 3297; x_wconf 84' lang='lat' dir='ltr'><strong>demergerentur:</strong></span> <span class='ocrx_word' id='word_1_494' title='bbox 2791 3230 2858 3281; x_wconf 91' lang='lat' dir='ltr'><strong>ab</strong></span> <span class='ocrx_word' id='word_1_495' title='bbox 2909 3229 3166 3281; x_wconf 87' lang='lat' dir='ltr'><strong>inferiore</strong></span> <span class='ocrx_word' id='word_1_496' title='bbox 3214 3236 3396 3281; x_wconf 91' lang='lat' dir='ltr'><strong>autem</strong></span> 
     </span>
    </p>
   </div>
   <div class='ocr_carea' id='block_1_65' title="bbox 175 3324 1740 3397">
    <p class='ocr_par' dir='ltr' id='par_1_65' title="bbox 175 3324 1740 3397">
     <span class='ocr_line' id='line_1_65' title="bbox 175 3324 1740 3397; baseline -0.002 -17"><span class='ocrx_word' id='word_1_497' title='bbox 175 3327 475 3395; x_wconf 68' lang='grc' dir='ltr'>τύφοντας,</span> <span class='ocrx_word' id='word_1_498' title='bbox 506 3327 538 3397; x_wconf 80' lang='grc' dir='ltr'>ἢ</span> <span class='ocrx_word' id='word_1_499' title='bbox 571 3325 1128 3395; x_wconf 79' lang='grc' dir='ltr'>ὑπογαργαλίζοντας,</span> <span class='ocrx_word' id='word_1_500' title='bbox 1166 3325 1254 3377; x_wconf 77' lang='grc' dir='ltr'>καὶ</span> <span class='ocrx_word' id='word_1_501' title='bbox 1295 3324 1380 3377; x_wconf 87' lang='grc' dir='ltr'><strong>διά</strong></span> <span class='ocrx_word' id='word_1_502' title='bbox 1422 3324 1618 3389; x_wconf 76' lang='grc' dir='ltr'>παντὸς</span> <span class='ocrx_word' id='word_1_503' title='bbox 1663 3327 1740 3388; x_wconf 82' lang='grc' dir='ltr'><strong>είς</strong></span> 
     </span>
    </p>
   </div>
   <div class='ocr_carea' id='block_1_66' title="bbox 174 3410 1741 3486">
    <p class='ocr_par' dir='ltr' id='par_1_66' title="bbox 174 3410 1741 3486">
     <span class='ocr_line' id='line_1_66' title="bbox 174 3410 1741 3486; baseline -0.002 -17"><span class='ocrx_word' id='word_1_504' title='bbox 174 3417 238 3469; x_wconf 79' lang='grc' dir='ltr'><strong>τὸ</strong></span> <span class='ocrx_word' id='word_1_505' title='bbox 299 3417 492 3486; x_wconf 88' lang='grc' dir='ltr'>ἀχανὲς</span> <span class='ocrx_word' id='word_1_506' title='bbox 551 3415 804 3485; x_wconf 77' lang='grc' dir='ltr'>ὲμδαλεῖν</span> <span class='ocrx_word' id='word_1_507' title='bbox 861 3415 1279 3485; x_wconf 84' lang='grc' dir='ltr'>μηχανωμένους</span> <span class='ocrx_word' id='word_1_508' title='bbox 1312 3432 1323 3444; x_wconf 90' lang='grc'><strong>·</strong></span> <span class='ocrx_word' id='word_1_509' title='bbox 1353 3410 1489 3466; x_wconf 77' lang='grc' dir='ltr'>εἶναι</span> <span class='ocrx_word' id='word_1_510' title='bbox 1539 3416 1595 3468; x_wconf 81' lang='grc' dir='ltr'><strong>δέ</strong></span> <span class='ocrx_word' id='word_1_511' title='bbox 1649 3415 1741 3468; x_wconf 81' lang='grc' dir='ltr'><strong>καὶ</strong></span> 
     </span>
    </p>
   </div>
   <div class='ocr_carea' id='block_1_67' title="bbox 175 3501 1740 3574">
    <p class='ocr_par' dir='ltr' id='par_1_67' title="bbox 175 3501 1740 3574">
     <span class='ocr_line' id='line_1_67' title="bbox 175 3501 1740 3574; baseline -0.001 -18"><span class='ocrx_word' id='word_1_512' title='bbox 175 3504 379 3574; x_wconf 80' lang='grc' dir='ltr'>ἄνδρας</span> <span class='ocrx_word' id='word_1_513' title='bbox 408 3503 560 3566; x_wconf 83' lang='grc' dir='ltr'>τινάς</span> <span class='ocrx_word' id='word_1_514' title='bbox 591 3506 646 3556; x_wconf 81' lang='grc' dir='ltr'><strong>ἐν</strong></span> <span class='ocrx_word' id='word_1_515' title='bbox 679 3504 824 3574; x_wconf 82' lang='grc' dir='ltr'>μέσῳ</span> <span class='ocrx_word' id='word_1_516' title='bbox 844 3543 857 3566; x_wconf 90' lang='grc'><strong>,</strong></span> <span class='ocrx_word' id='word_1_517' title='bbox 888 3507 998 3565; x_wconf 81' lang='grc' dir='ltr'>τοῖς</span> <span class='ocrx_word' id='word_1_518' title='bbox 1026 3503 1178 3570; x_wconf 75' lang='grc' dir='ltr'>ὄφεσι</span> <span class='ocrx_word' id='word_1_519' title='bbox 1223 3501 1360 3554; x_wconf 88' lang='grc' dir='ltr'><strong>κατά</strong></span> <span class='ocrx_word' id='word_1_520' title='bbox 1393 3503 1499 3553; x_wconf 79' lang='grc' dir='ltr'>τῶν</span> <span class='ocrx_word' id='word_1_521' title='bbox 1534 3503 1740 3572; x_wconf 83' lang='grc' dir='ltr'>ἀνδρῶν</span> 
     </span>
    </p>
   </div>
   <div class='ocr_carea' id='block_1_68' title="bbox 177 3592 1739 3664">
    <p class='ocr_par' dir='ltr' id='par_1_68' title="bbox 177 3592 1739 3664">
     <span class='ocr_line' id='line_1_68' title="bbox 177 3592 1739 3664; baseline -0.003 -17"><span class='ocrx_word' id='word_1_522' title='bbox 177 3595 711 3664; x_wconf 84' lang='grc' dir='ltr'>συνεπιτιθεμένους·</span> <span class='ocrx_word' id='word_1_523' title='bbox 741 3593 1107 3654; x_wconf 87' lang='grc' dir='ltr'>διαδονοῦντας</span> <span class='ocrx_word' id='word_1_524' title='bbox 1157 3593 1270 3662; x_wconf 81' lang='grc' dir='ltr'>ἅμα</span> <span class='ocrx_word' id='word_1_525' title='bbox 1320 3592 1412 3644; x_wconf 71' lang='grc' dir='ltr'><strong>καὶ</strong></span> <span class='ocrx_word' id='word_1_526' title='bbox 1463 3592 1739 3644; x_wconf 62' lang='grc' dir='ltr'>ὐπολθοῦν-</span> 
     </span>
    </p>
   </div>
   <div class='ocr_carea' id='block_1_69' title="bbox 173 3674 1740 3752">
    <p class='ocr_par' dir='ltr' id='par_1_69' title="bbox 173 3674 1740 3752">
     <span class='ocr_line' id='line_1_69' title="bbox 173 3674 1740 3752; baseline -0.001 -15"><span class='ocrx_word' id='word_1_527' title='bbox 173 3702 275 3748; x_wconf 89' lang='grc' dir='ltr'><strong>τας</strong></span> <span class='ocrx_word' id='word_1_528' title='bbox 336 3686 428 3738; x_wconf 70' lang='grc' dir='ltr'><strong>καὶ</strong></span> <span class='ocrx_word' id='word_1_529' title='bbox 481 3684 893 3744; x_wconf 87' lang='grc' dir='ltr'>καταπαίοντας.</span> <span class='ocrx_word' id='word_1_530' title='bbox 941 3682 1182 3735; x_wconf 84' lang='grc' dir='ltr'>Ἐδόκουν</span> <span class='ocrx_word' id='word_1_531' title='bbox 1237 3682 1291 3735; x_wconf 83' lang='grc' dir='ltr'>δὲ</span> <span class='ocrx_word' id='word_1_532' title='bbox 1333 3674 1466 3736; x_wconf 76' lang='grc' dir='ltr'>εἶναι</span> <span class='ocrx_word' id='word_1_533' title='bbox 1515 3683 1648 3752; x_wconf 78' lang='grc' dir='ltr'>πρὸς</span> <span class='ocrx_word' id='word_1_534' title='bbox 1681 3681 1740 3735; x_wconf 68' lang='grc' dir='ltr'>τὸ</span> 
     </span>
    </p>
   </div>
   <div class='ocr_carea' id='block_1_70' title="bbox 178 3771 1736 3839">
    <p class='ocr_par' dir='ltr' id='par_1_70' title="bbox 178 3771 1736 3839">
     <span class='ocr_line' id='line_1_70' title="bbox 178 3771 1736 3839; baseline -0.001 -16"><span class='ocrx_word' id='word_1_535' title='bbox 178 3773 366 3823; x_wconf 80' lang='grc' dir='ltr'>πεσεῖν</span> <span class='ocrx_word' id='word_1_536' title='bbox 411 3773 603 3822; x_wconf 84' lang='grc' dir='ltr'>ἐκεῖνοι</span> <span class='ocrx_word' id='word_1_537' title='bbox 665 3771 732 3822; x_wconf 77' lang='grc' dir='ltr'><strong>τὰ</strong></span> <span class='ocrx_word' id='word_1_538' title='bbox 800 3772 894 3839; x_wconf 79' lang='grc' dir='ltr'>μὲν</span> <span class='ocrx_word' id='word_1_539' title='bbox 953 3772 1213 3835; x_wconf 79' lang='grc' dir='ltr'>ἄκοντες,</span> <span class='ocrx_word' id='word_1_540' title='bbox 1265 3771 1330 3824; x_wconf 86' lang='grc' dir='ltr'><strong>τά</strong></span> <span class='ocrx_word' id='word_1_541' title='bbox 1382 3773 1436 3823; x_wconf 82' lang='grc' dir='ltr'>δὲ</span> <span class='ocrx_word' id='word_1_542' title='bbox 1491 3773 1736 3834; x_wconf 79' lang='grc' dir='ltr'>ἑκόντες,</span> 
     </span>
    </p>
   </div>
   <div class='ocr_carea' id='block_1_71' title="bbox 179 3858 1736 3931">
    <p class='ocr_par' dir='ltr' id='par_1_71' title="bbox 179 3858 1736 3931">
     <span class='ocr_line' id='line_1_71' title="bbox 179 3858 1736 3931; baseline 0.001 -20"><span class='ocrx_word' id='word_1_543' title='bbox 179 3860 289 3911; x_wconf 79' lang='grc' dir='ltr'><strong>ὑπὸ</strong></span> <span class='ocrx_word' id='word_1_544' title='bbox 315 3858 407 3910; x_wconf 88' lang='grc' dir='ltr'><strong>τοῦ</strong></span> <span class='ocrx_word' id='word_1_545' title='bbox 439 3860 604 3911; x_wconf 84' lang='grc' dir='ltr'>κακοῦ</span> <span class='ocrx_word' id='word_1_546' title='bbox 649 3861 766 3913; x_wconf 85' lang='grc' dir='ltr'>κατ’</span> <span class='ocrx_word' id='word_1_547' title='bbox 809 3860 981 3930; x_wconf 83' lang='grc' dir='ltr'>ὀλίγον</span> <span class='ocrx_word' id='word_1_548' title='bbox 1013 3860 1315 3931; x_wconf 76' lang='grc' dir='ltr'>βιαζόμενοι</span> <span class='ocrx_word' id='word_1_549' title='bbox 1351 3861 1462 3928; x_wconf 73' lang='grc' dir='ltr'><strong>ἅμα</strong></span> <span class='ocrx_word' id='word_1_550' title='bbox 1502 3859 1594 3912; x_wconf 83' lang='grc' dir='ltr'>καὶ</span> <span class='ocrx_word' id='word_1_551' title='bbox 1625 3877 1736 3913; x_wconf 86' lang='grc' dir='ltr'>πει-</span> 
     </span>
    </p>
   </div>
   <div class='ocr_carea' id='block_1_72' title="bbox 181 3947 413 4016">
    <p class='ocr_par' dir='ltr' id='par_1_72' title="bbox 181 3947 413 4016">
     <span class='ocr_line' id='line_1_72' title="bbox 181 3947 413 4016; baseline -0.009 -17"><span class='ocrx_word' id='word_1_552' title='bbox 181 3947 413 4016; x_wconf 82' lang='grc' dir='ltr'>θόμενοι.</span> 
     </span>
    </p>
   </div>
   <div class='ocr_carea' id='block_1_73' title="bbox 1837 3317 3392 3390">
    <p class='ocr_par' dir='ltr' id='par_1_73' title="bbox 1837 3317 3392 3390">
     <span class='ocr_line' id='line_1_73' title="bbox 1837 3317 3392 3390; baseline -0.002 -17"><span class='ocrx_word' id='word_1_553' title='bbox 1837 3318 1956 3373; x_wconf 84' lang='lat' dir='ltr'><strong>loco</strong></span> <span class='ocrx_word' id='word_1_554' title='bbox 1993 3334 2058 3373; x_wconf 76' lang='lat' dir='ltr'><strong>ex</strong></span> <span class='ocrx_word' id='word_1_555' title='bbox 2095 3318 2246 3372; x_wconf 88' lang='lat' dir='ltr'><strong>hiatu</strong></span> <span class='ocrx_word' id='word_1_556' title='bbox 2299 3334 2504 3390; x_wconf 78' lang='lat' dir='ltr'><strong>angues</strong></span> <span class='ocrx_word' id='word_1_557' title='bbox 2555 3333 2772 3374; x_wconf 88' lang='lat' dir='ltr'><strong>sursum</strong></span> <span class='ocrx_word' id='word_1_558' title='bbox 2824 3333 3072 3389; x_wconf 82' lang='lat' dir='ltr'><strong>serpere,</strong></span> <span class='ocrx_word' id='word_1_559' title='bbox 3119 3325 3278 3387; x_wconf 85' lang='lat' dir='ltr'><strong>atque</strong></span> <span class='ocrx_word' id='word_1_560' title='bbox 3328 3317 3392 3370; x_wconf 88' lang='lat' dir='ltr'><strong>ad</strong></span> 
     </span>
    </p>
   </div>
   <div class='ocr_carea' id='block_1_74' title="bbox 1804 3403 3394 3480">
    <p class='ocr_par' dir='ltr' id='par_1_74' title="bbox 1804 3403 3394 3480">
     <span class='ocr_line' id='line_1_74' title="bbox 1804 3403 3394 3480; baseline -0.003 -14"><span class='ocrx_word' id='word_1_561' title='bbox 1804 3403 2024 3466; x_wconf 73' lang='lat' dir='ltr'><strong>eorum</strong></span> <span class='ocrx_word' id='word_1_562' title='bbox 2063 3411 2262 3480; x_wconf 86' lang='lat' dir='ltr'><strong>pedes,</strong></span> <span class='ocrx_word' id='word_1_563' title='bbox 2312 3426 2434 3464; x_wconf 92' lang='lat' dir='ltr'><strong>cum</strong></span> <span class='ocrx_word' id='word_1_564' title='bbox 2480 3412 2678 3465; x_wconf 89' lang='lat' dir='ltr'><strong>sensim</strong></span> <span class='ocrx_word' id='word_1_565' title='bbox 2725 3420 3090 3473; x_wconf 88' lang='lat' dir='ltr'><strong>moverentur,</strong></span> <span class='ocrx_word' id='word_1_566' title='bbox 3124 3409 3394 3464; x_wconf 90' lang='lat' dir='ltr'><strong>interdum</strong></span> 
     </span>
    </p>
   </div>
   <div class='ocr_carea' id='block_1_75' title="bbox 1836 3501 3394 3572">
    <p class='ocr_par' dir='ltr' id='par_1_75' title="bbox 1836 3501 3394 3572">
     <span class='ocr_line' id='line_1_75' title="bbox 1836 3501 3394 3572; baseline 0.001 -18"><span class='ocrx_word' id='word_1_567' title='bbox 1836 3501 2051 3572; x_wconf 85' lang='lat' dir='ltr'><strong>quidem</strong></span> <span class='ocrx_word' id='word_1_568' title='bbox 2085 3502 2297 3555; x_wconf 88' lang='lat' dir='ltr'><strong>trahere</strong></span> <span class='ocrx_word' id='word_1_569' title='bbox 2337 3503 2690 3570; x_wconf 89' lang='lat' dir='ltr'><strong>complicatos</strong></span> <span class='ocrx_word' id='word_1_570' title='bbox 2721 3502 2880 3559; x_wconf 89' lang='lat' dir='ltr'><strong>simul</strong></span> <span class='ocrx_word' id='word_1_571' title='bbox 2910 3509 2963 3554; x_wconf 91' lang='lat' dir='ltr'><strong>et</strong></span> <span class='ocrx_word' id='word_1_572' title='bbox 2994 3501 3358 3569; x_wconf 84' lang='lat' dir='ltr'><strong>deprimentes</strong></span> <span class='ocrx_word' id='word_1_573' title='bbox 3379 3541 3394 3563; x_wconf 89' lang='lat'><strong>,</strong></span> 
     </span>
    </p>
   </div>
   <div class='ocr_carea' id='block_1_76' title="bbox 1839 3587 3392 3661">
    <p class='ocr_par' dir='ltr' id='par_1_76' title="bbox 1839 3587 3392 3661">
     <span class='ocr_line' id='line_1_76' title="bbox 1839 3587 3392 3661; baseline -0.001 -17"><span class='ocrx_word' id='word_1_574' title='bbox 1839 3598 2000 3661; x_wconf 89' lang='lat' dir='ltr'><strong>atque</strong></span> <span class='ocrx_word' id='word_1_575' title='bbox 2028 3591 2416 3657; x_wconf 86' lang='lat' dir='ltr'><strong>detrahentes;</strong></span> <span class='ocrx_word' id='word_1_576' title='bbox 2449 3590 2719 3644; x_wconf 87' lang='lat' dir='ltr'><strong>interdum</strong></span> <span class='ocrx_word' id='word_1_577' title='bbox 2765 3589 3019 3643; x_wconf 90' lang='lat' dir='ltr'><strong>dentibus</strong></span> <span class='ocrx_word' id='word_1_578' title='bbox 3069 3599 3160 3642; x_wconf 89' lang='lat' dir='ltr'><strong>aut</strong></span> <span class='ocrx_word' id='word_1_579' title='bbox 3203 3587 3392 3642; x_wconf 87' lang='lat' dir='ltr'><strong>caudis</strong></span> 
     </span>
    </p>
   </div>
   <div class='ocr_carea' id='block_1_77' title="bbox 1838 3680 3392 3749">
    <p class='ocr_par' dir='ltr' id='par_1_77' title="bbox 1838 3680 3392 3749">
     <span class='ocr_line' id='line_1_77' title="bbox 1838 3680 3392 3749; baseline -0.002 -13"><span class='ocrx_word' id='word_1_580' title='bbox 1838 3683 2220 3744; x_wconf 87' lang='lat' dir='ltr'><strong>incendentes,</strong></span> <span class='ocrx_word' id='word_1_581' title='bbox 2279 3684 2360 3736; x_wconf 90' lang='lat' dir='ltr'><strong>vel</strong></span> <span class='ocrx_word' id='word_1_582' title='bbox 2417 3683 2820 3737; x_wconf 90' lang='lat' dir='ltr'><strong>demulcentes.</strong></span> <span class='ocrx_word' id='word_1_583' title='bbox 2871 3681 3125 3749; x_wconf 88' lang='lat' dir='ltr'><strong>omnique</strong></span> <span class='ocrx_word' id='word_1_584' title='bbox 3183 3680 3392 3733; x_wconf 88' lang='lat' dir='ltr'><strong>ratione</strong></span> 
     </span>
    </p>
   </div>
   <div class='ocr_carea' id='block_1_78' title="bbox 1837 3770 3389 3842">
    <p class='ocr_par' dir='ltr' id='par_1_78' title="bbox 1837 3770 3389 3842">
     <span class='ocr_line' id='line_1_78' title="bbox 1837 3770 3389 3842; baseline -0.001 -18"><span class='ocrx_word' id='word_1_585' title='bbox 1837 3780 2096 3842; x_wconf 81' lang='lat' dir='ltr'><strong>agentes,</strong></span> <span class='ocrx_word' id='word_1_586' title='bbox 2157 3784 2214 3826; x_wconf 92' lang='lat' dir='ltr'><strong>ut</strong></span> <span class='ocrx_word' id='word_1_587' title='bbox 2267 3789 2361 3828; x_wconf 90' lang='lat' dir='ltr'><strong>eos</strong></span> <span class='ocrx_word' id='word_1_588' title='bbox 2415 3775 2470 3826; x_wconf 93' lang='lat' dir='ltr'><strong>in</strong></span> <span class='ocrx_word' id='word_1_589' title='bbox 2521 3774 2665 3825; x_wconf 85' lang='lat' dir='ltr'><strong>illam</strong></span> <span class='ocrx_word' id='word_1_590' title='bbox 2714 3773 3032 3825; x_wconf 88' lang='lat' dir='ltr'><strong>immensam</strong></span> <span class='ocrx_word' id='word_1_591' title='bbox 3082 3770 3389 3839; x_wconf 78' lang='lat' dir='ltr'><strong>voraginem</strong></span> 
     </span>
    </p>
   </div>
   <div class='ocr_carea' id='block_1_79' title="bbox 1837 3860 3392 3932">
    <p class='ocr_par' dir='ltr' id='par_1_79' title="bbox 1837 3860 3392 3932">
     <span class='ocr_line' id='line_1_79' title="bbox 1837 3860 3392 3932; baseline -0.001 -17"><span class='ocrx_word' id='word_1_592' title='bbox 1837 3863 2140 3932; x_wconf 75' lang='lat' dir='ltr'><strong>praecipites</strong></span> <span class='ocrx_word' id='word_1_593' title='bbox 2199 3863 2432 3931; x_wconf 87' lang='lat' dir='ltr'><strong>darent;</strong></span> <span class='ocrx_word' id='word_1_594' title='bbox 2493 3863 2660 3917; x_wconf 89' lang='lat' dir='ltr'><strong>fuisse</strong></span> <span class='ocrx_word' id='word_1_595' title='bbox 2716 3863 2879 3916; x_wconf 88' lang='lat' dir='ltr'><strong>etiam</strong></span> <span class='ocrx_word' id='word_1_596' title='bbox 2940 3862 3084 3915; x_wconf 87' lang='lat' dir='ltr'><strong>viros</strong></span> <span class='ocrx_word' id='word_1_597' title='bbox 3129 3860 3392 3929; x_wconf 89' lang='lat' dir='ltr'><strong>quosdam</strong></span> 
     </span>
    </p>
   </div>
   <div class='ocr_carea' id='block_1_80' title="bbox 1839 3944 3392 4024">
    <p class='ocr_par' dir='ltr' id='par_1_80' title="bbox 1839 3944 3392 4024">
     <span class='ocr_line' id='line_1_80' title="bbox 1839 3944 3392 4024; baseline 0.001 -19"><span class='ocrx_word' id='word_1_598' title='bbox 1839 3954 1890 4007; x_wconf 87' lang='lat' dir='ltr'><strong>in</strong></span> <span class='ocrx_word' id='word_1_599' title='bbox 1939 3955 2152 4017; x_wconf 87' lang='lat' dir='ltr'><strong>modio,</strong></span> <span class='ocrx_word' id='word_1_600' title='bbox 2205 3956 2294 4024; x_wconf 93' lang='lat' dir='ltr'><strong>qui</strong></span> <span class='ocrx_word' id='word_1_601' title='bbox 2349 3971 2453 4008; x_wconf 91' lang='lat' dir='ltr'><strong>una</strong></span> <span class='ocrx_word' id='word_1_602' title='bbox 2502 3970 2622 4007; x_wconf 88' lang='lat' dir='ltr'><strong>cum</strong></span> <span class='ocrx_word' id='word_1_603' title='bbox 2661 3951 3000 4021; x_wconf 88' lang='lat' dir='ltr'><strong>serpentibus</strong></span> <span class='ocrx_word' id='word_1_604' title='bbox 3052 3952 3104 4004; x_wconf 88' lang='lat' dir='ltr'><strong>in</strong></span> <span class='ocrx_word' id='word_1_605' title='bbox 3149 3944 3392 4006; x_wconf 77' lang='lat' dir='ltr'><strong>homines</strong></span> 
     </span>
    </p>
   </div>
   <div class='ocr_carea' id='block_1_81' title="bbox 176 4047 3388 4137">
    <p class='ocr_par' dir='ltr' id='par_1_81' title="bbox 176 4047 3388 4137">
     <span class='ocr_line' id='line_1_81' title="bbox 176 4047 3388 4137; baseline 0.003 -35"><span class='ocrx_word' id='word_1_606' title='bbox 176 4047 302 4102; x_wconf 86' lang='lat' dir='ltr'><strong>illos</strong></span> <span class='ocrx_word' id='word_1_607' title='bbox 351 4048 698 4116; x_wconf 90' lang='lat' dir='ltr'><strong>invaderent,</strong></span> <span class='ocrx_word' id='word_1_608' title='bbox 745 4052 1138 4119; x_wconf 82' lang='lat' dir='ltr'><strong>exagitatione,</strong></span> <span class='ocrx_word' id='word_1_609' title='bbox 1183 4053 1373 4121; x_wconf 88' lang='lat' dir='ltr'><strong>pulsu.</strong></span> <span class='ocrx_word' id='word_1_610' title='bbox 1446 4064 1498 4108; x_wconf 86' lang='lat' dir='ltr'><strong>et</strong></span> <span class='ocrx_word' id='word_1_611' title='bbox 1536 4057 1922 4137; x_wconf 84' lang='lat' dir='ltr'><strong>percussione;</strong></span> <span class='ocrx_word' id='word_1_612' title='bbox 1981 4058 2123 4107; x_wconf 82' lang='lat' dir='ltr'><strong>visos</strong></span> <span class='ocrx_word' id='word_1_613' title='bbox 2181 4066 2356 4108; x_wconf 78' lang='lat' dir='ltr'><strong>autem</strong></span> <span class='ocrx_word' id='word_1_614' title='bbox 2418 4070 2534 4108; x_wconf 87' lang='lat' dir='ltr'><strong>esse</strong></span> <span class='ocrx_word' id='word_1_615' title='bbox 2576 4057 2718 4113; x_wconf 86' lang='lat' dir='ltr'><strong>viros</strong></span> <span class='ocrx_word' id='word_1_616' title='bbox 2759 4057 2878 4112; x_wconf 90' lang='lat' dir='ltr'><strong>illos</strong></span> <span class='ocrx_word' id='word_1_617' title='bbox 2951 4058 3228 4121; x_wconf 85' lang='lat' dir='ltr'><strong>decidere,</strong></span> <span class='ocrx_word' id='word_1_618' title='bbox 3268 4073 3388 4128; x_wconf 87' lang='lat' dir='ltr'><strong>par-</strong></span> 
     </span>
    </p>
   </div>
   <div class='ocr_carea' id='block_1_82' title="bbox 177 4139 2076 4217">
    <p class='ocr_par' dir='ltr' id='par_1_82' title="bbox 177 4139 2076 4217">
     <span class='ocr_line' id='line_1_82' title="bbox 177 4139 2076 4217; baseline 0.003 -26"><span class='ocrx_word' id='word_1_619' title='bbox 177 4139 277 4192; x_wconf 92' lang='lat' dir='ltr'><strong>tim</strong></span> <span class='ocrx_word' id='word_1_620' title='bbox 319 4140 551 4204; x_wconf 89' lang='lat' dir='ltr'><strong>invitos,</strong></span> <span class='ocrx_word' id='word_1_621' title='bbox 592 4144 784 4212; x_wconf 83' lang='lat' dir='ltr'><strong>partim</strong></span> <span class='ocrx_word' id='word_1_622' title='bbox 818 4152 1039 4212; x_wconf 90' lang='lat' dir='ltr'><strong>sponte,</strong></span> <span class='ocrx_word' id='word_1_623' title='bbox 1085 4146 1226 4213; x_wconf 87' lang='lat' dir='ltr'><strong>quod</strong></span> <span class='ocrx_word' id='word_1_624' title='bbox 1273 4161 1299 4197; x_wconf 90' lang='lat' dir='ltr'><strong>a</strong></span> <span class='ocrx_word' id='word_1_625' title='bbox 1345 4149 1483 4200; x_wconf 85' lang='lat' dir='ltr'><strong>malo</strong></span> <span class='ocrx_word' id='word_1_626' title='bbox 1513 4151 1712 4202; x_wconf 86' lang='lat' dir='ltr'><strong>sensim</strong></span> <span class='ocrx_word' id='word_1_627' title='bbox 1743 4156 2076 4217; x_wconf 82' lang='lat' dir='ltr'><strong>cogerentur.</strong></span> 
     </span>
    </p>
   </div>
   <div class='ocr_carea' id='block_1_83' title="bbox 258 4245 1744 4319">
    <p class='ocr_par' dir='ltr' id='par_1_83' title="bbox 258 4245 1744 4319">
     <span class='ocr_line' id='line_1_83' title="bbox 258 4245 1744 4319; baseline -0.001 -18"><span class='ocrx_word' id='word_1_628' title='bbox 258 4250 448 4316; x_wconf 86' lang='grc' dir='ltr'>Ἔλεγε</span> <span class='ocrx_word' id='word_1_629' title='bbox 496 4252 549 4302; x_wconf 86' lang='grc' dir='ltr'><strong>δε</strong></span> <span class='ocrx_word' id='word_1_630' title='bbox 598 4251 625 4300; x_wconf 85' lang='grc' dir='ltr'><strong>ὀ</strong></span> <span class='ocrx_word' id='word_1_631' title='bbox 673 4251 895 4319; x_wconf 84' lang='grc' dir='ltr'>Κάρπος</span> <span class='ocrx_word' id='word_1_632' title='bbox 945 4250 1133 4301; x_wconf 73' lang='grc' dir='ltr'>ἑαυτὸν</span> <span class='ocrx_word' id='word_1_633' title='bbox 1177 4251 1391 4319; x_wconf 74' lang='grc' dir='ltr'>ἥδεσθαι</span> <span class='ocrx_word' id='word_1_634' title='bbox 1436 4252 1582 4304; x_wconf 85' lang='grc' dir='ltr'>κάτω</span> <span class='ocrx_word' id='word_1_635' title='bbox 1629 4245 1744 4318; x_wconf 78' lang='grc' dir='ltr'><strong>βλὲ-</strong></span> 
     </span>
    </p>
   </div>
   <div class='ocr_carea' id='block_1_84' title="bbox 183 4337 1742 4408">
    <p class='ocr_par' dir='ltr' id='par_1_84' title="bbox 183 4337 1742 4408">
     <span class='ocr_line' id='line_1_84' title="bbox 183 4337 1742 4408; baseline -0.003 -16"><span class='ocrx_word' id='word_1_636' title='bbox 183 4357 384 4393; x_wconf 84' lang='grc' dir='ltr'>ποντα·</span> <span class='ocrx_word' id='word_1_637' title='bbox 443 4339 548 4390; x_wconf 76' lang='grc' dir='ltr'><strong>τῶν</strong></span> <span class='ocrx_word' id='word_1_638' title='bbox 595 4338 706 4390; x_wconf 80' lang='grc' dir='ltr'><strong>ἀνω</strong></span> <span class='ocrx_word' id='word_1_639' title='bbox 733 4338 786 4390; x_wconf 86' lang='grc' dir='ltr'><strong>δὲ</strong></span> <span class='ocrx_word' id='word_1_640' title='bbox 828 4339 1044 4408; x_wconf 83' lang='grc' dir='ltr'>ἀμελεῖν</span> <span class='ocrx_word' id='word_1_641' title='bbox 1090 4355 1101 4366; x_wconf 92' lang='grc'><strong>·</strong></span> <span class='ocrx_word' id='word_1_642' title='bbox 1146 4339 1513 4407; x_wconf 82' lang='grc' dir='ltr'>δυσχεραίνειν</span> <span class='ocrx_word' id='word_1_643' title='bbox 1554 4337 1608 4388; x_wconf 77' lang='grc' dir='ltr'>δὲ</span> <span class='ocrx_word' id='word_1_644' title='bbox 1653 4337 1742 4388; x_wconf 75' lang='grc' dir='ltr'>καὶ</span> 
     </span>
    </p>
   </div>
   <div class='ocr_carea' id='block_1_85' title="bbox 177 4428 1742 4502">
    <p class='ocr_par' dir='ltr' id='par_1_85' title="bbox 177 4428 1742 4502">
     <span class='ocr_line' id='line_1_85' title="bbox 177 4428 1742 4502; baseline -0.002 -18"><span class='ocrx_word' id='word_1_645' title='bbox 177 4432 494 4502; x_wconf 85' lang='grc' dir='ltr'>ὀλιγωρεῖν,</span> <span class='ocrx_word' id='word_1_646' title='bbox 526 4432 606 4482; x_wconf 79' lang='grc' dir='ltr'><strong>ὅτι</strong></span> <span class='ocrx_word' id='word_1_647' title='bbox 661 4430 732 4501; x_wconf 83' lang='grc' dir='ltr'>μὴ</span> <span class='ocrx_word' id='word_1_648' title='bbox 785 4430 1130 4482; x_wconf 84' lang='grc' dir='ltr'>πεπτώκασιν</span> <span class='ocrx_word' id='word_1_649' title='bbox 1170 4429 1268 4498; x_wconf 70' lang='grc' dir='ltr'>ἤδη</span> <span class='ocrx_word' id='word_1_650' title='bbox 1295 4469 1309 4491; x_wconf 97' lang='grc'><strong>,</strong></span> <span class='ocrx_word' id='word_1_651' title='bbox 1356 4429 1445 4481; x_wconf 76' lang='grc' dir='ltr'><strong>καὶ</strong></span> <span class='ocrx_word' id='word_1_652' title='bbox 1487 4428 1563 4497; x_wconf 69' lang='grc' dir='ltr'>τῷ</span> <span class='ocrx_word' id='word_1_653' title='bbox 1606 4429 1742 4498; x_wconf 86' lang='grc' dir='ltr'>πρά-</span> 
     </span>
    </p>
   </div>
   <div class='ocr_carea' id='block_1_86' title="bbox 175 4513 2075 4592">
    <p class='ocr_par' dir='ltr' id='par_1_86' title="bbox 175 4513 2075 4592">
     <span class='ocr_line' id='line_1_86' title="bbox 175 4513 2075 4592; baseline 0.001 -19"><span class='ocrx_word' id='word_1_654' title='bbox 175 4540 351 4592; x_wconf 86' lang='grc' dir='ltr'>γματι</span> <span class='ocrx_word' id='word_1_655' title='bbox 389 4521 641 4584; x_wconf 72' lang='grc' dir='ltr'>πολλάκις</span> <span class='ocrx_word' id='word_1_656' title='bbox 681 4520 996 4589; x_wconf 87' lang='grc' dir='ltr'>ἐπιθέμενον</span> <span class='ocrx_word' id='word_1_657' title='bbox 1042 4520 1131 4571; x_wconf 74' lang='grc' dir='ltr'><strong>καὶ</strong></span> <span class='ocrx_word' id='word_1_658' title='bbox 1165 4519 1568 4588; x_wconf 85' lang='grc' dir='ltr'>ἀδυνατήσαντα</span> <span class='ocrx_word' id='word_1_659' title='bbox 1593 4559 1607 4581; x_wconf 95' lang='grc'><strong>,</strong></span> <span class='ocrx_word' id='word_1_660' title='bbox 1652 4518 1741 4570; x_wconf 76' lang='grc' dir='ltr'>καὶ</span> <span class='ocrx_word' id='word_1_661' title='bbox 1765 4513 2075 4579; x_wconf 83' lang='lat' dir='ltr'><strong>Dnondum</strong></span> 
     </span>
    </p>
   </div>
   <div class='ocr_carea' id='block_1_87' title="bbox 182 4608 1743 4679">
    <p class='ocr_par' dir='ltr' id='par_1_87' title="bbox 182 4608 1743 4679">
     <span class='ocr_line' id='line_1_87' title="bbox 182 4608 1743 4679; baseline 0 -17"><span class='ocrx_word' id='word_1_662' title='bbox 182 4609 513 4679; x_wconf 79' lang='grc' dir='ltr'>ἀχθεσθῆναι</span> <span class='ocrx_word' id='word_1_663' title='bbox 575 4610 667 4662; x_wconf 77' lang='grc' dir='ltr'><strong>καὶ</strong></span> <span class='ocrx_word' id='word_1_664' title='bbox 740 4608 1158 4679; x_wconf 85' lang='grc' dir='ltr'>ἐπαράσασθαι·</span> <span class='ocrx_word' id='word_1_665' title='bbox 1222 4611 1313 4662; x_wconf 79' lang='grc' dir='ltr'>καὶ</span> <span class='ocrx_word' id='word_1_666' title='bbox 1377 4609 1743 4663; x_wconf 82' lang='grc' dir='ltr'>ἀνανεύσαντα</span> 
     </span>
    </p>
   </div>
   <div class='ocr_carea' id='block_1_88' title="bbox 185 4696 1742 4772">
    <p class='ocr_par' dir='ltr' id='par_1_88' title="bbox 185 4696 1742 4772">
     <span class='ocr_line' id='line_1_88' title="bbox 185 4696 1742 4772; baseline 0.001 -19"><span class='ocrx_word' id='word_1_667' title='bbox 185 4701 339 4770; x_wconf 84' lang='grc' dir='ltr'>μόλις</span> <span class='ocrx_word' id='word_1_668' title='bbox 361 4742 374 4764; x_wconf 95' lang='grc'><strong>,</strong></span> <span class='ocrx_word' id='word_1_669' title='bbox 411 4701 535 4753; x_wconf 71' lang='grc' dir='ltr'>[δεῖν</span> <span class='ocrx_word' id='word_1_670' title='bbox 567 4702 662 4770; x_wconf 82' lang='grc' dir='ltr'>μὲν</span> <span class='ocrx_word' id='word_1_671' title='bbox 692 4696 842 4763; x_wconf 78' lang='grc' dir='ltr'>αὖθις</span> <span class='ocrx_word' id='word_1_672' title='bbox 870 4703 958 4754; x_wconf 76' lang='grc' dir='ltr'>τὸν</span> <span class='ocrx_word' id='word_1_673' title='bbox 985 4701 1210 4772; x_wconf 76' lang='grc' dir='ltr'>οὐρανὸν</span> <span class='ocrx_word' id='word_1_674' title='bbox 1235 4743 1247 4764; x_wconf 97' lang='grc'><strong>,</strong></span> <span class='ocrx_word' id='word_1_675' title='bbox 1278 4702 1463 4772; x_wconf 79' lang='grc' dir='ltr'>ὥσπερ</span> <span class='ocrx_word' id='word_1_676' title='bbox 1495 4702 1585 4754; x_wconf 79' lang='grc' dir='ltr'><strong>καὶ</strong></span> <span class='ocrx_word' id='word_1_677' title='bbox 1615 4702 1742 4772; x_wconf 87' lang='grc' dir='ltr'>πρό-</span> 
     </span>
    </p>
   </div>
   <div class='ocr_carea' id='block_1_89' title="bbox 178 4792 1744 4863">
    <p class='ocr_par' dir='ltr' id='par_1_89' title="bbox 178 4792 1744 4863">
     <span class='ocr_line' id='line_1_89' title="bbox 178 4792 1744 4863; baseline -0.001 -18"><span class='ocrx_word' id='word_1_678' title='bbox 178 4809 340 4862; x_wconf 88' lang='grc' dir='ltr'>τερον</span> <span class='ocrx_word' id='word_1_679' title='bbox 368 4792 617 4861; x_wconf 76' lang='grc' dir='ltr'>ἑωράκει·</span> <span class='ocrx_word' id='word_1_680' title='bbox 651 4793 741 4842; x_wconf 86' lang='grc' dir='ltr'>τὸν</span> <span class='ocrx_word' id='word_1_681' title='bbox 769 4792 824 4843; x_wconf 82' lang='grc' dir='ltr'><strong>δὲ</strong></span> <span class='ocrx_word' id='word_1_682' title='bbox 865 4793 1091 4861; x_wconf 79' lang='grc' dir='ltr'>Ἰησοῦν,</span> <span class='ocrx_word' id='word_1_683' title='bbox 1123 4794 1418 4863; x_wconf 80' lang='grc' dir='ltr'>ἐλεήσαντα</span> <span class='ocrx_word' id='word_1_684' title='bbox 1461 4793 1519 4843; x_wconf 76' lang='grc' dir='ltr'>τὸ</span> <span class='ocrx_word' id='word_1_685' title='bbox 1565 4792 1744 4858; x_wconf 82' lang='grc' dir='ltr'>γιγνό-</span> 
     </span>
    </p>
   </div>
   <div class='ocr_carea' id='block_1_90' title="bbox 183 4881 1740 4955">
    <p class='ocr_par' dir='ltr' id='par_1_90' title="bbox 183 4881 1740 4955">
     <span class='ocr_line' id='line_1_90' title="bbox 183 4881 1740 4955; baseline -0.001 -21"><span class='ocrx_word' id='word_1_686' title='bbox 183 4899 367 4955; x_wconf 85' lang='grc' dir='ltr'>μενον,</span> <span class='ocrx_word' id='word_1_687' title='bbox 400 4882 754 4950; x_wconf 76' lang='grc' dir='ltr'>ἐξαναστῆναι</span> <span class='ocrx_word' id='word_1_688' title='bbox 796 4881 889 4933; x_wconf 82' lang='grc' dir='ltr'><strong>τοῦ</strong></span> <span class='ocrx_word' id='word_1_689' title='bbox 935 4884 1324 4954; x_wconf 88' lang='grc' dir='ltr'>ὑπερουρανίου</span> <span class='ocrx_word' id='word_1_690' title='bbox 1376 4883 1598 4952; x_wconf 85' lang='grc' dir='ltr'>θρόνου,</span> <span class='ocrx_word' id='word_1_691' title='bbox 1650 4881 1740 4935; x_wconf 67' lang='grc' dir='ltr'>καὶ</span> 
     </span>
    </p>
   </div>
   <div class='ocr_carea' id='block_1_91' title="bbox 178 4973 1737 5045">
    <p class='ocr_par' dir='ltr' id='par_1_91' title="bbox 178 4973 1737 5045">
     <span class='ocr_line' id='line_1_91' title="bbox 178 4973 1737 5045; baseline -0.002 -17"><span class='ocrx_word' id='word_1_692' title='bbox 178 4975 290 5037; x_wconf 70' lang='grc' dir='ltr'>ἓως</span> <span class='ocrx_word' id='word_1_693' title='bbox 317 4974 494 5028; x_wconf 82' lang='grc' dir='ltr'>αὐτῶν</span> <span class='ocrx_word' id='word_1_694' title='bbox 542 4973 882 5035; x_wconf 82' lang='grc' dir='ltr'>καταϐάντα,</span> <span class='ocrx_word' id='word_1_695' title='bbox 917 4974 1007 5025; x_wconf 79' lang='grc' dir='ltr'>καὶ</span> <span class='ocrx_word' id='word_1_696' title='bbox 1047 4979 1201 5045; x_wconf 89' lang='grc' dir='ltr'>χεῖρα</span> <span class='ocrx_word' id='word_1_697' title='bbox 1244 4974 1449 5043; x_wconf 77' lang='grc' dir='ltr'>ἀγαθὴν</span> <span class='ocrx_word' id='word_1_698' title='bbox 1489 4973 1737 5042; x_wconf 83' lang='grc' dir='ltr'>ὀρέγειν,</span> 
     </span>
    </p>
   </div>
   <div class='ocr_carea' id='block_1_92' title="bbox 180 5063 1740 5134">
    <p class='ocr_par' dir='ltr' id='par_1_92' title="bbox 180 5063 1740 5134">
     <span class='ocr_line' id='line_1_92' title="bbox 180 5063 1740 5134; baseline -0.003 -15"><span class='ocrx_word' id='word_1_699' title='bbox 180 5067 278 5119; x_wconf 78' lang='grc' dir='ltr'>καὶ</span> <span class='ocrx_word' id='word_1_700' title='bbox 307 5068 432 5127; x_wconf 81' lang='grc' dir='ltr'>τοὺς</span> <span class='ocrx_word' id='word_1_701' title='bbox 461 5067 720 5133; x_wconf 86' lang='grc' dir='ltr'>ἀγγέλους</span> <span class='ocrx_word' id='word_1_702' title='bbox 747 5064 894 5134; x_wconf 74' lang='grc' dir='ltr'>αὐτῷ</span> <span class='ocrx_word' id='word_1_703' title='bbox 926 5063 1567 5134; x_wconf 80' lang='grc' dir='ltr'>συνεπιλαμίανομένους,</span> <span class='ocrx_word' id='word_1_704' title='bbox 1587 5064 1740 5116; x_wconf 76' lang='grc' dir='ltr'>ἄλλον</span> 
     </span>
    </p>
   </div>
   <div class='ocr_carea' id='block_1_93' title="bbox 178 5154 1741 5226">
    <p class='ocr_par' dir='ltr' id='par_1_93' title="bbox 178 5154 1741 5226">
     <span class='ocr_line' id='line_1_93' title="bbox 178 5154 1741 5226; baseline -0.001 -18"><span class='ocrx_word' id='word_1_705' title='bbox 178 5156 402 5208; x_wconf 74' lang='grc' dir='ltr'>ἄλλοθεν</span> <span class='ocrx_word' id='word_1_706' title='bbox 460 5155 777 5225; x_wconf 79' lang='grc' dir='ltr'>ἀντέχεσθαι</span> <span class='ocrx_word' id='word_1_707' title='bbox 828 5160 941 5209; x_wconf 86' lang='grc' dir='ltr'>τοῖν</span> <span class='ocrx_word' id='word_1_708' title='bbox 998 5156 1208 5226; x_wconf 85' lang='grc' dir='ltr'>ἀνδροῖν</span> <span class='ocrx_word' id='word_1_709' title='bbox 1241 5172 1254 5185; x_wconf 73' lang='grc'><strong><em>⁸</em></strong></span> <span class='ocrx_word' id='word_1_710' title='bbox 1290 5157 1382 5209; x_wconf 79' lang='grc' dir='ltr'>καὶ</span> <span class='ocrx_word' id='word_1_711' title='bbox 1439 5156 1611 5207; x_wconf 73' lang='grc' dir='ltr'>εἰπεῖν</span> <span class='ocrx_word' id='word_1_712' title='bbox 1665 5154 1741 5224; x_wconf 80' lang='grc' dir='ltr'>τῷ</span> 
     </span>
    </p>
   </div>
   <div class='ocr_carea' id='block_1_94' title="bbox 177 5245 1734 5318">
    <p class='ocr_par' dir='ltr' id='par_1_94' title="bbox 177 5245 1734 5318">
     <span class='ocr_line' id='line_1_94' title="bbox 177 5245 1734 5318; baseline -0.015 -19"><span class='ocrx_word' id='word_1_713' title='bbox 177 5249 396 5317; x_wconf 78' lang='grc' dir='ltr'>Κάρπῳ</span> <span class='ocrx_word' id='word_1_714' title='bbox 418 5247 508 5301; x_wconf 71' lang='grc' dir='ltr'>τὸν</span> <span class='ocrx_word' id='word_1_715' title='bbox 551 5247 753 5316; x_wconf 82' lang='grc' dir='ltr'>Ἰησοῦν</span> <span class='ocrx_word' id='word_1_716' title='bbox 773 5287 785 5308; x_wconf 94' lang='grc'><strong>,</strong></span> <span class='ocrx_word' id='word_1_717' title='bbox 818 5249 916 5317; x_wconf 80' lang='grc' dir='ltr'><strong>τῆς</strong></span> <span class='ocrx_word' id='word_1_718' title='bbox 947 5247 1124 5317; x_wconf 72' lang='grc' dir='ltr'>χειρὸς</span> <span class='ocrx_word' id='word_1_719' title='bbox 1153 5248 1251 5316; x_wconf 68' lang='grc' dir='ltr'>ήδη</span> <span class='ocrx_word' id='word_1_720' title='bbox 1283 5245 1690 5318; x_wconf 71' lang='grc' dir='ltr'>προτεταμένης</span> <span class='ocrx_word' id='word_1_721' title='bbox 1722 5262 1734 5275; x_wconf 94' lang='grc'><strong><em>.</em></strong></span> 
     </span>
    </p>
   </div>
   <div class='ocr_carea' id='block_1_95' title="bbox 182 5337 1738 5408">
    <p class='ocr_par' dir='ltr' id='par_1_95' title="bbox 182 5337 1738 5408">
     <span class='ocr_line' id='line_1_95' title="bbox 182 5337 1738 5408; baseline -0.001 -19"><span class='ocrx_word' id='word_1_722' title='bbox 182 5356 202 5389; x_wconf 76' lang='grc' dir='ltr'><strong>ι</strong></span> <span class='ocrx_word' id='word_1_723' title='bbox 244 5339 380 5391; x_wconf 87' lang='grc' dir='ltr'>Παῖε</span> <span class='ocrx_word' id='word_1_724' title='bbox 409 5338 526 5392; x_wconf 87' lang='grc' dir='ltr'>κατ’</span> <span class='ocrx_word' id='word_1_725' title='bbox 558 5338 688 5408; x_wconf 87' lang='grc' dir='ltr'>ἐμοῦ</span> <span class='ocrx_word' id='word_1_726' title='bbox 721 5339 920 5392; x_wconf 82' lang='grc' dir='ltr'>λοιπόν·</span> <span class='ocrx_word' id='word_1_727' title='bbox 953 5339 1162 5408; x_wconf 85' lang='grc' dir='ltr'>ἐτοιμος</span> <span class='ocrx_word' id='word_1_728' title='bbox 1194 5340 1299 5408; x_wconf 84' lang='grc' dir='ltr'><strong>γάρ</strong></span> <span class='ocrx_word' id='word_1_729' title='bbox 1325 5342 1435 5408; x_wconf 83' lang='grc' dir='ltr'>είμι</span> <span class='ocrx_word' id='word_1_730' title='bbox 1482 5337 1571 5390; x_wconf 80' lang='grc' dir='ltr'><strong>καὶ</strong></span> <span class='ocrx_word' id='word_1_731' title='bbox 1601 5338 1738 5406; x_wconf 77' lang='grc' dir='ltr'>ὑπὲρ</span> 
     </span>
    </p>
   </div>
   <div class='ocr_carea' id='block_1_96' title="bbox 177 5427 1733 5499">
    <p class='ocr_par' dir='ltr' id='par_1_96' title="bbox 177 5427 1733 5499">
     <span class='ocr_line' id='line_1_96' title="bbox 177 5427 1733 5499; baseline -0.004 -17"><span class='ocrx_word' id='word_1_732' title='bbox 177 5428 481 5499; x_wconf 71' lang='grc' dir='ltr'>ἀνθρώπων</span> <span class='ocrx_word' id='word_1_733' title='bbox 534 5429 958 5498; x_wconf 79' lang='grc' dir='ltr'>ἀνασωζομένων</span> <span class='ocrx_word' id='word_1_734' title='bbox 1015 5429 1240 5491; x_wconf 74' lang='grc' dir='ltr'>παθεῖν,</span> <span class='ocrx_word' id='word_1_735' title='bbox 1300 5430 1391 5480; x_wconf 67' lang='grc' dir='ltr'><strong>καὶ</strong></span> <span class='ocrx_word' id='word_1_736' title='bbox 1443 5427 1733 5498; x_wconf 69' lang='grc' dir='ltr'>προσφιλές</span> 
     </span>
    </p>
   </div>
   <div class='ocr_carea' id='block_1_97' title="bbox 180 5517 1732 5591">
    <p class='ocr_par' dir='ltr' id='par_1_97' title="bbox 180 5517 1732 5591">
     <span class='ocr_line' id='line_1_97' title="bbox 180 5517 1732 5591; baseline 0 -21"><span class='ocrx_word' id='word_1_737' title='bbox 180 5534 271 5591; x_wconf 84' lang='grc' dir='ltr'><strong>μοι</strong></span> <span class='ocrx_word' id='word_1_738' title='bbox 295 5517 471 5582; x_wconf 88' lang='grc' dir='ltr'>τοῦτο,</span> <span class='ocrx_word' id='word_1_739' title='bbox 495 5521 565 5590; x_wconf 79' lang='grc' dir='ltr'>μὴ</span> <span class='ocrx_word' id='word_1_740' title='bbox 594 5519 765 5575; x_wconf 84' lang='grc' dir='ltr'>ἄλλων</span> <span class='ocrx_word' id='word_1_741' title='bbox 792 5521 1207 5589; x_wconf 84' lang='grc' dir='ltr'>ἁμαρτανόντων</span> <span class='ocrx_word' id='word_1_742' title='bbox 1237 5518 1551 5588; x_wconf 85' lang='grc' dir='ltr'>ἀνθρώπων.</span> <span class='ocrx_word' id='word_1_743' title='bbox 1587 5518 1732 5589; x_wconf 78' lang='grc' dir='ltr'>Πλὴν</span> 
     </span>
    </p>
   </div>
   <div class='ocr_carea' id='block_1_98' title="bbox 175 5609 1732 5682">
    <p class='ocr_par' dir='ltr' id='par_1_98' title="bbox 175 5609 1732 5682">
     <span class='ocr_line' id='line_1_98' title="bbox 175 5609 1732 5682; baseline -0.001 -18"><span class='ocrx_word' id='word_1_744' title='bbox 175 5613 312 5680; x_wconf 81' lang='grc' dir='ltr'>ὅρα,</span> <span class='ocrx_word' id='word_1_745' title='bbox 367 5610 413 5660; x_wconf 87' lang='grc' dir='ltr'><strong>εί</strong></span> <span class='ocrx_word' id='word_1_746' title='bbox 460 5611 638 5674; x_wconf 79' lang='grc' dir='ltr'>καλῶς</span> <span class='ocrx_word' id='word_1_747' title='bbox 690 5611 800 5682; x_wconf 78' lang='grc' dir='ltr'>ἔχει</span> <span class='ocrx_word' id='word_1_748' title='bbox 844 5618 964 5671; x_wconf 80' lang='grc' dir='ltr'>σοι,</span> <span class='ocrx_word' id='word_1_749' title='bbox 999 5611 1096 5680; x_wconf 77' lang='grc' dir='ltr'>τὴν</span> <span class='ocrx_word' id='word_1_750' title='bbox 1139 5614 1195 5663; x_wconf 88' lang='grc' dir='ltr'>ἐν</span> <span class='ocrx_word' id='word_1_751' title='bbox 1239 5610 1316 5679; x_wconf 79' lang='grc' dir='ltr'>τῷ</span> <span class='ocrx_word' id='word_1_752' title='bbox 1358 5609 1594 5678; x_wconf 81' lang='grc' dir='ltr'>χάσματι</span> <span class='ocrx_word' id='word_1_753' title='bbox 1642 5611 1732 5663; x_wconf 73' lang='grc' dir='ltr'><strong>καὶ</strong></span> 
     </span>
    </p>
   </div>
   <div class='ocr_carea' id='block_1_99' title="bbox 180 5698 1733 5772">
    <p class='ocr_par' dir='ltr' id='par_1_99' title="bbox 180 5698 1733 5772">
     <span class='ocr_line' id='line_1_99' title="bbox 180 5698 1733 5772; baseline -0.001 -19"><span class='ocrx_word' id='word_1_754' title='bbox 180 5700 322 5771; x_wconf 85' lang='grc' dir='ltr'><strong>μετά</strong></span> <span class='ocrx_word' id='word_1_755' title='bbox 372 5698 477 5750; x_wconf 86' lang='grc' dir='ltr'><strong>τῶν</strong></span> <span class='ocrx_word' id='word_1_756' title='bbox 527 5699 699 5768; x_wconf 78' lang='grc' dir='ltr'>δφεων</span> <span class='ocrx_word' id='word_1_757' title='bbox 754 5702 918 5772; x_wconf 84' lang='grc' dir='ltr'>μονὴν</span> <span class='ocrx_word' id='word_1_758' title='bbox 969 5699 1393 5764; x_wconf 79' lang='grc' dir='ltr'>ἀνταλλάξασθαι</span> <span class='ocrx_word' id='word_1_759' title='bbox 1443 5700 1539 5769; x_wconf 79' lang='grc' dir='ltr'>τῆς</span> <span class='ocrx_word' id='word_1_760' title='bbox 1599 5705 1733 5770; x_wconf 86' lang='grc' dir='ltr'><strong>μετά</strong></span> 
     </span>
    </p>
   </div>
   <div class='ocr_carea' id='block_1_100' title="bbox 175 5790 1720 5863">
    <p class='ocr_par' dir='ltr' id='par_1_100' title="bbox 175 5790 1720 5863">
     <span class='ocr_line' id='line_1_100' title="bbox 175 5790 1720 5863; baseline -0.001 -16"><span class='ocrx_word' id='word_1_761' title='bbox 175 5794 313 5847; x_wconf 76' lang='grc' dir='ltr'>Θεοῦ</span> <span class='ocrx_word' id='word_1_762' title='bbox 361 5790 579 5846; x_wconf 74' lang='grc' dir='ltr'>καὶτῶν</span> <span class='ocrx_word' id='word_1_763' title='bbox 605 5793 820 5860; x_wconf 78' lang='grc' dir='ltr'>ἀγαθῶν</span> <span class='ocrx_word' id='word_1_764' title='bbox 865 5795 954 5848; x_wconf 75' lang='grc' dir='ltr'><strong>καὶ</strong></span> <span class='ocrx_word' id='word_1_765' title='bbox 982 5792 1368 5863; x_wconf 74' lang='grc' dir='ltr'>φιλανθρώπων</span> <span class='ocrx_word' id='word_1_766' title='bbox 1414 5793 1673 5862; x_wconf 78' lang='grc' dir='ltr'>ἀγγέλων.</span> <span class='ocrx_word' id='word_1_767' title='bbox 1711 5815 1720 5845; x_wconf 75' lang='grc' dir='ltr'><strong>ι</strong></span> 
     </span>
    </p>
   </div>
   <div class='ocr_carea' id='block_1_101' title="bbox 1909 4250 3393 4324">
    <p class='ocr_par' dir='ltr' id='par_1_101' title="bbox 1909 4250 3393 4324">
     <span class='ocr_line' id='line_1_101' title="bbox 1909 4250 3393 4324; baseline 0.005 -21"><span class='ocrx_word' id='word_1_768' title='bbox 1909 4250 2172 4306; x_wconf 84' lang='lat' dir='ltr'><strong>Narrabat</strong></span> <span class='ocrx_word' id='word_1_769' title='bbox 2231 4269 2392 4322; x_wconf 90' lang='lat' dir='ltr'><strong>porro</strong></span> <span class='ocrx_word' id='word_1_770' title='bbox 2450 4254 2658 4321; x_wconf 88' lang='lat' dir='ltr'><strong>Carpus</strong></span> <span class='ocrx_word' id='word_1_771' title='bbox 2715 4271 2773 4308; x_wconf 87' lang='lat' dir='ltr'><strong>se</strong></span> <span class='ocrx_word' id='word_1_772' title='bbox 2817 4257 3146 4323; x_wconf 90' lang='lat' dir='ltr'><strong>voluptatem</strong></span> <span class='ocrx_word' id='word_1_773' title='bbox 3200 4271 3393 4324; x_wconf 87' lang='lat' dir='ltr'><strong>capere</strong></span> 
     </span>
    </p>
   </div>
   <div class='ocr_carea' id='block_1_102' title="bbox 1839 4341 3392 4410">
    <p class='ocr_par' dir='ltr' id='par_1_102' title="bbox 1839 4341 3392 4410">
     <span class='ocr_line' id='line_1_102' title="bbox 1839 4341 3392 4410; baseline 0 -13"><span class='ocrx_word' id='word_1_774' title='bbox 1839 4343 2056 4397; x_wconf 91' lang='lat' dir='ltr'><strong>solitum</strong></span> <span class='ocrx_word' id='word_1_775' title='bbox 2081 4381 2094 4403; x_wconf 92' lang='lat'><strong>,</strong></span> <span class='ocrx_word' id='word_1_776' title='bbox 2134 4357 2255 4396; x_wconf 89' lang='lat' dir='ltr'><strong>cum</strong></span> <span class='ocrx_word' id='word_1_777' title='bbox 2303 4342 2559 4396; x_wconf 89' lang='lat' dir='ltr'><strong>inferiora</strong></span> <span class='ocrx_word' id='word_1_778' title='bbox 2605 4343 2911 4410; x_wconf 89' lang='lat' dir='ltr'><strong>aspiceret,</strong></span> <span class='ocrx_word' id='word_1_779' title='bbox 2955 4341 3234 4410; x_wconf 87' lang='lat' dir='ltr'><strong>superiora</strong></span> <span class='ocrx_word' id='word_1_780' title='bbox 3267 4357 3392 4397; x_wconf 89' lang='lat' dir='ltr'><strong>vero</strong></span> 
     </span>
    </p>
   </div>
   <div class='ocr_carea' id='block_1_103' title="bbox 1838 4432 3391 4503">
    <p class='ocr_par' dir='ltr' id='par_1_103' title="bbox 1838 4432 3391 4503">
     <span class='ocr_line' id='line_1_103' title="bbox 1838 4432 3391 4503; baseline -0.002 -15"><span class='ocrx_word' id='word_1_781' title='bbox 1838 4435 2108 4503; x_wconf 74' lang='lat' dir='ltr'><strong>negligere</strong></span> <span class='ocrx_word' id='word_1_782' title='bbox 2136 4452 2146 4486; x_wconf 88' lang='lat'><strong>:</strong></span> <span class='ocrx_word' id='word_1_783' title='bbox 2183 4436 2416 4501; x_wconf 83' lang='lat' dir='ltr'><strong>graviter</strong></span> <span class='ocrx_word' id='word_1_784' title='bbox 2449 4443 2628 4488; x_wconf 82' lang='lat' dir='ltr'><strong>autem</strong></span> <span class='ocrx_word' id='word_1_785' title='bbox 2662 4433 2800 4487; x_wconf 89' lang='lat' dir='ltr'><strong>ferre</strong></span> <span class='ocrx_word' id='word_1_786' title='bbox 2825 4444 2877 4486; x_wconf 88' lang='lat' dir='ltr'><strong>et</strong></span> <span class='ocrx_word' id='word_1_787' title='bbox 2910 4433 3212 4501; x_wconf 85' lang='lat' dir='ltr'><strong>indignari,</strong></span> <span class='ocrx_word' id='word_1_788' title='bbox 3244 4432 3391 4501; x_wconf 86' lang='lat' dir='ltr'><strong>quod</strong></span> 
     </span>
    </p>
   </div>
   <div class='ocr_carea' id='block_1_104' title="bbox 2210 4519 3389 4591">
    <p class='ocr_par' dir='ltr' id='par_1_104' title="bbox 2210 4519 3389 4591">
     <span class='ocr_line' id='line_1_104' title="bbox 2210 4519 3389 4591; baseline 0.003 -19"><span class='ocrx_word' id='word_1_789' title='bbox 2210 4519 2585 4580; x_wconf 90' lang='lat' dir='ltr'><strong>decidissent;</strong></span> <span class='ocrx_word' id='word_1_790' title='bbox 2749 4532 2912 4591; x_wconf 87' lang='lat' dir='ltr'><strong>atque</strong></span> <span class='ocrx_word' id='word_1_791' title='bbox 2981 4523 3035 4576; x_wconf 91' lang='lat' dir='ltr'><strong>in</strong></span> <span class='ocrx_word' id='word_1_792' title='bbox 3095 4523 3234 4576; x_wconf 89' lang='lat' dir='ltr'><strong>hanc</strong></span> <span class='ocrx_word' id='word_1_793' title='bbox 3278 4538 3389 4577; x_wconf 91' lang='lat' dir='ltr'><strong>rem</strong></span> 
     </span>
    </p>
   </div>
   <div class='ocr_carea' id='block_1_105' title="bbox 1837 4613 3397 4684">
    <p class='ocr_par' dir='ltr' id='par_1_105' title="bbox 1837 4613 3397 4684">
     <span class='ocr_line' id='line_1_105' title="bbox 1837 4613 3397 4684; baseline -0.001 -14"><span class='ocrx_word' id='word_1_794' title='bbox 1837 4631 1961 4670; x_wconf 92' lang='lat' dir='ltr'><strong>cum</strong></span> <span class='ocrx_word' id='word_1_795' title='bbox 2007 4630 2147 4684; x_wconf 61' lang='lat' dir='ltr'><strong>sape</strong></span> <span class='ocrx_word' id='word_1_796' title='bbox 2195 4613 2564 4678; x_wconf 89' lang='lat' dir='ltr'><strong>incubuisset,</strong></span> <span class='ocrx_word' id='word_1_797' title='bbox 2600 4629 2698 4668; x_wconf 92' lang='lat' dir='ltr'><strong>nec</strong></span> <span class='ocrx_word' id='word_1_798' title='bbox 2726 4614 3080 4683; x_wconf 81' lang='lat' dir='ltr'><strong>profecisset,</strong></span> <span class='ocrx_word' id='word_1_799' title='bbox 3113 4622 3165 4667; x_wconf 92' lang='lat' dir='ltr'><strong>et</strong></span> <span class='ocrx_word' id='word_1_800' title='bbox 3203 4614 3397 4668; x_wconf 85' lang='lat' dir='ltr'><strong>acerbe</strong></span> 
     </span>
    </p>
   </div>
   <div class='ocr_carea' id='block_1_106' title="bbox 1835 4705 3392 4772">
    <p class='ocr_par' dir='ltr' id='par_1_106' title="bbox 1835 4705 3392 4772">
     <span class='ocr_line' id='line_1_106' title="bbox 1835 4705 3392 4772; baseline 0 -14"><span class='ocrx_word' id='word_1_801' title='bbox 1835 4707 2055 4764; x_wconf 88' lang='lat' dir='ltr'><strong>tulisse,</strong></span> <span class='ocrx_word' id='word_1_802' title='bbox 2099 4713 2152 4759; x_wconf 93' lang='lat' dir='ltr'><strong>et</strong></span> <span class='ocrx_word' id='word_1_803' title='bbox 2191 4705 2330 4759; x_wconf 91' lang='lat' dir='ltr'><strong>male</strong></span> <span class='ocrx_word' id='word_1_804' title='bbox 2368 4712 2645 4772; x_wconf 90' lang='lat' dir='ltr'><strong>precatum</strong></span> <span class='ocrx_word' id='word_1_805' title='bbox 2686 4722 2845 4771; x_wconf 88' lang='lat' dir='ltr'><strong>esse;</strong></span> <span class='ocrx_word' id='word_1_806' title='bbox 2887 4721 3007 4760; x_wconf 88' lang='lat' dir='ltr'><strong>cum</strong></span> <span class='ocrx_word' id='word_1_807' title='bbox 3051 4707 3136 4758; x_wconf 78' lang='lat' dir='ltr'><strong>vix</strong></span> <span class='ocrx_word' id='word_1_808' title='bbox 3178 4707 3392 4761; x_wconf 89' lang='lat' dir='ltr'><strong>tandem</strong></span> 
     </span>
    </p>
   </div>
   <div class='ocr_carea' id='block_1_107' title="bbox 1835 4796 3391 4863">
    <p class='ocr_par' dir='ltr' id='par_1_107' title="bbox 1835 4796 3391 4863">
     <span class='ocr_line' id='line_1_107' title="bbox 1835 4796 3391 4863; baseline 0 -14"><span class='ocrx_word' id='word_1_809' title='bbox 1835 4797 2030 4849; x_wconf 68' lang='lat' dir='ltr'><strong>caelum</strong></span> <span class='ocrx_word' id='word_1_810' title='bbox 2065 4797 2396 4863; x_wconf 84' lang='lat' dir='ltr'><strong>aspexisset,</strong></span> <span class='ocrx_word' id='word_1_811' title='bbox 2429 4796 2630 4850; x_wconf 89' lang='lat' dir='ltr'><strong>vidisse</strong></span> <span class='ocrx_word' id='word_1_812' title='bbox 2680 4796 2897 4863; x_wconf 83' lang='lat' dir='ltr'><strong>quidem</strong></span> <span class='ocrx_word' id='word_1_813' title='bbox 2947 4797 3078 4850; x_wconf 91' lang='lat' dir='ltr'><strong>illud</strong></span> <span class='ocrx_word' id='word_1_814' title='bbox 3128 4812 3342 4852; x_wconf 85' lang='lat' dir='ltr'><strong>rursum</strong></span> <span class='ocrx_word' id='word_1_815' title='bbox 3376 4835 3391 4858; x_wconf 92' lang='lat'><strong>,</strong></span> 
     </span>
    </p>
   </div>
   <div class='ocr_carea' id='block_1_108' title="bbox 1833 4884 3389 4957">
    <p class='ocr_par' dir='ltr' id='par_1_108' title="bbox 1833 4884 3389 4957">
     <span class='ocr_line' id='line_1_108' title="bbox 1833 4884 3389 4957; baseline -0.001 -19"><span class='ocrx_word' id='word_1_816' title='bbox 1833 4885 2283 4957; x_wconf 81' lang='lat' dir='ltr'><strong>quemadmodum</strong></span> <span class='ocrx_word' id='word_1_817' title='bbox 2317 4886 2478 4938; x_wconf 91' lang='lat' dir='ltr'><strong>etiam</strong></span> <span class='ocrx_word' id='word_1_818' title='bbox 2515 4892 2671 4939; x_wconf 88' lang='lat' dir='ltr'><strong>antea</strong></span> <span class='ocrx_word' id='word_1_819' title='bbox 2703 4885 2945 4951; x_wconf 89' lang='lat' dir='ltr'><strong>viderat;</strong></span> <span class='ocrx_word' id='word_1_820' title='bbox 2978 4884 3159 4939; x_wconf 84' lang='lat' dir='ltr'><strong>Jesum</strong></span> <span class='ocrx_word' id='word_1_821' title='bbox 3191 4894 3389 4945; x_wconf 88' lang='lat' dir='ltr'><strong>autem,</strong></span> 
     </span>
    </p>
   </div>
   <div class='ocr_carea' id='block_1_109' title="bbox 1835 4973 3391 5045">
    <p class='ocr_par' dir='ltr' id='par_1_109' title="bbox 1835 4973 3391 5045">
     <span class='ocr_line' id='line_1_109' title="bbox 1835 4973 3391 5045; baseline -0.001 -16"><span class='ocrx_word' id='word_1_822' title='bbox 1835 4992 1995 5045; x_wconf 91' lang='lat' dir='ltr'><strong>quem</strong></span> <span class='ocrx_word' id='word_1_823' title='bbox 2028 4976 2093 5030; x_wconf 90' lang='lat' dir='ltr'><strong>ad</strong></span> <span class='ocrx_word' id='word_1_824' title='bbox 2120 4975 2550 5030; x_wconf 85' lang='lat' dir='ltr'><strong>misericordiam</strong></span> <span class='ocrx_word' id='word_1_825' title='bbox 2580 4973 2632 5028; x_wconf 90' lang='lat' dir='ltr'><strong>id</strong></span> <span class='ocrx_word' id='word_1_826' title='bbox 2660 4975 2801 5044; x_wconf 91' lang='lat' dir='ltr'><strong>quod</strong></span> <span class='ocrx_word' id='word_1_827' title='bbox 2834 4977 3118 5044; x_wconf 80' lang='lat' dir='ltr'><strong>gerebatur</strong></span> <span class='ocrx_word' id='word_1_828' title='bbox 3153 4990 3391 5029; x_wconf 86' lang='lat' dir='ltr'><strong>commo-</strong></span> 
     </span>
    </p>
   </div>
   <div class='ocr_carea' id='block_1_110' title="bbox 1835 5065 3388 5134">
    <p class='ocr_par' dir='ltr' id='par_1_110' title="bbox 1835 5065 3388 5134">
     <span class='ocr_line' id='line_1_110' title="bbox 1835 5065 3388 5134; baseline 0.001 -16"><span class='ocrx_word' id='word_1_829' title='bbox 1835 5067 2036 5128; x_wconf 89' lang='lat' dir='ltr'><strong>visset,</strong></span> <span class='ocrx_word' id='word_1_830' title='bbox 2085 5081 2304 5118; x_wconf 90' lang='lat' dir='ltr'><strong>manum</strong></span> <span class='ocrx_word' id='word_1_831' title='bbox 2346 5065 2632 5134; x_wconf 82' lang='lat' dir='ltr'><strong>benignam</strong></span> <span class='ocrx_word' id='word_1_832' title='bbox 2675 5066 3119 5134; x_wconf 74' lang='lat' dir='ltr'><strong>porrexisse,-et</strong></span> <span class='ocrx_word' id='word_1_833' title='bbox 3170 5066 3388 5134; x_wconf 85' lang='lat' dir='ltr'><strong>angelos</strong></span> 
     </span>
    </p>
   </div>
   <div class='ocr_carea' id='block_1_111' title="bbox 1833 5157 3390 5227">
    <p class='ocr_par' dir='ltr' id='par_1_111' title="bbox 1833 5157 3390 5227">
     <span class='ocr_line' id='line_1_111' title="bbox 1833 5157 3390 5227; baseline -0.001 -16"><span class='ocrx_word' id='word_1_834' title='bbox 1833 5161 1922 5227; x_wconf 88' lang='lat' dir='ltr'><strong>qui</strong></span> <span class='ocrx_word' id='word_1_835' title='bbox 1953 5171 2056 5211; x_wconf 90' lang='lat' dir='ltr'><strong>una</strong></span> <span class='ocrx_word' id='word_1_836' title='bbox 2090 5158 2345 5212; x_wconf 81' lang='lat' dir='ltr'><strong>auxilium</strong></span> <span class='ocrx_word' id='word_1_837' title='bbox 2380 5158 2608 5219; x_wconf 85' lang='lat' dir='ltr'><strong>ferrent,</strong></span> <span class='ocrx_word' id='word_1_838' title='bbox 2642 5157 2788 5211; x_wconf 88' lang='lat' dir='ltr'><strong>viros</strong></span> <span class='ocrx_word' id='word_1_839' title='bbox 2820 5158 2982 5210; x_wconf 89' lang='lat' dir='ltr'><strong>alium</strong></span> <span class='ocrx_word' id='word_1_840' title='bbox 3012 5157 3115 5208; x_wconf 86' lang='lat' dir='ltr'><strong>alia</strong></span> <span class='ocrx_word' id='word_1_841' title='bbox 3145 5170 3209 5210; x_wconf 81' lang='lat' dir='ltr'><strong>ex</strong></span> <span class='ocrx_word' id='word_1_842' title='bbox 3238 5164 3390 5225; x_wconf 86' lang='lat' dir='ltr'><strong>parte</strong></span> 
     </span>
    </p>
   </div>
   <div class='ocr_carea' id='block_1_112' title="bbox 1834 5245 3386 5316">
    <p class='ocr_par' dir='ltr' id='par_1_112' title="bbox 1834 5245 3386 5316">
     <span class='ocr_line' id='line_1_112' title="bbox 1834 5245 3386 5316; baseline 0 -16"><span class='ocrx_word' id='word_1_843' title='bbox 1834 5248 2153 5312; x_wconf 88' lang='lat' dir='ltr'><strong>retinuisse,</strong></span> <span class='ocrx_word' id='word_1_844' title='bbox 2183 5247 2489 5314; x_wconf 81' lang='lat' dir='ltr'><strong>dixisseque</strong></span> <span class='ocrx_word' id='word_1_845' title='bbox 2515 5248 2689 5316; x_wconf 88' lang='lat' dir='ltr'><strong>Carpo</strong></span> <span class='ocrx_word' id='word_1_846' title='bbox 2721 5245 2904 5301; x_wconf 73' lang='lat' dir='ltr'><strong>Iesum</strong></span> <span class='ocrx_word' id='word_1_847' title='bbox 2939 5258 3184 5316; x_wconf 84' lang='lat' dir='ltr'><strong>porrecta</strong></span> <span class='ocrx_word' id='word_1_848' title='bbox 3212 5248 3386 5300; x_wconf 90' lang='lat' dir='ltr'><strong>adhuc</strong></span> 
     </span>
    </p>
   </div>
   <div class='ocr_carea' id='block_1_113' title="bbox 1834 5336 3383 5408">
    <p class='ocr_par' dir='ltr' id='par_1_113' title="bbox 1834 5336 3383 5408">
     <span class='ocr_line' id='line_1_113' title="bbox 1834 5336 3383 5408; baseline 0 -18"><span class='ocrx_word' id='word_1_849' title='bbox 1834 5354 1993 5392; x_wconf 87' lang='lat' dir='ltr'><strong>manu</strong></span> <span class='ocrx_word' id='word_1_850' title='bbox 2032 5355 2045 5391; x_wconf 91' lang='lat'>:</span> <span class='ocrx_word' id='word_1_851' title='bbox 2084 5356 2101 5386; x_wconf 85' lang='grc'><strong><em>‹</em></strong></span> <span class='ocrx_word' id='word_1_852' title='bbox 2133 5336 2250 5391; x_wconf 83' lang='lat' dir='ltr'><strong>Feri</strong></span> <span class='ocrx_word' id='word_1_853' title='bbox 2283 5353 2366 5392; x_wconf 89' lang='lat' dir='ltr'><strong>me</strong></span> <span class='ocrx_word' id='word_1_854' title='bbox 2388 5339 2534 5405; x_wconf 89' lang='lat' dir='ltr'><strong>jam;</strong></span> <span class='ocrx_word' id='word_1_855' title='bbox 2579 5346 2799 5408; x_wconf 86' lang='lat' dir='ltr'><strong>paratus</strong></span> <span class='ocrx_word' id='word_1_856' title='bbox 2825 5355 2941 5393; x_wconf 86' lang='lat' dir='ltr'><strong>sum</strong></span> <span class='ocrx_word' id='word_1_857' title='bbox 2969 5339 3108 5393; x_wconf 92' lang='lat' dir='ltr'><strong>enim</strong></span> <span class='ocrx_word' id='word_1_858' title='bbox 3142 5353 3383 5402; x_wconf 83' lang='lat' dir='ltr'><strong>rursum,</strong></span> 
     </span>
    </p>
   </div>
   <div class='ocr_carea' id='block_1_114' title="bbox 1830 5427 3385 5499">
    <p class='ocr_par' dir='ltr' id='par_1_114' title="bbox 1830 5427 3385 5499">
     <span class='ocr_line' id='line_1_114' title="bbox 1830 5427 3385 5499; baseline -0.001 -14"><span class='ocrx_word' id='word_1_859' title='bbox 1830 5429 2018 5485; x_wconf 83' lang='lat' dir='ltr'><strong>salutis</strong></span> <span class='ocrx_word' id='word_1_860' title='bbox 2062 5427 2341 5481; x_wconf 89' lang='lat' dir='ltr'><strong>hominum</strong></span> <span class='ocrx_word' id='word_1_861' title='bbox 2385 5445 2570 5492; x_wconf 85' lang='lat' dir='ltr'><strong>causa,</strong></span> <span class='ocrx_word' id='word_1_862' title='bbox 2604 5438 2828 5485; x_wconf 89' lang='lat' dir='ltr'><strong>mortem</strong></span> <span class='ocrx_word' id='word_1_863' title='bbox 2861 5429 3101 5497; x_wconf 91' lang='lat' dir='ltr'><strong>perpeti:</strong></span> <span class='ocrx_word' id='word_1_864' title='bbox 3146 5430 3385 5499; x_wconf 87' lang='lat' dir='ltr'><strong>mihique</strong></span> 
     </span>
    </p>
   </div>
   <div class='ocr_carea' id='block_1_115' title="bbox 1832 5518 3378 5588">
    <p class='ocr_par' dir='ltr' id='par_1_115' title="bbox 1832 5518 3378 5588">
     <span class='ocr_line' id='line_1_115' title="bbox 1832 5518 3378 5588; baseline 0 -17"><span class='ocrx_word' id='word_1_865' title='bbox 1832 5519 1933 5573; x_wconf 86' lang='lat' dir='ltr'><strong>hoc</strong></span> <span class='ocrx_word' id='word_1_866' title='bbox 1965 5525 2271 5587; x_wconf 88' lang='lat' dir='ltr'><strong>pergratum</strong></span> <span class='ocrx_word' id='word_1_867' title='bbox 2303 5529 2418 5580; x_wconf 90' lang='lat' dir='ltr'><strong>est,</strong></span> <span class='ocrx_word' id='word_1_868' title='bbox 2451 5519 2577 5572; x_wconf 92' lang='lat' dir='ltr'><strong>dum</strong></span> <span class='ocrx_word' id='word_1_869' title='bbox 2602 5519 2693 5571; x_wconf 85' lang='lat' dir='ltr'><strong>alii</strong></span> <span class='ocrx_word' id='word_1_870' title='bbox 2718 5518 2966 5572; x_wconf 90' lang='lat' dir='ltr'><strong>homines</strong></span> <span class='ocrx_word' id='word_1_871' title='bbox 2994 5533 3102 5572; x_wconf 87' lang='lat' dir='ltr'><strong>non</strong></span> <span class='ocrx_word' id='word_1_872' title='bbox 3133 5530 3378 5588; x_wconf 88' lang='lat' dir='ltr'><strong>peccent.</strong></span> 
     </span>
    </p>
   </div>
   <div class='ocr_carea' id='block_1_116' title="bbox 1832 5607 3378 5670">
    <p class='ocr_par' dir='ltr' id='par_1_116' title="bbox 1832 5607 3378 5670">
     <span class='ocr_line' id='line_1_116' title="bbox 1832 5607 3378 5670; baseline 0.001 -10"><span class='ocrx_word' id='word_1_873' title='bbox 1832 5608 1936 5661; x_wconf 87' lang='lat' dir='ltr'><strong>Sed</strong></span> <span class='ocrx_word' id='word_1_874' title='bbox 1968 5607 2123 5670; x_wconf 90' lang='lat' dir='ltr'><strong>vide,</strong></span> <span class='ocrx_word' id='word_1_875' title='bbox 2159 5624 2288 5662; x_wconf 90' lang='lat' dir='ltr'><strong>num</strong></span> <span class='ocrx_word' id='word_1_876' title='bbox 2322 5609 2414 5667; x_wconf 88' lang='lat' dir='ltr'><strong>tibi</strong></span> <span class='ocrx_word' id='word_1_877' title='bbox 2450 5609 2576 5662; x_wconf 88' lang='lat' dir='ltr'><strong>utile</strong></span> <span class='ocrx_word' id='word_1_878' title='bbox 2608 5608 2677 5662; x_wconf 92' lang='lat' dir='ltr'><strong>sit</strong></span> <span class='ocrx_word' id='word_1_879' title='bbox 2706 5608 2847 5662; x_wconf 90' lang='lat' dir='ltr'><strong>hanc</strong></span> <span class='ocrx_word' id='word_1_880' title='bbox 2880 5613 2932 5662; x_wconf 89' lang='lat' dir='ltr'><strong>in</strong></span> <span class='ocrx_word' id='word_1_881' title='bbox 2967 5611 3114 5663; x_wconf 84' lang='lat' dir='ltr'><strong>hiatu</strong></span> <span class='ocrx_word' id='word_1_882' title='bbox 3153 5620 3206 5664; x_wconf 89' lang='lat' dir='ltr'><strong>et</strong></span> <span class='ocrx_word' id='word_1_883' title='bbox 3257 5624 3378 5662; x_wconf 88' lang='lat' dir='ltr'><strong>cum</strong></span> 
     </span>
    </p>
   </div>
   <div class='ocr_carea' id='block_1_117' title="bbox 1831 5688 3380 5766">
    <p class='ocr_par' dir='ltr' id='par_1_117' title="bbox 1831 5688 3380 5766">
     <span class='ocr_line' id='line_1_117' title="bbox 1831 5688 3380 5766; baseline 0.003 -14"><span class='ocrx_word' id='word_1_884' title='bbox 1831 5688 2177 5766; x_wconf 77' lang='lat' dir='ltr'><strong>serpentibus</strong></span> <span class='ocrx_word' id='word_1_885' title='bbox 2213 5701 2579 5762; x_wconf 89' lang='lat' dir='ltr'><strong>mansionem,</strong></span> <span class='ocrx_word' id='word_1_886' title='bbox 2613 5700 2880 5754; x_wconf 89' lang='lat' dir='ltr'><strong>mansioni</strong></span> <span class='ocrx_word' id='word_1_887' title='bbox 2910 5715 3032 5754; x_wconf 91' lang='lat' dir='ltr'><strong>cum</strong></span> <span class='ocrx_word' id='word_1_888' title='bbox 3066 5699 3174 5753; x_wconf 84' lang='lat' dir='ltr'><strong>Deo</strong></span> <span class='ocrx_word' id='word_1_889' title='bbox 3203 5707 3256 5754; x_wconf 81' lang='lat' dir='ltr'><strong>et</strong></span> <span class='ocrx_word' id='word_1_890' title='bbox 3287 5699 3380 5756; x_wconf 79' lang='lat' dir='ltr'><strong>be-</strong></span> 
     </span>
    </p>
   </div>
   <div class='ocr_carea' id='block_1_118' title="bbox 1833 5787 3375 5862">
    <p class='ocr_par' dir='ltr' id='par_1_118' title="bbox 1833 5787 3375 5862">
     <span class='ocr_line' id='line_1_118' title="bbox 1833 5787 3375 5862; baseline 0.005 -24"><span class='ocrx_word' id='word_1_891' title='bbox 1833 5787 2008 5856; x_wconf 79' lang='lat' dir='ltr'><strong>nignis</strong></span> <span class='ocrx_word' id='word_1_892' title='bbox 2025 5787 2408 5859; x_wconf 73' lang='lat' dir='ltr'><strong>hominumque</strong></span> <span class='ocrx_word' id='word_1_893' title='bbox 2428 5791 2732 5846; x_wconf 83' lang='lat' dir='ltr'><strong>amantibus</strong></span> <span class='ocrx_word' id='word_1_894' title='bbox 2751 5792 2952 5862; x_wconf 89' lang='lat' dir='ltr'><strong>angelis</strong></span> <span class='ocrx_word' id='word_1_895' title='bbox 2981 5799 3326 5861; x_wconf 83' lang='lat' dir='ltr'><strong>anteponere.</strong></span> <span class='ocrx_word' id='word_1_896' title='bbox 3360 5816 3375 5846; x_wconf 75' lang='grc' dir='ltr'><strong>ι</strong></span> 
     </span>
    </p>
   </div>
  </div>
