4188 6432
160 393 322 468 1045

1167 395 1351 456 VITA
1382 391 1446 456 S.
1483 392 1830 456 DIONYSII
1873 392 2410 460 AREOPAGITJE.

3294 392 3428 455 1046

199 509 543 578 ὑποκειμένη
578 508 896 577 σεϐάσμασι,
927 510 1014 561 τὸν
1035 512 1226 562 οἰκεῖον
1255 510 1472 580 αὐχένα,
1505 512 1620 571 ταῖς
1652 514 1758 564 Διο-
1799 497 1844 556 Α

1751 540 1758 550 .
1799 497 1844 556 Α
1868 505 2128 559 servierat
2151 513 2205 556 et
2259 500 2414 554 factis
2443 538 2456 560 ,
2488 499 2780 568 quinetiam
2813 497 3056 567 subjecta
3089 505 3205 548 erat
3236 493 3405 550 cultui

205 599 399 652 νυσίου
427 599 680 668 διδαχαῖς,
712 599 913 651 ἐκεῖθεν
943 599 1284 664 ὑπεξελοῦσα,
1305 599 1384 669 τῷ
1409 600 1502 652 τοῦ
1535 602 1766 671 Χριστοῦ

204 690 368 761 ζυγῷ
407 692 735 760 ὑπηγάγετο.
790 692 875 752 Ὠς
907 687 995 742 οὖν
1040 691 1118 753 είς
1144 690 1342 758 γνῶσιν
1372 693 1548 754 αὐτοῖς
1571 730 1584 753 ,
1627 691 1773 764 οὗτοι)⁴

203 783 388 836 ταῦτα
415 784 509 835 καὶ
546 781 712 834 πολλά
748 781 907 852 ἔτερα
959 782 1232 849 γεγονέναι
1273 783 1516 850 ἀφίκετο,
1558 784 1656 852 τήν
1708 799 1766 834 τε

207 873 310 925 τοῦ
342 871 572 944 Χριστοῦ
605 875 833 942 ποίμνην
852 872 1236 943 αὐξανομένην,
1267 874 1359 925 καὶ
1397 875 1520 936 τοὺς
1565 875 1772 928 ἑαυτῶν

211 965 374 1026 θεοὺς
395 965 846 1037 παρεωραμένους
876 963 1078 1033 ἑώρων,
1108 963 1203 1025 τάς
1229 981 1286 1014 τε
1318 963 1533 1025 τελετὰς
1587 981 1770 1034 περιυ-

210 1054 534 1124 6ρισμένας,
566 1057 655 1107 καὶ
677 1057 754 1115 είς
781 1054 907 1120 γόνυ
951 1053 1204 1106 κλίνασαν
1231 1055 1329 1123 τὴν
1374 1055 1649 1116 ἀσέϐειαν,
1680 1054 1770 1106 ἐπὶ

216 1147 419 1214 μᾶλλον
462 1146 764 1198 ὲκκαίονται
784 1185 797 1208 ,
847 1146 938 1197 καὶ
970 1146 1057 1197 τὸν
1085 1145 1284 1197 τούτων
1327 1145 1493 1198 αἴτιον
1521 1147 1650 1197 ὅπου
1681 1146 1771 1199 κει)⁸

207 1235 503 1305 διατρίϐων
531 1236 634 1305 εἴη,
656 1235 1031 1288 πυνθάνονται·
1056 1237 1146 1287 καὶ
1173 1236 1262 1287 τὸν
1282 1235 1564 1306 μακάριον,
1582 1235 1768 1306 ἁθρόον

213 1328 648 1388 ἐπεισπεσόντες,
698 1328 791 1379 σὺν
835 1328 948 1396 ἅμα
998 1327 1250 1396 δεσμοῦσι
1288 1331 1398 1390 τοῖς
1443 1331 1556 1398 μετ’
1587 1328 1769 1392 αὐτοῦ,

212 1419 318 1487 τὴν
349 1418 494 1470 θείαν
538 1418 638 1470 ἀνὰ
669 1418 836 1487 στόμα
866 1419 1081 1488 διδαχὴν
1113 1419 1190 1470 Ξτι
1220 1419 1467 1488 φέροντα,
1508 1421 1600 1471 καὶ
1641 1437 1770 1490 προ-

216 1507 482 1575 κάθηνται
511 1507 780 1568 λυσσῶδές
813 1525 863 1559 τι
897 1510 987 1559 καὶ
1032 1509 1251 1576 μανικὸν
1281 1510 1371 1560 ἐπὶ
1391 1508 1486 1578 τὴν
1532 1509 1772 1573 ἐξέτασιν

216 1595 490 1658 πνέοντες.
514 1597 750 1649 Εἴσεισιν
779 1593 868 1649 οὖν
896 1599 922 1648 ὁ
943 1598 1198 1662 γεννάδας
1219 1598 1333 1666 ἅμα
1373 1598 1664 1667 Ῥουστικῷ
1684 1601 1771 1651 καὶ

234 1686 569 1757 Ἐλευθερίῳ,
611 1688 831 1756 ἀτρόμῳ
873 1686 1078 1756 διανοίᾳ
1121 1687 1211 1738 καὶ
1255 1688 1774 1759 πεπαρρησιασμένῃ

218 1775 391 1847 ψυχῇ,
423 1777 607 1845 ὥσπερ
635 1779 712 1838 είς
745 1777 956 1846 ἑορτὴν,
986 1777 1082 1828 οὐκ
1110 1779 1186 1838 εἰς
1214 1777 1397 1844 ἀγῶνα
1430 1777 1774 1847 καλούμενος.

1867 593 2302 652 simulacrorum,
2331 591 2528 646 collum
2551 605 2706 642 suum
2729 605 2791 642 ex
2821 589 2903 641 his
2922 590 3280 651 subtractum,
3313 587 3415 640 do-

1866 685 2041 738 ctrina
2076 681 2343 752 Dionysii,
2376 680 2654 747 subjunxit
2693 677 3066 748 jugo'Christi.
3098 681 3232 734 Cum
3281 695 3412 748 ergo

1868 776 1998 838 haec,
2034 782 2086 828 et
2120 775 2284 826 multa
2309 773 2413 825 alia
2456 770 2598 824 facta
2628 787 2768 833 esse,
2822 773 2888 824 ad
2943 786 3128 824 eorum
3179 771 3412 825 venisset

1865 866 2255 935 cognitionem,
2295 873 2348 918 et
2401 863 2603 918 Christi
2638 879 2850 932 gregem
2905 864 3126 933 augeri,
3177 875 3224 916 et
3284 878 3410 915 suos

1865 957 1993 1010 deos
2019 956 2276 1010 vidissent
2316 955 2530 1009 habitos
2571 954 2848 1024 despectui
2877 994 2890 1014 .
2947 962 3000 1008 et
3029 969 3124 1008 sua
3159 955 3412 1022 mysteria

1865 1048 2161 1107 contemni,
2185 1055 2237 1100 et
2268 1045 2579 1099 inclinatam
2608 1062 2729 1099 esse
2754 1046 3104 1114 impietatem,
3135 1046 3301 1114 magis
3325 1060 3414 1097 ac-

1865 1137 2190 1200 cenduntur,
2222 1143 2274 1190 et
2301 1144 2490 1203 rogant
2523 1136 2739 1189 ubinam
2763 1135 3052 1200 habitaret,
3088 1136 3176 1202 qui
3227 1151 3413 1187 eorum

1865 1237 1981 1282 erat
2011 1235 2232 1280 auctor:
2259 1233 2310 1281 et
2346 1235 2565 1295 repente
2597 1227 2648 1280 in
2680 1227 2894 1281 beatum
2929 1227 3195 1280 irruentes
3219 1224 3415 1292 Diony-

1866 1320 2168 1382 sium,eum
2199 1318 2360 1372 simul
2394 1319 2561 1386 ligant
2591 1333 2711 1372 cum
2739 1319 2807 1372 iis
2831 1319 3063 1387 quicum
3096 1318 3210 1387 ipso
3238 1324 3412 1380 erant,

1866 1410 1919 1463 in
1951 1426 2044 1464 ore
2073 1409 2310 1462 divinam
2337 1409 2514 1462 adhuc
2548 1409 2830 1463 habentem
2857 1408 3186 1473 doctrinam;
3232 1410 3416 1476 praesi-

1864 1499 2008 1563 dent,
2036 1501 2241 1554 rabiem
2284 1508 2336 1554 et
2369 1499 2604 1553 furorem
2628 1500 2897 1569 spirantes
2956 1498 3022 1551 ad
3063 1499 3418 1552 examinatio-

1865 1605 2005 1643 nem.
2041 1590 2341 1659 Ingreditur
2405 1605 2532 1659 ergo
2556 1590 2635 1642 vir
2657 1604 2819 1659 gener
2858 1604 2951 1643 sus
2973 1589 3133 1642 simul
3156 1605 3277 1642 cum
3306 1588 3419 1642 Ru-

1868 1682 2003 1734 stico
2030 1689 2080 1734 et
2111 1681 2438 1742 Eleutherio,
2479 1691 2654 1734 mente
2681 1681 2829 1733 ﬁrma
2869 1695 2928 1732 ac
2963 1681 3141 1734 stabili
3164 1689 3215 1734 et
3246 1681 3418 1734 libero

1869 1773 2068 1834 animo,
2098 1773 2321 1840 perinde
2346 1787 2408 1826 ac
2441 1773 2484 1826 si
2521 1779 2805 1826 vocaretur
2834 1771 2898 1828 ad
2949 1771 3167 1832 festum,
3217 1785 3324 1824 non
3352 1771 3416 1823 ad

221 1871 334 1922 Kal.
353 1869 416 1936 δὴ
456 1866 694 1935 θρασέως
727 1865 865 1918 οὕτω
909 1867 1001 1918 καὶ
1043 1867 1354 1937 αὐστηρῶς,
1395 1867 1458 1918 ἵν’
1504 1869 1566 1920 ὲκ
1595 1884 1774 1938 προοι-
1801 1851 1875 1911 Bt

1760 1851 2160 1916 .Bcertamen.
2209 1863 2538 1931 Arroganter
2585 1863 2747 1932 igitur
2794 1871 2847 1916 et
2902 1877 3132 1931 aspere,
3185 1869 3242 1914 ut
3295 1877 3414 1915 eum

223 1960 348 2028 μίου
374 1957 528 2018 εὐθὺς
558 1956 959 2026 καταπλήξωσι,
993 1958 1121 2024 φασὶ
1144 1957 1277 2027 πρὸς
1318 1957 1506 2008 αὑτὸν·
1544 1977 1560 2006 ι
1587 1959 1656 2008 Σὺ
1703 1953 1772 2020 εἴ,

216 2043 264 2100 ὦ
293 2048 572 2117 καταράτη
601 2047 826 2117 κεφαλὴ,
858 2050 884 2099 ὁ
904 2049 1026 2109 τους
1053 2048 1348 2116 ἡμετέρους
1379 2047 1529 2108 θεοὺς
1573 2049 1627 2098 ἐν
1671 2065 1774 2117 μη-

216 2139 332 2191 δενὶ
358 2139 652 2209 τιθέμενος,
697 2142 789 2192 καὶ
817 2139 912 2209 τὴν
941 2139 1092 2208 ἡμῶν
1118 2141 1178 2192 ὲκ
1213 2139 1374 2208 μέσου
1408 2140 1625 2208 ποιῆσαι
1657 2139 1779 2208 θρη-

220 2229 407 2280 σκείαν
449 2229 792 2296 φιλονεικῶν;
840 2229 1146 2297 ’Λπὸκριναι
1189 2227 1313 2291 οὖν,
1369 2230 1430 2282 τὸ
1461 2231 1632 2296 γένος,
1681 2232 1778 2301 τὴν

218 2320 608 2390 ἐνεγκαμένην,
639 2321 698 2372 τὸ
727 2320 1074 2390 ἐπιτήδευμα.
1104 2340 1119 2370 ι
1152 2322 1208 2374 '0
1237 2322 1312 2387 δὲ,
1345 2322 1778 2393 θαρραλεώτερος

222 2411 420 2479 μᾶλλον
465 2413 541 2480 τῷ
586 2412 720 2481 πρὸς
759 2413 988 2482 Χριστὸν
1027 2413 1312 2482 γενόμενος
1357 2415 1543 2485 ἔρωτι·
1582 2434 1598 2464 ι
1641 2415 1778 2482 Ἐγὼ

220 2501 341 2569 μὲν,
372 2494 414 2551 ὦ
441 2495 611 2563 οὗτος,
647 2501 827 2569 φησὶν,
877 2501 961 2553 ἵνα
1005 2499 1072 2552 τὰ
1108 2501 1202 2552 τοῦ
1251 2502 1436 2568 γένους
1484 2503 1543 2554 τό
1582 2520 1643 2570 γε
1686 2503 1776 2555 νῦν

218 2587 342 2656 ἔχον
370 2589 460 2639 καὶ
496 2588 591 2656 τὴν
629 2585 865 2658 πατρίδσί
890 2588 1077 2657 παρῶ,
1138 2589 1370 2659 Χριστοῦ
1423 2589 1603 2651 δοῦλος
1642 2586 1776 2645 εἶναι

215 2677 485 2744 ὁμολογῶ,
520 2680 608 2730 καὶ
641 2680 783 2747 μόνῳ
808 2679 976 2748 τούτῳ
1005 2678 1081 2748 τῷ
1117 2696 1175 2730 τε
1213 2681 1430 2750 ἀνάρχῳ
1472 2681 1645 2750 Πατρὶ
1687 2683 1776 2734 καὶ

215 2767 297 2834 τῷ
352 2768 598 2835 συναῖδίῳ
654 2770 814 2819 αὑτοῦ
889 2769 1128 2838 λατρεύω
1196 2773 1496 2840 Πνεύματι·
1533 2770 1778 2839 πέφευγα

213 2857 273 2908 δὲ
307 2857 397 2907 καὶ
421 2857 518 2924 τῆς
548 2857 576 2908 ὑ
586 2856 696 2925 μῶν
727 2857 928 2926 πλάνης
949 2876 961 2888 ο

215 3039 328 3097 νοῖς
379 3035 512 3103 πρὸς
570 3037 766 3107 ἀρετὴν
818 3039 1175 3108 ἑτοιμότατος.
1226 3040 1366 3110 Πρὸς
1410 3040 1576 3092 ταῦτα
1624 3043 1674 3093 ετ
1723 3059 1775 3094 τι

1006 2859 1082 2928 τῷ
1110 2860 1214 2930 γὰρ
1252 2861 1366 2928 ἐξιῴ
1412 2861 1628 2931 Χριστῷ
1677 2864 1777 2915 πέ-

216 2945 402 3004 ποιθα,
434 2944 758 3015 καθαιρέτης
793 2947 1170 3018 στερῤύτατος,
1223 2949 1477 3019 ἀλείπτης
1521 2953 1777 3020 Χριστια-

1865 1951 2348 2020 perterrefacerent
2407 1953 2589 2006 statim
2636 1953 2691 2006 in
2747 1953 3048 2022 principio,
3095 1952 3144 2005 ei
3181 1952 3415 2005 dicunt:

1869 2058 1889 2091 ι
1948 2039 2026 2093 Τιι
2097 2057 2188 2106 es,
2245 2057 2278 2094 ο
2335 2043 2724 2096 exsecrandum
2787 2051 2988 2111 caput,
3045 2043 3135 2110 qui
3202 2052 3418 2096 nostros

1864 2129 1993 2186 deos
2025 2131 2179 2183 nihili
2204 2129 2357 2194 facis,
2392 2139 2446 2184 et
2479 2131 2760 2185 contendis
2892 2125 2959 2180 de
3097 2130 3275 2183 medio
3321 2147 3421 2184 no-

1865 2228 2032 2273 stram
2059 2222 2250 2274 tollere
2277 2221 2622 2290 religionem?
2647 2220 2932 2289 Responde
2959 2235 3085 2289 ergo
3105 2261 3117 2283 ,
3166 2220 3306 2289 quod
3348 2222 3418 2275 sit

1866 2317 2015 2362 tuum
2047 2325 2236 2378 genus,
2266 2325 2385 2378 quae
2417 2319 2467 2362 te
2503 2309 2687 2363 tulerit
2739 2308 2931 2378 patria,
2987 2317 3038 2362 et
3082 2310 3224 2377 quod
3265 2317 3416 2364 tuum

1864 2401 2125 2456 studium.
2155 2422 2173 2451 ι
2218 2399 2310 2454 llle
2343 2411 2542 2462 autem,
2596 2414 2779 2453 amore
2811 2400 2865 2452 in
2901 2399 3178 2454 Christum
3222 2401 3271 2454 ei
3322 2398 3417 2454 ad-

1864 2492 2022 2545 dente
2059 2492 2296 2544 animum
2321 2530 2334 2552 ,
2370 2499 2422 2545 et
2469 2490 2700 2542 faciente
2761 2504 2883 2543 eum
2934 2490 3413 2544 conlidentiorem:

1871 2599 1888 2632 ι
1913 2580 2023 2649 Ego
2053 2581 2290 2649 quidem.
2322 2581 2519 2649 inquit,
2546 2595 2578 2632 o
2608 2595 2724 2643 vos,
2757 2587 2879 2634 utet
2910 2597 3078 2649 genus
3104 2590 3157 2634 et
3188 2580 3415 2650 patriam

1865 2672 2106 2724 omittam
2141 2672 2195 2723 in
2222 2671 2536 2740 pragsentia,
2559 2685 2643 2724 me
2665 2670 2869 2724 Christi
2896 2686 3108 2724 servum
3140 2686 3261 2725 esse
3287 2687 3417 2724 con-

1868 2763 2038 2826 Iiteor,
2073 2773 2260 2817 eteum
2303 2763 2498 2825 solum,
2525 2770 2578 2816 et
2609 2761 2856 2827 Patrem,
2889 2763 2980 2831 qui
3020 2771 3166 2815 caret
3208 2764 3414 2829 princi-

1866 2856 1972 2925 pio,
2004 2864 2056 2909 et
2089 2867 2410 2909 coaeternum
2434 2855 2551 2922 ejus
2577 2855 2695 2908 colo
2715 2852 2996 2923 Spiritum.
3015 2853 3211 2924 Aufugi
3239 2863 3416 2908 autem

1865 2961 1894 3000 a
1917 2955 2096 3002 vestro
2124 2962 2327 3010 errore,
2362 2946 2731 3001 validissimus
2763 2949 2838 3016 (in
2868 2961 2986 2999 meo
3015 2946 3158 3000 enim
3200 2945 3416 3000 Christo

1866 3039 2036 3093 habeo
2054 3037 2324 3106 ﬁduciam)
2343 3047 2647 3092 vestrorum
2667 3038 2888 3091 deorum
2921 3036 3253 3100 deturbator,
3278 3037 3416 3089 chri-

217 3127 684 3196 προστεταγμένον
713 3129 858 3197 ὑμῖν,
880 3131 1162 3198 πράσσετε.
1193 3149 1209 3178 ι
1243 3133 1348 3181 Καὶ
1378 3131 1472 3200 τὴν
1500 3131 1590 3183 τοῦ
1622 3132 1773 3200 ἁγίου
1798 3120 1871 3180 Ct

1761 3120 1841 3185 3C
1864 3131 2272 3198 stianorumque
2322 3128 2388 3181 ad
2439 3129 2693 3180 virtutem
2725 3126 3041 3180 exhortator
3071 3128 3415 3196 promptissi.

217 3217 432 3282 γνόντες
460 3217 516 3277 οἱ,
556 3216 830 3284 δυσμενεῖς
878 3219 1010 3286 μετὰ
1057 3219 1316 3280 συνέσεως
1348 3221 1630 3284 ἔνστασιν,
1684 3224 1780 3276 τὸν
1865 3235 1871 3270 t

1754 3241 1780 3276 ν
1865 3233 2004 3272 mus.
2037 3221 2117 3270 Ad
2151 3220 2264 3273 hare
2290 3217 2470 3281 facite,
2503 3219 2550 3272 si
2581 3217 2712 3287 quid
2744 3225 2827 3272 est
2853 3217 3006 3270 vobis
3033 3217 3408 3285 imperatum.»

215 3304 388 3373 θυμὸν
411 3308 488 3367 είς
516 3305 750 3357 θωπείαν
770 3307 1070 3376 ἀμείϐουσι,
1103 3308 1215 3369 καὶ,
1253 3327 1270 3358 ι
1296 3310 1383 3379 Μὴ
1401 3309 1496 3379 τὴν
1517 3311 1613 3380 σὴν
1645 3310 1776 3363 {vct-

219 3414 319 3466 μον
350 3396 534 3448 πολιὰν
565 3397 860 3468 ἀτιμώσῃς,
885 3399 1034 3466 φασὶ,
1053 3399 1308 3462 Διονύσιε,
1344 3402 1474 3470 μηδὲ
1503 3402 1643 3454 τέλει
1673 3402 1772 3474 τὴν

217 3486 380 3556 φίλην
409 3489 651 3557 ἑταιρίαν
681 3489 860 3558 πικρῷ
890 3490 1141 3559 παραδῷς
1161 3507 1173 3519 ο
1209 3491 1538 3558 πείσθητιτὰ
1567 3493 1775 3562 χρηστὰ

217 3577 658 3645 συμϐουλεύουσι,
691 3581 780 3629 καὶ
810 3580 868 3629 τὸ
888 3579 980 3630 τοῦ
1013 3579 1274 3647 βασιλέως
1303 3581 1496 3650 κράτος
1537 3581 1602 3633 δι’
1621 3582 1774 3652 ἡμῶν

217 3667 453 3718 ίκετεύόν
488 3685 543 3718 σε
585 3669 954 3738 δυσωπήθητιο
981 3669 1248 3740 πείσθητι,
1280 3672 1396 3738 φίλε
1425 3673 1625 3743 χρηστὲ
1656 3676 1773 3726 Διο-

213 3757 401 3818 νύσιε,
443 3760 554 3819 τοῖς
597 3761 881 3829 ἡμετέροις
939 3761 1096 3814 θῦσαι
1152 3761 1308 3824 θεοῖς,
1369 3764 1645 3833 πείσθητι·
1681 3767 1774 3819 καὶ

213 3850 430 3919 πρῶτος
457 3849 562 3900 τῶν
599 3851 702 3902 ὑπὸ
743 3853 839 3923 τὴν
872 3853 1139 3920 βασιλείαν
1169 3852 1264 3924 ἔσῃ
1299 3852 1433 3920 μετὰ
1461 3854 1565 3904 τῶν
1597 3855 1720 3908 σῶν.
1749 3875 1767 3905 ›

227 3940 289 3991 '0
301 3939 375 3998 δὲ,
400 3959 416 3989 ι
443 3939 808 4010 Πεπλάνησθε,
833 3942 1095 4011 φησὶ,τῆς
1116 3943 1383 4014 προτέρας
1401 3943 1603 4014 πλάνην
1631 3945 1770 4015 οὑ(·)

214 4031 456 4099 χείρονα,
496 4033 540 4082 εί
570 4032 665 4100 ἐμὲ
684 4032 929 4102 συλήσειν
960 4033 992 4102 ἡ
1023 4049 1141 4084 τινα
1174 4032 1280 4084 τῶν
1321 4034 1466 4104 ἐμῶν
1507 4035 1640 4097 ὅλως

217 4119 348 4189 θητε
373 4138 385 4149 ·
414 4123 558 4191 ἡμᾶς
586 4121 712 4193 γὰρ,
743 4118 800 4175 εὖ
836 4123 974 4187 ἴστε,
1004 4125 1064 4174 οὐ
1093 4125 1264 4192 τιμαὶ,
1304 4124 1400 4175 οὐκ
1432 4125 1641 4193 ἀτιμίαι
1662 4164 1674 4186 ,
1709 4127 1770 4177 οὐ

218 4210 466 4273 θωπεῖαι,
497 4215 555 4265 οὐ
589 4213 825 4282 βάσανοι,
848 4215 945 4264 οὐκ
974 4213 1098 4267 ἄλλο
1127 4231 1178 4266 τι
1207 4213 1313 4267 τῶν
1345 4213 1593 4268 ἁπάντων
1623 4215 1772 4270 οὐδὲν

215 4303 436 4370 χωρίσει
461 4301 709 4368 Χριστοῦ.
738 4320 756 4352 ι

1869 3305 2118 3362 Videntes
2150 3316 2327 3362 autem
2376 3308 2646 3372 malevoli,
2693 3308 2866 3361 sancti
2897 3307 3259 3360 constantiam
3289 3319 3412 3358 cum

1865 3399 2144 3467 prudentia
2165 3399 2536 3468 conjunctam,
2563 3397 2699 3451 iram
2718 3406 2927 3451 mutant
2948 3397 3003 3451 in
3027 3396 3412 3458 adulationem,

1863 3498 1936 3554 et,
1970 3510 1987 3541 ι
2012 3491 2088 3543 Ne
2113 3500 2278 3556 tuam,
2312 3505 2345 3545 ο
2373 3489 2614 3560 Dionysi,
2646 3489 2854 3554 dicunt,
2893 3489 3144 3543 canitiem
3173 3489 3415 3543 affeceris

1861 3583 2205 3644 contumelia,
2231 3597 2404 3650 neque
2425 3581 2620 3635 charos
2649 3581 2861 3634 sodales
2885 3582 3042 3634 morti
3069 3581 3274 3635 acerba:
3302 3587 3414 3633 tra-

1861 3672 2090 3735 dideris;
2115 3685 2242 3740 pare
2280 3678 2426 3725 recte
2455 3670 2862 3726 consulentibus
2889 3708 2904 3734 ,
2962 3677 3014 3723 et
3069 3669 3412 3738 imperatoris

1861 3765 2179 3833 potentiam,
2219 3777 2312 3830 per
2349 3778 2449 3816 nos
2482 3770 2532 3816 te
2567 3772 2863 3831 rogantem,
2921 3761 3154 3814 revereri
3191 3775 3414 3829 persua-

1861 3854 2061 3915 dearis,
2096 3868 2128 3904 o
2158 3852 2318 3905 chare
2347 3860 2398 3904 et
2433 3852 2570 3904 bone
2602 3851 2842 3921 Dionysi;
2874 3851 2978 3906 diis
3002 3852 3205 3907 nostris
3244 3855 3415 3907 sacri-

1861 3943 2023 3997 ﬁcare
2053 3943 2429 4012 persuadearis
2451 3950 2503 3998 et
2539 3943 2650 3997 eris
2687 3957 2810 3996 cum
2851 3942 2959 3996 tuis
2987 3945 3194 4011 primus
3223 3959 3415 3999 eorum

1861 4038 1954 4106 qui
1987 4036 2231 4092 suntsub
2257 4037 2505 4102 imperio.
2533 4055 2550 4086 ›
2579 4034 2670 4089 Ille
2690 4043 2899 4089 autem:
2936 4053 2952 4084 ι
2974 4033 3188 4098 Vester,
3214 4035 3410 4104 inquit,

1861 4127 1950 4180 hic
1990 4141 2143 4180 error
2185 4134 2268 4180 est
2301 4125 2449 4194 pejor
2473 4125 2671 4193 priore,
2703 4127 2748 4178 si
2801 4127 3000 4193 putetis
3044 4125 3180 4190 fore,
3211 4134 3270 4179 ut
3303 4142 3408 4191 me,

1861 4226 1953 4272 aut
1985 4233 2223 4270 meorum
2243 4218 2472 4287 aliquem
2511 4216 2799 4272 seducatis.
2851 4215 2963 4269 Hoc
3013 4218 3156 4270 enim
3197 4219 3405 4280 sciatis,

1861 4308 2001 4378 quod
2031 4324 2129 4361 nos
2160 4325 2264 4361 non
2289 4310 2520 4364 honores
2541 4347 2554 4373 ,
2588 4320 2692 4361 non
2723 4307 3087 4377 contumeliae,
3120 4321 3228 4362 non
3249 4308 3406 4364 blan-

193 4397 365 4458 ditiae,
403 4411 511 4450 non
545 4403 843 4460 tormenta,
889 4413 1064 4468 neque
1103 4399 1306 4469 aliquid
1343 4402 1485 4457 aliud
1532 4406 1755 4460 omnino
1785 4406 2055 4473 separabit
2095 4413 2426 4473 aChristo.»

294 4524 566 4576 Ἐντεῦθεν
585 4565 600 4588 ,
630 4525 750 4576 ἐπεὶ
791 4524 863 4595 μὴ
916 4521 1013 4577 οἷοί
1039 4543 1097 4578 τε
1136 4528 1335 4581 πείθειν
1361 4530 1669 4599 ἐτύγχανον,
1699 4533 1760 4586 τὸ
1790 4527 1835 4585 D
1923 4525 1948 4577 ἷ

1747 4527 1835 4586 ›[)
1923 4525 2181 4592 Deinceps
2203 4540 2330 4593 ergo
2355 4539 2477 4578 cum
2517 4540 2622 4579 non
2646 4535 2865 4596 possent
2906 4530 3262 4598 persuadere,
3305 4531 3401 4584 de-

201 4619 540 4683 προσωπεῖον
570 4617 661 4668 καὶ
703 4616 798 4687 τὴν
847 4618 1131 4686 ὑπόκρισιν
1173 4620 1528 4688 ἀποθέμενοι,
1568 4622 1646 4692 τῷ
1697 4640 1756 4677 τε

199 4703 360 4772 θυμῷ
391 4704 548 4756 πλέον
578 4704 847 4768 ζέσαντες,
879 4710 971 4760 καὶ
1011 4709 1106 4778 τῆς
1149 4709 1411 4780 καθέδρας
1458 4713 1677 4781 μανικόν
1703 4730 1753 4768 τι

198 4796 296 4847 καὶ
327 4797 823 4867 παρακεκινημένον
853 4797 1252 4863 ἐξαναστάντες·
1292 4820 1309 4852 ι
1348 4803 1480 4872 Παρ⁹
1510 4804 1680 4873 ὑμῶν,
1709 4797 1756 4857 ὦ

197 4888 436 4956 ἀνόητοι,
468 4889 722 4957 Διονυσίῳ
751 4889 881 4956 φασὶ
924 4890 1016 4940 καὶ
1057 4894 1167 4952 τοῖς
1213 4891 1348 4960 μετά
1374 4893 1535 4944 αὐτοῦ
1556 4932 1570 4956 ,
1600 4894 1668 4947 τά
1695 4911 1752 4947 τε

197 4977 309 5030 τῶν
340 4976 472 5028 θεῶν
499 4977 802 5046 ἀτιμοῦται,
821 4979 909 5031 καὶ
937 4979 1002 5030 τὰ
1019 4979 1108 5031 τοῦ
1125 4981 1513 5051 αὐτοκράτορος
1544 4999 1751 5056 μυκτη-

200 5066 429 5139 ρίζεται,
461 5069 553 5120 καὶ
575 5073 830 5137 μαγικαῖς
854 5070 1113 5131 ἐπινοίαις
1141 5071 1296 5140 δῆθεν
1319 5073 1391 5134 ὡς
1412 5073 1752 5146 θαυματουρ-

199 5159 350 5227 γίαις
373 5159 525 5227 ὑμεῖς
543 5162 665 5221 τοὺς
694 5159 796 5211 ὑπὸ
818 5160 914 5228 τὴν
934 5160 1132 5213 τούτων
1149 5163 1320 5232 ἀρχὴν
1338 5164 1636 5217 ὑποσυλᾶτε
1657 5167 1750 5220 καὶ

199 5247 607 5318 σφετερίζεσθε;
634 5268 653 5300 ι
675 5250 735 5301 Ol
761 5248 815 5300 δὲ
832 5249 993 5316 ἅγιοι,
1017 5270 1034 5300 ι
1073 5253 1281 5321 Ὅμοιοι
1310 5255 1488 5315 αὐτοῖς
1516 5255 1750 5321 γένοιντο

196 5343 250 5392 οι
294 5341 596 5411 ’τιμῶντεςι
637 5359 654 5390 ³
685 5342 782 5411 μιᾷ
823 5339 956 5410 πρὸς
985 5341 1176 5403 αὐτοὺς
1217 5342 1418 5412 ἔφησαν
1446 5346 1509 5413 τῇ
1563 5349 1742 5416 φωνῇ’

202 5450 222 5482 ‹
253 5433 410 5500 ἡμεῖς
437 5432 492 5484 δὲ
535 5431 594 5483 οὐ
643 5434 900 5499 μαγικαῖς
943 5432 1232 5494 ἐπινοίαις,
1289 5433 1362 5495 ὡς
1397 5434 1544 5486 αὐτοί
1590 5451 1743 5502 φατε,

196 5519 333 5573 ἀλλά
360 5523 423 5590 τῇ
452 5521 544 5573 τοῦ
587 5519 717 5572 Θεοῦ
762 5520 914 5589 ἡμῶν
955 5522 1045 5573 καὶ
1084 5524 1148 5590 τῇ
1177 5521 1268 5574 τοῦ
1298 5522 1555 5584 ζωοποιοῦ
1583 5525 1743 5578 αὐτοῦ

196 5609 508 5681 Πνεύματος
535 5610 810 5679 ἐπικλήσει
840 5612 934 5664 καὶ
984 5613 1230 5683 ἐνεργείᾳ
1272 5614 1485 5682 τυφλοῖς
1526 5613 1585 5665 τὸ
1629 5615 1743 5682 βλέ-

197 5718 341 5763 πειν,
373 5705 572 5767 κωφοῖς
601 5701 660 5754 τὸ
688 5700 883 5765 λαλεῖν,
907 5701 1059 5770 βάσιν
1088 5719 1144 5754 τε
1174 5707 1381 5772 χωλοῖς,
1426 5704 1517 5756 καὶ
1559 5704 1738 5775 δαιμο-

1851 4618 2024 4686 posita
2063 4630 2288 4682 persona
2311 4622 2363 4667 et
2393 4616 2756 4679 simulatione,
2782 4633 2905 4670 cum
2933 4619 3010 4672 ira
3041 4619 3212 4688 magis
3253 4620 3403 4674 εσυ-

1851 4707 2118 4767 buissent,
2154 4713 2205 4758 et
2242 4720 2272 4758 e
2311 4706 2565 4760 cathedra
2598 4707 2822 4770 furiose,
2853 4716 2906 4762 et
2939 4720 3114 4763 mente
3141 4712 3399 4778 quodam-

1851 4797 2012 4850 modo
2040 4805 2214 4850 emota
2273 4798 2669 4851 surrexissent:
2709 4817 2726 4848 ι
2751 4797 2791 4849 Α
2824 4799 2998 4860 vobis,
3046 4814 3079 4851 ο
3133 4807 3396 4861 amentes,

1851 4885 2106 4956 Dionysio
2145 4887 2349 4948 dicunt,
2390 4895 2443 4940 et
2465 4887 2530 4941 iis
2553 4889 2643 4955 qui
2669 4903 2790 4939 cum
2823 4887 2941 4955 ipso
2965 4897 3143 4952 erant,
3165 4889 3238 4944 dii
3267 4905 3396 4944 con-

1851 4978 2182 5037 temnumur,
2215 4985 2270 5030 et
2295 4977 2586 5044 imperator
2623 4977 2910 5032 irridetur:
2944 4986 2997 5033 et
3033 4981 3243 5034 artibus
3283 4996 3393 5034 ma-

1849 5069 2005 5138 gicis,
2039 5067 2258 5136 perinde
2316 5081 2379 5119 ac
2411 5066 2710 5130 miraculis,
2750 5083 2867 5131 eos,
2899 5069 2990 5138 qui
3041 5070 3160 5137 ejus
3208 5081 3397 5138 parent

1851 5157 2094 5227 imperio,
2131 5159 2197 5210 ab
2222 5172 2286 5211 eo
2316 5157 2610 5219 abducitis,
2641 5167 2692 5212 et
2720 5159 2786 5210 ad
2817 5167 3026 5214 vestras
3057 5171 3236 5229 partes
3281 5172 3394 5216 tra-

1848 5248 2081 5303 ducitis?
2105 5269 2121 5299 »
2154 5248 2337 5303 Sancti
2358 5259 2556 5312 autem,
2585 5267 2602 5298 ι
2625 5248 2838 5305 Similes
2868 5249 2945 5304 eis
2969 5249 3116 5312 ﬁant,
3137 5251 3226 5318 qui
3247 5252 3395 5319 ipsos

1847 5342 2052 5403 colunt,
2076 5360 2094 5390 ο
2115 5341 2193 5393 eis
2207 5356 2309 5392 una
2336 5355 2463 5392 voce
2482 5341 2769 5406 dixerunt;
2793 5360 2810 5392 ι
2836 5356 2934 5395 nos
2951 5349 3253 5398 autemnon
3279 5358 3394 5395 ma-

1849 5433 1982 5502 gicis
2013 5432 2240 5494 artibus,
2267 5441 2323 5486 ut
2344 5432 2544 5495 dicitis,
2591 5431 2685 5486 sed
2731 5432 2819 5488 Dei
2872 5434 3044 5486 nostri
3084 5441 3140 5488 et
3195 5435 3392 5488 vivifici

1847 5525 1967 5592 ejus
1997 5523 2228 5592 Spiritus
2261 5524 2598 5578 invocatione
2641 5531 2690 5577 et
2741 5525 3073 5593 Operatione,
3107 5527 3266 5579 caecis
3313 5528 3395 5579 vi-

1838 5619 1988 5676 'Sum,
2025 5618 2187 5670 mntis
2220 5632 2539 5681 sermonem,
2570 5615 2778 5668 claudis
2811 5616 3112 5686 ingressum
3137 5657 3152 5680 ,
3192 5626 3243 5670 et
3281 5616 3392 5671 dae-

1850 5708 2112 5762 moniacis
2155 5709 2452 5776 pra-bemus
2491 5708 2841 5760 curationem.
2887 5707 3125 5772 Quorum
3184 5723 3250 5762 ne
3283 5708 3386 5763 sibi

276 5817 342 5882 ι’)
382 5816 484 5872 Aut
511 5817 795 5888 legendum
830 5821 1040 5884 χείρονα
1075 5831 1191 5879 sine
1222 5825 1302 5892 οὐ,
1337 5841 1454 5880 cum
1493 5826 1802 5901 interprete,
1846 5837 1930 5880 aut

1493 5826 1802 5901 interprete,
1846 5837 1938 5880 aut
1968 5825 2311 5880 scribendum
2346 5823 2403 5874 οὐ
2435 5824 2732 5894 κρείττονα.
2765 5819 2916 5875 Eutr.
2947 5820 3110 5879 Pan.
