4188 6432
755 368 889 432 1047

2066 367 2348 426 MENSIS
2379 367 2745 428 OCTOBER.

3892 367 4032 432 1048

780 473 997 542 quidem
1031 479 1257 540 possunt
1283 472 1441 524 vestri
1464 470 1537 522 dii
1561 468 1850 538 quidquam
1875 469 2131 536 praebere,
2159 478 2214 521 ut
2239 471 2327 538 qui
2363 462 2406 518 Α
2428 491 2446 522 ν

2430 471 2555 522 νῶσι
2587 470 2919 539 προσέχομεν
2951 469 3122 522 ἴασιν⁸
3166 485 3239 523 ων
3295 473 3411 524 ούδὲ
3468 475 3677 535 ἑαυτοῖς
3738 476 3900 525 οὐδὲν
3953 478 4001 524 οἱ

782 563 895 618 sint
930 564 1070 632 ligna
1103 571 1154 616 et
1187 561 1409 630 lapides.
1444 560 1513 614 Os
1531 561 1665 612 enim
1691 559 1897 620 habent,
1923 569 2088 612 etnon
2121 561 2333 621 loquun-

785 663 904 705 tur:
942 653 1141 712 oculos,
1166 658 1214 702 et
1249 665 1347 700 nun
1373 647 1573 700 rident:
1609 663 1784 708 aures,
1815 656 1862 698 et
1905 663 2006 699 non
2038 646 2255 698 audiunt
2283 646 2332 702 ιτ.

784 740 963 800 Unum
996 741 1095 794 hoc
1125 740 1298 794 solum
1326 740 1478 792 vobis
1504 738 1767 791 elliciunt:
1803 737 2102 791 accendunt
2135 739 2330 807 ignem,

782 834 875 902 qui
899 846 1173 900 nunquam
1201 830 1428 884 desinet.
1458 848 1474 879 ›
1501 830 1767 882 Adversus
1791 829 1900 880 hmc
1930 843 2050 880 cum
2076 845 2180 882 non
2204 845 2332 896 pos-

787 932 910 980 sent
941 924 1163 992 tyranni
1191 921 1581 981 contradicere,
1616 927 1766 973 torve
1789 928 1842 973 et
1861 921 2050 972 insane
2073 934 2165 971 eos
2191 922 2333 988 aspi-

784 1019 1012 1080 cientes,
1041 1015 1247 1068 strictis
1275 1011 1466 1082 gladiis
1499 1026 1555 1064 se
1593 1016 1781 1079 parant
1915 1006 1979 1061 ad
2103 1009 2332 1074 caedem;

787 1117 1006 1169 etcum,
1047 1115 1301 1173 tanquam
1338 1103 1490 1171 signo
1523 1102 1667 1163 dato,
1701 1115 1794 1154 eos
1835 1099 2147 1152 eduxissent
2187 1107 2336 1152 extra

787 1201 1090 1262 civitatem,
1130 1196 1340 1248 vinctos
1373 1195 1579 1246 ducunt
1626 1192 1690 1245 ad
1733 1190 2002 1259 quoddam
2052 1205 2333 1254 cacumen,

788 1299 840 1344 et
871 1289 1093 1342 tradunt
1132 1285 1438 1348 lictoribus,
1485 1293 1541 1338 ut
1589 1299 1683 1336 eos
1739 1281 2082 1334 interﬁciant.
2132 1280 2338 1334 Interea

791 1385 968 1432 autem
995 1383 1186 1446 petunt
1219 1376 1396 1430 sancti
1434 1384 1644 1442 tempus
1675 1372 1962 1440 precandi,
1995 1371 2214 1424 ﬂectunt
2248 1386 2340 1440 ge-

789 1485 916 1524 nua.
955 1467 1092 1520 Tum
1139 1475 1519 1522 sacrosanctus
1552 1464 1753 1518 Christi
1795 1473 1996 1531 martyr
2030 1461 2336 1530 Dionysius,

789 1561 1018 1616 sublatis
1045 1559 1098 1612 in
1130 1558 1326 1612 calum
1356 1556 1562 1610 oculis:
1604 1572 1621 1604 ‹
1649 1553 1873 1607 Domine
1921 1551 2060 1605 Deus
2095 1552 2340 1620 omnipo-

791 1657 935 1712 tens,
993 1647 1116 1710 Fili,
1173 1648 1367 1715 inquit,
1425 1645 1719 1713 unigenite,
1760 1651 1812 1695 et
1853 1650 2036 1696 sancte
2082 1639 2337 1709 Spiritus,

793 1747 981 1794 sancta
1014 1736 1254 1790 Trinitas
1283 1735 1550 1805 principio
1581 1749 1805 1794 carens,
1839 1740 1891 1785 et
1935 1734 1985 1784 in
2030 1747 2188 1799 quam
2237 1747 2340 1784 non

2429 562 2677 630 ὑμέτεροι
2709 559 2838 624 θεοὶ,
2870 561 2963 613 ἇτε
2991 561 3118 623 ξύλα
3143 564 3234 615 καὶ
3261 562 3414 624 λίθοι,
3444 563 3622 615 δοῦναι
3653 565 3999 632 δεδύνηνται·

2428 653 2618 718 Στόμα
2651 651 2758 717 γὰρ
2791 651 3019 716 ἔχουσι,
3055 653 3148 703 καὶ
3175 655 3247 706 οὺ
3279 653 3595 705 λαλοῦσιν·
3618 654 4000 720 ὀφθαλμοί-ς,

2428 741 2524 792 καὶ
2556 742 2626 792 οὺ
2653 739 3025 803 βλέπουσιν
3057 741 3192 806 ὦτα,
3223 744 3316 795 καὶ
3347 746 3455 796 οὐκ
3500 744 3863 796 ἀκούουσιν.
3909 744 4004 794 Ἐν

2427 831 2582 882 τοῦτο
2612 833 2764 900 μόνον
2787 833 2912 900 ύμῖν
2941 834 3236 902 ἐνεργοῦσι,
3268 835 3327 885 τὸ
3355 834 3706 903 ἀτελεύτητον
3739 834 3859 902 πῦρ
3878 835 4006 884 ανα-

2431 921 2732 988 φλέγουσιν.
2763 941 2779 971 ι
2809 923 3024 984 Τούτοις
3054 923 3319 975 ἀντειπεῖν
3359 926 3419 976 ού
3449 924 3772 993 δυνηθέντες
3817 925 3872 972 οἱ
3914 923 4006 972 τύ-

2431 1027 2628 1080 ραννοι,
2646 1012 2804 1081 δριμύ
2832 1013 2992 1064 τικαὶ
3022 1013 3333 1082 παράφορον
3363 1015 3439 1074 είς
3461 1014 3654 1074 αὐτοὺς
3689 1013 4002 1072 ύπιῶντες,

2431 1101 2521 1153 καὶ
2549 1102 2616 1153 τά
2646 1103 2766 1172 Ξίφη
2792 1103 3142 1171 σπασάμενοι,
3174 1103 3306 1170 πρὸς
3335 1104 3422 1154 τὸν
3453 1104 3606 1171 φόνον
3635 1102 3999 1162 ὁπλίζονται·

2430 1191 2522 1244 καὶ
2555 1191 2616 1260 δὴ
2661 1193 2734 1254 ὡς
2784 1193 2888 1244 άπὸ
2942 1193 3161 1262 σημείου
3211 1192 3430 1254 τούτους
3488 1193 3860 1259 ἐξαγαγόντες
3911 1191 4006 1257 τῆς

2431 1282 2657 1344 πόλεως,
2694 1283 2783 1333 ὲπί
2828 1298 2948 1333 τινα
2983 1284 3224 1352 κορυφὴν
3256 1282 3533 1350 δεσμώτας
3581 1283 3878 1349 ἀνάγουσι,
3916 1285 4003 1331 καὶ

2430 1374 2541 1433 τοῖς
2573 1372 2782 1440 δημίοις
2814 1372 2880 1424 τὰ
2914 1373 3047 1442 πρὸς
3098 1372 3308 1442 σφαγὴν
3341 1375 3723 1441 ἐγχειρίζουσι.
3779 1371 4003 1433 Μεταξὺ

2431 1461 2487 1512 δὲ
2524 1461 2707 1531 καιρὸν
2768 1463 2815 1512 οἱ
2868 1462 3010 1528 ἆγιοι
3061 1460 3270 1512 αἰτοῦσι
3317 1463 3653 1532 προσευχῆς,
3712 1464 3811 1513 καὶ
3881 1464 4004 1528 γόνυ

2433 1551 2716 1605 κλίνουσιν.
2793 1551 2864 1602 Εν
2908 1550 3146 1620 τοσούτῳ
3191 1551 3246 1603 δὲ
3290 1553 3318 1604 ὁ
3367 1552 3695 1622 ἱερομάρτυς
3741 1552 3841 1602 τοῦ
3880 1554 4007 1619 X9:-

2435 1640 2560 1694 στοῦ
2611 1640 2911 1704 Διονύσιος,
2966 1639 3025 1691 τὸ
3087 1639 3236 1708 δμμα
3271 1642 3349 1701 είς
3397 1641 3657 1709 οὐρανοὺς
3695 1641 4002 1702 ἀνατείνας·

2440 1748 2458 1780 ι
2489 1729 2728 1781 Δέσποτα
2759 1730 2859 1782 Θεὲ
2893 1731 3287 1801 παντόκρατορ,
3326 1730 3438 1791 Υἱὲ,
3488 1731 3650 1800 φησι,
3693 1732 4005 1798 μονογενὲς,

792 1825 936 1879 cadit
960 1824 1178 1886 divisio,
1212 1824 1428 1890 suscipe
1451 1836 1727 1875 servorum
1757 1829 1972 1874 tuorum
2006 1820 2056 1871 in
2077 1835 2207 1888 pace
2225 1820 2341 1872 ani-
2369 1811 2446 1874 B:

2437 1823 2526 1874 καὶ
2563 1821 2710 1888 ἅγιον
2730 1820 2971 1890 Πνεῦμα,
2996 1820 3163 1890 Τριὰς
3189 1821 3316 1888 ἁγία
3349 1821 3548 1892 ἄναρχε
3584 1821 3676 1874 καὶ
3714 1823 4005 1892 ἀμέριστε.

791 1931 930 1978 mas,
954 1916 1208 1985 quoniam
1237 1922 1454 1984 propter
1487 1922 1536 1966 te
1559 1921 1730 1966 morte.
1761 1913 2042 1965 allicitnur.
2071 1931 2088 1961 ι
2139 1911 2200 1963 Et
2224 1925 2344 1964 cum

793 2004 991 2067 sancti,
1031 2021 1048 2054 ι
1074 2005 1266 2062 Amen,
1299 2021 1316 2053 ι
1341 2003 1756 2061 acclamassent,
1782 2014 2077 2053 conversus
2100 1998 2163 2050 ad
2192 1998 2346 2050 licto-

793 2111 911 2151 res:
952 2116 969 2146 ι
996 2094 1198 2156 Facite,
1226 2094 1420 2161 inquit,
1453 2091 1596 2160 quod
1629 2091 1727 2142 fuit
1757 2090 1906 2143 vobis
1943 2090 2280 2157 imperatum.
2322 2106 2340 2136 ι

796 2185 873 2238 Illi
901 2189 1078 2237 autem
1111 2181 1343 2250 primum
1393 2163 1610 2248 quidem
1653 2179 1793 2231 beati
1846 2175 2106 2243 Dionysii,
2156 2174 2347 2226 deinde

795 2271 1003 2329 Rustici
1036 2279 1088 2326 et
1110 2269 1406 2324 Eleutherii
1446 2274 1605 2333 caput
1667 2271 1962 2332 amputant.
2015 2262 2117 2315 Sed
2149 2277 2245 2314 nec
2296 2263 2347 2314 in

796 2364 898 2416 hoc
932 2360 1150 2430 quidem
1181 2358 1246 2427 (ο
1272 2356 1526 2425 Dionysi)
1561 2356 1625 2416 is,
1680 2355 1771 2421 qui
1805 2359 2026 2420 propter
2056 2341 2106 2404 te
2156 2364 2350 2417 passus

795 2460 899 2515 est,
933 2451 1034 2504 fuit
1079 2451 1277 2502 oblitus
1318 2448 1436 2515 ejus
1478 2446 1569 2514 qui
1601 2451 1821 2512 propter
1864 2444 2038 2510 ipsum
2092 2441 2348 2503 moritur;

798 2543 892 2600 sed
921 2541 1242 2596 miraculum
1272 2539 1434 2592 etiam
1465 2536 1704 2591 ostendit
1730 2535 1782 2586 in
1816 2533 2202 2600 amputatione.
2230 2525 2352 2582 Ete-

799 2638 908 2690 nim
939 2648 1062 2688 cum
1103 2646 1260 2686 suum
1295 2636 1457 2697 caput
1512 2637 1770 2697 tanquam
1824 2623 2040 2692 aliquod
2072 2621 2351 2689 praemium

799 2732 1003 2794 martyr
1041 2724 1155 2778 suis
1179 2721 1478 2789 accepisset
1508 2718 1780 2778 manibus,
1834 2716 2032 2766 transit
2079 2712 2144 2763 ad
2176 2725 2353 2762 remo-

801 2817 994 2870 tiorem
1023 2816 1222 2867 locum.
1252 2811 1478 2864 Ferebat
1502 2822 1629 2876 ergo
1660 2808 1774 2874 ipse
1815 2813 1975 2872 caput
2001 2803 2053 2854 in
2085 2800 2352 2861 manibus,

803 2913 1058 2975 tanquam
1089 2900 1306 2971 aliquod
1338 2897 1658 2966 tropbasum,
1695 2908 1723 2945 a
1753 2893 1934 2946 divina
1977 2892 2196 2946 omnino
2229 2901 2356 2953 por-

804 2974 948 3049 tatus
976 2994 1170 3064 gratia,
1205 3005 1376 3059 neque
1408 2987 1557 3056 prius
1584 2983 1809 3046 dimisit,
1838 2995 2000 3049 quam
2035 2977 2249 3029 mulieri
2275 2974 2358 3026 di-

807 3083 930 3133 vina
961 3063 1194 3148 quadam
1244 3075 1465 3127 omnino
1517 3084 1810 3123 occurrens
1865 3063 2248 3134 providentia,
2304 3063 2357 3114 in

2437 1906 2723 1982 προσδεξαι
2767 1908 2865 1970 τὰς
2913 1909 3018 1960 τῶν
3074 1909 3179 1960 σῶν
3242 1910 3438 1963 δούλων
3485 1915 3540 1963 ὲν
3573 1914 3769 1982 εἰρήνη
3806 1911 4005 1978 ψυχὰς,

2437 2001 2518 2052 ὅτι
2552 1999 2712 2052 ἕνεκά
2771 2016 2863 2051 σου
2912 1999 3302 2068 θανατούμεθα.
3336 2020 3351 2047 ι
3420 2003 3524 2053 Καὶ
3571 2001 3678 2052 τῶν
3728 2001 3906 2066 ἁγίων
3951 2002 4009 2051 τὸ

2444 2111 2461 2142 ι
2488 2093 2653 2162 Ἀμὴν
2676 2113 2692 2141 ι
2717 2091 3194 2160 ἐπιφωνησάντων,
3218 2092 3348 2160 πρὸς
3359 2094 3481 2154 τους
3497 2093 3725 2162 δημίους
3745 2095 4008 2162 ἐπιστρα-

2440 2183 2592 2250 φεὶς,
2634 2203 2649 2230 ι
2675 2182 2744 2232 Τὸ
2780 2181 3063 2232 κελευσθὲν
3097 2181 3221 2248 ὑμῖν
3256 2181 3540 2244 ἐκτελεῖτε,
3576 2202 3592 2233 ι
3635 2183 3828 2250 φησίν.
3868 2186 3928 2233 υἱ

2443 2271 2632 2341 πρῶτα
2670 2270 2764 2338 μὲν
2797 2268 2894 2336 τὴν
2926 2268 3018 2319 τοῦ
3058 2268 3320 2338 μακαρίου
3356 2269 3645 2328 Διονυσίου,
3687 2265 3808 2319 εἷτα
3860 2270 4008 2318 Ῥου-

2442 2359 2624 2412 στικοῦ
2659 2360 2750 2411 καὶ
2797 2358 3126 2428 Ἐλευθερίου
3189 2359 3507 2426 ὲκτέμνουσι
3555 2357 3818 2425 κεφαλήν.
3876 2357 4007 2406 Ἀλλ’

2439 2451 2554 2501 οὐδὲ
2586 2450 2759 2519 τούτῳ
2815 2449 2927 2511 σοῦ,
2963 2448 3224 2510 Διονύσιε,
3276 2451 3303 2499 ὁ
3335 2447 3420 2499 διὰ
3456 2448 3513 2497 σὲ
3547 2445 3738 2497 παθὼν
3787 2444 3888 2494 τοῦ
3944 2443 4008 2494 δι’

2441 2542 2599 2593 αὑτὸν
2633 2541 2955 2610 θνήσκοντος
2989 2539 3354 2606 ἐπιλέλησταιο
3379 2536 3511 2588 ἀλλά
3530 2543 3582 2586 τι
3618 2536 3712 2586 καί
3749 2535 3882 2603 περὶ
3915 2534 4010 2602 τὴν

2443 2633 2677 2702 ἐκτομὴν
2709 2632 2994 2702 τεράστιον
3041 2629 3426 2684 ἐπιδείκνυται.
3473 2627 3579 2679 Καὶ
3613 2628 3722 2696 γὰρ
3754 2626 3855 2695 τὴν
3891 2628 4010 2677 ἐαυ-

2440 2723 2535 2777 τοῦ
2590 2722 2846 2792 κεφαλὴν,
2881 2720 3065 2790 ὥσπερ
3110 2737 3160 2770 τι
3197 2718 3464 2789 βραϐεῖον,
3503 2721 3558 2770 ὲν
3592 2720 3713 2768 ταῖν
3769 2718 3953 2785 χεροῖν
3984 2719 4010 2766 ό

2448 2815 2654 2884 μάρτυς
2687 2811 2991 2880 δεξάμενος,
3047 2810 3128 2878 ἐφ’
3165 2809 3343 2861 ἱκανὸν
3376 2810 3536 2860 τόπον
3587 2808 3798 2858 δίεισιν.
3845 2807 4006 2870 12;:-

2446 2922 2537 2976 ρεν
2569 2899 2658 2956 οὗν
2690 2907 2786 2973 τὴν
2819 2901 3075 2970 κεφαλὴν,
3110 2900 3354 2967 καθάπερ
3386 2915 3438 2948 τι
3471 2902 3751 2967 τρόπαιον,
3777 2894 3874 2944 ὲπί
3907 2893 4010 2944 τῶν

2445 2996 2638 3069 χειρῶν
2669 2994 2851 3055 αὐτὸς,
2877 2993 2978 3043 ὑπὸ
3011 2992 3158 3051 θείας
3192 2989 3404 3049 πάντως
3438 2987 3732 3057 φερόμενος
3767 2987 4008 3056 χάριτος,

2447 3085 2538 3138 καὶ
2571 3084 2630 3141 οὐ
2668 3083 2927 3154 πρότερον
2980 3082 3166 3150 ἀνῆκε,
3221 3079 3348 3149 πρὶν
3385 3080 3472 3131 ὅτε
3505 3079 3568 3148 δὴ
3616 3078 3840 3144 γυναικὶ
3879 3079 4011 3129 κατὰ

808 3172 953 3225 illius
999 3167 1249 3222 manibus
1287 3160 1568 3232 deposuit,
1599 3158 1766 3213 veluti
1810 3156 2096 3225 quemdam
2140 3152 2425 3214 thesau—C

2447 3173 2594 3227 θείαν
2627 3172 2839 3236 πάντως
2873 3170 3204 3240 συνενεχθεὶς
3252 3171 3505 3239 πρόνοιαν
3567 3167 3783 3232 ἐκείνης
3843 3165 4013 3220 παλά-

804 3276 944 3314 rum.
964 3256 1225 3312 Iacebant
1254 3263 1432 3308 autem
1463 3250 1705 3319 neglecta
1727 3255 2040 3301 sanctorum
2066 3249 2360 3310 martyrum

804 3349 1108 3405 veneranda
1139 3357 1389 3415 corpora,
1421 3342 1550 3395 feris
1575 3346 1628 3391 et
1658 3337 1848 3388 avibus
1880 3334 1945 3385 ad
1973 3332 2238 3386 edendum
2270 3344 2362 3380 ex-

813 3444 1010 3512 posita,
1040 3447 1093 3494 et
1121 3454 1219 3493 nec
1243 3437 1391 3505 justa
1441 3429 1661 3500 quidem
1711 3425 2001 3496 sepultura:
2048 3426 2360 3474 consecuta.

881 3615 1122 3670 Lictores
1155 3616 1328 3662 autem
1362 3621 1429 3658 ne
1457 3605 1722 3656 hactenus
1747 3597 1964 3665 quidem
1998 3594 2158 3646 irasci
2189 3591 2382 3644 desie--

812 3714 939 3763 runt
960 3744 973 3764 ,
1008 3704 1102 3759 sed
1132 3704 1294 3754 etiam
1334 3699 1387 3749 in
1419 3696 1567 3762 ipsas
1597 3690 1782 3743 furunt
1807 3684 2084 3754 reliquias,
2119 3690 2365 3736 statuen-

815 3809 896 3852 tes
925 3809 1017 3848 eas
1042 3794 1093 3845 in
1118 3788 1282 3842 maris
1305 3783 1630 3856 profundum
1651 3780 1934 3850 projicere,
1965 3791 2030 3828 ne
2061 3763 2142 3826 vel
2187 3771 2366 3824 inani-

815 3897 969 3943 matae
993 3881 1264 3938 edicerent
1289 3875 1576 3935 miracula,
1604 3881 1656 3924 et
1695 3870 1817 3922 ideo
1862 3864 2198 3918 attraherent
2233 3859 2368 3910 mul-

815 3986 899 4028 tos
930 3974 996 4026 ad
1042 3969 1392 4040 agnitionem.
1428 3962 1580 4028 Quod
1612 3962 1791 4021 etiam,
1823 3965 1878 4009 ut
1905 3955 1982 4009 eis
2015 3955 2188 4007 visum
2228 3957 2367 4011 erat,

817 4067 1016 4118 factum
1047 4068 1214 4121 esset,
1240 4059 1344 4110 nisi
1370 4057 1471 4109 hoc
1501 4041 1700 4107 malum
1719 4049 2003 4104 consilium
2034 4046 2097 4097 ad
2123 4043 2368 4096 elTectum

819 4154 1009 4211 deduci
1027 4152 1169 4206 Deus
1195 4147 1577 4219 prohibuisset.
1598 4143 1733 4194 Nam
1760 4154 1880 4192 cum
1906 4136 2162 4188 sensisset
2184 4144 2370 4184 eorum

821 4247 1068 4302 consilia,
1101 4257 1163 4295 ea
1195 4254 1311 4308 quas
1340 4237 1633 4305 pretiosum
1664 4228 1916 4298 martyris
1946 4232 2107 4294 caput
2150 4235 2371 4287 accepe-

822 4345 904 4389 rat
923 4331 1157 4404 (mulieri
1184 4343 1376 4381 nomen
1401 4333 1514 4380 erat
1537 4324 1772 4390 Catula),
1795 4327 2027 4371 mentem
2054 4329 2204 4369 suam
2223 4325 2374 4364 com-

823 4401 1424 4478 municabatlidelibus,
1459 4422 1518 4466 ut
1567 4411 1675 4464 Deo
1720 4419 1926 4478 gratam
1976 4412 2027 4457 et
2074 4401 2446 4466 acceptam.D

823 4515 887 4568 Et
921 4529 1042 4567 cum
1074 4506 1408 4579 splendidam
1439 4511 1492 4557 et
1526 4503 1726 4555 lautam
1758 4504 2070 4565 apparasset
2111 4500 2371 4553 mensam,

825 4611 1039 4660 lictores
1071 4602 1275 4669 accepit
1299 4596 1564 4652 convivio.
1596 4591 1814 4646 Interim
1846 4601 1990 4648 vero,
2017 4585 2142 4638 dum
2166 4583 2199 4633 ii
2232 4596 2368 4633 con-

827 4699 1023 4752 vivium
1056 4694 1262 4748 inibant
1295 4689 1438 4758 apud
1468 4685 1771 4744 mulierem,
1797 4679 2013 4748 quidam
2047 4691 2108 4727 ex
2135 4671 2377 4725 ﬁdelibus

826 4789 1099 4858 accipiunt
1131 4791 1432 4851 martyrum
1458 4776 1736 4845 reliquias,
1786 4781 1837 4826 et
1881 4785 1973 4823 eas
2018 4763 2374 4819 abscondunt.

828 4883 1046 4940 Deinde,
1077 4878 1226 4942 linito
1258 4873 1527 4931 convivio,
1555 4884 1678 4922 cum
1709 4880 1825 4919 eam
1859 4879 1968 4916 rem
1997 4855 2381 4928 deprehendis-

827 4984 947 5030 sent
973 4974 1210 5032 lictores,
1247 4969 1325 5020 ira
1359 4963 1511 5018 valde
1541 4966 1694 5016 erant
1719 4955 1946 5026 perciti;
1979 4953 2071 5007 sed
2119 4950 2379 5003 fervorem

827 5064 918 5114 ire
943 5060 1204 5113 sedarunt
1235 5067 1479 5110 munera,
1509 5059 1564 5102 et
1600 5047 1971 5101 vehementem
2004 5039 2243 5092 furorem
2272 5036 2379 5088 dis-

829 5151 987 5206 solvit
1015 5148 1208 5202 mulier
1231 5141 1478 5214 pecunia.
1512 5139 1646 5194 Cum
1682 5137 1757 5189 illi
1788 5144 1965 5188 autem
2001 5128 2378 5187 recessissent,

832 5248 883 5297 in
906 5243 1138 5313 quadam
1161 5239 1323 5293 domo
1348 5232 1570 5302 deponit
1591 5230 1781 5283 Catula
1806 5237 2098 5294 martyrum
2131 5218 2384 5286 reliquias

835 5310 992 5392 tertio
1021 5332 1221 5386 mensis
1278 5325 1529 5383 Octobris
1555 5362 1569 5385 ,
1725 5312 1997 5371 miraculis
2159 5310 2361 5364 allatim

835 5424 1246 5496 proﬂuentibus,
1281 5417 1502 5489 perinde
1555 5428 1616 5467 ac
1648 5411 1826 5480 aliquo
1878 5409 2021 5462 fonte
2072 5405 2292 5475 pulchre
2335 5410 2385 5456 et

837 5520 1082 5576 suaviter
1110 5521 1384 5569 manante.
1418 5510 1530 5564 Non
1569 5507 1796 5560 multum
1845 5499 2104 5571 temporis
2127 5498 2380 5552 interces-

926 5667 951 5712 Ιι
987 5670 1128 5721 Psal.
1199 5681 1352 5723 cun,
1381 5665 1428 5722 ὅ,
1463 5659 1512 5711 6.

2451 3281 2595 3332 μαις,
2630 3259 2716 3316 οἷά
2775 3279 2894 3313 τινα
2957 3261 3257 3329 θησαυρὸν,
3295 3258 3601 3312 ἐναπέθετο.
3641 3258 3901 3309 Ἔκειντο
3962 3257 4014 3308 δὲ

2448 3355 2788 3425 ἀμελούμενα
2819 3353 2886 3406 τά
2918 3351 3024 3404 τῶν
3061 3353 3226 3418 ἁγίων
3264 3349 3552 3422 μαρτύρων
3586 3349 3746 3416 τίμια
3783 3349 4013 3416 σώματα

2449 3446 2609 3519 θηρσὶ
2644 3446 2775 3518 βορὰ
2811 3445 2901 3498 καὶ
2925 3443 3127 3515 ὀρνέοις
3178 3440 3528 3514 προκείμενα,
3569 3438 3704 3509 μηδὲ
3732 3438 3833 3507 τῆς
3869 3455 4008 3490 νενο-

2453 3552 2546 3606 μισ
2554 3536 2716 3604 μένης
2747 3535 2976 3602 λαχόντα
3007 3531 3200 3600 ταφῆς.

2522 3628 2583 3677 Οἱ
2619 3626 2798 3695 μέντοι
2840 3626 3020 3694 δήμιοι
3083 3624 3200 3675 οὐδὲ
3251 3622 3410 3692 μέχρι
3471 3617 3660 3671 τούτου
3711 3615 3817 3685 τῆς
3853 3613 4014 3685 ὀργῆς

2452 3718 2698 3788 ἔστησαν·
2735 3715 2865 3770 ἀλλὰ
2896 3715 2987 3768 καὶ
3018 3717 3126 3775 τοῖς
3175 3711 3440 3780 λειψάνοις
3487 3712 3662 3771 αὐτοῖς
3699 3708 4015 3777 ἐπιμαίνον-

2451 3827 2560 3872 ται,
2597 3809 2836 3879 θαλάσσῃ
2865 3807 3045 3859 δοῦναι
3079 3805 3168 3857 καὶ
3205 3803 3349 3873 βυθῷ
3403 3801 3843 3872 προθυμούμενοι
3868 3841 3882 3862 ,
3945 3800 4014 3860 ὡς

2453 3899 2517 3951 ἂν
2556 3898 2627 3968 μὴ
2659 3898 2756 3958 τὰς
2791 3895 2975 3956 αὑτὰς,
3013 3895 3102 3945 καὶ
3155 3894 3336 3961 ἄψυχα
3369 3891 3519 3949 ὄντα,
3570 3888 4014 3958 θαυματουργίας

2456 3989 2774 4051 ἐνδείξαιντο
2797 4027 2810 4050 ,

2457 4078 2764 4145 ἐπίγνωσιν.
2811 4075 2873 4126 Ὃ
2919 4072 3000 4142 δὴ,
3039 4071 3112 4132 ὼς
3146 4069 3326 4130 αὐτοῖς

2461 4169 2533 4236 μὴ
2566 4170 2632 4234 τῇ
2672 4166 2878 4233 πονηρᾷ
2909 4162 3082 4230 ταύτῃ
3119 4160 3286 4231 πέρας
3320 4156 3672 4226 ἐπενεχθῆναι
3724 4153 3888 4221 βουλῇ
3923 4153 4018 4203 διε-

2460 4229 2696 4308 κώλυσεν
2727 4256 2754 4304 ὁ
2972 4229 3270 4317 Αἰσθομένη
3324 4247 3428 4317 γὰρ
3460 4246 3551 4298 τοῦ
3588 4229 3958 4314 βουλεύματος
3989 4245 4018 4310 ἡ

2460 4349 2556 4420 τὴν
2589 4346 2772 4416 τιμίαν
2800 4344 2876 4413 τῷ
2908 4341 3022 4412 Θεῷ
3075 4340 3311 4409 κεφαλὴν
3356 4338 3620 4406 δεξαμένη
3673 4337 3870 4403 (ὄνομα
3919 4337 4020 4387 Κα-

2461 4441 2622 4495 τούλα
2652 4442 2717 4510 τῇ
2752 4437 2986 4507 γυναικί)
3023 4433 3291 4488 κοινοῦταί
3341 4448 3461 4484 τινα
3494 4434 3606 4491 τοῖς
3641 4431 3855 4489 πιστοῖς
3890 4429 4019 4492 γνώ-

2467 4550 2569 4603 μην
2601 4533 2674 4593 ὼς
2707 4527 2936 4598 ἀρεστὴν
2996 4524 3074 4594 τῷ
3130 4523 3246 4593 Θεῷ
3311 4523 3400 4574 καὶ
3436 4520 3750 4572 ἀπόδεκτον·
3798 4519 3894 4569 καὶ
3930 4533 4019 4568 πο-

2877 3978 3164 4037 κάντεῦθεν
3208 3981 3398 4042 ἕλξωσι
3430 3980 3552 4040 τοὺς
3608 3978 3836 4040 πολλοὺς
3889 3978 4016 4042 πρὸς

3376 4065 3538 4128 ἔδοξε,
3593 4066 3818 4130 γέγονεν
3855 4067 3941 4123 ἂν,
3975 4066 4017 4114 εἰ

2463 4624 2653 4691 λυτελῆ
2688 4619 3030 4691 παραθεμένη
3064 4617 3161 4686 τὴν
3193 4612 3489 4682 τράπεζαν,
3525 4613 3604 4674 εἰς
3636 4609 3870 4679 εὐωχίαν
3905 4610 4019 4669 τοῖος

2463 4714 2683 4784 δημίους
2746 4711 3066 4782 παρέλαὸεν.
3136 4709 3222 4760 Ἐν
3254 4709 3361 4776 ὅσῳ
3423 4707 3477 4758 δὲ
3541 4700 3681 4757 οὗτοι
3749 4702 4022 4753 εἱστιῶντο

2467 4806 2617 4877 παρὰ
2648 4809 2713 4876 τῇ
2747 4804 2994 4872 γυναικὶ,
3058 4801 3166 4854 τῶν
3199 4801 3403 4853 πιστῶν
3453 4814 3597 4858 τινες
3628 4795 3697 4848 τὰ
3732 4796 3891 4862 τίμια
3923 4793 4023 4844 τῶν

2472 4898 2756 4969 μαρτύρων
2791 4893 3222 4963 ὑπολαμϐάνουσι
3253 4892 3478 4958 λείψανα
3514 4889 3606 4941 καὶ
3639 4890 3694 4938 ὲν
3729 4885 3806 4954 τῷ
3837 4885 4024 4951 ἀφανεῖ

2470 4991 2862 5044 κατατίθενται.
2898 4983 3043 5049 Εἶτα,
3078 4986 3175 5055 τῆς
3209 4983 3438 5052 εὐωχίας
3470 4978 3811 5045 διαλυθείσης
3838 5017 3852 5040 ,
3919 4978 4022 5036 τοῖς

2470 5083 2677 5151 δημίοις
2710 5082 2769 5134 τὸ
2802 5080 3029 5149 πρᾶγμα
3079 5076 3390 5145 φωράσασιν
3423 5073 3514 5123 ἐπὶ
3550 5070 3691 5140 μέγα
3727 5069 3820 5120 καὶ
3874 5067 4023 5118 πάλιν

2472 5177 2764 5226 ὰνεκινεῖτο
2795 5170 2862 5223 τά
2893 5168 2986 5222 τοῦ
3019 5167 3188 5236 θυμοῦ
3227 5165 3318 5218 καὶ
3351 5161 3771 5232 διεθερμαίνετο’
3970 5156 4022 5209 τὸ

2473 5265 2569 5334 τῆς
2602 5264 2764 5335 ὀργῆς
2798 5260 2914 5324 ζέον
2955 5259 3022 5311 τά
3054 5257 3200 5328 δῶρα
3233 5252 3519 5321 κατέψυξε,
3555 5250 3648 5302 καὶ
3677 5249 3740 5302 τὸ
3775 5249 3908 5300 πολὺ
3939 5245 4021 5298 τοῦ

2475 5354 2641 5423 θυμοῦ
2673 5354 2941 5423 χρήμασιν
2975 5350 3006 5418 ή
3041 5346 3173 5415 γυνη
3209 5343 3487 5414 παραλύει.
3541 5339 3825 5393 Κὰκείνων
3875 5337 4024 5390 ἁπαλ-

2477 5446 2760 5511 λαγέντων,
2798 5442 2852 5494 ἐν
2883 5459 2985 5492 τινι
3017 5439 3084 5490 τὰ
3135 5437 3241 5488 τῶν
3278 5435 3567 5506 μαρτύρων
3612 5433 3841 5500 λείψανα
3877 5435 3907 5500 η
3944 5449 4024 5499 μαι

2480 5533 2638 5603 καρία
2673 5530 2920 5583 Κατούλα
2975 5527 3245 5596 δομήματι
3299 5520 3640 5591 κατατίθησι,
3696 5521 3890 5592 τρίτην
3941 5519 4021 5570 τοῦ
