4188 6432
159 362 296 426 1049
1391 349 1560 409 VITA
1605 347 1666 407 S.
1706 344 1936 404 ANDR(

1825 341 2145 403 DRONlCI.
3248 326 3380 388 1050

146 468 452 538 ὀκτωϐρξου
504 464 672 536 μηνὸς
721 464 963 530 ἄγοντος.
1019 460 1141 513 Τῶν
1188 459 1243 510 δὲ
1294 457 1588 526 θαυμάτων
1630 450 1716 507 οἷά
1747 467 1786 516 Α
1821 454 1920 515 sit,

1825 454 1920 515 sit,
1971 460 2026 504 et
2075 445 2461 501 convenientes
2502 441 2780 497 christiani
2830 439 3084 507 templum
3131 437 3380 507 gloriosis

1818 546 2053 598 excitant
2088 539 2402 596 victOrihus.
2459 547 2510 589 et
2540 535 2590 586 in
2624 532 2738 601 ipso
2767 546 2951 584 eorum
2996 530 3263 598 pretiosas
3291 531 3382 580 de-

1823 645 2026 705 ponunt
2054 632 2305 700 reliquias
2331 647 2344 683 :
2373 629 2437 682 ad
2461 626 2683 698 gloriam
2725 625 2816 678 Dei
2855 622 3054 685 Patris,
3085 632 3140 675 et
3168 620 3378 674 Domini

1827 725 1994 781 nostri
2023 725 2146 778 Jesu
2175 722 2372 776 Christi
2403 737 2417 772 :
2454 734 2612 788 quem
2649 718 2802 770 decet
2829 715 3005 767 honor
3039 723 3090 766 et
3119 712 3383 774 adoratio,

1827 833 1967 872 nunc
1994 827 2045 869 et
2072 829 2305 882 semper,
2336 821 2388 866 et
2423 813 2472 863 in
2505 811 2700 864 saecula
2734 807 3079 862 saeculorum.
3106 805 3295 857 Amen.

148 579 296 624 τινος
348 560 529 627 πηγῆς
567 557 704 624 ὁμοῦ
757 555 988 622 ναούσης
1030 553 1123 606 καὶ
1172 551 1422 620 ἥδιστον,
1465 549 1713 617 ἀφθόνως

155 652 574 722 προχεομένων,
632 650 693 701 οὗ
753 647 885 699 πολὺ
937 645 997 696 τὸ
1045 646 1104 696 ὲν
1169 642 1318 712 μέσῳ
1370 641 1715 702 συνελθόντες

154 741 475 814 Χριστιανοὶ
514 742 638 794 ναὸν
676 742 787 801 τοῖς
827 737 1152 798 καλλινίκοις
1203 734 1544 803 ἁνεγεὶρουσι
1568 773 1582 793 ,
1625 731 1718 784 καὶ

155 835 226 887 τὰ
265 835 422 904 τίμια
456 834 661 886 τούτων
695 835 753 884 ἐν
791 828 938 896 αὐτῷ
978 827 1302 880 ἀποτιοέασι
1350 824 1609 890 λείψαναο
1641 822 1721 881 εἰς

156 899 336 994 δόξαν⁷
361 931 495 983 Θεοῦ
538 928 785 996 Πατρὸς,
848 927 944 977 καὶ
1000 924 1205 994 Κυρίου
1241 921 1399 990 ἡμῶν
1450 917 1631 988 Ἰησοῦ
1676 912 1955 984 Χριστοῦ,
2018 905 2062 980 ᾦ
2101 914 2299 982 πρέπει
2355 909 2491 980 τιμὴ
2548 909 2640 961 καὶ
2705 903 3077 975 προσκύνησις
3128 901 3204 964 εἰς
3259 899 3388 961 τοὺς

159 1023 384 1086 αἰῶνας.
436 1025 625 1092 Ἀμήν.

173 1146 3360 1187 ΜΗ

1090 1165 3238 1196 W

3247 1163 3363 1176 ..ὴ

826 1342 1284 1499 VlTA
1382 1344 1538 1496 S.
1701 1336 2744 1490 ANDRONICI

1085 1633 1254 1740 ET
1333 1627 1670 1742 EJUS
1756 1623 2481 1738 CONJUGIS.

172 1858 341 1920 (Apud
383 1857 578 1907 Surium
632 1852 690 1900 ad
729 1851 860 1900 diem
898 1850 957 1899 27

1008 1849 1288 1898 Februarii:
1317 1847 1482 1896 Graece
1511 1857 1606 1891 non
1656 1847 1818 1891 exstat
1858 1841 1903 1889 in
1935 1847 2061 1889 'mss.
2105 1839 2288 1895 Paris.;
2339 1840 2455 1886 socii
2500 1838 2799 1888 Bollandiaul
2843 1837 2998 1887 Vitam
3057 1838 3106 1886 S.
3141 1833 3400 1886 Andronici

1273 1885 1817 1957 ἓιὶὶῖιίὶειῖῐῐῖ
1832 1885 2040 1952 biennii;
2052 1885 2120 1950 vadi
2135 1885 2266 1949 diem
2279 1885 2325 1948 '9
2345 1885 2583 1949 Detobris
2600 1900 2617 1962 )

250 2246 294 2298 l.
336 2243 394 2296 ln
425 2243 613 2296 diebus
653 2239 942 2293 Theodosii
997 2236 1170 2308 Magni
1220 2238 1581 2308 imperatoris,
1631 2249 1746 2293 erat
1771 2245 1820 2302 A
1849 2255 2021 2309 usque
2042 2239 2108 2294 ad
2142 2239 2328 2292 horam
2361 2244 2610 2297 sextam:
2655 2244 2708 2289 et
2751 2249 3028 2296 reversus,
3064 2234 3214 2287 audit
3241 2234 3407 2308 ejula-

177 2336 235 2389 in
270 2347 458 2402 magna
512 2331 644 2384 urbe
695 2329 979 2383 Antiochia
1029 2328 1244 2394 juvenis
1293 2329 1507 2397 quidam
1552 2346 1744 2400 argen—

180 2424 377 2488 tarius,
405 2421 622 2476 nomine
653 2417 1028 2473 Andronicus.
1053 2418 1276 2485 Accepit
1315 2431 1493 2473 autem
1525 2436 1744 2473 uxorem

181 2515 350 2569 ﬁliam
380 2512 688 2584 argentarii,
735 2509 953 2564 nomine
1002 2507 1250 2563 Joannis.
1299 2510 1428 2564 Erat
1466 2527 1590 2563 vero
1631 2511 1748 2579 ejus

182 2621 387 2661 nomen
425 2605 738 2660 Athanasia.
776 2604 898 2656 Erat
934 2601 1292 2656 enim-revera
1335 2602 1650 2662 Athanasio.
1697 2603 1748 2657 id

183 2706 293 2764 est,
325 2695 736 2758 immortalis,et
760 2694 936 2757 factis,
956 2701 1009 2747 et
1036 2693 1380 2762 cogitatione.
1415 2695 1542 2747 Erat
1571 2705 1750 2748 autem

184 2787 532 2842 Andronicus
561 2785 716 2838 valde
763 2784 904 2853 pius,
957 2793 1011 2836 et
1052 2785 1244 2852 plenus
1279 2784 1437 2837 bonis
1478 2785 1750 2853 operibus.

187 2879 453 2935 Similiter
509 2892 636 2932 vero
689 2876 808 2946 ejus
862 2891 1079 2946 quoque
1140 2890 1319 2928 uxor:
1379 2886 1537 2929 erant
1574 2885 1764 2952 autem

187 2970 345 3025 valde
378 2969 587 3024 divites.
623 2966 712 3022 Sic
739 2982 870 3022 vero
905 2968 1064 3021 vitam
1107 2981 1255 3020 suam
1295 2965 1524 3036 agebant
1564 2981 1757 3035 argen-

188 3061 404 3126 tariam,
428 3071 481 3116 et
508 3061 790 3114 facultates
825 3075 949 3113 suas
976 3060 1278 3113 diviserunt
1307 3061 1361 3112 in
1401 3068 1509 3113 tres
1541 3068 1716 3126 partes
1741 3076 1754 3111 :

190 3169 356 3209 unam
389 3153 604 3222 quidem
649 3152 704 3204 in
740 3151 1007 3204 ratio‘nem
1049 3165 1371 3218 pauperum,
1403 3160 1458 3203 et
1490 3151 1647 3203 aliam
1703 3151 1758 3203 in

191 3245 461 3300 rationem
486 3241 896 3304 monachorum,
931 3249 984 3294 et
1006 3239 1162 3294 aliam
1204 3239 1260 3293 in
1293 3241 1556 3294 rationem
1590 3240 1761 3293 facul-

192 3345 366 3394 tatum
397 3344 451 3390 et
481 3333 729 3390 oﬁlcinaa.
777 3330 1043 3388 Universa
1087 3341 1266 3387 autem
1306 3332 1496 3387 civitas
1547 3332 1764 3387 amabat

191 3428 476 3484 dominum
503 3426 873 3481 Andronicum
908 3433 1128 3494 propter
1163 3426 1279 3492 ejus
1310 3424 1652 3478 modestiam.

266 3520 334 3575 ll.
373 3518 639 3591 Cognovit
669 3526 850 3572 autem
889 3532 1042 3571 suam
1079 3515 1338 3584 uxorem;
1371 3526 1426 3570 et
1462 3532 1584 3570 cum
1630 3531 1761 3571 con-

193 3612 470 3683 cepisset,
527 3610 737 3679 peperit
790 3609 995 3675 ﬁlium,
1057 3618 1111 3663 et
1162 3609 1583 3662 nominaverunt
1639 3623 1762 3661 eum

193 3703 482 3759 Joannem.
512 3699 646 3755 Cum
698 3715 827 3755 vero
875 3701 1053 3755 adhuc
1101 3699 1153 3751 in
1191 3708 1343 3750 utero
1398 3696 1762 3766 concepisset,

197 3792 409 3863 peperit
442 3791 624 3856 ﬁliam,
676 3799 728 3846 et
775 3789 1075 3845 nominavit
1118 3803 1236 3841 eam
1293 3785 1536 3850 Mariam,
1590 3801 1766 3855 neque

197 3881 434 3950 amplius
470 3879 926 3950 appropinquavit
977 3877 1130 3930 uxori
1161 3877 1525 3930 Andronicus.
1567 3876 1766 3928 Conic-

199 3975 354 4028 rebat
384 3981 561 4024 autem
593 3986 749 4024 suum
785 3969 1020 4024 studium
1045 3969 1108 4023 ad
1136 3969 1422 4037 diligenter
1446 3979 1496 4020 et
1521 3967 1767 4020 lubenter

198 4056 582 4124 laborandum,
611 4077 733 4115 cum
769 4060 887 4113 aliis
923 4060 1120 4114 Christi
1171 4059 1474 4114 ani-nribus
1519 4068 1769 4128 argenta-

203 4157 321 4209 riis.
380 4154 660 4208 Dominico
714 4161 768 4205 et
816 4152 901 4205 die
955 4152 1194 4206 secundo
1250 4159 1304 4203 et
1352 4160 1548 4218 quarto
1608 4158 1660 4201 et
1714 4149 1766 4200 in

203 4247 532 4309 Parasceve,
589 4260 616 4297 a
659 4260 880 4314 vespera
935 4259 1101 4312 usque
1166 4244 1230 4296 ad
1285 4244 1604 4295 matutinum
1659 4239 1772 4292 ibat

198 4338 547 4391 Andronicus
578 4329 640 4389 ad
681 4337 936 4389 lavandos
981 4336 1124 4387 viros
1167 4350 1295 4388 suos
1346 4333 1564 4387 fratres.
1611 4333 1770 4385 Simi-

203 4428 331 4481 liter
384 4436 564 4480 autem
622 4426 739 4494 ejus
790 4438 1005 4492 quoque
1053 4440 1186 4477 uxor
1232 4424 1299 4476 ad
1341 4423 1596 4476 lavandos
1645 4425 1761 4475 dili-

204 4528 398 4589 genter
456 4518 731 4572 mulieres.
806 4515 933 4570 Post
994 4525 1207 4586 tempus
1281 4531 1410 4569 vero
1482 4514 1769 4569 duodecim

204 4624 498 4671 annorum,
541 4609 782 4678 ingressa
831 4615 912 4663 est
958 4609 1190 4677 quodam
1225 4607 1311 4661 die
1356 4620 1511 4661 mane
1554 4607 1771 4661 domina

206 4699 501 4754 Athanasia
530 4715 559 4752 a
589 4699 889 4753 voluntario
924 4699 1013 4752 illo
1043 4698 1224 4752 labore
1261 4700 1323 4751 ad
1360 4699 1616 4752 videndos
1646 4712 1772 4750 suos

208 4789 370 4852 ﬁlios,
403 4797 458 4842 et
483 4788 689 4840 invenit
720 4801 813 4840 eos
836 4787 1188 4854 suspirautes.
1221 4787 1308 4839 Illa
1336 4795 1514 4839 autem
1553 4797 1776 4840 contur«

208 4883 338 4936 bata
403 4879 649 4933 ascendit
680 4879 734 4930 in
783 4879 980 4932 lectum
1033 4892 1216 4943 somn,
1263 4887 1316 4930 et
1361 4878 1538 4946 posuit
1587 4879 1774 4932 ambos

209 4985 377 5042 supra
419 4979 608 5040 pectus
652 4984 831 5023 suum.
883 4971 1080 5022 Beatus
1133 4983 1260 5022 vero
1301 4968 1644 5022 Andronicus
1693 4970 1777 5021 in-

212 5077 462 5134 gressus,
518 5061 685 5129 οωνὶι
737 5060 970 5114 clamare
1022 5063 1074 5112 in
1125 5074 1344 5113 uxorem
1386 5075 1578 5124 suam,
1633 5061 1777 5129 quod

211 5155 444 5209 multum
487 5154 768 5207 dormiret.
820 5151 912 5205 llla
957 5164 1138 5206 autem
1195 5154 1375 5207 dixit:
1426 5149 1544 5206 Noli
1595 5153 1776 5218 irasci,

212 5248 434 5303 domine
464 5248 559 5309 mi,
609 5245 759 5314 pueri
806 5245 952 5298 enim
1001 5255 1127 5298 sunt
1176 5245 1387 5301 inﬁrma
1424 5245 1778 5298 valetudine:

213 5349 272 5394 et
314 5353 438 5392 cum
483 5340 768 5408 tetigisset,
827 5339 1032 5390 invenit
1082 5353 1174 5391 eos
1213 5337 1382 5390 teneri
1433 5353 1461 5390 a
1513 5338 1682 5398 febre,
1727 5343 1780 5390 et

213 5426 350 5480 dicit
389 5426 668 5495 suspirans
701 5443 715 5479 :
755 5425 872 5480 Fiat
914 5427 1166 5480 voluntas
1212 5428 1303 5480 Dei
1339 5444 1351 5478 :
1390 5436 1443 5480 et
1478 5427 1577 5480 ivit
1624 5437 1776 5480 extra

213 5517 512 5580 civitatem,
543 5518 609 5572 ad
661 5519 989 5587 precandum
1039 5529 1290 5572 sanctum
1333 5516 1625 5572 Julianuui.
1666 5518 1781 5573 lllic

214 5609 361 5665 enim
416 5611 663 5679 iaeebant
723 5613 842 5680 ejus
898 5620 1170 5681 parentes.
1233 5609 1357 5663 Fuit
1420 5619 1599 5665 autem
1671 5609 1778 5664 illic

287 5751 306 5782 ⁸
338 5747 438 5804 Job
471 5766 507 5813 ι,
540 5748 630 5803 2|.

1849 2340 1960 2384 tum
2007 2340 2059 2385 et
2105 2329 2415 2392 tumultum,
2468 2328 2558 2396 qui
2593 2326 2759 2379 ﬁebat
2801 2324 2941 2377 domi
2980 2340 3109 2377 suae.
3156 2324 3244 2378 llle
3285 2342 3411 2378 vero

1849 2423 2198 2476 conturbatus
2236 2419 2496 2479 cucurrit,
2528 2428 2580 2470 et
2625 2418 2827 2470 invenit
2868 2431 3082 2470 omnem
3135 2417 3248 2470 fere
3283 2419 3415 2470 civi-

1851 2522 2014 2567 tatem
2044 2512 2188 2566 domi
2214 2527 2324 2565 sua:
2353 2523 2405 2565 et
2439 2527 2635 2580 pueros
2663 2520 2924 2564 mortuos.

1921 2603 2010 2657 lll.
2072 2604 2314 2672 Cumque
2380 2603 2607 2656 vidisset
2661 2602 2896 2656 infantes
2953 2603 3004 2655 in
3056 2604 3195 2658 lecto
3255 2601 3419 2657 simul

1849 2696 2110 2766 jacentcs.
2149 2695 2423 2764 ingressus
2457 2695 2507 2746 in
2543 2709 2698 2747 suum
2731 2694 3024 2746 oratorium
3048 2736 3061 2755 ,
3096 2708 3154 2747 se
3195 2693 3421 2762 projecit

1853 2798 1979 2842 ante
2020 2787 2387 2850 Servatorem,
2420 2793 2473 2838 et
2507 2784 2640 2839 ﬂens
2684 2784 2855 2838 dixit'
2889 2801 2901 2836 :
2949 2803 2966 2834 ι
3003 2784 3123 2852 lpse
3174 2797 3421 2855 egressus

1856 2896 1974 2932 sum
2017 2877 2193 2931 nudus
2227 2893 2289 2931 ex
2346 2887 2496 2930 utero
2544 2875 2732 2929 matris
2779 2891 2932 2940 meai,
2979 2877 3159 2929 nudus
3210 2892 3424 2944 quoque

1858 2973 1982 3025 illuc
2015 2973 2274 3024 revertar.
2325 2970 2585 3022 Dominus
2622 2970 2792 3031 dedit,
2844 2969 3107 3022 Dominus
3159 2970 3421 3023 abstulit:

1859 3065 1998 3118 sicut
2049 3061 2277 3116 Domino
2309 3063 2487 3115 visum
2537 3069 2641 3125 est,
2692 3061 2762 3113 ita
2816 3060 2927 3114 ﬁat.
2967 3060 3048 3113 Sit
3089 3076 3283 3114 nomen
3327 3059 3428 3113 Do-

1861 3155 1993 3211 mini
2025 3153 2368 3209 benedictum
2435 3167 2500 3206 ex
2542 3152 2644 3206 hoc
2675 3167 2822 3205 nunc
2861 3161 2914 3205 et
2954 3166 3124 3220 usque
3177 3151 3228 3204 in
3261 3167 3429 3204 saecu-

1863 3247 1997 3300 lum.
2045 3263 2063 3295 ι
2103 3243 2252 3297 Uxor
2309 3253 2491 3297 autem
2537 3245 2654 3314 ejus
2690 3243 2963 3312 qumrebat
3022 3259 3081 3297 se
3142 3242 3426 3306 suﬁocare,

1862 3339 2091 3392 dicens:
2150 3334 2348 3391 Moriar
2390 3351 2513 3388 cum
2573 3337 2706 3388 meis
2762 3334 2905 3388 ﬁliis.
2978 3334 3242 3388 Convenit
3302 3351 3430 3387 vero

1866 3431 2119 3484 universa
2147 3429 2336 3483 civitas
2367 3428 2432 3482 ad
2464 3427 2773 3482 eﬁerendos
2807 3441 3027 3496 pueros,
3056 3427 3191 3481 adeo
3223 3437 3280 3480 ut
3323 3427 3431 3481 illic

1868 3532 2010 3576 esset
2070 3521 2373 3589 patriarcha
2426 3532 2546 3571 eum
2607 3529 2718 3572 toto
2771 3519 2920 3572 clero
2970 3533 3088 3585 suo.
3146 3517 3249 3572 Eos
3305 3533 3431 3573 vero

1868 3609 2239 3676 deposuerunt
2281 3608 2332 3659 in
2365 3605 2620 3675 martyrio
2657 3605 2824 3658 sancti
2858 3604 3052 3658 Juliani
3094 3622 3257 3674 supra
3302 3622 3432 3661 avos

1868 3715 2015 3753 suos.
2045 3699 2330 3766 Accipiens
2354 3707 2531 3755 autem
2561 3698 2776 3750 beatum
2819 3698 3184 3752 Andronicom
3224 3701 3432 3767 episco-

1869 3806 1989 3860 pus.
2028 3791 2300 3859 ingressus
2331 3799 2413 3843 est
2443 3788 2494 3841 in
2528 3789 2669 3842 aedes
2717 3789 2854 3856 ejus.
2892 3788 3039 3842 Illius
3082 3799 3260 3843 autem
3300 3807 3434 3844 uxor

1869 3884 2042 3936 noluit
2095 3881 2242 3935 abire
2306 3881 2359 3934 in
2413 3881 2632 3934 domum
2691 3895 2880 3944 suam,
2946 3880 3040 3935 sed
3102 3880 3322 3934 dormiit
3382 3883 3434 3933 in

1871 3975 2143 4043 martyrio.
2180 3973 2351 4025 Media
2403 3988 2526 4025 vero
2581 3983 2741 4025 nocte
2789 3985 3012 4042 apparet
3057 3975 3103 4027 ei
3149 3985 3349 4044 martyr
3381 3973 3432 4026 in

1873 4065 2058 4119 habitu
2094 4064 2368 4128 monachi,
2403 4063 2591 4116 dicens
2625 4063 2671 4115 ei
2704 4062 2847 4115 :Cur
2884 4080 2988 4115 non
3024 4064 3155 4117 sinis
3196 4080 3310 4125 eos.
3342 4067 3434 4133 qui

1873 4158 1960 4210 hic
1999 4166 2145 4220 sunt,
2199 4154 2574 4224 requiescere?
2628 4153 2720 4207 llla
2763 4162 2944 4207 autem
2989 4153 3164 4208 dixit:
3212 4154 3437 4208 Domine

1873 4247 1965 4309 mi,
2022 4263 2086 4299 ne
2139 4244 2268 4298 mihi
2327 4246 2600 4309 irascaris,
2661 4261 2784 4298 nam
2843 4260 2958 4298 sum
3014 4247 3167 4301 valde
3219 4245 3437 4299 alilicta.

1876 4338 2143 4392 Habebam
2175 4346 2354 4389 autem
2395 4337 2529 4390 duos
2560 4335 2703 4388 solos
2737 4335 2902 4399 ﬁlios,
2944 4345 2998 4388 et
3049 4335 3207 4389 hodie
3252 4336 3439 4390 ambos

1873 4427 2030 4480 simul
2063 4428 2248 4479 extuli.
2285 4427 2374 4479 llle
2412 4440 2536 4478 vero
2561 4425 2728 4478 dicit:
2764 4423 2904 4490 Quot
2931 4440 3102 4479 annos
3147 4427 3252 4477 nati
3287 4439 3442 4480 erant

1876 4516 1949 4569 tui
1989 4516 2178 4584 pueri?
2210 4515 2299 4570 Illa
2347 4529 2472 4569 vero
2517 4515 2649 4568 dicit
2683 4514 2733 4568 ei
2768 4531 2778 4565 :
2816 4515 2967 4569 Unus
2997 4524 3110 4567 erat
3155 4515 3436 4569 duodecim

1875 4624 2046 4664 annos
2084 4619 2262 4672 natus,
2323 4609 2463 4660 alter
2515 4621 2641 4658 vero
2678 4605 2885 4658 decem.
2944 4605 3036 4657 llle
3081 4613 3263 4659 autem
3314 4607 3444 4661 dicit

1879 4702 1928 4756 ei
1963 4701 2109 4757 :Cur
2142 4701 2304 4770 igitur
2349 4699 2467 4752 illos
2499 4697 2699 4752 deﬁes?
2732 4697 2948 4752 Utinam
2972 4695 3200 4752 deﬁeres
3225 4706 3443 4766 peccata

1879 4805 1986 4848 tua.
2023 4795 2151 4848 Dico
2181 4794 2325 4846 enim
2362 4793 2477 4856 tibi,
2513 4793 2723 4852 mulier.
2759 4791 2900 4859 quod
2944 4791 3215 4859 quomodo
3252 4797 3443 4842 natura

1802 4915 1846 4975 ε
1880 4887 2114 4940 hominis
2143 4885 2308 4955 exigit
2351 4885 2551 4947 cibum,
2596 4892 2650 4935 et
2694 4882 2808 4936 ﬁeri
2841 4896 2950 4937 non
3001 4888 3201 4951 potest,
3240 4889 3296 4934 ut
3333 4895 3440 4932 non

1879 4979 2036 5032 detur
2059 4976 2125 5030 ad
2160 4976 2574 5038 conu-dendum,
2626 4975 2696 5026 ita
2728 4974 2890 5027 etiam
2931 4973 3084 5041 pueri
3130 4974 3183 5024 in
3231 4972 3318 5024 illo
3357 4972 3445 5026 die

1882 5076 2115 5137 poscunt
2162 5082 2192 5119 a
2242 5067 2461 5120 Christo
2511 5066 2652 5119 bona
2703 5064 2904 5125 futura,
2960 5064 3250 5118 dicentes:
3295 5061 3445 5116 Juste

1881 5158 2077 5232 Judex,
2119 5159 2340 5226 privasti
2369 5173 2468 5210 nos
2512 5157 2672 5210 rebus
2723 5154 2974 5219 terrenis,
3021 5170 3089 5207 ne
3134 5169 3231 5207 nos
3281 5153 3444 5206 etiam

1884 5251 2062 5319 prives
2103 5249 2436 5304 coelestibus.
2475 5249 2568 5302 llla
2609 5257 2787 5302 autem
2829 5263 2949 5300 cum
3007 5245 3323 5306 audivisset,
3366 5255 3450 5297 est

1887 5352 2230 5410 compuncta,
2263 5351 2316 5396 et
2347 5343 2573 5396 mutavit
2600 5341 2800 5395 luctum
2829 5340 2880 5392 in
2913 5339 3190 5408 gaudium,
3227 5338 3448 5390 dicens:

1889 5433 1941 5487 Si
1968 5449 2095 5504 ergo
2129 5434 2312 5487 vivunt
2338 5434 2431 5490 ﬁlii
2456 5435 2560 5488 mei
2598 5434 2648 5485 in
2681 5433 2842 5494 coelo,
2877 5432 3004 5500 quid
3050 5429 3189 5485 ﬂeo“!
3217 5441 3267 5483 et
3316 5444 3449 5481 con-

1888 5538 2065 5588 versa,
2117 5526 2329 5592 quaesiit
2375 5525 2618 5578 abbatem
2674 5524 2763 5592 qui
2810 5527 2856 5577 ei
2903 5523 3078 5576 fuerat
3127 5523 3358 5581 locutus,
3401 5529 3453 5572 et

1889 5628 2008 5666 cum
2049 5622 2214 5668 totum
2251 5614 2424 5669 locum
2455 5613 2695 5678 obiisset,
2728 5627 2834 5667 non
2865 5613 3083 5666 invenit.
3118 5611 3180 5664 Et
3205 5609 3450 5663 sciscita-
