4188 6432
753 388 886 453 1051
2034 394 2317 454 MENSIS

2416 392 2641 453 CTOBE
2651 394 2709 454 R.
3881 403 3903 461 1
3919 403 4038 462 052

753 509 840 558 tur
892 522 921 556 a
973 503 1231 570 janitore.
1292 503 1522 557 dicens:
1576 504 1674 558 Ubi
1713 517 1795 558 est
1842 507 2030 566 abbas,
2091 505 2179 572 qui
2245 512 2327 556 est
2356 512 2398 565 Α
2432 505 2659 556 invicem
2703 507 3025 557 salutassent
3072 513 3126 558 et
3165 507 3430 574 complexi
3476 509 3726 572 fuissent,
3786 510 4032 566 fuerunt

749 597 908 650 modo
942 596 1047 648 huc
1071 595 1377 664 ingressus?
1407 596 1542 648 Dicit
1572 598 1618 647 ei
1659 597 1856 661 jaiiitor
1885 613 1899 648 :
1933 597 2089 648 Vides
2125 612 2314 648 omnes
2418 594 2672 659 separati.
2739 593 2853 660 Ipse
2915 606 3092 646 autem
3151 596 3429 649 descmdit
3492 600 3556 650 ad
3623 601 3854 652 Scetem
3890 620 3906 651 :
3979 615 4032 655 et

743 688 938 753 januas
963 687 1260 745 obseratas,
1293 695 1345 736 et
1380 686 1516 737 ilicis
1547 705 1557 738 :
1589 685 1685 737 Ubi
1729 686 1993 738 cstabbas
2029 687 2116 752 qui
2155 685 2315 736 modo
2417 697 2536 736 cum
2584 687 2858 738 adorasset
2915 695 3128 738 sanctos
3187 686 3372 740 Patres
3435 690 3484 740 in
3534 690 3730 752 Laura,
3801 698 4027 749 audivit

744 789 828 832 est
862 780 966 831 huc
997 777 1309 844 ingressus?
1345 775 1472 827 Eam
1522 789 1698 828 autem
1754 778 1949 829 erudiit
1998 793 2324 844 paramonav
2418 777 2482 826 de
2515 777 2704 828 abbate
2742 778 2959 828 Daniele
2990 794 3003 840 ;
3035 788 3088 830 et
3120 793 3240 830 cum
3275 795 3340 832 eo
3367 785 3706 843 aecessiSset,
3741 802 3865 838 non
3901 804 4024 842 sine

749 873 881 932 rius,
916 879 972 922 ut
1015 870 1103 936 qui
1160 869 1411 921 scivissct
1453 885 1569 920 eam
1629 870 1824 921 vidisse
1887 870 2171 921 visionem.
2225 867 2315 920 ltla
2423 882 2614 933 magna
2677 867 2987 920 dillicultate
3054 884 3176 920 eum
3234 873 3407 937 potuit
3476 875 3781 926 convenire
3829 897 3841 926 :
3901 882 4027 931 Scﬂi

747 977 899 1024 vero,
939 973 1080 1012 metu
1119 970 1390 1026 correpta,
1446 961 1650 1026 rogavit
1691 970 1746 1011 ut
1777 960 1950 1010 abiret
1999 960 2050 1009 in
2093 958 2313 1010 domum
2419 972 2544 1010 vero
2574 960 2754 1010 omnia
2801 961 3072 1027 exposuit.
3111 961 3248 1013 Dicit
3293 975 3472 1014 autem
3506 967 3553 1016 ei
3601 981 3778 1018 senex
3824 985 3838 1018 :
3895 973 4027 1035 Abi,

746 1069 924 1106 suam.
954 1057 1076 1104 Eam
1125 1068 1251 1103 vero
1289 1052 1497 1119 accepit
1537 1055 1766 1122 janitor,
1814 1063 1867 1103 et
1914 1053 2214 1103 introduxit
2261 1050 2312 1101 in
2417 1058 2469 1101 et
2505 1049 2680 1102 adduc
2715 1067 2934 1103 uxorem
2985 1062 3152 1114 tuam,
3203 1054 3480 1106 etfaciam
3538 1057 3630 1108 tibi
3666 1061 3912 1115 litteras.
3968 1071 4026 1111 et

744 1143 964 1196 domum
1020 1159 1192 1206 suam,
1250 1155 1302 1196 et
1358 1145 1596 1195 narravit
1659 1144 1850 1195 marito
1908 1158 2006 1194 suo
2067 1157 2127 1194 ca
2197 1157 2314 1209 qua:
2417 1139 2655 1204 ἀρρυηεε
2695 1157 2811 1191 eam
2854 1140 2906 1191 in
2953 1141 3228 1196 Thebaide
3279 1144 3332 1195 in
3387 1149 3720 1200 HIOnaSleriO
3791 1149 4022 1202 Tabern-

746 1236 973 1288 γίάεηι,
2417 1231 2775 1282 nesiotarum.
2814 1234 3154 1286 Andronicus
3190 1247 3368 1288 autem
3401 1237 3551 1298 fecit,
3591 1241 3734 1290 sicut
3791 1243 4021 1294 dixerat

815 1324 905 1378 IV.
949 1325 1100 1376 Tunc
1165 1325 1298 1376 dicit
1350 1325 1396 1377 ei
1453 1324 1605 1376 beata
1673 1325 1958 1378 Atlianasia
2006 1341 2018 1375 :
2083 1323 2312 1385 Revera,

745 1416 984 1472 domine.
1038 1415 1198 1465 etiam
1259 1413 1566 1467 viventibus
1617 1413 1740 1466 liliis
1800 1417 1938 1466 volui
1993 1414 2197 1474 dicere,
2263 1423 2317 1465 et

744 1505 960 1560 erubui.
996 1505 1128 1555 Ecci:
1160 1518 1287 1571 ergo
1319 1505 1478 1554 etiam
1518 1513 1635 1568 post
1683 1515 1911 1554 mortem
1962 1514 2149 1555 eorum
2193 1501 2317 1553 dico

746 1599 842 1651 tibi
875 1637 886 1647 .
916 1596 969 1647 Si
1025 1611 1109 1647 me
1156 1597 1365 1652 audias.
1399 1595 1660 1660 coiijicics
1696 1609 1777 1645 me
1813 1595 1864 1645 in
1903 1594 2312 1654 monasterium,

743 1699 797 1740 et
826 1685 1032 1740 deﬂebo
1067 1694 1286 1752 peccata
1349 1701 1487 1736 mea.
1549 1683 1612 1736 Et
1654 1685 1783 1736 dicit
1839 1686 1886 1734 ei
1923 1698 1940 1734 :
1997 1683 2119 1745 Abi,
2150 1684 2316 1750 proba

746 1787 891 1830 tuam
924 1776 1307 1844 cogitationem
1345 1791 1444 1826 una
1484 1777 1851 1835 tiebdomada,
1890 1783 1943 1826 et
1987 1774 2028 1826 si
2063 1790 2316 1841 perman-

743 1868 880 1920 seris
911 1869 962 1918 iu
995 1866 1093 1918 hoc
1126 1867 1429 1933 proposito,
1466 1868 1770 1932 loquemur.
1823 1867 1909 1917 llla
1957 1878 2136 1918 autem
2189 1884 2312 1919 cum
2352 1846 2392 1901 Β

743 1974 931 2011 rursus
973 1961 1225 2018 venisset,
1271 1959 1411 2008 idem
1451 1957 1603 2009 dixit.
1646 1958 1839 2009 Beatos
1887 1975 2014 2009 vero
2045 1960 2317 2012 Androni-

742 2067 839 2105 cus
869 2052 1095 2102 accersit
1123 2067 1371 2102 socerum
1405 2066 1586 2111 suum,
1621 2059 1672 2100 et
1704 2049 1748 2100 ei
1784 2052 1944 2102 tradit
1975 2067 2161 2102 omnes
2194 2068 2315 2102 suas

742 2141 1045 2198 facultates,
1089 2141 1320 2193 dicens:
1385 2141 1460 2192 Ad
1513 2151 1697 2193 sancta
1745 2143 1858 2193 loca
1919 2142 2316 2208 pl'OllClSt‘llllll!‘

740 2234 808 2285 ad
835 2235 1123 2284 orandum.
1183 2230 1236 2282 Si
1271 2233 1397 2295 quid
1427 2246 1554 2299 ergo
1589 2234 1745 2284 nobis
1776 2232 2032 2283 acciderit
2065 2233 2318 2287 liumaiii-

743 2332 850 2384 tus,
888 2319 1108 2375 habebis
1147 2320 1240 2369 has
1274 2319 1584 2381 facultates,
1629 2330 1683 2372 ut
1725 2324 1789 2397 de
1827 2323 1912 2388 eis
1971 2323 2134 2375 facias
2174 2324 2314 2390 quod

745 2416 838 2467 tibi
877 2414 1166 2464 videbitur.
1211 2411 1353 2478 Rogo
1386 2425 1513 2479 ergo
1555 2416 1623 2474 te,
1665 2422 1719 2463 ut
1755 2426 1897 2465 recte
1922 2430 2047 2480 agas
2076 2430 2196 2466 cum
2226 2427 2313 2468 tua

742 2505 946 2564 anima,
980 2513 1033 2555 et
1083 2518 1146 2554 ex
1190 2504 1276 2564 iis,
1313 2519 1429 2569 qua:
1483 2505 1568 2556 hii:
1621 2517 1766 2568 sunt,
1827 2509 1906 2558 lac
1942 2520 2312 2560 nosoi:ouiium

742 2605 797 2650 et
824 2593 1218 2648 Xenodochium
1245 2598 1629 2646 lllUl‘laChUl'Um
1657 2612 1668 2646 :
1695 2607 1746 2648 et
1775 2601 2119 2651 manumissis
2146 2603 2313 2653 servis

745 2689 876 2748 suis,
925 2687 1075 2738 dedit
1126 2687 1203 2737 eis
1262 2686 1468 2753 legata,
1519 2698 1571 2739 et
1617 2697 1831 2756 :iceepta
1891 2708 2046 2756 parva
2099 2694 2316 2744 benedi-

743 2783 924 2830 ctione
972 2788 1024 2828 et
1072 2778 1282 2828 duobus
1327 2778 1502 2844 equis.
1556 2781 1685 2829 exiit
1741 2792 1906 2832 noctu
1955 2798 2017 2832 ex
2073 2785 2310 2843 civitate,

745 2869 860 2938 ipse
903 2878 956 2920 et
1009 2883 1143 2920 uxor
1181 2870 1299 2932 ejus
1353 2870 1476 2918 soli.
1539 2868 1700 2920 Beata
1774 2885 1953 2924 autem
2015 2875 2313 2927 Athanasia

736 2959 960 3024 eminus
1016 2960 1146 3009 vidit
1204 2961 1420 3009 domum
1468 2976 1640 3020 suam,
1697 2970 1748 3013 et
1778 2978 1991 3016 sursum
2048 2968 2313 3032 aspiciens

742 3049 798 3100 in
857 3046 1052 3099 cuzlum
1108 3048 1292 3098 dixit:
1349 3047 1510 3109 Deus,
1567 3051 1656 3113 qui
1721 3049 1900 3101 dixisti
1983 3051 2210 3102 Abrahae
2260 3061 2313 3103 et

2418 1323 2463 1373 ei
2525 1336 2710 1385 senex,
2765 1333 2818 1376 et
2871 1327 3089 1389 absens,
3141 1329 3294 1380 duxit
3347 1346 3464 1381 eam
3518 1333 3583 1383 ad
3637 1347 3862 1385 senem.
3919 1335 4017 1398 Qui

2418 1414 2630 1464 locutus
2665 1425 2747 1466 est
2795 1415 2875 1468 eis
2923 1420 3140 1469 verbum
3192 1422 3424 1472 salutis:
3463 1432 3514 1474 et
3567 1425 3728 1477 factis
3789 1428 4014 1490 litteris,

2419 1507 2687 1558 misiteos
2739 1509 2801 1558 ad
2843 1514 3232 1563 monasterium
3285 1514 3853 1569 'l‘abeniiesiotarum.
3913 1518 4014 1571 Re-

2420 1613 2575 1648 verso
2629 1614 2754 1649 vero
2805 1602 3134 1664 Andronico,
3195 1603 3345 1655 dedit
3395 1619 3559 1656 senex
3616 1609 3905 1670 habitum,
3963 1623 4014 1662 et

2369 1730 2372 1735 .
2418 1688 2603 1741 docuit
2649 1706 2767 1756 quae
2818 1693 2884 1744 ad
2934 1702 3134 1745 statum
3196 1697 3470 1762 pertinent
3524 1700 3934 1764 inonasticum,
3965 1715 4018 1755 et

2420 1784 2619 1834 mansit
2652 1784 2787 1850 apud
2823 1800 2943 1835 eum
2979 1802 3152 1839 annos
3181 1789 3487 1842 duodenm.

2503 1872 2589 1926 Vl.
2631 1873 2758 1926 Post
2793 1878 3071 1930 duodecim
3107 1891 3287 1930 autem
3335 1895 3509 1933 annos
3543 1886 3756 1951 rogavit
3793 1902 4010 1951 senem,

2422 1973 2477 2014 ut
2526 1980 2583 2015 se
2638 1967 2935 2018 dimitteret
2981 1971 3043 2018 ad
3093 1981 3277 2020 saneta
3335 1973 3474 2022 loca.
3534 1973 3622 2024 ille
3682 1991 3819 2028 vero
3882 1979 4014 2030 bene

2420 2071 2668 2124 precatus
2729 2077 2851 2110 eum
2915 2062 3136 2112 dimisit.
3195 2065 3372 2120 Abbas‘
3420 2076 3603 2119 autem
3660 2069 4014 2124 Andronicus

2422 2149 2521 2200 iter
2585 2151 2790 2204 faciens
2847 2170 2939 2219 per
2989 2151 3296 2222 :Egyptmn,
3347 2160 3485 2210 sedit
3546 2162 3646 2212 Sub
3713 2180 3903 2230 spina,
3958 2177 4008 2217 ut

2420 2243 2654 2291 animam
2707 2254 2976 2296 recrearet
3032 2246 3101 2297 ab
3162 2257 3317 2300 aestu.
3375 2247 3511 2302 Ecce
3570 2263 3759 2304 autem
3818 2272 3885 2307 ex
3924 2256 4009 2309 Dei

2418 2331 2823 2397 dispensatione
2877 2336 3097 2386 veniens
3147 2335 3198 2386 in
3247 2339 3434 2390 habitu
3489 2343 3622 2392 virili
3689 2345 3816 2409 ejus
3857 2363 4009 2405 uxor,

2416 2437 2535 2487 qua:
2563 2423 2672 2488 ipsa
2709 2440 2921 2488 quoque
2969 2424 3078 2476 ibat
3117 2427 3180 2476 ad
3232 2440 3418 2478 sancta
3469 2429 3607 2479 loca.
3641 2430 3900 2499 Cumque
3953 2450 4008 2486 se

2419 2513 2647 2563 invicem
2689 2517 3035 2574 salutassent,
3087 2518 3337 2582 cognovit
3386 2521 3633 2571 columba
3683 2525 4005 2591 conjugetn.

2421 2601 2535 2668 IpSe
2593 2621 2717 2654 vero
2773 2607 3044 2669 quomodo
3101 2609 3364 2670 potuiSsel
3417 2623 3753 2676 cognoscam
3819 2616 4001 2674 talem,

2418 2709 2536 2758 qua:
2562 2705 2922 2752 emarcuerat,
2959 2697 3439 2761 pulchritudinem,
3480 2713 3528 2752 ct
3562 2719 3681 2768 quise
3719 2705 4006 2758 videbatur

2421 2793 2476 2832 ttt
2530 2781 2819 2848 Aitliiops?
2865 2784 2999 2835 Dicit
3057 2801 3184 2854 ergo
3235 2790 3282 2839 ei
3323 2805 3334 2841 :
3381 2792 3496 2853 Quo
3555 2794 3727 2855 vadis,
3779 2797 4004 2848 domine

3316 2883 3396 2934 Ad
3445 2895 3630 2935 sancta
3688 2887 3840 2936 loca.
3893 2887 4002 2954 Ipsa

2419 2973 2596 3015 autem
2630 2966 2757 3017 dicit
2804 2967 2849 3018 ei
2893 2986 2903 3017 :
2940 2969 3050 3035 ligo
3097 2984 3314 3035 quoque
3367 2972 3486 3021 volo
3543 2975 3670 3025 illuc
3719 2979 3822 3027 ire.
3889 2980 4003 3044 lpsa

2418 3069 2546 3122 ergo
2586 3071 2777 3108 rursus
2816 3058 2945 3108 dicit
2974 3062 3020 3109 ei
3062 3076 3072 3106 :
3113 3060 3167 3108 Si
3208 3062 3358 3121 velis,
3403 3079 3590 3114 camus
3621 3066 3785 3118 ambo
3822 3073 4000 3124 Simul.

2421 2873 2592 2924 abba?
2655 2875 2742 2926 Ille
2804 2892 2926 2928 vero
2978 2878 3101 2928 dicit
3161 2879 3257 2930 ei:

744 3137 893 3190 Sara:
923 3139 943 3166 ²
977 3151 990 3184 :
1031 3154 1047 3186 ι
1084 3135 1350 3204 Egredere
1399 3153 1429 3189 e
1483 3149 1624 3190 terra
1676 3151 1784 3203 tua,
1831 3151 1883 3191 et
1926 3157 1953 3191 e
1991 3144 2312 3208 cegnatione
2341 3172 2383 3228 ο
2419 3144 2521 3195 Sed
2559 3155 2809 3210 tanquam
2851 3164 2954 3198 non
2999 3149 3156 3200 simul
3205 3151 3394 3214 simus,
3427 3155 3805 3220 ingrediamur
3841 3165 4000 3214 sieo.

746 3239 831 3281 tua
867 3246 878 3278 :
913 3234 968 3278 et
1004 3228 1124 3278 veni
1171 3230 1221 3276 in
1278 3238 1500 3287 terram,
1542 3243 1702 3287 quam
1757 3230 2040 3280 ostendam
2105 3231 2244 3293 tibi;
2287 3250 2304 3282 ι

745 3320 864 3388 ipse
896 3333 1039 3369 nunc
1091 3332 1305 3385 quoque
1356 3318 1532 3371 deduc
1579 3335 1675 3371 nos
1721 3322 1774 3371 in
1826 3321 2073 3373 timorem
2133 3332 2307 3376 tuum.

745 3410 886 3463 Ecce
925 3413 1067 3460 enim
1117 3411 1474 3475 relinquimus
1520 3413 1738 3462 domum
1800 3424 2037 3464 nostram
2072 3424 2310 3479 apertam

748 3511 966 3567 propter
997 3515 1196 3551 nomen
1233 3509 1380 3550 tuum
1411 3515 1423 3548 :
1464 3515 1529 3549 ne
1570 3512 1693 3550 ante
1727 3515 1823 3552 nos
1854 3503 2072 3554 claudas
2116 3511 2312 3557 Ostium

745 3590 894 3656 regni
940 3588 1047 3650 tui;
1104 3598 1157 3639 et
1206 3587 1399 3640 ﬂentes
1441 3589 1600 3641 ambo
1651 3589 1898 3643 abierunt
1935 3610 1947 3642 :
1998 3603 2050 3643 et
2093 3609 2212 3644 cum
2250 3595 2314 3645 ad

745 3687 933 3729 sancta
1002 3679 1116 3729 loca
1208 3679 1618 3745 perveniSseiit,
1680 3681 2024 3732 adorarunt:
2080 3689 2140 3753 et.
2191 3695 2312 3733 curn

745 3768 944 3821 multos
983 3766 1168 3820 Patres
1207 3770 1629 3828 convenisSenL,
1685 3773 1906 3821 veniunt
1952 3771 2017 3822 ad
2066 3782 2312 3845 sanctum

744 3858 958 3912 Menam
989 3859 1329 3911 Alexandria:
1350 3897 1363 3920 ,
1390 3869 1443 3911 et
1474 3861 1728 3910 l'ruuntur
1756 3874 2003 3928 martyre.

822 3951 882 4004 V.
918 3951 1072 4002 Circa
1121 3955 1307 4003 horam
1361 3963 1540 4003 autem
1575 3968 1769 4004 nonam
1808 3953 1999 4020 aspicit
2043 3955 2316 4006 Androiiio

747 4059 866 4102 eus.
903 4055 954 4095 et
985 4044 1129 4095 videt
1160 4044 1481 4096 monachum
1537 4041 1954 4103 contendentem
1997 4062 2116 4098 cum
2178 4046 2316 4100 laico

749 4146 804 4189 et
855 4137 903 4189 ei
952 4137 1270 4188 dicentem:
1318 4138 1426 4188 Cur
1457 4139 1707 4191 abbatem
1757 4139 1949 4206 injuria
2003 4140 2207 4192 allicis?
2267 4141 2315 4194 Is

749 4241 875 4278 vero
901 4225 949 4276 ei
982 4225 1192 4276 dicebat
1229 4243 1240 4274 :
1278 4224 1526 4286 Domine,
1555 4227 1726 4278 locavi
1767 4228 1989 4278 bestiam
2025 4242 2200 4278 meam
2249 4227 2314 4279 ad

749 4317 985 4370 Seetem.
1018 4313 1125 4383 ligo
1160 4329 1286 4367 vero
1330 4314 1377 4365 ei
1421 4315 1586 4367 dico:
1639 4315 1837 4367 Eamus
1881 4318 2012 4382 jam,
2045 4327 2102 4367 ut
2147 4327 2312 4368 totam

748 4419 966 4460 noctem
1005 4388 1375 4470 ambulemus,
1413 4416 1468 4458 et
1519 4420 1639 4458 cras
1672 4421 1839 4474 usque
1885 4406 1949 4458 ad
1999 4417 2225 4470 sextam,
2260 4417 2316 4459 ut

749 4497 1131 4565 perveniamus
1161 4509 1287 4547 ante
1316 4507 1505 4548 aestum
1542 4497 1644 4549 diei
1679 4515 1691 4548 :
1726 4507 1780 4549 et
1825 4512 1931 4548 non
1974 4499 2085 4549 vult
2116 4506 2171 4548 ut
2202 4499 2311 4564 jam
2350 4508 2388 4560 D
2422 4503 2489 4556 de
2513 4521 2576 4559 eo
2607 4509 2706 4576 ipsi
2746 4517 3098 4568 renuntiavit.
3154 4517 3328 4572 Senex
3360 4538 3488 4574 vero
3517 4523 3646 4574 dieit
3673 4525 3723 4575 ei

749 4603 956 4642 eamus.
1010 4587 1148 4640 Dicit
1195 4587 1244 4640 ei
1299 4588 1552 4640 dominus
1617 4589 2004 4645 Andronicus;
2065 4587 2313 4642 llabesne

751 4679 964 4746 aliquod
1000 4679 1144 4730 aliud
1174 4677 1411 4730 animal?
1442 4679 1487 4730 ls
1514 4692 1639 4730 vero
1670 4679 1799 4731 dicit
1832 4695 1846 4732 :
1889 4679 2132 4732 Maxime.
2173 4681 2315 4734 Dixit

750 4779 931 4822 autem
964 4768 1064 4836 ipsi
1101 4785 1114 4819 :
1146 4767 1308 4832 Vade,
1334 4769 1439 4823 duc
1471 4770 1598 4821 illud
1642 4766 1707 4824 ad
1742 4785 1845 4833 me,
1888 4781 1941 4824 et
1971 4774 2109 4833 veni,
2138 4781 2190 4824 et
2224 4789 2316 4827 ac-

751 4857 946 4925 cipiam
978 4871 1075 4926 ego
1108 4873 1272 4909 unum
1305 4857 1526 4921 animal,
1562 4869 1616 4910 et
1643 4863 1804 4914 abbas
1839 4877 2025 4921 unum,
2058 4867 2312 4929 quoniam

750 4963 850 5019 ego
883 4964 1096 5017 quoque
1142 4951 1261 5002 volo
1308 4950 1386 5002 ire
1428 4954 1493 5003 ad
1536 4953 1768 5006 Scetem.
1806 4955 2150 5008 Andronicus
2185 4971 2309 5009 vero

750 5038 880 5091 dicit
910 5041 1062 5090 uxori
1095 5053 1205 5091 suae
1239 5055 1251 5090 :
1304 5038 1455 5091 Mane
1499 5043 1584 5093 hic
1612 5044 1752 5109 apud
1797 5055 2040 5096 sanctum
2078 5046 2307 5112 Menam,

751 5129 923 5182 donec
952 5131 1272 5182 descendam
1323 5133 1376 5182 in
1409 5134 1640 5195 Scetem,
1693 5145 1746 5187 et
1795 5138 2050 5201 accipiam
2093 5139 2313 5191 benedi-

752 5222 988 5276 ctionem
1023 5238 1050 5273 a
1072 5223 1340 5287 Patribus,
1373 5236 1426 5275 et
1458 5236 1716 5276 revertar.
1741 5225 1875 5280 Dicit
1910 5229 1955 5279 ei
1991 5245 2122 5281 uxor
2155 5231 2307 5298 ejus:

750 5313 950 5381 Accipe
986 5328 1070 5365 me
1110 5322 1307 5365 tecum.
1356 5315 1446 5366 Ille
1484 5331 1610 5368 vero
1651 5318 1777 5370 dicit
1824 5320 1870 5370 ei
1906 5336 1918 5371 :
1967 5319 2154 5374 Mulier
2202 5337 2309 5374 non

756 5404 1054 5473 ingreditur
1090 5408 1144 5458 in
1173 5411 1404 5463 Scetem.
1429 5410 1519 5461 Illa
1549 5423 1726 5463 autem
1767 5411 1895 5464 dicit
1923 5413 1969 5463 ei
1999 5427 2118 5466 cum
2150 5412 2312 5466 ﬂetu:

753 5490 984 5545 Habebis
1013 5511 1098 5547 me
1133 5498 1273 5565 apud
1319 5511 1561 5553 sanctum
1603 5500 1848 5565 Menam,
1883 5505 1924 5556 si
1968 5510 2313 5576 remanseris,

751 5592 805 5636 et
853 5600 937 5639 tne
989 5602 1094 5639 non
1152 5590 1431 5642 collocaris
1481 5593 1533 5644 in
1587 5597 1935 5647 monasterio.
1973 5595 2215 5668 Cumque
2257 5614 2315 5653 se

821 5765 842 5795 ⁸
876 5762 1012 5816 Cen.
1049 5781 1143 5828 xii,
1184 5768 1226 5818 l.

2421 3236 2510 3288 tio.
2549 3236 2685 3289 Dicit
2717 3237 3057 3293 Andronicus
3093 3259 3104 3291 :
3154 3242 3217 3295 Et
3245 3244 3425 3309 jubes.
3476 3247 3684 3302 Deinde
3725 3268 3842 3319 ipsa
3879 3254 4003 3306 titul

2416 3326 2510 3378 ei:
2569 3329 2680 3380 Non
2742 3345 2798 3381 es
2852 3347 3038 3383 revera
3090 3333 3388 3400 discipulus
3440 3339 3648 3391 abbatis
3715 3342 3999 3396 Damalis?

2417 3417 2532 3483 Ipse
2594 3432 2718 3468 vero
2780 3422 2905 3472 dicit
2943 3422 3037 3472 ei:
3089 3423 3343 3477 Maxime.
3399 3427 3529 3476 Dicit
3578 3431 3746 3494 ipsa:
3807 3435 4000 3488 Preces

2417 3502 2562 3552 senis
2589 3518 2685 3555 nos
2738 3506 3161 3563 comitabuntur.
3201 3510 3338 3563 Dicit
3382 3515 3768 3570 Andronicus:
3802 3524 3994 3575 Amen.

2416 3589 2547 3642 Cum
2605 3602 2783 3644 autem
2834 3596 2990 3647 simul
3052 3599 3282 3669 ingressi
3320 3613 3520 3667 essent,
3575 3617 3627 3657 et
3681 3610 4001 3665 adOrasse‘nt

2416 3694 2597 3740 sancta
2635 3682 2770 3746 loca,
2808 3693 3008 3741 reversi
3045 3704 3184 3760 sunt.
3206 3698 3608 3752 Alexandriam.
3663 3701 3804 3755 Dicit
3835 3705 3999 3757 abbas

2417 3778 2743 3830 Athanasius
2774 3781 2951 3833 abbati
2990 3786 3301 3839 Andreiiico
3337 3807 3348 3840 :
3381 3790 3469 3841 Vis
3501 3807 3824 3848 maneamUs
3844 3797 3998 3850 simul

2419 3869 2470 3920 in
2507 3869 2682 3921 cella?
2738 3870 2875 3923 Dicit
2908 3877 3249 3931 Andronicus
3284 3898 3297 3931 :
3335 3880 3509 3941 Certc,
3555 3895 3610 3935 ut
3646 3887 3833 3952 jubes.
3875 3890 3996 3942 Volo

2417 3973 2593 4012 autem
2628 3964 2859 4029 primum
2899 3966 2996 4026 ire,
3027 3979 3078 4018 et
3126 3974 3375 4039 accipere
3416 3988 3603 4040 preces
3646 3981 3818 4030 Senis.
3861 3980 3995 4034 Dicit

2417 4054 2461 4102 ei
2496 4054 2660 4105 abbas
2690 4058 3018 4108 Athanasius
3053 4074 3070 4109 .'
3104 4058 3264 4124 Vade,
3302 4073 3355 4115 et
3395 4068 3806 4132 exspecmbo‘te
3857 4075 3993 4139 apud

2419 4142 2675 4195 Octavum
2715 4147 3029 4199 decimum:
3078 4159 3130 4200 et
3170 4152 3212 4202 si
3261 4156 3464 4213 venias.
3509 4157 3647 4208 sicut
3705 4160 3810 4210 iter
3864 4163 3992 4213 leti-

2418 4247 2557 4288 nius.
2595 4237 2930 4289 manebimus
2958 4232 3190 4293 silentio.
3232 4242 3363 4294 Nam
3395 4247 3437 4296 si
3477 4257 3526 4299 te
3570 4265 3678 4300 non
3733 4253 3895 4316 ferat,
3930 4269 3991 4305 ne

2417 4326 2649 4380 veneris.
2705 4327 2816 4399 Ego
2849 4332 2990 4384 enim
3035 4342 3087 4386 te
3145 4337 3470 4402 exspectabo
3521 4342 3661 4406 apud
3711 4343 3989 4397 Decimum

2417 4430 2690 4474 oetavum.
2722 4420 2813 4474 llle
2841 4433 3019 4476 autem
3054 4428 3352 4494 profectus,
3390 4428 3643 4482 salutavit
3684 4447 3899 4499 senem,
3938 4451 3986 4490 et

3761 4543 3774 4578 :
3822 4526 3981 4590 Vade,

2419 4606 2472 4650 et
2501 4598 2660 4666 dilige
2685 4602 2983 4668 silentium,
3035 4616 3089 4658 et
3138 4624 3300 4662 mane
3333 4630 3453 4664 cum
3490 4613 3676 4674 fratre,
3729 4628 3816 4668 est
3847 4621 3986 4672 enim

2419 4691 2738 4755 monachus,
2776 4704 2833 4746 ut
2860 4710 2977 4748 esse
2999 4709 3232 4765 oportet.
3274 4700 3347 4753 Eo
3378 4715 3556 4757 autem
3589 4724 3835 4774 reverso,
3871 4727 3984 4764 cum

2417 4781 2716 4835 invenisset
2748 4785 2995 4838 abbatem
3029 4789 3385 4845 Athanasium
3409 4836 3422 4858 ,
3459 4811 3774 4850 manserunt
3809 4805 3982 4864 simul,

2419 4872 2608 4925 timore
2640 4872 2730 4927 Dei
2770 4879 2979 4941 muniti,
3016 4881 3152 4934 alios
3196 4883 3479 4939 duodecim
3529 4906 3702 4944 atinas
3741 4910 3755 4943 :
3793 4903 3848 4945 et
3884 4911 3983 4947 non

2416 4969 2665 5033 cognovit
2710 4969 2875 5021 abbas
2924 4971 3267 5028 Andronicus
3321 4993 3437 5029 eam
3494 4995 3612 5033 esse
3665 4997 3822 5036 suain
3862 5003 3984 5038 coii-

2407 5057 2614 5125 jugem.

2492 5147 2594 5200 Vll.
2629 5149 2780 5216 Siepe
2809 5166 2935 5220 ergo
2974 5155 3302 5209 ascendebat
3335 5173 3497 5211 senex
3539 5163 3602 5212 ad
3636 5179 3731 5216 eos
3765 5168 3981 5220 visitan-

2419 5238 2537 5298 dos,
2569 5255 2629 5290 ea
2674 5236 2777 5293 illis
2807 5243 3097 5304 disserens,
3139 5263 3257 5313 qua:
3291 5249 3634 5317 pertinebant
3678 5258 3745 5308 ad
3785 5260 3980 5309 utilita-

2423 5339 2547 5381 tem.
2592 5333 2766 5384 Scniel
2819 5345 2995 5387 autem
3042 5352 3163 5389 cum
3197 5342 3533 5393 ascendisset
3574 5357 3764 5407 senex,
3812 5359 3865 5400 et
3899 5363 3980 5404 eos

2419 5420 2596 5473 valere
2621 5422 2891 5490 jussisset,
2918 5437 3202 5496 antequam
3237 5433 3338 5482 iret
3371 5432 3437 5484 ad
3470 5446 3722 5488 sanctum
3757 5436 3978 5504 Menam,

2422 5514 2564 5564 venit
2599 5515 2663 5568 ad
2699 5532 2820 5570 eum
2852 5518 3016 5572 abbas
3049 5522 3408 5588 Andronicus,
3439 5538 3492 5580 et
3522 5528 3652 5582 dicit
3691 5530 3775 5583 ei:
3813 5536 3977 5588 Abba:

2419 5601 2748 5659 Athanasms
2806 5609 2950 5661 vadit
3026 5613 3090 5664 ad
3157 5613 3464 5670 Dominum.
3531 5617 3810 5676 Reversus
3865 5640 3977 5678 vero
