4188 6432
148 357 311 419 1053

972 361 1427 419 MARTYRIUM
1472 358 1575 420 SS.
1614 361 1986 423 EULAMPII
2029 363 2121 420 ET
2160 359 2596 419 EULAMPl/E.

3269 350 3406 414 1056

146 485 355 530 senex,
389 469 594 523 invenit
629 484 751 523 eum
783 472 993 538 magnis
1036 484 1405 539 compressum
1450 473 1732 542 angustiis,
1762 486 1809 543 Α
1841 476 2134 527 viventem.
2169 475 2211 525 A
2238 490 2346 536 quo
2386 486 2510 527 cum
2554 469 2894 540 accepissent
2945 468 3405 529 benedictionem,

146 571 211 615 et
255 562 420 628 caapit
451 562 580 614 llere
613 561 778 614 abbas
807 562 1140 614 Athanasius
1171 577 1183 612 :
1220 571 1273 614 et
1307 563 1436 615 dicit
1464 565 1512 616 ei
1536 580 1731 617 senex:

149 647 308 704 Cum
350 661 400 703 te
439 661 713 717 oporteret
741 651 995 720 gaudere,
1027 650 1170 719 quod
1216 653 1416 721 migras
1454 653 1520 707 ad
1552 654 1735 706 Domi-

151 755 327 804 num,
365 741 715 812 lacrymaris?
752 742 891 795 Dicit
921 745 967 796 ei
1002 744 1169 796 abbas
1200 744 1529 798 Athanasius
1568 762 1579 795 :
1620 745 1735 797 Non

155 832 347 901 ploro,
382 835 483 888 nisi
514 845 729 903 propter
768 836 1015 889 abbatem
1062 836 1455 890 Andronicum.
1507 839 1613 891 Sed
1658 837 1742 891 fac

156 919 321 973 hanc
368 922 710 980 clraritatem,
762 936 1044 991 postquam
1101 941 1186 978 me
1240 928 1540 994 sepelieris.
1592 927 1744 982 Inve-

157 1013 338 1066 niens
369 1014 678 1067 schedulam
705 1018 862 1069 sitam
896 1018 962 1069 ad
995 1026 1159 1085 caput
1202 1018 1405 1077 meum,
1447 1018 1561 1087 lege
1598 1035 1741 1081 eam,

158 1113 223 1159 et
256 1106 327 1158 da
366 1106 461 1173 ipsi
495 1106 671 1159 abbati
724 1108 1056 1162 Andronico.
1117 1108 1362 1175 Cumque
1417 1108 1516 1175 ipsi
1559 1122 1745 1175 preces

160 1197 473 1258 dixissent,
523 1198 948 1251 communicavit
1001 1206 1055 1250 et
1105 1197 1321 1251 dormiit
1379 1198 1433 1250 in
1490 1196 1741 1251 Domino.

164 1286 461 1341 Venerunt
484 1298 662 1340 autem
688 1288 754 1342 ad
794 1290 840 1342 ei
871 1289 1142 1343 faciendas
1165 1288 1449 1356 exsequias
1487 1308 1501 1343 ε
1539 1299 1593 1343 et
1620 1304 1747 1343 ecce

164 1378 403 1430 inventa
452 1378 553 1431 fuit
586 1396 715 1433 sexu
781 1382 991 1442 mulier,
1025 1392 1079 1435 et
1119 1382 1362 1434 auditqu
1405 1382 1506 1435 fuit
1536 1384 1589 1434 in
1639 1391 1746 1434 tota

165 1469 354 1522 laura.
403 1471 464 1524 Et
508 1472 724 1526 mittens
758 1488 944 1535 senex,
991 1474 1188 1528 excivit
1276 1474 1582 1526 universam
1621 1473 1749 1526 Sce-

172 1570 297 1612 tem
325 1571 377 1614 et
402 1561 714 1621 interiorem
742 1565 1088 1618 solitudinem
1123 1582 1134 1614 :
1170 1575 1224 1618 et
1255 1575 1523 1617 venerunt
1561 1580 1750 1619 omnes

171 1653 349 1705 laurze
382 1654 735 1717 Alexandrim,
767 1666 816 1708 et
852 1656 1109 1709 convenit
1145 1656 1397 1709 universa
1448 1656 1661 1717 civitas,
1696 1667 1752 1711 et

172 1745 438 1797 monachi
478 1744 670 1819 Scene,
709 1746 943 1800 ferentes
979 1747 1281 1814 legumina;
1321 1749 1393 1801 ita
1439 1749 1585 1801 enim
1637 1764 1754 1802 mos

1838 566 2057 619 dormiit
2094 566 2146 616 in
2187 565 2434 618 Domino.

1910 637 2048 708 Vill.
2096 655 2354 709 Exortum
2390 665 2473 708 est
2500 667 2629 719 ergo
2662 650 2867 705 bellum
2899 651 3041 704 inter
3083 649 3270 703 Patres
3317 648 3414 702 De-

1840 747 1966 799 cimi
2019 746 2225 808 octavi,
2281 755 2336 798 et
2394 745 2686 797 Monachos
2746 741 3051 800 Scetiotas.
3116 738 3410 792 dicentes:

1842 836 2036 890 Noster
2065 848 2147 891 est
2177 837 2361 899 frater,
2400 846 2454 889 et
2481 851 2603 888 eum
2660 832 2981 886 habebimus
3028 831 3080 883 in
3137 831 3320 891 Scete,
3356 840 3416 883 ut

1844 928 1999 981 nobis
2029 911 2184 996 Opem
2222 928 2396 981 ferant
2423 929 2542 995 ejus
2573 940 2785 995 preces.
2815 924 3002 977 Patres
3044 933 3223 979 autem
3254 921 3418 978 Octa-

1846 1022 1896 1075 vi
1934 1021 2474 1079 decimi,dicebant:
2521 1018 2789 1072 Ponemus
2850 1031 2974 1069 eum
3026 1031 3150 1069 cum
3200 1030 3297 1067 sua
3328 1030 3415 1067 so-

1845 1129 1990 1167 rore.
2032 1113 2392 1166 Vehementer
2431 1111 2588 1180 igitur
2619 1108 2893 1161 instabant
2929 1105 3181 1160 Scetiotae
3207 1115 3261 1158 et
3290 1105 3421 1157 dicit

1856 1188 2276 1259 archimandrita
2327 1202 2510 1255 Octavi
2554 1200 2791 1254 decimi:
2831 1197 2887 1252 Si
2910 1198 3037 1266 qmd
3081 1214 3241 1250 senex
3268 1198 3421 1249 dixe-

1846 1296 1940 1358 rit,
2009 1295 2298 1348 faciamus.
2351 1293 2533 1347 Abbas
2594 1306 2723 1343 vero
2780 1290 2963 1343 Daniel
3017 1288 3231 1342 dicebat
3295 1304 3419 1341 eum

1847 1397 2099 1453 Oportere
2138 1387 2243 1438 illic
2290 1385 2530 1450 sepeliri.
2598 1382 2674 1436 llli
2723 1391 2902 1435 autem
2948 1395 3060 1433 non
3110 1380 3423 1437 audiebant

1848 1492 1994 1537 eum,
2027 1478 2269 1530 (licentes
2304 1494 2318 1530 :
2359 1476 2457 1529 Est
2496 1490 2685 1534 senex,
2725 1483 2779 1526 et
2818 1488 2923 1525 non
2979 1473 3133 1525 timet
3188 1471 3425 1537 amplius

1854 1567 2050 1621 bellum
2104 1568 2366 1634 corporis.
2418 1565 2526 1619 Nos
2568 1574 2747 1617 autem
2803 1578 2991 1617 sumus
3058 1563 3325 1632 juniores.
3371 1572 3426 1614 et

1857 1659 2104 1711 volumus
2135 1657 2377 1719 fratrem,
2404 1666 2462 1709 ut
2492 1658 2649 1709 nobis
2678 1671 2835 1723 opem
2867 1653 3044 1707 ferant
3070 1655 3185 1721 ejus
3213 1666 3423 1721 preces.

1854 1749 2061 1804 Sullicit
2092 1749 2233 1802 enim
2266 1749 2443 1813 vobis,
2493 1748 2635 1816 quod
2684 1746 3004 1813 reliquimus
3048 1745 3201 1797 vobis
3256 1745 3427 1796 abba-

174 1845 272 1890 est
306 1838 359 1888 in
398 1836 577 1890 Scete.
614 1837 746 1890 Cutn
779 1839 937 1891 ramis
968 1855 1094 1909 ergo
1128 1850 1181 1893 et
1214 1840 1408 1909 palmis
1442 1829 1755 1893 extulerunt
1788 1831 1827 1889 Β
1859 1853 1964 1895 tem
2020 1840 2398 1893 Athanasium.
2451 1837 2586 1892 Cum
2640 1854 2769 1891 vero
2812 1837 3037 1890 vidisset
3085 1850 3249 1889 senex
3308 1850 3427 1888 esse

176 1926 528 1978 venerandas
562 1922 816 1994 reliquias
860 1928 1189 1990 Athanasiae,
1241 1927 1407 1980 Deum
1456 1928 1759 1996 gloriﬁcan-

181 2021 316 2076 tes,
373 2013 462 2078 qui
522 2021 726 2065 tantam
805 2017 1143 2069 tolerantiam
1213 2017 1443 2085 praebuit
1518 2017 1753 2069 mulieri.

178 2101 541 2169 Exspectavit
596 2114 772 2156 autem
830 2121 995 2160 senex
1047 2108 1335 2176 septimum
1394 2107 1537 2162 diem
1589 2108 1759 2162 beata:

178 2194 525 2248 Athanasiae.
578 2194 772 2248 Postea
805 2211 931 2248 vero
964 2198 1134 2250 voluit
1174 2213 1336 2250 senex
1374 2201 1622 2266 accipere
1669 2215 1759 2252 se-

181 2296 319 2337 Cum
370 2283 615 2336 abbatem
663 2283 1056 2345 Andronicum,
1102 2288 1195 2338 sed
1228 2303 1335 2339 non
1384 2290 1434 2340 id
1476 2288 1758 2351 sustinuit,

187 2372 436 2426 dicens:
474 2373 669 2428 Moriar
709 2389 829 2427 cum
879 2390 997 2429 mea
1056 2377 1293 2428 domina.
1340 2374 1583 2444 Cumque
1634 2391 1758 2428 eum

187 2465 665 2533 rursusjussisset
709 2468 886 2521 valere
922 2483 1107 2528 senex,
1149 2469 1459 2537 priusquam
1507 2470 1618 2535 ipse
1660 2470 1763 2522 iret

187 2553 261 2604 ad
298 2564 539 2606 sanctum
576 2554 808 2619 Menam,
842 2558 988 2611 venit
1019 2558 1083 2612 ad
1124 2575 1245 2612 eum
1288 2559 1474 2622 frater,
1515 2560 1706 2613 dicens
1745 2576 1760 2613 :

188 2642 435 2696 Laborat
464 2647 629 2698 abbas
674 2648 1037 2710 Andronicus,
1082 2661 1135 2703 et
1166 2661 1247 2705 est
1274 2652 1523 2706 redactus
1552 2653 1617 2706 ad
1661 2668 1764 2705 an-

188 2733 427 2803 gustias.
476 2733 650 2789 Senex
688 2752 814 2791 vero
866 2755 1053 2791 rursus
1087 2741 1233 2793 misit
1283 2742 1334 2793 in
1383 2741 1626 2802 Scetem.
1687 2742 1767 2795 di-

192 2842 382 2880 cens:
415 2828 613 2883 Adeste
656 2830 761 2882 huc
809 2830 1110 2893 venientes,
1161 2832 1326 2885 abbas
1375 2833 1518 2886 enim
1556 2832 1768 2886 Andro-

194 2916 360 2971 nicus
398 2921 640 2987 sequitur
687 2921 931 2975 abbatem
1000 2923 1379 2977 Athanasium.
1439 2924 1518 2976 Illi
1582 2933 1765 2977 autem

196 3023 328 3061 cum
371 3012 728 3076 audivissent,
784 3024 1134 3072 accesserunt
1173 3025 1228 3069 et
1286 3016 1604 3071 invenerunt
1644 3032 1769 3070 eum

1860 1946 2109 1997 magnam
2158 1930 2646 1998 perturbationem,
2695 1929 2832 1980 dicit
2860 1927 3116 1980 fratribus
3166 1926 3319 1979 suis:
3372 1924 3427 1979 Si

1861 2036 1946 2073 me
1982 2035 2090 2072 non
2123 2019 2377 2085 audiatis,
2424 2034 2522 2089 ego
2578 2033 2793 2086 quoque
2840 2018 2926 2068 hic
2967 2017 3217 2076 manebo,
3259 2025 3311 2067 et
3342 2031 3433 2066 se-

1861 2111 2030 2179 peliar
2052 2125 2175 2164 cum
2213 2099 2333 2162 meo
2380 2106 2510 2171 ﬁlio,
2542 2117 2596 2161 et
2631 2116 2757 2160 tunc
2790 2106 3137 2174 quieverunt,
3176 2114 3231 2156 et
3266 2112 3428 2156 extu-

1862 2202 2042 2255 lerunt
2084 2201 2304 2255 fratrem
2371 2201 2759 2254 Andronicum.
2815 2195 3013 2253 Dicunt
3077 2213 3203 2266 ergo
3274 2195 3432 2267 seni;

1867 2292 2070 2345 Eamus
2112 2293 2165 2344 in
2209 2292 2444 2343 Scetem.
2496 2292 2632 2343 Dicit
2676 2292 2755 2346 eis
2795 2305 2958 2342 senex
3000 2303 3013 2339 :
3060 2288 3230 2341 Sinite
3264 2295 3321 2338 ut
3356 2286 3436 2336 fa-

1866 2381 2003 2433 ciam
2034 2381 2323 2447 scptimum
2348 2380 2490 2432 diem
2536 2379 2741 2443 fratris,
2793 2388 2847 2430 et
2880 2393 2985 2431 non
3021 2378 3267 2429 siverunt
3313 2386 3436 2426 eum

1869 2485 2110 2522 manere.
2161 2469 2235 2522 lta
2282 2470 2507 2523 conﬁdit
2562 2470 2728 2523 abbas
2766 2468 2958 2543 Daniel
3001 2483 3101 2522 suo
3154 2464 3434 2531 discipulo.

1868 2561 2098 2617 Oremus
2131 2577 2229 2615 nos
2256 2577 2465 2629 quoque
2500 2570 2558 2613 ut
2595 2560 2876 2612 veniamus
2902 2559 2966 2610 ad
3000 2571 3307 2609 mensuram
3340 2556 3438 2606 ab-

1870 2656 2012 2710 batis
2064 2653 2392 2716 Andronici,
2474 2650 2726 2720 precibus
2795 2649 3038 2702 omnium
3125 2652 3437 2699 sanctorum

1875 2746 2073 2799 Christi
2111 2765 2124 2798 :
2160 2747 2244 2799 cui
2278 2745 2446 2812 gloria
2480 2754 2532 2797 et
2576 2741 2816 2812 potentia
2851 2738 3011 2792 simul
3043 2753 3164 2791 cum
3196 2738 3353 2791 Patre
3389 2745 3445 2788 et

1873 2844 2062 2883 sancto
2092 2832 2318 2899 Spiritu,
2366 2847 2512 2884 nunc
2550 2840 2606 2884 et
2657 2844 2874 2899 semper
2904 2836 2959 2880 et
3001 2825 3076 2879 in-
3109 2826 3307 2880 saecula
3340 2839 3443 2878 sae-

1876 2924 2142 2978 culorum.
2173 2924 2365 2977 Amen.

210 3176 3405 3201 NW

212 3197 711 3214 ..ρ-μω-
720 3196 817 3211 dﬂ—
835 3196 1031 3213 —'——..-—-~
1042 3196 1061 3212 ὲ

1250 3206 1315 3213 ν-λ
1336 3207 1625 3215 --υρ--υ-

1142 3289 2539 3487 ΜΑΡΤΥΡΙΟΝ

1447 3582 1583 3634 ΤΩΝ
1620 3582 1823 3636 APION
1853 3582 2232 3638 ΜΑΡΤΥΡΩΝ

212 3741 1561 3919 ΕΥΛΑΜΠΙΟΥ
1715 3826 1907 3909 ΚΜ
2060 3749 3449 3925 ΕΥΑΑΜΠΙΑΣ.

1242 4196 2402 4354 MABTYRIUM

1566 4471 1663 4527 SS.
1697 4470 2083 4527 MARTYRUM

816 4650 1584 4777 EULAMPII
1681 4652 1876 4773 ET
1987 4652 2874 4778 EULAMPUE.

747 4889 946 4948 (Latine
977 4889 1103 4952 apud
1138 4887 1333 4937 Surium
1363 4888 1420 4936 ad
1456 4886 1586 4936 diem
1611 4888 1669 4936 10
1701 4885 1944 4945 Octobris,
1981 4886 2149 4937 Grece
2172 4899 2229 4935 ex
2255 4888 2362 4936 cod.
2390 4902 2479 4936 ms.
2505 4887 2656 4937 Paris.
2692 4900 2743 4937 n.
2774 4886 2915 4947 H80)

309 5203 389 5253 A'.
427 5201 589 5269 Ἀρτι
620 5203 718 5269 τῆς
759 5200 1089 5264 θεογνωσίας
1126 5201 1204 5262 εἰς
1248 5200 1421 5252 πάντα
1454 5198 1658 5263 κόσμον
1686 5197 1798 5248 δια·
1825 5200 1869 5258 C

235 5293 560 5363 τρεχούσης,
600 5295 692 5344 καὶ
732 5292 824 5345 τοῦ
868 5293 1115 5359 Σωτῆρος
1146 5292 1305 5360 ἡμῶν
1348 5288 1522 5356 Ἰησοῦ
1554 5288 1792 5357 Χριστοῦ

237 5386 336 5436 τοῦ
373 5387 533 5450 μόνον
558 5382 693 5433 Θεοῦ
740 5383 894 5449 ἡμῶν
930 5385 1053 5442 τοὺς
1096 5380 1293 5432 ἑαυτοῦ
1337 5381 1620 5448 μάρτυρας
1653 5380 1804 5447 ἑπιρο

244 5481 507 5549 ῥωνύντος
545 5478 637 5528 καὶ
666 5475 1044 5542 ἐπαλείφοντος
1068 5515 1082 5537 ,
1116 5474 1210 5527 τοῦ
1245 5474 1299 5525 δὲ
1326 5470 1562 5541 πονηροῦ
1594 5470 1687 5522 καὶ
1716 5488 1808 5539 μι-

246 5568 480 5623 σοκὰλου
530 5570 783 5637 δαίμονος
838 5569 962 5626 τοὺς
1003 5569 1233 5627 οἰκείους
1290 5566 1629 5634 Θεράποντας
1675 5563 1809 5629 πρὸς

243 5661 346 5730 τὴν
405 5660 656 5711 ἀσέϐειαν
712 5660 1065 5727 ἐρεθίζοντος,
1137 5660 1349 5721 νεανίας
1397 5675 1482 5719 τις
1537 5657 1597 5708 τὸ
1653 5656 1807 5722 γένος

250 5754 580 5822 περιφανὴς,
603 5751 697 5818 τὴν
723 5752 847 5818 ὄψιν
869 5751 1214 5822 περικαλλὴς,
1241 5748 1567 5819 εὐπατρίδης
1590 5763 1646 5799 τε
1672 5763 1811 5813 γνω-

1974 5202 2014 5252 1.
2046 5199 2160 5252 Jam
2204 5200 2292 5252 Dei
2329 5197 2634 5266 cognitione
2680 5203 2848 5248 totum
2882 5193 3068 5247 orbem
3114 5194 3462 5261 pervadente,

1901 5301 1956 5343 et
2007 5291 2282 5346 Salvatore
2334 5290 2552 5357 quidem
2608 5288 2825 5341 Christo
2864 5286 3014 5346 Jesu,
3054 5287 3145 5354 qui
3197 5287 3344 5342 solus
3384 5298 3467 5343 est

1906 5381 2045 5433 Deus
2071 5393 2277 5442 noster,
2309 5395 2435 5433 suos
2480 5387 2741 5445 martyres
2780 5376 3134 5429 conﬁrmante
3179 5394 3242 5432 ac
3281 5394 3466 5433 corro-

1908 5475 2134 5528 borante
2174 5491 2187 5525 :
2224 5472 2457 5541 maligno
2481 5483 2660 5523 autem
2709 5477 2765 5522 et
2796 5470 2949 5526 benis
2982 5469 3176 5523 infesto
3224 5471 3470 5525 dwmone

1911 5582 2037 5618 suos
2077 5566 2145 5619 ad
2186 5565 2513 5633 impietatem
2558 5562 2817 5614 incitante
2849 5561 3078 5614 famulos
3114 5562 3469 5616 :adolescens

1918 5655 2161 5726 quidam,
2181 5650 2704 5719 Eulampiusdictus,
2731 5664 2929 5717 genere
2960 5650 3208 5718 insignis,
3239 5650 3469 5719 eleganti

1918 5746 2116 5818 specie,
2151 5757 2203 5799 et
2246 5743 2335 5814 qui
2363 5743 2501 5796 bona
2533 5758 2591 5796 ac
2636 5741 2776 5795 clara
2819 5741 3139 5797 noscebatur
3167 5754 3285 5795 esse
3316 5748 3476 5797 natus
