4188 6432
777 365 916 430 1055

2036 393 2316 454 MENSIS
2354 398 2716 461 OCTOBER.

3896 417 4036 483 1056

777 477 970 544 patria.
1007 495 1201 548 nempe
1251 484 1583 553 Nicomedia,
1607 500 1659 545 et
1702 506 1817 548 erat
1843 507 2064 553 ornatus
2090 503 2342 570 operibus

2452 511 2756 574 ριζὸμενος,
2810 516 2905 581 τῆς
2950 515 3056 583 γὰρ
3093 517 3436 586 Νικομήδους
3478 522 3717 590 ὁρμᾶται
3763 529 3866 577 καὶ
3915 535 4031 587 τοῖς

774 567 1012 635 pietatis,
1050 587 1170 625 cum
1207 576 1365 630 nollet
1399 577 1643 634 habitare
1678 583 1728 636 in
1765 587 2127 644 tabernaculis
2157 610 2341 660 pecca-

775 667 976 736 torum,
1008 671 1061 713 et
1087 663 1324 718 divinum
1352 667 1554 722 Christi
1587 688 1778 727 nomen
1807 678 1987 733 videre
2021 691 2125 734 tam
2161 683 2341 754 impuo

772 747 966 803 denter
1010 753 1218 807 irrideri
1261 771 1322 811 ac
1367 761 1684 816 subsannari
1737 782 1841 821 non
1893 769 2176 824 ferendum
2221 789 2341 826 esse

771 855 1044 906 censeret,
1079 847 1260 900 relicta
1298 850 1446 904 urbis
1478 854 1829 918 habitatione,
1867 863 2213 930 amplectitur
2247 880 2340 916 so-

770 929 1080 990 litudiuem.
1116 937 1180 990 Et
1215 953 1337 991 cum
1371 941 1490 994 vitae
1539 945 1884 1005 abstinentia,
1922 929 1974 1003 et
2006 966 2223 1006 secessu
2256 956 2340 1007 in-

771 1029 983 1077 ternum
1028 1025 1297 1082 hominem
1347 1047 1720 1103 expurgassct,
1765 1038 1877 1091 zelo
1924 1041 2062 1093 sicut
2115 1058 2338 1113 magnus

768 1113 911 1168 Elias
939 1116 1184 1170 refertam
1213 1122 1435 1175 omnino
1460 1124 1680 1180 haberet
1699 1132 1954 1193 animam,
1978 1132 2160 1187 relicta
2192 1138 2336 1201 pari—

767 1217 849 1262 ter
868 1207 1176 1276 solitudine,
1197 1211 1474 1268 descendit
1506 1216 1573 1270 ad
1628 1219 1978 1276 habitandum
2012 1223 2066 1276 in
2092 1225 2332 1280 civitate.

836 1472 904 1526 II.
936 1473 1071 1528 Cum
1102 1484 1280 1529 autem
1314 1477 1377 1531 ad
1411 1478 1782 1549 imperatorias
1813 1489 2224 1561 constitutiones
2246 1491 2330 1544 in-

764 1563 1023 1618 tentlisset
1049 1566 1254 1634 oculos,
1287 1585 1405 1637 qua:
1441 1587 1600 1639 supra
1633 1584 1812 1642 portas
1842 1581 2152 1648 proscripta:
2176 1594 2331 1638 erant

762 1655 1012 1709 omnibus
1047 1659 1201 1712 valde
1232 1661 1412 1714 ridens
1443 1664 1603 1717 talem
1636 1679 1906 1733 conatum,
1938 1672 2125 1726 fuitab
2152 1675 2330 1745 impiis

761 1744 1133 1814 deprehensus
1166 1752 1428 1818 protinus,
1457 1765 1510 1807 et
1544 1757 1722 1812 statim
1776 1761 1986 1814 vinctus
2020 1760 2119 1816 fuit
2146 1744 2330 1835 conje-

761 1844 884 1891 ctus
916 1839 970 1891 in
1006 1841 1328 1907 custodiam,
1368 1855 1615 1914 tanquam
1646 1849 1818 1918 aliqua
1850 1854 2025 1920 praeda
2062 1857 2329 1914 sistendus
2363 1835 2400 1887 Β

760 1943 943 1982 coram
982 1931 1183 1998 judice.
1228 1932 1514 2004 Postquam
1569 1949 1766 2006 autem,
1801 1945 1942 2010 quod
1975 1947 2172 2001 factum
2212 1950 2326 2005 lue-

761 2029 864 2084 rat,
913 2021 1147 2077 delatum
1201 2024 1301 2080 fuit
1349 2030 1414 2082 ad
1469 2046 1626 2086 aures
1675 2036 2106 2106 magistratuum,
2164 2042 2326 2110 jussit

753 2107 918 2175 judex
951 2125 1073 2164 eum
1122 2115 1241 2167 duci
1279 2117 1341 2167 ad
1394 2119 1645 2175 tribunal.
1684 2121 1745 2175 Et
1790 2128 2032 2191 protinus
2061 2107 2326 2199 aspiciens

757 2198 825 2251 ad
875 2215 999 2254 eum
1045 2204 1133 2270 qui
1185 2204 1376 2260 ductus
1431 2205 1773 2270 literat,cum
1826 2227 2043 2282 propter
2089 2198 2323 2275 teneram

757 2299 971 2342 aetatem
1024 2305 1290 2359 sperasset
1333 2295 1445 2352 fore
1486 2308 1540 2353 ut
1578 2299 1747 2354 \irum
1784 2319 2112 2376 expugnaret
2141 2311 2327 2364 fortis-

758 2383 953 2436 simum
975 2402 986 2436 :
1010 2385 1262 2448 Qurnam
1290 2398 1390 2453 est,
1426 2393 1616 2460 inquit,
1652 2404 1795 2450 tanta
1821 2407 1928 2460 tua,
1959 2416 2077 2467 qua!
2106 2402 2322 2466 dicitur.

756 2473 1018 2534 amentia,
1055 2489 1173 2542 quae
1207 2480 1365 2530 etiam
1401 2496 1568 2548 prOpe
1607 2484 1786 2537 etIecit
1818 2498 1874 2540 ut
1917 2491 2208 2546 deduceret
2255 2495 2321 2547 ad

755 2560 1126 2627 asperitatem,
1174 2565 1274 2619 nisi
1324 2567 1437 2636 ipsa
1497 2586 1615 2640 qua:
1656 2573 1752 2628 luit
1792 2590 2078 2647 conspecta
2115 2586 2324 2650 species

758 2653 1133 2724 persuasisset.
1155 2672 1266 2710 rem
1299 2674 1404 2711 non
1438 2661 1508 2714 ita
1552 2679 1611 2718 se
1647 2665 1843 2721 habere
1880 2687 1892 2721 :
1926 2681 2008 2724 est
2033 2674 2174 2726 enim
2202 2692 2318 2728 om-

758 2743 889 2794 nino
936 2744 1193 2810 alicnum,
1225 2757 1412 2803 etnon
1461 2765 1908 2823 consentaneum,
1942 2760 2080 2816 hanc
2127 2765 2322 2818 libera-

755 2829 862 2884 lem
911 2833 1162 2899 l'ormam,
1194 2848 1246 2892 et
1293 2854 1536 2909 apertum
1590 2847 1956 2906 characterem
2008 2857 2318 2923 nobilitatis,

759 2919 895 2976 facta
924 2928 1140 2995 aggredi
1181 2940 1283 2983 tam
1309 2935 1558 2989 audacia.
1596 2939 1732 2994 Ecce
1765 2957 1892 3014 ergo
1927 2947 2020 2998 tibi
2053 2919 2315 3018 proponi;

757 3020 846 3067 tur
896 3018 1181 3073 multitudo
1222 3022 1466 3089 deorum,
1499 3044 1617 3097 qua:
1652 3032 1880 3090 diversis
1914 3041 2316 3106 operationibus

752 3115 809 3160 et
839 3107 1271 3166 invocationibus
1317 3117 1417 3169 sibi
1463 3120 1664 3174 aﬂatim
1700 3138 1975 3193 comparat
2019 3135 2319 3187 veneratio-

752 3212 900 3264 nem;
929 3199 1100 3265 ipsum
1127 3218 1340 3273 quoque
1374 3211 1630 3278 templum
1660 3224 1741 3267 est
1766 3216 1856 3267 tibi
1892 3230 2172 3286 apertum:
2198 3242 2290 3277 san

749 3289 912 3356 guine
945 3302 1122 3345 autem
1160 3310 1446 3365 conspersa
1475 3313 1773 3358 cernuntur
1793 3307 2013 3377 altaria;
2044 3313 2311 3381 publicum

751 3376 948 3432 festum
983 3383 1288 3440 celebratur
1309 3397 1363 3441 et
1393 3402 1577 3460 parata
1599 3407 1725 3450 sunt
1749 3415 2086 3471 quaecunque
2114 3422 2316 3461 conve-

751 3469 1245 3531 niunt'sacrilicio.
1289 3479 1361 3533 Et
1407 3483 1501 3537 tibi
1545 3501 1671 3554 ergo
1711 3491 1914 3556 optimc
1958 3469 2226 3556 consules,
2263 3509 2317 3552 et

753 3561 910 3616 nobis
930 3578 1040 3616 rem
1075 3577 1277 3634 gratam
1303 3571 1493 3634 facies,
1522 3575 1566 3626 si
1611 3577 1739 3631 deos
1766 3567 2020 3647 colueris,
2052 3597 2105 3639 et
2130 3589 2208 3641 eis
2233 3605 2316 3644 sa-

750 3648 1099 3707 crilicaveris.
1128 3654 1253 3710 Haec
1277 3668 1558 3728 tyrannus.

821 3761 910 3818 Ill.
946 3765 1144 3836 Martyr
1172 3782 1350 3828 autem
1391 3775 1591 3845 Spiritu
1639 3799 1827 3840 sancto
1877 3797 2019 3845 totus
2055 3796 2310 3864 repletus,

749 3866 872 3906 cum
904 3869 962 3908 se
993 3857 1146 3927 signo
1186 3865 1380 3927 crucis,
1417 3870 1583 3922 veluti
1623 3876 1940 3940 quibusdam
1970 3888 2152 3948 armis,
2194 3906 2310 3941 nm-

748 3944 940 4000 niisset
974 3968 986 4000 :
1022 3950 1166 4004 Vana
1197 3966 1341 4016 sunt,
1375 3963 1670 4028 respondit,
1706 3981 1737 4019 ο
1781 3984 1996 4036 praises,
2037 3988 2154 4042 qua:
2195 3993 2222 4029 a
2261 3989 2311 4031 te

749 4051 1148 4106 proponuntur.
1189 4045 1373 4115 Neque
1401 4053 1541 4106 enim
1571 4071 1634 4109 ex
1668 4060 1827 4115 rebus
1851 4069 2087 4120 externis
2119 4080 2172 4122 et
2195 4088 2312 4138 quas

748 4130 968 4185 minime
999 4133 1200 4189 fuerint
1245 4141 1296 4191 in
1350 4152 1613 4208 potestate
1653 4151 1903 4220 alicujus,
1933 4158 2198 4212 metienda
2230 4173 2311 4216 est

747 4219 941 4285 pietas,
973 4240 1090 4289 quae
1120 4238 1303 4295 aperte
1332 4240 1411 4286 est
1452 4236 1575 4288 boni
1621 4219 1851 4295 instituti
1881 4254 1933 4298 et
1969 4246 2019 4298 in
2046 4253 2210 4303 nostri
2246 4253 2309 4305 li-

746 4310 860 4363 beri
902 4315 1110 4368 arbitrii
1165 4319 1263 4373 sita
1315 4333 1398 4375 cst
1450 4338 1732 4394 potestate.
1776 4337 1966 4402 Atque,
1997 4339 2040 4391 si
2093 4343 2308 4408 quidem

747 4400 858 4455 licri
913 4419 1020 4458 non
1075 4419 1251 4475 potest
1302 4414 1391 4480 (ne
1437 4427 1486 4470 te.
1533 4436 1640 4473 nou
1679 4426 1812 4481 velle
1864 4400 2095 4497 dicam),
2147 4443 2200 4485 ut
2245 4437 2308 4486 ad

2447 600 2546 665 τῆς
2582 601 2868 664 εὐσεϐείας
2915 604 3099 672 ἔργοις
3150 610 3523 677 κοσμούμενος
3557 617 3616 664 έν
3656 619 4030 684 σκηνώμασιν

2446 690 2788 758 ἁμαρτωλῶν
2821 699 3094 747 κατοικεῖν
3139 700 3236 766 οὐχ
3267 701 3614 770 αἱρούμενον,
3663 712 3760 758 καὶ
3802 711 4012 772 ἀνέδην

2443 777 2584 830 οὕτω
2616 780 2676 831 τὸ
2706 781 2800 832 τοῦ
2837 784 3072 852 Χριστοῦ
3108 786 3250 839 θεῖον
3280 790 3448 859 ονομα
3499 796 3630 861 ὁρᾶν
3661 796 4022 865 διαχλευαζὸ-

2445 888 2621 938 μενον,
2653 874 2879 926 ἀνεκτὸν
2911 877 3006 946 οὐχ
3041 880 3362 947 ἡγούμενος,
3390 883 3608 952 ἀπάρας
3634 888 3743 937 τῶν
3781 890 3931 940 κατὰ
3962 895 4020 940 τὲ

2445 963 2579 1014 ἄστυ
2616 964 2932 1032 διατριϐῶν,
2985 971 3084 1040 τὴν
3132 974 3369 1042 ἐρημίαν
3420 977 3750 1042 ἀσπάζεται,
3814 985 3910 1031 καὶ
3945 983 4018 1049 τῷ

2438 1055 2695 1126 ἐγκρατεῖ
2732 1061 2821 1112 καὶ
2869 1061 3264 1150 ἀναχωρητικιξ)
3301 1067 3398 1137 βίῳ
3437 1070 3527 1121 τὸν
3560 1072 3715 1134 ὲντὲς
3759 1073 4013 1125 ἀποκαθ-

2413 1149 2712 1228 ἵιιερςιὶμενος
2786 1151 3117 1221 ἄνθρωπον,
3173 1149 3268 1209 καὶ
3321 1159 3437 1220 ὅλος
3491 1161 3651 1228 ζήλου
3716 1165 3868 1215 κατὰ
3927 1167 4014 1215 τὶν

2421 1231 2613 1305 ’μέγαν
2652 1239 2836 1293 Ἠλίαν
2893 1245 3155 1312 πλησθεῖς
3209 1250 3305 1317 τὴν
3361 1249 3557 1318 ψυχὴν,
3615 1250 3716 1319 τὴν
3772 1254 4011 1319 ἐρημίαν

2434 1329 2714 1383 ἀπολιπὼν
2743 1329 2916 1399 αὖθις,
2955 1338 3088 1405 πρὸς
3113 1338 3212 1400 τὰς
3256 1341 3312 1390 ἐν
3363 1341 3512 1392 πόλει
3547 1342 3835 1410 διαγωγὰς
3873 1345 4006 1396 κᾶτ-

2435 1435 2589 1473 εισιν.
3009 1465 3013 1471 λ

2507 1513 2581 1565 B'.
2632 1513 2719 1574 Ὠς
2760 1515 2814 1565 δὲ
2846 1517 2982 1586 πρὸς
3006 1518 3102 1578 τὰς
3140 1518 3424 1587 βασιλικὰς
3455 1525 3672 1591 ὴτένισε
3708 1527 4005 1590 διατάξεις,

2431 1601 2485 1652 αἳ
2515 1601 2621 1653 τῶν
2649 1603 2831 1656 πυλῶν
2856 1604 3089 1674 ὕπερθεν
3112 1609 3448 1678 ἀνάγραπτοι
3479 1615 3647 1665 πᾶσιν
3680 1616 4004 1683 ἐτύγχανον,

2435 1693 2574 1759 μέγα
2627 1695 3000 1761 καταγελάσας
3048 1698 3140 1750 τοῦ
3204 1700 3633 1770 ἐγχειρήματος,
3694 1707 4007 1774 κατάρροοι-ς

2435 1784 2597 1846 εὐθὺς
2635 1789 2750 1849 τοῖς
2801 1788 3055 1841 ἀσεϐέσιν
3107 1792 3345 1859 ἐγένετο,
3399 1800 3494 1847 καὶ
3542 1797 3764 1864 φυλακὴ
3821 1798 4008 1850 τοῦτον

2434 1872 2576 1945 εἶχεν
2619 1877 2818 1931 αὐτίκα
2861 1879 3102 1948 δέσμιον,
3149 1877 3260 1933 οἷον
3293 1901 3344 1934 τι
3391 1884 3612 1953 θήραμα
3647 1893 4005 1956 παραστησῷ

2433 1984 2592 2034 μενον
2623 1967 2697 2036 τῷ
2736 1969 3032 2032 δικάζοντι.
3080 1973 3235 2024 Ἐπεὶ
3263 1975 3320 2025 δὲ
3352 1976 3484 2044 πρὸς
3509 1981 3605 2037 τὰς
3634 1980 3744 2031 τῶν
3775 1984 3838 2032 ἐν
3861 1983 4001 2033 τέλει

2430 2062 2596 2119 ἀκοὰς
2645 2061 2911 2129 ἀνηνέχθη
2969 2062 3028 2114 τὸ
3081 2065 3300 2129 γεγονὸς
3337 2105 3350 2126 ,
3411 2067 3697 2132 ἀγώγιμον
3756 2072 3924 2120 αὑτὸν
3977 2072 4004 2122 δ

2431 2151 2688 2218 δικαστὴς
2722 2154 2856 2220 πρὶς
2892 2154 2949 2205 τὸ
2981 2155 3128 2223 βῆμα
3172 2157 3424 2220 γενέσθαι
3451 2159 3846 2211 διεκελεύσατο
3869 2176 3881 2187 ·
3912 2165 4001 2211 καὶ

2433 2241 2489 2302 ὃς
2528 2245 2608 2302 εἰς
2665 2244 2827 2295 αὑτὸν
2881 2245 3114 2314 ἀχθέντα
3168 2247 3327 2308 εὐθὺς
3379 2249 3606 2309 ἀπιδὼν,
3653 2251 3749 2302 καὶ
3810 2250 3898 2302 διὰ
3948 2252 4004 2302 τὸ

2431 2335 2621 2398 νεάζον
2647 2339 2747 2404 τῆς
2779 2337 2996 2405 ἡλικίας
3028 2339 3284 2407 συλήσειν
3311 2340 3545 2402 ἐλπίζων
3574 2342 3663 2392 τὸν
3690 2343 4002 2408 γενναιότα-

2426 2443 2536 2490 τον,
2572 2427 2687 2490 Τίς,
2723 2422 2767 2480 ὧ
2796 2423 2970 2491 οὗτος,
3000 2432 3030 2498 ἡ
3065 2429 3300 2498 τοσαύτη
3335 2434 3460 2500 περὶ
3491 2432 3604 2495 σοῦ,
3641 2433 3770 2500 ἔφη,
3819 2435 4001 2486 διαλα-

2429 2518 2664 2585 λουμένη
2711 2521 2976 2581 ἀναίδεια,
3023 2523 3057 2590 ἦ
3100 2539 3183 2584 τις
3222 2523 3418 2590 μικροῦ
3455 2541 3521 2591 με
3557 2527 3651 2576 καὶ
3689 2525 3832 2590 πρὶς
3873 2543 4000 2591 τραο

2427 2609 2634 2677 χύτητα
2664 2612 3011 2681 ἐξενεχθῆναι
3044 2614 3362 2684 πεποίηκεν.
3400 2616 3447 2666 εἰ
3482 2613 3552 2684 μὴ
3598 2619 3736 2667 αὐτὸ
3765 2617 3830 2668 τὸ
3859 2614 3994 2679 είδος

2424 2702 2636 2765 θεαθὲν,
2675 2703 2748 2771 μὴ
2781 2703 2950 2764 οὕτως
2990 2705 3130 2773 ἔχειν
3181 2706 3500 2758 ἀνέπεισενο
3548 2706 3837 2776 ἀλλότριον
3889 2711 3993 2778 γὰρ

2424 2794 2598 2862 πάντη
2634 2794 2726 2846 καὶ
2773 2796 3156 2857 ἀνακόλουθον,
3194 2798 3326 2848 αἰδῶ
3361 2799 3616 2868 τοιαύτην
3666 2802 3764 2850 καὶ
3818 2819 3991 2870 χαρα-

2422 2886 2598 2954 κτῆρα
2653 2887 2986 2953 σαφέστατον
3047 2888 3345 2956 εὐγενείας,
3389 2891 3566 2958 ἔργοις
3629 2893 3993 2963 θρασυτέροις

2421 2982 2738 3049 ἐπιχειρεῖν.
2781 2981 2912 3033 Ἰδοὺ
2943 2980 3025 3033 σοὶ
3057 2983 3236 3034 τοίνυν
3267 2982 3474 3051 πληθὺς
3500 2985 3790 3050 πρόκειται
3823 2986 3984 3044 θεῶν,

2420 3071 2697 3138 διαφόροις
2753 3073 3209 3141 ὲνεργείαις.καἰ
3258 3075 3484 3142 κλήσεσι
3535 3075 3989 3128 καταπλουτοῦσα

2347 3162 2386 3215 C
2419 3163 2477 3214 τὸ
2514 3163 2710 3232 τίμιον,
2745 3165 2951 3233 ἀνέῳγέ
2982 3181 3064 3216 σοι
3090 3167 3182 3217 καὶ
3205 3168 3330 3226 ναὸς
3361 3166 3541 3228 αὑτός.
3603 3168 3791 3235 Βωμοὶ
3823 3170 3881 3220 δὲ
3913 3169 3987 3236 τῷ

2418 3253 2601 3324 λύθρῳ
2655 3257 2765 3306 τῶν
2820 3256 3069 3324 αίμάτων
3123 3260 3542 3328 περιρῤὲόμενοι
3586 3258 3985 3328 τεθεώρηνται,

2419 3347 2701 3416 πάνδημος
2738 3349 2912 3417 ἑορτὴ.
2955 3350 3406 3416 συγκεκρότηται,
3445 3350 3536 3400 καὶ
3585 3349 3694 3400 τῶν
3749 3351 3987 3413 ἀγγείων

2419 3440 2520 3491 ὅσα
2552 3439 2684 3506 πρὸς
2738 3439 2927 3490 θυσίαν
2978 3439 3286 3507 κατάλληλα
3323 3440 3860 3508 προσηυτρὲττισται.
3908 3441 3984 3492 Τὰ

2416 3530 2680 3581 κάλλιστα
2713 3529 2842 3597 γοῦν
2879 3532 3090 3600 σεαυτῷ
3129 3535 3224 3583 καὶ
3276 3534 3409 3599 ἡμῖν
3440 3530 3718 3598 χαρίσαιο,
3774 3532 3824 3582 εἰ
3862 3535 3983 3595 τοὺς

2417 3619 2571 3684 θεοὺς
2605 3624 2890 3690 τιμήσειας
2947 3625 3045 3674 παὶ
3078 3625 3258 3685 αὐτοῖς
3290 3623 3598 3686 ὲπιΘὺσαις.
3653 3625 3851 3677 Καὶτά
3891 3627 3986 3694 μὲν

2413 3712 2504 3765 τοῦ
2537 3715 2795 3780 τυράννου
2826 3713 3068 3768 τοιαῦτα.

2487 3805 2565 3857 Γ’.
2641 3808 2699 3857 '0
2765 3805 2818 3857 at
2883 3807 3091 3875 μάρτυς
3147 3807 3264 3869 ὅλος
3313 3808 3446 3869 ὅλως
3503 3807 3596 3859 τοῦ
3666 3809 3985 3875 Πνεύματος

2413 3896 2506 3947 τοῦ
2569 3895 2726 3963 ἁγίου
2786 3898 3094 3965 γενόμενος,
3153 3900 3246 3950 καὶ
3312 3897 3385 3965 τῷ
3427 3897 3530 3948 -τοῦ
3589 3897 3832 3966 σταυροῦ
3894 3913 3984 3968 ση-

2419 3988 2555 4055 μείῳ
2608 3984 2722 4039 οἷον
2780 3987 2929 4055 ὅπλῳ
2978 3990 3081 4040 τινὶ
3153 3989 3646 4057 περιφραξάμενος,
3745 3989 3979 4049 Μάταια.

2413 4069 2456 4128 ὠ
2502 4078 2743 4146 ἡγεμὼν,
2809 4081 3159 4149 ἁπεκρίνατο,
3211 4080 3278 4130 τὰ
3335 4081 3491 4150 παρὰ.
3531 4081 3624 4132 σοῦ
3701 4082 3983 4146 προτεινό-

2416 4181 2573 4231 μενα,
2609 4167 2869 4235 οὐδὲγὰρ
2920 4167 3027 4218 ἀπὸ
3081 4169 3188 4219 τῶν
3246 4169 3423 4229 ἐκτὸς,
3482 4168 3574 4219 καὶ
3623 4161 3700 4219 ὧν
3756 4169 3858 4220 οὐκ
3920 4168 3981 4219 ἄν

2411 4274 2496 4319 τις
2558 4257 2765 4323 γένοιτο
2837 4257 3058 4328 κύριος,
3143 4261 3202 4310 τὸ
3293 4257 3535 4309 εὐσεϐεῖν
3599 4259 3978 4327 δοκιμάζεται,

2417 4350 2792 4416 προαιρέσεως
2838 4350 3048 4418 ἀγαθῆς
3100 4350 3194 4400 καὶ
3241 4348 3348 4400 τῶν
3398 4349 3484 4417 ἐφ’
3537 4351 3667 4418 ἡμῖν
3719 4351 3980 4419 ἄντικρυς

2414 4433 2676 4505 ὑπάρχον.
2719 4439 2776 4489 Εἰ
2810 4439 2907 4505 μὲν
2938 4438 3027 4489 οὖν
3052 4437 3308 4494 ἀδύνατον
3335 4439 3418 4489 ἵνα
3467 4441 3539 4506 μὴ
3573 4441 3718 4503 λέγω
3743 4440 3978 4506 ἀϐούλη-

750 4508 914 4546 unum
957 4504 1010 4549 et
1065 4499 1264 4554 trinum
1316 4509 1557 4561 omnium
1590 4516 1816 4580 aspicias
1863 4520 2208 4588 principium,
2245 4521 2363 4579 abl

2427 4545 2506 4580 τον
2532 4499 2675 4592 lips;
2711 4499 2821 4597 τὴν-
2850 4529 2978 4597 μίαν
3010 4546 3068 4580 σε
3107 4532 3196 4582 καὶ
3229 4529 3444 4580 πάντων
3475 4528 3764 4596 τριαδικὴν
3806 4524 3977 4598 ἀρχὴν

745 4598 934 4639 eorum
973 4589 1183 4652 saltem,
1217 4611 1335 4663 quae
1369 4600 1626 4666 producta
1663 4604 1881 4662 fuerunt
1921 4612 2062 4667 bono
2093 4617 2303 4682 ordine,

745 4675 894 4728 disce
920 4677 1082 4732 Deum
1115 4685 1507 4745 universorum.
1550 4693 1640 4747 Sin
1672 4711 1850 4753 autem
1903 4703 2124 4761 decrum
2173 4725 2306 4775 prae-

745 4764 853 4818 fers
885 4766 1307 4838 multitudinem,
1336 4791 1430 4843 per
1453 4796 1587 4847 quos
1604 4784 1954 4852 simpliciores
1983 4764 2204 4847 deducis
2237 4795 2304 4849 ad

744 4855 1057 4912 barathrum
1100 4862 1373 4930 interitus,
1405 4876 1458 4922 at
1489 4887 1587 4938 ego
1620 4877 1832 4942 quidem
1862 4896 1961 4933 nec
2010 4899 2069 4934 ea
2103 4900 2220 4951 qua:
2247 4893 2299 4937 tu

741 4947 882 5004 dicis
910 4951 1099 5005 audire
1128 4959 1391 5023 sustineo,
1434 4978 1607 5032 neque
1641 4967 1691 5020 in
1734 4970 1970 5026 animum
2000 4975 2213 5038 induco.
2245 4987 2303 5030 ut

744 5040 940 5096 talibus
968 5043 1209 5100 delecter
1246 5054 1545 5117 sacriﬁciis,
1582 5068 1638 5111 ut
1660 5062 1748 5127 qui
1782 5064 1880 5118 sim
1907 5069 2160 5133 pt'a’dilus
2189 5073 2306 5124 ani—

743 5147 829 5186 ma
873 5134 1137 5207 participe
1187 5141 1429 5204 rationis,
1475 5156 1529 5201 et
1576 5151 1641 5203 ad
1693 5167 1984 5221 supernum
2041 5160 2297 5212 mundum

743 5232 928 5290 aperte
968 5241 1295 5296 properem:
1331 5235 1432 5289 soli
1480 5248 1660 5295 autem
1715 5255 1906 5299 natura
1958 5248 2086 5312 Deo,
2117 5259 2170 5303 et
2208 5253 2299 5319 qui

742 5325 848 5366 non
881 5322 965 5367 est
1008 5320 1365 5387 aspectabilis,
1392 5325 1706 5384 sacriﬁcabo
1735 5333 2058 5387 sacriﬁcium
2105 5336 2298 5400 laudis,

738 5412 792 5458 et
829 5404 928 5474 ipsi
969 5407 1193 5462 reddam
1243 5423 1365 5468 vota
1397 5433 1513 5471 mea
1559 5433 1734 5472 coram
1783 5431 1893 5475 toto
1931 5427 2129 5492 populo
2160 5430 2303 5496 ejus.

741 5493 832 5552 His
857 5498 937 5552 sic
967 5501 1146 5568 dictis,
1189 5512 1468 5576 tyrannus,
1500 5511 1740 5581 deposita
1779 5529 2004 5582 persona
2043 5493 2299 5585 lenitatis,

736 5588 890 5655 jubet
932 5593 1150 5661 quidem
1202 5597 1326 5651 exui
1374 5613 1679 5673 martyrem,
1707 5617 1760 5661 et
1814 5607 1959 5663 humi
1995 5623 2297 5679 extensum,

743 5680 1090 5739 vehementer
1119 5689 1410 5744 verberari.

2416 4620 2650 4684 ἀπιδεῖν,
2701 4621 2800 4674 κᾶν
2852 4621 2959 4673 ἀπὸ
2995 4622 3090 4688 τῆς
3131 4621 3239 4672 τῶν
3288 4621 3662 4688 παρηγμένων
3699 4621 3973 4684 εὐταξίας,

2409 4713 2500 4764 τὸν
2556 4711 2935 4778 γενεσιουργὺν
2971 4713 3078 4763 τῶν
3122 4713 3256 4764 ὅλων
3288 4711 3421 4763 Θεὸν
3455 4711 3861 4780 μαθητεύθητι.
3917 4716 3974 4765 Et

2410 4803 2466 4855 δὲ
2498 4803 2633 4855 θεῶν
2662 4802 2871 4872 πληθὺν
2901 4804 3200 4872 προτιμᾷς,
3223 4803 3290 4856 δι’
3320 4797 3393 4857 ὧν
3424 4806 3548 4865 τοὺς
3573 4803 3974 4874 ἁπλουστέρους

2414 4894 2686 4964 χλευάζων
2713 4894 2848 4964 πρὸς
2877 4894 2935 4948 τὸ
2966 4894 3065 4963 τῆς
3094 4893 3368 4955 ἀπωλείας
3388 4896 3650 4959 κατάγεις
3675 4894 3853 4964 βάραϐ
3866 4913 3972 4965 ρον,

2414 4983 2529 5037 ἀλλ’
2565 4984 2675 5052 ἐγὼ
2736 4985 2856 5038 οὗτε
2909 4987 3126 5039 ἀκούειν
3179 4980 3252 5038 ὧν
3290 4987 3352 5036 σὺ
3385 4985 3490 5053 φὴς
3525 4987 3817 5056 ἀνέχομαι.
3856 4988 3972 5040 οὗτε

2413 5075 2624 5138 θυσίαις
2652 5077 2931 5139 τοιαύταις
2963 5077 3174 5146 χαίρειν
3206 5077 3552 5148 προῄρημαι,
3587 5081 3678 5132 ita
3708 5079 3857 5149 ψυχῇ
3894 5080 3976 5133 λο-

2412 5172 2539 5238 γικῇ
2595 5171 2868 5238 τιμηθεὶς,
2926 5170 3018 5220 καὶ
3070 5169 3206 5238 πρὸς
3263 5172 3353 5223 τὸν
3409 5171 3519 5223 ἀνω
3552 5172 3760 5237 κόσμον
3787 5173 3974 5238 σαφῶς

2412 5262 2766 5332 ἐπειγόμενος
2789 5278 2806 5296 ’
2843 5261 2989 5329 μόνῳ
3023 5260 3079 5314 δὲ
3133 5263 3208 5332 τῷ
3255 5262 3413 5330 φύσει
3459 5262 3674 5330 ἀοράτῳ
3704 5261 3848 5328 Θεῷ,
3887 5262 3974 5313 θυι

2420 5354 2540 5405 σίαν
2573 5354 2722 5407 θύσω
2761 5355 3043 5418 αἰνέσεως,
3078 5355 3172 5406 καὶ
3200 5352 3348 5420 αὐτῷ
3377 5353 3476 5413 τὰς
3507 5352 3672 5418 εὐχάς
3707 5368 3809 5418 μου
3843 5354 3963 5403 ἀπο-

2410 5442 2564 5497 δώσω
2619 5443 2862 5497 ὲναντίον
2913 5444 3112 5506 παντὸς
3179 5442 3273 5495 τοῦ
3323 5441 3450 5494 λαοῦ
3507 5442 3694 5495 αὐτοῦ.
3756 5442 3968 5494 Τούτων

2409 5520 2550 5588 οὔτω
2576 5536 2891 5604 λεχθέντων,
2921 5537 2978 5588 τὸ
3003 5537 3099 5602 τῆς
3128 5535 3425 5596 ἐπιεικείας
3443 5532 3781 5601 ἀποθέμενος
3808 5547 3969 5599 προσ-

2411 5631 2608 5679 ωπεῖον
2676 5627 2704 5677 ὁ
2757 5627 3038 5697 τύραννος,
3087 5625 3436 5693 περιδύεσθαι
3493 5625 3591 5690 μὲν
3646 5625 3965 5691 προστάττει

2411 5721 2502 5770 τὸν
2555 5718 2825 5789 μάρτυρα,
2881 5717 2974 5770 καὶ
3030 5715 3119 5770 ἐπὶ
3173 5717 3276 5784 γῆς
3322 5714 3554 5768 ταθέντα
3613 5714 3963 5784 σφοδρότερον

2411 5811 2722 5864 τύπτεσθαι.
