4188 6432
213 410 354 472 1057

286 524 362 579 Δ’.
402 523 492 588 Ὠς
519 521 576 576 δέ
617 521 880 589 γενναίως
924 521 1017 574 καὶ
1049 521 1312 590 ἀνδρικως
1340 520 1368 572 δ
1419 515 1629 588 μάρτυς
1652 519 1782 570 ἀντ·
1815 524 1860 578 Α

210 617 332 685 εῐχε
389 614 524 684 προς
560 612 660 675 τὰς
698 612 991 682 βασάνους,
1021 613 1115 664 καὶ
1156 613 1275 664 οὐδὲ
1313 611 1516 680 μικρὰν
1547 612 1776 662 ἐπεπόν-

210 705 298 758 θει
339 704 651 769 ἀλλοίωσιν,
685 703 1028 766 διπλασιάζει
1071 701 1131 754 τὸ
1172 703 1335 770 δριμὺ
1362 705 1461 771 τῆς
1506 700 1776 760 κολάσεως

211 799 243 849 δ
293 795 554 858 δικάζων,
596 794 692 846 καὶ⁷
746 793 958 862 νεύροις
1007 793 1353 855 λεπτοτάτοις
1419 788 1776 860 μαστίζεσθαι

205 888 401 941 τοῦτον
430 888 802 958 ἀπηνέστερον
847 886 1210 938 διατάττεται.
1253 886 1319 936 Ἀ
1359 884 1516 952 δίκην
1542 882 1778 950 νιφάδων

204 980 286 1049 τῷ
338 979 660 1049 μαρτυρικῷ
705 977 1074 1046 ἐπιφερόμενα
1125 976 1358 1045 σώματι,
1411 975 1613 1043 πολλὴν
1663 975 1778 1035 τοῖς

205 1072 510 1124 πεπονθόσι
544 1070 731 1140 μέρεσι
760 1069 859 1139 τὴν
897 1069 995 1137 τῆς
1029 1068 1220 1136 ὀδύνης
1253 1067 1504 1134 αἴσθησιν
1529 1065 1778 1134 ἐνειργά-

203 1164 334 1226 ζετο
355 1181 368 1195 ·
396 1164 528 1215 ἀλλὰ
564 1164 657 1214 καὶ
679 1160 851 1222 οὕτως
874 1162 900 1213 δ
927 1162 1135 1230 μάρτυς
1158 1160 1307 1210 οὐδὲν
1337 1158 1490 1226 ὤφθη
1515 1159 1606 1208 τοῦ
1644 1173 1778 1226 φρο-

202 1257 455 1324 νήματος
501 1254 750 1317 ὑπανεὶς,
800 1253 831 1322 ῆ
899 1253 999 1318 τῆς
1055 1253 1192 1318 πρὸς
1235 1251 1325 1302 τὸν
1374 1251 1576 1319 Κύριον
1620 1249 1775 1318 ἡμῶν

201 1346 518 1407 ἐπιδεδωκὼς
550 1347 804 1408 πίστεως.
853 1343 1132 1396 Ἐντεῦθεν
1177 1342 1568 1410 ἀλλεπάλληλοι
1608 1341 1776 1410 βασά-

203 1456 317 1489 νων
357 1436 490 1487 ἰδέαι
518 1435 768 1504 καθάπερ
817 1433 1034 1502 κύματα
1066 1432 1144 1500 τῷ
1176 1433 1412 1500 μάρτυρι
1464 1433 1775 1501 προσερρή-

201 1544 420 1594 γνυντο.
466 1526 641 1588 Εὐθὺς
672 1525 780 1593 γὰρ
812 1527 838 1577 ὁ
871 1525 1135 1592 τύραννος
1165 1523 1300 1590 πρὸς
1339 1523 1528 1593 ἑτέραν
1560 1523 1777 1593 εὕρεσιν

209 1616 490 1685 τιμωρίας
541 1618 822 1685 ἐτρέπετο,
876 1617 972 1669 καὶ
1021 1616 1277 1685 ξύλῳτον
1327 1616 1639 1682 ἀδάμαστον
1684 1617 1780 1669 ἀν-

203 1709 436 1778 δριάντα
480 1709 900 1778 προσαναρτῶν,
963 1707 1182 1776 ξεσμοίς
1242 1711 1341 1768 τὰς
1382 1710 1592 1776 σάρκας
1617 1725 1781 1759 κατε-

203 1801 447 1865 δαπάνα,
481 1803 573 1854 καὶ
599 1797 666 1871 ἦν
701 1802 858 1870 μέχρι
899 1800 1115 1869 μυελῶν
1142 1804 1234 1852 καὶ
1270 1799 1471 1852 ὀστέων
1500 1800 1679 1851 αὐτῶν
1717 1800 1777 1852 τὸ

200 1897 376 1964 ἄλγος
431 1895 814 1962 ὑποδυόμενον,
866 1893 963 1945 καὶ
1005 1893 1112 1944 τῶν
1163 1893 1395 1960 καιρίων
1451 1891 1631 1959 μερῶν
1677 1891 1771 1942 τοῦ

201 1985 462 2055 σώματος
495 1985 895 2052 ἐφαπτόμενον.
945 1983 1004 2035 Ὀ
1037 1984 1093 2036 δὲ
1130 1985 1358 2053 μάρτυς,
1387 1983 1552 2051 εὐχὴν
1580 1985 1648 2051 τῇ
1680 1982 1772 2051 βα-

200 2081 356 2147 σάνῳ
393 2079 792 2147 συγκεραννῦς,
843 2078 938 2130 καὶ
986 2080 1065 2140 εἰς
1116 2076 1434 2143 ἐπικουρίαν
1467 2074 1559 2127 τὸν
1604 2073 1770 2126 αὑτοῦ

195 2173 499 2241 άθλοθέτην
530 2173 927 2240 ἐπιϐοώμενος,
971 2171 1030 2222 οὐ
1076 2172 1307 2238 πάσχειν
1337 2167 1554 2236 μᾶλλον,
1589 2166 1619 2234 ἢ
1654 2166 1770 2217 ἑτέ-

201 2283 302 2331 ρου
329 2265 650 2333 πάσχοντος,
690 2264 852 2323 αὐτὸς
883 2257 1022 2312 εἶναι
1047 2260 1241 2331 θεατὴς
1267 2258 1571 2328 ἐνομίζετο.
1618 2257 1771 2310 Ἐπεὶ

197 2357 256 2408 δὲ
296 2356 498 2416 ἱκανῶς
539 2355 804 2422 ἐνήθλησε
849 2355 963 2413 τοῖς
997 2353 1239 2420 ξεσμοῖς,
1295 2355 1388 2421 κα).
1429 2353 1536 2404 πᾶν
1588 2350 1772 2402 διατα-

199 2444 425 2514 ρααχθὲν,
466 2443 527 2495 τὸ
563 2443 721 2511 σῶμα
753 2441 1048 2511 προῦκειτο
1077 2443 1337 2509 δυσειδὲς,
1375 2442 1627 2507 δαίμονες
1673 2441 1772 2510 μὲν

195 2537 276 2599 ὡς
312 2535 455 2601 εἰκὸς
511 2534 960 2598 ὑπεξανίσταντο,
992 2533 1122 2592 Θεὸς
1150 2534 1207 2584 δὲ
1234 2535 1323 2586 τὸν
1341 2536 1539 2586 οἰκεῖον
1566 2533 1771 2585 ἄνωθεν

197 2627 420 2697 ἐνίσχυε
454 2625 806 2696 στεφανίτην,
845 2626 940 2676 καὶ
984 2627 1011 2676 ὀ
1058 2623 1318 2692 δικαστὴς
1368 2623 1558 2676 ἑαυτὸν
1600 2624 1771 2692 ἡττώ-

199 2736 366 2788 μενον
398 2718 664 2788 καθορῶν,
701 2717 774 2778 ὡς
821 2717 956 2787 μήτε
1005 2716 1184 2784 λόγοις
1221 2708 1329 2777 οἷός
1360 2732 1416 2769 τε
1460 2713 1536 2766 ὢν
1563 2713 1771 2766 πείθειν

193 2810 294 2861 τὸν
326 2809 620 2876 πάσχοντα,
669 2810 806 2878 μήτε
867 2807 1151 2872 θωπείαις,
1213 2809 1348 2877 μήτε
1399 2806 1539 2859 τισὶν
1584 2806 1770 2869 ἄλλαις

196 2901 494 2964 ἐπινοίαις,
528 2901 620 2952 ἐπὶ
649 2900 904 2968 τοιαύτην
950 2903 1119 2969 χωρεῖ
1170 2899 1423 2969 βάσανον,
1469 2894 1533 2968 ἦς
1581 2899 1771 2968 ηάκοὴ

194 2993 314 3052 τοῖς
335 2991 438 3044 ὠσὶ
461 2991 556 3043 καὶ
599 2991 758 3058 μόνον
798 2989 1168 3059 ἐμπίπτουσα,
1204 2990 1590 3059 συνταράττειν
1616 2989 1772 3042 δύνα-

198 3101 316 3146 ται,
363 3084 458 3135 καὶ
493 3084 715 3150 συγχεῖν
746 3083 838 3133 καὶ
878 3079 1002 3132 νοῦν
1029 3079 1121 3131 καὶ
1147 3080 1408 3133 διάνοιαν.
1452 3078 1632 3147 Ἰμᾶσι
1661 3080 1769 3148 γὰρ

1034 407 1496 470 MARTYRIUM
1540 405 1623 465 SS
1658 408 2030 467 EULAMPII
2072 411 2164 468 ΕΤ
2204 411 2626 471 ΕυῐιᾹΜΡΙιΈ.

3319 408 3453 476 1058

1959 519 2046 572 IV.
2075 519 2368 590 Postquam
2404 530 2582 574 autem
2617 529 2820 592 martyr
2849 535 3108 592 generose
3140 528 3195 574 et
3241 520 3457 576 fortiter

1879 612 2077 665 restitit
2111 614 2412 676 tormentis,
2446 623 2500 668 et
2531 629 2627 668 nec
2660 613 2930 666 tantillum
2959 613 3175 682 quidem
3207 611 3308 665 fuit
3331 627 3454 666 mu-

1880 711 2040 763 tatus,
2098 705 2446 758 acerbitatem
2497 705 2746 774 supplicii
2782 705 2946 774 judex
2996 715 3172 773 auget,
3217 720 3454 774 eumque

1879 793 2058 846 nervis
2091 794 2220 846 caedi
2251 795 2586 850 tenuissimis
2630 796 2853 863 imperat
2875 795 3303 858 crudeliter.Qui
3330 809 3452 848 cum

1877 884 2002 937 nive
2037 884 2267 951 spissius
2320 886 2572 954 martyris
2615 886 2827 955 corpori
2893 885 3289 950 infligerentur,
3322 885 3452 939 alie-

1880 974 1982 1028 ctis
2034 975 2274 1041 partibus
2301 975 2601 1029 afferebant
2647 992 2897 1046 magnum
2960 992 3179 1030 sensum
3229 976 3452 1030 doloris.

1881 1063 1983 1115 Sed
2018 1065 2095 1117 sic
2117 1081 2331 1134 quoque
2375 1076 2575 1135 martyr
2611 1067 2747 1121 nihil
2784 1066 2934 1120 visus
2962 1076 3046 1119 est
3088 1065 3360 1120 remisisse
3390 1068 3456 1120 tle

1878 1170 1973 1208 sua
2009 1155 2174 1208 animi
2206 1156 2582 1225 magnitudine
2619 1167 2710 1210 aut
2739 1155 2804 1210 de
2832 1173 2928 1210 sua
2960 1157 3061 1210 ﬁde
3098 1156 3151 1209 in
3178 1157 3452 1211 Christum

1879 1249 2168 1303 Dominum
2203 1261 2446 1305 nostrum
2479 1251 2681 1319 aliquid
2720 1252 3008 1305 relaxasse.
3038 1251 3174 1305 Hinc
3206 1251 3457 1321 frequen-

1881 1350 1981 1403 tes,
2013 1350 2064 1396 et
2092 1358 2149 1396 se
2180 1343 2410 1396 invicem
2458 1352 2857 1411 consequentes
2905 1352 3298 1396 tormentorum
3335 1358 3456 1412 spe-

1878 1418 2010 1485 cies.
2044 1445 2296 1502 tanquam
2351 1434 2566 1497 fluetus,
2616 1435 2975 1504 erumpebant
3025 1435 3078 1488 in
3139 1443 3446 1504 martyrem.

1881 1515 2075 1575 Statim
2109 1527 2251 1577 enim
2301 1542 2596 1579 conversus
2626 1538 2708 1580 est
2750 1537 3008 1596 tyrannus
3055 1527 3121 1579 ad
3166 1526 3455 1579 invenien-

1877 1613 2006 1666 dttm
2035 1613 2178 1666 aliud
2213 1615 2536 1682 supplicium
2575 1635 2586 1667 :
2624 1627 2677 1669 et
2703 1616 2848 1687 ligno
2881 1616 3194 1684 appendens
3218 1615 3456 1668 indomi-

1881 1714 1986 1758 tam
2017 1715 2268 1769 statuam,
2295 1709 2651 1763 consumebat
2694 1723 2885 1761 carnes
2924 1708 3364 1767 lat-orationibus,
3401 1714 3452 1763 et

1881 1799 1947 1852 ad
1974 1799 2238 1852 medullas
2269 1811 2319 1852 et
2361 1815 2480 1853 ossa
2515 1816 2685 1867 usque
2732 1801 2944 1853 subibat
2979 1799 3132 1852 dolor
3169 1808 3222 1852 et
3251 1797 3452 1866 princi-

1881 1890 2028 1959 pales
2059 1900 2241 1959 partes
2268 1893 2513 1959 corporis
2549 1892 2868 1960 attingebat.
2903 1891 3101 1960 Martyr
3133 1899 3310 1946 autem
3336 1903 3456 1958 pre-

1879 1982 2033 2036 cibus
2063 1986 2392 2038 tormentum
2425 1992 2867 2050 eontemperans,
2904 1991 2956 2035 et
2987 1983 3068 2035 sui
3107 1982 3456 2050 Agonothet‘ae

1879 2074 2136 2126 auxilium
2207 2075 2488 2138 invocans,
2543 2089 2650 2126 non
2710 2074 2882 2143 magis
2937 2073 3264 2127 censebatur
3341 2075 3453 2142 patl

1878 2179 2038 2232 quam
2081 2165 2186 2217 alio
2215 2167 2453 2233 patiente
2511 2165 2623 2234 ipse
2671 2180 2790 2219 esse
2846 2175 3138 2235 spectator.
3167 2165 3452 2234 Postquam

1877 2263 2060 2308 autem
2104 2255 2236 2308 satis
2283 2255 2580 2308 decertavit
2630 2257 2892 2309 adversus
2940 2257 3372 2322 dilacerationes,
3398 2265 3455 2312 et

1878 2345 2193 2400 universum
2275 2346 2612 2414 discerptum
2683 2361 2880 2415 corpus
2949 2347 3289 2417 propositum
3351 2349 3454 2403 fuit

1878 2446 2097 2504 aspectu
2124 2445 2344 2498 tetrum,
2368 2435 2644 2490 daemones
2673 2436 2914 2505 quidem,
2949 2445 3009 2490 ut
3034 2453 3129 2505 par
3155 2448 3293 2501 erat,
3318 2452 3454 2494 mce-

1879 2527 2092 2590 rebant,
2121 2526 2262 2582 Deus
2317 2536 2497 2580 autem
2547 2542 2577 2580 e
2624 2528 2837 2594 superis
2883 2527 3186 2582 exsultabat
3234 2539 3454 2599 propter

1877 2631 2035 2670 suum
2086 2632 2285 2669 corona
2333 2617 2640 2670 redimitum
2691 2617 2970 2672 athletam.
3024 2617 3196 2672 Judex
3256 2620 3452 2675 deinde

1877 2722 2108 2762 cernens
2135 2723 2193 2762 se
2226 2722 2347 2762 esse
2394 2721 2736 2778 superatum,
2760 2725 2882 2764 cum
2939 2726 3040 2769 nec
3070 2711 3246 2765 verbis
3276 2722 3454 2781 posset

1877 2800 2206 2869 persuadere
2254 2801 2504 2868 patienti,
2543 2815 2646 2854 nec
2701 2801 2996 2864 blanditiis,
3033 2817 3133 2856 nec
3179 2803 3302 2856 ullis
3333 2802 3454 2858 aliis

1880 2891 2196 2952 rationibus,
2242 2890 2485 2959 procedit
2516 2889 2582 2942 ad
2618 2889 2722 2942 tale
2752 2892 3266 2960 tormentum,quod
3297 2892 3343 2945 si
3369 2891 3453 2946 vel

1877 2984 2053 3039 solum
2103 2983 2170 3037 ad
2215 2997 2373 3037 aures
2431 2983 2731 3051 perveniat,
2775 2989 2955 3050 potest
3015 2981 3341 3037 conturbare
3392 2999 3455 3039 ac

1876 3073 2212 3127 confundere
2233 3083 2467 3126 mentem
2497 3083 2549 3126 et
2578 3073 2982 3142 cogitationem.
3008 3071 3286 3127 Tenuibus
3305 3073 3452 3128 enim

195 3174 415 3236 λεπτοῖς
444 3173 569 3235 τοὺς
605 3170 711 3224 τῶν
735 3170 913 3224 ποδῶν
935 3170 1027 3223 καὶ
1050 3171 1246 3241 χειρῶν
1274 3169 1764 3240 περισφιγχθέντας
1795 3220 1799 3254 1

1878 3163 2007 3218 loris
2053 3163 2251 3234 pedum
2304 3171 2361 3216 et
2405 3177 2662 3215 manuum
2709 3162 2999 3218 adstrictos
3052 3161 3250 3231 digitos
3298 3163 3457 3233 jubet

195 3264 519 3330 δακτύλους,
557 3266 636 3327 εἰς
669 3264 914 3315 τούπίσω
949 3263 1366 3332 περιενεχθῆναι
1401 3262 1592 3332 βιαίως
1642 3261 1763 3321 δια-

198 3352 506 3416 κελεύεται,
533 3355 626 3404 καὶ
655 3353 809 3419 δίκην
830 3352 1087 3419 πτόρθου,
1112 3353 1180 3402 τὰ
1202 3353 1292 3402 τοῦ
1323 3354 1602 3420 μάρτυρος
1628 3352 1769 3420 μέρη

198 3459 271 3494 πε
283 3443 584 3510 ριλυγίσας,
611 3442 881 3512 ἀφόρητον
898 3440 1039 3493 οῦτω
1055 3442 1151 3510 τὴν
1171 3441 1440 3511 τιμωρίαν
1463 3442 1770 3510 εἰργάξετο.

211 3535 511 3602 ’Δγκώνων
536 3535 644 3604 γάρ
671 3534 1148 3604 συνθραυομένων,
1189 3535 1410 3607 σφυρῶν
1452 3533 1770 3602 συνθλωμέ-

205 3646 342 3691 νων,
403 3627 612 3680 σκελῶν
668 3627 1132 3696 συντριϐομένων,
1182 3630 1275 3678 καὶ
1319 3629 1480 3678 οἱονεὶ
1511 3627 1774 3693 διατετρι-

205 3721 388 3787 γότων
420 3723 486 3788 τῇ
539 3718 628 3789 βίᾳ
681 3719 780 3787 τῆς
830 3720 1091 3782 στάσεως,
1150 3718 1350 3788 μικροῦ
1404 3717 1771 3771 θανατοῦσθαι

199 3812 485 3864 συνέϐαινε
518 3811 606 3862 τὸν
632 3811 892 3878 ἀθλητὴν,
921 3811 1013 3861 ἆτε
1039 3812 1138 3877 τῆς
1180 3810 1445 3878 ἁρμονίας
1491 3810 1597 3861 τῶν
1639 3810 1772 3862 ὅλων

203 3901 300 3954 τοῦ
332 3900 584 3968 σώματος
608 3899 810 3967 μελῶν,
839 3899 933 3966 τῆς
961 3899 1192 3960 οἰκείας,
1219 3897 1587 3966 ἐξισταμένων
1609 3899 1769 3966 ἐδρας

198 3994 302 4045 καὶ
339 3991 568 4057 τάξεως,
612 3992 704 4044 καὶ
752 3991 831 4062 τῷ
867 3990 1109 4061 περιόντι
1152 3991 1250 4060 τῆς
1294 3991 1583 4061 ἀλγηδόνος
1636 3991 1771 4060 πρὸς

204 4080 392 4138 οἶκτον
425 4084 806 4153 ἐφελκομένων
845 4084 939 4135 καὶ
964 4082 1168 4152 ἄψυχα.

276 4177 354 4231 Ε’.
410 4175 554 4229 Ἀλλ’
579 4178 606 4228 ὁ
638 4176 738 4244 μὲν
766 4173 1031 4244 τύραννος
1061 4176 1197 4243 πρδς
1221 4173 1318 4240 τὴν
1341 4175 1430 4226 διὰ
1459 4175 1568 4226 τῶν
1593 4175 1772 4242 ἔργων

202 4271 543 4339 ἐξατονήσας
594 4266 774 4320 πειθοῖ
809 4249 945 4336 πρδς
991 4267 1088 4338 τὴν
1119 4267 1204 4318 διὰ
1241 4266 1348 4318 τῶν
1393 4266 1567 4333 λόγων
1606 4263 1764 4329 αὖθις

197 4362 400 4432 ἐχώρει
439 4359 517 4428 τῷ
564 4361 662 4427 τῆς
703 4357 993 4422 διαλέξεως
1041 4357 1411 4427 προσωπείῳ,
1465 4359 1525 4411 τὸ
1571 4358 1772 4410 οἰκεῖον

198 4451 580 4521 περιστέλλων
615 4450 880 4502 ἀδύνατον
905 4487 920 4511 ,
964 4448 1058 4500 καὶ
1096 4448 1288 4516 πρῶτα
1341 4448 1439 4516 μὲν
1474 4448 1568 4501 ﬁte.
1602 4448 1767 4500 δεισι-

1868 3257 2133 3312 violenter
2174 3255 2525 3310 cireumtralii
2555 3295 2568 3319 ,
2597 3255 2740 3322 quod
2792 3254 2839 3307 ei
2878 3254 3281 3309 intolerandum
3333 3257 3454 3309 red-

1865 3348 2029 3401 debat
2080 3347 2402 3398 eruciatum.
2440 3346 2571 3397 Nam
2629 3360 2752 3398 cum
2800 3345 3278 3415 confringerentur
3322 3347 3451 3399 arti-

1864 3438 1992 3502 culi,
2021 3445 2076 3490 et
2124 3436 2360 3490 violenta
2419 3435 2738 3490 extensione
2791 3437 3198 3505 quodamntodo
3253 3437 3452 3491 stride-

1865 3540 2008 3595 rent,
2065 3530 2286 3599 contigit
2325 3530 2582 3584 athletam
2638 3544 2805 3598 prope
2858 3538 3034 3583 morte
3091 3528 3250 3595 allici,
3306 3530 3451 3599 quod

1867 3635 2157 3690 compages
2190 3621 2432 3673 omnium
2470 3620 2838 3673 membrorum
2869 3622 3118 3690 corporis
3141 3637 3169 3674 a
3203 3637 3301 3676 sua
3323 3622 3453 3676 sede

1865 3719 1921 3764 et
1947 3712 2137 3766 ordine
2173 3711 2619 3775 ditnoverentur;
2657 3715 2794 3765 adeo
2835 3719 2892 3764 ut
2927 3726 3149 3781 propter
3173 3713 3450 3785 ingentem

1866 3801 2106 3856 dolorem
2157 3804 2220 3858 ad
2259 3803 2688 3858 ntisericordiam
2736 3804 3288 3861 tralterentur'etiatn
3334 3808 3454 3860 ina-

1865 3911 2032 3947 ntma.

1934 4181 1998 4233 V.
2034 4180 2142 4235 Setl
2177 4192 2437 4252 tyrannus
2458 4184 2677 4252 quidem
2711 4201 2832 4240 cum
2858 4202 2966 4240 non
3002 4188 3268 4254 potuisset
3293 4189 3449 4243 factis

1863 4273 2214 4341 persuadere,
2243 4274 2309 4327 ad
2341 4276 2779 4343 persuadendum
2811 4278 2985 4331 verbis
3019 4293 3207 4333 rursus
3232 4293 3290 4331 se
3314 4294 3449 4332 con~

1865 4363 1992 4424 fert,
2033 4378 2262 4432 persona
2317 4363 2700 4432 disputationis
2733 4379 2885 4419 suam
2938 4373 3124 4433 tegens
3176 4365 3448 4432 impoten-

1864 4454 2014 4509 tiam.
2035 4454 2100 4508 Et
2133 4457 2362 4523 primum
2383 4457 2622 4524 quidem,
2644 4466 2702 4510 ιιι
2729 4458 2819 4525 qui
2845 4466 2990 4510 esset
3011 4457 3276 4526 (superstit
3299 4460 3448 4512 osius

196 4538 625 4604 δαιμονέστερον
656 4538 785 4603 περὶ
813 4536 875 4586 τὸ
907 4536 1040 4589 ἴδιον
1063 4535 1406 4604 διακείμενος
1448 4537 1630 4600 σέϐας,
1666 4537 1765 4624 τῂν
1797 4539 1799 4545 ⁴

1874 4547 2097 4603 aﬂ'ectus
2157 4546 2210 4599 in
2265 4561 2415 4600 suam
2475 4547 2833 4618 religionem,
2877 4548 3151 4604 lacerabat
3205 4549 3444 4604 divinam

193 4645 258 4680 τε
291 4625 569 4694 θεοπρεπῆ
611 4625 701 4676 τοῦ
727 4624 885 4691 λόγου
922 4625 1140 4691 διέσυρε
1206 4627 1505 4694 σάρκωσιν,
1563 4629 1654 4683 καὶ
1702 4629 1770 4680 τὰ

197 4717 391 4768 τούτου
434 4715 580 4783 πάθη
619 4715 712 4768 καὶ
740 4714 976 4784 σταυρὸν
1004 4715 1188 4780 αὑτὸν,
1223 4720 1316 4770 καὶ
1353 4719 1454 4771 ὅσα
1497 4719 1595 4787 τῆς
1635 4723 1768 4787 ἡμε-

194 4808 368 4872 τέρας
395 4807 645 4876 σύμϐολα
677 4806 954 4876 σωτηρίας
975 4846 988 4869 ,
1027 4808 1438 4876 προσκόμματα
1473 4808 1767 4862 σκανδάλου

197 4897 433 4962 ἐτίθετο,
481 4898 575 4949 ἐπὶ
629 4898 841 4959 τούτοις
902 4901 995 4951 καὶ
1046 4899 1144 4968 τὴν
1183 4900 1291 4951 τῶν
1340 4902 1621 4968 στοιχείων
1681 4904 1771 4969 δη-

201 4990 495 5058 μιουργίαν
537 4990 908 5058 προύϐάλλετο
931 5031 945 5051 ,
983 4991 1058 5052 ὼς
1094 4993 1193 5059 μὲν
1240 4993 1421 5060 ἡδεῖαν
1455 4991 1617 5046 οὖσαν
1644 5034 1665 5056 ,
1695 4994 1768 5056 ὡς

195 5085 256 5137 δὲ
297 5085 621 5152 ἐπέραστον,
658 5086 748 5134 xxi.
780 5084 1091 5154 ἀνθρώποις
1118 5088 1196 5146 εἰς
1228 5086 1529 5137 ἀπόλαυσιν
1552 5087 1770 5152 προκεί-

201 5175 398 5245 μένην,
451 5177 545 5226 καὶ
596 5175 668 5236 ῶς
704 5175 825 5242 μηδ’
874 5177 938 5226 ἂν
987 5175 1211 5237 ἐθέλειν,
1275 5176 1409 5244 μηδὲ
1489 5178 1580 5228 τὸν
1629 5177 1770 5243 ἄγαν

201 5267 611 5336 τυφλῶττοντα,
655 5267 752 5334 τῆς
780 5268 842 5318 ὲκ
873 5267 1083 5336 ταύτης
1113 5265 1401 5335 στέρεσθαι
1444 5267 1654 5334 ἡδονῆς.
1714 5267 1769 5319 Ὀ

199 5363 256 5413 δὲ
293 5361 506 5428 μάρτυς
535 5354 623 5426 (ἦν
665 5359 772 5427 γάρ
811 5358 908 5426 τῆς
953 5359 1184 5425 ἀληθοῦς
1228 5360 1422 5424 σοφίας
1458 5360 1767 5428 ἀνάπλεως)

203 5449 551 5517 ἀντιπαρῆγε
634 5451 740 5500 τῶν
819 5451 1030 5502 ἐκείνου
1089 5451 1226 5502 θεῶν
1281 5451 1342 5501 τὸ
1395 5451 1621 5510 ἀσθενὲς
1678 5455 1771 5502 καὶ

199 5536 529 5608 άνδρὸθηλν,
562 5541 622 5592 το
657 5541 793 5608 πρὸς
838 5542 1104 5610 ἀλλήλους
1137 5542 1376 5609 μάχιμον
1407 5559 1463 5592 τε
1505 5543 1601 5592 καὶ
1640 5559 1766 5594 στα-

202 5631 420 5692 σιῶδες,
467 5634 561 5685 καὶ
609 5633 667 5684 τὸ
722 5637 1059 5698 σωματικοῖς
1126 5631 1558 5698 ἐγκαλινδείσθαι
1597 5634 1769 5702 παθή-

202 5740 360 5791 μασι.
401 5728 489 5776 καί
520 5727 580 5777 τὸ
610 5724 731 5793 μηδ’
758 5725 934 5776 έτιοῦν
969 5725 1074 5774 τῶν
1112 5725 1477 5792 παρηγμένων
1518 5725 1607 5790 ἀφ’
1643 5725 1769 5774 ἐαυ-

201 5814 295 5867 τσῦ
334 5817 433 5882 τὴν
464 5817 678 5878 γένεσιν
709 5817 854 5884 ἔχειν
891 5817 983 5866 καὶ
1031 5816 1266 5884 ἄναρχον
1320 5808 1481 5875 εἶναι,
1527 5815 1642 5865 ἀλλ’
1691 5816 1766 5876 εἰς

1872 4637 2034 4691 Verbi
2067 4637 2248 4689 carnis
2271 4639 2698 4706 susceptionem,
2729 4639 2952 4706 ejusque
2984 4639 3362 4706 perpessiones
3387 4649 3445 4694 et

1872 4729 2041 4796 ipsam
2087 4741 2324 4790 crucem,
2373 4737 2428 4779 et
2477 4742 2814 4797 quaecunque
2865 4737 2991 4783 sunt
3047 4731 3197 4799 signa
3242 4740 3443 4785 nostra:

1871 4817 2080 4876 salutis,
2107 4831 2167 4868 ea
2215 4816 2453 4872 seandali
2508 4817 2739 4870 ducebat
2788 4818 3136 4872 offensiones.
3169 4819 3297 4874 Post
3333 4821 3447 4875 hac

1875 4907 2181 4974 proferebat
2236 4907 2398 4958 etiam
2455 4906 2712 4958 fabricam
2765 4906 3176 4969 elementorum,
3219 4917 3276 4961 ut
3328 4923 3448 4977 qua:

1871 5006 2014 5051 esset
2058 4997 2275 5065 quidem
2314 4997 2487 5052 dulcis
2523 5007 2576 5051 et
2626 4999 2891 5061 amabilis,
2925 5008 2978 5052 et
3032 4999 3097 5052 ad
3154 4998 3443 5052 fruendum

1873 5089 2145 5157 proposita
2187 5090 2516 5151 hominibus,
2555 5097 2608 5141 et
2645 5090 2785 5155 quod
2825 5090 2994 5142 nollet
3030 5106 3096 5143 ne
3133 5091 3287 5143 valde
3325 5091 3447 5159 qui-

1873 5181 1992 5232 dem
2042 5193 2235 5239 caecus,
2278 5195 2397 5247 quae
2445 5196 2510 5232 ex
2551 5196 2612 5233 ea
2663 5181 2856 5243 oritur,
2891 5182 3086 5248 privari
3145 5183 3443 5251 voluptate.

1873 5269 2069 5339 Martyr
2121 5282 2299 5324 autem
2357 5274 2493 5340 (erat
2538 5275 2679 5325 enim
2731 5288 2852 5326 vera
2897 5273 3093 5341 plenus
3147 5274 3442 5343 sapientia)

1873 5367 2055 5415 conlra
2089 5364 2349 5417 afferebat
2369 5364 2508 5416 illius
2527 5364 2749 5418 deorum
2779 5365 3198 5418 imbecillitatem
3228 5377 3282 5419 et
3312 5365 3446 5419 effe-

1875 5455 2246 5513 minationetn,
2283 5470 2401 5526 quae
2447 5458 2588 5510 inter
2611 5473 2668 5512 se
2700 5459 2930 5510 invicem
2971 5457 3207 5517 fuerunt,
3237 5473 3445 5527 pugnas

1873 5554 1924 5596 et
1961 5544 2276 5604 seditiones,
2312 5556 2362 5599 et
2393 5548 2534 5613 quotl
2577 5549 2946 5600 volutaretttur
2997 5549 3048 5600 in
3080 5550 3322 5616 corporis
3359 5549 3438 5601 af-

1876 5634 2235 5699 fectionibus;
2280 5651 2331 5688 et
2378 5639 2519 5704 quod
2568 5639 2702 5690 nihil
2745 5653 2934 5690 eorum
2961 5680 2973 5700 ,
3011 5655 3129 5707 qua:
3181 5640 3441 5707 producta

1871 5737 2018 5784 sunt,
2057 5743 2118 5778 ex
2151 5744 2207 5781 se
2237 5740 2414 5780 ortum
2447 5730 2658 5785 habeat.
2691 5741 2744 5782 et
2784 5731 2854 5784 sit
2884 5731 2999 5784 sine
3036 5729 3323 5799 principio,
3343 5729 3440 5784 sed

1873 5817 2051 5870 statim
2096 5819 2361 5872 referatur
2397 5821 2459 5872 ad
2495 5823 2723 5887 primam
2765 5831 2813 5876 et
2843 5822 3158 5877 elIicientem
3186 5835 3435 5887 causam,
