4188 6432
200 405 341 470 1061

995 407 1462 466 MARTYRIUM
1507 405 1606 466 SS.
1667 407 2033 466 EUI.AMPIl
2099 409 2193 466 ET
2236 408 2662 470 EULAMPl/E.

3303 407 3438 471 1062

200 535 442 590 μνησκε,
474 515 827 584 συνοικισμοῦ
856 531 914 568 τε
937 517 1029 567 καὶ
1059 515 1373 578 συναυλίας,
1400 515 1494 567 καὶ
1514 515 1773 568 τοιούτων
1801 519 1838 576 Α

1884 517 2286 579 habitationem,
2320 518 2705 586 ethujus‘modi
2744 516 2845 571 alia
2878 519 3049 588 signa,
3083 527 3135 571 et
3166 527 3443 588 postremo

195 614 382 665 ἄλλων
421 611 744 680 συμϐόλων·
778 609 872 661 καὶ
907 608 1060 669 τέλος
1096 609 1192 676 τῆς
1236 609 1405 675 αὐτῆς
1437 606 1643 657 ἐθέλειν
1673 606 1767 658 καὶ

196 707 441 766 πίστεως
465 704 618 769 ἔλεγε
653 703 745 753 καὶ
784 701 876 752 τοῦ
911 700 1254 768 σεὸάσματος
1287 700 1611 766 μετασχεῖν,
1675 699 1771 750 καὶ

195 799 318 850 τῶν
382 797 561 847 αὐτῶν
618 793 946 859 κοινωνῆσαι
1004 789 1079 859 τῷ
1128 789 1341 857 ἀδελφῷ
1404 787 1768 857 παθημάτων.

199 887 396 941 ταῦτα
430 888 628 949 τοίνυν,
673 886 760 936 τὸν
797 885 894 950 μὲν
920 882 1296 949 κακοδαίμονα
1333 881 1600 949 τύραννον
1631 883 1771 932 ἀπο-

207 983 332 1050 ρίας
370 980 634 1048 ἐπλήρου,
671 978 794 1038 τοὺς
826 977 879 1026 δὲ
917 974 1116 1034 θεατὰς
1140 973 1247 1025 τῶν
1305 973 1600 1040 δρωμένων
1643 989 1771 1040 μετ-

206 1073 458 1123 εκαλείτο
490 1071 621 1138 πρὸς
650 1069 747 1136 τὴν
779 1067 1064 1118 εὐσέϐειαν
1087 1107 1100 1130 ,
1137 1067 1230 1118 καὶ
1262 1066 1317 1127 ὃς
1346 1067 1542 1117 αὐτίκα
1582 1066 1772 1134 μιαρδς

205 1164 324 1225 ὢν,
367 1163 500 1230 πρὸς
548 1162 780 1228 μιαροὺς
839 1156 1036 1226 ἐχώρει
1091 1157 1409 1222 λογισμοὺς,
1468 1157 1562 1207 καὶ
1612 1156 1772 1207 πάθει

209 1254 417 1323 μᾶλλον
462 1251 773 1318 σωματικῆς
827 1248 1148 1310 συνουσίας,
1187 1248 1308 1314 ούχὶ
1357 1247 1506 1315 πόθῳ
1536 1246 1772 1315 Χριστοῦ

208 1345 521 1413 προσφύναι
557 1342 632 1410 τῷ
674 1344 911 1408 μάρτυρι
943 1338 1144 1407 ταύτην
1173 1337 1332 1408 ᾤετο.
1386 1340 1564 1408 Δριμὺ
1598 1340 1775 1390 τοίνυν

208 1439 309 1488 καί
336 1435 593 1504 ἐμϐριθὲς
622 1434 753 1502 πρὸς
784 1434 955 1499 αὐτὴν
985 1432 1260 1495 ἀτενίσας,
1308 1432 1372 1485 Τί
1402 1448 1504 1495 σοι,
1539 1433 1695 1502 φησι,
1734 1425 1777 1483 ὧ

208 1528 400 1594 γύναι,
449 1527 508 1576 τὸ
566 1526 811 1591 σόφισμα
863 1524 1114 1591 βούλεται
1170 1523 1348 1585 τοῦτο,
1403 1526 1638 1587 καὶπῶς
1673 1524 1778 1592 ἄρα

210 1618 492 1686 πρόφασιν
539 1615 809 1683 ἐρωτικῆς
865 1617 1060 1684 μανίας
1098 1615 1194 1682 τῆς
1233 1615 1369 1684 πρὸς
1401 1617 1490 1666 τὸν
1533 1617 1779 1682 παρόντα

207 1709 427 1759 τουτονὶ
491 1706 796 1769 νεανίσκον,
853 1707 950 1775 τὴν
999 1710 1097 1774 τῆς
1142 1706 1443 1773 θρησκείας
1487 1707 1779 1774 μετάθεσιν

209 1801 487 1866 ἐποιήσως
548 1799 704 1850 ’Λλλά
751 1799 1021 1865 ἀνά-ληψον
1064 1798 1161 1863 τῆς
1211 1798 1645 1865 περικεχυμένης
1699 1815 1779 1849 σοι

1871 609 2081 662 diccbat
2114 625 2171 662 se
2220 610 2357 663 velle
2401 625 2521 663 esse
2571 612 2886 678 participem
2938 610 3181 678 ejusdem
3235 612 3354 664 tidei
3386 617 3443 663 et

1872 701 2166 769 religionis.
2194 711 2247 754 et
2272 702 2636 755 communiter
2663 717 2784 754 cum
2817 701 2982 754 fratre
3008 703 3220 755 easdem
3256 703 3444 757 subire

1871 793 2272 861 perpessiones.
2299 793 2420 846 Hinc
2447 808 2574 862 ergo
2605 793 2872 847 infelicem
2907 795 3123 862 quidem
3159 803 3443 864 tyrannum

1873 883 2168 949 implebant
2206 885 2545 938 dubitatione
2593 903 2605 938 :
2662 897 2992 954 spectatores
3030 899 3206 940 autem
3255 903 3442 940 eorum

1873 990 1991 1042 quae
2021 975 2239 1035 ﬁebant,
2269 978 2632 1044 provocabant
2660 979 2724 1030 ad
2757 979 3031 1045 pietatem.
3059 977 3326 1031 Cmterum
3355 978 3449 1032 ille

1875 1067 2139 1130 protinus.
2172 1082 2290 1120 cum
2317 1076 2463 1119 esset
2493 1068 2803 1127 sceleratus,
2836 1081 2893 1119 se
2917 1068 2979 1118 ad
3009 1067 3299 1119 sceleratas
3319 1083 3448 1122 con-

1876 1160 2040 1210 vertit
2083 1158 2456 1226 cogitationes,
2487 1168 2538 1211 et
2574 1169 2791 1226 propter
2820 1161 3162 1212 affectionem
3201 1159 3451 1227 corporis

1878 1249 2311 1311 consuetudinis,
2349 1264 2455 1300 non
2504 1257 2680 1300 autem
2731 1259 2953 1315 prepter
2998 1249 3271 1315 sanguinis
3319 1263 3451 1300 cou-

1875 1338 2232 1406 junclionem,
2252 1340 2560 1408 Christique
2591 1341 2937 1403 desiderium,
2964 1343 3299 1393 existimahat
3327 1356 3448 1392 eam

1879 1430 2154 1483 adhzrrere
2185 1432 2422 1499 martyri.
2453 1430 2624 1483 Torve
2650 1431 2826 1498 itaque
2853 1443 2905 1484 et
2941 1433 3190 1484 ferociter
3214 1447 3332 1484 eam
3365 1435 3448 1484 in-

1883 1531 2037 1573 tuens
2070 1541 2081 1574 :
2116 1523 2252 1585 Quid
2295 1522 2418 1581 sibi,
2453 1522 2644 1588 inquit,
2690 1537 2721 1574 0
2761 1524 2967 1583 umlier,
2999 1524 3107 1574 vult
3164 1526 3262 1575 hoc
3299 1533 3448 1575 tuum

1882 1624 2273 1671 commentum.
2303 1624 2354 1666 et
2383 1616 2651 1681 quomodo
2685 1625 2899 1681 propter
2932 1618 3189 1666 insaniam
3224 1615 3276 1665 in
3308 1615 3451 1667 hunc

1882 1701 2280 1757 adolescentem
2337 1707 2556 1757 mutasti
2619 1707 2972 1774 religionem?
3039 1707 3140 1757 Sed
3192 1707 3449 1774 resipiscc

1884 1797 1950 1848 ab
1982 1797 2079 1848 hac
2109 1781 2436 1848 circumfusa
2475 1798 2702 1862 caligine
2741 1807 2842 1848 ture
2866 1797 3187 1861 atl'vctionis,
3223 1807 3274 1850 et
3303 1798 3450 1865 placa

209 1889 419 1957 ταύτης
447 1890 539 1940 τοῦ
575 1887 778 1948 πάθους
813 1888 1028 1956 ἀχλύος,
1060 1889 1153 1938 καὶ
1180 1888 1238 1938 τὸ
1273 1887 1653 1956 φιλάνθρωπον
1674 1889 1782 1940 τῶν
1817 1872 1838 1925 ε

1887 1887 2207 1939 invictorum
2245 1886 2468 1939 deorum
2502 1888 2867 1940 clementiam.
2902 1889 3004 1952 Qui
3039 1890 3094 1941 lit
3125 1889 3286 1944 enim.
3311 1888 3452 1956 quod

211 1984 507 2050 ἀηττήτων
543 1980 684 2031 θεῶν
719 1978 1028 2043 ὲξιλέωσαι.
1071 1980 1135 2030 Τί
1175 1981 1285 2048 γάρ
1311 1979 1370 2029 τὸ
1399 1979 1570 2041 οὕτως
1600 1997 1655 2032 σε
1691 1997 1784 2045 με-

210 2078 487 2126 ταπεῖσαν
518 2073 750 2140 ἁθρόως,
795 2070 934 2123 ὥστε
964 2070 1058 2122 τοῦ
1096 2071 1315 2140 ἡδίστου
1353 2072 1543 2123 τούτου
1586 2073 1781 2138 φωτὸς,

213 2168 316 2219 καὶ
347 2165 453 2217 τῶν
474 2168 530 2217 ἐν
553 2165 656 2234 βίῳ
685 2164 934 2233 τερπνῶν
970 2165 1295 2230 ἀποστῆναι,
1331 2165 1488 2230 γόητι
1517 2165 1570 2215 δὲ
1601 2164 1786 2230 νεανία

214 2259 716 2326 προσκολληθῆναι,
755 2260 850 2309 καί
874 2258 1082 2311 ἀναιδεῖ
1114 2256 1388 2324 προσώπῳ
1420 2256 1494 2324 τῷ
1531 2257 1786 2324 ἡμετέρῳ

217 2347 431 2415 βήματι
469 2349 854 2415 παραστῆναι,
898 2346 964 2396 τὰ
1006 2345 1284 2411 συγγενῶν
1322 2347 1784 2414 ύποκρινομένην,

216 2439 320 2489 καὶ
347 2440 480 2500 πρὸς
511 2438 809 2506 ἀδελφικὴν
849 2437 1080 2501 ἑνότητα
1117 2438 1217 2505 τὴν
1270 2438 1458 2504 σχέσιν
1492 2438 1790 2505 μετατιθεί-

218 2545 325 2582 σαν
351 2547 363 2558 ·
402 2529 543 2594 πλὴν
574 2528 690 2580 ἀλλ’
717 2529 775 2578 ού
803 2526 1200 2596 τοῦ·ἡμετέρου
1249 2529 1642 2595 καταγελάσεις
1690 2531 1784 2598 βή-

221 2638 415 2692 ματος,
455 2620 574 2672 οὐδὲ
599 2620 706 2670 τῶν
741 2619 1163 2687 αὐτοκρατόρων
1197 2622 1577 2689 καταμωκήσῃ
1602 2661 1615 2683 ,
1653 2638 1790 2690 μαρ-

219 2712 464 2782 τύρομαι
498 2712 651 2772 θεοὺς
680 2711 947 2774 ἅπαντας,
990 2712 1086 2762 καὶ
1127 2712 1186 2762 τὸ
1224 2711 1314 2761 τοῦ
1351 2711 1594 2779 βήματος
1633 2714 1790 2780 ἡμῶν

221 2803 454 2870 εὐμενὲς
495 2806 588 2854 καί
625 2802 1011 2871 φιλάνθρωπον
1037 2842 1049 2864 ,
1089 2802 1161 2864 ὡς
1191 2803 1343 2854 οὐδέν
1370 2820 1421 2853 τι
1460 2803 1623 2855 πλέον
1651 2806 1792 2869 ἕξεις

221 2893 570 2961 Εὑλαμπίου,
605 2894 637 2960 ἢ
669 2894 727 2942 τὸ
757 2894 965 2961 χείροσι
1000 2892 1253 2960 βασάνοις
1285 2894 1678 2963 ὐποὸληθῆναι.

302 2988 383 3042 ll'.
422 2988 561 3056 Ιιρδς
595 2987 736 3055 ᾰπερ
766 2990 796 3055 ὴ
828 2989 1034 3054 μάρτυς
1061 2987 1366 3055 άρρενωπῷ
1410 2987 1486 3055 τῷ
1510 2992 1792 3056 φρονήμαο

221 3102 302 3146 τι,
336 3081 588 3150 εὔστοχον
619 3082 869 3143 ἐποιεῖτο,
909 3080 1002 3131 καὶ
1035 3079 1131 3147 τὴν
1153 3080 1465 3148 ἀπόκρισινο
1509 3082 1792 3144 Ἄκουσον,

1886 1986 1938 2029 tu
1966 1988 2068 2028 tam
2103 1988 2324 2043 repente
2370 1979 2446 2031 sis
2504 1991 2728 2038 mutata,
2769 1989 2820 2030 ut
2856 1988 2919 2030 ab
2958 1981 3055 2031 hac
3093 1980 3210 2031 luce
3244 1977 3453 2031 suavis-

1885 2068 2040 2130 sima,
2078 2075 2131 2118 et
2159 2067 2225 2118 ab
2263 2067 2324 2119 iis
2349 2083 2465 2134 qua:
2509 2080 2633 2120 sunt
2665 2069 2716 2120 in
2747 2070 2847 2120 vita
2875 2071 3132 2137 jucunda,
3168 2071 3453 2127 discedas;

1886 2159 2254 2227 prmstigiatori
2300 2167 2481 2210 autem
2525 2161 2710 2227 juveni
2762 2162 3118 2218 adhaerescas.
3181 2170 3235 2214 et
3280 2161 3458 2228 impu-

1887 2252 2034 2304 denti
2069 2252 2217 2303 vultu
2248 2251 2312 2303 ad
2343 2261 2586 2304 nostrum
2621 2265 2674 2304 te
2716 2254 2873 2306 sistas
2903 2254 3156 2312 tribunal.
3194 2253 3458 2306 simulau-

1889 2355 1992 2397 tern
2045 2346 2436 2413 cognationem,
2469 2355 2522 2398 et
2575 2348 2944 2398 traduceutcm
3007 2347 3456 2398 consuetudinem

1887 2434 1951 2486 ad
1980 2433 2270 2486 fraternam
2322 2435 2625 2488 unionem?
2660 2435 2851 2490 Verum
2896 2436 3177 2488 enimvero
3215 2446 3460 2489 nostrum

1890 2524 2122 2579 tribunal
2155 2543 2259 2577 non
2308 2527 2579 2588 irridebis,
2614 2543 2715 2580 nec
2749 2528 3100 2594 imperatores
3133 2528 3350 2580 habebis
3381 2528 3461 2580 lu—

1891 2621 2085 2671 dibrio.
2114 2621 2303 2671 Testor
2329 2621 2460 2670 deos
2491 2635 2699 2682 omnes,
2724 2631 2772 2670 et
2804 2620 2973 2671 nostri
3007 2620 3289 2671 tribunalis
3315 2619 3463 2672 beni-

1892 2709 2143 2777 gnitatem
2179 2719 2232 2761 et
2263 2708 2632 2766 clementiam,
2657 2709 2748 2759 tibi
2773 2707 2906 2758 nihil
2935 2708 3165 2774 amplius
3195 2710 3460 2766 futurum.

1891 2814 2050 2866 quam
2090 2798 2396 2866 Eulampio,
2431 2799 2533 2851 nisi
2575 2800 2714 2866 quod
2760 2798 2832 2850 sis
2868 2797 3139 2866 pejoribus
3183 2800 3468 2854 tormentis

1894 2890 2248 2959 subjicienda.

1969 3003 2104 3056 Vlll.
2133 3003 2209 3056 Ad
2245 3004 2359 3058 haec
2391 3012 2594 3071 martyr
2618 3003 2914 3056 masculino
2939 3004 3128 3072 spiritu
3160 3015 3213 3057 et
3240 3003 3466 3057 audacia

1897 3102 2018 3162 apte
2057 3097 2337 3163 respondit
2377 3115 2390 3147 :
2425 3097 2588 3156 Audi,
2617 3099 2821 3161 dicens,
2857 3113 2888 3149 ο
2913 3098 3100 3166 judex,
3123 3107 3175 3150 et
3206 3113 3466 3166 Cognosce

225 3174 483 3239 εἰποῦσα,
534 3168 577 3225 ὦ
617 3171 870 3236 δικαστά,
917 3171 1009 3224 καὶ
1039 3173 1131 3224 τὴν
1178 3172 1310 3240 ἐμὸν
1347 3171 1420 3232 ὼς
1464 3169 1574 3238 ἔχει
1625 3172 1838 3266 γνῶθι⁴

1899 3200 2076 3238 meum
2131 3196 2187 3238 ut
2241 3201 2298 3239 se
2350 3187 2510 3239 habet
2562 3203 2784 3255 scopum
2832 3205 2894 3242 ac
2941 3189 3270 3242 institutum.
3335 3189 3465 3245 Sum

227 3265 458 3318 σκοπόν.
493 3261 732 3330 Χριστοῦ
760 3262 991 3329 ὑπάρχω
1018 3260 1178 3327 δούλη
1217 3276 1229 3290 ·
1267 3260 1504 3329 Χριστὸς
1528 3261 1652 3329 ἐμοὶ
1681 3259 1793 3329 ζωὴ
1827 3259 1838 3266 ’

1898 3276 2095 3327 ChriSti
2133 3276 2345 3329 ancilla.
2393 3278 2641 3332 Christus
2690 3287 2774 3332 est
2824 3280 2956 3332 mihi
3015 3279 3140 3346 vi.a,
3168 3287 3222 3333 et
3276 3281 3469 3332 animat

229 3358 325 3409 καὶ
347 3353 522 3423 ψυχῆς
551 3353 887 3420 ἀγαλλίαμα.
928 3353 1128 3404 Τούτου
1179 3354 1286 3421 ἐρῶ
1309 3391 1323 3414 ,
1357 3354 1528 3418 τούτῳ
1580 3355 1798 3409 σπεύδω

225 3446 486 3514 τυθῆναι.
557 3444 729 3512 ’Υπὲρ
777 3443 968 3495 τούτου
1033 3446 1126 3496 καὶ
1181 3445 1288 3515 πῦρ
1331 3446 1643 3512 εὐτρέπιζε,
1704 3446 1796 3494 καὶ

227 3540 404 3610 θῆρας
431 3543 552 3607 ἄγε,
587 3542 678 3590 καὶ
710 3540 934 3608 τροχοὺς
964 3538 1240 3606 ἑτοίμαζε,
1282 3539 1374 3590 καὶ
1400 3539 1530 3606 ξίφη
1566 3541 1793 3605 γύμνου,

229 3636 329 3686 καὶ
373 3635 553 3684 πᾶσαν
599 3633 767 3700 ἄλλην
819 3633 1022 3683 ὲπινὸει
1082 3630 1340 3699 βάσανον,
1383 3632 1466 3681 ἵνα
1497 3632 1674 3698 μάθῃς
1716 3632 1796 3684 ὅτι

226 3726 331 3793 οὺχ
362 3723 533 3785 οὕτως
561 3724 792 3791 ἀγεννὴς
823 3723 934 3789 ἐγὼ
965 3724 1057 3773 καὶ
1093 3724 1452 3790 μικρόψυχος,
1491 3719 1576 3782 οὓ,
1607 3722 1680 3789 μά
1709 3721 1798 3770 τὸν

231 3818 378 3884 ὑπὲρ
403 3816 687 3874 εὐσεϐείας
715 3816 900 3866 τοῦτον
930 3815 1114 3880 άγώνα
1143 3856 1155 3877 ,
1187 3814 1244 3864 ὃν
1289 3814 1380 3865 καί
1419 3814 1580 3882 μέχρι
1615 3813 1797 3874 τέλους

229 3905 577 3974 ἀγωνιοῦμαί
610 3922 668 3957 τε
705 3905 797 3954 καὶ
828 3904 1168 3972 δραμοῦμαι,
1203 3905 1296 3955 καὶ
1339 3906 1473 3972 πρὸς
1512 3908 1616 3956 πᾶν
1660 3901 1798 3964 εἶδος

230 3999 512 4058 κολάσεως
561 3997 758 4063 ἑαυτὴν
818 3995 1030 4045 ἔκδοτον
1080 3995 1441 4061 παραστήσω,
1503 3994 1590 4045 ἵνα
1657 3996 1799 4063 γνῷς

234 4094 322 4146 ὅτι
368 4089 570 4158 ἀδελφὴ
618 4087 727 4153 ἐγὼ
769 4087 982 4153 τούτου,
1048 4087 1138 4137 καὶ
1187 4089 1254 4137 τὰ
1297 4087 1498 4152 ἀδελφά
1528 4087 1801 4154 φρονοῦσα

229 4184 326 4238 τοῦ
357 4184 454 4243 τὰς
488 4183 586 4242 σας
620 4179 886 4249 βασάνους
917 4178 990 4246 μὴ
1027 4178 1454 4242 ύποπτῂξαντος,
1490 4179 1581 4228 καὶ
1622 4180 1687 4227 τα
1736 4178 1801 4229 σα

236 4274 559 4339 σεϐάσματα
613 4270 1024 4332 καταλύσαντος
1053 4307 1066 4329 ,
1100 4271 1190 4318 καὶ
1226 4267 1381 4327 αὖθις
1423 4269 1477 4318 δέ
1520 4285 1602 4317 σοι
1636 4267 1799 4335 φημὶ,

240 4367 315 4434 μὴ
373 4365 508 4430 πρὶς
560 4362 658 4430 τὴν
712 4362 809 4427 τῆς
863 4361 1183 4426 γυναικείας
1242 4360 1457 4427 φύσεως
1523 4359 1800 4427 ἀφορῶντι

233 4456 546 4516 ἀσθένειαν,
598 4452 820 4516 ἀνάξιον
869 4469 920 4503 τι
966 4454 1065 4520 τῆς
1111 4454 1351 4512 διανοίας
1396 4454 1492 4519 τῆς
1529 4451 1802 4520 ἡμετέρας

234 4547 480 4610 ἐλπίσαι,
528 4545 664 4614 μηδὲ
693 4544 754 4594 τὸ
777 4543 874 4610 τῆς
911 4543 1124 4610 ἡλικίας
1154 4542 1358 4596 ἁπαλὸν
1395 4544 1797 4610 εὐεξαπάτητοι]
1832 4539 1874 4593 D

235 4641 456 4709 νομίσαι
497 4640 615 4699 ταῖς
653 4639 772 4698 σαῖς
803 4638 1090 4697 ἐπινοίαις.
1137 4637 1194 4687 Ὀ
1220 4638 1325 4705 γάρ
1354 4636 1489 4701 πρὸς
1515 4636 1608 4685 τὸν
1637 4633 1799 4686 αὑτοῦ

237 4731 420 4800 ἔρωτα
450 4729 742 4797 πτερώσας
775 4729 946 4795 ἡμᾶς,
979 4729 1072 4776 καὶ
1106 4727 1239 4791 πρὸς
1263 4726 1355 4776 τὸν
1387 4725 1527 4776 κατὰ
1565 4724 1679 4787 σοῦ,
1711 4727 1802 4777 καὶ

236 4822 333 4873 τοῦ
379 4821 632 4871 διαῦὁ).ου
688 4820 927 4886 πόλεμον
976 4817 1333 4878 καθοπλίσας,
1369 4817 1528 4878 αὐτὸς
1559 4817 1652 4867 καὶ
1703 4816 1802 4886 τὴν

235 4913 470 4980 δύναμιν
497 4911 675 4980 ὀρέξει
703 4949 717 4974 ,
752 4911 845 4960 καὶ
876 4912 972 4978 τὴν
1011 4911 1166 4978 νίκην
1199 4911 1678 4979 περιφανεστάτην
1712 4912 1802 4977 ἐρ-

236 5007 493 5072 γὰσεται.

306 5093 388 5149 8'.
432 5094 656 5155 Τούτοις
693 5094 963 5163 ὴμάρτυς
1012 5093 1543 5163 πεπαρῤησιασμένῃ
1587 5093 1801 5163 γλώττῃ

235 5188 329 5239 τοῦ
365 5187 630 5255 τυράννου
669 5186 855 5251 σαφῶς
894 5183 1440 5254 καταρητορ-εύσασα,
1475 5185 1802 5253 ἐρραπίζετο

233 5281 334 5339 τὰς
369 5279 603 5346 παρείας
643 5277 1038 5344 ἀπηνέστερον,
1083 5281 1174 5327 καὶ
1221 5276 1344 5342 ὄψιν
1381 5277 1615 5342 ἰσχυρῶς
1677 5293 1801 5326 συν-

237 5365 518 5434 ετρίὸετο,
561 5364 624 5416 τὸ
659 5363 715 5414 δὲ
748 5361 847 5422 τῆς
894 5366 1110 5430 μορφῆς
1145 5362 1369 5430 ἐπίχαρι
1412 5365 1797 5431 καθηλλοίωτο,

236 5457 336 5510 καὶ
367 5457 426 5507 τὸ
471 5456 570 5524 τῆς
624 5456 806 5522 φωνῆς
842 5453 1130 5505 ἐσϐέννυτο
1183 5455 1436 5520 ὄργανον,
1477 5459 1539 5523 τῇ
1588 5459 1802 5525 συνεχεῖ

235 5547 350 5599 τῶν
383 5549 744 5617 ῥαπισμάτων
778 5551 1040 5618 ἐπιφορᾷ.
1070 5551 1210 5619 Πρὸς
1241 5549 1411 5601 ταῦτα
1441 5547 1555 5618 εἶχε
1594 5552 1689 5620 μὲν
1712 5552 1801 5602 τὸν

235 5640 466 5708 ἀδελφὺν
498 5640 910 5709 ὲπιρῤωννύντα
942 5645 1032 5694 καὶ
1061 5645 1476 5712 παραθήγοντα,
1511 5689 1523 5696 .
1546 5648 1639 5697 καὶ
1669 5647 1802 5714 πρὸς

238 5729 340 5790 τὰς
375 5730 640 5798 βασάνους
687 5734 1084 5803 εύτολμοτέραν
1128 5731 1268 5786 εἶναι
1299 5738 1555 5787 ποιοῦντα
1585 5755 1596 5766 ·
1625 5740 1805 5808 ὴνδρί-

240 5819 366 5883 ζετο
405 5819 460 5873 δὲ
487 5825 578 5875 καὶ
610 5823 752 5896 αὑτὴ
788 5824 910 5877 καθ’
957 5825 1078 5877 ὅσον
1122 5819 1232 5878 οἷόν
1264 5843 1322 5877 τε
1379 5828 1472 5878 καὶ
1521 5828 1803 5899 λογισμοῖς

1897 3365 2204 3419 exsultatio.
2241 3367 2374 3418 Eum
2422 3383 2565 3428 amo,
2597 3371 2644 3420 ci
2692 3369 2881 3420 studeo
2913 3369 3226 3421 sacrificari.
3267 3370 3369 3421 Pro
3404 3385 3469 3421 eo

1897 3466 1952 3509 et
1978 3461 2152 3526 ignem
2190 3474 2339 3526 para,
2373 3469 2426 3512 et
2475 3461 2577 3513 duc
2630 3460 2854 3523 bestias,
2898 3472 2952 3513 et
2997 3463 3141 3513 rotas
3176 3459 3387 3528 expedi,
3415 3469 3469 3514 et

1900 3559 2101 3617 stringe
2141 3565 2318 3612 enses,
2350 3561 2404 3603 et
2453 3557 2694 3621 excogita
2746 3569 2906 3605 omne
2938 3554 3081 3606 aliud
3118 3562 3468 3614 tormentum,

1900 3651 1956 3691 ut
1984 3642 2121 3693 scias
2157 3658 2241 3694 me
2285 3657 2390 3694 non
2434 3657 2549 3693 esse
2601 3651 2703 3693 tam
2739 3643 2912 3710 ignavi
2949 3653 3001 3696 et
3050 3643 3223 3710 pusilli
3281 3643 3466 3695 animi.

1901 3729 2032 3790 Hoc,
2055 3733 2195 3796 quod
2229 3749 2324 3798 pro
2355 3734 2548 3798 pietate
2579 3735 2869 3802 suscipitur
2898 3743 3193 3794 certamen,
3219 3735 3283 3786 ad
3310 3737 3469 3787 tinem

1905 3837 2072 3889 usque
2121 3822 2404 3874 decertabo
2455 3833 2507 3875 et
2559 3839 2829 3891 peragam,
2870 3835 2924 3877 et
2969 3828 3229 3893 meipsam
3266 3828 3469 3880 tradam

1901 3917 1964 3964 ad
2004 3929 2164 3963 omne
2197 3929 2364 3980 genus
2401 3915 2670 3982 supplicii,
2706 3925 2762 3966 ut
2794 3916 2932 3969 scias
2963 3932 3046 3968 me
3092 3932 3211 3969 esse
3243 3919 3361 3984 ejus
3387 3934 3474 3970 so-

1902 4015 2100 4058 rorem,
2134 4008 2189 4051 et
2238 3999 2471 4052 fraterne
2500 4005 2710 4064 eadem,
2742 4021 2859 4069 qua:
2911 4006 2994 4058 ille
3033 4010 3217 4067 sentit,
3248 4010 3471 4073 sentire,

1902 4091 1993 4158 qui
2032 4103 2120 4143 tua
2165 4105 2426 4145 tormenta
2461 4109 2565 4145 non
2619 4094 2949 4155 formidavit,
2982 4106 3035 4148 et
3067 4113 3126 4148 ea
3155 4116 3273 4164 qua:
3319 4100 3472 4163 colis,

1903 4180 2188 4236 simulacra
2239 4187 2423 4237 diruit.
2481 4186 2646 4238 Porro
2681 4199 2858 4240 autem
2912 4204 3094 4240 rursus
3125 4207 3339 4256 quoque
3377 4193 3472 4245 tibi

1904 4276 2043 4338 dico,
2079 4293 2144 4329 ne
2195 4278 2463 4345 aspiciens
2493 4279 2558 4330 ad
2611 4282 2890 4332 muliebris
2932 4298 3093 4334 sexus
3141 4284 3476 4336 imbecillita-

1905 4377 2033 4427 tem,
2071 4383 2256 4435 Speres
2296 4370 2494 4436 aliquid
2530 4368 2807 4437 indignum
2841 4380 3023 4422 noSlra
3066 4385 3266 4435 mente,
3302 4389 3475 4442 neque

1906 4463 2078 4511 aetatis
2103 4461 2380 4512 mollitiem
2414 4472 2568 4528 putes
2595 4463 2700 4514 tuis
2733 4463 2969 4514 inventis
2996 4459 3154 4518 facile
3186 4479 3342 4533 passe
3375 4467 3473 4519 de-

1905 4551 2029 4618 cipi.
2064 4551 2165 4613 Qui
2205 4553 2349 4603 enim
2400 4567 2496 4603 nos
2538 4553 2603 4604 ad
2653 4555 2894 4606 divinum
2925 4571 3080 4607 suum
3125 4559 3295 4608 erexit
3327 4573 3474 4610 amo-

1906 4657 2040 4702 rem,
2068 4652 2121 4692 ct
2156 4658 2254 4693 nos
2284 4645 2513 4693 armavit
2539 4647 2602 4694 ad
2635 4644 2833 4696 bellum
2863 4656 3053 4698 contra
3089 4657 3137 4699 te
3175 4653 3471 4716 gerendum

1904 4739 1957 4783 et
1987 4731 2278 4796 diabolum,
2323 4732 2437 4799 ipse
2469 4745 2519 4786 et
2569 4735 2828 4802 prtebebtt
2857 4736 2997 4790 vires
3036 4748 3089 4790 et
3119 4741 3470 4795 clarissimam

1904 4822 2100 4876 efﬁciet
2127 4824 2429 4880 victoriam.

1977 5106 2067 5161 IX.
2102 5107 2226 5159 "£130
2264 5117 2460 5177 martyr
2492 5109 2670 5178 lingua
2712 5111 2876 5165 libera
2923 5123 3108 5182 aperte
3149 5118 3335 5172 dicens
3364 5119 3472 5172 ad-

1907 5213 2094 5250 versus
2119 5199 2423 5265 tyrannum,
2452 5203 2705 5267 colaphos
2728 5205 2877 5270 genis
2895 5208 3187 5259 crudeliter
3211 5211 3471 5277 impactos

1906 5291 2136 5357 accepit,
2187 5299 2235 5340 ct
2279 5289 2378 5340 fuit
2426 5292 2544 5356 ejus
2588 5293 2764 5345 vultus
2803 5297 3153 5351 vehementer
3188 5313 3470 5356 contusus.

1907 5378 2106 5430 Mutata
2143 5388 2226 5430 est
2254 5381 2431 5430 autem
2464 5381 2578 5447 ejus
2617 5380 2801 5434 forunc
2833 5388 3026 5452 gratia,
3063 5398 3118 5440 et
3145 5393 3472 5446 exstinctum

1907 5472 2002 5524 fuit
2035 5471 2178 5522 vocis
2221 5473 2642 5524 instrumentum
2700 5473 2916 5529 inﬂictis
2949 5483 3291 5533 continenter
3330 5486 3472 5537 cola-

1907 5564 2045 5632 phis.
2079 5565 2155 5614 Ad
2193 5563 2302 5614 haec
2335 5563 2558 5615 habebat
2601 5566 2813 5631 quidem
2862 5567 3076 5622 fratrem
3107 5587 3223 5625 eam
3279 5577 3474 5629 conﬁr-

1907 5662 2164 5715 mantem,
2196 5661 2249 5702 et
2292 5651 2630 5712 incitantem,
2681 5665 2733 5705 et
2774 5657 3115 5712 audaciorem
3159 5666 3470 5718 reddentem

1907 5745 1970 5797 ad
2006 5744 2320 5796 certamina.
2349 5742 2477 5796 Erat
2498 5753 2674 5795 autem
2709 5746 2820 5812 ipsa
2850 5766 3061 5818 quoque
3085 5753 3273 5818 virilis,
3297 5760 3471 5824 quoad

1912 5839 2026 5904 ejus
2063 5836 2175 5889 fieri
2209 5843 2440 5905 poterat,
2463 5843 2517 5887 et
2546 5840 2820 5903 generosis
2849 5845 3265 5912 cogitationibus
3300 5849 3471 5902 imbe-
