  <div class='ocr_page' id='page_1' title='image "/cluster/home/n/w/nwhite01/storage/ocr_20150623/115/nnc1.0046980261/549.png"; bbox 0 0 4188 6432; ppageno 0'>
   <div class='ocr_carea' id='block_1_1' title="bbox 739 378 874 446">
    <p class='ocr_par' dir='ltr' id='par_1_1' title="bbox 739 378 874 446">
     <span class='ocr_line' id='line_1_1' title="bbox 739 378 874 446; baseline 0.044 -6"><span class='ocrx_word' id='word_1_1' title='bbox 739 378 756 440; x_wconf 81' lang='grc'>1</span> <span class='ocrx_word' id='word_1_2' title='bbox 769 381 874 446; x_wconf 85' lang='grc'><strong>063</strong></span> 
     </span>
    </p>
   </div>
   <div class='ocr_carea' id='block_1_2' title="bbox 2019 379 2696 443">
    <p class='ocr_par' dir='ltr' id='par_1_2' title="bbox 2019 379 2696 443">
     <span class='ocr_line' id='line_1_2' title="bbox 2019 379 2696 443; baseline 0 -1"><span class='ocrx_word' id='word_1_3' title='bbox 2019 381 2301 442; x_wconf 77' lang='lat' dir='ltr'><strong>MENSIS</strong></span> <span class='ocrx_word' id='word_1_4' title='bbox 2337 379 2696 443; x_wconf 74' lang='lat' dir='ltr'><strong>OCTOBER.</strong></span> 
     </span>
    </p>
   </div>
   <div class='ocr_carea' id='block_1_3' title="bbox 3871 378 4022 444">
    <p class='ocr_par' dir='ltr' id='par_1_3' title="bbox 3871 378 4022 444">
     <span class='ocr_line' id='line_1_3' title="bbox 3871 378 4022 444; baseline 0.04 -6"><span class='ocrx_word' id='word_1_5' title='bbox 3871 378 4022 444; x_wconf 78' lang='grc'><strong>1064</strong></span> 
     </span>
    </p>
   </div>
   <div class='ocr_carea' id='block_1_4' title="bbox 736 490 2323 560">
    <p class='ocr_par' dir='ltr' id='par_1_4' title="bbox 736 495 2314 553">
     <span class='ocr_line' id='line_1_4' title="bbox 736 495 2314 553; baseline -0.004 -4"><span class='ocrx_word' id='word_1_6' title='bbox 736 495 1017 553; x_wconf 79' lang='lat' dir='ltr'><strong>cillitatem</strong></span> <span class='ocrx_word' id='word_1_7' title='bbox 1048 505 1255 550; x_wconf 72' lang='lat' dir='ltr'><strong>natura:</strong></span> <span class='ocrx_word' id='word_1_8' title='bbox 1284 495 1579 552; x_wconf 84' lang='lat' dir='ltr'><strong>reficiebat.</strong></span> <span class='ocrx_word' id='word_1_9' title='bbox 1610 497 1713 550; x_wconf 85' lang='lat' dir='ltr'><strong>Sed</strong></span> <span class='ocrx_word' id='word_1_10' title='bbox 1749 495 1858 549; x_wconf 66' lang='lat' dir='ltr'><strong>hatc</strong></span> <span class='ocrx_word' id='word_1_11' title='bbox 1884 502 1989 548; x_wconf 78' lang='lat' dir='ltr'><strong>n’on</strong></span> <span class='ocrx_word' id='word_1_12' title='bbox 2021 501 2178 547; x_wconf 89' lang='lat' dir='ltr'><strong>erant</strong></span> <span class='ocrx_word' id='word_1_13' title='bbox 2199 508 2314 544; x_wconf 88' lang='lat' dir='ltr'><strong>0m-</strong></span> 
     </span>
    </p>
   </div>
   <div class='ocr_carea' id='block_1_5' title="bbox 2424 490 4014 560">
    <p class='ocr_par' dir='ltr' id='par_1_5' title="bbox 2424 490 4014 560">
     <span class='ocr_line' id='line_1_5' title="bbox 2424 490 4014 560; baseline 0.002 -18"><span class='ocrx_word' id='word_1_14' title='bbox 2424 492 2684 554; x_wconf 74' lang='grc' dir='ltr'>γεννσίοις</span> <span class='ocrx_word' id='word_1_15' title='bbox 2745 492 2807 542; x_wconf 81' lang='grc' dir='ltr'><strong>τὸ</strong></span> <span class='ocrx_word' id='word_1_16' title='bbox 2857 491 3083 554; x_wconf 76' lang='grc' dir='ltr'>ἀσθενὲς</span> <span class='ocrx_word' id='word_1_17' title='bbox 3147 492 3242 560; x_wconf 78' lang='grc' dir='ltr'>τῆς</span> <span class='ocrx_word' id='word_1_18' title='bbox 3301 491 3518 558; x_wconf 79' lang='grc' dir='ltr'>φύσεως</span> <span class='ocrx_word' id='word_1_19' title='bbox 3577 490 4014 559; x_wconf 74' lang='grc' dir='ltr'>ἀνελάμϐανεν.</span> 
     </span>
    </p>
   </div>
   <div class='ocr_carea' id='block_1_6' title="bbox 738 585 2315 652">
    <p class='ocr_par' dir='ltr' id='par_1_6' title="bbox 738 585 2315 652">
     <span class='ocr_line' id='line_1_6' title="bbox 738 585 2315 652; baseline -0.003 -14"><span class='ocrx_word' id='word_1_20' title='bbox 738 585 872 639; x_wconf 88' lang='lat' dir='ltr'><strong>nino</strong></span> <span class='ocrx_word' id='word_1_21' title='bbox 903 585 1112 652; x_wconf 66' lang='lat' dir='ltr'><strong>praesidi</strong></span> <span class='ocrx_word' id='word_1_22' title='bbox 1143 585 1441 640; x_wconf 70' lang='lat' dir='ltr'><strong>tolerabilia</strong></span> <span class='ocrx_word' id='word_1_23' title='bbox 1467 585 1672 639; x_wconf 87' lang='lat' dir='ltr'><strong>videnti</strong></span> <span class='ocrx_word' id='word_1_24' title='bbox 1697 595 1750 638; x_wconf 89' lang='lat' dir='ltr'><strong>et</strong></span> <span class='ocrx_word' id='word_1_25' title='bbox 1770 599 1970 638; x_wconf 84' lang='lat' dir='ltr'><strong>meram</strong></span> <span class='ocrx_word' id='word_1_26' title='bbox 2004 592 2315 636; x_wconf 90' lang='lat' dir='ltr'><strong>sanctorum</strong></span> 
     </span>
    </p>
   </div>
   <div class='ocr_carea' id='block_1_7' title="bbox 739 675 2319 744">
    <p class='ocr_par' dir='ltr' id='par_1_7' title="bbox 739 675 2319 744">
     <span class='ocr_line' id='line_1_7' title="bbox 739 675 2319 744; baseline -0.001 -16"><span class='ocrx_word' id='word_1_27' title='bbox 739 675 994 744; x_wconf 83' lang='lat' dir='ltr'><strong>loquendi</strong></span> <span class='ocrx_word' id='word_1_28' title='bbox 1050 676 1358 731; x_wconf 87' lang='lat' dir='ltr'><strong>libertatem</strong></span> <span class='ocrx_word' id='word_1_29' title='bbox 1391 687 1445 732; x_wconf 92' lang='lat' dir='ltr'><strong>et</strong></span> <span class='ocrx_word' id='word_1_30' title='bbox 1478 676 1698 731; x_wconf 89' lang='lat' dir='ltr'><strong>minime</strong></span> <span class='ocrx_word' id='word_1_31' title='bbox 1743 676 2026 729; x_wconf 74' lang='lat' dir='ltr'><strong>cedentem</strong></span> <span class='ocrx_word' id='word_1_32' title='bbox 2085 675 2319 728; x_wconf 85' lang='lat' dir='ltr'><strong>toleran-</strong></span> 
     </span>
    </p>
   </div>
   <div class='ocr_carea' id='block_1_8' title="bbox 742 766 2313 835">
    <p class='ocr_par' dir='ltr' id='par_1_8' title="bbox 742 766 2313 835">
     <span class='ocr_line' id='line_1_8' title="bbox 742 766 2313 835; baseline -0.001 -16"><span class='ocrx_word' id='word_1_33' title='bbox 742 766 892 820; x_wconf 92' lang='lat' dir='ltr'><strong>tiam.</strong></span> <span class='ocrx_word' id='word_1_34' title='bbox 939 766 1093 820; x_wconf 84' lang='lat' dir='ltr'><strong>Unde</strong></span> <span class='ocrx_word' id='word_1_35' title='bbox 1148 768 1313 819; x_wconf 89' lang='lat' dir='ltr'><strong>etiam</strong></span> <span class='ocrx_word' id='word_1_36' title='bbox 1361 783 1549 821; x_wconf 84' lang='lat' dir='ltr'><strong>rursus</strong></span> <span class='ocrx_word' id='word_1_37' title='bbox 1594 780 1734 820; x_wconf 81' lang='lat' dir='ltr'><strong>nova</strong></span> <span class='ocrx_word' id='word_1_38' title='bbox 1779 766 2154 835; x_wconf 78' lang='lat' dir='ltr'><strong>excogitantur</strong></span> <span class='ocrx_word' id='word_1_39' title='bbox 2203 776 2313 818; x_wconf 84' lang='lat' dir='ltr'><strong>tor-</strong></span> 
     </span>
    </p>
   </div>
   <div class='ocr_carea' id='block_1_9' title="bbox 737 856 2320 926">
    <p class='ocr_par' dir='ltr' id='par_1_9' title="bbox 737 856 2320 926">
     <span class='ocr_line' id='line_1_9' title="bbox 737 856 2320 926; baseline 0.001 -19"><span class='ocrx_word' id='word_1_40' title='bbox 737 864 922 908; x_wconf 87' lang='lat' dir='ltr'><strong>menta</strong></span> <span class='ocrx_word' id='word_1_41' title='bbox 959 872 971 907; x_wconf 92' lang='lat'><strong>:</strong></span> <span class='ocrx_word' id='word_1_42' title='bbox 1007 856 1261 924; x_wconf 88' lang='lat' dir='ltr'><strong>lebesque</strong></span> <span class='ocrx_word' id='word_1_43' title='bbox 1314 858 1562 925; x_wconf 88' lang='lat' dir='ltr'><strong>protinus</strong></span> <span class='ocrx_word' id='word_1_44' title='bbox 1594 866 1810 926; x_wconf 85' lang='lat' dir='ltr'><strong>paratus</strong></span> <span class='ocrx_word' id='word_1_45' title='bbox 1844 857 1946 910; x_wconf 89' lang='lat' dir='ltr'><strong>fuit</strong></span> <span class='ocrx_word' id='word_1_46' title='bbox 1978 856 2230 915; x_wconf 89' lang='lat' dir='ltr'><strong>bulliens,</strong></span> <span class='ocrx_word' id='word_1_47' title='bbox 2261 864 2320 908; x_wconf 93' lang='lat' dir='ltr'><strong>ut</strong></span> 
     </span>
    </p>
   </div>
   <div class='ocr_carea' id='block_1_10' title="bbox 739 947 2316 1017">
    <p class='ocr_par' dir='ltr' id='par_1_10' title="bbox 739 947 2316 1017">
     <span class='ocr_line' id='line_1_10' title="bbox 739 947 2316 1017; baseline -0.001 -17"><span class='ocrx_word' id='word_1_48' title='bbox 739 957 1002 1016; x_wconf 76' lang='lat' dir='ltr'><strong>martyres</strong></span> <span class='ocrx_word' id='word_1_49' title='bbox 1058 949 1356 1016; x_wconf 81' lang='lat' dir='ltr'><strong>exciperet.</strong></span> <span class='ocrx_word' id='word_1_50' title='bbox 1403 948 1460 1002; x_wconf 91' lang='lat' dir='ltr'><strong>In</strong></span> <span class='ocrx_word' id='word_1_51' title='bbox 1520 964 1680 1017; x_wconf 85' lang='lat' dir='ltr'><strong>quem</strong></span> <span class='ocrx_word' id='word_1_52' title='bbox 1741 947 2054 1016; x_wconf 80' lang='lat' dir='ltr'><strong>Eulampius</strong></span> <span class='ocrx_word' id='word_1_53' title='bbox 2099 947 2316 1015; x_wconf 88' lang='lat' dir='ltr'><strong>quidem</strong></span> 
     </span>
    </p>
   </div>
   <div class='ocr_carea' id='block_1_11' title="bbox 738 1039 2316 1110">
    <p class='ocr_par' dir='ltr' id='par_1_11' title="bbox 738 1039 2316 1110">
     <span class='ocr_line' id='line_1_11' title="bbox 738 1039 2316 1110; baseline 0.002 -21"><span class='ocrx_word' id='word_1_54' title='bbox 738 1039 1078 1094; x_wconf 85' lang='lat' dir='ltr'><strong>confidenter</strong></span> <span class='ocrx_word' id='word_1_55' title='bbox 1130 1051 1210 1094; x_wconf 87' lang='lat' dir='ltr'><strong>est</strong></span> <span class='ocrx_word' id='word_1_56' title='bbox 1265 1043 1541 1110; x_wconf 87' lang='lat' dir='ltr'><strong>ingressus</strong></span> <span class='ocrx_word' id='word_1_57' title='bbox 1586 1057 1601 1094; x_wconf 92' lang='lat'><strong>:</strong></span> <span class='ocrx_word' id='word_1_58' title='bbox 1645 1041 1922 1109; x_wconf 87' lang='lat' dir='ltr'><strong>Eulampia</strong></span> <span class='ocrx_word' id='word_1_59' title='bbox 1984 1049 2167 1093; x_wconf 87' lang='lat' dir='ltr'><strong>autem</strong></span> <span class='ocrx_word' id='word_1_60' title='bbox 2210 1040 2316 1106; x_wconf 90' lang='lat' dir='ltr'><strong>(ita</strong></span> 
     </span>
    </p>
   </div>
   <div class='ocr_carea' id='block_1_12' title="bbox 738 1132 2320 1204">
    <p class='ocr_par' dir='ltr' id='par_1_12' title="bbox 738 1132 2320 1204">
     <span class='ocr_line' id='line_1_12' title="bbox 738 1132 2320 1204; baseline -0.001 -18"><span class='ocrx_word' id='word_1_61' title='bbox 738 1132 885 1186; x_wconf 87' lang='lat' dir='ltr'><strong>enim</strong></span> <span class='ocrx_word' id='word_1_62' title='bbox 932 1135 1310 1201; x_wconf 79' lang='lat' dir='ltr'><strong>appellabatur</strong></span> <span class='ocrx_word' id='word_1_63' title='bbox 1361 1145 1412 1188; x_wconf 91' lang='lat' dir='ltr'><strong>et</strong></span> <span class='ocrx_word' id='word_1_64' title='bbox 1464 1135 1610 1204; x_wconf 87' lang='lat' dir='ltr'><strong>ipsa)</strong></span> <span class='ocrx_word' id='word_1_65' title='bbox 1653 1143 1907 1202; x_wconf 89' lang='lat' dir='ltr'><strong>tanquam</strong></span> <span class='ocrx_word' id='word_1_66' title='bbox 1961 1133 2222 1201; x_wconf 81' lang='lat' dir='ltr'><strong>caligatis,</strong></span> <span class='ocrx_word' id='word_1_67' title='bbox 2263 1141 2320 1184; x_wconf 92' lang='lat' dir='ltr'><strong>ut</strong></span> 
     </span>
    </p>
   </div>
   <div class='ocr_carea' id='block_1_13' title="bbox 741 1222 2320 1291">
    <p class='ocr_par' dir='ltr' id='par_1_13' title="bbox 741 1222 2320 1291">
     <span class='ocr_line' id='line_1_13' title="bbox 741 1222 2320 1291; baseline 0 -17"><span class='ocrx_word' id='word_1_68' title='bbox 741 1235 861 1289; x_wconf 79' lang='lat' dir='ltr'><strong>qua:</strong></span> <span class='ocrx_word' id='word_1_69' title='bbox 894 1232 1042 1278; x_wconf 70' lang='lat' dir='ltr'><strong>esset</strong></span> <span class='ocrx_word' id='word_1_70' title='bbox 1064 1235 1252 1276; x_wconf 84' lang='lat' dir='ltr'><strong>natura</strong></span> <span class='ocrx_word' id='word_1_71' title='bbox 1276 1224 1507 1284; x_wconf 89' lang='lat' dir='ltr'><strong>mollior,</strong></span> <span class='ocrx_word' id='word_1_72' title='bbox 1539 1233 1593 1277; x_wconf 93' lang='lat' dir='ltr'><strong>et</strong></span> <span class='ocrx_word' id='word_1_73' title='bbox 1631 1238 1661 1276; x_wconf 89' lang='lat' dir='ltr'><strong>a</strong></span> <span class='ocrx_word' id='word_1_74' title='bbox 1694 1223 1930 1291; x_wconf 85' lang='lat' dir='ltr'><strong>maligno</strong></span> <span class='ocrx_word' id='word_1_75' title='bbox 1951 1222 2320 1290; x_wconf 86' lang='lat' dir='ltr'><strong>impelleretur</strong></span> 
     </span>
    </p>
   </div>
   <div class='ocr_carea' id='block_1_14' title="bbox 742 1313 2316 1381">
    <p class='ocr_par' dir='ltr' id='par_1_14' title="bbox 742 1313 2316 1381">
     <span class='ocr_line' id='line_1_14' title="bbox 742 1313 2316 1381; baseline 0.002 -16"><span class='ocrx_word' id='word_1_76' title='bbox 742 1313 809 1367; x_wconf 86' lang='lat' dir='ltr'><strong>ad</strong></span> <span class='ocrx_word' id='word_1_77' title='bbox 859 1313 1222 1377; x_wconf 78' lang='lat' dir='ltr'><strong>timiditatem,</strong></span> <span class='ocrx_word' id='word_1_78' title='bbox 1271 1316 1594 1369; x_wconf 86' lang='lat' dir='ltr'><strong>labascebat.</strong></span> <span class='ocrx_word' id='word_1_79' title='bbox 1641 1314 1745 1368; x_wconf 90' lang='lat' dir='ltr'><strong>Sed</strong></span> <span class='ocrx_word' id='word_1_80' title='bbox 1797 1316 1986 1377; x_wconf 78' lang='lat' dir='ltr'><strong>frater,</strong></span> <span class='ocrx_word' id='word_1_81' title='bbox 2036 1313 2126 1381; x_wconf 86' lang='lat' dir='ltr'><strong>qui</strong></span> <span class='ocrx_word' id='word_1_82' title='bbox 2174 1313 2316 1368; x_wconf 90' lang='lat' dir='ltr'><strong>idem</strong></span> 
     </span>
    </p>
   </div>
   <div class='ocr_carea' id='block_1_15' title="bbox 741 1407 2319 1473">
    <p class='ocr_par' dir='ltr' id='par_1_15' title="bbox 741 1407 2319 1473">
     <span class='ocr_line' id='line_1_15' title="bbox 741 1407 2319 1473; baseline -0.001 -15"><span class='ocrx_word' id='word_1_83' title='bbox 741 1414 860 1458; x_wconf 91' lang='lat' dir='ltr'><strong>erat</strong></span> <span class='ocrx_word' id='word_1_84' title='bbox 920 1408 1098 1459; x_wconf 87' lang='lat' dir='ltr'><strong>socius</strong></span> <span class='ocrx_word' id='word_1_85' title='bbox 1159 1407 1492 1468; x_wconf 89' lang='lat' dir='ltr'><strong>certaminis,</strong></span> <span class='ocrx_word' id='word_1_86' title='bbox 1547 1407 1614 1460; x_wconf 88' lang='lat' dir='ltr'><strong>ab</strong></span> <span class='ocrx_word' id='word_1_87' title='bbox 1662 1408 1770 1461; x_wconf 90' lang='lat' dir='ltr'><strong>imo</strong></span> <span class='ocrx_word' id='word_1_88' title='bbox 1829 1420 2132 1473; x_wconf 79' lang='lat' dir='ltr'><strong>emergens,</strong></span> <span class='ocrx_word' id='word_1_89' title='bbox 2201 1412 2319 1457; x_wconf 87' lang='lat' dir='ltr'><strong>tan-</strong></span> 
     </span>
    </p>
   </div>
   <div class='ocr_carea' id='block_1_16' title="bbox 741 1497 2322 1566">
    <p class='ocr_par' dir='ltr' id='par_1_16' title="bbox 741 1497 2322 1566">
     <span class='ocr_line' id='line_1_16' title="bbox 741 1497 2322 1566; baseline -0.001 -17"><span class='ocrx_word' id='word_1_90' title='bbox 741 1512 900 1564; x_wconf 84' lang='lat' dir='ltr'><strong>quam</strong></span> <span class='ocrx_word' id='word_1_91' title='bbox 960 1512 1023 1549; x_wconf 85' lang='lat' dir='ltr'><strong>ex</strong></span> <span class='ocrx_word' id='word_1_92' title='bbox 1081 1498 1260 1565; x_wconf 80' lang='lat' dir='ltr'><strong>aliquo</strong></span> <span class='ocrx_word' id='word_1_93' title='bbox 1315 1498 1565 1551; x_wconf 80' lang='lat' dir='ltr'><strong>convivio</strong></span> <span class='ocrx_word' id='word_1_94' title='bbox 1616 1508 1670 1551; x_wconf 89' lang='lat' dir='ltr'><strong>et</strong></span> <span class='ocrx_word' id='word_1_95' title='bbox 1710 1499 1916 1566; x_wconf 86' lang='lat' dir='ltr'><strong>requie,</strong></span> <span class='ocrx_word' id='word_1_96' title='bbox 1969 1497 2193 1550; x_wconf 75' lang='lat' dir='ltr'><strong>vocabat</strong></span> <span class='ocrx_word' id='word_1_97' title='bbox 2233 1510 2322 1548; x_wconf 86' lang='lat' dir='ltr'><strong>so-</strong></span> 
     </span>
    </p>
   </div>
   <div class='ocr_carea' id='block_1_17' title="bbox 743 1589 2319 1654">
    <p class='ocr_par' dir='ltr' id='par_1_17' title="bbox 743 1589 2319 1654">
     <span class='ocr_line' id='line_1_17' title="bbox 743 1589 2319 1654; baseline 0.001 -14"><span class='ocrx_word' id='word_1_98' title='bbox 743 1603 944 1652; x_wconf 80' lang='lat' dir='ltr'><strong>rorem,</strong></span> <span class='ocrx_word' id='word_1_99' title='bbox 978 1599 1031 1642; x_wconf 91' lang='lat' dir='ltr'><strong>et</strong></span> <span class='ocrx_word' id='word_1_100' title='bbox 1065 1591 1111 1642; x_wconf 89' lang='lat' dir='ltr'><strong>ei</strong></span> <span class='ocrx_word' id='word_1_101' title='bbox 1147 1591 1378 1643; x_wconf 81' lang='lat' dir='ltr'><strong>addebat</strong></span> <span class='ocrx_word' id='word_1_102' title='bbox 1407 1590 1670 1654; x_wconf 91' lang='lat' dir='ltr'><strong>animum,</strong></span> <span class='ocrx_word' id='word_1_103' title='bbox 1711 1599 1766 1644; x_wconf 91' lang='lat' dir='ltr'><strong>et</strong></span> <span class='ocrx_word' id='word_1_104' title='bbox 1800 1591 2116 1643; x_wconf 86' lang='lat' dir='ltr'><strong>hortabatur</strong></span> <span class='ocrx_word' id='word_1_105' title='bbox 2153 1599 2209 1642; x_wconf 90' lang='lat' dir='ltr'><strong>ut</strong></span> <span class='ocrx_word' id='word_1_106' title='bbox 2235 1589 2319 1640; x_wconf 91' lang='lat' dir='ltr'><strong>in-</strong></span> 
     </span>
    </p>
   </div>
   <div class='ocr_carea' id='block_1_18' title="bbox 744 1681 2318 1749">
    <p class='ocr_par' dir='ltr' id='par_1_18' title="bbox 744 1681 2318 1749">
     <span class='ocr_line' id='line_1_18' title="bbox 744 1681 2318 1749; baseline 0.001 -17"><span class='ocrx_word' id='word_1_107' title='bbox 744 1681 1060 1749; x_wconf 85' lang='lat' dir='ltr'><strong>grederetur</strong></span> <span class='ocrx_word' id='word_1_108' title='bbox 1094 1682 1324 1735; x_wconf 88' lang='lat' dir='ltr'><strong>lebetem</strong></span> <span class='ocrx_word' id='word_1_109' title='bbox 1352 1684 1536 1736; x_wconf 90' lang='lat' dir='ltr'><strong>dicens</strong></span> <span class='ocrx_word' id='word_1_110' title='bbox 1563 1700 1576 1736; x_wconf 91' lang='lat'><strong>:</strong></span> <span class='ocrx_word' id='word_1_111' title='bbox 1614 1681 1758 1736; x_wconf 80' lang='lat' dir='ltr'><strong>Nihil</strong></span> <span class='ocrx_word' id='word_1_112' title='bbox 1782 1683 2121 1744; x_wconf 82' lang='lat' dir='ltr'><strong>extimescas,</strong></span> <span class='ocrx_word' id='word_1_113' title='bbox 2147 1683 2318 1735; x_wconf 91' lang='lat' dir='ltr'><strong>solum</strong></span> 
     </span>
    </p>
   </div>
   <div class='ocr_carea' id='block_1_19' title="bbox 745 1755 2317 1841">
    <p class='ocr_par' dir='ltr' id='par_1_19' title="bbox 745 1755 2317 1841">
     <span class='ocr_line' id='line_1_19' title="bbox 745 1755 2317 1841; baseline 0.002 -16"><span class='ocrx_word' id='word_1_114' title='bbox 745 1774 1034 1826; x_wconf 84' lang='lat' dir='ltr'><strong>attendens</strong></span> <span class='ocrx_word' id='word_1_115' title='bbox 1071 1773 1123 1826; x_wconf 89' lang='lat' dir='ltr'><strong>id</strong></span> <span class='ocrx_word' id='word_1_116' title='bbox 1157 1780 1295 1841; x_wconf 88' lang='lat' dir='ltr'><strong>quod</strong></span> <span class='ocrx_word' id='word_1_117' title='bbox 1330 1774 1564 1836; x_wconf 80' lang='lat' dir='ltr'><strong>videtur.</strong></span> <span class='ocrx_word' id='word_1_118' title='bbox 1589 1785 1644 1828; x_wconf 89' lang='lat' dir='ltr'><strong>et</strong></span> <span class='ocrx_word' id='word_1_119' title='bbox 1685 1790 1791 1829; x_wconf 92' lang='lat' dir='ltr'><strong>non</strong></span> <span class='ocrx_word' id='word_1_120' title='bbox 1840 1778 1903 1828; x_wconf 92' lang='lat' dir='ltr'><strong>ad</strong></span> <span class='ocrx_word' id='word_1_121' title='bbox 1938 1755 2103 1828; x_wconf 83' lang='lat' dir='ltr'><strong>Deum</strong></span> <span class='ocrx_word' id='word_1_122' title='bbox 2132 1775 2317 1828; x_wconf 87' lang='lat' dir='ltr'><strong>oculos</strong></span> 
     </span>
    </p>
   </div>
   <div class='ocr_carea' id='block_1_20' title="bbox 742 1865 2320 1929">
    <p class='ocr_par' dir='ltr' id='par_1_20' title="bbox 742 1865 2320 1929">
     <span class='ocr_line' id='line_1_20' title="bbox 742 1865 2320 1929; baseline 0.001 -13"><span class='ocrx_word' id='word_1_123' title='bbox 742 1865 938 1917; x_wconf 68' lang='lat' dir='ltr'><strong>anima:</strong></span> <span class='ocrx_word' id='word_1_124' title='bbox 967 1865 1230 1929; x_wconf 76' lang='lat' dir='ltr'><strong>deligens,</strong></span> <span class='ocrx_word' id='word_1_125' title='bbox 1266 1868 1353 1919; x_wconf 91' lang='lat' dir='ltr'><strong>cui</strong></span> <span class='ocrx_word' id='word_1_126' title='bbox 1386 1875 1439 1918; x_wconf 90' lang='lat' dir='ltr'><strong>et</strong></span> <span class='ocrx_word' id='word_1_127' title='bbox 1476 1867 1837 1920; x_wconf 90' lang='lat' dir='ltr'><strong>communiter</strong></span> <span class='ocrx_word' id='word_1_128' title='bbox 1880 1867 2230 1927; x_wconf 86' lang='lat' dir='ltr'><strong>credidimus,</strong></span> <span class='ocrx_word' id='word_1_129' title='bbox 2267 1875 2320 1918; x_wconf 92' lang='lat' dir='ltr'><strong>et</strong></span> 
     </span>
    </p>
   </div>
   <div class='ocr_carea' id='block_1_21' title="bbox 741 1954 2316 2021">
    <p class='ocr_par' dir='ltr' id='par_1_21' title="bbox 741 1954 2316 2021">
     <span class='ocr_line' id='line_1_21' title="bbox 741 1954 2316 2021; baseline 0.001 -15"><span class='ocrx_word' id='word_1_130' title='bbox 741 1969 774 2006; x_wconf 86' lang='lat' dir='ltr'><strong>a</strong></span> <span class='ocrx_word' id='word_1_131' title='bbox 838 1970 948 2021; x_wconf 90' lang='lat' dir='ltr'><strong>quo</strong></span> <span class='ocrx_word' id='word_1_132' title='bbox 1003 1956 1292 2007; x_wconf 80' lang='lat' dir='ltr'><strong>maximam</strong></span> <span class='ocrx_word' id='word_1_133' title='bbox 1345 1957 1654 2010; x_wconf 84' lang='lat' dir='ltr'><strong>invenimus</strong></span> <span class='ocrx_word' id='word_1_134' title='bbox 1700 1957 2218 2009; x_wconf 86' lang='lat' dir='ltr'><strong>remunerationem.</strong></span> <span class='ocrx_word' id='word_1_135' title='bbox 2259 1954 2316 2008; x_wconf 91' lang='lat' dir='ltr'><strong>Si</strong></span> 
     </span>
    </p>
   </div>
   <div class='ocr_carea' id='block_1_22' title="bbox 743 2045 2319 2116">
    <p class='ocr_par' dir='ltr' id='par_1_22' title="bbox 743 2045 2319 2116">
     <span class='ocr_line' id='line_1_22' title="bbox 743 2045 2319 2116; baseline 0.001 -18"><span class='ocrx_word' id='word_1_136' title='bbox 743 2045 888 2098; x_wconf 88' lang='lat' dir='ltr'><strong>enim</strong></span> <span class='ocrx_word' id='word_1_137' title='bbox 942 2045 1080 2099; x_wconf 87' lang='lat' dir='ltr'><strong>hanc</strong></span> <span class='ocrx_word' id='word_1_138' title='bbox 1130 2047 1448 2100; x_wconf 88' lang='lat' dir='ltr'><strong>bullientem</strong></span> <span class='ocrx_word' id='word_1_139' title='bbox 1490 2061 1684 2114; x_wconf 88' lang='lat' dir='ltr'><strong>aquam</strong></span> <span class='ocrx_word' id='word_1_140' title='bbox 1728 2047 1901 2100; x_wconf 90' lang='lat' dir='ltr'><strong>solum</strong></span> <span class='ocrx_word' id='word_1_141' title='bbox 1950 2047 2212 2116; x_wconf 78' lang='lat' dir='ltr'><strong>attigeris,</strong></span> <span class='ocrx_word' id='word_1_142' title='bbox 2251 2049 2319 2100; x_wconf 88' lang='lat' dir='ltr'><strong>ab</strong></span> 
     </span>
    </p>
   </div>
   <div class='ocr_carea' id='block_1_23' title="bbox 745 2127 2321 2209">
    <p class='ocr_par' dir='ltr' id='par_1_23' title="bbox 745 2127 2321 2209">
     <span class='ocr_line' id='line_1_23' title="bbox 745 2127 2321 2209; baseline 0.003 -19"><span class='ocrx_word' id='word_1_143' title='bbox 745 2138 868 2205; x_wconf 88' lang='lat' dir='ltr'><strong>ipso</strong></span> <span class='ocrx_word' id='word_1_144' title='bbox 894 2153 1148 2207; x_wconf 84' lang='lat' dir='ltr'><strong>magnum</strong></span> <span class='ocrx_word' id='word_1_145' title='bbox 1177 2138 1382 2191; x_wconf 84' lang='lat' dir='ltr'><strong>senties</strong></span> <span class='ocrx_word' id='word_1_146' title='bbox 1417 2139 1697 2201; x_wconf 83' lang='lat' dir='ltr'><strong>auxilium,</strong></span> <span class='ocrx_word' id='word_1_147' title='bbox 1732 2127 1887 2208; x_wconf 81' lang='lat' dir='ltr'><strong>cujus</strong></span> <span class='ocrx_word' id='word_1_148' title='bbox 1922 2155 2021 2209; x_wconf 83' lang='lat' dir='ltr'><strong>ego</strong></span> <span class='ocrx_word' id='word_1_149' title='bbox 2057 2150 2182 2193; x_wconf 91' lang='lat' dir='ltr'><strong>tuus</strong></span> <span class='ocrx_word' id='word_1_150' title='bbox 2212 2140 2321 2194; x_wconf 88' lang='lat' dir='ltr'><strong>fra-</strong></span> 
     </span>
    </p>
   </div>
   <div class='ocr_carea' id='block_1_24' title="bbox 746 2230 2322 2300">
    <p class='ocr_par' dir='ltr' id='par_1_24' title="bbox 746 2230 2322 2300">
     <span class='ocr_line' id='line_1_24' title="bbox 746 2230 2322 2300; baseline 0.004 -20"><span class='ocrx_word' id='word_1_151' title='bbox 746 2237 828 2280; x_wconf 90' lang='lat' dir='ltr'><strong>ter</strong></span> <span class='ocrx_word' id='word_1_152' title='bbox 851 2244 969 2281; x_wconf 85' lang='lat' dir='ltr'><strong>sum</strong></span> <span class='ocrx_word' id='word_1_153' title='bbox 999 2230 1172 2289; x_wconf 86' lang='lat' dir='ltr'><strong>testis,</strong></span> <span class='ocrx_word' id='word_1_154' title='bbox 1203 2230 1294 2297; x_wconf 91' lang='lat' dir='ltr'><strong>qui</strong></span> <span class='ocrx_word' id='word_1_155' title='bbox 1334 2230 1415 2284; x_wconf 89' lang='lat' dir='ltr'><strong>sic</strong></span> <span class='ocrx_word' id='word_1_156' title='bbox 1441 2231 1532 2286; x_wconf 88' lang='lat' dir='ltr'><strong>tibi</strong></span> <span class='ocrx_word' id='word_1_157' title='bbox 1562 2247 1760 2286; x_wconf 85' lang='lat' dir='ltr'><strong>cernor</strong></span> <span class='ocrx_word' id='word_1_158' title='bbox 1791 2233 2123 2300; x_wconf 82' lang='lat' dir='ltr'><strong>impatibilis,</strong></span> <span class='ocrx_word' id='word_1_159' title='bbox 2151 2243 2206 2286; x_wconf 89' lang='lat' dir='ltr'><strong>et</strong></span> <span class='ocrx_word' id='word_1_160' title='bbox 2235 2233 2322 2286; x_wconf 80' lang='lat' dir='ltr'><strong>ni-</strong></span> 
     </span>
    </p>
   </div>
   <div class='ocr_carea' id='block_1_25' title="bbox 750 2319 1352 2376">
    <p class='ocr_par' dir='ltr' id='par_1_25' title="bbox 750 2319 1352 2376">
     <span class='ocr_line' id='line_1_25' title="bbox 750 2319 1352 2376; baseline 0.002 -3"><span class='ocrx_word' id='word_1_161' title='bbox 750 2319 830 2374; x_wconf 64' lang='grc' dir='ltr'>ιλιι</span> <span class='ocrx_word' id='word_1_162' title='bbox 857 2321 1060 2374; x_wconf 89' lang='lat' dir='ltr'><strong>doloris</strong></span> <span class='ocrx_word' id='word_1_163' title='bbox 1086 2322 1352 2376; x_wconf 81' lang='lat' dir='ltr'><strong>sentiens.</strong></span> 
     </span>
    </p>
   </div>
   <div class='ocr_carea' id='block_1_26' title="bbox 814 2495 2321 2570">
    <p class='ocr_par' dir='ltr' id='par_1_26' title="bbox 814 2495 2321 2570">
     <span class='ocr_line' id='line_1_26' title="bbox 814 2495 2321 2570; baseline 0.005 -21"><span class='ocrx_word' id='word_1_164' title='bbox 814 2495 884 2550; x_wconf 76' lang='grc' dir='ltr'><strong>Χ.</strong></span> <span class='ocrx_word' id='word_1_165' title='bbox 917 2497 1013 2550; x_wconf 87' lang='lat' dir='ltr'><strong>His</strong></span> <span class='ocrx_word' id='word_1_166' title='bbox 1034 2512 1287 2564; x_wconf 86' lang='lat' dir='ltr'><strong>persuasa</strong></span> <span class='ocrx_word' id='word_1_167' title='bbox 1313 2495 1617 2566; x_wconf 82' lang='lat' dir='ltr'><strong>Eulampia,</strong></span> <span class='ocrx_word' id='word_1_168' title='bbox 1645 2506 1700 2552; x_wconf 90' lang='lat' dir='ltr'><strong>et</strong></span> <span class='ocrx_word' id='word_1_169' title='bbox 1723 2499 1946 2554; x_wconf 89' lang='lat' dir='ltr'><strong>omnino</strong></span> <span class='ocrx_word' id='word_1_170' title='bbox 1972 2501 2321 2570; x_wconf 86' lang='lat' dir='ltr'><strong>acquiescens</strong></span> 
     </span>
    </p>
   </div>
   <div class='ocr_carea' id='block_1_27' title="bbox 744 2587 2320 2659">
    <p class='ocr_par' dir='ltr' id='par_1_27' title="bbox 744 2587 2320 2659">
     <span class='ocr_line' id='line_1_27' title="bbox 744 2587 2320 2659; baseline 0.004 -17"><span class='ocrx_word' id='word_1_171' title='bbox 744 2587 865 2656; x_wconf 86' lang='lat' dir='ltr'><strong>ejus</strong></span> <span class='ocrx_word' id='word_1_172' title='bbox 899 2589 1266 2649; x_wconf 87' lang='lat' dir='ltr'><strong>suasionibus,</strong></span> <span class='ocrx_word' id='word_1_173' title='bbox 1295 2590 1544 2655; x_wconf 80' lang='lat' dir='ltr'><strong>protinus</strong></span> <span class='ocrx_word' id='word_1_174' title='bbox 1577 2599 1832 2659; x_wconf 89' lang='lat' dir='ltr'><strong>prompto</strong></span> <span class='ocrx_word' id='word_1_175' title='bbox 1861 2591 2096 2647; x_wconf 81' lang='lat' dir='ltr'><strong>etalacri</strong></span> <span class='ocrx_word' id='word_1_176' title='bbox 2137 2594 2320 2648; x_wconf 84' lang='lat' dir='ltr'><strong>animo</strong></span> 
     </span>
    </p>
   </div>
   <div class='ocr_carea' id='block_1_28' title="bbox 744 2677 2321 2748">
    <p class='ocr_par' dir='ltr' id='par_1_28' title="bbox 744 2677 2321 2748">
     <span class='ocr_line' id='line_1_28' title="bbox 744 2677 2321 2748; baseline 0.004 -16"><span class='ocrx_word' id='word_1_177' title='bbox 744 2681 987 2748; x_wconf 83' lang='lat' dir='ltr'><strong>ingressa</strong></span> <span class='ocrx_word' id='word_1_178' title='bbox 1036 2688 1122 2732; x_wconf 90' lang='lat' dir='ltr'><strong>est</strong></span> <span class='ocrx_word' id='word_1_179' title='bbox 1171 2677 1424 2732; x_wconf 87' lang='lat' dir='ltr'><strong>lebetem.</strong></span> <span class='ocrx_word' id='word_1_180' title='bbox 1489 2681 1691 2735; x_wconf 83' lang='lat' dir='ltr'><strong>Deinde</strong></span> <span class='ocrx_word' id='word_1_181' title='bbox 1742 2683 1906 2735; x_wconf 90' lang='lat' dir='ltr'><strong>etiam</strong></span> <span class='ocrx_word' id='word_1_182' title='bbox 1960 2687 2321 2738; x_wconf 87' lang='lat' dir='ltr'><strong>communiter</strong></span> 
     </span>
    </p>
   </div>
   <div class='ocr_carea' id='block_1_29' title="bbox 745 2771 2320 2844">
    <p class='ocr_par' dir='ltr' id='par_1_29' title="bbox 745 2771 2320 2844">
     <span class='ocr_line' id='line_1_29' title="bbox 745 2771 2320 2844; baseline 0.003 -19"><span class='ocrx_word' id='word_1_183' title='bbox 745 2771 942 2840; x_wconf 82' lang='lat' dir='ltr'><strong>spiritu</strong></span> <span class='ocrx_word' id='word_1_184' title='bbox 973 2771 1330 2828; x_wconf 79' lang='lat' dir='ltr'><strong>exsultantes.</strong></span> <span class='ocrx_word' id='word_1_185' title='bbox 1373 2771 1481 2824; x_wconf 65' lang='lat' dir='ltr'><strong>laeti</strong></span> <span class='ocrx_word' id='word_1_186' title='bbox 1535 2783 1894 2840; x_wconf 83' lang='lat' dir='ltr'><strong>susceperunt</strong></span> <span class='ocrx_word' id='word_1_187' title='bbox 1949 2772 2320 2844; x_wconf 84' lang='lat' dir='ltr'><strong>supplicium;</strong></span> 
     </span>
    </p>
   </div>
   <div class='ocr_carea' id='block_1_30' title="bbox 746 2862 2322 2936">
    <p class='ocr_par' dir='ltr' id='par_1_30' title="bbox 746 2862 2322 2936">
     <span class='ocr_line' id='line_1_30' title="bbox 746 2862 2322 2936; baseline 0.004 -21"><span class='ocrx_word' id='word_1_188' title='bbox 746 2871 801 2916; x_wconf 86' lang='lat' dir='ltr'><strong>et</strong></span> <span class='ocrx_word' id='word_1_189' title='bbox 827 2863 1075 2932; x_wconf 91' lang='lat' dir='ltr'><strong>protinus</strong></span> <span class='ocrx_word' id='word_1_190' title='bbox 1111 2862 1259 2915; x_wconf 87' lang='lat' dir='ltr'><strong>lebes</strong></span> <span class='ocrx_word' id='word_1_191' title='bbox 1299 2863 1473 2917; x_wconf 75' lang='lat' dir='ltr'><strong>evasit</strong></span> <span class='ocrx_word' id='word_1_192' title='bbox 1501 2863 1748 2932; x_wconf 82' lang='lat' dir='ltr'><strong>frigidus,</strong></span> <span class='ocrx_word' id='word_1_193' title='bbox 1791 2873 1844 2918; x_wconf 90' lang='lat' dir='ltr'><strong>et</strong></span> <span class='ocrx_word' id='word_1_194' title='bbox 1875 2865 2013 2920; x_wconf 89' lang='lat' dir='ltr'><strong>nihil</strong></span> <span class='ocrx_word' id='word_1_195' title='bbox 2044 2867 2169 2920; x_wconf 83' lang='lat' dir='ltr'><strong>mali</strong></span> <span class='ocrx_word' id='word_1_196' title='bbox 2200 2883 2322 2936; x_wconf 86' lang='lat' dir='ltr'><strong>pas-</strong></span> 
     </span>
    </p>
   </div>
   <div class='ocr_carea' id='block_1_31' title="bbox 747 2952 2322 3024">
    <p class='ocr_par' dir='ltr' id='par_1_31' title="bbox 747 2952 2322 3024">
     <span class='ocr_line' id='line_1_31' title="bbox 747 2952 2322 3024; baseline 0 -16"><span class='ocrx_word' id='word_1_197' title='bbox 747 2967 836 3008; x_wconf 81' lang='lat' dir='ltr'><strong>sos</strong></span> <span class='ocrx_word' id='word_1_198' title='bbox 859 2954 1126 3007; x_wconf 88' lang='lat' dir='ltr'><strong>continuit</strong></span> <span class='ocrx_word' id='word_1_199' title='bbox 1168 2964 1451 3023; x_wconf 75' lang='lat' dir='ltr'><strong>martyres.</strong></span> <span class='ocrx_word' id='word_1_200' title='bbox 1503 2952 1689 3022; x_wconf 84' lang='lat' dir='ltr'><strong>Neque</strong></span> <span class='ocrx_word' id='word_1_201' title='bbox 1730 2971 1860 3009; x_wconf 81' lang='lat' dir='ltr'><strong>vero</strong></span> <span class='ocrx_word' id='word_1_202' title='bbox 1913 2971 2157 3024; x_wconf 89' lang='lat' dir='ltr'><strong>eousque</strong></span> <span class='ocrx_word' id='word_1_203' title='bbox 2190 2972 2322 3010; x_wconf 91' lang='lat' dir='ltr'><strong>con-</strong></span> 
     </span>
    </p>
   </div>
   <div class='ocr_carea' id='block_1_32' title="bbox 747 3043 2321 3115">
    <p class='ocr_par' dir='ltr' id='par_1_32' title="bbox 747 3043 2321 3115">
     <span class='ocr_line' id='line_1_32' title="bbox 747 3043 2321 3115; baseline 0.004 -19"><span class='ocrx_word' id='word_1_204' title='bbox 747 3044 888 3097; x_wconf 87' lang='lat' dir='ltr'><strong>stitit</strong></span> <span class='ocrx_word' id='word_1_205' title='bbox 923 3059 1008 3096; x_wconf 89' lang='lat' dir='ltr'><strong>res</strong></span> <span class='ocrx_word' id='word_1_206' title='bbox 1030 3043 1382 3106; x_wconf 81' lang='lat' dir='ltr'><strong>admirabilis,</strong></span> <span class='ocrx_word' id='word_1_207' title='bbox 1421 3045 1516 3097; x_wconf 89' lang='lat' dir='ltr'><strong>sed</strong></span> <span class='ocrx_word' id='word_1_208' title='bbox 1561 3047 1725 3097; x_wconf 86' lang='lat' dir='ltr'><strong>etiam</strong></span> <span class='ocrx_word' id='word_1_209' title='bbox 1757 3061 1863 3098; x_wconf 92' lang='lat' dir='ltr'><strong>non</strong></span> <span class='ocrx_word' id='word_1_210' title='bbox 1909 3062 2112 3115; x_wconf 88' lang='lat' dir='ltr'><strong>paucos</strong></span> <span class='ocrx_word' id='word_1_211' title='bbox 2142 3063 2204 3101; x_wconf 86' lang='lat' dir='ltr'><strong>ex</strong></span> <span class='ocrx_word' id='word_1_212' title='bbox 2234 3049 2321 3113; x_wconf 92' lang='lat' dir='ltr'><strong>iis,</strong></span> 
     </span>
    </p>
   </div>
   <div class='ocr_carea' id='block_1_33' title="bbox 2432 579 4020 652">
    <p class='ocr_par' dir='ltr' id='par_1_33' title="bbox 2432 579 4020 652">
     <span class='ocr_line' id='line_1_33' title="bbox 2432 579 4020 652; baseline 0 -19"><span class='ocrx_word' id='word_1_213' title='bbox 2432 582 2574 634; x_wconf 81' lang='grc' dir='ltr'>Ἀλλ’</span> <span class='ocrx_word' id='word_1_214' title='bbox 2609 583 2708 635; x_wconf 79' lang='grc' dir='ltr'><strong>οὐκ</strong></span> <span class='ocrx_word' id='word_1_215' title='bbox 2731 579 2800 652; x_wconf 79' lang='grc' dir='ltr'>ἦν</span> <span class='ocrx_word' id='word_1_216' title='bbox 2839 583 2977 646; x_wconf 87' lang='grc' dir='ltr'>ὅλως</span> <span class='ocrx_word' id='word_1_217' title='bbox 3024 585 3238 652; x_wconf 75' lang='grc' dir='ltr'>φορητὰ</span> <span class='ocrx_word' id='word_1_218' title='bbox 3291 583 3462 636; x_wconf 82' lang='grc' dir='ltr'>ταῦτα</span> <span class='ocrx_word' id='word_1_219' title='bbox 3500 583 3579 650; x_wconf 84' lang='grc' dir='ltr'>τῷ</span> <span class='ocrx_word' id='word_1_220' title='bbox 3610 583 3900 652; x_wconf 82' lang='grc' dir='ltr'>ἡγεμόνι,</span> <span class='ocrx_word' id='word_1_221' title='bbox 3952 582 4020 633; x_wconf 75' lang='grc' dir='ltr'><strong>τό</strong></span> 
     </span>
    </p>
   </div>
   <div class='ocr_carea' id='block_1_34' title="bbox 2417 674 4017 745">
    <p class='ocr_par' dir='ltr' id='par_1_34' title="bbox 2417 674 4017 745">
     <span class='ocr_line' id='line_1_34' title="bbox 2417 674 4017 745; baseline -0.008 -7"><span class='ocrx_word' id='word_1_222' title='bbox 2417 690 2478 725; x_wconf 83' lang='grc' dir='ltr'>τε</span> <span class='ocrx_word' id='word_1_223' title='bbox 2532 677 2632 742; x_wconf 74' lang='grc' dir='ltr'><strong>τῆς</strong></span> <span class='ocrx_word' id='word_1_224' title='bbox 2689 674 3006 744; x_wconf 73' lang='grc' dir='ltr'>παρρησίας</span> <span class='ocrx_word' id='word_1_225' title='bbox 3043 677 3310 741; x_wconf 82' lang='grc' dir='ltr'>ἄκρατον,</span> <span class='ocrx_word' id='word_1_226' title='bbox 3357 676 3450 726; x_wconf 72' lang='grc' dir='ltr'>καὶ</span> <span class='ocrx_word' id='word_1_227' title='bbox 3485 678 3546 727; x_wconf 81' lang='grc' dir='ltr'><strong>τὸ</strong></span> <span class='ocrx_word' id='word_1_228' title='bbox 3580 677 3680 745; x_wconf 84' lang='grc' dir='ltr'><strong>τῆς</strong></span> <span class='ocrx_word' id='word_1_229' title='bbox 3711 675 4017 745; x_wconf 74' lang='grc' dir='ltr'><strong>ὑπομονῆς</strong></span> 
     </span>
    </p>
   </div>
   <div class='ocr_carea' id='block_1_35' title="bbox 2420 761 4014 832">
    <p class='ocr_par' dir='ltr' id='par_1_35' title="bbox 2420 761 4014 832">
     <span class='ocr_line' id='line_1_35' title="bbox 2420 761 4014 832; baseline 0.002 -18"><span class='ocrx_word' id='word_1_230' title='bbox 2420 761 2708 814; x_wconf 83' lang='grc' dir='ltr'>ἀνένδοτον</span> <span class='ocrx_word' id='word_1_231' title='bbox 2737 763 2843 814; x_wconf 83' lang='grc' dir='ltr'><strong>τῶν</strong></span> <span class='ocrx_word' id='word_1_232' title='bbox 2875 764 3045 830; x_wconf 79' lang='grc' dir='ltr'>ἁγίων</span> <span class='ocrx_word' id='word_1_233' title='bbox 3070 765 3286 832; x_wconf 79' lang='grc' dir='ltr'>ὁρῶντι,</span> <span class='ocrx_word' id='word_1_234' title='bbox 3321 765 3443 817; x_wconf 74' lang='grc' dir='ltr'>ὅθεν</span> <span class='ocrx_word' id='word_1_235' title='bbox 3473 767 3568 818; x_wconf 73' lang='grc' dir='ltr'><strong>καὶ</strong></span> <span class='ocrx_word' id='word_1_236' title='bbox 3601 766 3772 818; x_wconf 74' lang='grc' dir='ltr'>πάλιν</span> <span class='ocrx_word' id='word_1_237' title='bbox 3809 783 4014 818; x_wconf 78' lang='grc' dir='ltr'>καινο-</span> 
     </span>
    </p>
   </div>
   <div class='ocr_carea' id='block_1_36' title="bbox 2419 855 4013 928">
    <p class='ocr_par' dir='ltr' id='par_1_36' title="bbox 2419 855 4013 928">
     <span class='ocr_line' id='line_1_36' title="bbox 2419 855 4013 928; baseline 0.003 -22"><span class='ocrx_word' id='word_1_238' title='bbox 2419 855 2555 924; x_wconf 77' lang='grc' dir='ltr'>τέρα</span> <span class='ocrx_word' id='word_1_239' title='bbox 2626 855 3006 925; x_wconf 73' lang='grc' dir='ltr'><strong>κολαστηρίων</strong></span> <span class='ocrx_word' id='word_1_240' title='bbox 3085 858 3320 920; x_wconf 68' lang='grc' dir='ltr'>ἐπίνοια,</span> <span class='ocrx_word' id='word_1_241' title='bbox 3371 857 3464 909; x_wconf 82' lang='grc' dir='ltr'>καὶ</span> <span class='ocrx_word' id='word_1_242' title='bbox 3526 859 3688 911; x_wconf 80' lang='grc' dir='ltr'>πάλιν</span> <span class='ocrx_word' id='word_1_243' title='bbox 3714 861 3765 910; x_wconf 82' lang='grc' dir='ltr'><strong>οί</strong></span> <span class='ocrx_word' id='word_1_244' title='bbox 3813 859 4013 928; x_wconf 79' lang='grc' dir='ltr'>δήμιοι</span> 
     </span>
    </p>
   </div>
   <div class='ocr_carea' id='block_1_37' title="bbox 2422 947 4015 1026">
    <p class='ocr_par' dir='ltr' id='par_1_37' title="bbox 2422 947 4015 1026">
     <span class='ocr_line' id='line_1_37' title="bbox 2422 947 4015 1026; baseline 0.004 -30"><span class='ocrx_word' id='word_1_245' title='bbox 2422 947 2826 1026; x_wconf 74' lang='grc' dir='ltr'>ᾲπαραίτητοι’</span> <span class='ocrx_word' id='word_1_246' title='bbox 2861 947 3023 1014; x_wconf 78' lang='grc' dir='ltr'>λέϐης</span> <span class='ocrx_word' id='word_1_247' title='bbox 3069 949 3176 1016; x_wconf 82' lang='grc' dir='ltr'>γὰρ</span> <span class='ocrx_word' id='word_1_248' title='bbox 3213 950 3500 1017; x_wconf 62' lang='grc' dir='ltr'>καχῖάζων</span> <span class='ocrx_word' id='word_1_249' title='bbox 3546 951 3710 1011; x_wconf 81' lang='grc' dir='ltr'>εὐθὺς</span> <span class='ocrx_word' id='word_1_250' title='bbox 3761 951 4015 1019; x_wconf 76' lang='grc' dir='ltr'>ἡτοιμά-</span> 
     </span>
    </p>
   </div>
   <div class='ocr_carea' id='block_1_38' title="bbox 2422 1037 4012 1111">
    <p class='ocr_par' dir='ltr' id='par_1_38' title="bbox 2422 1037 4012 1111">
     <span class='ocr_line' id='line_1_38' title="bbox 2422 1037 4012 1111; baseline 0.003 -22"><span class='ocrx_word' id='word_1_251' title='bbox 2422 1037 2569 1102; x_wconf 81' lang='grc' dir='ltr'>ζετο,</span> <span class='ocrx_word' id='word_1_252' title='bbox 2606 1041 2699 1091; x_wconf 80' lang='grc' dir='ltr'><strong>καὶ</strong></span> <span class='ocrx_word' id='word_1_253' title='bbox 2744 1039 2869 1100; x_wconf 80' lang='grc' dir='ltr'>τοὺς</span> <span class='ocrx_word' id='word_1_254' title='bbox 2917 1041 3201 1109; x_wconf 79' lang='grc' dir='ltr'>μάρτυρας</span> <span class='ocrx_word' id='word_1_255' title='bbox 3243 1041 3555 1108; x_wconf 77' lang='grc' dir='ltr'>ὑπεδέχετο,</span> <span class='ocrx_word' id='word_1_256' title='bbox 3589 1042 3728 1110; x_wconf 70' lang='grc' dir='ltr'>πρὸς</span> <span class='ocrx_word' id='word_1_257' title='bbox 3780 1043 3848 1092; x_wconf 80' lang='grc' dir='ltr'>ὃν</span> <span class='ocrx_word' id='word_1_258' title='bbox 3904 1059 4012 1111; x_wconf 85' lang='grc' dir='ltr'><strong>περ</strong></span> 
     </span>
    </p>
   </div>
   <div class='ocr_carea' id='block_1_39' title="bbox 2427 1130 4010 1202">
    <p class='ocr_par' dir='ltr' id='par_1_39' title="bbox 2427 1130 4010 1202">
     <span class='ocr_line' id='line_1_39' title="bbox 2427 1130 4010 1202; baseline 0.002 -21"><span class='ocrx_word' id='word_1_259' title='bbox 2427 1130 2749 1200; x_wconf 83' lang='grc' dir='ltr'>Εὐλάμπιος</span> <span class='ocrx_word' id='word_1_260' title='bbox 2789 1132 2885 1198; x_wconf 79' lang='grc' dir='ltr'>μὲν</span> <span class='ocrx_word' id='word_1_261' title='bbox 2913 1131 3086 1201; x_wconf 77' lang='grc' dir='ltr'>είσῄει</span> <span class='ocrx_word' id='word_1_262' title='bbox 3116 1133 3353 1202; x_wconf 68' lang='grc' dir='ltr'>θαρρῶν,</span> <span class='ocrx_word' id='word_1_263' title='bbox 3397 1135 3427 1200; x_wconf 80' lang='grc' dir='ltr'>ἡ</span> <span class='ocrx_word' id='word_1_264' title='bbox 3465 1133 3676 1201; x_wconf 77' lang='grc' dir='ltr'>μᾴρτυς</span> <span class='ocrx_word' id='word_1_265' title='bbox 3716 1134 3771 1184; x_wconf 80' lang='grc' dir='ltr'>δὲ</span> <span class='ocrx_word' id='word_1_266' title='bbox 3813 1133 4010 1199; x_wconf 82' lang='grc' dir='ltr'>ὥσπερ</span> 
     </span>
    </p>
   </div>
   <div class='ocr_carea' id='block_1_40' title="bbox 2430 1223 4010 1293">
    <p class='ocr_par' dir='ltr' id='par_1_40' title="bbox 2430 1223 4010 1293">
     <span class='ocr_line' id='line_1_40' title="bbox 2430 1223 4010 1293; baseline 0 -19"><span class='ocrx_word' id='word_1_267' title='bbox 2430 1223 2811 1289; x_wconf 72' lang='grc' dir='ltr'><strong>ἰλιγγιάσασα,</strong></span> <span class='ocrx_word' id='word_1_268' title='bbox 2841 1225 2930 1276; x_wconf 85' lang='grc' dir='ltr'>ἇτε</span> <span class='ocrx_word' id='word_1_269' title='bbox 2967 1224 3030 1293; x_wconf 76' lang='grc' dir='ltr'>δὴ</span> <span class='ocrx_word' id='word_1_270' title='bbox 3068 1224 3160 1276; x_wconf 79' lang='grc' dir='ltr'><strong>καὶ</strong></span> <span class='ocrx_word' id='word_1_271' title='bbox 3193 1224 3288 1292; x_wconf 78' lang='grc' dir='ltr'>τὴν</span> <span class='ocrx_word' id='word_1_272' title='bbox 3320 1224 3480 1291; x_wconf 76' lang='grc' dir='ltr'>φύσιν</span> <span class='ocrx_word' id='word_1_273' title='bbox 3516 1225 3886 1292; x_wconf 79' lang='grc' dir='ltr'>ἁπαλωτέρα,</span> <span class='ocrx_word' id='word_1_274' title='bbox 3915 1227 4010 1274; x_wconf 69' lang='grc' dir='ltr'><strong>καί</strong></span> 
     </span>
    </p>
   </div>
   <div class='ocr_carea' id='block_1_41' title="bbox 2421 1314 4011 1386">
    <p class='ocr_par' dir='ltr' id='par_1_41' title="bbox 2421 1314 4011 1386">
     <span class='ocr_line' id='line_1_41' title="bbox 2421 1314 4011 1386; baseline -0.001 -20"><span class='ocrx_word' id='word_1_275' title='bbox 2421 1332 2474 1366; x_wconf 93' lang='grc' dir='ltr'><strong>τι</strong></span> <span class='ocrx_word' id='word_1_276' title='bbox 2498 1317 2594 1366; x_wconf 73' lang='grc' dir='ltr'>καὶ</span> <span class='ocrx_word' id='word_1_277' title='bbox 2613 1315 2707 1366; x_wconf 83' lang='grc' dir='ltr'>τοῦ</span> <span class='ocrx_word' id='word_1_278' title='bbox 2728 1315 2966 1386; x_wconf 83' lang='grc' dir='ltr'>πονηροῦ</span> <span class='ocrx_word' id='word_1_279' title='bbox 2988 1318 3111 1377; x_wconf 65' lang='grc' dir='ltr'>τοὺς</span> <span class='ocrx_word' id='word_1_280' title='bbox 3134 1316 3428 1384; x_wconf 78' lang='grc' dir='ltr'>λογισμοὺς</span> <span class='ocrx_word' id='word_1_281' title='bbox 3459 1317 3598 1384; x_wconf 82' lang='grc' dir='ltr'>αὐτῇ</span> <span class='ocrx_word' id='word_1_282' title='bbox 3633 1316 3771 1382; x_wconf 73' lang='grc' dir='ltr'>πρὸς</span> <span class='ocrx_word' id='word_1_283' title='bbox 3798 1314 4011 1366; x_wconf 63' lang='grc' dir='ltr'>δειλίαν</span> 
     </span>
    </p>
   </div>
   <div class='ocr_carea' id='block_1_42' title="bbox 2423 1401 4008 1473">
    <p class='ocr_par' dir='ltr' id='par_1_42' title="bbox 2423 1401 4008 1473">
     <span class='ocr_line' id='line_1_42' title="bbox 2423 1401 4008 1473; baseline -0.001 -17"><span class='ocrx_word' id='word_1_284' title='bbox 2423 1404 2879 1465; x_wconf 82' lang='grc' dir='ltr'>ὑποσαλεύοντος,</span> <span class='ocrx_word' id='word_1_285' title='bbox 2908 1405 3213 1468; x_wconf 73' lang='grc' dir='ltr'>όκλάξουσα</span> <span class='ocrx_word' id='word_1_286' title='bbox 3247 1401 3338 1470; x_wconf 82' lang='grc' dir='ltr'><strong>ἦν.</strong></span> <span class='ocrx_word' id='word_1_287' title='bbox 3379 1405 3519 1457; x_wconf 84' lang='grc' dir='ltr'>Ἀλλ’</span> <span class='ocrx_word' id='word_1_288' title='bbox 3545 1406 3572 1456; x_wconf 85' lang='grc' dir='ltr'>ὁ</span> <span class='ocrx_word' id='word_1_289' title='bbox 3597 1405 3838 1472; x_wconf 70' lang='grc' dir='ltr'>ἀδελφὸς</span> <span class='ocrx_word' id='word_1_290' title='bbox 3871 1405 4008 1473; x_wconf 70' lang='grc' dir='ltr'>ὁμοῦ</span> 
     </span>
    </p>
   </div>
   <div class='ocr_carea' id='block_1_43' title="bbox 2424 1493 4008 1564">
    <p class='ocr_par' dir='ltr' id='par_1_43' title="bbox 2424 1493 4008 1564">
     <span class='ocr_line' id='line_1_43' title="bbox 2424 1493 4008 1564; baseline 0 -17"><span class='ocrx_word' id='word_1_291' title='bbox 2424 1497 2521 1547; x_wconf 75' lang='grc' dir='ltr'><strong>καὶ</strong></span> <span class='ocrx_word' id='word_1_292' title='bbox 2564 1495 2908 1564; x_wconf 74' lang='grc' dir='ltr'>συναθλητὴς</span> <span class='ocrx_word' id='word_1_293' title='bbox 2949 1498 3193 1548; x_wconf 80' lang='grc' dir='ltr'><strong>κάτωθεν</strong></span> <span class='ocrx_word' id='word_1_294' title='bbox 3242 1498 3445 1558; x_wconf 77' lang='grc' dir='ltr'><strong>ἀναδὺς</strong></span> <span class='ocrx_word' id='word_1_295' title='bbox 3504 1493 3617 1550; x_wconf 75' lang='grc' dir='ltr'>οἷον</span> <span class='ocrx_word' id='word_1_296' title='bbox 3682 1498 3798 1548; x_wconf 84' lang='grc' dir='ltr'><strong>ἀπό</strong></span> <span class='ocrx_word' id='word_1_297' title='bbox 3863 1514 4008 1559; x_wconf 80' lang='grc' dir='ltr'>τινος</span> 
     </span>
    </p>
   </div>
   <div class='ocr_carea' id='block_1_44' title="bbox 2423 1587 4008 1656">
    <p class='ocr_par' dir='ltr' id='par_1_44' title="bbox 2423 1587 4008 1656">
     <span class='ocr_line' id='line_1_44' title="bbox 2423 1587 4008 1656; baseline -0.002 -17"><span class='ocrx_word' id='word_1_298' title='bbox 2423 1588 2660 1655; x_wconf 80' lang='grc' dir='ltr'>εὐωχίας</span> <span class='ocrx_word' id='word_1_299' title='bbox 2717 1589 2813 1638; x_wconf 76' lang='grc' dir='ltr'><strong>καὶ</strong></span> <span class='ocrx_word' id='word_1_300' title='bbox 2870 1587 3276 1652; x_wconf 82' lang='grc' dir='ltr'>ἀναπαύσεως,</span> <span class='ocrx_word' id='word_1_301' title='bbox 3338 1589 3734 1656; x_wconf 83' lang='grc' dir='ltr'>προσεκαλεῖτό</span> <span class='ocrx_word' id='word_1_302' title='bbox 3794 1605 3860 1640; x_wconf 84' lang='grc' dir='ltr'><strong>τε</strong></span> <span class='ocrx_word' id='word_1_303' title='bbox 3911 1589 4008 1656; x_wconf 75' lang='grc' dir='ltr'>τὴν</span> 
     </span>
    </p>
   </div>
   <div class='ocr_carea' id='block_1_45' title="bbox 2427 1677 3302 1748">
    <p class='ocr_par' dir='ltr' id='par_1_45' title="bbox 2427 1677 3302 1748">
     <span class='ocr_line' id='line_1_45' title="bbox 2427 1677 3302 1748; baseline 0 -20"><span class='ocrx_word' id='word_1_304' title='bbox 2427 1677 2693 1746; x_wconf 83' lang='grc' dir='ltr'>σύγγονον</span> <span class='ocrx_word' id='word_1_305' title='bbox 2741 1680 2837 1729; x_wconf 79' lang='grc' dir='ltr'><strong>καὶ</strong></span> <span class='ocrx_word' id='word_1_306' title='bbox 2879 1678 3302 1748; x_wconf 72' lang='grc' dir='ltr'>παρεθάρρυνε,</span> 
     </span>
    </p>
   </div>
   <div class='ocr_carea' id='block_1_46' title="bbox 2423 1768 4008 1841">
    <p class='ocr_par' dir='ltr' id='par_1_46' title="bbox 2423 1768 4008 1841">
     <span class='ocr_line' id='line_1_46' title="bbox 2423 1768 4008 1841; baseline -0.001 -21"><span class='ocrx_word' id='word_1_307' title='bbox 2423 1769 2679 1834; x_wconf 78' lang='grc' dir='ltr'>γενέσθαι</span> <span class='ocrx_word' id='word_1_308' title='bbox 2718 1768 2977 1839; x_wconf 78' lang='grc' dir='ltr'><strong>παρῄνει,</strong></span> <span class='ocrx_word' id='word_1_309' title='bbox 3003 1769 3187 1839; x_wconf 85' lang='grc' dir='ltr'>Μηδὲν</span> <span class='ocrx_word' id='word_1_310' title='bbox 3218 1770 3559 1841; x_wconf 72' lang='grc' dir='ltr'>ὑποπτήξῃς,</span> <span class='ocrx_word' id='word_1_311' title='bbox 3581 1771 3785 1834; x_wconf 77' lang='grc' dir='ltr'>λέγων,</span> <span class='ocrx_word' id='word_1_312' title='bbox 3819 1770 4008 1830; x_wconf 70' lang='grc' dir='ltr'>ἁπλῶς</span> 
     </span>
    </p>
   </div>
   <div class='ocr_carea' id='block_1_47' title="bbox 2421 1857 4008 1928">
    <p class='ocr_par' dir='ltr' id='par_1_47' title="bbox 2421 1857 4008 1928">
     <span class='ocr_line' id='line_1_47' title="bbox 2421 1857 4008 1928; baseline -0.001 -18"><span class='ocrx_word' id='word_1_313' title='bbox 2421 1858 2596 1921; x_wconf 78' lang='grc' dir='ltr'>οὕτως</span> <span class='ocrx_word' id='word_1_314' title='bbox 2633 1858 2708 1926; x_wconf 83' lang='grc' dir='ltr'>τῷ</span> <span class='ocrx_word' id='word_1_315' title='bbox 2735 1860 3012 1928; x_wconf 80' lang='grc' dir='ltr'><strong>ὁρωμένῳ</strong></span> <span class='ocrx_word' id='word_1_316' title='bbox 3047 1860 3392 1928; x_wconf 71' lang='grc' dir='ltr'>προσέχουσα</span> <span class='ocrx_word' id='word_1_317' title='bbox 3416 1897 3429 1917; x_wconf 97' lang='grc'><strong>,</strong></span> <span class='ocrx_word' id='word_1_318' title='bbox 3465 1863 3556 1910; x_wconf 75' lang='grc' dir='ltr'>καὶ</span> <span class='ocrx_word' id='word_1_319' title='bbox 3587 1861 3666 1927; x_wconf 81' lang='grc' dir='ltr'>μὴ</span> <span class='ocrx_word' id='word_1_320' title='bbox 3697 1859 3841 1926; x_wconf 70' lang='grc' dir='ltr'>πρὸς</span> <span class='ocrx_word' id='word_1_321' title='bbox 3875 1857 4008 1909; x_wconf 70' lang='grc' dir='ltr'>Θεὸν</span> 
     </span>
    </p>
   </div>
   <div class='ocr_carea' id='block_1_48' title="bbox 2422 1945 4003 2020">
    <p class='ocr_par' dir='ltr' id='par_1_48' title="bbox 2422 1945 4003 2020">
     <span class='ocr_line' id='line_1_48' title="bbox 2422 1945 4003 2020; baseline -0.002 -18"><span class='ocrx_word' id='word_1_322' title='bbox 2422 1951 2549 2014; x_wconf 77' lang='grc' dir='ltr'>τοὺς</span> <span class='ocrx_word' id='word_1_323' title='bbox 2582 1951 2679 2018; x_wconf 81' lang='grc' dir='ltr'><strong>τῆς</strong></span> <span class='ocrx_word' id='word_1_324' title='bbox 2710 1951 2887 2020; x_wconf 73' lang='grc' dir='ltr'>ψυχῆς</span> <span class='ocrx_word' id='word_1_325' title='bbox 2915 1951 3232 2020; x_wconf 75' lang='grc' dir='ltr'>ὀφθαλμοὺς</span> <span class='ocrx_word' id='word_1_326' title='bbox 3264 1950 3588 2014; x_wconf 80' lang='grc' dir='ltr'>ἁτενίζουσα</span> <span class='ocrx_word' id='word_1_327' title='bbox 3611 1991 3625 2016; x_wconf 91' lang='grc'><strong>,</strong></span> <span class='ocrx_word' id='word_1_328' title='bbox 3663 1945 3711 2018; x_wconf 84' lang='grc' dir='ltr'>ᾧ</span> <span class='ocrx_word' id='word_1_329' title='bbox 3745 1966 3807 2002; x_wconf 87' lang='grc' dir='ltr'><strong>τε</strong></span> <span class='ocrx_word' id='word_1_330' title='bbox 3844 1951 4003 2018; x_wconf 84' lang='grc' dir='ltr'>κοινῇ</span> 
     </span>
    </p>
   </div>
   <div class='ocr_carea' id='block_1_49' title="bbox 2423 2039 4008 2112">
    <p class='ocr_par' dir='ltr' id='par_1_49' title="bbox 2423 2039 4008 2112">
     <span class='ocr_line' id='line_1_49' title="bbox 2423 2039 4008 2112; baseline -0.001 -19"><span class='ocrx_word' id='word_1_331' title='bbox 2423 2041 2900 2110; x_wconf 83' lang='grc' dir='ltr'>πεπιστεύκαιμεν</span> <span class='ocrx_word' id='word_1_332' title='bbox 2925 2082 2937 2103; x_wconf 94' lang='grc'><strong>,</strong></span> <span class='ocrx_word' id='word_1_333' title='bbox 2971 2043 3066 2095; x_wconf 85' lang='grc' dir='ltr'><strong>καὶ</strong></span> <span class='ocrx_word' id='word_1_334' title='bbox 3093 2046 3227 2111; x_wconf 83' lang='grc' dir='ltr'>παρ’</span> <span class='ocrx_word' id='word_1_335' title='bbox 3262 2039 3321 2096; x_wconf 66' lang='grc' dir='ltr'>οὗ</span> <span class='ocrx_word' id='word_1_336' title='bbox 3365 2044 3630 2112; x_wconf 79' lang='grc' dir='ltr'><strong>μεγίστην</strong></span> <span class='ocrx_word' id='word_1_337' title='bbox 3663 2041 4008 2110; x_wconf 72' lang='grc' dir='ltr'>εὑρίσκομεν</span> 
     </span>
    </p>
   </div>
   <div class='ocr_carea' id='block_1_50' title="bbox 2421 2131 4006 2204">
    <p class='ocr_par' dir='ltr' id='par_1_50' title="bbox 2421 2131 4006 2204">
     <span class='ocr_line' id='line_1_50' title="bbox 2421 2131 4006 2204; baseline -0.001 -19"><span class='ocrx_word' id='word_1_338' title='bbox 2421 2134 2518 2202; x_wconf 75' lang='grc' dir='ltr'>τὴν</span> <span class='ocrx_word' id='word_1_339' title='bbox 2560 2132 2872 2203; x_wconf 80' lang='grc' dir='ltr'><strong>ἀντίληψιν.</strong></span> <span class='ocrx_word' id='word_1_340' title='bbox 2897 2134 2960 2186; x_wconf 78' lang='grc' dir='ltr'><strong>ΕΞ</strong></span> <span class='ocrx_word' id='word_1_341' title='bbox 2992 2135 3100 2203; x_wconf 84' lang='grc' dir='ltr'>γὰρ</span> <span class='ocrx_word' id='word_1_342' title='bbox 3129 2136 3290 2204; x_wconf 78' lang='grc' dir='ltr'>μόνον</span> <span class='ocrx_word' id='word_1_343' title='bbox 3321 2134 3412 2186; x_wconf 82' lang='grc' dir='ltr'>τοῦ</span> <span class='ocrx_word' id='word_1_344' title='bbox 3445 2133 3637 2195; x_wconf 80' lang='grc' dir='ltr'>ὓδατος</span> <span class='ocrx_word' id='word_1_345' title='bbox 3665 2131 3872 2185; x_wconf 84' lang='grc' dir='ltr'>τούτου</span> <span class='ocrx_word' id='word_1_346' title='bbox 3909 2132 4006 2186; x_wconf 80' lang='grc' dir='ltr'>τοῦ</span> 
     </span>
    </p>
   </div>
   <div class='ocr_carea' id='block_1_51' title="bbox 2422 2224 4006 2295">
    <p class='ocr_par' dir='ltr' id='par_1_51' title="bbox 2422 2224 4006 2295">
     <span class='ocr_line' id='line_1_51' title="bbox 2422 2224 4006 2295; baseline 0 -17"><span class='ocrx_word' id='word_1_347' title='bbox 2422 2224 2790 2295; x_wconf 79' lang='grc' dir='ltr'><strong>καχλάζοντος</strong></span> <span class='ocrx_word' id='word_1_348' title='bbox 2815 2225 3220 2294; x_wconf 77' lang='grc' dir='ltr'>παραψαύσεις,</span> <span class='ocrx_word' id='word_1_349' title='bbox 3253 2225 3455 2294; x_wconf 80' lang='grc' dir='ltr'>πολλῆς</span> <span class='ocrx_word' id='word_1_350' title='bbox 3479 2225 3722 2294; x_wconf 73' lang='grc' dir='ltr'>αἰσθήσῃ</span> <span class='ocrx_word' id='word_1_351' title='bbox 3742 2224 3850 2294; x_wconf 84' lang='grc' dir='ltr'>τῆς</span> <span class='ocrx_word' id='word_1_352' title='bbox 3873 2225 4006 2294; x_wconf 76' lang='grc' dir='ltr'>παρ’</span> 
     </span>
    </p>
   </div>
   <div class='ocr_carea' id='block_1_52' title="bbox 2422 2314 4008 2389">
    <p class='ocr_par' dir='ltr' id='par_1_52' title="bbox 2422 2314 4008 2389">
     <span class='ocr_line' id='line_1_52' title="bbox 2422 2314 4008 2389; baseline 0.001 -20"><span class='ocrx_word' id='word_1_353' title='bbox 2422 2319 2588 2371; x_wconf 77' lang='grc' dir='ltr'>αὑτοῦ</span> <span class='ocrx_word' id='word_1_354' title='bbox 2633 2317 2906 2387; x_wconf 83' lang='grc' dir='ltr'>βοηθείας,</span> <span class='ocrx_word' id='word_1_355' title='bbox 2938 2314 3006 2389; x_wconf 83' lang='grc' dir='ltr'>ἦς</span> <span class='ocrx_word' id='word_1_356' title='bbox 3043 2318 3157 2386; x_wconf 77' lang='grc' dir='ltr'><strong>ἐγὼ</strong></span> <span class='ocrx_word' id='word_1_357' title='bbox 3187 2318 3396 2385; x_wconf 83' lang='grc' dir='ltr'>μάρτυς</span> <span class='ocrx_word' id='word_1_358' title='bbox 3425 2319 3455 2371; x_wconf 84' lang='grc' dir='ltr'><strong>ό</strong></span> <span class='ocrx_word' id='word_1_359' title='bbox 3492 2318 3580 2380; x_wconf 81' lang='grc' dir='ltr'><strong>σὸς</strong></span> <span class='ocrx_word' id='word_1_360' title='bbox 3611 2317 3882 2386; x_wconf 75' lang='grc' dir='ltr'>ἁδελφὸς,</span> <span class='ocrx_word' id='word_1_361' title='bbox 3916 2317 4008 2371; x_wconf 78' lang='grc' dir='ltr'><strong>οὔ·</strong></span> 
     </span>
    </p>
   </div>
   <div class='ocr_carea' id='block_1_53' title="bbox 2421 2407 3637 2478">
    <p class='ocr_par' dir='ltr' id='par_1_53' title="bbox 2421 2407 3637 2478">
     <span class='ocr_line' id='line_1_53' title="bbox 2421 2407 3637 2478; baseline 0.002 -16"><span class='ocrx_word' id='word_1_362' title='bbox 2421 2426 2528 2471; x_wconf 88' lang='grc' dir='ltr'><strong>τως</strong></span> <span class='ocrx_word' id='word_1_363' title='bbox 2563 2407 2842 2478; x_wconf 72' lang='grc' dir='ltr'>ὁρώμενόν</span> <span class='ocrx_word' id='word_1_364' title='bbox 2871 2426 2953 2462; x_wconf 90' lang='grc' dir='ltr'><strong>σοι</strong></span> <span class='ocrx_word' id='word_1_365' title='bbox 2981 2409 3198 2476; x_wconf 77' lang='grc' dir='ltr'>ἀπαθὴς</span> <span class='ocrx_word' id='word_1_366' title='bbox 3227 2414 3320 2462; x_wconf 78' lang='grc' dir='ltr'>καὶ</span> <span class='ocrx_word' id='word_1_367' title='bbox 3351 2409 3637 2471; x_wconf 84' lang='grc' dir='ltr'>ἀνώδυνος.</span> 
     </span>
    </p>
   </div>
   <div class='ocr_carea' id='block_1_54' title="bbox 2495 2501 4007 2571">
    <p class='ocr_par' dir='ltr' id='par_1_54' title="bbox 2495 2501 4007 2571">
     <span class='ocr_line' id='line_1_54' title="bbox 2495 2501 4007 2571; baseline -0.001 -16"><span class='ocrx_word' id='word_1_368' title='bbox 2495 2503 2555 2555; x_wconf 84' lang='lat' dir='ltr'><strong>l’.</strong></span> <span class='ocrx_word' id='word_1_369' title='bbox 2599 2501 2823 2565; x_wconf 77' lang='grc' dir='ltr'>Τούτοις</span> <span class='ocrx_word' id='word_1_370' title='bbox 2871 2502 3166 2571; x_wconf 85' lang='grc' dir='ltr'>Εὑλαμπία</span> <span class='ocrx_word' id='word_1_371' title='bbox 3222 2503 3510 2556; x_wconf 80' lang='grc' dir='ltr'>πεισθεῖσα</span> <span class='ocrx_word' id='word_1_372' title='bbox 3538 2542 3553 2565; x_wconf 89' lang='grc'><strong>,</strong></span> <span class='ocrx_word' id='word_1_373' title='bbox 3591 2503 3689 2556; x_wconf 81' lang='grc' dir='ltr'>καὶ</span> <span class='ocrx_word' id='word_1_374' title='bbox 3738 2502 3842 2571; x_wconf 81' lang='grc' dir='ltr'>ὅλη</span> <span class='ocrx_word' id='word_1_375' title='bbox 3895 2502 4007 2554; x_wconf 83' lang='grc' dir='ltr'>τῶν</span> 
     </span>
    </p>
   </div>
   <div class='ocr_carea' id='block_1_55' title="bbox 2422 2592 4006 2662">
    <p class='ocr_par' dir='ltr' id='par_1_55' title="bbox 2422 2592 4006 2662">
     <span class='ocr_line' id='line_1_55' title="bbox 2422 2592 4006 2662; baseline -0.001 -16"><span class='ocrx_word' id='word_1_376' title='bbox 2422 2592 2591 2646; x_wconf 80' lang='grc' dir='ltr'>αὑτοῦ</span> <span class='ocrx_word' id='word_1_377' title='bbox 2633 2593 3020 2662; x_wconf 73' lang='grc' dir='ltr'>παραινέσεων</span> <span class='ocrx_word' id='word_1_378' title='bbox 3061 2600 3331 2662; x_wconf 78' lang='grc' dir='ltr'>γενομένη</span> <span class='ocrx_word' id='word_1_379' title='bbox 3357 2633 3374 2659; x_wconf 91' lang='grc'><strong>,</strong></span> <span class='ocrx_word' id='word_1_380' title='bbox 3434 2592 3734 2662; x_wconf 82' lang='grc' dir='ltr'>προθύμως</span> <span class='ocrx_word' id='word_1_381' title='bbox 3797 2595 4006 2646; x_wconf 78' lang='grc' dir='ltr'>αὐτίκα</span> 
     </span>
    </p>
   </div>
   <div class='ocr_carea' id='block_1_56' title="bbox 2423 2681 4006 2756">
    <p class='ocr_par' dir='ltr' id='par_1_56' title="bbox 2423 2681 4006 2756">
     <span class='ocr_line' id='line_1_56' title="bbox 2423 2681 4006 2756; baseline -0.001 -19"><span class='ocrx_word' id='word_1_382' title='bbox 2423 2686 2518 2737; x_wconf 82' lang='grc' dir='ltr'><strong>καὶ</strong></span> <span class='ocrx_word' id='word_1_383' title='bbox 2547 2688 2812 2752; x_wconf 85' lang='grc' dir='ltr'>γενναίως</span> <span class='ocrx_word' id='word_1_384' title='bbox 2837 2686 3011 2756; x_wconf 77' lang='grc' dir='ltr'>εἰσῄει</span> <span class='ocrx_word' id='word_1_385' title='bbox 3044 2687 3134 2738; x_wconf 82' lang='grc' dir='ltr'><strong>τὸν</strong></span> <span class='ocrx_word' id='word_1_386' title='bbox 3166 2686 3366 2752; x_wconf 76' lang='grc' dir='ltr'>λέϐητα</span> <span class='ocrx_word' id='word_1_387' title='bbox 3388 2724 3402 2748; x_wconf 94' lang='grc'><strong>,</strong></span> <span class='ocrx_word' id='word_1_388' title='bbox 3437 2681 3554 2736; x_wconf 74' lang='grc' dir='ltr'>εἶτα</span> <span class='ocrx_word' id='word_1_389' title='bbox 3594 2689 3689 2736; x_wconf 85' lang='grc' dir='ltr'>καὶ</span> <span class='ocrx_word' id='word_1_390' title='bbox 3718 2689 3882 2753; x_wconf 73' lang='grc' dir='ltr'>κοινῇ</span> <span class='ocrx_word' id='word_1_391' title='bbox 3927 2685 4006 2754; x_wconf 80' lang='grc' dir='ltr'>τῷ</span> 
     </span>
    </p>
   </div>
   <div class='ocr_carea' id='block_1_57' title="bbox 2424 2775 4007 2846">
    <p class='ocr_par' dir='ltr' id='par_1_57' title="bbox 2424 2775 4007 2846">
     <span class='ocr_line' id='line_1_57' title="bbox 2424 2775 4007 2846; baseline -0.005 -18"><span class='ocrx_word' id='word_1_392' title='bbox 2424 2776 2706 2843; x_wconf 87' lang='grc' dir='ltr'>πνεύματι</span> <span class='ocrx_word' id='word_1_393' title='bbox 2738 2776 3232 2844; x_wconf 85' lang='grc' dir='ltr'>ἁγαλλιασάμενοι,</span> <span class='ocrx_word' id='word_1_394' title='bbox 3279 2775 3380 2845; x_wconf 82' lang='grc' dir='ltr'>τὴν</span> <span class='ocrx_word' id='word_1_395' title='bbox 3422 2776 3695 2846; x_wconf 80' lang='grc' dir='ltr'>τιμωρίαν</span> <span class='ocrx_word' id='word_1_396' title='bbox 3751 2777 3877 2845; x_wconf 79' lang='grc' dir='ltr'>μετ’</span> <span class='ocrx_word' id='word_1_397' title='bbox 3918 2778 4007 2830; x_wconf 66' lang='grc' dir='ltr'><strong>εὖ.</strong></span> 
     </span>
    </p>
   </div>
   <div class='ocr_carea' id='block_1_58' title="bbox 2427 2866 4003 2938">
    <p class='ocr_par' dir='ltr' id='par_1_58' title="bbox 2427 2866 4003 2938">
     <span class='ocr_line' id='line_1_58' title="bbox 2427 2866 4003 2938; baseline 0.004 -22"><span class='ocrx_word' id='word_1_398' title='bbox 2427 2866 2703 2934; x_wconf 83' lang='grc' dir='ltr'>φροσύνης</span> <span class='ocrx_word' id='word_1_399' title='bbox 2766 2866 3034 2936; x_wconf 72' lang='grc' dir='ltr'>ἐδέχοντο,</span> <span class='ocrx_word' id='word_1_400' title='bbox 3093 2870 3190 2919; x_wconf 77' lang='grc' dir='ltr'><strong>καὶ</strong></span> <span class='ocrx_word' id='word_1_401' title='bbox 3241 2867 3450 2937; x_wconf 69' lang='grc' dir='ltr'>ψυχρὸς</span> <span class='ocrx_word' id='word_1_402' title='bbox 3507 2868 3714 2930; x_wconf 79' lang='grc' dir='ltr'>εὐθέως</span> <span class='ocrx_word' id='word_1_403' title='bbox 3753 2870 3783 2920; x_wconf 80' lang='grc' dir='ltr'>ὁ</span> <span class='ocrx_word' id='word_1_404' title='bbox 3841 2869 4003 2938; x_wconf 73' lang='grc' dir='ltr'>λέϐης</span> 
     </span>
    </p>
   </div>
   <div class='ocr_carea' id='block_1_59' title="bbox 2424 2958 4004 3030">
    <p class='ocr_par' dir='ltr' id='par_1_59' title="bbox 2424 2958 4004 3030">
     <span class='ocr_line' id='line_1_59' title="bbox 2424 2958 4004 3030; baseline 0 -20"><span class='ocrx_word' id='word_1_405' title='bbox 2424 2958 2722 3023; x_wconf 69' lang='grc' dir='ltr'>ἐδείκνυτο,</span> <span class='ocrx_word' id='word_1_406' title='bbox 2763 2963 2857 3013; x_wconf 72' lang='grc' dir='ltr'><strong>καὶ</strong></span> <span class='ocrx_word' id='word_1_407' title='bbox 2885 2961 3117 3023; x_wconf 82' lang='grc' dir='ltr'>ἀπαθεῖς</span> <span class='ocrx_word' id='word_1_408' title='bbox 3147 2962 3333 3013; x_wconf 83' lang='grc' dir='ltr'>κακῶν</span> <span class='ocrx_word' id='word_1_409' title='bbox 3362 2964 3577 3030; x_wconf 80' lang='grc' dir='ltr'>συνεῖχε</span> <span class='ocrx_word' id='word_1_410' title='bbox 3610 2963 3741 3022; x_wconf 84' lang='grc' dir='ltr'>τοὺς</span> <span class='ocrx_word' id='word_1_411' title='bbox 3787 2961 4004 3030; x_wconf 81' lang='grc' dir='ltr'>μάρτυ-</span> 
     </span>
    </p>
   </div>
   <div class='ocr_carea' id='block_1_60' title="bbox 2427 3051 4002 3122">
    <p class='ocr_par' dir='ltr' id='par_1_60' title="bbox 2427 3051 4002 3122">
     <span class='ocr_line' id='line_1_60' title="bbox 2427 3051 4002 3122; baseline -0.002 -18"><span class='ocrx_word' id='word_1_412' title='bbox 2427 3067 2549 3119; x_wconf 78' lang='grc' dir='ltr'>ρας.</span> <span class='ocrx_word' id='word_1_413' title='bbox 2591 3052 2700 3104; x_wconf 72' lang='grc' dir='ltr'><strong>Καὶ</strong></span> <span class='ocrx_word' id='word_1_414' title='bbox 2729 3053 2792 3104; x_wconf 83' lang='grc' dir='ltr'><strong>οὐ</strong></span> <span class='ocrx_word' id='word_1_415' title='bbox 2831 3055 2991 3122; x_wconf 83' lang='grc' dir='ltr'>μέχρι</span> <span class='ocrx_word' id='word_1_416' title='bbox 3023 3052 3214 3105; x_wconf 84' lang='grc' dir='ltr'>τούτου</span> <span class='ocrx_word' id='word_1_417' title='bbox 3238 3054 3300 3104; x_wconf 73' lang='grc' dir='ltr'><strong>το</strong></span> <span class='ocrx_word' id='word_1_418' title='bbox 3326 3053 3627 3116; x_wconf 75' lang='grc' dir='ltr'>παράδοξον</span> <span class='ocrx_word' id='word_1_419' title='bbox 3661 3053 3825 3118; x_wconf 72' lang='grc' dir='ltr'>ἔστη,</span> <span class='ocrx_word' id='word_1_420' title='bbox 3869 3051 4002 3102; x_wconf 76' lang='grc' dir='ltr'>ἀλλὰ</span> 
     </span>
    </p>
   </div>
   <div class='ocr_carea' id='block_1_61' title="bbox 3355 1679 4009 1746">
    <p class='ocr_par' dir='ltr' id='par_1_61' title="bbox 3355 1679 4009 1746">
     <span class='ocr_line' id='line_1_61' title="bbox 3355 1679 4009 1746; baseline 0 -16"><span class='ocrx_word' id='word_1_421' title='bbox 3355 1680 3447 1730; x_wconf 75' lang='grc' dir='ltr'><strong>καὶ</strong></span> <span class='ocrx_word' id='word_1_422' title='bbox 3481 1679 3612 1729; x_wconf 76' lang='grc' dir='ltr'>εἴσω</span> <span class='ocrx_word' id='word_1_423' title='bbox 3640 1679 3742 1730; x_wconf 86' lang='grc' dir='ltr'>τοῦ</span> <span class='ocrx_word' id='word_1_424' title='bbox 3771 1679 4009 1746; x_wconf 72' lang='grc' dir='ltr'>λὲὄητος</span> 
     </span>
    </p>
   </div>
   <div class='ocr_carea' id='block_1_62' title="bbox 747 3136 2323 3217">
    <p class='ocr_par' dir='ltr' id='par_1_62' title="bbox 747 3136 2319 3205">
     <span class='ocr_line' id='line_1_62' title="bbox 747 3136 2319 3205; baseline 0.004 -16"><span class='ocrx_word' id='word_1_425' title='bbox 747 3137 836 3203; x_wconf 90' lang='lat' dir='ltr'><strong>qui</strong></span> <span class='ocrx_word' id='word_1_426' title='bbox 869 3137 1314 3202; x_wconf 81' lang='lat' dir='ltr'><strong>circumstabant,</strong></span> <span class='ocrx_word' id='word_1_427' title='bbox 1349 3136 1561 3190; x_wconf 82' lang='lat' dir='ltr'><strong>induxit</strong></span> <span class='ocrx_word' id='word_1_428' title='bbox 1607 3136 1676 3190; x_wconf 92' lang='lat' dir='ltr'><strong>ad</strong></span> <span class='ocrx_word' id='word_1_429' title='bbox 1715 3137 1993 3205; x_wconf 89' lang='lat' dir='ltr'><strong>pietatem.</strong></span> <span class='ocrx_word' id='word_1_430' title='bbox 2023 3139 2190 3196; x_wconf 90' lang='lat' dir='ltr'><strong>Porro</strong></span> <span class='ocrx_word' id='word_1_431' title='bbox 2223 3159 2319 3196; x_wconf 90' lang='lat' dir='ltr'><strong>au-</strong></span> 
     </span>
    </p>
   </div>
   <div class='ocr_carea' id='block_1_63' title="bbox 2424 3136 4002 3217">
    <p class='ocr_par' dir='ltr' id='par_1_63' title="bbox 2424 3142 4002 3212">
     <span class='ocr_line' id='line_1_63' title="bbox 2424 3142 4002 3212; baseline 0 -18"><span class='ocrx_word' id='word_1_432' title='bbox 2424 3144 2520 3194; x_wconf 81' lang='grc' dir='ltr'>καὶ</span> <span class='ocrx_word' id='word_1_433' title='bbox 2547 3142 2655 3194; x_wconf 81' lang='grc' dir='ltr'>τῶν</span> <span class='ocrx_word' id='word_1_434' title='bbox 2692 3143 3137 3212; x_wconf 82' lang='grc' dir='ltr'>περιεστηκότων</span> <span class='ocrx_word' id='word_1_435' title='bbox 3167 3144 3268 3194; x_wconf 77' lang='grc' dir='ltr'><strong>οὐκ</strong></span> <span class='ocrx_word' id='word_1_436' title='bbox 3300 3143 3511 3207; x_wconf 74' lang='grc' dir='ltr'>ὀλίγους</span> <span class='ocrx_word' id='word_1_437' title='bbox 3554 3142 3690 3210; x_wconf 66' lang='grc' dir='ltr'>πρὸς</span> <span class='ocrx_word' id='word_1_438' title='bbox 3715 3142 4002 3194; x_wconf 72' lang='grc' dir='ltr'>εὐσέϐειαν</span> 
     </span>
    </p>
   </div>
   <div class='ocr_carea' id='block_1_64' title="bbox 750 3228 2322 3299">
    <p class='ocr_par' dir='ltr' id='par_1_64' title="bbox 750 3228 2322 3299">
     <span class='ocr_line' id='line_1_64' title="bbox 750 3228 2322 3299; baseline 0.004 -20"><span class='ocrx_word' id='word_1_439' title='bbox 750 3237 856 3279; x_wconf 89' lang='lat' dir='ltr'><strong>tem</strong></span> <span class='ocrx_word' id='word_1_440' title='bbox 889 3228 1063 3294; x_wconf 89' lang='lat' dir='ltr'><strong>ipsum</strong></span> <span class='ocrx_word' id='word_1_441' title='bbox 1097 3243 1310 3294; x_wconf 87' lang='lat' dir='ltr'><strong>quoque</strong></span> <span class='ocrx_word' id='word_1_442' title='bbox 1348 3237 1658 3295; x_wconf 80' lang='lat' dir='ltr'><strong>tyrannum,</strong></span> <span class='ocrx_word' id='word_1_443' title='bbox 1687 3229 1785 3282; x_wconf 90' lang='lat' dir='ltr'><strong>etsi</strong></span> <span class='ocrx_word' id='word_1_444' title='bbox 1837 3245 1943 3283; x_wconf 90' lang='lat' dir='ltr'><strong>non</strong></span> <span class='ocrx_word' id='word_1_445' title='bbox 1992 3247 2126 3299; x_wconf 89' lang='lat' dir='ltr'><strong>pure</strong></span> <span class='ocrx_word' id='word_1_446' title='bbox 2163 3235 2322 3286; x_wconf 78' lang='lat' dir='ltr'><strong>traxit</strong></span> 
     </span>
    </p>
   </div>
   <div class='ocr_carea' id='block_1_65' title="bbox 744 3315 2323 3388">
    <p class='ocr_par' dir='ltr' id='par_1_65' title="bbox 744 3315 2323 3388">
     <span class='ocr_line' id='line_1_65' title="bbox 744 3315 2323 3388; baseline 0.001 -18"><span class='ocrx_word' id='word_1_447' title='bbox 744 3315 816 3370; x_wconf 82' lang='lat' dir='ltr'><strong>ad</strong></span> <span class='ocrx_word' id='word_1_448' title='bbox 851 3331 1038 3368; x_wconf 80' lang='lat' dir='ltr'><strong>verum</strong></span> <span class='ocrx_word' id='word_1_449' title='bbox 1077 3317 1168 3368; x_wconf 87' lang='lat' dir='ltr'><strong>Dei</strong></span> <span class='ocrx_word' id='word_1_450' title='bbox 1193 3317 1419 3382; x_wconf 88' lang='lat' dir='ltr'><strong>cultum,</strong></span> <span class='ocrx_word' id='word_1_451' title='bbox 1449 3316 1589 3370; x_wconf 87' lang='lat' dir='ltr'><strong>illius</strong></span> <span class='ocrx_word' id='word_1_452' title='bbox 1620 3327 1802 3372; x_wconf 82' lang='lat' dir='ltr'><strong>tamen</strong></span> <span class='ocrx_word' id='word_1_453' title='bbox 1839 3320 2086 3373; x_wconf 81' lang='lat' dir='ltr'><strong>labefecit</strong></span> <span class='ocrx_word' id='word_1_454' title='bbox 2121 3322 2323 3388; x_wconf 86' lang='lat' dir='ltr'><strong>cogita-</strong></span> 
     </span>
    </p>
   </div>
   <div class='ocr_carea' id='block_1_66' title="bbox 751 3408 2322 3481">
    <p class='ocr_par' dir='ltr' id='par_1_66' title="bbox 751 3408 2322 3481">
     <span class='ocr_line' id='line_1_66' title="bbox 751 3408 2322 3481; baseline 0.003 -20"><span class='ocrx_word' id='word_1_455' title='bbox 751 3411 974 3471; x_wconf 92' lang='lat' dir='ltr'><strong>tionem,</strong></span> <span class='ocrx_word' id='word_1_456' title='bbox 1004 3416 1058 3464; x_wconf 85' lang='lat' dir='ltr'><strong>et</strong></span> <span class='ocrx_word' id='word_1_457' title='bbox 1087 3408 1214 3461; x_wconf 87' lang='lat' dir='ltr'><strong>fecit</strong></span> <span class='ocrx_word' id='word_1_458' title='bbox 1247 3409 1496 3462; x_wconf 89' lang='lat' dir='ltr'><strong>dubitare</strong></span> <span class='ocrx_word' id='word_1_459' title='bbox 1529 3410 1596 3462; x_wconf 90' lang='lat' dir='ltr'><strong>de</strong></span> <span class='ocrx_word' id='word_1_460' title='bbox 1628 3423 1723 3460; x_wconf 87' lang='lat' dir='ltr'><strong>sua</strong></span> <span class='ocrx_word' id='word_1_461' title='bbox 1757 3409 2034 3476; x_wconf 80' lang='lat' dir='ltr'><strong>religione.</strong></span> <span class='ocrx_word' id='word_1_462' title='bbox 2068 3408 2322 3481; x_wconf 64' lang='lat' dir='ltr'><strong>Ethiops</strong></span> 
     </span>
    </p>
   </div>
   <div class='ocr_carea' id='block_1_67' title="bbox 750 3496 2322 3570">
    <p class='ocr_par' dir='ltr' id='par_1_67' title="bbox 750 3496 2322 3570">
     <span class='ocr_line' id='line_1_67' title="bbox 750 3496 2322 3570; baseline 0.004 -20"><span class='ocrx_word' id='word_1_463' title='bbox 750 3508 931 3551; x_wconf 86' lang='lat' dir='ltr'><strong>tamen</strong></span> <span class='ocrx_word' id='word_1_464' title='bbox 975 3513 1084 3550; x_wconf 92' lang='lat' dir='ltr'><strong>non</strong></span> <span class='ocrx_word' id='word_1_465' title='bbox 1136 3499 1235 3550; x_wconf 89' lang='lat' dir='ltr'><strong>fuit</strong></span> <span class='ocrx_word' id='word_1_466' title='bbox 1276 3496 1572 3560; x_wconf 82' lang='lat' dir='ltr'><strong>deatbatus,</strong></span> <span class='ocrx_word' id='word_1_467' title='bbox 1604 3505 1658 3551; x_wconf 91' lang='lat' dir='ltr'><strong>et</strong></span> <span class='ocrx_word' id='word_1_468' title='bbox 1690 3512 1888 3552; x_wconf 91' lang='lat' dir='ltr'><strong>cancer</strong></span> <span class='ocrx_word' id='word_1_469' title='bbox 1935 3510 2082 3553; x_wconf 92' lang='lat' dir='ltr'><strong>recte</strong></span> <span class='ocrx_word' id='word_1_470' title='bbox 2113 3501 2322 3570; x_wconf 78' lang='lat' dir='ltr'><strong>ingredi</strong></span> 
     </span>
    </p>
   </div>
   <div class='ocr_carea' id='block_1_68' title="bbox 751 3587 2320 3658">
    <p class='ocr_par' dir='ltr' id='par_1_68' title="bbox 751 3587 2320 3658">
     <span class='ocr_line' id='line_1_68' title="bbox 751 3587 2320 3658; baseline 0.003 -18"><span class='ocrx_word' id='word_1_471' title='bbox 751 3602 861 3642; x_wconf 84' lang='lat' dir='ltr'><strong>non</strong></span> <span class='ocrx_word' id='word_1_472' title='bbox 913 3587 1120 3642; x_wconf 88' lang='lat' dir='ltr'><strong>didicit.</strong></span> <span class='ocrx_word' id='word_1_473' title='bbox 1149 3590 1279 3642; x_wconf 79' lang='lat' dir='ltr'><strong>Cum</strong></span> <span class='ocrx_word' id='word_1_474' title='bbox 1335 3589 1476 3642; x_wconf 89' lang='lat' dir='ltr'><strong>enim</strong></span> <span class='ocrx_word' id='word_1_475' title='bbox 1512 3595 1796 3644; x_wconf 81' lang='lat' dir='ltr'><strong>vincerent</strong></span> <span class='ocrx_word' id='word_1_476' title='bbox 1827 3592 2046 3658; x_wconf 88' lang='lat' dir='ltr'><strong>quidem</strong></span> <span class='ocrx_word' id='word_1_477' title='bbox 2082 3591 2320 3654; x_wconf 68' lang='lat' dir='ltr'><strong>athletae,</strong></span> 
     </span>
    </p>
   </div>
   <div class='ocr_carea' id='block_1_69' title="bbox 752 3681 2324 3746">
    <p class='ocr_par' dir='ltr' id='par_1_69' title="bbox 752 3681 2324 3746">
     <span class='ocr_line' id='line_1_69' title="bbox 752 3681 2324 3746; baseline 0.003 -14"><span class='ocrx_word' id='word_1_478' title='bbox 752 3681 1065 3734; x_wconf 76' lang='lat' dir='ltr'><strong>vinceretur</strong></span> <span class='ocrx_word' id='word_1_479' title='bbox 1099 3692 1275 3734; x_wconf 89' lang='lat' dir='ltr'><strong>autem</strong></span> <span class='ocrx_word' id='word_1_480' title='bbox 1310 3682 1531 3746; x_wconf 89' lang='lat' dir='ltr'><strong>impius.</strong></span> <span class='ocrx_word' id='word_1_481' title='bbox 1568 3695 1662 3732; x_wconf 91' lang='lat' dir='ltr'><strong>eos</strong></span> <span class='ocrx_word' id='word_1_482' title='bbox 1686 3695 1715 3731; x_wconf 89' lang='lat' dir='ltr'><strong>a</strong></span> <span class='ocrx_word' id='word_1_483' title='bbox 1745 3694 1801 3732; x_wconf 87' lang='lat' dir='ltr'><strong>se</strong></span> <span class='ocrx_word' id='word_1_484' title='bbox 1832 3681 2062 3733; x_wconf 83' lang='lat' dir='ltr'><strong>invicem</strong></span> <span class='ocrx_word' id='word_1_485' title='bbox 2085 3691 2140 3734; x_wconf 89' lang='lat' dir='ltr'><strong>et</strong></span> <span class='ocrx_word' id='word_1_486' title='bbox 2167 3697 2195 3734; x_wconf 89' lang='lat' dir='ltr'><strong>a</strong></span> <span class='ocrx_word' id='word_1_487' title='bbox 2219 3683 2324 3737; x_wconf 87' lang='lat' dir='ltr'><strong>fide</strong></span> 
     </span>
    </p>
   </div>
   <div class='ocr_carea' id='block_1_70' title="bbox 753 3771 2322 3836">
    <p class='ocr_par' dir='ltr' id='par_1_70' title="bbox 753 3771 2322 3836">
     <span class='ocr_line' id='line_1_70' title="bbox 753 3771 2322 3836; baseline 0.005 -14"><span class='ocrx_word' id='word_1_488' title='bbox 753 3772 810 3824; x_wconf 91' lang='lat' dir='ltr'><strong>in</strong></span> <span class='ocrx_word' id='word_1_489' title='bbox 845 3771 1119 3824; x_wconf 84' lang='lat' dir='ltr'><strong>Christum</strong></span> <span class='ocrx_word' id='word_1_490' title='bbox 1145 3787 1254 3823; x_wconf 90' lang='lat' dir='ltr'><strong>non</strong></span> <span class='ocrx_word' id='word_1_491' title='bbox 1289 3772 1474 3829; x_wconf 69' lang='lat' dir='ltr'><strong>valens</strong></span> <span class='ocrx_word' id='word_1_492' title='bbox 1504 3771 1828 3836; x_wconf 78' lang='lat' dir='ltr'><strong>distrahere,</strong></span> <span class='ocrx_word' id='word_1_493' title='bbox 1864 3774 2004 3828; x_wconf 87' lang='lat' dir='ltr'><strong>redit</strong></span> <span class='ocrx_word' id='word_1_494' title='bbox 2041 3792 2226 3830; x_wconf 85' lang='lat' dir='ltr'><strong>rursus</strong></span> <span class='ocrx_word' id='word_1_495' title='bbox 2255 3776 2322 3830; x_wconf 89' lang='lat' dir='ltr'><strong>ad</strong></span> 
     </span>
    </p>
   </div>
   <div class='ocr_carea' id='block_1_71' title="bbox 750 3866 2325 3938">
    <p class='ocr_par' dir='ltr' id='par_1_71' title="bbox 750 3866 2325 3938">
     <span class='ocr_line' id='line_1_71' title="bbox 750 3866 2325 3938; baseline 0.003 -22"><span class='ocrx_word' id='word_1_496' title='bbox 750 3871 1036 3925; x_wconf 88' lang='lat' dir='ltr'><strong>consueta,</strong></span> <span class='ocrx_word' id='word_1_497' title='bbox 1076 3872 1125 3916; x_wconf 91' lang='lat' dir='ltr'><strong>et</strong></span> <span class='ocrx_word' id='word_1_498' title='bbox 1160 3874 1401 3916; x_wconf 90' lang='lat' dir='ltr'><strong>armatur</strong></span> <span class='ocrx_word' id='word_1_499' title='bbox 1430 3866 1609 3916; x_wconf 87' lang='lat' dir='ltr'><strong>denuo</strong></span> <span class='ocrx_word' id='word_1_500' title='bbox 1638 3866 1899 3918; x_wconf 78' lang='lat' dir='ltr'><strong>adversus</strong></span> <span class='ocrx_word' id='word_1_501' title='bbox 1923 3867 2096 3918; x_wconf 88' lang='lat' dir='ltr'><strong>solum</strong></span> <span class='ocrx_word' id='word_1_502' title='bbox 2129 3879 2325 3938; x_wconf 81' lang='lat' dir='ltr'><strong>marty-</strong></span> 
     </span>
    </p>
   </div>
   <div class='ocr_carea' id='block_1_72' title="bbox 751 3955 2324 4030">
    <p class='ocr_par' dir='ltr' id='par_1_72' title="bbox 751 3955 2324 4030">
     <span class='ocr_line' id='line_1_72' title="bbox 751 3955 2324 4030; baseline 0.005 -24"><span class='ocrx_word' id='word_1_503' title='bbox 751 3969 888 4016; x_wconf 85' lang='lat' dir='ltr'><strong>rem,</strong></span> <span class='ocrx_word' id='word_1_504' title='bbox 931 3965 982 4006; x_wconf 88' lang='lat' dir='ltr'><strong>et</strong></span> <span class='ocrx_word' id='word_1_505' title='bbox 1009 3955 1166 4022; x_wconf 83' lang='lat' dir='ltr'><strong>jubet</strong></span> <span class='ocrx_word' id='word_1_506' title='bbox 1205 3956 1253 4006; x_wconf 90' lang='lat' dir='ltr'><strong>ei</strong></span> <span class='ocrx_word' id='word_1_507' title='bbox 1291 3955 1532 4008; x_wconf 74' lang='lat' dir='ltr'><strong>exscindi</strong></span> <span class='ocrx_word' id='word_1_508' title='bbox 1566 3956 1799 4025; x_wconf 90' lang='lat' dir='ltr'><strong>pupillas</strong></span> <span class='ocrx_word' id='word_1_509' title='bbox 1841 3961 2120 4013; x_wconf 91' lang='lat' dir='ltr'><strong>oculorum</strong></span> <span class='ocrx_word' id='word_1_510' title='bbox 2157 3961 2203 4014; x_wconf 91' lang='lat' dir='ltr'><strong>is</strong></span> <span class='ocrx_word' id='word_1_511' title='bbox 2232 3963 2324 4030; x_wconf 89' lang='lat' dir='ltr'><strong>qui</strong></span> 
     </span>
    </p>
   </div>
   <div class='ocr_carea' id='block_1_73' title="bbox 749 4045 2325 4119">
    <p class='ocr_par' dir='ltr' id='par_1_73' title="bbox 749 4045 2325 4119">
     <span class='ocr_line' id='line_1_73' title="bbox 749 4045 2325 4119; baseline 0.005 -21"><span class='ocrx_word' id='word_1_512' title='bbox 749 4048 929 4098; x_wconf 89' lang='lat' dir='ltr'><strong>cordis</strong></span> <span class='ocrx_word' id='word_1_513' title='bbox 971 4045 1286 4099; x_wconf 72' lang='lat' dir='ltr'><strong>caecutiebat</strong></span> <span class='ocrx_word' id='word_1_514' title='bbox 1333 4047 1526 4110; x_wconf 82' lang='lat' dir='ltr'><strong>Oculis,</strong></span> <span class='ocrx_word' id='word_1_515' title='bbox 1554 4059 1606 4099; x_wconf 91' lang='lat' dir='ltr'><strong>et</strong></span> <span class='ocrx_word' id='word_1_516' title='bbox 1653 4048 1800 4100; x_wconf 87' lang='lat' dir='ltr'><strong>illum</strong></span> <span class='ocrx_word' id='word_1_517' title='bbox 1862 4051 2029 4119; x_wconf 84' lang='lat' dir='ltr'><strong>magis</strong></span> <span class='ocrx_word' id='word_1_518' title='bbox 2079 4054 2325 4106; x_wconf 85' lang='lat' dir='ltr'><strong>cruciare</strong></span> 
     </span>
    </p>
   </div>
   <div class='ocr_carea' id='block_1_74' title="bbox 752 4137 2327 4211">
    <p class='ocr_par' dir='ltr' id='par_1_74' title="bbox 752 4137 2327 4211">
     <span class='ocr_line' id='line_1_74' title="bbox 752 4137 2327 4211; baseline 0.008 -24"><span class='ocrx_word' id='word_1_519' title='bbox 752 4151 1072 4205; x_wconf 84' lang='lat' dir='ltr'><strong>procurans,</strong></span> <span class='ocrx_word' id='word_1_520' title='bbox 1109 4146 1164 4190; x_wconf 90' lang='lat' dir='ltr'><strong>et</strong></span> <span class='ocrx_word' id='word_1_521' title='bbox 1201 4137 1539 4200; x_wconf 87' lang='lat' dir='ltr'><strong>machinans,</strong></span> <span class='ocrx_word' id='word_1_522' title='bbox 1574 4148 1632 4190; x_wconf 94' lang='lat' dir='ltr'><strong>ut</strong></span> <span class='ocrx_word' id='word_1_523' title='bbox 1668 4137 1788 4205; x_wconf 88' lang='lat' dir='ltr'><strong>ejus</strong></span> <span class='ocrx_word' id='word_1_524' title='bbox 1835 4141 2040 4196; x_wconf 90' lang='lat' dir='ltr'><strong>sororis</strong></span> <span class='ocrx_word' id='word_1_525' title='bbox 2080 4158 2178 4211; x_wconf 86' lang='lat' dir='ltr'><strong>per</strong></span> <span class='ocrx_word' id='word_1_526' title='bbox 2227 4144 2327 4200; x_wconf 91' lang='lat' dir='ltr'><strong>hoc</strong></span> 
     </span>
    </p>
   </div>
   <div class='ocr_carea' id='block_1_75' title="bbox 752 4225 2327 4300">
    <p class='ocr_par' dir='ltr' id='par_1_75' title="bbox 752 4225 2327 4300">
     <span class='ocr_line' id='line_1_75' title="bbox 752 4225 2327 4300; baseline 0.008 -21"><span class='ocrx_word' id='word_1_527' title='bbox 752 4229 1098 4296; x_wconf 77' lang='lat' dir='ltr'><strong>frangeretur</strong></span> <span class='ocrx_word' id='word_1_528' title='bbox 1144 4225 1387 4279; x_wconf 84' lang='lat' dir='ltr'><strong>audacia.</strong></span> <span class='ocrx_word' id='word_1_529' title='bbox 1425 4225 1530 4281; x_wconf 89' lang='lat' dir='ltr'><strong>Sed</strong></span> <span class='ocrx_word' id='word_1_530' title='bbox 1583 4228 1636 4280; x_wconf 93' lang='lat' dir='ltr'><strong>in</strong></span> <span class='ocrx_word' id='word_1_531' title='bbox 1671 4227 1774 4282; x_wconf 88' lang='lat' dir='ltr'><strong>hoc</strong></span> <span class='ocrx_word' id='word_1_532' title='bbox 1813 4247 2030 4300; x_wconf 89' lang='lat' dir='ltr'><strong>quoque</strong></span> <span class='ocrx_word' id='word_1_533' title='bbox 2061 4235 2163 4288; x_wconf 90' lang='lat' dir='ltr'><strong>fuit</strong></span> <span class='ocrx_word' id='word_1_534' title='bbox 2197 4251 2327 4290; x_wconf 92' lang='lat' dir='ltr'><strong>con—</strong></span> 
     </span>
    </p>
   </div>
   <div class='ocr_carea' id='block_1_76' title="bbox 753 4318 2325 4382">
    <p class='ocr_par' dir='ltr' id='par_1_76' title="bbox 753 4318 2325 4382">
     <span class='ocr_line' id='line_1_76' title="bbox 753 4318 2325 4382; baseline 0.008 -14"><span class='ocrx_word' id='word_1_535' title='bbox 753 4318 931 4371; x_wconf 76' lang='lat' dir='ltr'><strong>victus</strong></span> <span class='ocrx_word' id='word_1_536' title='bbox 997 4331 1130 4371; x_wconf 82' lang='lat' dir='ltr'><strong>vana</strong></span> <span class='ocrx_word' id='word_1_537' title='bbox 1203 4327 1257 4372; x_wconf 89' lang='lat' dir='ltr'><strong>et</strong></span> <span class='ocrx_word' id='word_1_538' title='bbox 1319 4319 1499 4372; x_wconf 87' lang='lat' dir='ltr'><strong>inania</strong></span> <span class='ocrx_word' id='word_1_539' title='bbox 1554 4319 1736 4372; x_wconf 88' lang='lat' dir='ltr'><strong>moliri</strong></span> <span class='ocrx_word' id='word_1_540' title='bbox 1796 4322 2060 4378; x_wconf 86' lang='lat' dir='ltr'><strong>adversus</strong></span> <span class='ocrx_word' id='word_1_541' title='bbox 2121 4328 2325 4382; x_wconf 86' lang='lat' dir='ltr'><strong>Christi</strong></span> 
     </span>
    </p>
   </div>
   <div class='ocr_carea' id='block_1_77' title="bbox 753 4425 966 4464">
    <p class='ocr_par' dir='ltr' id='par_1_77' title="bbox 753 4425 966 4464">
     <span class='ocr_line' id='line_1_77' title="bbox 753 4425 966 4464; baseline 0 -1"><span class='ocrx_word' id='word_1_542' title='bbox 753 4425 966 4464; x_wconf 74' lang='lat' dir='ltr'><strong>servos.</strong></span> 
     </span>
    </p>
   </div>
   <div class='ocr_carea' id='block_1_78' title="bbox 2428 3231 4000 3303">
    <p class='ocr_par' dir='ltr' id='par_1_78' title="bbox 2428 3231 4000 3303">
     <span class='ocr_line' id='line_1_78' title="bbox 2428 3231 4000 3303; baseline 0.001 -19"><span class='ocrx_word' id='word_1_543' title='bbox 2428 3233 2774 3299; x_wconf 83' lang='grc' dir='ltr'>ὑπηγάγετο,</span> <span class='ocrx_word' id='word_1_544' title='bbox 2808 3232 2904 3283; x_wconf 74' lang='grc' dir='ltr'><strong>καὶ</strong></span> <span class='ocrx_word' id='word_1_545' title='bbox 2947 3231 3113 3283; x_wconf 81' lang='grc' dir='ltr'>αὑτὸν</span> <span class='ocrx_word' id='word_1_546' title='bbox 3143 3231 3198 3284; x_wconf 82' lang='grc' dir='ltr'><strong>δὲ</strong></span> <span class='ocrx_word' id='word_1_547' title='bbox 3234 3232 3325 3283; x_wconf 83' lang='grc' dir='ltr'><strong>τὸν</strong></span> <span class='ocrx_word' id='word_1_548' title='bbox 3369 3231 3663 3300; x_wconf 83' lang='grc' dir='ltr'>τύραννον,</span> <span class='ocrx_word' id='word_1_549' title='bbox 3707 3234 3755 3282; x_wconf 83' lang='grc' dir='ltr'><strong>εί</strong></span> <span class='ocrx_word' id='word_1_550' title='bbox 3798 3236 3899 3286; x_wconf 71' lang='grc' dir='ltr'><strong>καὶ</strong></span> <span class='ocrx_word' id='word_1_551' title='bbox 3930 3236 4000 3303; x_wconf 71' lang='grc' dir='ltr'>μὴ</span> 
     </span>
    </p>
   </div>
   <div class='ocr_carea' id='block_1_79' title="bbox 2427 3323 4000 3394">
    <p class='ocr_par' dir='ltr' id='par_1_79' title="bbox 2427 3323 4000 3394">
     <span class='ocr_line' id='line_1_79' title="bbox 2427 3323 4000 3394; baseline 0.003 -20"><span class='ocrx_word' id='word_1_552' title='bbox 2427 3323 2682 3394; x_wconf 84' lang='grc' dir='ltr'>καθαρῶς</span> <span class='ocrx_word' id='word_1_553' title='bbox 2717 3324 2852 3394; x_wconf 78' lang='grc' dir='ltr'>πρὸς</span> <span class='ocrx_word' id='word_1_554' title='bbox 2885 3325 3202 3379; x_wconf 76' lang='grc' dir='ltr'>Οεοσέϐειαν</span> <span class='ocrx_word' id='word_1_555' title='bbox 3231 3326 3483 3378; x_wconf 74' lang='grc' dir='ltr'>εἵλκυσεν</span> <span class='ocrx_word' id='word_1_556' title='bbox 3510 3369 3523 3389; x_wconf 87' lang='grc'><strong>,</strong></span> <span class='ocrx_word' id='word_1_557' title='bbox 3571 3327 3708 3378; x_wconf 70' lang='grc' dir='ltr'>ἀλλὰ</span> <span class='ocrx_word' id='word_1_558' title='bbox 3745 3331 3877 3392; x_wconf 70' lang='grc' dir='ltr'>τοὺς</span> <span class='ocrx_word' id='word_1_559' title='bbox 3915 3329 4000 3379; x_wconf 84' lang='grc' dir='ltr'>λο-</span> 
     </span>
    </p>
   </div>
   <div class='ocr_carea' id='block_1_80' title="bbox 2425 3418 3993 3488">
    <p class='ocr_par' dir='ltr' id='par_1_80' title="bbox 2425 3418 3993 3488">
     <span class='ocr_line' id='line_1_80' title="bbox 2425 3418 3993 3488; baseline 0.002 -19"><span class='ocrx_word' id='word_1_560' title='bbox 2425 3420 2656 3486; x_wconf 78' lang='grc' dir='ltr'>γισμοὺς</span> <span class='ocrx_word' id='word_1_561' title='bbox 2693 3419 2908 3470; x_wconf 79' lang='grc' dir='ltr'>ἐκείνου</span> <span class='ocrx_word' id='word_1_562' title='bbox 2938 3418 3194 3480; x_wconf 83' lang='grc' dir='ltr'>διέσεισε,</span> <span class='ocrx_word' id='word_1_563' title='bbox 3225 3419 3322 3470; x_wconf 72' lang='grc' dir='ltr'>καὶ</span> <span class='ocrx_word' id='word_1_564' title='bbox 3353 3421 3477 3488; x_wconf 79' lang='grc' dir='ltr'>περὶ</span> <span class='ocrx_word' id='word_1_565' title='bbox 3499 3419 3558 3470; x_wconf 84' lang='grc' dir='ltr'><strong>τὸ</strong></span> <span class='ocrx_word' id='word_1_566' title='bbox 3589 3422 3792 3470; x_wconf 84' lang='grc' dir='ltr'>οἰκεῖον</span> <span class='ocrx_word' id='word_1_567' title='bbox 3825 3421 3993 3481; x_wconf 75' lang='grc' dir='ltr'>σέϐας</span> 
     </span>
    </p>
   </div>
   <div class='ocr_carea' id='block_1_81' title="bbox 2425 3509 3997 3577">
    <p class='ocr_par' dir='ltr' id='par_1_81' title="bbox 2425 3509 3997 3577">
     <span class='ocr_line' id='line_1_81' title="bbox 2425 3509 3997 3577; baseline 0 -16"><span class='ocrx_word' id='word_1_568' title='bbox 2425 3509 2753 3570; x_wconf 80' lang='grc' dir='ltr'>ὲπιδοιάζειν</span> <span class='ocrx_word' id='word_1_569' title='bbox 2807 3509 3126 3575; x_wconf 83' lang='grc' dir='ltr'>πεποίηκεν.</span> <span class='ocrx_word' id='word_1_570' title='bbox 3210 3511 3420 3575; x_wconf 83' lang='grc' dir='ltr'>Ὅμως,</span> <span class='ocrx_word' id='word_1_571' title='bbox 3465 3513 3513 3560; x_wconf 89' lang='grc' dir='ltr'>εἰ</span> <span class='ocrx_word' id='word_1_572' title='bbox 3569 3510 3650 3560; x_wconf 86' lang='grc' dir='ltr'>δεῖ</span> <span class='ocrx_word' id='word_1_573' title='bbox 3722 3510 3770 3560; x_wconf 78' lang='grc' dir='ltr'>τ’</span> <span class='ocrx_word' id='word_1_574' title='bbox 3799 3511 3997 3577; x_wconf 79' lang='grc' dir='ltr'>ἀληθὲς</span> 
     </span>
    </p>
   </div>
   <div class='ocr_carea' id='block_1_82' title="bbox 2423 3597 3997 3668">
    <p class='ocr_par' dir='ltr' id='par_1_82' title="bbox 2423 3597 3997 3668">
     <span class='ocr_line' id='line_1_82' title="bbox 2423 3597 3997 3668; baseline -0.001 -17"><span class='ocrx_word' id='word_1_575' title='bbox 2423 3602 2619 3660; x_wconf 74' lang='grc' dir='ltr'>εἰπεῖν,</span> <span class='ocrx_word' id='word_1_576' title='bbox 2654 3603 2679 3650; x_wconf 86' lang='grc' dir='ltr'><strong>ό</strong></span> <span class='ocrx_word' id='word_1_577' title='bbox 2719 3597 2918 3666; x_wconf 77' lang='grc' dir='ltr'>Αἰθίοψ</span> <span class='ocrx_word' id='word_1_578' title='bbox 2947 3600 3047 3650; x_wconf 76' lang='grc' dir='ltr'><strong>οὐκ</strong></span> <span class='ocrx_word' id='word_1_579' title='bbox 3099 3598 3440 3650; x_wconf 76' lang='grc' dir='ltr'>ἐλευκαίνετο</span> <span class='ocrx_word' id='word_1_580' title='bbox 3512 3608 3597 3650; x_wconf 68' lang='grc' dir='ltr'><strong>καὶ</strong></span> <span class='ocrx_word' id='word_1_581' title='bbox 3651 3602 3678 3650; x_wconf 89' lang='grc' dir='ltr'><strong>ό</strong></span> <span class='ocrx_word' id='word_1_582' title='bbox 3736 3603 3997 3668; x_wconf 75' lang='grc' dir='ltr'>καρκίνος</span> 
     </span>
    </p>
   </div>
   <div class='ocr_carea' id='block_1_83' title="bbox 2425 3689 3998 3761">
    <p class='ocr_par' dir='ltr' id='par_1_83' title="bbox 2425 3689 3998 3761">
     <span class='ocr_line' id='line_1_83' title="bbox 2425 3689 3998 3761; baseline 0.001 -21"><span class='ocrx_word' id='word_1_583' title='bbox 2425 3691 2561 3761; x_wconf 78' lang='grc' dir='ltr'><strong>ὀροὰ</strong></span> <span class='ocrx_word' id='word_1_584' title='bbox 2614 3690 2852 3758; x_wconf 72' lang='grc' dir='ltr'>βαδίζειν</span> <span class='ocrx_word' id='word_1_585' title='bbox 2905 3692 3007 3743; x_wconf 74' lang='grc' dir='ltr'><strong>οὐκ</strong></span> <span class='ocrx_word' id='word_1_586' title='bbox 3066 3691 3403 3745; x_wconf 81' lang='grc' dir='ltr'>ἐδιδάσκετο.</span> <span class='ocrx_word' id='word_1_587' title='bbox 3469 3689 3556 3752; x_wconf 83' lang='grc' dir='ltr'>Ὠς</span> <span class='ocrx_word' id='word_1_588' title='bbox 3629 3690 3738 3758; x_wconf 74' lang='grc' dir='ltr'>γὰρ</span> <span class='ocrx_word' id='word_1_589' title='bbox 3804 3691 3998 3743; x_wconf 75' lang='grc' dir='ltr'>ἐνίκων</span> 
     </span>
    </p>
   </div>
   <div class='ocr_carea' id='block_1_84' title="bbox 2429 3782 3999 3853">
    <p class='ocr_par' dir='ltr' id='par_1_84' title="bbox 2429 3782 3999 3853">
     <span class='ocr_line' id='line_1_84' title="bbox 2429 3782 3999 3853; baseline 0 -19"><span class='ocrx_word' id='word_1_590' title='bbox 2429 3784 2528 3850; x_wconf 86' lang='grc' dir='ltr'><strong>μὲν</strong></span> <span class='ocrx_word' id='word_1_591' title='bbox 2563 3785 2611 3834; x_wconf 77' lang='lat' dir='ltr'><strong>oi</strong></span> <span class='ocrx_word' id='word_1_592' title='bbox 2640 3782 2896 3852; x_wconf 76' lang='grc' dir='ltr'>ἀθληταὶ,</span> <span class='ocrx_word' id='word_1_593' title='bbox 2929 3783 3128 3851; x_wconf 80' lang='grc' dir='ltr'>ἡττᾶτο</span> <span class='ocrx_word' id='word_1_594' title='bbox 3167 3783 3222 3834; x_wconf 76' lang='grc' dir='ltr'>δὲ</span> <span class='ocrx_word' id='word_1_595' title='bbox 3261 3785 3287 3835; x_wconf 92' lang='grc' dir='ltr'>ὁ</span> <span class='ocrx_word' id='word_1_596' title='bbox 3316 3782 3608 3851; x_wconf 79' lang='grc' dir='ltr'>δυσσεϐὴς,</span> <span class='ocrx_word' id='word_1_597' title='bbox 3639 3785 3737 3834; x_wconf 76' lang='grc' dir='ltr'><strong>καὶ</strong></span> <span class='ocrx_word' id='word_1_598' title='bbox 3766 3783 3999 3853; x_wconf 77' lang='grc' dir='ltr'>διασπᾷν</span> 
     </span>
    </p>
   </div>
   <div class='ocr_carea' id='block_1_85' title="bbox 2425 3875 4000 3946">
    <p class='ocr_par' dir='ltr' id='par_1_85' title="bbox 2425 3875 4000 3946">
     <span class='ocr_line' id='line_1_85' title="bbox 2425 3875 4000 3946; baseline 0.001 -19"><span class='ocrx_word' id='word_1_599' title='bbox 2425 3876 2624 3938; x_wconf 78' lang='grc' dir='ltr'>αὐτοὺς</span> <span class='ocrx_word' id='word_1_600' title='bbox 2659 3876 2754 3927; x_wconf 82' lang='grc' dir='ltr'><strong>ἀπ’</strong></span> <span class='ocrx_word' id='word_1_601' title='bbox 2789 3875 3061 3946; x_wconf 80' lang='grc' dir='ltr'>ἀλλήλων.</span> <span class='ocrx_word' id='word_1_602' title='bbox 3104 3878 3213 3929; x_wconf 80' lang='grc' dir='ltr'><strong>Καὶ</strong></span> <span class='ocrx_word' id='word_1_603' title='bbox 3258 3878 3356 3945; x_wconf 80' lang='grc' dir='ltr'><strong>τῆς</strong></span> <span class='ocrx_word' id='word_1_604' title='bbox 3407 3877 3490 3938; x_wconf 87' lang='grc' dir='ltr'><strong>είς</strong></span> <span class='ocrx_word' id='word_1_605' title='bbox 3526 3877 3767 3945; x_wconf 79' lang='grc' dir='ltr'>Χριστὸν</span> <span class='ocrx_word' id='word_1_606' title='bbox 3810 3878 4000 3945; x_wconf 85' lang='grc' dir='ltr'>ὀμολο·</span> 
     </span>
    </p>
   </div>
   <div class='ocr_carea' id='block_1_86' title="bbox 2428 3963 3996 4038">
    <p class='ocr_par' dir='ltr' id='par_1_86' title="bbox 2428 3963 3996 4038">
     <span class='ocr_line' id='line_1_86' title="bbox 2428 3963 3996 4038; baseline 0.003 -20"><span class='ocrx_word' id='word_1_607' title='bbox 2428 3968 2556 4033; x_wconf 87' lang='grc' dir='ltr'>γίας</span> <span class='ocrx_word' id='word_1_608' title='bbox 2584 3968 2680 4036; x_wconf 81' lang='grc' dir='ltr'><strong>οὐχ</strong></span> <span class='ocrx_word' id='word_1_609' title='bbox 2716 3963 2828 4028; x_wconf 76' lang='grc' dir='ltr'>οἶός</span> <span class='ocrx_word' id='word_1_610' title='bbox 2856 3985 2916 4020; x_wconf 86' lang='grc' dir='ltr'><strong>τε</strong></span> <span class='ocrx_word' id='word_1_611' title='bbox 2947 3963 3032 4038; x_wconf 80' lang='grc' dir='ltr'>ἦν,</span> <span class='ocrx_word' id='word_1_612' title='bbox 3066 3968 3160 4021; x_wconf 73' lang='grc' dir='ltr'><strong>ἐπὶ</strong></span> <span class='ocrx_word' id='word_1_613' title='bbox 3194 3969 3261 4019; x_wconf 74' lang='grc' dir='ltr'>τὰ</span> <span class='ocrx_word' id='word_1_614' title='bbox 3291 3970 3468 4020; x_wconf 80' lang='grc' dir='ltr'>οἰκεῖα</span> <span class='ocrx_word' id='word_1_615' title='bbox 3503 3969 3662 4022; x_wconf 76' lang='grc' dir='ltr'>πάλιν</span> <span class='ocrx_word' id='word_1_616' title='bbox 3727 3970 3825 4021; x_wconf 75' lang='grc' dir='ltr'><strong>καὶ</strong></span> <span class='ocrx_word' id='word_1_617' title='bbox 3872 3986 3996 4022; x_wconf 81' lang='grc' dir='ltr'>συνο</span> 
     </span>
    </p>
   </div>
   <div class='ocr_carea' id='block_1_87' title="bbox 2427 4057 3998 4129">
    <p class='ocr_par' dir='ltr' id='par_1_87' title="bbox 2427 4057 3998 4129">
     <span class='ocr_line' id='line_1_87' title="bbox 2427 4057 3998 4129; baseline 0.001 -21"><span class='ocrx_word' id='word_1_618' title='bbox 2427 4059 2536 4126; x_wconf 83' lang='grc' dir='ltr'>ήθη</span> <span class='ocrx_word' id='word_1_619' title='bbox 2603 4061 2773 4126; x_wconf 90' lang='grc' dir='ltr'>χωρεῖ</span> <span class='ocrx_word' id='word_1_620' title='bbox 2825 4059 3100 4112; x_wconf 78' lang='grc' dir='ltr'>καὶκατὰ</span> <span class='ocrx_word' id='word_1_621' title='bbox 3152 4059 3321 4126; x_wconf 85' lang='grc' dir='ltr'>μόνου</span> <span class='ocrx_word' id='word_1_622' title='bbox 3378 4057 3471 4109; x_wconf 81' lang='grc' dir='ltr'>τοῦ</span> <span class='ocrx_word' id='word_1_623' title='bbox 3530 4063 3816 4129; x_wconf 72' lang='grc' dir='ltr'>μάρτυρες</span> <span class='ocrx_word' id='word_1_624' title='bbox 3845 4059 3998 4119; x_wconf 72' lang='grc' dir='ltr'>αὖθις</span> 
     </span>
    </p>
   </div>
   <div class='ocr_carea' id='block_1_88' title="bbox 2425 4149 3998 4220">
    <p class='ocr_par' dir='ltr' id='par_1_88' title="bbox 2425 4149 3998 4220">
     <span class='ocr_line' id='line_1_88' title="bbox 2425 4149 3998 4220; baseline 0 -17"><span class='ocrx_word' id='word_1_625' title='bbox 2425 4149 2728 4213; x_wconf 76' lang='grc' dir='ltr'>όπλίζεται,</span> <span class='ocrx_word' id='word_1_626' title='bbox 2764 4151 2858 4201; x_wconf 81' lang='grc' dir='ltr'>καὶ</span> <span class='ocrx_word' id='word_1_627' title='bbox 2892 4150 2991 4212; x_wconf 81' lang='grc' dir='ltr'><strong>τὰς</strong></span> <span class='ocrx_word' id='word_1_628' title='bbox 3016 4152 3124 4202; x_wconf 83' lang='grc' dir='ltr'>τῶν</span> <span class='ocrx_word' id='word_1_629' title='bbox 3165 4151 3434 4219; x_wconf 80' lang='grc' dir='ltr'>ὀμμάτων</span> <span class='ocrx_word' id='word_1_630' title='bbox 3473 4151 3637 4203; x_wconf 80' lang='grc' dir='ltr'>αύτοῦ</span> <span class='ocrx_word' id='word_1_631' title='bbox 3689 4152 3862 4220; x_wconf 80' lang='grc' dir='ltr'>κόρας</span> <span class='ocrx_word' id='word_1_632' title='bbox 3913 4153 3998 4203; x_wconf 76' lang='grc' dir='ltr'><strong>ὲκ-</strong></span> 
     </span>
    </p>
   </div>
   <div class='ocr_carea' id='block_1_89' title="bbox 2427 4234 4000 4312">
    <p class='ocr_par' dir='ltr' id='par_1_89' title="bbox 2427 4234 4000 4312">
     <span class='ocr_line' id='line_1_89' title="bbox 2427 4234 4000 4312; baseline 0.002 -19"><span class='ocrx_word' id='word_1_633' title='bbox 2427 4241 2666 4309; x_wconf 84' lang='grc' dir='ltr'>κοπῆναι</span> <span class='ocrx_word' id='word_1_634' title='bbox 2703 4240 3037 4311; x_wconf 83' lang='grc' dir='ltr'>προστάττει</span> <span class='ocrx_word' id='word_1_635' title='bbox 3074 4234 3199 4309; x_wconf 61' lang='grc' dir='ltr'><strong>(φεῦ</strong></span> <span class='ocrx_word' id='word_1_636' title='bbox 3232 4244 3259 4294; x_wconf 89' lang='grc' dir='ltr'><strong>ό</strong></span> <span class='ocrx_word' id='word_1_637' title='bbox 3310 4242 3439 4306; x_wconf 81' lang='grc' dir='ltr'>τοὺς</span> <span class='ocrx_word' id='word_1_638' title='bbox 3474 4245 3574 4312; x_wconf 84' lang='grc' dir='ltr'><strong>τῆς</strong></span> <span class='ocrx_word' id='word_1_639' title='bbox 3620 4243 3853 4312; x_wconf 73' lang='grc' dir='ltr'>καρδίας</span> <span class='ocrx_word' id='word_1_640' title='bbox 3905 4260 4000 4296; x_wconf 81' lang='grc' dir='ltr'>τυ-</span> 
     </span>
    </p>
   </div>
   <div class='ocr_carea' id='block_1_90' title="bbox 2427 4336 4000 4408">
    <p class='ocr_par' dir='ltr' id='par_1_90' title="bbox 2427 4336 4000 4408">
     <span class='ocr_line' id='line_1_90' title="bbox 2427 4336 4000 4408; baseline 0 -18"><span class='ocrx_word' id='word_1_641' title='bbox 2427 4338 2687 4405; x_wconf 80' lang='grc' dir='ltr'>φλώττων</span> <span class='ocrx_word' id='word_1_642' title='bbox 2717 4336 3077 4406; x_wconf 80' lang='grc' dir='ltr'>ὀφθαλμοὺς),</span> <span class='ocrx_word' id='word_1_643' title='bbox 3113 4341 3208 4391; x_wconf 76' lang='grc' dir='ltr'>καὶ</span> <span class='ocrx_word' id='word_1_644' title='bbox 3237 4339 3306 4393; x_wconf 81' lang='grc' dir='ltr'>τὰ</span> <span class='ocrx_word' id='word_1_645' title='bbox 3333 4340 3499 4408; x_wconf 83' lang='grc' dir='ltr'>ὅμοια</span> <span class='ocrx_word' id='word_1_646' title='bbox 3527 4338 3724 4393; x_wconf 85' lang='grc' dir='ltr'>παθεῖν</span> <span class='ocrx_word' id='word_1_647' title='bbox 3746 4341 4000 4393; x_wconf 69' lang='grc' dir='ltr'>κάκεῖνον</span> 
     </span>
    </p>
   </div>
   <div class='ocr_carea' id='block_1_91' title="bbox 2428 4429 3997 4500">
    <p class='ocr_par' dir='ltr' id='par_1_91' title="bbox 2428 4429 3997 4500">
     <span class='ocr_line' id='line_1_91' title="bbox 2428 4429 3997 4500; baseline 0.001 -18"><span class='ocrx_word' id='word_1_648' title='bbox 2428 4429 2517 4482; x_wconf 84' lang='grc' dir='ltr'>διὰ</span> <span class='ocrx_word' id='word_1_649' title='bbox 2545 4429 2643 4498; x_wconf 81' lang='grc' dir='ltr'>τῆς</span> <span class='ocrx_word' id='word_1_650' title='bbox 2675 4429 2952 4497; x_wconf 82' lang='grc' dir='ltr'>τιμωρίας</span> <span class='ocrx_word' id='word_1_651' title='bbox 2985 4431 3192 4497; x_wconf 83' lang='grc' dir='ltr'>ταύτης</span> <span class='ocrx_word' id='word_1_652' title='bbox 3234 4430 3704 4496; x_wconf 75' lang='grc' dir='ltr'>καταναγκάξων,</span> <span class='ocrx_word' id='word_1_653' title='bbox 3764 4432 3906 4500; x_wconf 80' lang='grc' dir='ltr'>πρδς</span> <span class='ocrx_word' id='word_1_654' title='bbox 3945 4431 3997 4483; x_wconf 80' lang='grc' dir='ltr'>δὲ</span> 
     </span>
    </p>
   </div>
   <div class='ocr_carea' id='block_1_92' title="bbox 757 4498 3998 4588">
    <p class='ocr_par' dir='ltr' id='par_1_92' title="bbox 757 4498 3998 4588">
     <span class='ocr_line' id='line_1_92' title="bbox 757 4498 3998 4588; baseline 0.006 -34"><span class='ocrx_word' id='word_1_655' title='bbox 757 4502 992 4569; x_wconf 77' lang='grc' dir='ltr'>καὶτῆς</span> <span class='ocrx_word' id='word_1_656' title='bbox 1035 4502 1325 4571; x_wconf 77' lang='grc' dir='ltr'>ὁμαίμονας</span> <span class='ocrx_word' id='word_1_657' title='bbox 1407 4498 1652 4554; x_wconf 77' lang='grc' dir='ltr'>ἐντεῦθεν</span> <span class='ocrx_word' id='word_1_658' title='bbox 1710 4503 2074 4573; x_wconf 67' lang='grc' dir='ltr'>διαχαυνῶςαι</span> <span class='ocrx_word' id='word_1_659' title='bbox 2156 4513 2256 4583; x_wconf 80' lang='grc' dir='ltr'><strong>τὴν</strong></span> <span class='ocrx_word' id='word_1_660' title='bbox 2308 4521 2612 4587; x_wconf 48' lang='grc' dir='ltr'>εδτολμίαν.</span> <span class='ocrx_word' id='word_1_661' title='bbox 2688 4517 3122 4588; x_wconf 82' lang='grc' dir='ltr'>μηχανώμενος,</span> <span class='ocrx_word' id='word_1_662' title='bbox 3179 4518 3296 4568; x_wconf 79' lang='grc' dir='ltr'>ἀλλ’</span> <span class='ocrx_word' id='word_1_663' title='bbox 3354 4519 3589 4586; x_wconf 82' lang='grc' dir='ltr'>ἠλέγχθη</span> <span class='ocrx_word' id='word_1_664' title='bbox 3667 4537 3772 4570; x_wconf 70' lang='grc' dir='ltr'><strong>κον</strong></span> <span class='ocrx_word' id='word_1_665' title='bbox 3812 4498 3998 4588; x_wconf 70' lang='grc' dir='ltr'>τούτῳ</span> 
     </span>
    </p>
   </div>
   <div class='ocr_carea' id='block_1_93' title="bbox 757 4592 2642 4664">
    <p class='ocr_par' dir='ltr' id='par_1_93' title="bbox 757 4592 2642 4664">
     <span class='ocr_line' id='line_1_93' title="bbox 757 4592 2642 4664; baseline 0.006 -16"><span class='ocrx_word' id='word_1_666' title='bbox 757 4592 892 4648; x_wconf 78' lang='grc' dir='ltr'>κενὰ</span> <span class='ocrx_word' id='word_1_667' title='bbox 960 4594 1050 4646; x_wconf 87' lang='grc' dir='ltr'>καὶ</span> <span class='ocrx_word' id='word_1_668' title='bbox 1122 4593 1328 4662; x_wconf 81' lang='grc' dir='ltr'>μάταια</span> <span class='ocrx_word' id='word_1_669' title='bbox 1382 4595 1522 4646; x_wconf 84' lang='grc' dir='ltr'>κατὰ</span> <span class='ocrx_word' id='word_1_670' title='bbox 1567 4596 1675 4647; x_wconf 82' lang='grc' dir='ltr'>τῶν</span> <span class='ocrx_word' id='word_1_671' title='bbox 1722 4595 1816 4648; x_wconf 82' lang='grc' dir='ltr'>τοῦ</span> <span class='ocrx_word' id='word_1_672' title='bbox 1875 4599 2109 4664; x_wconf 85' lang='grc' dir='ltr'>Χριστοῦ</span> <span class='ocrx_word' id='word_1_673' title='bbox 2156 4604 2356 4659; x_wconf 75' lang='grc' dir='ltr'>δούλων</span> <span class='ocrx_word' id='word_1_674' title='bbox 2391 4609 2642 4662; x_wconf 76' lang='grc' dir='ltr'>ἐπινοῶν.</span> 
     </span>
    </p>
   </div>
   <div class='ocr_carea' id='block_1_94' title="bbox 829 4683 2401 4763">
    <p class='ocr_par' dir='ltr' id='par_1_94' title="bbox 829 4683 2401 4763">
     <span class='ocr_line' id='line_1_94' title="bbox 829 4683 2401 4763; baseline 0.008 -26"><span class='ocrx_word' id='word_1_675' title='bbox 829 4683 921 4737; x_wconf 77' lang='lat' dir='ltr'><strong>XI.</strong></span> <span class='ocrx_word' id='word_1_676' title='bbox 956 4685 1218 4738; x_wconf 87' lang='lat' dir='ltr'><strong>Postridie</strong></span> <span class='ocrx_word' id='word_1_677' title='bbox 1252 4695 1430 4738; x_wconf 88' lang='lat' dir='ltr'><strong>autem</strong></span> <span class='ocrx_word' id='word_1_678' title='bbox 1476 4686 1631 4754; x_wconf 78' lang='lat' dir='ltr'><strong>jubet</strong></span> <span class='ocrx_word' id='word_1_679' title='bbox 1667 4697 1956 4756; x_wconf 88' lang='lat' dir='ltr'><strong>martyrem</strong></span> <span class='ocrx_word' id='word_1_680' title='bbox 1987 4690 2320 4763; x_wconf 87' lang='lat' dir='ltr'><strong>Eulampiam</strong></span> <span class='ocrx_word' id='word_1_681' title='bbox 2350 4700 2401 4758; x_wconf 92' lang='lat' dir='ltr'><strong>D</strong></span> 
     </span>
    </p>
   </div>
   <div class='ocr_carea' id='block_1_95' title="bbox 759 4775 2323 4853">
    <p class='ocr_par' dir='ltr' id='par_1_95' title="bbox 759 4775 2323 4853">
     <span class='ocr_line' id='line_1_95' title="bbox 759 4775 2323 4853; baseline 0.008 -23"><span class='ocrx_word' id='word_1_682' title='bbox 759 4776 989 4830; x_wconf 90' lang='lat' dir='ltr'><strong>sublime</strong></span> <span class='ocrx_word' id='word_1_683' title='bbox 1025 4775 1279 4844; x_wconf 89' lang='lat' dir='ltr'><strong>suspendi</strong></span> <span class='ocrx_word' id='word_1_684' title='bbox 1316 4777 1539 4844; x_wconf 86' lang='lat' dir='ltr'><strong>capillis.</strong></span> <span class='ocrx_word' id='word_1_685' title='bbox 1567 4778 1662 4832; x_wconf 84' lang='lat' dir='ltr'><strong>Est</strong></span> <span class='ocrx_word' id='word_1_686' title='bbox 1697 4788 1876 4832; x_wconf 89' lang='lat' dir='ltr'><strong>autem</strong></span> <span class='ocrx_word' id='word_1_687' title='bbox 1921 4781 2024 4836; x_wconf 92' lang='lat' dir='ltr'><strong>hoc</strong></span> <span class='ocrx_word' id='word_1_688' title='bbox 2071 4787 2323 4853; x_wconf 80' lang='lat' dir='ltr'><strong>gravissi-</strong></span> 
     </span>
    </p>
   </div>
   <div class='ocr_carea' id='block_1_96' title="bbox 758 4867 2326 4935">
    <p class='ocr_par' dir='ltr' id='par_1_96' title="bbox 758 4867 2326 4935">
     <span class='ocr_line' id='line_1_96' title="bbox 758 4867 2326 4935; baseline 0.006 -15"><span class='ocrx_word' id='word_1_689' title='bbox 758 4883 905 4920; x_wconf 90' lang='lat' dir='ltr'><strong>mum</strong></span> <span class='ocrx_word' id='word_1_690' title='bbox 955 4867 1300 4935; x_wconf 86' lang='lat' dir='ltr'><strong>supplicium,</strong></span> <span class='ocrx_word' id='word_1_691' title='bbox 1348 4868 1443 4920; x_wconf 88' lang='lat' dir='ltr'><strong>sed</strong></span> <span class='ocrx_word' id='word_1_692' title='bbox 1485 4867 1687 4921; x_wconf 87' lang='lat' dir='ltr'><strong>Christi</strong></span> <span class='ocrx_word' id='word_1_693' title='bbox 1723 4871 1932 4924; x_wconf 66' lang='lat' dir='ltr'><strong>ancillae</strong></span> <span class='ocrx_word' id='word_1_694' title='bbox 1967 4874 2174 4930; x_wconf 90' lang='lat' dir='ltr'><strong>deliciis</strong></span> <span class='ocrx_word' id='word_1_695' title='bbox 2203 4891 2326 4930; x_wconf 85' lang='lat' dir='ltr'><strong>sua-</strong></span> 
     </span>
    </p>
   </div>
   <div class='ocr_carea' id='block_1_97' title="bbox 757 4956 2323 5029">
    <p class='ocr_par' dir='ltr' id='par_1_97' title="bbox 757 4956 2323 5029">
     <span class='ocr_line' id='line_1_97' title="bbox 757 4956 2323 5029; baseline 0.007 -18"><span class='ocrx_word' id='word_1_696' title='bbox 757 4959 877 5011; x_wconf 67' lang='lat' dir='ltr'><strong>vius</strong></span> <span class='ocrx_word' id='word_1_697' title='bbox 897 4958 1330 5011; x_wconf 78' lang='lat' dir='ltr'><strong>existimabatur.</strong></span> <span class='ocrx_word' id='word_1_698' title='bbox 1356 4956 1508 5010; x_wconf 79' lang='lat' dir='ltr'><strong>Unde</strong></span> <span class='ocrx_word' id='word_1_699' title='bbox 1533 4961 1694 5012; x_wconf 88' lang='lat' dir='ltr'><strong>etiam</strong></span> <span class='ocrx_word' id='word_1_700' title='bbox 1731 4961 1778 5012; x_wconf 92' lang='lat' dir='ltr'><strong>ei</strong></span> <span class='ocrx_word' id='word_1_701' title='bbox 1809 4978 1998 5029; x_wconf 84' lang='lat' dir='ltr'><strong>preces</strong></span> <span class='ocrx_word' id='word_1_702' title='bbox 2016 4967 2323 5021; x_wconf 88' lang='lat' dir='ltr'><strong>admiscens</strong></span> 
     </span>
    </p>
   </div>
   <div class='ocr_carea' id='block_1_98' title="bbox 757 5046 2325 5121">
    <p class='ocr_par' dir='ltr' id='par_1_98' title="bbox 757 5046 2325 5121">
     <span class='ocr_line' id='line_1_98' title="bbox 757 5046 2325 5121; baseline 0.004 -19"><span class='ocrx_word' id='word_1_703' title='bbox 757 5047 1010 5102; x_wconf 85' lang='lat' dir='ltr'><strong>dicebat:</strong></span> <span class='ocrx_word' id='word_1_704' title='bbox 1042 5046 1157 5114; x_wconf 86' lang='lat' dir='ltr'><strong>Ago</strong></span> <span class='ocrx_word' id='word_1_705' title='bbox 1210 5046 1303 5098; x_wconf 85' lang='lat' dir='ltr'><strong>tibi</strong></span> <span class='ocrx_word' id='word_1_706' title='bbox 1344 5050 1563 5115; x_wconf 82' lang='lat' dir='ltr'><strong>gratias,</strong></span> <span class='ocrx_word' id='word_1_707' title='bbox 1609 5046 1753 5101; x_wconf 80' lang='lat' dir='ltr'><strong>Deus</strong></span> <span class='ocrx_word' id='word_1_708' title='bbox 1804 5067 1955 5103; x_wconf 86' lang='lat' dir='ltr'><strong>meus</strong></span> <span class='ocrx_word' id='word_1_709' title='bbox 1994 5062 2047 5105; x_wconf 91' lang='lat' dir='ltr'><strong>et</strong></span> <span class='ocrx_word' id='word_1_710' title='bbox 2094 5067 2325 5121; x_wconf 86' lang='lat' dir='ltr'><strong>creator,</strong></span> 
     </span>
    </p>
   </div>
   <div class='ocr_carea' id='block_1_99' title="bbox 757 5138 2331 5210">
    <p class='ocr_par' dir='ltr' id='par_1_99' title="bbox 757 5138 2331 5210">
     <span class='ocr_line' id='line_1_99' title="bbox 757 5138 2331 5210; baseline 0.007 -20"><span class='ocrx_word' id='word_1_711' title='bbox 757 5140 899 5205; x_wconf 90' lang='lat' dir='ltr'><strong>quod</strong></span> <span class='ocrx_word' id='word_1_712' title='bbox 948 5153 1030 5190; x_wconf 90' lang='lat' dir='ltr'><strong>me</strong></span> <span class='ocrx_word' id='word_1_713' title='bbox 1073 5146 1220 5190; x_wconf 89' lang='lat' dir='ltr'><strong>tuam</strong></span> <span class='ocrx_word' id='word_1_714' title='bbox 1277 5138 1525 5190; x_wconf 81' lang='lat' dir='ltr'><strong>ancillam</strong></span> <span class='ocrx_word' id='word_1_715' title='bbox 1559 5139 1809 5208; x_wconf 81' lang='lat' dir='ltr'><strong>dignatus</strong></span> <span class='ocrx_word' id='word_1_716' title='bbox 1852 5141 1924 5193; x_wconf 82' lang='lat' dir='ltr'><strong>sis</strong></span> <span class='ocrx_word' id='word_1_717' title='bbox 1973 5159 2070 5210; x_wconf 87' lang='lat' dir='ltr'><strong>pro</strong></span> <span class='ocrx_word' id='word_1_718' title='bbox 2119 5156 2169 5199; x_wconf 91' lang='lat' dir='ltr'><strong>te</strong></span> <span class='ocrx_word' id='word_1_719' title='bbox 2211 5162 2331 5200; x_wconf 85' lang='lat' dir='ltr'><strong>sus-</strong></span> 
     </span>
    </p>
   </div>
   <div class='ocr_carea' id='block_1_100' title="bbox 759 5229 2330 5307">
    <p class='ocr_par' dir='ltr' id='par_1_100' title="bbox 759 5229 2330 5307">
     <span class='ocr_line' id='line_1_100' title="bbox 759 5229 2330 5307; baseline -0.001 -27"><span class='ocrx_word' id='word_1_720' title='bbox 759 5230 933 5295; x_wconf 89' lang='lat' dir='ltr'><strong>ceptis</strong></span> <span class='ocrx_word' id='word_1_721' title='bbox 960 5243 1156 5281; x_wconf 87' lang='lat' dir='ltr'><strong>ornare</strong></span> <span class='ocrx_word' id='word_1_722' title='bbox 1212 5231 1513 5280; x_wconf 87' lang='lat' dir='ltr'><strong>tormentis.</strong></span> <span class='ocrx_word' id='word_1_723' title='bbox 1547 5229 1680 5282; x_wconf 89' lang='lat' dir='ltr'><strong>Cum</strong></span> <span class='ocrx_word' id='word_1_724' title='bbox 1718 5242 1896 5285; x_wconf 85' lang='lat' dir='ltr'><strong>autem</strong></span> <span class='ocrx_word' id='word_1_725' title='bbox 1931 5250 2023 5300; x_wconf 86' lang='lat' dir='ltr'><strong>per</strong></span> <span class='ocrx_word' id='word_1_726' title='bbox 2050 5253 2208 5290; x_wconf 87' lang='lat' dir='ltr'><strong>omne</strong></span> <span class='ocrx_word' id='word_1_727' title='bbox 2238 5254 2330 5307; x_wconf 74' lang='lat' dir='ltr'><strong>ge-</strong></span> 
     </span>
    </p>
   </div>
   <div class='ocr_carea' id='block_1_101' title="bbox 761 5319 2329 5389">
    <p class='ocr_par' dir='ltr' id='par_1_101' title="bbox 761 5319 2329 5389">
     <span class='ocr_line' id='line_1_101' title="bbox 761 5319 2329 5389; baseline -0.001 -17"><span class='ocrx_word' id='word_1_728' title='bbox 761 5335 862 5373; x_wconf 92' lang='lat' dir='ltr'><strong>nus</strong></span> <span class='ocrx_word' id='word_1_729' title='bbox 893 5320 1142 5388; x_wconf 83' lang='lat' dir='ltr'><strong>supplicii</strong></span> <span class='ocrx_word' id='word_1_730' title='bbox 1173 5330 1444 5386; x_wconf 73' lang='grc' dir='ltr'>ονυγιοιοι</span> <span class='ocrx_word' id='word_1_731' title='bbox 1491 5319 1719 5371; x_wconf 84' lang='lat' dir='ltr'><strong>athletas</strong></span> <span class='ocrx_word' id='word_1_732' title='bbox 1767 5325 2085 5389; x_wconf 65' lang='lat' dir='ltr'><strong>pervadere,</strong></span> <span class='ocrx_word' id='word_1_733' title='bbox 2118 5328 2329 5380; x_wconf 57' lang='lat' dir='ltr'><strong>etiamsi</strong></span> 
     </span>
    </p>
   </div>
   <div class='ocr_carea' id='block_1_102' title="bbox 759 5411 2328 5484">
    <p class='ocr_par' dir='ltr' id='par_1_102' title="bbox 759 5411 2328 5484">
     <span class='ocr_line' id='line_1_102' title="bbox 759 5411 2328 5484; baseline 0.005 -22"><span class='ocrx_word' id='word_1_734' title='bbox 759 5420 1015 5478; x_wconf 83' lang='lat' dir='ltr'><strong>tanquam</strong></span> <span class='ocrx_word' id='word_1_735' title='bbox 1059 5411 1162 5464; x_wconf 87' lang='lat' dir='ltr'><strong>tcla</strong></span> <span class='ocrx_word' id='word_1_736' title='bbox 1195 5411 1476 5464; x_wconf 83' lang='lat' dir='ltr'><strong>infantium</strong></span> <span class='ocrx_word' id='word_1_737' title='bbox 1538 5413 1943 5480; x_wconf 82' lang='lat' dir='ltr'><strong>reputabautur,</strong></span> <span class='ocrx_word' id='word_1_738' title='bbox 1978 5432 2096 5484; x_wconf 72' lang='lat' dir='ltr'><strong>qua:</strong></span> <span class='ocrx_word' id='word_1_739' title='bbox 2127 5419 2204 5470; x_wconf 89' lang='lat' dir='ltr'><strong>eis</strong></span> <span class='ocrx_word' id='word_1_740' title='bbox 2246 5420 2328 5470; x_wconf 92' lang='lat' dir='ltr'><strong>in—</strong></span> 
     </span>
    </p>
   </div>
   <div class='ocr_carea' id='block_1_103' title="bbox 757 5501 2326 5573">
    <p class='ocr_par' dir='ltr' id='par_1_103' title="bbox 757 5501 2326 5573">
     <span class='ocr_line' id='line_1_103' title="bbox 757 5501 2326 5573; baseline 0.003 -18"><span class='ocrx_word' id='word_1_741' title='bbox 757 5501 1088 5562; x_wconf 77' lang='lat' dir='ltr'><strong>ferebantur,</strong></span> <span class='ocrx_word' id='word_1_742' title='bbox 1146 5501 1412 5553; x_wconf 80' lang='lat' dir='ltr'><strong>fornacem</strong></span> <span class='ocrx_word' id='word_1_743' title='bbox 1475 5503 1696 5555; x_wconf 88' lang='lat' dir='ltr'><strong>accendi</strong></span> <span class='ocrx_word' id='word_1_744' title='bbox 1757 5505 1911 5571; x_wconf 86' lang='lat' dir='ltr'><strong>jubet</strong></span> <span class='ocrx_word' id='word_1_745' title='bbox 1973 5522 2192 5573; x_wconf 70' lang='lat' dir='ltr'><strong>praeses,</strong></span> <span class='ocrx_word' id='word_1_746' title='bbox 2238 5509 2326 5560; x_wconf 88' lang='lat' dir='ltr'><strong>illa</strong></span> 
     </span>
    </p>
   </div>
   <div class='ocr_carea' id='block_1_104' title="bbox 757 5592 2323 5651">
    <p class='ocr_par' dir='ltr' id='par_1_104' title="bbox 757 5592 2323 5651">
     <span class='ocr_line' id='line_1_104' title="bbox 757 5592 2323 5651; baseline 0.001 -5"><span class='ocrx_word' id='word_1_747' title='bbox 757 5593 1043 5646; x_wconf 78' lang='lat' dir='ltr'><strong>Chaldaica</strong></span> <span class='ocrx_word' id='word_1_748' title='bbox 1077 5592 1243 5644; x_wconf 87' lang='lat' dir='ltr'><strong>nihilo</strong></span> <span class='ocrx_word' id='word_1_749' title='bbox 1288 5595 1614 5651; x_wconf 71' lang='lat' dir='ltr'><strong>inferiorem.</strong></span> <span class='ocrx_word' id='word_1_750' title='bbox 1653 5605 1703 5647; x_wconf 84' lang='lat' dir='ltr'><strong>et</strong></span> <span class='ocrx_word' id='word_1_751' title='bbox 1761 5597 1826 5648; x_wconf 85' lang='lat' dir='ltr'><strong>ad</strong></span> <span class='ocrx_word' id='word_1_752' title='bbox 1867 5613 1981 5648; x_wconf 82' lang='lat' dir='ltr'><strong>caui</strong></span> <span class='ocrx_word' id='word_1_753' title='bbox 2035 5600 2195 5651; x_wconf 81' lang='lat' dir='ltr'><strong>ducta</strong></span> <span class='ocrx_word' id='word_1_754' title='bbox 2243 5607 2323 5651; x_wconf 87' lang='lat' dir='ltr'><strong>est</strong></span> 
     </span>
    </p>
   </div>
   <div class='ocr_carea' id='block_1_105' title="bbox 757 5685 2327 5751">
    <p class='ocr_par' dir='ltr' id='par_1_105' title="bbox 757 5685 2327 5751">
     <span class='ocr_line' id='line_1_105' title="bbox 757 5685 2327 5751; baseline 0.004 -14"><span class='ocrx_word' id='word_1_755' title='bbox 757 5685 984 5737; x_wconf 83' lang='lat' dir='ltr'><strong>materia</strong></span> <span class='ocrx_word' id='word_1_756' title='bbox 1029 5697 1146 5750; x_wconf 71' lang='lat' dir='ltr'><strong>quae</strong></span> <span class='ocrx_word' id='word_1_757' title='bbox 1192 5694 1307 5735; x_wconf 76' lang='lat' dir='ltr'><strong>erat</strong></span> <span class='ocrx_word' id='word_1_758' title='bbox 1352 5685 1541 5737; x_wconf 88' lang='lat' dir='ltr'><strong>alitura</strong></span> <span class='ocrx_word' id='word_1_759' title='bbox 1583 5685 1659 5738; x_wconf 92' lang='lat' dir='ltr'><strong>sic</strong></span> <span class='ocrx_word' id='word_1_760' title='bbox 1700 5702 2004 5751; x_wconf 83' lang='lat' dir='ltr'><strong>accensam,</strong></span> <span class='ocrx_word' id='word_1_761' title='bbox 2048 5690 2327 5744; x_wconf 88' lang='lat' dir='ltr'><strong>lictoribus</strong></span> 
     </span>
    </p>
   </div>
   <div class='ocr_carea' id='block_1_106' title="bbox 757 5775 2326 5836">
    <p class='ocr_par' dir='ltr' id='par_1_106' title="bbox 757 5775 2326 5836">
     <span class='ocr_line' id='line_1_106' title="bbox 757 5775 2326 5836; baseline 0.005 -7"><span class='ocrx_word' id='word_1_762' title='bbox 757 5791 919 5830; x_wconf 88' lang='lat' dir='ltr'><strong>omne</strong></span> <span class='ocrx_word' id='word_1_763' title='bbox 952 5775 1186 5828; x_wconf 85' lang='lat' dir='ltr'><strong>studium</strong></span> <span class='ocrx_word' id='word_1_764' title='bbox 1227 5776 1290 5829; x_wconf 87' lang='lat' dir='ltr'><strong>ad</strong></span> <span class='ocrx_word' id='word_1_765' title='bbox 1345 5777 1445 5829; x_wconf 85' lang='lat' dir='ltr'><strong>hoc</strong></span> <span class='ocrx_word' id='word_1_766' title='bbox 1498 5778 1925 5836; x_wconf 80' lang='lat' dir='ltr'><strong>conferentibus.</strong></span> <span class='ocrx_word' id='word_1_767' title='bbox 1969 5781 2102 5834; x_wconf 89' lang='lat' dir='ltr'><strong>Cum</strong></span> <span class='ocrx_word' id='word_1_768' title='bbox 2146 5792 2326 5836; x_wconf 91' lang='lat' dir='ltr'><strong>autem</strong></span> 
     </span>
    </p>
   </div>
   <div class='ocr_carea' id='block_1_107' title="bbox 2497 4693 3995 4772">
    <p class='ocr_par' dir='ltr' id='par_1_107' title="bbox 2497 4693 3995 4772">
     <span class='ocr_line' id='line_1_107' title="bbox 2497 4693 3995 4772; baseline -0.002 -20"><span class='ocrx_word' id='word_1_769' title='bbox 2497 4698 2600 4752; x_wconf 68' lang='grc' dir='ltr'><strong>Μ’.</strong></span> <span class='ocrx_word' id='word_1_770' title='bbox 2647 4699 2723 4768; x_wconf 75' lang='grc' dir='ltr'><strong>Τῇ</strong></span> <span class='ocrx_word' id='word_1_771' title='bbox 2755 4697 2878 4767; x_wconf 77' lang='grc' dir='ltr'><strong>ἑξῆς</strong></span> <span class='ocrx_word' id='word_1_772' title='bbox 2906 4693 3000 4750; x_wconf 76' lang='grc' dir='ltr'><strong>οὖν</strong></span> <span class='ocrx_word' id='word_1_773' title='bbox 3026 4699 3123 4768; x_wconf 81' lang='grc' dir='ltr'>τὴν</span> <span class='ocrx_word' id='word_1_774' title='bbox 3152 4700 3407 4772; x_wconf 81' lang='grc' dir='ltr'>μάρτυρα</span> <span class='ocrx_word' id='word_1_775' title='bbox 3438 4699 3544 4752; x_wconf 86' lang='grc' dir='ltr'>τῶν</span> <span class='ocrx_word' id='word_1_776' title='bbox 3583 4699 3786 4768; x_wconf 81' lang='grc' dir='ltr'>τριχῶν</span> <span class='ocrx_word' id='word_1_777' title='bbox 3832 4700 3995 4751; x_wconf 77' lang='grc' dir='ltr'>ἀπαι-</span> 
     </span>
    </p>
   </div>
   <div class='ocr_carea' id='block_1_108' title="bbox 2431 4791 3996 4861">
    <p class='ocr_par' dir='ltr' id='par_1_108' title="bbox 2431 4791 3996 4861">
     <span class='ocr_line' id='line_1_108' title="bbox 2431 4791 3996 4861; baseline -0.003 -16"><span class='ocrx_word' id='word_1_778' title='bbox 2431 4791 2690 4860; x_wconf 86' lang='grc' dir='ltr'>ωρεῖσθαι</span> <span class='ocrx_word' id='word_1_779' title='bbox 2737 4792 2966 4847; x_wconf 87' lang='grc' dir='ltr'>κελεύει.</span> <span class='ocrx_word' id='word_1_780' title='bbox 3030 4794 3186 4861; x_wconf 82' lang='grc' dir='ltr'>Δεινὴ</span> <span class='ocrx_word' id='word_1_781' title='bbox 3276 4793 3334 4846; x_wconf 81' lang='grc' dir='ltr'>δὲ</span> <span class='ocrx_word' id='word_1_782' title='bbox 3382 4792 3663 4861; x_wconf 84' lang='grc' dir='ltr'>τιμωριῶν</span> <span class='ocrx_word' id='word_1_783' title='bbox 3703 4791 3846 4860; x_wconf 77' lang='grc' dir='ltr'>αὕτη</span> <span class='ocrx_word' id='word_1_784' title='bbox 3909 4792 3996 4843; x_wconf 80' lang='grc' dir='ltr'><strong>καὶ</strong></span> 
     </span>
    </p>
   </div>
   <div class='ocr_carea' id='block_1_109' title="bbox 2431 4883 3994 4953">
    <p class='ocr_par' dir='ltr' id='par_1_109' title="bbox 2431 4883 3994 4953">
     <span class='ocr_line' id='line_1_109' title="bbox 2431 4883 3994 4953; baseline -0.001 -19"><span class='ocrx_word' id='word_1_785' title='bbox 2431 4883 2805 4944; x_wconf 72' lang='grc' dir='ltr'>δεινὰς-’κατά</span> <span class='ocrx_word' id='word_1_786' title='bbox 2861 4899 2921 4934; x_wconf 87' lang='grc' dir='ltr'><strong>τε</strong></span> <span class='ocrx_word' id='word_1_787' title='bbox 2979 4883 3261 4952; x_wconf 85' lang='grc' dir='ltr'>μηνίγγων</span> <span class='ocrx_word' id='word_1_788' title='bbox 3310 4886 3404 4936; x_wconf 76' lang='grc' dir='ltr'><strong>καὶ</strong></span> <span class='ocrx_word' id='word_1_789' title='bbox 3457 4885 3584 4936; x_wconf 76' lang='grc' dir='ltr'>ἰνῶν</span> <span class='ocrx_word' id='word_1_790' title='bbox 3634 4886 3729 4937; x_wconf 70' lang='grc' dir='ltr'>καὶ</span> <span class='ocrx_word' id='word_1_791' title='bbox 3782 4885 3994 4953; x_wconf 78' lang='grc' dir='ltr'>ὑμένων</span> 
     </span>
    </p>
   </div>
   <div class='ocr_carea' id='block_1_110' title="bbox 2431 4973 3993 5044">
    <p class='ocr_par' dir='ltr' id='par_1_110' title="bbox 2431 4973 3993 5044">
     <span class='ocr_line' id='line_1_110' title="bbox 2431 4973 3993 5044; baseline -0.001 -18"><span class='ocrx_word' id='word_1_792' title='bbox 2431 4975 2634 5026; x_wconf 86' lang='grc' dir='ltr'>ὲνιεῖσα</span> <span class='ocrx_word' id='word_1_793' title='bbox 2669 4974 2766 5035; x_wconf 79' lang='grc' dir='ltr'>τὰς</span> <span class='ocrx_word' id='word_1_794' title='bbox 2799 4973 3099 5040; x_wconf 73' lang='grc' dir='ltr'>ἀλγηδόνας</span> <span class='ocrx_word' id='word_1_795' title='bbox 3124 4992 3138 5006; x_wconf 85' lang='grc'><strong>·</strong></span> <span class='ocrx_word' id='word_1_796' title='bbox 3173 4975 3307 5027; x_wconf 82' lang='grc' dir='ltr'>ἀλλὰ</span> <span class='ocrx_word' id='word_1_797' title='bbox 3339 4979 3404 5044; x_wconf 77' lang='grc' dir='ltr'>τῇ</span> <span class='ocrx_word' id='word_1_798' title='bbox 3442 4976 3532 5027; x_wconf 81' lang='grc' dir='ltr'>τοῦ</span> <span class='ocrx_word' id='word_1_799' title='bbox 3572 4974 3810 5043; x_wconf 74' lang='grc' dir='ltr'>Χριστοῦ</span> <span class='ocrx_word' id='word_1_800' title='bbox 3837 4975 3993 5041; x_wconf 78' lang='grc' dir='ltr'>δούλη</span> 
     </span>
    </p>
   </div>
   <div class='ocr_carea' id='block_1_111' title="bbox 2431 5062 3994 5134">
    <p class='ocr_par' dir='ltr' id='par_1_111' title="bbox 2431 5062 3994 5134">
     <span class='ocr_line' id='line_1_111' title="bbox 2431 5062 3994 5134; baseline 0.002 -23"><span class='ocrx_word' id='word_1_801' title='bbox 2431 5063 2643 5129; x_wconf 78' lang='grc' dir='ltr'>τρυφῆς</span> <span class='ocrx_word' id='word_1_802' title='bbox 2679 5064 2841 5132; x_wconf 75' lang='grc' dir='ltr'>ἡδίων</span> <span class='ocrx_word' id='word_1_803' title='bbox 2875 5065 2902 5130; x_wconf 80' lang='grc' dir='ltr'>ἡ</span> <span class='ocrx_word' id='word_1_804' title='bbox 2938 5062 3170 5132; x_wconf 81' lang='grc' dir='ltr'>βάσανος</span> <span class='ocrx_word' id='word_1_805' title='bbox 3204 5066 3505 5134; x_wconf 71' lang='grc' dir='ltr'>ἐνομίζετο,</span> <span class='ocrx_word' id='word_1_806' title='bbox 3547 5065 3667 5117; x_wconf 77' lang='grc' dir='ltr'>ὅθεν</span> <span class='ocrx_word' id='word_1_807' title='bbox 3712 5067 3804 5116; x_wconf 68' lang='grc' dir='ltr'><strong>καὶ</strong></span> <span class='ocrx_word' id='word_1_808' title='bbox 3836 5067 3994 5131; x_wconf 66' lang='grc' dir='ltr'>εὐχὴν</span> 
     </span>
    </p>
   </div>
   <div class='ocr_carea' id='block_1_112' title="bbox 2434 5154 3990 5226">
    <p class='ocr_par' dir='ltr' id='par_1_112' title="bbox 2434 5154 3990 5226">
     <span class='ocr_line' id='line_1_112' title="bbox 2434 5154 3990 5226; baseline 0.003 -23"><span class='ocrx_word' id='word_1_809' title='bbox 2434 5154 2570 5220; x_wconf 71' lang='grc' dir='ltr'>αὐτῇ</span> <span class='ocrx_word' id='word_1_810' title='bbox 2613 5155 3123 5222; x_wconf 74' lang='grc' dir='ltr'>προςαναμιγνῦσα,</span> <span class='ocrx_word' id='word_1_811' title='bbox 3171 5156 3490 5226; x_wconf 80' lang='grc' dir='ltr'>Εὐχαριστῶ</span> <span class='ocrx_word' id='word_1_812' title='bbox 3529 5173 3629 5215; x_wconf 78' lang='grc' dir='ltr'>σοι,</span> <span class='ocrx_word' id='word_1_813' title='bbox 3675 5157 3851 5221; x_wconf 81' lang='grc' dir='ltr'>ἔλεγε,</span> <span class='ocrx_word' id='word_1_814' title='bbox 3900 5158 3990 5209; x_wconf 67' lang='grc' dir='ltr'>θεέ</span> 
     </span>
    </p>
   </div>
   <div class='ocr_carea' id='block_1_113' title="bbox 2436 5247 3989 5316">
    <p class='ocr_par' dir='ltr' id='par_1_113' title="bbox 2436 5247 3989 5316">
     <span class='ocr_line' id='line_1_113' title="bbox 2436 5247 3989 5316; baseline 0.003 -22"><span class='ocrx_word' id='word_1_815' title='bbox 2436 5262 2536 5312; x_wconf 73' lang='grc' dir='ltr'><strong>μου</strong></span> <span class='ocrx_word' id='word_1_816' title='bbox 2572 5247 2662 5296; x_wconf 82' lang='grc' dir='ltr'><strong>καὶ</strong></span> <span class='ocrx_word' id='word_1_817' title='bbox 2693 5247 2989 5315; x_wconf 72' lang='grc' dir='ltr'>δημιουργὲ</span> <span class='ocrx_word' id='word_1_818' title='bbox 3011 5285 3026 5308; x_wconf 90' lang='grc'><strong>,</strong></span> <span class='ocrx_word' id='word_1_819' title='bbox 3064 5247 3144 5297; x_wconf 78' lang='grc' dir='ltr'><strong>ὅτι</strong></span> <span class='ocrx_word' id='word_1_820' title='bbox 3182 5264 3246 5314; x_wconf 89' lang='grc' dir='ltr'><strong>με</strong></span> <span class='ocrx_word' id='word_1_821' title='bbox 3279 5249 3378 5312; x_wconf 77' lang='grc' dir='ltr'><strong>τὴν</strong></span> <span class='ocrx_word' id='word_1_822' title='bbox 3405 5248 3504 5316; x_wconf 75' lang='grc' dir='ltr'>σὴν</span> <span class='ocrx_word' id='word_1_823' title='bbox 3533 5247 3726 5316; x_wconf 74' lang='grc' dir='ltr'>δούλην</span> <span class='ocrx_word' id='word_1_824' title='bbox 3761 5249 3989 5314; x_wconf 68' lang='grc' dir='ltr'>ἠξίωσας</span> 
     </span>
    </p>
   </div>
   <div class='ocr_carea' id='block_1_114' title="bbox 2433 5336 3990 5405">
    <p class='ocr_par' dir='ltr' id='par_1_114' title="bbox 2433 5336 3990 5405">
     <span class='ocr_line' id='line_1_114' title="bbox 2433 5336 3990 5405; baseline 0.001 -19"><span class='ocrx_word' id='word_1_825' title='bbox 2433 5338 2553 5398; x_wconf 86' lang='grc' dir='ltr'>ταῖς</span> <span class='ocrx_word' id='word_1_826' title='bbox 2597 5336 2734 5404; x_wconf 78' lang='grc' dir='ltr'>ὑπὲρ</span> <span class='ocrx_word' id='word_1_827' title='bbox 2790 5338 2883 5388; x_wconf 84' lang='grc' dir='ltr'>σοῦ</span> <span class='ocrx_word' id='word_1_828' title='bbox 2925 5337 3222 5405; x_wconf 84' lang='grc' dir='ltr'>τιμωρίαις</span> <span class='ocrx_word' id='word_1_829' title='bbox 3266 5339 3799 5405; x_wconf 73' lang='grc' dir='ltr'>ἐγκαλλωπίζεσθαι.</span> <span class='ocrx_word' id='word_1_830' title='bbox 3850 5339 3990 5391; x_wconf 73' lang='grc' dir='ltr'>Ἐπεὶ</span> 
     </span>
    </p>
   </div>
   <div class='ocr_carea' id='block_1_115' title="bbox 2433 5426 3988 5498">
    <p class='ocr_par' dir='ltr' id='par_1_115' title="bbox 2433 5426 3988 5498">
     <span class='ocr_line' id='line_1_115' title="bbox 2433 5426 3988 5498; baseline 0.002 -22"><span class='ocrx_word' id='word_1_831' title='bbox 2433 5426 2490 5477; x_wconf 77' lang='grc' dir='ltr'><strong>δὲ</strong></span> <span class='ocrx_word' id='word_1_832' title='bbox 2543 5427 2634 5478; x_wconf 76' lang='grc' dir='ltr'>καὶ</span> <span class='ocrx_word' id='word_1_833' title='bbox 2690 5428 2794 5478; x_wconf 82' lang='grc' dir='ltr'>ἔδει</span> <span class='ocrx_word' id='word_1_834' title='bbox 2843 5427 2931 5478; x_wconf 72' lang='grc' dir='ltr'><strong>διὰ</strong></span> <span class='ocrx_word' id='word_1_835' title='bbox 2982 5429 3164 5498; x_wconf 85' lang='grc' dir='ltr'>πάσης</span> <span class='ocrx_word' id='word_1_836' title='bbox 3215 5430 3598 5498; x_wconf 76' lang='grc' dir='ltr'>τιμωρητικῆς</span> <span class='ocrx_word' id='word_1_837' title='bbox 3658 5432 3804 5492; x_wconf 75' lang='grc' dir='ltr'>ίδέας</span> <span class='ocrx_word' id='word_1_838' title='bbox 3856 5430 3988 5488; x_wconf 77' lang='grc' dir='ltr'>οτοὺς</span> 
     </span>
    </p>
   </div>
   <div class='ocr_carea' id='block_1_116' title="bbox 2433 5519 3987 5591">
    <p class='ocr_par' dir='ltr' id='par_1_116' title="bbox 2433 5519 3987 5591">
     <span class='ocr_line' id='line_1_116' title="bbox 2433 5519 3987 5591; baseline 0.01 -22"><span class='ocrx_word' id='word_1_839' title='bbox 2433 5519 2674 5586; x_wconf 66' lang='grc' dir='ltr'>ἀθλητὰς</span> <span class='ocrx_word' id='word_1_840' title='bbox 2714 5519 2965 5581; x_wconf 77' lang='grc' dir='ltr'>διελθεῖν,</span> <span class='ocrx_word' id='word_1_841' title='bbox 3015 5521 3117 5572; x_wconf 71' lang='grc' dir='ltr'>κῖιν</span> <span class='ocrx_word' id='word_1_842' title='bbox 3156 5521 3231 5583; x_wconf 77' lang='grc' dir='ltr'>ὡς</span> <span class='ocrx_word' id='word_1_843' title='bbox 3271 5523 3480 5591; x_wconf 73' lang='grc' dir='ltr'>νηπίων</span> <span class='ocrx_word' id='word_1_844' title='bbox 3515 5523 3650 5591; x_wconf 78' lang='grc' dir='ltr'>βέλη</span> <span class='ocrx_word' id='word_1_845' title='bbox 3679 5525 3886 5584; x_wconf 66' lang='grc' dir='ltr'>τούτοις</span> <span class='ocrx_word' id='word_1_846' title='bbox 3928 5523 3987 5572; x_wconf 62' lang='grc' dir='ltr'><strong>τά</strong></span> 
     </span>
    </p>
   </div>
   <div class='ocr_carea' id='block_1_117' title="bbox 2434 5610 3984 5684">
    <p class='ocr_par' dir='ltr' id='par_1_117' title="bbox 2434 5610 3984 5684">
     <span class='ocr_line' id='line_1_117' title="bbox 2434 5610 3984 5684; baseline 0.004 -24"><span class='ocrx_word' id='word_1_847' title='bbox 2434 5611 2748 5677; x_wconf 66' lang='grc' dir='ltr'>ὲπαγόμενα</span> <span class='ocrx_word' id='word_1_848' title='bbox 2797 5610 3104 5676; x_wconf 76' lang='grc' dir='ltr'>ἐλογίζετο,</span> <span class='ocrx_word' id='word_1_849' title='bbox 3141 5615 3372 5680; x_wconf 71' lang='grc' dir='ltr'>κάμινον</span> <span class='ocrx_word' id='word_1_850' title='bbox 3404 5616 3672 5684; x_wconf 79' lang='grc' dir='ltr'>ἐκκαῆναι</span> <span class='ocrx_word' id='word_1_851' title='bbox 3716 5616 3923 5666; x_wconf 66' lang='grc' dir='ltr'>κελεύει</span> <span class='ocrx_word' id='word_1_852' title='bbox 3960 5615 3984 5665; x_wconf 81' lang='grc' dir='ltr'><strong>ὁ</strong></span> 
     </span>
    </p>
   </div>
   <div class='ocr_carea' id='block_1_118' title="bbox 2435 5699 3366 5770">
    <p class='ocr_par' dir='ltr' id='par_1_118' title="bbox 2435 5699 3366 5770">
     <span class='ocr_line' id='line_1_118' title="bbox 2435 5699 3366 5770; baseline 0.009 -23"><span class='ocrx_word' id='word_1_853' title='bbox 2435 5699 2679 5766; x_wconf 77' lang='grc' dir='ltr'>ἡγεμὼν,</span> <span class='ocrx_word' id='word_1_854' title='bbox 2718 5701 2870 5753; x_wconf 75' lang='grc' dir='ltr'>οὐδὲν</span> <span class='ocrx_word' id='word_1_855' title='bbox 2911 5703 3009 5767; x_wconf 73' lang='grc' dir='ltr'><strong>τῆς</strong></span> <span class='ocrx_word' id='word_1_856' title='bbox 3056 5703 3366 5770; x_wconf 76' lang='grc' dir='ltr'>Χαλδαῖκῆς</span> 
     </span>
    </p>
   </div>
   <div class='ocr_carea' id='block_1_119' title="bbox 2436 5790 3984 5864">
    <p class='ocr_par' dir='ltr' id='par_1_119' title="bbox 2436 5790 3984 5864">
     <span class='ocr_line' id='line_1_119' title="bbox 2436 5790 3984 5864; baseline 0.004 -25"><span class='ocrx_word' id='word_1_857' title='bbox 2436 5790 2526 5840; x_wconf 78' lang='grc' dir='ltr'><strong>καὶ</strong></span> <span class='ocrx_word' id='word_1_858' title='bbox 2553 5792 2715 5858; x_wconf 70' lang='grc' dir='ltr'>ἤγετο</span> <span class='ocrx_word' id='word_1_859' title='bbox 2745 5793 2876 5860; x_wconf 71' lang='grc' dir='ltr'>πρὸς</span> <span class='ocrx_word' id='word_1_860' title='bbox 2900 5793 3105 5862; x_wconf 84' lang='grc' dir='ltr'>ταύτην</span> <span class='ocrx_word' id='word_1_861' title='bbox 3145 5793 3242 5863; x_wconf 71' lang='grc' dir='ltr'><strong>ὕλη</strong></span> <span class='ocrx_word' id='word_1_862' title='bbox 3283 5795 3379 5862; x_wconf 74' lang='grc' dir='ltr'>ὅση</span> <span class='ocrx_word' id='word_1_863' title='bbox 3417 5799 3639 5864; x_wconf 61' lang='grc' dir='ltr'>τρέφειν</span> <span class='ocrx_word' id='word_1_864' title='bbox 3671 5796 3861 5864; x_wconf 72' lang='grc' dir='ltr'>ἔμελλε</span> <span class='ocrx_word' id='word_1_865' title='bbox 3902 5795 3984 5862; x_wconf 77' lang='grc' dir='ltr'><strong>την</strong></span> 
     </span>
    </p>
   </div>
   <div class='ocr_carea' id='block_1_120' title="bbox 3430 5705 3983 5774">
    <p class='ocr_par' dir='ltr' id='par_1_120' title="bbox 3430 5705 3983 5774">
     <span class='ocr_line' id='line_1_120' title="bbox 3430 5705 3983 5774; baseline -0.007 -19"><span class='ocrx_word' id='word_1_866' title='bbox 3430 5705 3642 5774; x_wconf 79' lang='grc' dir='ltr'>ἐκείνης</span> <span class='ocrx_word' id='word_1_867' title='bbox 3677 5705 3953 5756; x_wconf 71' lang='grc' dir='ltr'>ἐνδέουσαν</span> <span class='ocrx_word' id='word_1_868' title='bbox 3971 5743 3983 5762; x_wconf 89' lang='grc'><strong>,</strong></span> 
     </span>
    </p>
   </div>
  </div>
