4188 6432
113 414 301 480 1065
965 413 1423 473 MAR'l‘YRlUM
1465 411 1522 470 S.
1561 406 1744 470 EULA

1849 408 1934 469 ΠΙ
1995 409 2086 467 ΕΤ
2145 409 2203 468 S.
2240 405 2666 466 EULAMPL’E.
3276 401 3406 466 1066

107 531 332 593 οὕτως
364 530 750 598 ἐκκαιομένην,
787 527 1048 578 παντοίαν
1090 525 1196 575 τῶν
1228 522 1435 590 δημίων
1464 521 1539 586 είς
1576 519 1732 572 τοῦτο

1849 518 2048 573 lamina
2083 529 2227 571 esset
2265 516 2398 570 adeo
2439 516 2490 568 in
2522 516 2687 570 altum
2735 515 2965 582 sublata,
3006 528 3062 571 ut
3108 520 3268 573 etiam
3319 538 3408 576 eos

109 622 251 689 τὴν
309 622 549 689 σπουδὴν
607 617 1116 682 καταῦαλλομένων,
1177 615 1468 681 Marsa-390'.)
1525 612 1580 664 δέ
1625 611 1724 677 τῆς

1849 611 1917 678 lui
1951 610 2140 676 procul
2166 608 2464 663 cernebant
2517 609 2898 677 stupefaceret,
2934 611 3083 680 jubet
3122 610 3283 678 judcx
3319 615 3408 668 ad-

187 668 361 771 :.o-;b;
405 668 704 771 γενομένης
748 711 820 771 ὼς
857 706 1130 771 μακρόθεν
1167 705 1568 771 καταπλήττειν
1601 704 1724 763 τοὺς
1830 702 1951 754 duci
1987 710 2267 771 martyres.
2305 711 2357 755 et
2387 701 2528 753 trudi
2579 701 2632 752 in
2679 701 2914 754 medium
2966 702 3259 757 fornacem.
3307 706 3410 761 Adv

1831 790 1976 844 ducti
2010 801 2135 844 sunt
2177 806 2305 860 ergo
2353 801 2613 859 martyres
2649 807 2661 842 :
2697 791 2911 846 dixinus
2937 794 3154 862 quidem
3193 796 3410 849 liniam-

1831 885 1970 953 pius,
2004 892 2289 953 propterea
2323 884 2466 952 quod
2506 883 2716 936 fuerant
2749 884 2796 937 ei
2834 885 2972 938 eruti
3029 887 3193 947 oculi.
3241 905 3266 941 a
3296 893 3413 959 qui-

1831 974 2058 1028 bttsdam
2106 985 2354 1043 portatus
2399 991 2706 1045 ;generosa
2741 988 2921 1031 autem
2960 979 3237 1049 Eulampia
3287 997 3410 1036 cum

1835 1081 2024 1137 magna
2055 1081 2346 1120 accurrens
2378 1068 2620 1132 audacia,
2657 1078 2909 1138 tanquam
2947 1071 3264 1136 thalamum,
3304 1091 3410 1129 non

1833 1161 2105 1214 fornacem
2134 1161 2461 1231 ingrcssura.
2499 1161 2632 1214 Cum
2670 1172 2848 1215 autem
2893 1163 3001 1233 igni
3039 1165 3267 1221 fuissent
3306 1180 3412 1224 tra-

1835 1252 1955 1316 diti,
1993 1251 2204 1304 flamma
2255 1268 2346 1306 eos
2380 1252 2509 1305 nihil
2540 1251 2698 1316 farsit,
2740 1254 2832 1308 sed
2873 1259 3076 1318 statim,
3117 1260 3287 1314 instar
3314 1263 3412 1317 ab-

1837 1345 1985 1409 sidis,
2021 1346 2300 1398 incurvata
2362 1354 2416 1398 et
2470 1346 2756 1416 diligenter
2817 1364 3014 1403 cavens
3057 1367 3123 1405 ne
3172 1354 3407 1407 medium

1839 1435 2214 1504 interciperet,
2286 1447 2539 1504 tanquam
2617 1438 2670 1490 in
2734 1439 3128 1508 jucrmdissimo
3181 1445 3414 1499 thalamo

1840 1526 2072 1580 athletas
2099 1525 2435 1591 continebat,
2465 1537 2517 1580 et
2562 1537 2767 1584 natura:
2807 1547 2917 1585 sua:
2956 1535 3202 1588 ardorem
3231 1536 3283 1589 in
3317 1553 3415 1590 au-

1843 1632 1954 1669 ram
1985 1617 2305 1671 irrorantcm
2331 1621 2698 1674 convertebat.
2728 1621 2985 1693 Martyres
3014 1640 3138 1680 vero
3165 1637 3414 1696 tanquam

1843 1709 1892 1760 in
1928 1724 2080 1776 prato
2124 1710 2335 1764 roscido
2377 1720 2430 1764 et
2479 1727 2693 1767 amazno
2738 1716 2965 1770 choreas
3010 1727 3250 1788 agentes,
3289 1721 3420 1774 illud

1844 1799 2176 1870 descriptum
2195 1811 2248 1855 et
2275 1802 2528 1858 divinitus
2546 1805 2792 1860 cdomum
2806 1846 2818 1869 ,
2838 1823 3150 1876 puerorum,
3173 1812 3330 1880 inqua
3342 1829 3421 1886 ιι),

152 1903 476 1972 μετετίθει,
505 1901 599 1954 καὶ
630 1903 677 1952 οἱ
711 1900 984 1968 μάρτυρες
1024 1898 1097 1960 ὼς
1127 1899 1184 1948 ὲν
1215 1895 1442 1964 λειμῶνι
1482 1894 1736 1964 δροσῶδει

1849 1893 2111 1947 canebant
2140 1896 2435 1949 canticum.

148 2013 227 2046 τε
292 1997 388 2046 καὶ
440 1995 557 2062 ἡδεῖ
617 1991 958 2061 χορεύοντες,
1013 1989 1111 2059 τὴν
1171 1988 1313 2059 ᾠδὴν
1377 1988 1592 2058 ἐκείνην
1648 1987 1744 2057 τὴν

113 715 361 781 φλογὸς
405 713 704 781 γενομένης
748 711 820 771 ὡς
857 706 1130 778 μακρόθεν
1167 705 1568 773 καταπλήττειν
1601 704 1724 763 τοὺς

117 805 482 873 βλέποντας,
511 802 742 870 ἄγεσθαι
780 802 903 861 τοὺς
943 800 1227 867 μάρτυρας
1264 797 1291 846 ὁ
1335 793 1592 862 δικαστὴς
1634 809 1730 844 κε-

113 895 331 961 λεύει,
383 897 478 949 καὶ
542 892 639 964 τῆς
709 893 938 962 καμίνου
1007 892 1169 959 μέσον
1214 887 1493 940 ὠθεῖσθαι.
1552 887 1726 956 Προσ-

116 989 358 1053 ἠγοντο
388 986 478 1038 οὖν
506 988 552 1036 ol
591 985 886 1054 μάρτυρες,
916 984 942 1032 ὀ
975 982 1073 1047 μὲν
1101 981 1239 1041 θεῖος
1272 977 1617 1046 Εὐλάμπιος,
1643 974 1728 1026 διὰ

116 1078 202 1128 τὸ
261 1079 388 1138 τοὺς
424 1075 739 1143 ὀφθαλμοὺς
795 1071 1156 1138 ἐκκεκόφθαι,
1199 1070 1302 1121 ὑπό
1347 1085 1505 1120 τινων
1536 1066 1728 1118 διαδα-

90 1169 494 1235 νσταζόμενος
589 1169 618 1233 ἡ
677 1165 733 1216 δὲ
803 1163 1024 1230 γενναία
1083 1159 1378 1228 Εὺλαμπία
1441 1158 1535 1210 καὶ
1594 1157 1731 1224 μετὰ

126 1258 363 1310 πολλοῦ
404 1259 496 1309 τοῦ
537 1258 768 1326 θάρσους
802 1255 1178 1324 προτρέχουσα
1214 1251 1287 1311 ὡς
1330 1250 1407 1311 είς
1452 1248 1727 1316 θάλαμον,

123 1351 262 1401 οὐκ
289 1351 369 1410 εἰς
395 1351 624 1416 κάμινον
649 1347 1001 1413 ὲλευσομένη,
1025 1345 1098 1405 ὡς
1125 1343 1294 1395 δὲκαὶ
1323 1343 1397 1411 τῷ
1425 1343 1556 1409 πυρὶ
1586 1358 1731 1410 παρ’

127 1441 446 1508 εδὸθησαν,
499 1443 530 1508 ή
588 1438 717 1506 φλὸξ
771 1438 966 1500 αὐτοὺς
1015 1437 1168 1488 οὐδὲν
1236 1437 1562 1506 ἐλυμήνατο,
1615 1433 1730 1489 ἀλλ’

135 1532 370 1584 αὐτίκα
425 1531 582 1600 δίκην
642 1529 825 1595 rigido;
877 1528 1252 1596 κυρτωθεῖσα,
1306 1528 1402 1578 καὶ
1453 1525 1618 1594 πολλῇ
1670 1527 1734 1594 τῇ

136 1625 346 1692 φειδοῖ
409 1625 546 1692 πρὸς
600 1623 660 1673 τὸ
723 1623 887 1691 μέσον
943 1622 1332 1686 ἀπολαϐοῦσα,
1391 1620 1644 1690 καθάπερ
1680 1622 1736 1672 ἐν

138 1719 499 1788 φαιδροτάτῃ
563 1716 798 1768 παστάδι
855 1717 976 1776 τοὺς
1008 1714 1243 1784 ἀθλητὰς
1271 1712 1573 1780 ὲθαλάμευε
1598 1752 1609 1772 ,
1646 1711 1738 1762 καὶ

143 1812 230 1863 τὸ
268 1812 366 1878 τῆς
409 1811 621 1878 φύσεως
675 1807 993 1871 καυστικὸν,
1041 1807 1122 1868 είς
1172 1805 1344 1874 αὔραν
1383 1803 1736 1874 δροσίζουσαν

150 2084 529 2154 ἀνάγραπτον
574 2099 631 2132 τε
680 2081 775 2133 καὶ
814 2080 1153 2132 θεοδίδακτον
1193 2074 1298 2131 τῶν
1337 2078 1547 2131 παίδων
1593 2075 1742 2149 ᾖδον.

245 2175 348 2241 ΙΒ’.
389 2175 530 2242 Πρὸς
566 2171 740 2226 ταῦτα
771 2171 934 2223 πάλιν
963 2173 988 2222 ὁ
1017 2171 1280 2240 τύραννος
1306 2208 1318 2231 ,
1367 2169 1459 2220 καὶ
1505 2169 1584 2219 ἐτι
1629 2169 1746 2235 διη-

163 2271 400 2336 πορεῖτο
426 2307 438 2328 ,
494 2265 588 2318 καὶ
616 2268 682 2334 τῇ
716 2263 936 2333 τοιαύτῃ
989 2261 1378 2331 τερατουργία,
1434 2261 1658 2332 παρεῖτό
1691 2278 1747 2312 τε

311 2359 362 2388 1.:

160 2362 272 2413 aui.
310 2358 606 2426 ἐξησθένει,
637 2360 728 2409 καὶ
762 2355 895 2424 πρὸς
929 2354 1168 2423 ἐσχάτην
1203 2353 1518 2421 ἀμηχανίαν
1567 2351 1747 2415 ἐξέπι-

165 2469 334 2504 πτεν,
381 2447 512 2504 Εἶτα
561 2453 673 2510 τοῖς
717 2449 858 2510 ὅλοις
903 2445 1323 2515 ἀπαγορεύσας,
1379 2443 1476 2514 τὴν
1513 2445 1750 2513 ἐσχάτην

167 2546 274 2597 καὶ
315 2541 630 2594 τελευταίαν
673 2541 784 2598 τοῖς
835 2535 1094 2603 ἀθληταῖς
1159 2535 1546 2602 ὲπιψηφίξεται
1578 2550 1750 2601 τιμωο

171 2633 328 2703 ρίαν,
373 2631 469 2698 τὴν
500 2630 587 2682 διὰ
618 2629 710 2680 τοῦ
743 2627 933 2693 ξίφους
968 2627 1111 2694 φημὶ
1144 2625 1418 2693 τελευτήν.
1465 2623 1638 2684 Εὐθὺς
1661 2623 1752 2675 οὖν

169 2725 280 2797 τὴν
327 2721 419 2774 ἐπὶ
471 2720 683 2788 θανάτῳ
731 2717 1007 2787 δεσμῶται
1053 2718 1395 2782 ἀπάγονται,
1454 2715 1545 2767 καὶ
1577 2715 1604 2765 ὁ
1653 2714 1752 2784 μὲν

180 2815 403 2882 μάρτυς
455 2811 765 2879 ’προθύμως¹
803 2809 900 2879 τὴν
949 2809 1034 2861 διὰ
1092 2806 1186 2860 τοῦ
1245 2807 1432 2875 ξίφους
1477 2804 1753 2857 τελείωσιν

177 2905 448 2964 ὑποστὰς,
486 2906 622 2970 πρὸς
652 2902 916 2969 οὐρανοὺς
949 2901 1274 2968 στεφανίτης
1307 2899 1557 2969 ἀνήγετο.
1607 2899 1668 2948 ἸΙ
1696 2897 1751 2948 δὲ

173 2997 372 3051 τούτου
410 2993 610 3062 ἀδελφὴ
643 2995 735 3044 καὶ
767 2992 1020 3053 κοινωνὸς
1043 2992 1151 3043 τῶν
1180 2990 1424 3056 ἀγώνων,
1457 2989 1753 3043 τελειοῦται

178 3091 285 3144 καὶ
314 3089 419 3158 πρὸ
449 3088 542 3139 τοῦ
574 3087 763 3154 ξίφους
805 3085 897 3137 καὶ
949 3084 1162 3153 μάρτυς
1192 3084 1577 3150 ἀπηρτισμένη
1613 3082 1752 3134 κατά

179 3181 511 3251 προαίρεσιν
545 3180 775 3246 γίνεται,
810 3178 908 3229 οὐκ
940 3176 1162 3236 ἀπεικὸς
1190 3175 1347 3225 τοῦτο
1378 3174 1472 3243 τῆς
1501 3173 1594 3224 τοῦ
1620 3173 1753 3224 Θεοῦ

1917 2159 2033 2212 ΧΗ.
2068 2160 2144 2214 Ad
2181 2161 2293 2214 haec
2327 2177 2514 2215 rursus
2556 2173 2812 2232 tyrannus
2844 2176 2895 2219 et
2925 2169 3090 2239 magis
3119 2170 3420 2240 dubitabat,

1849 2263 1900 2307 et
1942 2254 2044 2307 hoc
2070 2255 2313 2324 prodigio
2339 2255 2494 2324 plane
2523 2269 2770 2312 evaserat
2800 2260 3010 2316 solutus
3027 2272 3080 2317 et
3113 2266 3420 2333 imbecillis,

1851 2355 1902 2398 et
1962 2346 2209 2399 redactus
2251 2357 2366 2399 crat
2420 2349 2484 2401 ad
2545 2359 2839 2404 extremam
2895 2355 3104 2408 consilii
3161 2359 3419 2427 inopiam.

1856 2438 2056 2490 Deinde
2101 2454 2221 2490 cum
2269 2453 2483 2490 omnem
2537 2455 2686 2508 spem
2734 2442 2947 2511 penitus
2993 2445 3309 2515 abjecisset,
3371 2453 3424 2505 in

1853 2529 2079 2582 athletas
2103 2529 2346 2581 ultimum
2374 2531 2560 2583 statuit
2589 2533 2932 2601 supplicium,
2961 2551 3156 2606 nempe
3187 2542 3423 2595 utvitam

1855 2620 2292 2690 ﬁuireutgladio.
2321 2620 2577 2677 Protinus
2620 2639 2747 2694 ergo
2793 2625 2957 2680 vincti
2991 2629 3332 2685 abducuntur
3362 2637 3427 2688 ad

1842 2723 2106 2767 mortem.
2151 2714 2212 2766 lit
2252 2725 2456 2785 martyr
2481 2717 2698 2784 quidem
2743 2733 2868 2771 cum
2897 2731 3150 2789 prompto
3179 2732 3232 2777 et
3264 2725 3427 2777 alacri

1856 2805 2038 2858 animo
2070 2805 2326 2859 subiisset
2359 2807 2536 2874 gladio
2581 2810 3129 2876 consummationem,
3173 2813 3228 2866 in
3263 2816 3430 2868 cmlos

1857 2907 2151 2952 coronatus
2213 2898 2492 2952 extollitur
2534 2916 2547 2953 :
2588 2899 2705 2968 ejus
2761 2912 2938 2955 autem
2981 2919 3134 2958 soror
3186 2914 3238 2959 et
3284 2909 3431 2961 socia

1858 2991 2260 3055 certaminum,
2315 2991 2480 3044 etiam
2538 3002 2661 3046 ante
2714 2991 2948 3064 gladium
2997 3006 3432 3062 consummatur,

1858 3082 2242 3150 propositoque
2266 3092 2320 3134 et
2350 3083 2512 3134 animi
2544 3082 2790 3136 instituto
2837 3085 2896 3137 fit
2931 3086 3168 3153 perfecta
3209 3099 3430 3158 martyr.

1862 3171 1972 3226 Hoc
2005 3180 2180 3227 autem
2221 3187 2326 3226 non
2369 3173 2435 3226 ab
2467 3188 2523 3226 re
2548 3174 2786 3242 providit
2816 3176 2907 3228 Dei
2931 3177 3215 3244 sapientia,
3251 3181 3343 3232 sed
3377 3189 3434 3233 ut

181 3275 385 3341 σοφίας
421 3273 880 3340 οἱκονομησάσης,
913 3269 1025 3322 ἀλλ’
1062 3269 1148 3320 ἵνα
1183 3266 1316 3337 μηδὲ
1350 3265 1599 3334 σώματος
1654 3282 1744 3318 κα·

1859 3278 2055 3328 corpus
2089 3264 2350 3317 mundum
2384 3273 2437 3317 et
2475 3281 2502 3317 a
2551 3265 2806 3319 vitiorum
2844 3269 3242 3323 consuetudine
3293 3270 3434 3324 inta-

182 3361 384 3431 θαροῦ,
451 3365 543 3412 καὶ
606 3360 793 3411 παθῶν
852 3358 1156 3426 ἐπιμιξίαις
1211 3356 1517 3421 ἀνεπὰφου,
1579 3357 1760 3424 χεῖρες

185 3453 496 3518 ἀκάθαρτοι
524 3450 801 3518 ψαύσωσι,
842 3446 1042 3517 μᾶλλον
1069 3446 1132 3516 δὴ
1165 3446 1263 3515 τῆς
1301 3447 1508 3499 ἑαυτῶν
1545 3447 1762 3513 σφαλῶ-

189 3559 282 3596 σιν
316 3539 551 3601 ἐλπίδος,
584 3539 795 3606 ἐκείνης
830 3535 1195 3605 ἀποτυχόντες
1239 3537 1338 3604 τῆς
1391 3538 1660 3603 τιμωρίας
1692 3534 1758 3587 δι’

184 3629 262 3704 ἦς
297 3631 528 3691 αἰκίζειν
572 3631 670 3697 τὴν
708 3630 964 3698 μάρτυρα
1019 3627 1210 3695 ᾤοντο.
1257 3625 1443 3679 Ταῦτα
1485 3627 1592 3677 τῶν
1632 3630 1761 3693 ἀητ·

186 3726 378 3794 τήτων
429 3723 723 3791 μαρτύρων
781 3720 1017 3790 Χριστοῦ
1065 3719 1130 3770 τὰ
1182 3719 1569 3788 παλαίσματα*
1605 3718 1763 3771 τοῦτο

187 3817 304 3868 τῶν
358 3815 618 3884 ἀοιδίμων
719 3814 776 3865 τὸ
854 3811 1179 3864 πολύευκτον
1244 3811 1457 3880 πέραςο
1543 3811 1764 3872 τούτους

198 3908 552 3977 ἐμακάρισαν
588 3905 686 3972 μὲν
716 3906 773 3955 αἱ
806 3904 991 3970 νοεραὶ
1021 3906 1194 3954 πᾶσαι
1218 3903 1506 3970 δυνάμεις,
1540 3902 1762 3954 ἐπευλό-

192 4016 378 4066 γησαν
401 3999 458 4050 δὲ
489 3996 850 4066 πατριάρχαι,
891 3994 1179 4047 ἀπόστολοι
1209 3992 1410 4064 ᾔνεσαν
1433 4033 1448 4058 ,
1482 3995 1575 4048 καί
1620 3995 1760 4064 μάρ-

192 4107 360 4160 τυρες
409 4089 482 4152 ὼς
533 4087 864 4157 ἐφαμίλλους
897 4085 1003 4138 τῶν
1057 4085 1252 4148 πόνων,
1307 4085 1398 4136 καὶ
1445 4085 1543 4154 τῆς
1591 4086 1767 4138 αὐτῶν

199 4181 499 4250 ἰσορρόπου
534 4178 851 4247 ὁμολογίας,
912 4177 1063 4246 ίερὰν
1119 4176 1436 4247 προσθήκην
1487 4173 1765 4238 ἐδέξαντο·

200 4274 365 4333 αὐτὸς
398 4271 453 4323 δὲ
481 4271 508 4320 ὁ
548 4269 917 4336 Ἀγωνοθέτης
952 4267 1092 4336 ὑπὲρ
1126 4261 1185 4318 οὗ
1220 4267 1279 4317 τὸ
1311 4269 1542 4336 πάσχειν
1586 4265 1770 4336 προεί-

203 4363 377 4426 λοντο,
419 4363 512 4414 καὶ
560 4360 618 4412 ὃν
648 4358 957 4429 ἔμπροσθεν
1000 4357 1106 4410 τῶν
1151 4356 1454 4425 ἀνθρώπων
1499 4375 1767 4426 μαρτυρια

201 4456 319 4516 κῶς
365 4454 746 4525 ὡμολόγησαν,
795 4451 888 4503 καὶ
940 4450 1100 4512 αὐτὸς
1142 4449 1372 4503 ἐνώπιον
1426 4447 1520 4501 τοῦ
1563 4450 1771 4519 [ἰατρὸς

1861 3361 2007 3407 ctum
2043 3368 2236 3407 manus
2266 3354 2558 3407 imnmndaa
2591 3371 2696 3408 non
2743 3367 3043 3426 tangerent,
3064 3368 3226 3428 atque
3253 3370 3310 3415 ut
3335 3378 3432 3414 sua

1862 3457 1956 3510 spe
1991 3443 2138 3510 impii
2173 3443 2588 3510 frustrarentur,
2615 3460 2737 3499 cum
2769 3447 2835 3500 ab
2881 3461 2946 3502 eo
2982 3449 3264 3505 inferendo
3292 3453 3437 3506 exci-

1864 3535 2376 3605 dissentsupplicio,
2409 3552 2504 3606 per
2549 3537 2692 3606 quod
2745 3542 3005 3607 putabant
3039 3558 3097 3596 se
3146 3549 3435 3612 punituros

1864 3637 2182 3696 martyrem.
2217 3629 2343 3682 Haec
2373 3640 2500 3683 sunt
2546 3630 2868 3685 invictarum
2903 3633 3104 3688 Christi
3139 3647 3432 3707 martyrum

1864 3720 2161 3773 certamina
2217 3728 2271 3773 et
2323 3720 2410 3773 hic
2468 3731 2550 3774 est
2614 3723 2886 3790 optandus
2945 3727 3066 3780 ﬁnis
3141 3729 3433 3800 insignium

1865 3809 2209 3861 athletarum.
2261 3809 2386 3863 Illos
2433 3810 2661 3865 bearunt
2705 3813 2921 3881 quidem
2972 3832 3163 3873 omnes
3213 3821 3437 3874 Virtutes

1867 3899 2276 3964 intelligentes,
2327 3901 2721 3956 bcnedixerunt
2766 3906 3102 3972 patriarchae,
3149 3909 3439 3964 laudarunt

1870 3991 2096 4060 apostoli
2140 4001 2195 4046 et
2237 4003 2523 4062 martyres,
2549 4003 2606 4049 ut
2649 3997 2726 4050 eis
2773 4013 2929 4068 pares
2971 4002 3022 4053 iu
3048 4002 3338 4058 laboribus
3386 4019 3440 4059 et

1870 4084 2103 4152 aaquales
2153 4084 2205 4138 in
2256 4084 2601 4141 confessione
2644 4101 3056 4146 sacrosanctum
3111 4107 3442 4164 acceperunt

1870 4175 2319 4228 additamentum.
2372 4176 2491 4244 Ipse
2531 4187 2711 4231 autem
2762 4181 3099 4249 Agonotheta
3151 4195 3205 4238 et
3256 4186 3432 4237 Domi-

1871 4281 1998 4329 nus,
2041 4281 2140 4335 pro
2183 4281 2292 4335 quo
2338 4268 2450 4336 pati
2487 4269 2910 4334 constituerunt,
2947 4280 3001 4324 et
3055 4288 3214 4342 quem
3257 4290 3438 4333 coram

1873 4357 2186 4412 hominibus
2237 4359 2524 4430 martyrice
2570 4360 2804 4416 confessi
2841 4375 2990 4431 sunt,
3018 4365 3152 4435 ipse,
3199 4367 3439 4438 inquam.

1874 4462 2054 4502 (oram
2091 4448 2249 4503 Patre
2285 4467 2377 4507 eos
2413 4453 2686 4521 praconio
2709 4455 3014 4523 honoravit,
3041 4459 3182 4510 sicut
3217 4469 3298 4513 est
3331 4461 3444 4529 pol~

199 4546 346 4598 κατὰ
390 4547 447 4597 τὸ
494 4542 820 4613 ὲτάγγελμα
847 4543 1175 4612 ἀνεκήρυξε,
1220 4543 1314 4596 καὶ
1349 4541 1640 4604 κοινωνοὺς
1669 4542 1744 4610 τῆ

1875 4541 2075 4606 licitas,
2122 4542 2412 4613 gloriaeque
2454 4553 2507 4597 et
2552 4545 2701 4616 regni
2750 4546 3010 4601 caelorum
3053 4550 3228 4605 socios
3271 4553 3438 4606 fecit:

200 4635 366 4704 δόξης
416 4638 508 4687 καί
571 4636 664 4701 τῆς
733 4635 1012 4703 βασιλείας
1066 4633 1379 4700 εἰργάσατο.
1441 4632 1563 4684 ’Ότι
1619 4633 1766 4702 αὑτῴ

205 4731 410 4799 πρέπει
443 4728 591 4779 πᾶσα
615 4725 764 4790 δόξα,
788 4726 921 4792 τιμὴ
953 4725 1044 4774 καὶ
1065 4725 1287 4789 κράτος,
1320 4723 1675 4794 μεγαλωσύνη
1707 4741 1766 4776 τε

201 4823 297 4871 καὶ
327 4819 790 4889 μεγαλοπρέπεια,
818 4815 910 4869 νῦν
937 4814 1025 4868 καὶ
1051 4815 1136 4867 ἀεὶ
1187 4815 1281 4866 καὶ
1312 4817 1390 4878 εἰς
1421 4818 1544 4881 τοὺς
1566 4818 1766 4881 αἰῶνας

201 4912 313 4965 τῶν
341 4911 571 4966 αἰώνων.
628 4911 818 4980 Ἀμήν.

633 5931 903 5992 Pauor...
950 5928 1065 5993 Gn.
1099 5931 1292 6023 CXV.

1875 4635 2132 4705 quoniam
2168 4652 2292 4691 eum
2335 4636 2492 4692 decet
2524 4639 2702 4693 omnis
2736 4640 2922 4712 gloria,
2958 4642 3130 4696 honor
3166 4655 3220 4696 et
3250 4645 3440 4698 adora-

1876 4728 1970 4790 tio,
1994 4744 2136 4782 nunc
2211 4737 2265 4782 et
2317 4743 2549 4800 semper,
2615 4740 2667 4784 et
2716 4732 2768 4784 in
2842 4734 3033 4786 smcula
3097 4734 3437 4791 saeculorum.

1880 4818 2074 4872 Amen.

3062 5927 3137 5994 Μ
