4188 6432
718 355 853 423 1079

1987 356 2268 421 MENSIS
2307 354 2668 415 OCTOBER.

3863 359 4033 423 1080

717 469 896 526 sisset,
923 479 1079 518 suum
1112 464 1329 534 quidem
1360 465 1596 519 refrenat
1624 466 1907 535 impetum,
1935 467 2168 536 procidit
2194 483 2286 522 au-
2321 516 2322 521 η

2410 484 2559 528 τασα,
2591 468 2682 519 καὶ
2716 467 2826 530 ὀξεῖ
2867 467 3052 536 δρόμῳ
3081 467 3189 528 τοῖς
3230 466 3466 536 μάρτυσι
3508 467 4028 535 προσπελάσεισα,

721 565 826 611 tem
880 557 947 612 ad
999 557 1163 624 pedes
1215 567 1546 612 sanctorum.
1606 558 1885 614 Tarachus
1925 572 2106 614 autem
2160 576 2284 614 cum

721 662 961 705 sanctam
995 665 1213 704 manum
1250 653 1606 713 extendisset,
1641 663 1692 707 et
1733 655 1927 722 partim
1963 656 2177 724 quidem
2206 657 2289 725 pi-

723 743 812 805 lis,
845 742 1041 811 partim
1074 758 1204 797 vero
1253 757 1382 797 aure
1416 745 1886 814 apprehendisset,
1918 747 1983 800 ad
2016 763 2075 802 se
2106 749 2290 801 trahe-

723 833 833 887 bat.
855 834 948 886 llla
978 845 1154 886 autem
1187 848 1335 896 cum,
1359 835 1580 904 placidae
1603 837 1720 891 ovis
1750 837 1941 900 instar,
1967 841 2287 893 contrectari

727 941 834 980 non
867 927 1160 991 renuisset,
1193 927 1256 979 ad
1293 940 1497 996 portam
1530 937 1713 998 postea
1746 932 2001 994 accurrit,
2036 941 2089 986 et
2121 933 2291 986 infixit

727 1017 919 1072 dentes
953 1017 1171 1080 tabulis,
1215 1026 1266 1071 et
1303 1034 1399 1087 per
1439 1020 1544 1073 vim
1592 1023 1889 1078 conabatur
1922 1026 2139 1092 egredi:
2195 1042 2292 1081 nec

729 1108 882 1177 prius
911 1109 1133 1173 dimisit,
1166 1125 1325 1179 quam
1352 1112 1642 1166 clamasset
1683 1115 1915 1183 populus
1943 1117 2139 1185 iubens
2173 1135 2290 1172 eam

730 1200 876 1253 foras
903 1201 1071 1254 exire.
1106 1199 1230 1255 Haec
1258 1211 1437 1256 autem
1463 1211 1516 1257 et
1551 1203 1633 1257 his
1669 1204 1861 1258 similia
1894 1221 2052 1260 nemo
2093 1209 2296 1275 putarit

732 1306 839 1345 non
872 1293 1166 1354 credenda.
1207 1294 1394 1362 legens
1444 1296 1749 1364 epistolam,
1785 1315 1945 1368 quam
1982 1301 2196 1369 scripsit
2231 1303 2297 1356 ad

733 1385 1007 1440 Romanos
1039 1385 1259 1440 divinus
1292 1385 1551 1456 lgnatius.
1588 1391 1676 1444 Sic
1702 1391 1847 1444 enim
1881 1392 2082 1447 habet:
2115 1393 2299 1464 Meju-

733 1475 912 1529 verint
941 1475 1127 1530 bestiae
1158 1476 1291 1530 mihi
1335 1487 1535 1545 paratae
1579 1494 1712 1547 quas
1753 1482 1914 1534 etiam
1954 1491 2078 1550 Opto
2114 1485 2166 1538 in
2215 1501 2300 1539 me

735 1565 965 1619 inveniri
997 1577 1295 1635 promptas.
1345 1566 1552 1632 Quibus
1594 1573 1758 1624 etiam
1804 1571 2072 1637 blandiar,
2113 1585 2171 1629 ut
2218 1589 2301 1630 me

737 1658 973 1712 breviter
1004 1659 1286 1714 devorent.
1342 1659 1496 1726 Quod
1546 1662 1590 1716 si
1623 1664 1783 1716 etiam
1833 1665 2025 1730 nolint,
2082 1682 2182 1737 ego
2224 1671 2304 1723 eis

737 1752 843 1804 vim
878 1751 1125 1806 afferam.

807 1843 923 1898 ΧΠ.
965 1844 1102 1900 Hinc
1134 1846 1396 1902 Maximus
1440 1849 1604 1903 animi
1637 1849 1858 1912 dubius,
1907 1852 2172 1920 planeque
2205 1869 2303 1906 ne-

740 1938 921 1991 sciens
966 1939 1092 2006 quid
1141 1951 1344 2010 ageret.
1381 1956 1503 1994 cum
1537 1943 1745 1997 videret
1790 1954 2006 1998 sanctos
2046 1932 2308 2015 martyres

744 2045 839 2096 per
868 2033 1048 2084 omnia
1089 2034 1461 2101 resplendere,
1500 2044 1554 2088 et
1586 2036 1770 2090 haberi
1825 2037 1876 2090 in
1925 2039 2304 2107 admiratione,

745 2138 840 2178 eos
867 2132 1038 2178 morte
1070 2126 1415 2180 condemnat.
1436 2127 1538 2193 Qui
1563 2144 1705 2194 cum,
1727 2139 1980 2198 tanquam
2016 2146 2128 2184 rem
2163 2133 2306 2186 desi-

743 2215 1007 2278 deratam,
1053 2217 1192 2270 hanc
1242 2227 1537 2273 extremam
1593 2223 1927 2291 accepissent
1962 2225 2308 2288 sententiam,

749 2305 1012 2359 truncatis
1043 2307 1331 2375 capitibus,
1362 2310 1604 2364 coronati
1656 2313 1891 2381 migrant
1919 2314 1983 2368 ad
2016 2330 2198 2368 veram
2230 2316 2278 2368 vi

750 2405 880 2462 tam,
911 2397 1124 2453 fruituri
1153 2402 1386 2471 prmmiis
1416 2403 1852 2471 immortalitatis,
1887 2419 1940 2461 et
1970 2424 2054 2474 ea,
2091 2425 2209 2478 qua:
2232 2420 2314 2465 est

749 2487 882 2553 illic,
919 2488 1269 2545 beatitudine.
1305 2492 1411 2546 Sed
1436 2494 1649 2550 invidus
1671 2497 1912 2564 quidem,
1943 2510 1996 2551 et
2024 2501 2315 2556 sceleratus

745 2580 928 2645 judex,
976 2581 1134 2637 nobis
1173 2583 1422 2637 invidens
1463 2595 1777 2640 sanctorum
1851 2590 2127 2658 reliquias,
2161 2593 2317 2660 jubet

751 2686 980 2738 corpora
1022 2681 1316 2743 martyrum
1367 2674 1610 2743 profanis
1644 2679 1925 2734 admisceri
1973 2685 2314 2752 corporibus,

751 2777 870 2830 quae
897 2762 1108 2817 fuerant
1145 2763 1424 2819 interfecta
1448 2783 1475 2818 a
1512 2768 1916 2836 gladiatoribus,
1951 2775 2135 2826 decem
2176 2775 2316 2826 mili-

754 2850 898 2906 tibus
929 2853 1210 2918 maudans,
1266 2865 1324 2908 ut.
1369 2869 1429 2908 ea
1470 2868 1768 2911 servarent.
1835 2859 1975 2914 Deus
2016 2870 2191 2916 autem
2232 2877 2318 2916 re-

754 2957 872 2995 rum
907 2943 1327 3007 admirabilium,
1361 2948 1779 3004 eonvivantibus
1814 2953 2150 3017 custodibus,
2193 2972 2314 3009 cum

750 3035 862 3102 jam
899 3049 1084 3105 rogum
1117 3037 1512 3101 accendisscnt,
1558 3055 1747 3110 magna
1783 3043 1830 3094 vi
1867 3055 2090 3113 repente
2116 3048 2317 3102 caden-

2389 559 2599 628 χαλινοῖ
2631 559 2727 628 μὲν
2778 558 2976 626 ἑαυτὴν
3030 560 3130 628 τῆς
3177 558 3372 626 ὁρμῆς,
3429 557 3740 609 ὑποκύπτει
3783 557 3856 608 δὲ
3891 561 4032 618 τοῖς

2391 651 2498 702 τῶν
2521 651 2680 702 ὁσίων
2701 649 2844 704 ποσί.
2867 650 3114 719 Τάραχος
3137 639 3189 701 δὲ
3209 647 3306 719 τὴν
3331 648 3490 715 ἁγίαν
3515 648 3774 709 ἐκτείνας
3799 650 4027 716 χεῖρα,

2393 745 2484 794 καὶ
2515 741 2591 810 πῆ
2633 742 2727 809 μὲν
2761 741 2866 793 τῶν
2921 740 3145 810 τριχῶν,
3200 741 3276 808 πῆ
3321 739 3375 790 δὲ
3423 738 3514 790 τοῦ
3547 738 3690 800 ὠτὸς
3748 739 4017 803 ἐκείνης

2391 833 2826 902 λαμϐανόμενος,
2869 827 3017 883 εἷλκε
3057 830 3189 901 πρὸς
3222 831 3429 895 ἑαυτὸν,
3461 832 3493 898 ἡ
3540 829 3598 881 δὲ
3654 831 3765 899 τὴν
3840 831 4026 897 ἁᾷὴι

2399 926 2622 996 ἡμέρως
2670 925 2744 987 ὼς
2802 923 3079 994 πρόϐατον
3129 922 3559 991 ἁποσεισαμένη,
3595 923 3691 973 καὶ
3725 923 3799 989 τῇ
3860 921 4026 989 65;;

2395 1020 2837 1089 προσδραμοῦσα,
2864 1021 2989 1079 τοὺς
3022 1017 3237 1078 ὀδόντας
3269 1019 3387 1078 ταῖς
3419 1016 3593 1068 σανίσι
3630 1016 4017 1084 προσέπηξε.

2395 1114 2505 1166 Καὶ
2536 1112 2772 1178 ἐξελθεῖν
2802 1111 3074 1175 ἐϐιάζετο,
3122 1112 3215 1164 καὶ
3253 1110 3354 1162 οὐκ
3382 1111 3583 1177 ἀνῆκεν
3620 1110 3733 1169 ἓως
3768 1110 3797 1158 ὁ
3825 1108 4024 1174 δῆμος

2397 1207 2501 1271 ἔξω
2533 1205 2787 1273 γενέσθαι
2818 1207 3019 1274 ταύτην
3046 1205 3257 1272 ἐϐόησε.
3289 1203 3472 1255 Ταῦτα
3523 1202 3581 1254 δὲ
3634 1203 3840 1271 μηδεὶς
3878 1205 4018 1252 ἁπι-

2401 1298 2603 1351 στείτω
2644 1296 2737 1350 καὶ
2781 1297 2847 1350 τὰ
2879 1298 3090 1358 τούτοις
3122 1298 3301 1366 ὅμοια,
3343 1296 3438 1364 τὴν
3478 1295 3786 1363 ἐπιστολὴν
3809 1296 4022 1358 ἁνατιο

2401 1392 2645 1455 νώσκων,
2690 1392 2755 1462 ἢν
2787 1391 3065 1443 ἐπέστειλε
3126 1388 3418 1459 Ῥωμαίοις
3447 1390 3472 1440 ὁ
3511 1387 3792 1454 θεοφόρος
3835 1385 4020 1450 Ίγνα-

2401 1501 2530 1546 τιος.
2567 1485 2718 1552 Ἔχει
2748 1485 2854 1550 γὰρ
2882 1476 2982 1534 ὧδὲ
3018 1499 3134 1543 πως
3173 1497 3185 1509 ’
3235 1479 3480 1547 Ὀναίνην
3503 1479 3612 1530 τῶν
3643 1478 3875 1546 Θηρίων
3905 1478 4021 1528 τῶν

2404 1579 2524 1646 ἐμοὶ
2547 1579 2799 1644 ἑτοίμων,
2825 1576 2859 1630 ἃ.
2879 1575 2974 1629 καὶ
2999 1576 3251 1646 εὔχομαι,
3274 1573 3515 1642 σύντομά
3541 1590 3632 1640 μοι
3653 1572 4008 1638 εὑρεθῆναι,

2405 1668 2440 1722 δι
2488 1671 2578 1722 καὶ
2622 1668 2900 1724 κολακεύω
2952 1666 3234 1736 συντόμως
3315 1681 3381 1734 με
3440 1663 3828 1732 καταφαγεῖν.
3887 1662 4019 1712 Κᾶν

2409 1761 2544 1814 αὐτὰ
2580 1760 2654 1828 μὴ
2691 1759 2841 1829 Οὲλῃ,
2867 1757 2975 1827 ἐγὼ
3001 1758 3055 1811 δὲ
3085 1757 3509 1826 προσϐιάσομαι.

2477 1855 2575 1908 IB'.
2624 1852 2902 1905 Ἐντεῦϐεν
2931 1853 3041 1911 τοῖς
3069 1849 3209 1909 ὅλοις
3238 1850 3264 1899 ό
3295 1849 3542 1916 Μάξιμος
3576 1846 4008 1916 ἐξαπορηίὶεὶς,

2408 1944 2500 1996 καὶ
2534 1941 2620 1994 διὰ
2649 1942 2862 1994 πάντων
2887 1939 3198 2006 λάμποντας
3228 1938 3318 1988 καὶ
3350 1937 3822 2003 θαυμαζομένους
3860 1935 4016 2004 ὀρῶν

2407 2039 2530 2099 τοὺς
2561 2037 2871 2105 μάρτυρας,
2892 2032 2983 2082 τὸν
3014 2031 3101 2081 διὰ
3128 2029 3310 2098 ξίφους
3336 2029 3515 2082 αὐτῶν
3534 2028 4013 2095 καταῷηςςίζεται

2413 2127 2664 2180 θάνατον.
2707 2123 2770 2176 Οἳ
2801 2123 2897 2175 καὶ
2945 2121 3134 2190 ὥσπερ
3163 2138 3212 2172 τι
3262 2121 3450 2189 χρῆμα
3484 2118 3865 2188 ποθοῦμενον,
3914 2119 4017 2187 τὴν

2414 2215 2735 2270 τελευταίαν
2780 2213 2994 2282 ταύτην
3040 2213 3221 2281 ψῆφον
3282 2211 3696 2280 ὑποδεξάμενοι,

2414 2309 2652 2379 κεφαλὰς

2415 2402 2590 2473 ἁληθῆ
2621 2400 2764 2472 ζωὴν
2795 2398 3204 2469 μεταϐαίνουσι,
3236 2396 3343 2447 τῶν
3389 2396 3487 2463 τῆς
3516 2393 3835 2452 ἀθανασίας
3870 2391 4013 2457 βρα-

3756 2212 3856 2262 καὶ
3913 2211 4017 2267 τὰς

2743 2307 3127 2377 ὲκτμηθέντες,
3207 2306 3599 2373 augur-‘3'.th
3689 2305 3838 2371 πρὸς
3914 2301 4016 2369 τὴν

2418 2495 2578 2545 ϐείω-δ
2612 2492 2705 2544 καὶ
2756 2491 2852 2558 τῆς
2884 2488 3092 2540 ἐκεῖθεν
3132 2485 3532 2555 μακαριότητος
3563 2481 4010 2538 ἀπολαύσοντες.

2441 2585 2641 2638 ’Λλλ’ό
2698 2584 2793 2651 μὲν
2848 2581 3117 2647 βάσκανος
3175 2577 3268 2628 καὶ
3330 2572 3673 2645 μιαρώτατος
3733 2571 4012 2637 δικαστὴς

2422 2676 2632 2747 φθονῶν
2671 2675 2801 2742 ἡμῖν
2835 2669 2942 2722 τῶν
2980 2669 3159 2735 ἁγίων
3195 2668 3484 2736 λειψάνων,
3516 2667 3582 2717 τα
3622 2664 3868 2733 σώματα
3902 2664 4011 2715 τῶν

2425 2768 2738 2838 μαρτύρων.
2779 2768 2889 2828 τοῖς
2926 2764 3075 2831 παρὰ
3131 2762 3241 2814 τῶν
3296 2759 3619 2827 μονομάχων
3658 2757 4007 2824 ἀναιρεϐεἴσι

2425 2860 2672 2931 βεῦή).οις
2733 2858 2981 2928 ἀνέμιξε,
3027 2854 3373 2924 στρατιωτῶν
3406 2852 3588 2903 δεκάδι
3626 2849 4004 2916 φυλάττεσθαι

2423 2952 2590 3005 ταῦτα
2618 2952 3031 3019 διαταξάμενος.
3076 2949 3134 2997 Ὀ
3189 2946 3244 2996 δὲ
3296 2945 3403 2994 τῶν
3457 2941 3784 3008 Θαυμασίων
3842 2940 4000 3000 Θεὸς,

2424 3045 2530 3096 τῶν
2565 3044 2817 3110 φυλάκων
2866 3036 3254 3107 εὐωχουμένων
3288 3035 3381 3087 καὶ
3420 3033 3591 3103 πυρὰν
3621 3033 3720 3100 ἤδη
3764 3031 4006 3084 καυσανο

755 3127 888 3180 tium
930 3127 1204 3189 imbrium,
1249 3138 1305 3181 et
1357 3131 1559 3198 ingenti
1597 3143 1923 3192 terrmmotu.
1957 3152 2142 3204 rogum
2195 3141 2320 3207 qui-

2423 3151 2552 3197 των,
2576 3132 2796 3203 ὄμϐρων
2828 3130 3085 3198 ἐξαπίνης
3112 3128 3272 3199 φορᾷ,
3306 3127 3396 3178 καὶ
3426 3125 3596 3192 κλόνῳ
3627 3125 3731 3191 γῆς
3775 3121 4005 3189 ἐξουσίιρ

756 3216 880 3285 dem
933 3216 1210 3279 exstinxit,
1258 3219 1512 3271 custodes
1559 3228 1738 3272 autent
1798 3223 1962 3275 vertit
2009 3223 2064 3276 in
2121 3223 2321 3295 fugam.

757 3308 1004 3376 (Eumque
1059 3323 1182 3363 eum
1206 3309 1326 3363 aliis
1375 3310 1628 3379 permista
1657 3321 1838 3366 essent
1871 3325 2176 3368 sanctorum
2205 3333 2326 3371 cor-

760 3415 910 3469 pora,
947 3407 1000 3454 et
1036 3403 1420 3470 ignorarentur
1452 3413 1672 3470 propter
1700 3406 1978 3466 tenebras,
2010 3407 2163 3459 stella
2192 3409 2325 3460 luci-

757 3492 984 3546 dissima
1033 3509 1063 3547 e
1108 3493 1247 3547 ccelo
1283 3502 1482 3545 terram
1513 3493 1811 3558 illustrans,
1866 3504 1918 3548 et
1969 3503 2120 3551 stans
2164 3513 2328 3567 super

762 3584 1186 3653 unumquodque
1237 3599 1454 3655 corpus,
1487 3585 1713 3654 praebuit
1749 3587 1922 3641 lucem
1960 3590 2025 3642 ad
2054 3606 2114 3642 ea
2157 3606 2328 3660 agno-

760 3677 980 3742 scenda,
1025 3678 1169 3731 illam
1204 3676 1342 3731 forte
1371 3679 1580 3731 stellam
1613 3679 1852 3753 imitans,
1886 3697 2003 3751 quae
2033 3683 2085 3737 in
2120 3683 2324 3741 Christi

760 3779 882 3823 ortu
919 3769 1218 3823 secundum
1245 3785 1464 3825 carnem
1488 3769 1670 3840 Magos
1716 3787 1778 3826 ex
1817 3773 2033 3829 Perside
2062 3779 2326 3844 evocavit,

762 3869 816 3915 et
861 3860 1101 3916 deduxit.
1151 3861 1273 3916 Haec
1323 3871 1503 3915 autem
1550 3862 1691 3915 facta
1741 3875 1889 3930 sunt,
1943 3875 2073 3919 cum‘
2111 3869 2329 3932 quidam

765 3953 951 4008 ﬁdeles
979 3955 1034 4006 in
1069 3965 1249 4006 monte
1281 3953 1508 4023 genibus
1539 3951 1693 4007 ﬂexis
1728 3954 2018 4009 Dominum
2055 3959 2330 4028 supplices

765 4053 1039 4115 rogarent,
1072 4059 1141 4098 ne
1164 4045 1508 4113 privarentur
1543 4046 1687 4099 dono
1721 4055 2030 4101 sanctorum
2065 4051 2332 4105 membro-

767 4151 909 4198 rum,
943 4149 1063 4205 quaa
1113 4145 1336 4204 propter
1369 4136 1488 4202 ejus
1535 4135 1759 4203 gloriam
1791 4151 1954 4204 supra
1989 4138 2204 4191 modum
2239 4140 2334 4193 de-

766 4237 1067 4284 certarunt.
1115 4227 1189 4281 Ea
1233 4241 1364 4281 vero
1413 4227 1810 4283 descendentes
1853 4229 2192 4285 sustulerunt
2227 4247 2241 4284 :
2281 4242 2335 4287 et

766 4335 980 4376 summo
999 4320 1199 4384 studio,
1231 4329 1453 4388 pr0pter
1499 4330 1702 4374 metum
1753 4323 2017 4390 praesidis,
2051 4324 2104 4376 in
2154 4333 2334 4377 monte

769 4409 823 4461 in
857 4418 1004 4475 petra
1035 4423 1269 4463 concava
1295 4409 1675 4476 condiderunt,
1709 4411 2072 4482 glorificantes
2111 4414 2335 4467 sanctis-

768 4499 965 4554 simum
1012 4516 1209 4555 nomen
1242 4501 1441 4557 Christi
1493 4503 1584 4557 Dei
1638 4504 1851 4558 nostri:
1901 4504 2158 4573 quoniam
2207 4520 2331 4560 eum

769 4592 927 4648 decet
957 4595 1130 4647 omnis
1177 4595 1344 4665 gloria
1370 4610 1493 4649 cum
1524 4595 1679 4649 Patre
1710 4596 1962 4665 principii
2003 4606 2243 4666 experte,
2277 4607 2335 4652 et

771 4693 959 4740 sancto
982 4684 1205 4755 Spiritu,
1230 4702 1372 4743 nunc
1390 4688 1517 4743 etin
1549 4689 1741 4744 saecula
1771 4690 2113 4747 smculorum.
2140 4692 2332 4745 Amen.

2373 4484 2474 4535 Dr

2426 3227 2521 3297 τὴν
2561 3227 2657 3296 μὲν
2684 3224 2893 3287 ἔσϐεσε,
2929 3221 3054 3285 τοὺς
3085 3222 3139 3274 δὲ
3188 3220 3432 3289 φυγάδας
3471 3216 3745 3279 ἀπέδειξε,
3779 3217 3875 3266 καὶ
3899 3214 4004 3265 τῶν

2427 3320 2590 3370 ὁσίων
2639 3316 2908 3382 σωμάτων
2945 3315 3146 3380 ἀναμὶξ
3197 3318 3304 3375 τοῖς
3355 3314 3533 3371 ἄλλοις
3583 3309 3863 3376 κειμένων
3918 3309 4002 3357 καὶ

2428 3408 2810 3476 ἀγνοουμένων
2859 3406 2944 3458 διὰ
2995 3406 3053 3456 τὸ
3096 3405 3311 3466 σκότος,
3372 3403 3551 3470 ἀστὴρ
3604 3401 3914 3464 φανότατος
3947 3398 4003 3460 ἐξ

2429 3499 2658 3572 οὐρανοῦ
2722 3500 2991 3570 πρόσγεια
3035 3497 3290 3565 λάμπων,
3350 3495 3443 3547 καὶ
3488 3493 3572 3559 ἐφ’
3624 3493 3847 3558 ἑκάστῳ
3893 3489 4000 3539 τῶν

2433 3595 2701 3664 σωμάτων
2753 3592 3066 3662 ἱστάμενος,
3126 3590 3216 3642 τὸν
3287 3587 3597 3658 γνωρισμὸν
3654 3583 3996 3649 διεςωτιζεν,

2431 3692 2638 3743 ἐκεῖνον
2682 3689 2822 3757 τάχα
2879 3687 2969 3737 τὸν
3038 3681 3604 3750 ἁστεραμιμούμενος,
3654 3675 3744 3726 τὸν
3798 3674 3888 3723 ἐπὶ
3939 3672 3998 3736 τῇ

2431 3783 2569 3835 κατὰ
2617 3781 2794 3851 σάρκα
2827 3778 2918 3831 τοῦ
2963 3775 3201 3846 Χριστοῦ
3238 3774 3490 3840 γεννήσει
3524 3773 3650 3828 τοὺς
3678 3768 3908 3832 Μάγους
3939 3767 3997 3815 ἐκ

2434 3873 2690 3941 Περσίδος
2715 3865 3158 3937 μετακαλέσαντά
3184 3880 3240 3915 τε
3290 3863 3383 3915 καὶ
3409 3863 3776 3928 ὁδηγὴσαντα.
3817 3857 3997 3908 Ταῦτα

2431 3965 2485 4018 δὲ
2534 3963 2761 4031 ἐγίνετο,
2801 3960 2960 4013 τινῶν
3020 3959 3113 4011 ἐπὶ
3151 3955 3245 4008 τοῦ
3280 3956 3438 4024 ὅρους
3494 3952 3702 4003 πιστῶν
3734 3951 3816 4012 εἰς
3871 3952 3993 4013 γόνυ

2436 4055 2727 4108 κλιθέντων
2785 4052 2882 4106 καὶ
2935 4048 3290 4102 ἱκετευόντων
3343 4045 3432 4098 τὸν
3493 4043 3720 4112 Κύριον,
3781 4041 3855 4109 μὴ
3904 4039 3997 4106 τῆς

2434 4146 2644 4213 δωρεᾶς
2680 4145 2788 4194 τῶν
2840 4143 3010 4208 ἁγίων
3056 4139 3356 4208 ἁμοιρῆσαι
3393 4135 3595 4203 μελῶν,
3631 4133 3741 4183 τιῖιν
3786 4133 3882 4200 τῆς
3911 4130 3998 4181 σῦς

2435 4236 2526 4288 τοῦ
2559 4235 2712 4303 δόξης
2742 4233 2931 4285 ἕνεκεν
2956 4230 3434 4297 ὑπερηοληκότων,
3471 4227 3506 4277 δι
3540 4227 3630 4276 καὶ
3663 4224 3994 4282 καταϐάντες

2435 4326 2724 4385 ἀνείλοντο,
2749 4321 2842 4373 καὶ
2866 4319 3067 4387 σπουδῇ
3095 4317 3259 4384 πολλῇ
3281 4316 3368 4367 διὰ
3394 4315 3483 4367 τὸν
3508 4314 3600 4365 τοῦ
3622 4314 3887 4381 ἡγεμόνος
3912 4311 3997 4378 93'-

2440 4417 2531 4468 6ον
2553 4415 2644 4465 ἐπὶ
2669 4413 2760 4464 τοῦ
2784 4414 2942 4482 ὅρους
2968 4413 3024 4464 ἐν
3060 4409 3235 4479 πέτρα
3257 4408 3414 4477 κοίλῃ
3449 4402 3825 4472 κατέκρυψαν,
3853 4397 3992 4465 δοξά-

2444 4511 2622 4574 ζοντες
2640 4509 3015 4578 τὸὺπεράγιον
3057 4505 3231 4574 ὕνομα
3270 4499 3512 4573 Χριστοῦ
3538 4497 3632 4550 τοῦ
3669 4495 3804 4551 Θεοῦ
3827 4496 3988 4563 ἡμῶν,

2442 4604 2521 4656 ὅτι
2544 4601 2689 4669 αὑτῷ
2712 4601 2910 4670 πρέπει
2934 4601 3078 4650 πᾶσα
3101 4596 3229 4660 δόξα
3252 4597 3345 4648 σὺν
3365 4593 3439 4660 τῷ
3459 4591 3683 4658 ἀνάρχῳ
3708 4589 3879 4656 Ila-:91
3905 4588 3989 4639 καὶ

2444 4686 2523 4761 τῷ
2578 4693 2716 4762 ἁγίῳ
2773 4689 3070 4757 Πνεύματι,
3116 4687 3210 4738 νῦν
3245 4686 3338 4737 καὶ
3387 4685 3467 4745 εἰς
3499 4684 3621 4743 τοὺς
3662 4681 3862 4745 αἰῶνας
3893 4680 3988 4732 τῶν

2448 4786 2677 4840 αἰώνων.
2727 4784 2922 4854 ’Δμήνο
