4188 6432
179 410 343 475 1081

183 579 356 593 ξι...-

183 594 410 608 -ιοα--υ

1303 415 1478 474 VITA
1521 413 1580 474 S.
1624 415 1950 476 ANDRE/E
1997 419 2075 478 IN
2113 419 2342 480 CRlSl.

1727 606 2110 616 Ἤ

3321 425 3458 488 1082

2112 595 2515 603 _-..—-——.—.“_
2522 595 3053 606 am-..“

2137 599 3354 626 __w_m________n_m
3370 600 3417 630 ,³

515 765 767 916 DE
940 761 1098 918 S.
1279 765 2049 922 ANDREA
2206 769 3138 926 CRETENSI

1497 1044 1734 1108 [ΠΟΤο
1787 1044 1890 1105 ΙΝ
1931 1045 2175 1106 CRISI.

873 1211 1012 1271 (Acta
1035 1212 1119 1261 SS.
1155 1213 1377 1262 Bolland.
1401 1215 1458 1262 ad
1483 1215 1612 1264 diem
1645 1213 1703 1263 20
1728 1215 1972 1272 Octobris,
2008 1215 2266 1264 to:n.Vlll.
2295 1214 2569 1277 Bruxeliis,
2611 1216 2768 1277 185⁸5.)

321 1530 346 1601 §
377 1533 423 1584 1.
452 1529 636 1584 Sancti
663 1532 912 1584 memoria
938 1532 988 1584 in
1015 1533 1192 1601 fastis,
1220 1532 1408 1587 Cultus
1428 1543 1476 1588 et
1497 1535 1652 1586 Acta.

185 1621 214 1670 1
238 1622 500 1678 -Sanctus
532 1622 797 1689 Andreas,
837 1633 1039 1692 martyr
1084 1623 1420 1692 Cpolitanus,
1461 1625 1513 1678 in
1550 1626 1772 1681 Oriente

161 1715 482 1784 plurimum
519 1716 840 1780 celebratus,
879 1715 931 1768 in
963 1717 1218 1770 omnibus
1249 1732 1401 1786 paene
1431 1717 1632 1772 Graecis
1690 1719 1771 1772 fa-

159 1808 293 1861 stis
350 1824 488 1878 quos
530 1808 781 1868 vidimus,
814 1808 972 1862 modo
1015 1819 1136 1878 post
1162 1809 1280 1879 ejus
1309 1811 1614 1879 passionem
1642 1826 1771 1865 con-

158 1899 379 1967 scripti
437 1900 660 1960 fuerint.
730 1900 1020 1964 recolitur;
1056 1916 1155 1955 nec
1207 1901 1348 1969 apud
1406 1917 1497 1956 eas
1561 1911 1769 1957 tantum

161 2003 396 2062 gentes,
429 2011 548 2064 qua:
581 1992 769 2049 Graca
801 1995 981 2066 lingua
1013 1997 1141 2051 olim
1167 2015 1277 2052 usae
1307 2008 1434 2053 sunt
1479 2012 1572 2054 aut
1604 2013 1769 2056 utun-

164 2096 294 2150 tur,
323 2088 414 2144 sed
462 2088 622 2142 etiam
660 2090 799 2155 apud
847 2087 1115 2153 Moscltos,
1153 2091 1435 2147 Ruthenos
1464 2094 1765 2150 etMelchi-

160 2186 265 2229 tas
314 2177 702 2236 Antiochenos,
738 2176 1079 2231 Kalendariis
1129 2182 1515 2236 ecclesiasticis
1560 2185 1766 2238 adscri-

154 2277 309 2333 plus
369 2276 472 2320 est.
530 2267 585 2320 In
640 2268 1038 2335 antiquissimis
1083 2281 1266 2325 autem
1326 2274 1625 2344 Eclogadiis
1667 2291 1762 2330 seu

154 2357 659 2428 Meuologiis,qu:n
683 2361 962 2415 codicibus
995 2361 1126 2417 Novi
1163 2364 1500 2420 Testameuti
1535 2368 1757 2438 afligun-

156 2455 269 2502 tur
311 2459 364 2503 et
397 2453 536 2504 nuda
569 2453 787 2504 nomina
815 2451 1138 2507 Sanctorum
1181 2456 1439 2510 exhibent
1463 2473 1584 2512 cum
1621 2461 1761 2514 indi-

153 2543 394 2595 catione
425 2543 719 2597 lectionum
765 2545 816 2596 in
860 2559 1047 2602 earum
1100 2545 1238 2600 festo
1281 2548 1756 2616 instituendarum,

156 2630 231 2685 S.
267 2634 508 2687 Andreas
539 2634 750 2689 inCrisi
787 2651 852 2690 eo
882 2637 999 2705 ipso
1033 2636 1120 2689 die
1147 2640 1523 2702 annuntiatur,
1561 2657 1666 2709 quo
1704 2643 1756 2695 in

148 2723 323 2777 Actis
354 2728 553 2778 n0stris
579 2728 780 2781 obiisse
814 2727 1006 2789 fertur,
1039 2745 1104 2781 xx
1135 2746 1326 2799 nempe
1357 2730 1624 2788 Octobris.
1653 2734 1761 2788 llu-

151 2815 404 2885 iusmodi
462 2827 587 2870 sunt
642 2817 942 2886 Menologia
983 2823 1370 2893 Hierosolymis
1420 2835 1473 2878 et
1526 2827 1751 2896 Calipoli

1807 1534 1856 1591 Α
1886 1533 1966 1586 vis
1998 1540 2388 1592 memorentur,
2435 1532 2613 1586 locum
2647 1541 2825 1586 tamen
2861 1533 2913 1586 in
2953 1533 3114 1588 modo
3154 1536 3330 1592 allatis
3364 1552 3457 1591 co-

1875 1626 2087 1679 dicibus
2113 1625 2254 1694 apud
2288 1623 2701 1692 Metaphrastcm
2737 1641 2844 1679 non
2879 1626 3147 1681 obtinent.
3187 1628 3300 1693 Qua
3330 1645 3458 1683 vero

1873 1723 2032 1768 aetate
2081 1716 2198 1769 dies
2237 1717 2417 1770 cultus
2460 1717 2530 1769 ita
2581 1725 2822 1770 mutatus
2866 1721 3076 1772 sitnon
3133 1719 3269 1773 bene
3302 1719 3457 1773 nobis

1873 1817 2118 1872 constat;
2169 1809 2521 1863 collectiones
2571 1819 2749 1863 tamen
2805 1809 3235 1879 Metapbrasticae
3271 1811 3452 1865 saeculi

1874 1916 1967 1964 xiii
2001 1907 2056 1954 et
2092 1916 2177 1954 xiv
2209 1901 2354 1954 diem
2389 1917 2475 1954 ιιχ
2509 1901 2805 1964 retinuere,
2831 1912 2885 1955 et
2916 1902 3148 1970 primum
3183 1904 3300 1958 dies
3326 1920 3452 1970 xvii,

1870 2002 2132 2063 quantum
2188 1994 2240 2047 id
2287 1994 2500 2062 assequi
2551 1995 2845 2061 potuimus,
2882 2003 3108 2063 apparet
3169 1995 3222 2048 in
3267 1996 3454 2051 codice

1869 2087 2049 2139 δωρειιί
2085 2103 2172 2148 xv,
2207 2086 2297 2153 qui
2324 2095 2502 2140 exstat
2533 2086 2587 2138 in
2625 2086 2958 2140 Bibliotheca
3001 2087 3242 2140 Parisitia
3279 2099 3332 2142 et
3378 2089 3455 2142 si-

1868 2187 2064 2246 gnatur
2103 2185 2158 2229 n°
2190 2177 2348 2230 1558.
2389 2177 2444 2228 In
2485 2177 2791 2246 Menologio
2823 2180 3026 2243 Sirleti,
3078 2182 3219 2249 quod
3255 2197 3453 2250 perpe—

1868 2284 1981 2322 ram
2016 2268 2214 2322 sazculo
2240 2284 2290 2322 XI
2345 2277 2439 2322 aut
2464 2268 2533 2322 xit
2569 2271 2940 2337 conscriptum
2990 2287 3111 2325 esse
3157 2272 3452 2341 Basnagius

1865 2360 2082 2429 coniicit
2109 2361 2206 2428 (ὅ),
2244 2360 2512 2428 siquidem
2563 2378 2708 2414 mera
2743 2362 3054 2430 compilatio
3082 2372 3164 2416 est
3191 2379 3219 2416 a
3253 2361 3451 2418 Sirlelo

1864 2467 1928 2505 ex
1992 2450 2210 2504 Menaeis
2273 2453 2490 2504 excusis
2547 2462 2639 2504 aut
2696 2455 3080 2522 manuscriptis
3140 2465 3449 2526 desumpta,

1862 2548 2189 2612 quandoque
2215 2559 2381 2612 opera
2424 2545 2557 2597 satis
2587 2543 2688 2596 levi
2726 2545 2820 2615 (6),
2857 2547 3001 2612 quod
3040 2546 3330 2601 Baronium
3370 2549 3449 2602 Ia-

1863 2636 2028 2689 tttisse
2061 2635 2279 2688 videtur
2307 2636 2405 2702 ('7),
2441 2636 2492 2687 in
2548 2636 2650 2689 hoc
2689 2636 3010 2706 Menologio,
3051 2640 3294 2706 inquam,
3329 2641 3447 2695 dies

1861 2729 2047 2782 itidem
2083 2745 2190 2782 xvii
2235 2729 2290 2782 S.
2329 2727 2559 2782 Andreae
2610 2730 2936 2799 assignatur.
2977 2731 3029 2783 In
3067 2732 3446 2800 Ephemeridi-

1859 2823 1962 2877 bus
1991 2824 2482 2891 Gnaeo-Moschis,
2531 2824 2582 2878 in
2622 2825 2841 2880 Tabulis
2884 2825 3251 2896 Cappouianis
3295 2841 3350 2884 et
3393 2831 3445 2885 in

152 2910 371 2962 saeculo
409 2909 621 2964 decimo
653 2912 980 2981 conseripta,
1005 2915 1187 2980 judice
1240 2917 1373 2985 Aug.
1406 2917 1622 2984 Scholz,
1656 2919 1746 2988 qui
1782 2885 1827 2942 Β
1856 2916 2073 2970 Menaeis
2123 2918 2338 2971 excusis
2387 2927 2703 2971 constanter
2741 2919 2806 2974 ad
2855 2920 2995 2972 diem
3049 2938 3154 2975 xvii
3209 2921 3446 2978 Sanctus

151 3016 228 3054 ea
267 3003 318 3055 in
349 3003 522 3057 lucem
562 3004 646 3058 edi
689 3007 899 3060 curavit
932 3008 1024 3074 (l),
1059 3007 1183 3061 dein
1215 3008 1575 3078 Menologiutn
1603 3011 1749 3066 aliud

153 3097 353 3148 saeculi
406 3113 477 3160 xi,
513 3098 655 3167 quod
690 3114 718 3152 a
755 3099 1129 3168 Mingharellio
1161 3104 1435 3170 vulgatum
1469 3113 1551 3158 est
1581 3106 1657 3173 (2)
1696 3115 1750 3160 et

154 3187 434 3242 Sanctum
467 3201 711 3244 nostrum
750 3191 942 3246 iisdem
991 3195 1216 3248 Omnino
1255 3198 1439 3270 verbis
1463 3200 1748 3252 annuntiat

151 3295 230 3334 ac
291 3282 399 3333 duo
449 3283 856 3350 praecedentia:
909 3285 985 3353 Τῇ
1039 3287 1174 3355 αὐτῇ
1222 3288 1402 3357 ἡμέρᾳ
1449 3288 1544 3339 τοῦ
1586 3291 1745 3355 ἁγίου

149 3375 568 3444 ὀσιομάρτυρος
616 3375 871 3446 Ἀνδρέου
925 3378 1022 3447 τῆς
1078 3378 1361 3449 Κρίσεως;
1419 3381 1609 3435 eadem
1658 3382 1746 3436 die

153 3467 258 3535 (xx
291 3467 557 3532 Octobris)
632 3468 802 3524 sancti
853 3470 1105 3524 monachi
1170 3472 1315 3536 (nam
1366 3473 1513 3536 ὅσιος
1556 3489 1745 3526 mona-

149 3559 325 3612 chum
369 3560 636 3630 designat)
686 3569 740 3614 et
804 3562 1055 3630 martyris
1098 3563 1326 3618 Andreae
1364 3579 1396 3616 a
1441 3564 1602 3620 Crisi.
1662 3566 1743 3620 Ad

150 3652 416 3705 eumdem
443 3652 584 3704 diem
614 3667 677 3703 xx
719 3666 842 3704 eum
875 3651 1126 3707 similiter
1149 3654 1394 3709 referunt
1419 3656 1617 3710 Menam
1651 3673 1745 3712 ve-

151 3753 478 3811 tusta,qn:e
543 3742 829 3797 Mediolani
883 3744 935 3798 in
984 3745 1316 3802 Bibliotheca
1361 3749 1738 3814 Ambrosiana,

152 3837 212 3889 in
254 3836 575 3890 Taurinensi
612 3838 774 3890 etiam
808 3844 862 3890 et
910 3835 1150 3891 Parisina
1185 3849 1561 3902 asservantur,
1592 3851 1646 3893 et
1676 3857 1740 3894 ex

149 3929 363 3996 quibus
390 3929 517 3982 olim
556 3927 914 4004 llagiographi
964 3929 1390 3999 Antverpienses
1431 3931 1598 3986 multa
1645 3930 1740 4002 Sy-

150 4021 422 4081 naxaria,
484 4035 579 4073 seu
642 4021 883 4074 \‘itarum
945 4024 1266 4092 compendia
1330 4037 1736 4094 excerpserunt.

147 4115 413 4168 Attamen
441 4128 563 4168 cum
597 4113 783 4167 eadem
815 4114 901 4167 die
946 4131 1009 4166 xx
1045 4113 1295 4168 Octobris
1348 4117 1609 4170 memoria
1643 4118 1738 4171 fic-

149 4217 241 4260 rct
271 4206 495 4260 alterius
537 4208 678 4275 apud
728 4207 944 4262 Graecos
975 4208 1206 4262 maxime
1248 4209 1503 4264 celebrati
1540 4220 1739 4282 marty-
1769 4244 1812 4304 ο

149 4297 234 4351 ris
287 4313 484 4367 nempe
540 4299 764 4352 Artemii
810 4301 987 4366 ducis,
1053 4301 1218 4371 coepit
1265 4301 1460 4356 festum
1517 4302 1574 4357 S.
1623 4305 1736 4356 An-

147 4391 301 4445 dreae
338 4388 620 4444 transferri
658 4391 722 4443 ad
756 4407 866 4453 xix,
900 4409 1008 4459 quo
1058 4394 1147 4446 die
1179 4396 1414 4448 occurrit
1450 4395 1502 4448 in
1556 4397 1734 4449 omni-

148 4482 260 4537 bus
311 4482 550 4552 antiquis
597 4483 1006 4552 exemplaribus
1051 4486 1388 4538 collectimiis
1435 4487 1740 4555 Metaphra-

147 4575 324 4630 sriczc.
359 4575 413 4628 Id
460 4575 808 4628 manifestum
853 4585 933 4629 est
982 4591 1044 4629 ex
1096 4575 1443 4632 Bibliotheca:
1478 4578 1736 4632 Parisinm

147 4667 437 4723 codicibus
470 4667 604 4719 bene
639 4667 823 4722 multis
856 4671 954 4737 (5),
980 4685 1044 4727 ex
1085 4671 1273 4725 codice
1300 4669 1560 4726 historico
1597 4672 1657 4724 17
1683 4679 1737 4726 et

150 4758 221 4810 18
252 4758 600 4813 Bibliothecre
633 4761 1073 4817 Viodobonensis
1095 4765 1168 4831 (4)
1206 4777 1260 4817 et
1285 4763 1567 4832 permultis
1594 4765 1732 4828 aliis,

148 4861 216 4899 ex
254 4844 598 4914 Syuaxarista
635 4848 868 4918 denique
901 4850 1174 4906 Sirmondi
1211 4854 1587 4922 nostri,quem
1617 4853 1734 4907 Bol-

150 4938 390 4992 landiani
442 4939 572 4992 socii
621 4955 685 4993 ex
721 4941 946 5012 collegio
974 4943 1398 5001 Claromontano
1442 4947 1730 5001 Parisiensi

149 5031 280 5086 olim
313 5030 732 5086 exscribcntlum
763 5047 1111 5103 acceperunt.

220 5121 275 5174 ‘2.
319 5121 423 5175 Sed
463 5123 575 5178 haec
625 5125 850 5176 mutatio
895 5143 1000 5179 ιιοιι
1031 5127 1285 5196 perstitit,
1324 5138 1377 5182 et
1430 5131 1621 5182 iterum
1670 5130 1724 5184 S.

149 5213 396 5266 Andreas
440 5213 504 5267 ad
561 5231 667 5267 xvu
714 5212 959 5268 Octobris
1011 5219 1302 5271 translatus
1348 5227 1451 5274 est.
1484 5235 1590 5288 quo
1641 5219 1726 5274 die

149 5302 318 5358 Oseas
354 5305 614 5374 propheta
648 5315 702 5360 et
729 5307 827 5360 SS.
860 5306 1084 5363 Cosmus
1119 5319 1172 5362 et
1223 5310 1514 5364 Damianus
1539 5328 1728 5380 quam-

1858 3017 2040 3060 noster
2116 3007 2374 3072 refertur,
2445 3009 2591 3062 unde
2663 3010 2825 3063 etiam
2887 3012 2950 3064 ad
3001 3010 3443 3086 Martyrologiqu

1856 3096 2163 3152 Romanum
2216 3115 2282 3154 eo
2334 3100 2422 3154 die
2472 3101 2776 3154 devenerit.
2843 3102 2900 3154 in
2977 3102 3198 3156 Tabulis
3263 3105 3445 3173 itaque

1853 3192 2242 3258 Capponianis,
2284 3192 2370 3244 tibi
2404 3190 2458 3243 S.
2507 3195 2752 3245 Andreas
2791 3186 2970 3248 loculo
3021 3195 3181 3248 tertio
3237 3198 3444 3252 mensis

1853 3280 2101 3335 Octobris
2150 3281 2373 3336 ultimus
2426 3283 2603 3352 prodit
2655 3284 2752 3351 (8),
2799 3286 2900 3338 sub
2956 3286 3138 3341 habitu
3189 3291 3441 3344 monachi

1853 3381 2159 3441 comparet,
2192 3373 2435 3442 itemque
2485 3377 2537 3428 in
2574 3374 3040 3444 Papebrochianis
3083 3396 3096 3444 ;
3131 3395 3441 3448 quanquam

1853 3467 1998 3521 enim
2046 3469 2196 3522 stola:
2238 3467 2476 3536 speciem
2524 3467 2688 3522 habet
2717 3483 2746 3521 e
2779 3470 2920 3521 collo
2953 3470 3302 3538 pendentem,
3332 3487 3440 3526 non

1853 3560 1974 3612 ideo
2005 3575 2127 3614 cum
2171 3562 2471 3614 Assemano
2503 3573 2560 3614 ut
2592 3563 2973 3632 presbyterum
3024 3577 3147 3616 eum
3181 3565 3451 3638 vestitum

1851 3651 2116 3716 dicemus,
2147 3666 2269 3705 cum
2305 3667 2496 3706 omnes
2534 3654 2779 3706 monachi
2815 3664 2867 3706 et
2908 3655 3236 3709 ereniitreita
3270 3655 3440 3725 prod-

1851 3753 1998 3804 eant,
2041 3755 2098 3798 et
2156 3745 2399 3812 quidem.
2461 3757 2518 3800 ut
2565 3745 2620 3799 S.
2655 3745 2918 3808 Andreas,
2955 3749 3176 3802 dextera
3213 3749 3439 3803 benedi-

1849 3850 1974 3888 cere
2003 3837 2311 3888 videantur.
2348 3840 2472 3889 Haec
2520 3839 2778 3891 distincte
2823 3842 2968 3894 cerni
3023 3852 3247 3908 possunt
3293 3844 3436 3911 apud

1851 3923 2278 3994 Papebrochium
2297 3926 2394 3995 (9),
2428 3927 2515 3996 qui
2552 3928 2815 3997 imagines
2839 3931 3127 4000 diligenter
3149 3935 3244 3986 teri
3270 3935 3434 3990 incidi

1848 4019 2056 4072 curavit
2088 4027 2144 4074 et
2167 4019 2233 4072 de
2261 4034 2448 4072 eorum
2478 4021 2688 4090 origine
2719 4032 2774 4075 et
2806 4038 2904 4076 usu
2932 4024 3190 4082 nonnulla
3218 4026 3431 4081 curiosa

1848 4110 2104 4178 praefatus
2132 4121 2246 4175 est;
2277 4126 2463 4163 verum
2495 4112 2859 4180 Capponianae
2889 4117 3156 4184 imagines
3193 4126 3296 4169 tam
3331 4133 3431 4172 ne-

1846 4202 2110 4272 gligenter
2141 4218 2284 4257 cusze
2315 4215 2442 4259 sunt
2480 4216 2537 4260 ut
2565 4223 2652 4259 vix
2680 4206 2975 4276 quidquam
3002 4208 3055 4264 in
3097 4209 3163 4262 iis
3196 4209 3428 4264 discerni

1846 4296 2036 4366 possit.
2066 4294 2251 4364 Neque
2301 4308 2478 4350 tamen
2533 4309 2817 4365 propterea
2865 4300 2906 4351 is
2943 4300 3061 4352 illas
3094 4317 3122 4352 a
3166 4302 3324 4355 nobis
3375 4303 3428 4356 in

1846 4389 2102 4441 omnibus
2138 4389 2378 4457 praeponi
2422 4389 2688 4458 quispiam
2722 4390 3020 4455 existimet,
3059 4407 3182 4446 cum
3209 4409 3426 4454 errores

1847 4482 1985 4536 bene
2024 4482 2224 4534 multos
2273 4481 2323 4533 in
2378 4483 2492 4535 suis
2527 4482 2750 4536 Tabulis
2791 4483 3218 4553 deprehenderit
3254 4488 3427 4557 Pape-

1849 4575 2126 4638 brochius,
2166 4574 2256 4628 tibi
2295 4575 2659 4643 Capponiante
2695 4586 2952 4628 accurate
2984 4592 3082 4630 sua
3113 4578 3402 4646 proferunt

1835 4665 2036 4721 lterum
2093 4667 2272 4735 prodit
2326 4666 2382 4718 S.
2423 4667 2667 4720 Andreas
2716 4665 2768 4718 in
2817 4666 3076 4737 diptycho
3133 4669 3424 4736 (Ipoiitatio

1834 4761 1980 4828 quod
2027 4759 2431 4826 Papebrochius
2468 4758 2927 4826 Ephemeridibus
2953 4761 3069 4812 suis
3102 4761 3336 4828 subjecit
3369 4771 3424 4816 et

1831 4851 1924 4904 aeri
1963 4849 2124 4905 incidi
2162 4852 2288 4905 item
2319 4850 2558 4912 curavit;
2599 4849 2669 4904 ibi
2704 4860 2886 4905 autem
2911 4867 3034 4906 cum
3073 4851 3262 4907 Sancti
3297 4862 3419 4907 tan-

1831 4955 1944 4998 tum
1973 4944 2326 5014 quadraginta
2346 4944 2499 5014 Cpoli
2529 4944 2859 4997 celebriores
2877 4955 3290 5007 recenscantur,
3318 4960 3416 5013 pa-

1840 5045 1914 5090 tet
1958 5045 2160 5105 quanto
2208 5039 2413 5092 honore
2472 5047 2764 5106 martyrem
2820 5033 2970 5088 illum
3019 5034 3193 5091 Graeci
3229 5052 3419 5107 prose-

1837 5139 2092 5199 quantur.
2119 5131 2382 5184 Prmterea
2418 5131 2468 5183 in
2508 5129 2818 5198 Synaxariis
2855 5127 2983 5181 Mss.
3016 5128 3335 5185 Ruthenicis
3363 5137 3417 5183 et

1839 5223 2071 5277 Moschis
2103 5240 2223 5291 qua:
2251 5223 2307 5276 P.
2341 5223 2502 5276 David
2538 5222 2595 5274 S.
2621 5221 2671 5277 .l.
2701 5237 2845 5276 anno
2882 5221 3017 5275 1688
3049 5231 3102 5274 et
3128 5221 3325 5275 Comes
3346 5222 3413 5276 de

1837 5314 2206 5383 Sparwenl‘eld
2235 5330 2380 5368 anno
2428 5313 2561 5366 1712
2597 5315 2662 5366 ad
2709 5311 3121 5382 Hagiographos
3157 5311 3411 5366 transmi-

224 5485 302 5561 ιιι
338 5486 410 5539 De
441 5484 763 5561 Menologiis
791 5489 1020 5541 duorum
1052 5489 1295 5542 codicum
1325 5490 1498 5544 Graec.
1533 5489 1730 5546 Bonna:

1852 5489 1939 5547 $56
1973 5501 2028 5561 et
2056 5506 2205 5561 seqq.

155 5555 311 5615 1825,
349 5573 401 5615 [ι.
435 5557 485 5609 8.

220 5573 554 5696 ῖέῖεῗδιιῗέοδ
583 5627 900 5688 Nautiorum,
942 5644 990 5696 p.
1022 5628 1145 5683 569.

225 5696 298 5762 (5)
335 5693 506 5750 Catal.
550 5697 722 5752 Codd.
773 5697 896 5751 Mss.
943 5693 1083 5753 Bibl.
1123 5700 1315 5764 Paris.,
1350 5710 1386 5753 t.
1440 5702 1510 5766 ll,
1548 5701 1718 5757 Codd.

157 5767 310 5823 1180.
350 5767 502 5831 1484,
539 5769 688 5831 1495,
719 5777 822 5822 etc.

222 5836 297 5904 ti)
335 5836 673 5905 Lambecius,
722 5840 1112 5909 Cummcntar.,
1145 5853 1275 5910 etc.,
1330 5855 1362 5898 t.
1401 5842 1511 5897 Vill
1539 5886 1550 5911 ,
1583 5845 1716 5901 Cod.

1913 5563 1986 5630 (5)
2016 5558 2300 5616 Lectiones
2331 5561 2523 5628 antiq..
2558 5570 2594 5614 t.
2635 5559 2722 5625 lll,
2758 5570 2894 5630 part.
2934 5577 2970 5624 ι,
3003 5576 3055 5630 p.
3093 5558 3214 5612 480.

1905 5634 1979 5700 (δι
2014 5632 2076 5686 Τ.
2117 5631 2179 5685 ιιι
2216 5633 2358 5692 Maii,
2403 5647 2451 5697 ρ.
2491 5632 2575 5683 69.

1904 5707 1978 5770 (7)
2020 5704 2151 5767 Ibid,
2185 5714 2236 5755 et
2270 5713 2306 5756 t.
2347 5702 2382 5754 ΙΙ
2420 5701 2612 5761 Martii,
2651 5719 2700 5770 p.
2740 5702 2863 5763 009.
2897 5712 3002 5754 etc.
3123 5760 3126 5763 _

1903 5769 1976 5841 (8)
2010 5774 2294 5826 Kalendar.
2338 5774 2521 5826 Ecclcs
2552 5810 2563 5831 ,
2609 5769 2657 5825 t.
2686 5771 2741 5832 ν,
2784 5791 2832 5841 ρ.
2857 5773 2960 5824 216
2990 5781 3040 5826 et
3067 5769 3190 5826 504.

1902 5847 1978 5914 (9)
2017 5845 2076 5897 'l'.
2119 5844 2156 5908 Ι,
2204 5843 2346 5906 Maii,
2383 5859 2433 5911 ρ.
2474 5859 2611 5907 λιι-ι,
2651 5859 2709 5896 l..\
2746 5855 2874 5912 etp.
2905 5859 2959 5896 ιι.
