4188 6432
732 392 867 455 1083

1991 380 2274 444 MENSIS
2312 373 2681 436 OCTOBER.

3851 357 4014 420 1084

730 519 870 564 sere,
918 501 973 554 S.
1024 501 1270 554 Andreas
1325 499 1576 554 similiter
1629 514 1781 554 suam
1827 496 2297 554 annuntiationem
2331 493 2374 550 Α
2404 487 2980 542 Cretensemnostrum
3010 475 3302 532 ostendere
3334 473 3568 526 conabor
3601 468 3898 535 inferius§
3953 485 4018 514 ιι.

731 597 960 658 obtinet,
987 596 1073 650 die
1103 595 1284 647 itidem
1325 609 1430 647 xvn
1469 592 1742 646 Octobris.

799 690 853 741 5.
893 689 990 742 Hic
1025 687 1361 755 praetermitti
1410 701 1518 740 non
1550 685 1712 739 debet
1751 684 2101 754 Papebrochii
2131 682 2307 735 Tabu-

733 783 812 836 las
861 796 1155 848 earmnque
1195 779 1608 848 explicationes,
1642 781 1692 832 in
1739 779 2124 849 Supplemenlo
2160 776 2306 830 The-

736 874 880 929 sauri
928 873 1149 927 Goriani
1205 871 1588 942 Diptychontm
1643 881 1919 924 mutuatas
1955 885 2075 924 esse
2124 870 2303 932 modo,

736 976 792 1018 ut
816 964 1093 1018 lenissime
1123 964 1490 1025 dicam,valde
1521 963 1803 1030 singulari.
1827 962 2108 1015 Passerius
2138 961 2304 1023 enim,

735 1059 826 1125 qui
881 1057 1136 1124 prceclaro
1170 1055 1296 1108 huic
1341 1053 1488 1123 operi
1522 1063 1731 1122 partem
1780 1063 2025 1121 quartam
2059 1067 2117 1105 se
2164 1052 2310 1119 adje-

735 1151 878 1203 eisse
937 1158 1181 1209 testatur,
1228 1148 1304 1199 ait
1355 1161 1414 1200 se
1464 1145 1706 1214 Diptychi
1753 1144 2014 1210 Cpolitani
2061 1152 2308 1213 ertypum

737 1250 1085 1295 consecutum
1107 1240 1238 1308 (l0),
1269 1249 1318 1291 at
1342 1255 1461 1290 cum
1489 1253 1550 1290 ex
1576 1237 1924 1289 Bollaudiano
1949 1251 2113 1303 opere
2135 1237 2308 1287 lumen

737 1341 1022 1400 quareret,
1066 1332 1283 1384 nomina
1323 1331 1490 1382 multa
1531 1331 1856 1384 Sanctorum
1890 1329 2089 1381 omissa
2124 1342 2180 1380 se
2218 1328 2311 1379 ad-

737 1428 968 1478 vertisse
1025 1432 1320 1486 asseverat,
1357 1422 1457 1475 alia
1505 1421 1844 1491 perturbata,
1884 1417 2312 1471 Commentarios

741 1516 868 1568 item
905 1515 1052 1567 nullo
1086 1515 1275 1567 ordine
1311 1514 1671 1581 conscriptos,
1707 1512 1778 1564 ita
1809 1521 1866 1564 ut
1898 1526 2002 1563 non
2033 1511 2082 1562 in
2110 1510 2311 1571 lumen,

741 1607 836 1660 sed
875 1607 926 1659 in
972 1606 1255 1675 caliginem
1305 1605 1538 1667 irruens,
1576 1604 1688 1673 ipse
1721 1619 1814 1672 per
1847 1618 1904 1657 se
1937 1603 2112 1655 omnia
2150 1601 2315 1654 extri-

741 1714 867 1752 care
913 1699 1179 1752 debuerit.
1218 1697 1378 1766 Atqui
1427 1712 1494 1749 ex
1540 1697 1622 1748 his
1662 1695 1935 1757 omnibus,
1963 1711 2029 1748 ne
2062 1711 2162 1747 una
2203 1693 2318 1762 qui-

744 1789 866 1845 dem
910 1791 1144 1843 assertio
1204 1805 1328 1842 vero
1402 1788 1643 1857 proxima
1705 1799 1807 1848 est,
1864 1804 1964 1840 nec
2020 1788 2312 1856 quidquam

743 1884 1055 1938 emendavit
1087 1883 1173 1939 ille
1207 1884 1443 1951 scriptor
1470 1893 1561 1935 aut
1589 1891 1818 1950 ectypon
1852 1891 2183 1934 consecutus
2212 1891 2312 1944 est,

743 1975 838 2030 sed
871 1975 1070 2043 eﬂigies
1119 1975 1585 2042 Papebrochianas
1626 1982 1854 2025 conatus
1897 1971 2121 2032 referre,
2169 1986 2318 2023 erro-

745 2083 831 2122 res
862 2083 966 2121 nou
998 2067 1143 2121 leves
1173 2067 1410 2120 admisit.
1432 2066 1686 2119 Testatur
1716 2065 1858 2118 enim
1895 2063 2315 2132 Papcbrochius,

744 2175 866 2214 cum
897 2168 1065 2212 totum
1100 2159 1398 2226 Diptychou
1441 2159 1631 2226 pagina
1664 2172 1859 2224 capere
1892 2170 1996 2206 non
2030 2164 2233 2222 pOSSet,
2261 2170 2318 2206 se

744 2251 1007 2305 artiﬁcem
1054 2265 1268 2317 rogasse
1306 2260 1362 2302 ut
1395 2249 1577 2302 icoues
1609 2249 1700 2300 acri
1737 2247 2104 2299 inciderentur
2131 2245 2320 2298 ordine

747 2344 939 2398 leviter
989 2343 1314 2406 immutate;
1349 2342 1441 2394 sed
1496 2355 1642 2401 eum,
1682 2337 2046 2406 postulatione
2077 2351 2184 2387 non
2224 2337 2322 2388 rite

749 2435 1048 2497 intellecta,
1089 2433 1390 2502 plusculum
1434 2449 1461 2483 a
1497 2446 1620 2483 vera
1673 2429 1918 2499 Diptychi
1971 2427 2322 2497 dispositione

748 2526 1067 2591 aberrasse",
1108 2540 1264 2591 quam
1317 2533 1494 2575 tamen
1548 2521 1971 2586 Papebrochius,
2005 2520 2130 2572 dum
2186 2517 2318 2570 San-

747 2628 960 2677 ctorum
995 2617 1218 2670 nomina
1247 2615 1495 2677 (nitidius
1523 2614 1692 2664 multo
1729 2612 1780 2664 in
1818 2621 2008 2680 ectypo
2037 2627 2135 2664 suo
2162 2623 2321 2679 quam

752 2713 805 2770 in
851 2709 1089 2763 Goriano
1145 2706 1527 2773 supplemento
1583 2704 1851 2772 prolata),
1907 2702 2328 2755 Commentariis

751 2802 1066 2864 illustravit,
1104 2801 1170 2852 ad
1224 2800 1453 2867 rigorem
1510 2805 1729 2848 secutus
1775 2805 1856 2848 est
1893 2796 2026 2861 (ll).
2061 2791 2112 2846 Si
2169 2792 2327 2861 igitur

747 2904 982 2964 eetypon
1015 2890 1291 2944 habuisset
1324 2888 1556 2956 scriptor
1607 2887 1715 2947 ille,
1755 2885 2046 2954 sculptoris
2081 2885 2327 2951 sphalma

753 3003 857 3041 non
889 2997 1074 3040 exacte
1122 2982 1417 3042 retulisset,
1455 2996 1629 3047 neque
1662 2979 1750 3032 ubi
1781 2977 2183 3046 Papebrochius
2211 2976 2328 3030 Tri-

752 3079 933 3152 piychi
967 3076 1166 3130 Moschi
1203 3088 1420 3141 capsam
1449 3073 1689 3134 rescidit,
1717 3071 1842 3138 quia
1867 3087 1983 3121 eam
2020 3069 2215 3120 iterum
2241 3085 2331 3136 pa-

753 3172 874 3242 gina
929 3185 1033 3222 non
1089 3167 1358 3237 capiebat,
1402 3166 1487 3217 ille
1539 3164 1792 3217 similiter
1847 3160 2179 3222 rescidisset,
2229 3175 2329 3213 nec
2361 3182 2400 3234 ς

753 3259 989 3328 denique
1046 3268 1150 3312 tam
1209 3268 1464 3312 accurate
1520 3257 1925 3310 Bollandianam
1976 3255 2204 3323 elligieni
2243 3253 2336 3307 de-

757 3351 1093 3418 scripsisset,
1112 3361 1170 3402 ut
1196 3365 1261 3402 ne
1286 3350 1366 3401 vel
1391 3350 1662 3403 levissima
1689 3350 1975 3403 diversitas
2001 3347 2336 3416 deprehendi

760 3445 950 3513 possit.
1002 3441 1108 3496 Sed
1163 3443 1569 3512 Papehrochius
1607 3451 1872 3494 mutatum
1924 3455 2046 3493 esse
2091 3439 2336 3491 ordinem

759 3537 1039 3597 iudicavit,
1085 3551 1147 3587 ac
1201 3536 1252 3587 in
1311 3534 1528 3587 icouum
1580 3532 1897 3585 recensione
1949 3531 2120 3599 ipsius
2157 3542 2339 3593 proto-

760 3626 869 3697 ιγρί
922 3636 1167 3680 servatus
1209 3633 1289 3680 est
1339 3627 1506 3689 ordo;
1541 3625 1629 3680 ille
1679 3641 1806 3677 vero
1845 3627 2037 3676 horum
2086 3633 2336 3675 neutrqu

761 3720 910 3781 fecit,
937 3729 991 3772 et
1037 3720 1160 3786 quia
1202 3719 1428 3784 singulis
1475 3717 1790 3769 nominibus
1833 3714 2338 3768 commentariolum

762 3821 1055 3865 annectere
1096 3810 1284 3872 voluit,
1318 3809 1404 3862 ubi
1439 3807 1924 3878 HagiOgraphicum
1960 3819 2206 3861 nostrum
2245 3808 2342 3858 du-

763 3920 880 3958 cem
933 3919 1039 3957 non
1098 3903 1306 3968 habuit,
1335 3916 1549 3956 errores
1589 3900 1939 3968 gravissimos
1983 3899 2220 3951 admisit.
2268 3897 2340 3950 Ita

764 3997 821 4048 5.
840 3993 1175 4061 Stephanum
1200 3992 1477 4045 Juniorem
1503 3990 1636 4059 (μὶ),
1663 3999 1948 4058 martyrem
1976 3988 2339 4050 notissimum,

769 4101 872 4141 non
910 4087 1009 4138 sub
1037 4085 1376 4153 Conronymo
1414 4085 1507 4137 sed
1555 4083 1654 4137 sub
1688 4083 1865 4136 Leone
1910 4081 2093 4136 lsauro
2124 4097 2341 4151 passum

767 4175 1026 4237 afﬁrmat,
1083 4174 1227 4244 quod
1299 4175 1707 4242 l’apclirochius
1765 4176 2008 4242 profecto
2068 4190 2343 4243 nunquam

767 4269 1094 4336 sci-ipsisset.
1153 4267 1352 4319 Eodem
1413 4267 1573 4319 modo
1615 4267 1906 4336 procedere
1951 4267 2165 4320 videtur
2217 4268 2343 4319 dum

769 4360 1059 4431 Triptycha
1086 4359 1300 4413 Mosella
1333 4361 1606 4428 explanat,
1643 4360 1736 4412 sed
1771 4376 1878 4412 non
1931 4370 2085 4412 vacat
2118 4375 2230 4412 rem
2262 4359 2344 4412 di-

769 4456 1021 4527 ligentius
1073 4455 1464 4522 indigare(l5).
1498 4455 1608 4509 Nec
1657 4455 1945 4524 quisquam
1987 4455 2073 4508 hic
2118 4456 2343 4522 objiciat

771 4550 824 4602 in
865 4547 1156 4601 editionem
1202 4547 1456 4599 Venetam
1491 4547 1824 4600 Bollandiani
1862 4546 2058 4614 Operis
2091 4549 2332 4614 praedicta

2465 4543 2521 4594 Ὀ
2551 4540 2606 4592 δὲ
2636 4536 2911 4589 τείνεσθαι
2961 4533 3151 4584 τοῦτον
3184 4532 3240 4581 ὲν
3283 4526 3554 4595 μαστίγας
3584 4522 3869 4584 ἑκέὶευσε,

772 4639 1081 4709 gravamina
1112 4640 1313 4707 prolata
1367 4639 1550 4693 fuisse.
1585 4639 1715 4692 Nam
1769 4641 1946 4707 primo
1982 4639 2346 4705 Antverpien-

771 4746 883 4782 sem
912 4730 1063 4790 citat,
1095 4730 1220 4783 dein
1245 4730 1300 4783 in
1331 4739 1562 4800 utraque
1585 4730 1820 4784 editione
1850 4729 2014 4784 iidem
2041 4739 2168 4784 sunt
2189 4728 2346 4782 Com-

773 4825 1047 4886 ruentarii,
1086 4839 1221 4890 quos
1270 4824 1312 4877 si
1365 4825 1634 4879 immerito
1682 4840 1910 4893 arguere
1960 4835 2014 4878 et
2055 4825 2344 4878 immutare

772 4934 940 4974 ausus
963 4925 1068 4980 est,
1101 4917 1153 4969 in
1178 4930 1243 4970 eo
1273 4916 1487 4984 dignam
1530 4918 1854 4986 arrogantia:
1890 4932 2104 4987 pmnam
2139 4917 2259 4969 tulit
2293 4925 2349 4969 ut

773 5012 865 5066 tibi
909 5010 1260 5080 gravissimos
1315 5023 1532 5062 errores
1585 5024 1650 5061 ex
1713 5010 1921 5063 calamo
1972 5007 2222 5061 excidere
2278 5007 2348 5059 sit

775 5118 988 5172 passus.

841 5198 892 5250 4.
933 5194 1145 5249 Colitur
1185 5193 1242 5247 S.
1278 5193 1522 5246 Andreas
1568 5209 1674 5246 non
1706 5204 1912 5246 tantum
1942 5196 2207 5262 prtedictis
2233 5198 2348 5250 die~

775 5289 895 5351 bus,
950 5302 1137 5341 verum
1184 5286 1345 5340 etiam
1395 5301 1557 5337 xmn
1603 5284 1919 5339 Novembris
1962 5303 2081 5340 cum
2129 5287 2184 5342 S.
2224 5289 2347 5343 Ste-

779 5379 956 5446 phano
981 5377 1226 5432 Juniore.
1264 5376 1537 5430 Andream
1567 5376 1732 5441 enim,
1770 5377 1860 5444 qui
1911 5378 1960 5429 in
2000 5379 2151 5432 fastis
2181 5383 2350 5434 sacris

780 5488 884 5525 una
941 5485 1066 5524 cum
1118 5470 1219 5522 hoc
1273 5470 1550 5533 Stephano
1587 5470 1780 5536 prodit,
1827 5472 2076 5524 eunulcnt
2122 5488 2241 5526 esse
2290 5490 2349 5525 ac

857 5611 966 5677 (10)
996 5608 1142 5661 (iorii
1179 5606 1491 5660 Thcsaurus
1527 5613 1760 5677 veterum
1790 5607 2190 5676 diptycltorum.
2226 5607 2350 5662 Flo-

788 5676 972 5732 rentiae
1003 5680 1156 5741 1759,
1194 5687 1330 5738 part.
1365 5691 1438 5735 tv,
1465 5691 1514 5739 ι).
1559 5676 1572 5726 l
1607 5684 1662 5726 et
1693 5690 1819 5744 seqq

857 5750 968 5809 (ll)
1001 5750 1130 5800 Acta
1165 5748 1287 5807 55..
1325 5757 1360 5797 t.
1391 5745 1407 5796 l
1442 5745 1579 5805 Maii,
1621 5761 1669 5810 μ.
1704 5759 1788 5806 1.x,
1823 5767 1872 5800 tt.
1909 5749 1959 5798 4.

863 5819 968 5879 (te)
1003 5818 1126 5867 Lor.
1162 5817 1275 5875 Cit.,
1310 5829 1357 5882 p.
1395 5819 1442 5866 δ.

2406 581 2579 647 Atque
2607 577 2696 630 hic
2731 583 2942 628 tantum
2993 567 3194 622 notabo
3241 565 3353 618 haec
3390 577 3581 631 pauca.
3628 559 3837 612 Passus
3874 557 4018 624 qui-

2407 671 2529 724 dem
2581 678 2664 723 est
2715 666 2770 720 5.
2808 664 3114 733 Stephanus
3146 673 3310 712 χχχ-ιιι
3361 654 3703 712 Novembris,
3734 652 3835 705 sed
3874 666 4016 702 cum

2408 763 2474 816 sit
2519 760 2826 831 prrecipuus
2884 749 3280 824 persecutionis
3338 744 3797 816 Cupronymiana:
3854 756 4018 793 mar-

2411 864 2510 924 tyr,
2569 854 2632 907 iis
2684 851 2876 906 diebus
2927 847 3123 916 quibus
3170 843 3257 897 alii
3314 841 3556 910 ejusdem
3595 837 4017 906 persecutionis

2411 956 2673 1014 martyres
2709 941 3130 996 annuntiantur.
3169 950 3309 1003 smpe
3341 936 3454 1001 ipse
3478 931 3639 984 simul
3689 938 4014 993 comparet.

2410 1036 2826 1104 Coniunguntur
2900 1034 3079 1098 itaque
3149 1027 3459 1093 frequenter
3523 1021 3577 1074 S.
3656 1018 4013 1085 Stephanus,

2411 1129 2466 1183 S.
2505 1130 2768 1186 Andreas,
2798 1126 2853 1179 S.
2887 1126 3080 1178 Petrus
3111 1131 3163 1174 et
3201 1121 3256 1171 5.
3289 1120 3483 1172 Paulus
3514 1118 3613 1168 sub
3652 1115 4016 1180 (Zopronymo

2415 1221 2585 1290 passi,
2619 1232 2928 1288 quanquam
2971 1212 3133 1268 simul
3161 1212 3224 1263 ad
3255 1209 3590 1276 martyrium,
3627 1215 3686 1257 ut
3715 1223 3782 1256 ex
3822 1206 4020 1271 singu—

2423 1312 2594 1364 lorum
2647 1310 2795 1362 Actis
2837 1316 3000 1376 patet.
3055 1320 3162 1357 non
3215 1309 3616 1370 processerunt.
3667 1297 3724 1349 In
3783 1295 4016 1348 Menaeis

2418 1405 2543 1458 Mss.
2577 1401 2951 1455 Ambrosianis
2993 1413 3089 1452 seu
3126 1393 3620 1450 Mediolanensibus
3669 1393 3721 1443 hi
3773 1401 4020 1457 quatuor

2416 1494 2514 1548 SS.
2560 1503 2822 1562 martyres
2872 1492 3033 1544 simul
3073 1487 3287 1544 colendi
3332 1486 3677 1547 assignantur
3717 1500 3783 1536 xx
3847 1484 4021 1534 Octo-

2419 1585 2564 1648 bris;
2591 1585 2716 1637 dein
2755 1582 2813 1636 S.
2849 1580 3076 1634 Andreae
3136 1580 3188 1632 in
3228 1577 3365 1632 Crisi
3404 1575 3797 1643 Syri-aurium,
3834 1573 3886 1624 id
3942 1583 4023 1624 est

2421 1678 2600 1730 brevis
2629 1677 2751 1729 vitae
2795 1683 2846 1727 et
2884 1673 3153 1742 passionis
3185 1667 3406 1722 historia
3442 1665 3822 1734 subiungitur.
3869 1663 4021 1715 Idem

2421 1768 2473 1820 in
2510 1769 2629 1822 aliis
2660 1767 2879 1821 Menaeis
2920 1764 3048 1817 Mss.
3083 1772 3141 1816 ut
3185 1763 3235 1813 in
3284 1760 3471 1814 codice
3504 1759 3741 1826 quodam
3782 1753 4025 1807 Malari-

2421 1877 2536 1915 naeo
2587 1877 2691 1928 quo
2737 1875 2876 1928 saepe
2924 1859 3243 1910 decessores
3287 1852 3456 1905 nostri
3510 1850 3589 1903 usi
3642 1857 3799 1908 sunt,
3835 1848 4025 1900 videre

2418 1960 2521 2004 est.
2550 1949 2900 2018 Synaxarinm
2932 1954 3111 1998 autem
3148 1942 3565 1998 Mediolanense,
3593 1940 3863 2005 quoniam
3883 1954 4025 1987 non-

2421 2045 2555 2097 nihil
2601 2042 2783 2096 dill'ert
2813 2041 2878 2102 ab
2917 2038 3008 2090 illo
3039 2035 3182 2103 quod
3227 2034 3290 2087 ad
3343 2048 3448 2086 xm
3497 2031 3753 2084 Octobris
3796 2029 3850 2080 iu
3912 2027 4025 2080 Mc-

2422 2136 2551 2191 naeis
2596 2132 2910 2202 vulgaribus
2955 2143 3214 2182 excusum
3265 2136 3369 2188 est,
3400 2134 3454 2178 et
3510 2122 3846 2175 mirabiliter
3897 2135 4026 2173 cum

2423 2226 2572 2278 Actis
2613 2224 2814 2277 nostris
2854 2220 3124 2291 prioribus
3173 2225 3458 2275 consonat,
3492 2214 3564 2266 ita
3601 2223 3654 2265 ut
3695 2229 3761 2263 ex
3809 2212 3898 2264 his
3933 2214 4028 2262 de-

2424 2324 2700 2384 sumptum
2739 2313 2868 2367 illud
2916 2311 3108 2364 merito
3161 2309 3456 2377 conjicias,-
3492 2305 3579 2358 hic
3635 2302 3923 2369 integrum
3964 2316 4028 2354 ex

2426 2408 2612 2462 codice
2648 2406 2748 2460 Ms.
2779 2403 3124 2474 proferimus.
3146 2399 3312 2451 Datur
3349 2413 3478 2450 vero
3509 2394 3673 2447 siculi
3702 2403 3812 2450 est,
3836 2395 4027 2458 sphal-

2427 2500 2584 2553 matis
2612 2510 2661 2552 et
2693 2496 3055 2550 locutionibus
3097 2492 3409 2545 Graecorum
3440 2486 3640 2538 infimae
3673 2484 3857 2534 relatis
3908 2483 4030 2532 ubi-

2427 2608 2529 2660 que
2552 2591 2793 2650 retentis,
2815 2589 2878 2642 de
2902 2587 3118 2654 quibus,
3152 2585 3192 2634 si
3218 2583 3384 2639 lubet,
3403 2577 3568 2645 aliqui
3599 2576 3768 2626 videri
3796 2584 4031 2641 possunt

2427 2684 2569 2752 apud
2598 2683 2676 2735 Cl.
2714 2682 2852 2732 Hase
2891 2678 2943 2730 in
2974 2677 3211 2729 editione
3242 2672 3438 2726 Leonis
3473 2669 3696 2722 Diaconi
3727 2670 3845 2736 (Η)

2506 2797 2559 2849 5.
2595 2795 2734 2862 Μηνὶ
2796 2787 3080 2858 ὀκτωϐρίῳ
3109 2793 3153 2840 κ’
3182 2786 3289 2838 τῶν
3323 2785 3495 2850 ἁγίων
3540 2780 3830 2848 νεοφανῶν
3883 2795 4029 2847 μαρ-

2429 2881 2608 2958 τύρων
2674 2888 2978 2955 Στεφάνου,
3050 2880 3286 2940 Παύλου,
3325 2879 3529 2945 Πέτρου
3589 2874 3686 2924 καὶ
3742 2871 4026 2938 Ἀνδρέου,

2429 2986 2534 3035 τῶν
2568 2985 2656 3034 ἐπὶ
2691 2977 3066 3046 Κοπρωνύμου
3096 2971 3592 3040 μαρτυρησάντων.
3636 2957 3818 3024 Οἷτος
3852 2958 4026 3030 ἦνὲττὶ

2435 3072 2840 3127 Κωνσταντίνου
2909 3067 2999 3119 τοῦ
3034 3062 3358 3116 κα6α>.>.ίνου
3405 3063 3460 3112 ὲν
3501 3058 3735 3126 ἀσκήσει
3794 3057 4025 3121 διάγων,

2435 3169 2490 3218 ὲν
2521 3168 2585 3234 τῇ
2610 3167 2756 3233 νήσῳ
2779 3162 2990 3231 Κρήτῃ.
3057 3154 3298 3208 ’Λκούων
3330 3153 3383 3204 δὲ
3416 3153 3506 3203 τὸν
3538 3149 3809 3217 τύραννον
3852 3165 4024 3214 τιμω-

2442 3261 2687 3330 ρήσαντα
2733 3257 2858 3316 τοὺς
2910 3251 3249 3320 ὸρῡοῧόξους,
3310 3247 3608 3300 ἀνέπλευσε
3672 3242 3816 3310 προς
3868 3241 4021 3291 Κων-

2445 3347 2888 3403 σταντινούπολιν
2949 3344 3184 3406 ἐλέγξων
3240 3339 3418 3397 αὑτὸν,
3477 3338 3571 3386 καὶ
3625 3334 3811 3402 εὑρὼν
3865 3333 4025 3382 ait?”

2443 3443 2615 3508 πέραν
2643 3442 2698 3490 ὲν
2725 3437 2818 3488 τοῦ
2846 3436 3000 3501 ἁγίου
3031 3431 3234 3483 Multum
3249 3445 3329 3488 ro;
3353 3427 3630 3484 παὶατόις
3668 3423 4026 3490 nummis-.1

2441 3536 2567 3597 τοὺς
2601 3531 2673 3600 μὴ
2703 3528 3071 3600 ἀρνουμένους
3103 3521 3198 3583 τὰς
3237 3520 3384 3578 θείας
3434 3515 3672 3574 εἰκόνας,
3706 3514 3815 3581 ἔφη
3843 3529 3857 3542 ·
3885 3508 4027 3578 Ἀρι

2445 3625 2749 3694 χριστιανὸς
2782 3618 2852 3682 εἴ,
2915 3614 3169 3687 βασιλεῦς
3211 3613 3269 3665 Ὀ
3297 3611 3351 3662 δὲ
3379 3609 3512 3678 πρὸς
3555 3608 3718 3659 αὖτζν
3791 3604 3912 3675 μετ’
3945 3604 4026 3671 ὀρ-

2443 3720 2542 3785 γῆς
2583 3712 2844 3784 στραφεὶς
2892 3710 3146 3762 ἐκέλευσε
3180 3706 3317 3775 πρὸς
3363 3703 3524 3755 αὑτὸν
3582 3697 3848 3762 ἄγεσθαι·
3890 3700 3938 3748 οἱ
3979 3698 4027 3747 δὲ

2441 3809 2546 3860 τῶν
2573 3805 2775 3876 τριχῶν
2818 3802 3089 3870 σύροντες,
3121 3798 3270 3851 ἄλλοι
3303 3796 3391 3846 τὸν
3412 3791 3648 3862 χοιτῷκα
3691 3787 4026 3858 ρητνύντες,

2445 3899 2536 3951 καὶ
2572 3900 2634 3949 ἐκ
2690 3896 2795 3948 τῶν
2826 3893 3050 3946 ὗπισῦεν
3105 3891 3423 3946 τύπτοντες,
3471 3884 3666 3950 ἔσυρον
3704 3882 3799 3931 τὸν
3855 3881 4026 3945 Ξιῖιην,

2446 3982 2547 4039 καί
2579 4001 2712 4054 φησι
2743 3984 2877 4052 πρὸς
2926 3980 3088 4031 αὐτόν
3113 3994 3125 4006 ⁸
3188 3975 3372 4035 Οὕτως
3404 3971 3693 4039 ἐδιδάχθης
3728 3972 4025 4038 ἀτιμάζειν

2446 4077 2703 4150 βασιλέας
2743 4076 2799 4127 Ὀ
2840 4074 2897 4126 δέ
2931 4087 2943 4101 ⁶
2974 4069 3160 4131 Οὐδεὶς
3185 4066 3491 4136 ἁμαρτάνει
3519 4063 3749 4130 βασιλέα
3784 4065 4026 4130 ἐλέγχων

2445 4169 2868 4239 παρανομοῦντα
2891 4183 2903 4199 ·
2928 4167 2954 4218 ὁ
2984 4165 3038 4217 δέ
3079 4179 3092 4193 ⁶
3125 4162 3264 4223 Τοὺς
3312 4153 3771 4228 παρανομοῦντας
3833 4157 4027 4222 μᾶλὶεη

2448 4265 2602 4332 ὑμεῖς
2642 4261 2963 4326 κολάζομεν,
2989 4258 3112 4317 τοὺς
3145 4256 3214 4315 ὡς
3238 4255 3392 4314 Θεους
3421 4249 3911 4320 προσερχομένους
3942 4252 4026 4297 καὶ

2446 4353 2808 4424 λατρεύοντας
2838 4351 2951 4411 ταῖς
2983 4349 3206 4399 εἰκόσινο
3239 4347 3360 4398 ὀόέ·
3402 4345 3671 4410 Ἀγνοεῖς,
3704 4335 3747 4392 ᾧ
3784 4340 4024 4410 βαειὶεὶ,

2449 4451 2500 4500 τί
2531 4449 2627 4516 μὲν
2652 4446 2711 4498 τὸ
2740 4443 3002 4514 σχετικῶς
3036 4439 3382 4508 προσκυνεῖν,
3406 4434 3455 4485 ti
3473 4434 3529 4484 δὲ
3550 4433 3606 4482 τὸ
3631 4431 4022 4498 ὶατρευτικῶς,

3909 4525 4025 4590 βου-

2453 4633 2660 4702 νεύροις
2682 4632 2822 4682 κατὰ
2852 4627 2943 4679 τοῦ
2963 4626 3118 4676 νότου
3157 4624 3252 4674 καὶ
3284 4618 3379 4672 τοῦ
3410 4616 3642 4684 στήθους
3679 4615 4021 4682 φραγελὶῷν·

2454 4721 2570 4777 εἶτα
2602 4722 2747 4773 λίθου
2775 4719 2834 4771 τὸ
2870 4717 3043 4784 στόμα
3099 4711 3401 4783 προσέταξε
3458 4706 3786 4761 τύπτεσθαι,
3846 4705 3927 4775 Τῇ
3977 4708 4025 4758 εξ

2456 4813 2718 4881 ἐπαύριον
2748 4806 3017 4868 ἐκϐαλὼν,
3051 4804 3124 4865 ὼς
3153 4803 3252 4854 οὐκ
3286 4800 3506 4852 ἔπεισεν
3558 4798 3910 4866 ἀρνήσασθαι
3943 4800 4024 4848 τζδ

2457 4908 2690 4974 Χριστὸν
2727 4905 2819 4956 καὶ
2852 4901 2949 4962 τὰς
2985 4899 3148 4965 ἁγίας
3183 4896 3421 4953 εἰκόνας,
3473 4891 3646 4958 τύψας
3679 4890 3867 4954 πάλιν,
3896 4894 4024 4941 κατὰ

2457 4999 2699 5066 κεφαλῆς
2737 4993 3001 5065 σύρεσθαι
3043 4991 3230 5042 τοῦτον
3280 4985 3386 5036 τῶν
3414 4983 3589 5034 ποδῶν
3618 4983 3742 5043 τοὺς
3789 4983 4022 5048 “circa;

2458 5093 2772 5159 ἐξάψαντες,
2821 5090 2879 5138 ὲν
2916 5087 2980 5151 τῇ
3019 5076 3596 5135 Κωνσταντινουττὸὶει
3643 5074 4020 5142 Θεατρίζεσθαι

2460 5180 2814 5250 προστάσσει.
2853 5175 2913 5228 Οἱ
2951 5173 3006 5225 δὲ
3053 5173 3282 5239 τάχιστα
3322 5164 3786 5238 περανιωοὲντες,
3822 5167 3916 5214 καὶ
3945 5164 4020 5212 τὸν

2461 5274 2615 5340 ἅγιον
2646 5275 2902 5342 σύροντες
2947 5266 3184 5318 ἕϐαπτον
3216 5262 3311 5329 τὴν
3352 5260 3454 5325 γῆν
3484 5258 3598 5316 τοῖς
3635 5257 3868 5322 αἶμεεῖιν
3895 5270 3906 5279 ‘
3959 5254 4022 5314 ὡς

2458 5366 2510 5416 δὲ
2540 5371 2615 5424 εἰς
2653 5367 2746 5432 τὴν
2779 5361 2871 5412 τοῦ
2904 5359 3032 5420 Bob;
3055 5358 3262 5424 ἀγορὰν
3315 5352 3685 5419 πεφθάκασιν,
3732 5348 3893 5398 elisam
3933 5347 4018 5395 αὺ-

2459 5461 2586 5519 τούς
2627 5473 2704 5515 τις
2731 5455 2855 5521 ἄρτι
2891 5451 3020 5510 τοὺς
3055 5447 3241 5515 ἰχθύας
3277 5441 3819 5509 ἀποφορτισὰμειίος,
3847 5437 4017 5503 incdit:

2536 5593 2644 5657 (ιδ)
2674 5588 2831 5648 nuit,
2873 5582 3049 5657 luto.

2535 5641 2886 5725 illiLeoriis'
2938 5652 3156 5706 Diaconi
3215 5645 3458 5702 Historia:
3509 5660 3555 5723 e‘
3594 5658 3813 5701 recens.
3869 5645 3925 5694 (ὲ.
3969 5641 4017 5691 Β.

2471 5716 2642 5796 Ηέςεί
2670 5731 2862 5781 Bonnae
2894 5725 3045 5786 I898,
3089 5739 3138 5788 p.
3179 5734 3296 5770 amr
3329 5729 3380 5770 el
3418 5716 3639 5784 passim.
