4188 6432
123 419 301 484 1085
1267 428 1441 486 Vl'l‘A
1483 426 1541 486 S.
1591 427 1920 486 ANDRE£
1963 429 2042 488 IN
2089 431 2315 490 CRlSl.
3286 432 3414 495 1086

108 529 257 598 τὴν
306 533 485 585 αἰτίαν
520 531 887 603 τῆξβασὰνου
915 535 1010 588 καὶ
1038 535 1247 604 μαθὼν,
1273 537 1463 603 ἀξίνην
1503 537 1712 605 μακελ-

1835 546 2059 604 quenter
2110 547 2326 590 sanctos
2373 537 2572 598 varios,
2608 537 2695 603 qui
2753 536 2953 592 Sancto
3002 537 3271 606 praecipuo
3320 538 3411 591 tali

109 621 317 692 λικῆν
344 624 372 675 ὁ
403 625 586 690 ἄθλιος
615 628 895 696 ἁρπάσας,
948 628 1313 700 χαριζόμενος
1340 634 1452 693 τοῖς
1484 630 1574 682 τοῦ
1608 630 1726 683 δια-

1835 630 1918 683 die
1943 629 2218 682 celebrato
2262 627 2448 681 aliines
2477 639 2622 687 sunt,
2660 638 2713 682 et
2751 638 2930 682 tamen
2990 629 3198 696 priores
3248 631 3411 684 etiam

115 713 319 768 δόλου
371 717 695 785 ὑπηρέταις,
725 719 1006 788 δρομαέως
1047 721 1265 790 ἔρχεται
1298 723 1390 775 καὶ
1421 722 1509 774 τὸν
1556 723 1729 786 δεξιὸν

1835 737 1991 776 suum
2039 723 2318 789 proprium
2370 721 2510 774 diem
2558 721 2828 775 obtinere.
2859 720 2914 774 In
2963 721 3180 774 Menaeis
3233 723 3413 789 itaque

115 806 299 858 πόδα
321 807 416 859 τοῦ
443 810 599 874 ἁγίου
630 810 894 878 ἀπέκοψε,
933 812 1028 863 καὶ
1063 813 1190 879 παρ’
1224 811 1387 863 αὖτοῦ
1419 814 1517 883 τὴν
1568 814 1729 880 ἁγίαν

1835 814 2074 882 praedicti
2114 821 2346 881 quatuor
2383 813 2564 866 Sancti
2615 813 2680 866 ad
2712 813 2854 866 diem
2899 831 2985 866 xxi
3019 814 3289 874 Octobris,
3320 814 3410 882 qui

119 900 330 953 αὖτοῦ
386 904 478 954 καὶ
528 903 804 972 μακαρίαν
839 903 1016 972 ψυχὴν
1068 905 1338 975 παρέθετο
1390 906 1466 974 τῷ
1521 907 1729 976 Κυρίῳ.

120 995 221 1044 ΟΞ
260 993 355 1045 οὖν
398 996 675 1064 σύροντες,
700 997 894 1064 νεκρδν
947 997 1168 1058 ἰδόντες,
1213 999 1286 1059 ὥς
1320 1015 1370 1048 τε
1408 998 1729 1066 Ονησιμαῖον

118 1084 214 1135 ἐν
246 1088 513 1156 κοπρώδει
543 1088 726 1156 χωρίῳ
751 1088 1080 1160 extersis“,
1101 1091 1297 1152 ’νυκτὸς
1317 1090 1370 1141 δὲ
1402 1091 1733 1142 καταλαΰού-

125 1193 281 1244 σης,
313 1180 458 1237 τινὲς
487 1177 595 1229 τῶν
621 1179 923 1246 ὀρθοδὸξων
954 1183 1207 1246 ἄραντες,
1236 1181 1445 1249 ἔθαψαν
1476 1183 1533 1232 ὲν
1580 1182 1730 1251 τόπῳ

125 1267 442 1338 ὶεγομένῳ
499 1269 593 1336 τῆς
643 1270 914 1337 Κρίσεως.
976 1271 1097 1324 Ιιωε
1134 1272 1298 1324 latine
1335 1289 1480 1324 versa
1531 1274 1604 1325 sic
1649 1290 1735 1326 so-

128 1369 313 1412 nant.

220 1451 278 1504 6.
348 1451 440 1505 Die
482 1468 546 1504 xx
585 1453 832 1506 Octobris
867 1453 1125 1509 Memoria
1171 1458 1468 1510 recentium
1516 1463 1731 1511 sancto-

125 1558 276 1594 rum
328 1554 623 1613 martyrum
665 1545 946 1614 Stephani,
993 1547 1160 1610 Pauli,
1213 1550 1350 1602 Petri
1403 1558 1454 1601 et
1507 1551 1733 1603 Andrem

124 1635 246 1700 qui
279 1638 379 1686 sub
407 1635 751 1706 Cupronymo
785 1638 924 1706 passi
967 1649 1111 1691 sunt.
1144 1671 1210 1680 -—
1244 1642 1294 1694 ls
1319 1643 1606 1708 (Andreas)
1634 1644 1732 1696 sub

126 1726 518 1780 Constantino
551 1728 854 1791 Caballino,
887 1731 1134 1784 aseetica:
1167 1732 1288 1785 vitae
1318 1735 1563 1786 addictus
1592 1734 1733 1787 vive-

129 1817 247 1870 bat
282 1819 334 1871 in
367 1819 538 1871 insula
580 1819 758 1884 Creta,
796 1837 1029 1890 cumque
1060 1825 1300 1878 audisset
1336 1835 1620 1895 tyrannum
1644 1841 1730 1877 or-

135 1911 430 1965 Iliodoxos
483 1916 765 1967 tormentis
829 1915 1118 1984 exagitare,
1170 1916 1316 1969 illum
1371 1918 1728 1988 redarguendi

132 2018 322 2056 causa
360 2005 884 2074 Constantinopolim
928 2009 1217 2076 navigavit.
1270 2010 1622 2064 Inveniteum
1653 2013 1732 2064 ul-

135 2105 237 2148 lra
282 2098 612 2162 (civitatem,
646 2101 680 2149 i.
711 2115 754 2149 e.
787 2097 851 2148 ad
890 2108 1096 2165 partem
1149 2101 1560 2155 occidentalem.
1602 2104 1730 2158 Vide

137 2188 298 2241 infra
336 2206 485 2241 num.
521 2189 609 2256 50)
646 2190 695 2240 in
732 2189 936 2242 Palatio
974 2191 1038 2244 ad
1076 2193 1130 2244 S.
1167 2192 1478 2263 Mamantis,
1505 2199 1732 2250 saevien-

139 2292 266 2333 tem
303 2283 354 2333 in
387 2297 480 2334 eos
511 2282 599 2350 qui
641 2297 914 2335 sacrarum
967 2284 1259 2352 imaginum
1291 2288 1494 2341 nollent
1526 2290 1731 2343 cultum

135 2374 412 2440 abjicere,
473 2390 706 2445 eumque
759 2377 1092 2444 compellans
1150 2395 1162 2429 :
1223 2378 1540 2445 Imperator,
1603 2393 1731 2436 tune

136 2466 501 2521 Christianus
559 2483 642 2531 es,
677 2469 894 2537 inquit?
927 2468 1022 2521 Hic
1069 2484 1197 2522 vero
1243 2487 1362 2522 rum
1400 2471 1476 2524 ira
1509 2473 1572 2524 ad
1606 2489 1730 2524 eum

138 2572 472 2621 conversus,
524 2558 716 2612 adduci
763 2560 947 2628 jussit.
999 2559 1134 2613 Tum
1198 2561 1285 2614 alii
1345 2561 1555 2628 capillis
1588 2563 1733 2614 abri-

137 2649 393 2719 pientes,
427 2651 511 2703 alii
551 2653 789 2706 tunicam
831 2654 1134 2709 lacerantes
1177 2664 1232 2709 et
1277 2671 1304 2708 a
1339 2666 1486 2725 tergo
1520 2656 1731 2710 caeden-

142 2751 257 2806 tes,
292 2741 546 2795 Sanctum
578 2745 884 2811 raptabant.
920 2747 1018 2800 Cui
1063 2757 1324 2818 tyrannus
1368 2767 1380 2803 :
1414 2749 1562 2805 Itane
1605 2768 1734 2807 con-

144 2833 396 2886 tumeliis
421 2827 806 2904 imperatorem
831 2837 1043 2892 allicere
1075 2841 1301 2893 edoctus
1327 2843 1424 2894 es?
1449 2843 1541 2895 llle
1573 2860 1729 2898 vero:

141 2923 326 2978 Nemo
370 2926 654 2995 delinquit,
693 2929 1076 2997 imperatorem
1125 2946 1376 3001 arguens.
1431 2935 1552 2986 dum
1586 2934 1733 3002 leges

141 3021 478 3074 contemnit.
529 3021 817 3090 Tyrannus
852 3024 1046 3077 iterum
1085 3044 1096 3078 :
1131 3025 1187 3078 In
1225 3042 1318 3079 vos
1341 3027 1519 3094 potius
1554 3028 1730 3095 legum

141 3121 504 3177 corruptores
523 3113 1026 3177 animadvertimus,
1048 3122 1140 3181 qui
1169 3119 1318 3183 quasi
1345 3119 1446 3171 diis
1470 3120 1730 3180 advoluti.

1833 905 1937 958 diei
1970 921 2076 973 quo
2116 920 2306 973 passus
2340 915 2421 957 est
2455 903 2512 960 S.
2546 906 2794 959 Andreas
2829 907 2880 958 in
2908 905 3070 966 Crisi,
3104 923 3170 959 xx
3206 906 3411 961 scilicet

1835 997 2116 1064 proximus
2166 1006 2267 1055 est,
2305 996 2453 1048 relati
2493 1007 2620 1049 sunt
2663 1008 2711 1050 et
2768 998 3014 1066 sequenti
3053 998 3200 1051 brevi
3247 1012 3412 1051 θηρο-

1835 1090 1944 1142 mio
1985 1088 2332 1140 celebrantur
2364 1105 2376 1140 :
2407 1089 2483 1156 Τῇ
2510 1088 2645 1156 αὑτῇ
2668 1089 2873 1158 ἡμέρα,
2904 1089 3090 1158 μνήμη
3121 1089 3224 1140 τῶν
3245 1088 3414 1152 ἁγίων

1837 1181 2119 1245 νεοφανῶν
2151 1180 2448 1250 μαρτύρων
2509 1179 2778 1250 Ἀνδρέου,
2851 1180 3146 1246 Στειξὰνου,
3204 1183 3417 1233 Παύλου

1837 1270 1927 1323 καὶ
1957 1271 2190 1337 Πέτρων.

1835 1363 2014 1432 Σῐίχυι
2042 1381 2053 1391 .
2087 1361 2266 1431 Τρεῖς⁹
2293 1365 2318 1412 r',
2341 1363 2627 1431 Στέφανος,
2665 1365 2725 1414 σὺ
2758 1366 3076 1432 στεφανῗτας
3099 1364 3239 1432 ἔχεις

2093 1456 2232 1518 Τοὺς
2257 1456 2336 1507 σοὶ
2362 1454 2791 1522 συναθλήτχντας
2818 1458 2872 1520 ἐξ
2898 1457 3012 1519 ea;
3039 1458 3241 1524 ξίφους.

1907 1547 1960 1600 ld
1990 1557 2070 1600 est
2102 1564 2114 1598 :
2146 1548 2343 1599 Eadem
2375 1547 2462 1598 die
2493 1547 2598 1613 (xxi
2634 1545 2849 1611 Octob.)
2903 1549 3164 1599 memoria
3203 1557 3419 1602 sancto-

1838 1655 1956 1692 rum
1984 1639 2278 1693 recentium
2300 1649 2594 1708 martyrum
2619 1638 2868 1702 Andretn,
2888 1639 3171 1708 Stephani,
3195 1639 3344 1693 Pauli
3367 1649 3420 1694 et

1839 1729 2006 1784 Petri.

1843 1822 2037 1876 Versus
2074 1841 2087 1876 :
2124 1823 2256 1876 Tres
2290 1834 2682 1878 concoronatos
2718 1821 2903 1884 habes,
2933 1837 2965 1875 ο
3001 1819 3304 1890 Stephano,

2127 1916 2328 1972 Tecum
2358 1932 2487 1970 ense
2519 1924 2816 1986 pugnantes
2850 1914 3035 1970 eodem
3059 1926 3296 1970 strenue.

1835 2009 2068 2061 Rursum
2101 2009 2186 2061 die
2218 2026 2380 2062 xxvm
2414 2008 2662 2061 Octobris
2684 2008 2736 2058 in
2764 2009 2937 2058 altero
2969 2008 3197 2058 duorum
3233 2006 3418 2061 Meno-

1835 2101 2099 2170 logiorum
2155 2116 2272 2168 qua:
2329 2101 2614 2153 Scholzius
2678 2099 2848 2152 edidit
2908 2099 3043 2168 (16),
3100 2109 3418 2166 comparent

1837 2191 1936 2244 SS.
1991 2199 2256 2258 martyres
2320 2188 2651 2257 Stephanus,
2713 2187 2908 2241 Petrus
2965 2198 3021 2241 et
3070 2188 3313 2243 Andreas
3363 2197 3418 2240 et

1838 2297 2006 2334 xxvm
2041 2281 2176 2333 Nov.
2211 2280 2409 2332 iterum
2440 2279 2496 2333 S.
2531 2279 2844 2348 Stephanus
2871 2280 3064 2334 .lunior
3105 2291 3302 2350 martyr
3333 2294 3419 2334 so-

1836 2373 1949 2437 lus;
1990 2373 2042 2426 in
2079 2374 2251 2427 altero
2283 2388 2410 2426 vero
2443 2373 2606 2425 solus
2638 2372 2691 2425 S.
2729 2372 3038 2442 Stephanus
3077 2373 3270 2429 Junior
3302 2387 3417 2426 mo-

1837 2466 2042 2518 nachus
2073 2475 2126 2516 et
2172 2475 2373 2535 martyr
2401 2458 2488 2518 die
2522 2483 2687 2519 xxviii
2719 2465 2838 2519 Oct.
2869 2467 3035 2521 semel
3085 2482 3418 2520 commemo-

1835 2564 2004 2608 ratur.
2041 2555 2172 2608 Item
2207 2556 2260 2607 in
2318 2556 2505 2609 codice
2553 2557 2924 2611 Laurentiano
2963 2559 3072 2624 (l7)
3118 2558 3298 2612 saeculi
3335 2575 3362 2612 x
3404 2576 3416 2611 :

1837 2662 2003 2700 xxvin
2032 2644 2225 2701 Octob.
2265 2649 2323 2700 S.
2359 2647 2619 2717 Stephani
2649 2658 2703 2702 et
2735 2649 2974 2717 quicum
3008 2664 3072 2702 eo
3103 2651 3244 2718 passi
3272 2659 3416 2703 sunt.

1836 2739 2162 2807 Coniectura
2208 2740 2356 2794 ducti
2409 2751 2468 2794 ut
2499 2756 2835 2811 exponemus
2876 2757 2930 2793 n.
2991 2742 3060 2795 ‘23
3092 2743 3421 2796 arbitramur

1839 2833 1927 2886 hic
1996 2833 2144 2886 illum
2174 2833 2509 2902 Stephanum
2555 2834 2680 2886 olim
2730 2844 3218 2888 commemoratum
3255 2833 3423 2889 fuisse

1838 2925 1929 2988 qui
1967 2927 2067 2975 sub
2095 2927 2286 2979 eodem
2326 2926 2672 2997 Copronymo
2703 2927 2934 2996 plurima
2969 2944 3180 2996 passus,
3213 2928 3338 2982 dein
3366 2929 3419 2982 in

1837 3015 2118 3086 Sugdaeam
2184 3019 2338 3071 exsul
2371 3030 2554 3072 sancte
2591 3021 2751 3072 vitam
2794 3021 2986 3073 linit-it.
3029 3022 3103 3072 Ita
3153 3021 3294 3074 enim
3341 3020 3419 3073 fe-

1839 3119 1964 3161 runt
1999 3119 2109 3162 tum
2144 3110 2366 3174 Mensa,
2407 3123 2518 3166 tum
2557 3111 2854 3182 Menologia
2891 3112 3071 3166 Sirleti
3106 3121 3161 3166 et
3199 3112 3433 3165 Basilia--

144 3201 419 3270 imagines
456 3205 772 3257 adoratione
819 3206 1229 3272 prosequimini.
1269 3207 1566 3273 Respondit
1603 3211 1726 3262 ille:
1762 3219 1802 3273 C
1841 3218 1966 3254 "ll"!
2015 3204 2080 3256 ad
2133 3204 2272 3258 diem
2322 3221 2491 3259 XXVIII
2545 3205 2884 3258 Novembris.
2939 3204 3073 3259 "llic
3117 3206 3313 3260 deinde
3357 3221 3422 3259 ex

140 3293 367 3354 Nescis,
400 3297 718 3362 imperator,
752 3296 878 3362 quid
914 3297 979 3348 sit
1012 3297 1216 3349 cultum
1255 3299 1533 3351 relativum
1570 3300 1725 3352 exhi-

143 3386 304 3448 bere,
357 3386 484 3453 quid
534 3402 661 3439 vero
711 3388 1078 3440 latreuticum.
1115 3387 1250 3441 Tum
1283 3406 1404 3442 eum
1449 3392 1512 3443 ad
1565 3392 1727 3460 ﬂagra

142 3475 418 3540 extendit,
465 3487 673 3548 tergum
712 3488 763 3531 et
818 3489 1004 3546 pectus
1035 3479 1245 3531 bovinis
1286 3481 1466 3533 nervis
1498 3483 1730 3544 concidi,

146 3567 353 3621 deinde
370 3584 431 3622 os
460 3571 602 3623 saxis
631 3570 889 3623 contundi
919 3571 1208 3638 praecepit;
1249 3582 1464 3636 postera
1487 3573 1574 3623 die
1601 3573 1729 3624 loris

147 3660 410 3727 ejectum,
446 3669 635 3727 utpote
683 3659 768 3713 cui
819 3660 1096 3712 Christum
1148 3669 1199 3711 et
1250 3676 1431 3714 sacras
1466 3664 1730 3732 imagines

146 3753 424 3820 abnegare
459 3768 566 3805 non
609 3754 991 3821 persuasisset.
1030 3768 1217 3804 rursus
1251 3752 1599 3822 ﬂagellatum,
1641 3774 1730 3810 ca-

149 3844 265 3911 pite
317 3844 370 3895 in
419 3855 617 3896 terram
678 3844 934 3906 demisso,
971 3844 1199 3913 alligatis
1249 3848 1476 3913 pedibus
1530 3850 1728 3914 raptari

145 3935 319 4005 jussit
341 3946 392 3988 et
425 3937 894 4004 Constantinopoli
929 3938 1146 4005 publice
1179 3939 1534 3992 deridendum
1565 3955 1730 4007 expo-

147 4029 229 4081 ni.
253 4029 425 4092 Quem
455 4030 712 4083 citissime
733 4031 1130 4095 pertrahentes,
1153 4040 1350 4083 terram
1387 4033 1437 4083 in
1470 4034 1730 4100 raptando

147 4124 420 4191 sanguine
451 4134 895 4191 consperscrunt.
927 4123 1001 4176 lla
1043 4124 1218 4176 forum
1250 4124 1407 4175 Boiis
1453 4134 1732 4180 assecutos

147 4214 502 4281 conspiciens
529 4215 726 4280 aliquis
765 4217 853 4283 qui
885 4215 1045 4267 modo
1087 4216 1262 4282 pisces
1291 4227 1635 4281 cxoncrarat,
1665 4221 1730 4272 de

150 4305 409 4358 tormenti
457 4321 617 4359 causa
666 4307 1007 4371 sciscitatur;
1065 4323 1121 4361 re
1179 4321 1476 4376 comperta.
1525 4313 1730 4366 macelli

147 4397 332 4451 cultro
367 4397 531 4451 miser
561 4408 798 4466 arrepto,
851 4400 1024 4452 servis
1065 4399 1261 4453 diaboli
1313 4401 1526 4468 placere
1570 4419 1730 4470 appe-

1836 3311 1986 3347 more
2030 3296 2340 3349 Graecorum
2379 3297 2545 3350 additi
2595 3296 2800 3348 fuerint
2851 3295 2947 3348 SS.
2987 3297 3177 3348 Petrus
3223 3309 3276 3349 et
3312 3297 3421 3348 An-

1833 3386 2024 3447 dreas,
2059 3403 2120 3439 ex
2159 3403 2267 3455 quo
2299 3387 2459 3440 etiam
2495 3386 2746 3455 proﬂuxit
2784 3397 2842 3440 ut
2877 3389 2960 3441 die
2993 3404 3158 3442 xxviii
3191 3389 3421 3442 Novem-

1833 3479 1966 3541 bris,
1997 3495 2105 3545 quo
2134 3478 2187 3534 S.
2222 3479 2533 3548 Stephanus
2556 3480 2748 3533 .lunior
2776 3495 2966 3548 passus
2997 3489 3100 3540 est,
3138 3480 3276 3532 idem
3314 3480 3422 3533 duo

1836 3568 2015 3620 Sancti
2068 3579 2178 3621 tum
2235 3571 2286 3622 in
2343 3571 2581 3633 Menaeis,
2613 3581 2724 3623 tmn
2780 3573 2834 3624 in
2886 3571 3050 3625 variis
3103 3570 3420 3643 .‘llenologiis

1836 3657 2031 3710 iterum
2060 3659 2370 3712 recolantur
2404 3660 2588 3728 (supra
2628 3676 2778 3711 num.
2816 3661 2922 3724 14).

1905 3751 1956 3803 8.
1994 3750 2066 3804 De
2125 3752 2274 3805 Actis
2322 3767 2439 3820 quae
2505 3752 2825 3820 subjicimus
2872 3752 2983 3805 haec
3050 3753 3252 3821 accipe.
3317 3751 3421 3805 Du-

1842 3843 1997 3910 plicia
2053 3844 2398 3904 exhibemus,
2451 3855 2680 3910 utraque
2715 3844 2902 3896 Graece
2963 3845 3185 3907 inedita,
3237 3845 3416 3912 priora

1842 3950 1968 3987 vero
1996 3935 2156 3985 etiam
2185 3933 2411 3997 Latine;
2445 3936 2497 3988 id
2532 3935 2758 3988 iacimus
2792 3946 2903 3989 tum
2936 3936 3076 4003 quod
3120 3937 3418 4003 posteriora

1833 4043 1894 4078 ex
1929 4026 2030 4078 illis
2065 4038 2170 4077 non
2212 4026 2605 4094 proﬂuxerunt,
2641 4029 2732 4082 sed
2783 4029 2968 4095 paucis
3013 4028 3250 4092 omissis,
3284 4042 3419 4080 non-

1836 4118 1978 4169 nulla
2023 4119 2426 4184 superaddunt:
2461 4126 2574 4170 tum
2613 4120 2774 4171 etiam
2809 4120 2950 4186 quod
3000 4120 3189 4171 horum
3238 4135 3419 4186 exem-

1834 4208 1949 4275 plar
1988 4206 2438 4274 perfectissimum
2491 4209 2632 4261 nacti
2689 4223 2898 4270 sumus,
2930 4209 3168 4278 quinque
3213 4210 3418 4264 scilicet

1835 4299 1963 4352 Mss.
2032 4299 2277 4354 codicum
2335 4301 2681 4354 collationem
2738 4303 2792 4354 in
2852 4303 3092 4370 margine
3149 4303 3414 4357 referens.

1835 4393 2176 4446 'l‘ribuuutur
2211 4393 2323 4445 haec
2357 4393 2754 4461 Meraphrastm,
2797 4402 2852 4445 ut
2899 4393 3100 4446 diserte
3131 4394 3291 4448 habet
3327 4397 3413 4449 Al-

149 4503 298 4553 ιριιε⁹
325 4506 488 4544 ειη-ευ
517 4491 796 4544 contendit
831 4499 885 4541 οι
917 4490 1165 4543 deut-mn
1195 4493 1386 4557 νράυιη
1429 4494 1607 4545 sum“
1641 4495 1732 4545 ah-
1767 4481 1810 4539 D
1839 4483 2019 4546 latius,
2062 4485 2150 4551 qui
2195 4483 2246 4534 in
2298 4484 2524 4536 diatriba
2559 4485 2625 4536 de
2667 4485 3033 4553 SymconibUs
3078 4503 3267 4540 eorum
3317 4489 3417 4541 ini—

144 4583 336 4647 sridit,
374 4583 463 4650 qui
497 4583 701 4634 interea
727 4591 966 4635 sanctam
1001 4596 1062 4634 ac
1097 4581 1309 4635 beatam
1350 4585 1584 4636 animam
1630 4586 1733 4638 Do-

151 4676 304 4728 mino
355 4676 594 4729 tradidit.
646 4673 745 4739 Qui
802 4690 924 4727 eum
975 4675 1284 4742 raptabant,
1345 4687 1403 4730 ut
1457 4686 1728 4730 mortuum

151 4784 447 4836 aspexere,
479 4768 624 4821 velut
674 4769 802 4836 quid
849 4768 1123 4821 morticiui
1165 4768 1215 4821 in
1269 4769 1624 4826 l'tcdissimum
1657 4773 1733 4823 lo-

150 4876 277 4914 cum
313 4859 661 4927 abjeccrunt;
699 4868 856 4916 nocte
908 4875 1036 4914 vero
1088 4863 1436 4923 adventante,
1461 4864 1727 4916 sublatum

150 4949 374 5019 quidam
413 4948 696 5002 orthodoxi
728 4949 939 5004 tumulo
989 4950 1354 5004 condiderunt
1401 4952 1452 5003 in
1490 4953 1606 5006 loco
1637 4953 1724 5022 qui

151 5042 357 5098 dicitur
383 5042 570 5096 Crisis.

222 5156 279 5210 7.
337 5154 393 5207 In
444 5155 660 5210 Mena-is
691 5155 904 5210 excusis
931 5156 1234 5227 saepissime
1266 5157 1493 5213 diversis
1532 5158 1726 5213 diebus

151 5244 318 5297 iidem
374 5242 552 5296 Sancti
598 5259 1098 5299 commemorantur
1147 5249 1269 5316 quia
1326 5249 1567 5302 diversos
1600 5249 1726 5304 Mss.

147 5336 370 5389 codiCcs
409 5335 644 5389 editores
673 5338 990 5391 adhibuere.
1023 5339 1197 5391 Aliam
1232 5349 1408 5393 tamen
1454 5341 1612 5408 hujus
1651 5341 1725 5393 rei

147 5445 371 5482 causan
406 5430 645 5499 assignat
691 5430 1096 5500 Papebrochius
1129 5432 1260 5499 (15)⁹
1304 5434 1520 5488 Grzccos
1568 5435 1726 5489 nimi-

147 5533 269 5574 rum
309 5522 499 5575 eodem
556 5529 647 5575 aut
697 5523 947 5589 sequenti
1002 5523 1089 5578 die
1141 5538 1572 5577 commemorare
1621 5525 1726 5577 fre-

226 5670 338 5739 (15)
377 5672 521 5747 Eph.
548 5673 951 5747 GI'JZCO-MGSCI’I
986 5717 997 5734 ,
1033 5686 1068 5728 t.
1111 5678 1124 5728 Ι
1162 5677 1303 5741 .‘laii,
1330 5694 1377 5745 p.
1410 5695 1496 5729 νιιι
1526 5689 1727 5747 etpas-

153 5747 294 5807 sim;
332 5752 369 5796 t.
408 5742 445 5795 ΙΙ
481 5744 624 5812 Maii.
660 5763 709 5812 p.
748 5747 867 5806 110,
906 5763 959 5800 n.
1002 5748 1081 5798 ll.

229 5815 336 5878 (16)
376 5813 444 5884 De
479 5811 807 5884 “coniugiis,
840 5819 966 5870 olea.
1001 5833 1051 5884 ν.
1083 5819 1132 5869 8.

226 5889 334 5952 (Η)
371 5883 591 5939 Bandini
627 5883 762 5943 codd
817 5889 1007 5956 Graeci,
1041 5900 1071 5943 t.
1113 5887 1150 5954 Ι,
1184 5905 1234 5957 p.
1278 5888 1391 5943 150.

1840 4575 1971 4626 tium
2007 4571 2164 4627 affert
2194 4572 2307 4641 (l8)
2339 4588 2351 4624 :
2379 4588 2547 4641 quare
2573 4572 2720 4626 hunc
2745 4573 2920 4627 locum
2956 4593 3063 4629 non
3097 4579 3290 4631 viderit
3315 4578 3415 4630 l‘a-

1837 4667 1953 4737 gius
1990 4667 2104 4734 (19)
2143 4667 2232 4734 qui
2269 4675 2429 4734 negat
2465 4669 2592 4720 Acta
2622 4667 2710 4720 illa
2749 4669 3000 4736 Symconi
3040 4669 3415 4737 Metaphrastae

1836 4758 2139 4826 adjudicata
2175 4759 2360 4813 fuisse.
2401 4758 2794 4812 Testimonium
2822 4771 3001 4813 autem
3036 4762 3216 4814 Allatii
3245 4779 3418 4832 quau-

1836 4850 2037 4903 tumin
2071 4850 2172 4903 hac
2219 4865 2274 4903 re
2330 4851 2524 4913 valeat,
2579 4867 2738 4904 nemo
2781 4852 3028 4920 ignorat;
3076 4865 3332 4917 attamen,
3371 4856 3416 4909 si

1833 4959 1970 5012 opus
1991 4953 2154 5008 esset,
2187 4958 2297 4995 rem
2336 4945 2667 5012 argumentis
2699 4945 2966 5008 pluribus,
3001 4961 3063 4998 ex
3107 4947 3234 5012 ipsis
3267 4947 3414 5002 Actis

1832 5037 2157 5104 desumptis,
2213 5036 2465 5087 evinCcre
2527 5051 2832 5104 possemus.
2898 5036 3030 5090 Acta
3077 5039 3256 5106 priora
3321 5055 3415 5094 ex-

1831 5128 2030 5196 scripta
2060 5138 2270 5181 suntex
2303 5138 2518 5181 vetusto
2545 5130 2729 5182 codice
2756 5129 3102 5183 Bibliotheca:
3135 5130 3407 5196 Parisinz,

1831 5235 1990 5288 quem
2028 5218 2084 5272 Β.
2126 5219 2471 5272 Montfaucon
2509 5221 2707 5272 sarculo
2739 5237 2786 5273 ιτ(
2818 5221 3078 5275 adscribit
3109 5217 3244 5291 (‘20),
3273 5233 3325 5277 et
3356 5232 3424 5278 ur

1832 5321 2096 5382 perpetua
2136 5312 2537 5377 comparatione
2570 5328 2689 5365 cum
2716 5311 3142 5381 Metaphrastzeis
3173 5315 3406 5367 conferri

1831 5404 2061 5473 possint,
2095 5412 2318 5470 utraque
2353 5403 2544 5455 iisdem
2571 5405 2832 5468 muneris,
2867 5405 2954 5457 ubi
2988 5405 3177 5458 eadem
3217 5422 3406 5459 narra-

1832 5497 2049 5561 bantur,
2079 5495 2436 5566 signavimus.
2466 5496 2584 5558 Quo
2619 5508 2796 5550 autem
2831 5507 3073 5566 tempore
3101 5505 3404 5570 conscripta

1900 5677 2012 5744 (l8)
2049 5677 2295 5742 Aliatius,
2326 5679 2388 5729 de
2422 5677 2802 5745 Symeonibus,
2836 5695 2886 5746 p.
2934 5679 3048 5731 128.

1902 5750 2010 5813 (19)
2048 5748 2106 5799 In
2131 5749 2327 5802 Crilira
2358 5747 2594 5806 Barunii,
2635 5751 2699 5801 ad
2729 5765 2854 5802 ann.
2893 5750 3014 5815 76l,
3055 5767 3106 5805 n.
3134 5749 3185 5802 ‘2.

1896 5821 2004 5887 ('ZUl
2037 5818 2151 5872 Blb.
2187 5820 2435 5882 Cuialitn,
2470 5835 2523 5890 ρ.
2565 5819 2676 5872 185.
