4188 6432
779 366 914 432 1087

777 476 980 537 iuerint
1012 485 1224 542 deﬁniri
1262 492 1478 558 nequit;
1509 493 1642 546 nihil
1672 494 1816 548 enim
1859 497 2185 564 reperimus,
2217 512 2352 565 prae-
2382 495 2430 554 A

779 581 864 627 ter
901 575 1109 631 minimi
1142 584 1398 635 momenti
1445 593 1626 637 notam
1667 585 2102 657 chronologicam
2145 605 2210 644 ex
2251 606 2354 659 qua

780 674 997 720 constat
1051 670 1366 738 scriptorem
1424 675 1560 730 satis
1610 676 1701 730 diu
1775 689 1896 748 post
1950 679 2354 752 Copronytnum

782 765 1000 843 vixisse.
1049 765 1243 832 Locus,
1290 771 1381 840 qui
1419 790 1568 827 num.
1599 775 1631 831 ὅ
1658 777 1757 831 sub
1809 777 1966 832 ﬂnem
2007 781 2266 844 occurrit,
2312 781 2357 835 is

781 868 865 910 cst
898 856 1038 914 :lste
1093 875 1222 914 vero
1277 874 1395 917 erat
1444 864 1926 924 Constantinus....
1967 886 2127 938 quem
2175 871 2359 924 ﬁdeles

780 948 900 1015 ejus
946 953 1202 1016 temporis
1237 954 1307 1022 (οι
1349 955 1410 1006 ἐν
1449 959 1560 1017 τοῖς
1593 959 1710 1010 τότε
1760 961 1992 1029 χρόνοις)
2032 962 2226 1014 merito
2259 964 2358 1017 sub

783 1041 1112 1106 cognomine
1146 1041 1468 1115 Copronymi
1507 1047 1862 1102 infamaruut.
1897 1049 2000 1106 Sed
2030 1068 2094 1106 ex
2129 1069 2194 1107 eo
2226 1055 2356 1109 Acta

746 1144 747 1147 ‘
785 1127 872 1180 illa
913 1131 1090 1195 priora
1131 1139 1606 1195 commendantur.
1637 1141 1780 1207 quod
1816 1142 1990 1195 locum
2030 1145 2213 1199 Sancti
2258 1163 2356 1200 na-

785 1218 1039 1282 talitium,
1077 1222 1220 1274 diem
1275 1228 1542 1292 passionis
1583 1229 1792 1299 aliaque
1831 1235 2081 1303 adjuncta
2125 1238 2358 1306 plurima

781 1309 991 1364 minute
1029 1313 1335 1381 proferunt,
1375 1328 1430 1370 et
1478 1335 1784 1389 quanquam
1835 1326 2212 1391 prolixioribus
2241 1345 2362 1383 ver-

779 1397 863 1450 bis
895 1398 1166 1453 interdum
1201 1401 1260 1458 S.
1287 1416 1485 1475 martyr
1514 1408 1657 1476 loqui
1690 1409 1926 1474 videtur,
1959 1414 2145 1467 eadem
2177 1422 2358 1469 tamen

783 1487 899 1544 fere
948 1492 1000 1543 in
1032 1493 1154 1548 aliis
1183 1495 1330 1550 Actis
1373 1509 1690 1562 occurrunt,
1723 1516 1864 1571 saepe
1897 1505 2121 1559 vocibus
2167 1507 2358 1562 iisdem

784 1586 880 1630 aut
912 1581 1178 1638 similibus
1218 1601 1498 1654 expressa.
1527 1589 1772 1645 Conferri
1806 1594 1858 1653 in
1904 1610 2022 1649 eam
2072 1612 2183 1650 rem
2231 1614 2360 1667 pos-

784 1679 910 1722 sunt
945 1675 1156 1726 numeri
1189 1678 1527 1742 potissimum
1564 1683 1593 1734 7
1623 1692 1675 1737 et
1710 1685 1792 1738 10.
1835 1686 1907 1739 Ex
1943 1687 2183 1741 locorum
2220 1691 2362 1744 desi-

785 1763 1064 1828 gnatione,
1095 1775 1153 1817 ut
1185 1769 1320 1821 intra
1360 1771 1580 1826 uberitts
1611 1774 1951 1840 disserimus,
1985 1787 2120 1832 etex
2158 1780 2222 1834 iis
2243 1797 2361 1850 quae

786 1852 838 1904 in
875 1852 980 1907 ﬁne
1022 1858 1279 1912 Actorum
1328 1865 1665 1926 scribuntur,
1706 1878 1764 1920 ut
1794 1867 1980 1924 itidem
2015 1871 2246 1927 Inferius
2282 1875 2360 1928 di-
2396 1850 2436 1903 Β

786 1954 966 2007 cetur,
1014 1951 1342 2006 arbitramur
1375 1971 1438 2009 ca
1473 1955 1623 2024 Cpoli
1674 1962 1983 2032 conscripta
2019 1980 2127 2018 non
2177 1966 2363 2023 fuisse.

793 2036 1011 2096 Scimus
1056 2051 1263 2097 tantum
1315 2048 1599 2104 maximam
1631 2064 1837 2120 partem
1887 2069 2165 2109 sacrorum
2217 2058 2370 2112 codi-

787 2146 911 2184 cum
946 2132 1293 2190 Bibliotheca:
1339 2141 1702 2205 Coislinianaa,
1736 2155 1793 2199 ut
1840 2146 1891 2199 in
1924 2146 2245 2204 Praelatione
2286 2161 2366 2204 te-

783 2233 955 2276 statur
989 2227 1239 2282 laudatus
1288 2229 1660 2292 Moutl‘aucou.
1689 2253 1754 2289 ex
1786 2242 2132 2294 monasteriis
2167 2243 2367 2296 montis

782 2315 927 2366 Atho
971 2318 1258 2384 prodiisse,
1311 2331 1362 2373 et
1407 2323 1516 2376 illic
1559 2325 1686 2378 olim
1719 2327 1999 2382 brachium
2052 2329 2107 2384 S.
2142 2335 2368 2389 Andreae

784 2403 1083 2472 Cretensis,
1114 2411 1206 2478 qui
1240 2412 1381 2465 idem
1414 2423 1497 2467 est
1527 2413 1758 2472 fortasse
1785 2435 1846 2473 ac
1890 2420 2127 2477 Sanetus
2157 2438 2363 2490 noster,

783 2507 1120 2552 asservatum
1180 2502 1367 2558 fuisse.
1401 2506 1514 2571 Qua
1553 2509 1617 2561 de
1650 2526 1706 2563 re
1741 2512 1895 2580 plura
1940 2517 2058 2568 vide
2091 2532 2238 2571 num.
2276 2520 2364 2572 57.

853 2587 906 2640 9.
966 2589 1387 2660 Metaphrasten,
1440 2600 1599 2666 cujus
1637 2604 1767 2656 Acta
1813 2607 2056 2660 secundo
2100 2608 2215 2663 loco
2253 2627 2369 2678 pr0'

783 2680 973 2743 dcunt,
1004 2684 1182 2750 priora
1212 2687 1297 2739 illa
1339 2704 1449 2742 non
1483 2693 1681 2747 vidisse
1708 2696 1840 2750 satis
1870 2709 2019 2753 certo
2048 2701 2205 2754 nobis
2235 2718 2368 2756 con-

787 2782 914 2826 stat.
947 2774 1066 2844 Ipse
1102 2780 1246 2833 enim
1299 2798 1398 2834 nec
1428 2793 1580 2838 ortus
1609 2786 1806 2851 locum,
1849 2805 1949 2845 nec
1980 2793 2123 2847 diem
2165 2795 2368 2856 obitus.

783 2878 945 2928 quem
1013 2881 1184 2932 usque
1237 2866 1527 2932 diligenter
1581 2872 1922 2942 inquisivisse
1982 2879 2064 2932 vel
2133 2895 2197 2934 ex
2253 2856 2384 2934 Vita.

783 2954 840 3006 δ.
876 2953 1212 3012 Theoctistes
1259 2958 1467 3016 Lesbia:
1517 2976 1726 3020 constat
1776 2970 1912 3038 (2i),
1951 2987 2005 3024 in
2055 2975 2368 3030 narratione

783 3060 879 3099 sua
913 3051 1274 3119 consignavit.
1319 3052 1426 3108 Nec
1458 3069 1718 3125 praeterea
1756 3063 1881 3114 dum
1916 3064 2077 3116 vitam
2110 3067 2240 3119 satis
2275 3083 2366 3119 ac-

781 3141 968 3198 curate
1020 3145 1276 3215 scriptam
1325 3160 1516 3209 nactus
1557 3162 1674 3205 erat
1728 3155 1970 3206 ordinem
2023 3165 2114 3208 aut
2159 3161 2352 3227 stylum
2382 3174 2425 3232 ρ

782 3236 1010 3290 multum
1056 3239 1344 3297 immutare
1375 3258 1764 3314 consueverat;
1797 3262 2028 3317 Cumque
2070 3253 2209 3321 apud
2247 3268 2358 3308 am-

783 3325 881 3378 bos
912 3329 1206 3397 scriptorcs
1243 3332 1558 3405 plerumque
1595 3339 1789 3393 similia
1824 3342 1984 3397 obvia
2005 3342 2133 3416 sint,
2170 3346 2356 3398 existi-

787 3431 1000 3471 mamus
1031 3429 1318 3491 utrumque
1353 3442 1416 3479 ex
1452 3427 1596 3482 Actis
1637 3432 2056 3501 antiquioribus,
2088 3435 2179 3487 sed
2217 3451 2359 3489 nunc

784 3507 1098 3574 deperditis,
1133 3528 1286 3565 suam
1326 3517 1696 3571 narrationem
1744 3522 2040 3588 excepisse,
2073 3526 2135 3578 iis
2161 3524 2358 3578 additis

783 3613 904 3665 qua:
941 3601 1444 3676 aliunde-colligere
1491 3616 1795 3676 potuerant.
1843 3613 2232 3684 Metaphrastes
2279 3627 2358 3670 ta-

786 3707 910 3745 men
934 3701 1093 3745 aetate
1123 3701 1388 3761 posterior
1417 3701 1630 3754 videtur
1658 3718 1723 3754 ex
1747 3719 1813 3757 eo
1841 3707 1981 3772 quod
2021 3707 2071 3758 in
2108 3708 2224 3775 ejus
2249 3709 2360 3760 col-

785 3783 1110 3838 lectionibus
1135 3785 1190 3839 S.
1221 3789 1450 3845 Andreae
1491 3792 1604 3848 Vita
1638 3795 1779 3848 diem
1803 3812 1890 3864 xix
1915 3796 2164 3852 Octobris
2202 3814 2360 3854 occu-

783 3881 876 3942 pat
912 3914 927 3938 ,
961 3887 1143 3929 noster
1169 3888 1348 3932 autem
1378 3881 1631 3950 scriptor,
1671 3885 1760 3938 tibi
1791 3886 1953 3939 refert
1983 3885 2239 3940 Sanctum
2272 3887 2357 3940 die

783 3977 851 4016 xx
884 3980 1098 4032 passum
1122 3982 1263 4027 esse,
1293 3969 1429 4021 nihil
1456 3971 1521 4024 de
1565 3971 1850 4026 inuntttato
1885 3975 2062 4026 cultus
2090 3975 2175 4027 die
2205 3991 2354 4028 com-

784 4066 1089 4120 memorat;
1131 4058 1226 4112 sed
1275 4076 1396 4114 cum
1430 4061 1564 4116 levis
1611 4079 1670 4116 ea
1718 4065 1854 4118 ratio
1887 4065 2052 4118 videri
2091 4075 2273 4133 queat,
2304 4066 2356 4120 id

783 4148 940 4202 aliter
969 4151 1322 4216 adstruimus,
1359 4154 1734 4224 Metaphrastae
1770 4174 1962 4226 nempe
2009 4159 2358 4213 collectiones

785 4239 921 4293 adeo
966 4251 1085 4309 post
1130 4245 1481 4311 scriptionem
1541 4247 1682 4299 illico
1725 4248 2061 4317 pervulgatas
2105 4249 2270 4302 fuisse
2302 4259 2359 4303 ut

784 4331 1022 4397 priorem
1072 4335 1386 4403 scriptorem
1449 4338 1599 4390 illum
1657 4338 1842 4405 fugere
1889 4354 1994 4392 non
2056 4341 2354 4407 potuerint.

783 4424 915 4487 Qua
963 4423 1123 4493 igitur
1155 4429 1295 4496 apud
1345 4445 1468 4482 eum
1501 4431 1567 4484 de
1606 4430 1662 4486 S.
1693 4429 1903 4484 Andrea
1958 4432 2008 4483 in
2043 4431 2200 4484 Creta
2243 4446 2356 4484 mo-

784 4516 1045 4568 nasticam
1091 4518 1249 4572 vitam
1295 4521 1542 4589 amplexo
1579 4531 1889 4585 narrantur,
1923 4522 2049 4576 dein
2080 4523 2146 4577 de
2188 4523 2355 4575 mira-
2390 4509 2431 4562 ι)

781 4609 919 4663 culis
957 4611 1154 4678 quibus
1202 4629 1326 4666 eum
1376 4615 1751 4684 Metaphrastae
1798 4618 1957 4669 etiam
1995 4616 2354 4684 temporibus,

785 4701 900 4768 ipso
925 4710 1081 4767 teste,
1114 4703 1165 4757 in
1210 4706 1339 4759 urbe
1366 4706 1514 4778 Cpoli
1568 4709 1706 4763 Deus
1735 4709 2090 4780 glorilicabat,
2124 4709 2358 4780 scriptor

783 4791 924 4844 idem
967 4792 1054 4845 ille
1077 4796 1221 4862 prior
1255 4814 1358 4852 non
1409 4802 1699 4856 omisisset.
1731 4803 1940 4868 Quibus
1994 4805 2204 4870 positis,
2237 4821 2357 4859 cum

785 4893 972 4937 notum
1018 4884 1087 4939 sit
1120 4885 1520 4956 Metaphrasten
1559 4893 1738 4946 medio
1792 4894 1990 4948 saeculo
2029 4912 2055 4947 κ
2089 4894 2356 4959 ﬂoruisse,

785 4974 914 5026 hinc
964 4974 1230 5031 deducere
1275 4979 1401 5032 licet
1432 4983 1560 5036 Acta
1598 4998 1716 5052 qua:
1763 4983 1924 5052 priori
1973 4983 2090 5038 loco
2123 4984 2356 5050 edimus,

785 5064 874 5118 illa
900 5074 1061 5120 aetate
1088 5070 1394 5138 antiquiora
1429 5088 1574 5127 esse.

858 5155 923 5208 10
969 5157 1135 5213 Sicuti
1170 5175 1230 5213 ex
1265 5162 1526 5232 Anonymi
1555 5166 1698 5220 Actis
1723 5167 2076 5234 Syuaxariuni
2104 5164 2356 5222 Mediola-

786 5263 980 5311 nense,
1010 5250 1153 5318 quod
1200 5267 1349 5305 num.
1384 5255 1416 5308 5
1446 5257 1746 5321 retulimus,
1782 5259 2123 5328 dcsuinptum
2151 5269 2251 5322 est,
2288 5261 2356 5314 ita

782 5337 915 5392 illud
969 5343 1110 5407 quod
1156 5343 1207 5395 in
1263 5342 1481 5398 Menmis
1524 5350 1736 5402 excusis
1784 5354 2041 5412 occurrit,
2079 5369 2138 5405 ex
2185 5352 2357 5406 Meta-

784 5433 1019 5502 phrastze
1068 5438 1378 5491 narratione
1427 5439 1706 5494 evidenter
1767 5445 2038 5510 proﬂuxit.
2095 5447 2166 5498 Ex
2225 5463 2353 5514 quo,

785 5527 923 5579 sicut
971 5542 1033 5579 ex
1093 5524 1272 5578 Sancti
1319 5529 1503 5586 0ﬂicio
1539 5533 1682 5602 quod
1737 5534 1932 5588 ibidem
1965 5538 2173 5607 legitur,
2209 5541 2354 5594 cele-

858 5722 969 5798 (ξς)
999 5726 1190 5798 Surius
1223 5728 1287 5783 ad
1329 5745 1356 5780 χ
1390 5728 1546 5787 Nov”
1572 5745 1620 5798 p.
1647 5735 1766 5791 9.58.
1805 5734 1934 5789 edit.
1971 5735 2096 5795 l6|8

859 5793 971 5861 κὶα)
1007 5796 1065 5848 ’1’.
1112 5797 1125 5849 l
1157 5799 1347 5863 April,
1381 5817 1432 5863 ιι.
1462 5793 1584 5854 ῖὶϐϐξ

2050 383 2334 443 MENSIS
2373 381 2735 443 OCTOBER.

2457 497 2758 550 berrimum
2815 495 2981 549 fuisse
3033 495 3086 550 S.
3150 507 3437 569 martyrem
3485 501 3594 568 jam
3665 519 3692 555 a
3733 506 3956 560 Saecula
4005 523 4077 558 is.

2461 587 2738 641 miraculis
2764 587 2948 642 multis
2980 588 3241 644 claruisse
3275 592 3564 662 colligitur.
3598 593 3890 662 Josephus
3927 598 4074 648 enim

2438 678 2897 749 hymnographus
2920 694 3098 748 quem,
3126 695 3191 733 ex
3233 682 3379 736 Actis
3409 699 3437 736 a
3467 682 3860 752 Papebrochio
3907 687 3966 738 in
3999 688 4076 739 lu-

2461 785 2580 823 rem
2620 771 2757 824 datis
2785 769 2921 838 (2‘2),
2950 784 3014 822 eo
3060 772 3262 826 sarculo
3303 771 3548 827 ﬂoruisse
3599 783 3848 834 constat.
3877 777 4070 830 decem

2461 862 2691 916 diversis
2718 861 2851 916 locis
2883 861 2934 913 in
2971 877 3072 915 suo
3107 862 3327 917 Canone
3355 865 3614 918 miracula
3649 867 3927 926 Celebrat,
3959 883 4072 933 qua:

2461 955 2562 1009 sub
2597 955 2764 1024 ipsius
2805 955 2974 1009 oculis
3005 955 3156 1024 Cpoli
3200 972 3377 1011 coram
3411 956 3591 1010 Sancti
3631 958 3855 1009 tumulo
3891 969 4069 1023 patra-

2461 1046 2678 1103 bantur.
2717 1046 2911 1100 Merito
2957 1048 3139 1116 itaque
3185 1057 3240 1102 et
3285 1049 3338 1100 in
3383 1049 3644 1102 Actorum
3687 1049 3856 1101 titulo
3894 1048 4068 1101 Thau-

2462 1150 2741 1206 maturgus
2792 1139 2972 1193 dictus
3026 1151 3130 1199 est.
3183 1151 3235 1194 et
3287 1142 3338 1192 in
3385 1140 3675 1204 Contacio,
3717 1151 3780 1194 ut
3847 1153 4065 1200 vocant,

2461 1232 2848 1291 Gr:cci.0ﬂicii.
2877 1233 2960 1286 his
2991 1235 3173 1286 verbis
3202 1234 3477 1286 extollitur
3510 1251 3521 1283 :

2463 1341 2556 1395 ρον
2603 1326 2633 1391 ἡ
2679 1323 3040 1391 βασιλεύουσα.
3091 1325 3241 1389 noli;
3292 1326 3482 1395 ἑόρτὴν
3524 1325 3946 1394 ὑπέρλαμπρον
3979 1324 4068 1387 τῆς

2464 1415 2787 1484 φωτοφόρου
2870 1432 2965 1467 σου

2470 1507 2607 1574 μένη
2674 1506 2828 1558 πόλιν
2887 1507 2981 1557 καὶ
3058 1503 3281 1574 χώραν’
3335 1498 3510 1574 γήρει
3563 1507 3675 1574 γὰρ
3719 1508 3804 1566 ὡς
3859 1523 4063 1574 κεκτη.

2471 1599 2606 1668 μένη
2664 1599 2939 1667 θησαυρὸν
2993 1597 3190 1665 μέγαν,
3245 1599 3304 1649 τὸ

2473 1689 2697 1758 Ἀνδρὲα
2774 1689 3002 1755 μάρτυς,
3065 1688 3372 1757 ὀρθοδοξὲας
3423 1691 3667 1757 φωστὴρ.
3707 1687 3766 1742 ld
3830 1691 4069 1743 estzHo-

2463 1780 2550 1834 die
2603 1782 2839 1834 celebrat
2901 1781 3083 1850 regina
3140 1782 3353 1834 urbium
3408 1781 3626 1849 (Cpolis)
3707 1782 3939 1833 illustre
4002 1785 4068 1832 le-

2471 1885 2613 1928 stum
2678 1883 2783 1928 tute
2835 1874 3128 1946 memoriae,
3167 1885 3330 1927 totam
3361 1890 3672 1927 convocans
3701 1875 3995 1927 civitatem
4018 1888 4065 1930 et

2470 1965 2747 2036 regionem
2775 1982 2790 2030 ;
2829 1965 3026 2034 jubilat
3053 1965 3198 2018 enim
3234 1981 3485 2035 magnum
3516 1966 3847 2018 thesaurum
3888 1970 4065 2034 possi-

2469 2056 2627 2118 dens.
2669 2071 2867 2125 corpus
2890 2055 3280 2110 certaminibus
3329 2054 3648 2124 gloriosum,
3693 2069 3891 2111 sancte
3931 2075 4063 2108 Inar-

2471 2162 2554 2222 tyr
2586 2151 2826 2214 Andrca,
2867 2150 3203 2203 orthodoxiaa
3228 2150 3435 2202 lumen.
3473 2148 3566 2203 Hic
3589 2165 3716 2201 vero
3743 2150 3931 2202 obiter
3958 2167 4066 2202 mu-

2469 2258 2682 2306 nemus,
2725 2243 2768 2296 si
2813 2243 2935 2309 quis
2971 2241 3189 2294 nomina
3222 2256 3283 2293 ex
3337 2241 3645 2294 Grmcorum
3689 2239 3941 2309 Liturgia
3977 2243 4066 2294 de-

2469 2344 2681 2402 sumpta
2717 2349 2825 2388 non
2851 2331 2981 2388 satis
3007 2332 3108 2385 sibi
3147 2339 3271 2386 nota
3303 2332 3388 2385 hic
3416 2332 3741 2393 oﬂ'enderet,
3777 2350 3907 2386 eum
3953 2337 4065 2385 sin-

2470 2426 2714 2496 gulorum
2741 2425 3160 2483 declarationem
3201 2434 3540 2491 reperturum
3587 2425 3640 2476 in
3677 2425 3827 2495 8)-κί
3861 2426 4064 2478 disser-

2472 2519 2672 2573 tatione
2699 2519 2764 2572 de
2792 2517 3078 2571 Aculutliia
3133 2516 3468 2577 GI'IPCOI‘UHI,
3496 2533 3616 2585 qua:
3661 2518 3713 2570 in
3755 2516 3930 2568 Jnnio
3972 2534 4064 2568 ηυ·

2469 2621 2582 2666 Itro
2622 2611 2764 2664 edita
2798 2621 2883 2662 est
2913 2609 3024 2678 (‘25)
3052 2650 3065 2674 ,
3100 2607 3403 2675 expeditius
3436 2619 3614 2662 autem
3651 2624 3714 2661 ea
3739 2612 4061 2676 utetur.qui

2471 2702 2702 2756 indicem
2749 2701 3011 2753 ultimum.
3039 2715 3066 2752 a
3104 2699 3444 2766 Ghesquiero
3485 2710 3632 2754 tomo
3679 2704 3862 2766 primo
3909 2699 4060 2755 Orta

2471 2794 2583 2846 bris
2618 2793 2683 2847 ad
2719 2793 2919 2846 calrem
2956 2791 3260 2860 subjectum
3296 2793 3554 2846 adhibere
3591 2795 3856 2846 voluerit.

3596 1234 3876 1302 Εορτάζςι
3903 1237 4070 1299 sim:-

3070 1416 3314 1484 μνήμης,
3403 1415 3624 1468 ἃπασαν
3711 1432 3748 1464 π
3761 1417 4064 1479 pra-5111m-

3379 1597 3683 1649 πολύσθὶόν
3737 1615 3842 1649 σου
3881 1599 3964 1649 at?
3976 1617 4064 1664 με.

2474 2931 2501 3002 ς
2553 2932 2617 2986 ll.
2671 2933 2878 3000 Septem
2920 2930 3184 2997 Martyres
3237 2933 3290 2982 in
3338 2932 3597 2998 plerisque
3639 2930 3804 2995 fastis
3851 2933 4056 2992 confus:

2540 3003 2736 3069 prolati
2780 3003 2842 3053 ab
2887 3002 3102 3053 invicem
3137 3002 3535 3067 distinguuntur
3587 3011 3632 3053 et
3690 3017 3878 3053 earum
3930 3004 4053 3055 Arta

2539 3075 2761 3126 breviter
2825 3071 3188 3124 illustrantur.
3268 3071 3652 3122 Persecutionr's
3715 3072 4053 3125 Constantini

2542 3143 2854 3210 Copi-auguri
2881 3143 3048 3194 brevis
3069 3141 3288 3193 historia
3320 3151 3365 3192 ct
3397 3141 3732 3192 clirouotaxis
3761 3145 4050 3194 exhibetur.

2535 3234 2618 3288 ll.
2663 3233 2980 3302 Hosseptem
3012 3232 3259 3289 Sanctus.
3291 3231 3378 3301 qui
3413 3247 3601 3286 omnes
3641 3233 3743 3286 sub
3776 3234 4052 3304 Coprony-

2462 3345 2549 3381 mo
2580 3328 2722 3381 varia
2772 3337 3062 3390 tormenta,
3097 3335 3150 3380 et
3176 3335 3426 3388 mortem,
3467 3339 3576 3378 uno
3618 3337 3878 3393 excepto,
3910 3331 4045 3394 passi

2466 3431 2611 3484 sunt,
2646 3422 2734 3473 hic
2762 3421 2915 3488 juxta
2957 3420 3153 3472 seriem
3192 3420 3460 3471 mensium
3515 3427 3568 3469 ct
3595 3420 3815 3472 dierum
3857 3423 4048 3488 quibus

2461 3514 2712 3567 coluntur
2778 3511 3119 3580 subjicimus,
3150 3526 3216 3564 es
3263 3525 3370 3578 quo
3414 3511 3572 3562 simul
3625 3514 3917 3579 apparebit
3949 3531 4046 3580 qun

2461 3605 2578 3660 loco
2612 3609 2662 3657 in
2697 3621 2863 3673 opere
2886 3613 3073 3657 nostro
3117 3603 3182 3655 de
3218 3602 3284 3655 iis
3323 3611 3500 3654 actum
3533 3602 3620 3662 sit,
3651 3613 3744 3654 aut
3781 3605 3834 3654 in
3870 3616 4045 3672 postri-

2463 3711 2581 3748 rum
2614 3697 2880 3766 agendum
2914 3710 2971 3748 :t
3009 3694 3100 3746 Die
3152 3708 3260 3748 xvn
3302 3692 3496 3749 Martii.
3534 3691 3572 3745 S
3629 3693 3836 3748 Paulus
3866 3711 4044 3749 mona-

2460 3787 2596 3842 chus
2621 3796 2671 3840 et
2701 3797 2901 3856 martyr
2940 3787 2988 3838 in
3027 3786 3180 3839 Creta
3212 3801 3297 3849 ;--
3340 3802 3423 3838 xrt
3457 3785 3598 3847 Maii,
3628 3785 3685 3838 S.
3718 3785 3917 3838 Petrus
3947 3789 4043 3838 Ca-

2461 3881 2625 3950 lybita
2657 3887 2711 3932 et
2743 3889 2942 3946 martyr
2967 3877 3018 3929 in
3049 3876 3381 3938 Blachernis,
3421 3892 3586 3944 prope
3617 3876 3836 3943 Cpolim
3880 3895 3965 3933 ιη-
4001 3895 4042 3926 ιι·

2460 3971 2630 4033 Junii,
2685 3970 2742 4022 S.
2795 3967 3032 4022 Joannes
3085 3967 3373 4035 Mouagria:
3424 3965 3804 4032 Hegumenus,
3850 3975 4044 4036 martyr

2461 4060 2610 4129 Cpoli
2651 4076 2740 4124 ;—-
2764 4073 2854 4112 vni
2899 4059 3049 4122 Julii,
3082 4058 3138 4112 S.
3173 4057 3368 4112 Paulus
3399 4055 3581 4110 Novus
3615 4070 3827 4125 martyr
3851 4058 4040 4127 Cpoli;

2459 4179 2526 4191 -—-
2573 4168 2638 4204 xx
2673 4150 2938 4214 Octobris,
2976 4149 3031 4203 S.
3087 4150 3329 4203 Andreas
3383 4149 3687 4202 monachus
3744 4149 4040 4209 Cretensis,

2459 4243 2637 4296 dictus
2666 4242 2718 4294 in
2761 4241 2918 4305 Crisi,
2957 4249 3153 4309 martyr
3187 4239 3337 4307 Cpoli
3373 4255 3460 4300 ;—-
3494 4255 3664 4291 sunt
3699 4238 3958 4294 Octobris
3984 4241 4039 4304 if)

2462 4332 2519 4383 S.
2574 4331 2881 4398 Stephanus
2929 4330 3016 4399 qui
3075 4331 3127 4381 in
3188 4329 3470 4398 Sugdazain
3502 4329 3777 4395 relegatus
3812 4341 3940 4390 est;
3982 4361 4039 4368 —

2463 4438 2627 4476 xxvut
2681 4422 3022 4487 Novembris,
3094 4420 3149 4472 S.
3210 4421 3522 4490 Stephanus
3568 4419 3786 4482 Juninr,
3848 4434 4040 4491 maror

2461 4518 2632 4589 Cpoli.
2671 4548 2739 4557 —
2766 4516 2946 4569 Placet
2975 4524 3028 4570 et
3067 4516 3135 4568 de
3167 4515 3248 4567 his
3288 4515 3540 4568 omnibus
3575 4516 3843 4568 nonnulla
3878 4518 4016 4568 disse

2464 4627 2602 4672 rere,
2639 4626 2701 4664 ex
2754 4609 2950 4678 quibus
2999 4609 3179 4660 lumen
3240 4608 3456 4675 aliquod
3521 4609 3895 4674 persecutioni
3939 4609 4036 4661 Co-

2464 4703 2826 4772 pronymiana:
2887 4699 3119 4754 aﬂusum
3176 4699 3238 4751 iri
3290 4713 3467 4766 spero.
3515 4699 3587 4750 De
3631 4700 3915 4776 priancx
3963 4702 4036 4754 his

2462 4802 2689 4862 septem,
2718 4807 2911 4860 nempe
2949 4792 3014 4845 de
3049 4790 3106 4843 S.
3144 4790 3308 4843 Paulo
3336 4799 3569 4861 martyre
3611 4790 3664 4844 in
3708 4793 3891 4854 Creta,
3921 4810 4034 4863 ege-

2463 4895 2589 4938 runt
2615 4885 2929 4939 decessores
2959 4884 3024 4936 ad
3056 4883 3197 4937 diem
3230 4883 3402 4937 Martii
3436 4884 3736 4937 indicatum
3771 4886 3909 4955 (ili,
3941 4889 4033 4940 ibi-

2460 4993 2564 5045 que
2595 4993 2656 5030 ex
2690 4978 2834 5031 Actis
2862 4975 2917 5029 S.
2953 4974 3212 5046 Stephani
3239 4975 3502 5036 Junioris.
3543 4992 3571 5029 a
3603 4976 3940 5046 Lipomanno
3974 4995 4028 5031 es

2462 5067 2819 5138 Sietaphraste
2847 5067 3041 5122 Latine
3091 5067 3341 5134 vulgatis,
3370 5066 3488 5119 loco
3514 5068 3697 5134 aliquo
3730 5067 3926 5137 insigni
3971 5069 4028 5120 de

2463 5161 2517 5214 S.
2536 5160 2698 5214 Paulo
2727 5162 2979 5224 adducto,
3014 5160 3348 5214 concludunt
3379 5175 3501 5212 cum
3539 5160 3589 5210 in
3616 5160 3798 5228 Cypro
3823 5171 4023 5229 passum

2458 5271 2613 5320 esse;
2646 5271 2829 5308 verum
2865 5269 2986 5306 eum
3021 5252 3074 5306 in
3128 5254 3238 5323 ipsa
3285 5253 3443 5307 Creta
3474 5267 3699 5320 passum
3735 5271 3856 5306 esse
3886 5255 4024 5307 nobis

2457 5347 2677 5400 omnino
2707 5346 3048 5400 manifestum
3082 5356 3183 5402 est.
3217 5346 3356 5400 Sunt
3381 5345 3524 5398 enim
3558 5347 3620 5399 ad
3657 5363 3881 5399 insuum
3907 5348 4020 5398 Acta

2456 5439 2696 5508 ejusdem
2725 5437 2985 5507 Stephani
3016 5437 3278 5500 Junioris,
3310 5439 3723 5492 accuratissime
3745 5455 3775 5490 a
3807 5439 4019 5505 quodam

2457 5531 2733 5599 Stephano
2793 5531 3029 5584 Diacono
3085 5531 3414 5600 conscripta.
3463 5531 3598 5583 llum
3655 5531 3802 5583 hunc
3858 5532 4019 5598 itaque

2529 5739 2640 5796 (23)
2676 5735 2739 5788 T.
2776 5732 2816 5786 ll
2849 5732 3011 5786 Junii.
3049 5749 3140 5801 p.t
3178 5742 3230 5785 et
3261 5748 3413 5799 seqq.

2551 5807 2639 5866 24)
2669 5803 2729 5856 Τ.
2767 5802 2807 5855 ll
2837 5802 3032 5867 Martii,
3071 5820 3119 5869 p.
3155 5801 3279 5854 609.
