4188 6432
128 357 266 420 1089

1218 363 1388 423 VITA
1429 359 1489 417 S.
1525 359 1856 420 ANDREA'I
1914 361 1992 420 IN
2049 363 2272 423 CRISI.

3248 364 3382 426 1090

120 484 435 526 narrantem
465 474 637 528 secuti
671 488 862 529 sumus
884 475 1020 544 (‘25),
1048 475 1514 546 deprehendimus
1536 475 1701 539 illico,
1734 483 1776 537 Α
1810 476 2186 546 persecutione
2216 493 2334 546 qua:
2380 477 2615 546 priel’ecti
2671 477 3015 549 imperatoris
3068 478 3300 534 diversis
3332 481 3382 532 in

120 566 204 618 vel
230 565 387 635 Cypri
413 582 612 619 nomen
645 567 902 622 mendose
939 569 990 621 in
1014 569 1261 623 codicem
1287 568 1606 637 Lipomanni
1633 572 1703 622 ir-

119 661 361 726 repsisse
394 659 472 711 vel
500 662 674 728 ipsum
725 661 1079 730 interpretem
1125 662 1427 715 oscitanrite
1471 677 1703 731 arguen-

118 749 248 802 dum
274 765 412 803 esse.
442 752 519 804 En
551 754 822 819 quomodo
850 755 984 807 eain
1008 754 1064 807 S.
1109 753 1370 823 Stephani
1393 754 1702 822 antiquiore

121 841 243 894 Vita
280 855 572 896 narrentur
603 843 734 913 (:26).
775 845 957 913 Itaque
992 845 1044 898 in
1097 847 1332 900 medium
1367 844 1566 914 prodiit
1593 849 1703 897 An-

119 934 306 988 tonius
341 951 404 988 ex
454 935 611 990 Creta
665 936 859 1001 insula,
884 937 972 1006 qui
1025 937 1092 991 de
1127 938 1340 992 victima
1371 937 1478 991 Deo
1510 937 1702 990 immo-

117 1024 222 1079 lata
269 1026 352 1079 his
382 1027 560 1080 verbis
590 1029 799 1081 locutus
827 1039 908 1081 est
941 1047 954 1082 ε
985 1028 1270 1093 Quomodo
1304 1030 1420 1082 sine
1452 1029 1702 1098 lacrymis

117 1117 335 1186 egregia
368 1118 576 1172 abbatis
608 1120 740 1187 (quo
764 1121 1026 1173 vocabulo
1057 1136 1166 1174 non
1215 1121 1390 1174 solum
1425 1129 1700 1173 monaste—

119 1208 183 1259 rii
225 1210 646 1272 moderatorem,
673 1212 784 1264 sive
819 1212 1143 1280 ἡγούμενον,
1181 1214 1274 1266 sed
1301 1223 1490 1266 omnes
1515 1227 1700 1264 mona-

116 1300 254 1353 chos
288 1299 456 1353 Graeci
511 1301 653 1353 illius
693 1305 954 1371 temporis
989 1305 1312 1373 plerumque
1361 1303 1697 1372 nuncupant)

117 1389 272 1444 Pauli
306 1393 600 1446 certamina
651 1394 704 1446 in
753 1405 988 1449 vestrum
1030 1407 1380 1466 conspectum
1414 1396 1696 1458 adducam,

117 1486 418 1537 venerandi
452 1483 678 1540 Patres?
720 1487 810 1541 Vir
843 1488 930 1540 ille
964 1503 1261 1557 generosus
1307 1505 1334 1540 a
1369 1487 1700 1555 TheOphane

115 1587 489 1643 cognomento
525 1577 847 1648 Lardotyro,
882 1579 1071 1632 insula:
1122 1581 1511 1646 archisatrapa,
1549 1593 1698 1630 com-

118 1668 453 1735 prehensus.
517 1669 569 1722 in
630 1673 944 1739 praetorium
1002 1667 1232 1724 Heraclii
1285 1670 1700 1739 interrogandus

117 1759 394 1810 adductus
427 1771 528 1812 est.
558 1761 672 1813 lite.
711 1762 979 1816 Antonius
1007 1763 1187 1830 igitur,
1227 1762 1354 1814 dum
1393 1763 1582 1814 insulae
1610 1776 1698 1813 ar-

1805 569 1935 624 locis
1971 568 2353 623 adhibuerant.
2394 570 2580 639 Itaque
2619 569 2672 623 iii
2705 572 2939 624 medium
2981 570 3178 640 prodiit
3213 571 3380 625 Anto-

1803 662 1924 714 nius
1972 677 2037 715 ex
2091 662 2247 715 Creta
2314 662 2488 714 insula
2540 671 2646 715 etc.
2685 660 2827 730 (Cir.
2876 677 3042 730 supra
3085 678 3232 714 nntn.
3274 663 3384 731 11.)

1802 754 2031 808 Aliunde
2083 755 2326 808 inductio
2375 755 2462 808 illa
2512 755 2790 824 Cpolitana
2835 759 3047 822 quinta,
3087 771 3190 822 qua
3253 753 3379 807 n0vi

1803 845 2042 916 praefecti
2076 845 2144 898 ad
2192 845 2498 915 provincias
2557 845 2706 898 missi
2766 857 2912 906 sunt.
2938 849 3188 898 currebat
3216 863 3243 898 a
3284 845 3385 900 Se—

1807 937 2046 1007 ptembri
2087 939 2213 991 anni
2242 936 2361 1000 766,
2389 938 2455 992 ad
2482 937 2854 1007 Septembrem
2888 939 3011 990 anni
3044 936 3168 1002 767,
3205 948 3254 990 et
3283 953 3390 1005 pra

1804 1041 1950 1086 terea
1982 1041 2189 1084 certum
2221 1039 2304 1083 est
2355 1028 2410 1085 S.
2462 1028 2804 1092 Stephanum
2841 1029 2942 1082 boc
2970 1044 3114 1084 anno
3144 1029 3266 1092 767,
3300 1031 3386 1083 die

1801 1120 2297 1176 xxvniNovcmbris
2313 1125 2565 1192 martyrio
2582 1131 2899 1175 comitatum
2921 1121 3102 1174 fuisse.
3127 1119 3263 1190 Ergo
3285 1121 3386 1172 sub

1803 1217 1916 1282 ipsa
1946 1215 2239 1268 indictione
2260 1214 2344 1267 illa
2367 1214 2575 1282 quinta.
2593 1223 2715 1266 ante
2739 1213 3110 1282 Septembrem
3133 1215 3258 1266 anni
3286 1213 3382 1265 767

1801 1307 2422 1376 contigeritmartyrium
2453 1304 2508 1359 S.
2529 1307 2674 1359 Pauli
2704 1308 2756 1358 in
2777 1305 3038 1365 Creta,de
3078 1321 3185 1372 quo
3217 1303 3389 1356 Anto-

1801 1398 1927 1452 nius
1981 1398 2069 1451 ille
2111 1398 2386 1452 Cretensis
2437 1408 2641 1452 narrat.
2673 1398 2808 1451 Cum
2845 1412 2971 1450 vero
2997 1394 3052 1448 S.
3086 1396 3284 1449 Paulus
3317 1395 3380 1448 ad

1801 1489 1944 1541 diem
1981 1504 2086 1541 xvn
2106 1488 2278 1541 Martii
2308 1489 2358 1540 iii
2381 1487 2688 1543 Graecorum
2715 1487 2865 1542 lastis
2891 1493 3215 1539 inemoretur
3239 1487 3372 1554 (55).

1801 1580 1938 1633 forte
1968 1596 2074 1632 non
2109 1580 2378 1633 immerito
2401 1580 2628 1638 hocdie.
2661 1580 2958 1632 indictione
2988 1578 3198 1647 quinta,
3234 1592 3378 1632 anno

1802 1681 2196 1738 consequenter
2228 1668 2348 1733 767,
2371 1683 2492 1720 eum
2515 1683 2727 1736 passum
2749 1683 2866 1720 esse
2886 1667 3380 1734 pronuntiabimus.

1878 1759 1964 1813 15.
2017 1759 2150 1812 Cum
2207 1757 2262 1812 S.
2312 1759 2477 1812 Paulo
2521 1757 2587 1810 ad
2655 1755 2904 1808 eumdem
2987 1755 3130 1808 diem
3188 1755 3384 1809 colitur

120 1851 493 1918 chisatrapam
541 1863 950 1913 cemniemorat,
984 1868 1091 1906 non
1141 1853 1206 1905 de
1247 1851 1422 1922 Cypro
1448 1853 1702 1920 loquitur,
1738 1835 1777 1889 Β
1811 1853 1867 1903 S.
1915 1849 2322 1903 Theosterietus
2358 1850 2492 1918 (54),
2532 1848 2828 1902 monachus
2873 1847 3182 1900 monasterii
3230 1845 3386 1900 Pele-

121 1941 285 2007 cujus
313 1944 457 1994 nulla
494 1945 548 1994 lit
581 1945 786 1996 mentio
821 1944 874 1995 in
913 1945 992 1997 his
1029 1944 1178 1997 Actis
1204 1943 1258 1996 S.
1295 1943 1582 2012 Stephani,
1612 1946 1704 1996 sed

120 2029 188 2082 tle
221 2030 405 2095 Creta,
440 2047 504 2084 ex
550 2047 652 2100 qua
700 2033 982 2096 oriundus,
1035 2034 1243 2101 Cpolim
1299 2033 1536 2087 advenit.
1572 2030 1705 2084 Cum

118 2138 258 2176 vero
290 2139 354 2177 ex
384 2126 572 2176 iisdem
623 2127 773 2178 Actis
813 2126 1209 2194 antiquioribus
1244 2124 1300 2177 S.
1341 2124 1620 2192 Stephani,
1656 2133 1709 2176 et

118 2213 560 2282 Metaphrastt’ra,
591 2233 711 2282 quae
757 2216 1126 2284 Lipomannus
1159 2215 1343 2269 Latine
1379 2229 1530 2267 versa
1559 2213 1704 2266 exhi-

120 2305 240 2363 bet.
272 2321 324 2358 et
356 2310 556 2374 reliqua
596 2310 781 2360 omnia
827 2307 1209 2375 proﬂuxerint,
1245 2308 1460 2361 etiamsi
1508 2306 1710 2360 alicubi

116 2395 286 2462 Cypri
332 2412 529 2448 nomen
587 2400 851 2463 prodiret,
886 2414 948 2450 ex
987 2399 1135 2449 Actis
1186 2399 1588 2464 probatioribus
1625 2412 1708 2449 re-

119 2487 434 2553 Spuendum
471 2497 637 2540 esset.
672 2487 872 2540 Verum
904 2487 1069 2539 dubio
1118 2489 1292 2539 locum
1329 2490 1552 2540 omnino
1589 2487 1711 2538 nul-

120 2576 236 2630 lum
269 2579 544 2647 relinquit,
570 2579 714 2648 quod
742 2579 878 2631 libro
904 2579 1081 2646 primo
1111 2578 1176 2631 de
1213 2576 1571 2631 Thematibus
1595 2576 1706 2645 (‘17)

121 2669 298 2720 refert
325 2671 722 2723 Constantinus
757 2667 1295 2741 l‘orpliyrogenneta,
1321 2671 1559 2742 Cyprum
1602 2671 1708 2725 sci-

119 2760 271 2819 licet,
306 2760 371 2810 ab
414 2760 644 2815 Heraclii
699 2772 941 2831 tempore
977 2780 1145 2831 usque
1186 2765 1252 2818 ad
1302 2765 1560 2816 Basiliuni
1603 2763 1711 2815 Ma-

116 2851 412 2913 cedonem,
448 2867 474 2902 a
499 2852 786 2904 Saracenis
817 2852 984 2905 fuisse
1011 2865 1354 2920 occupatam,
1391 2855 1445 2906 in
1477 2869 1706 2922 quorum

119 2951 475 3011 potestatem,
509 2955 815 3013 postquam.
838 2945 1033 2998 Basilio
1064 2949 1384 3014 imperante,
1419 2962 1515 3012 per
1537 2962 1708 2998 annos

121 3045 337 3101 septem
397 3035 628 3088 inissent
674 3036 905 3104 depulsi,
961 3036 1157 3089 iterum
1205 3036 1444 3089 devenit.
1483 3036 1554 3086 lix
1601 3050 1709 3103 quo

120 3127 480 3180 manifestum
510 3139 592 3180 est
622 3127 1025 3197 Copronymum
1060 3128 1237 3196 Cypro
1293 3142 1576 3195 nunquam
1611 3128 1709 3178 iiii-

1810 1949 1963 2002 cetaa,
1994 1940 2045 1991 in
2077 1941 2199 1992 Asia
2243 1940 2306 1991 ad
2365 1938 2769 2008 HelleSpontcni
2808 1937 2894 1990 siti
2940 1938 3072 2005 (55),
3105 1953 3208 1990 non
3237 1938 3380 2006 quod

1810 2047 1874 2084 eo
1908 2031 1994 2085 die
2028 2031 2227 2085 obierit
2286 2035 2432 2099 (nam
2479 2031 2847 2084 eonlessorem
2897 2046 3018 2082 eum
3052 2030 3239 2083 dicunt
3274 2029 3384 2084 Me-

1809 2142 1921 2178 niea
1955 2127 2066 2193 (36)
2096 2139 2147 2179 et
2199 2128 2251 2179 in
2306 2142 2433 2190 pare
2491 2123 2808 2193 mortuum),
2852 2124 2945 2177 sed
3000 2123 3143 2191 quod
3194 2122 3382 2177 eodem

1810 2218 1927 2270 loco
1964 2217 2074 2285 (57)
2107 2216 2363 2269 Actorum
2398 2215 2453 2269 S.
2489 2215 2775 2283 Stephani,
2805 2223 2927 2281 post
2980 2215 3180 2266 dicttiiii
3209 2213 3383 2266 Anto-

1812 2310 1960 2361 nium
1985 2307 2326 2369 Cretensem,
2361 2306 2774 2359 Theosterietus
2813 2305 3180 2357 narrationem
3222 2303 3381 2356 insti-

1813 2409 1944 2462 tuat,
1978 2402 2044 2453 de
2082 2399 2341 2452 martvrio
2388 2397 2606 2468 triginta
2663 2405 2784 2449 octo
2827 2394 3219 2448 monachorum
3272 2410 3388 2446 ino-

1810 2488 2032 2538 nasterii
2093 2486 2175 2538 sui
2229 2485 2335 2540 Hos
2393 2487 2556 2555 igitur
2609 2485 2738 2539 dicit
2791 2501 2819 2538 a
2871 2485 3385 2538 Lachanodraconte

1811 2576 2087 2646 praefecto,
2126 2579 2258 2630 feria
2307 2582 2496 2646 quinta
2532 2582 2582 2631 in
2611 2578 2776 2632 Coma
2815 2577 3048 2642 Domini,
3107 2577 3159 2629 in
3194 2591 3382 2630 mona-

1811 2670 1976 2722 sterio
2040 2684 2141 2723 suo
2213 2668 2474 2723 PCiCCQI'd!
2541 2671 2971 2737 comprehensos
3025 2683 3385 2736 csse,eoque

1811 2771 2040 2827 vastato,
2072 2763 2138 2816 ab
2171 2762 2360 2815 eodem
2411 2760 2925 2814 Lachanodraconte
2977 2774 3163 2812 versus
3201 2759 3383 2827 liphe-

1813 2872 1929 2910 sum
1956 2857 2238 2921 abductos,
2265 2855 2335 2910 ibi
2359 2858 2600 2924 martyrii
2628 2854 2856 2922 palmam
2877 2852 3195 2906 obtinuisse.
3220 2851 3387 2905 Porro

1814 2946 1957 2998 inter
1991 2947 2297 3015 praefectos,
2329 2962 2464 3014 quos
2496 2962 2646 2999 num.
2683 2946 3008 3014 priet-edenti
3044 2961 3070 2995 :i
3104 2943 3383 3011 Coprouy-

1812 3051 1922 3098 mo,
1944 3035 2239 3088 indictione
2266 3037 2472 3103 quinta,
2500 3036 2551 3087 in
2584 3036 2890 3102 provincias
2920 3037 3111 3086 missos
3137 3048 3257 3086 esse
3298 3034 3384 3085 di-

1813 3130 2010 3200 ximus,
2037 3127 2348 3179 neminatur
2379 3142 2408 3178 a
2435 3125 2763 3195 Theophane
2791 3127 2904 3194 ipse
2933 3125 3384 3179 Lachanodracon

123 3234 369 3284 pCI'uSSC,
404 3236 583 3287 neque
631 3222 697 3272 ab
723 3222 961 3273 Antonio
989 3223 1077 3273 illo
1108 3237 1169 3272 ex
1209 3220 1391 3284 Creta,
1420 3223 1548 3272 dum
1578 3235 1707 3272 nar-
1742 3203 1782 3260 (αἶ
1818 3218 1923 3278 ille,
1955 3219 2041 3273 cui
2069 3220 2248 3272 thema
2286 3220 2425 3274 Asiae
2456 3219 2677 3273 Minoris
2725 3221 2978 3272 traditum
3012 3220 3217 3280 scribit,
3257 3214 3388 3269 alias

122 3312 399 3362 rationem
430 3326 581 3363 suam
630 3312 879 3374 absolvit,
903 3313 969 3364 de
997 3312 1158 3381 Cypri
1189 3314 1445 3380 praelecto
1478 3311 1581 3363 dici
1611 3327 1708 3378 po-

125 3404 299 3458 tuisse
332 3403 444 3472 (28)
483 3424 494 3455 ;
528 3403 619 3458 Sic
671 3413 915 3458 sanctum
951 3405 1123 3458 virum
1179 3404 1552 3457 holocaUstum
1588 3404 1708 3472 igne

119 3497 312 3547 etTecit
348 3511 580 3564 nequam
629 3498 958 3565 imperatore
1009 3502 1374 3568 (Copronymo
1431 3499 1707 3566 nimirum)

118 3591 356 3654 nequior
383 3591 688 3658 praefectus,
717 3590 802 3642 ille
829 3606 1022 3658 nempe
1060 3589 1420 3656 Tlie0phanes
1451 3591 1709 3658 Lardoty-

121 3697 244 3745 rus,
277 3681 342 3734 de
374 3699 480 3750 quo
505 3695 686 3748 supra.
718 3681 820 3732 Sed
854 3683 919 3734 de
948 3681 1106 3734 Creta
1137 3682 1319 3750 utique
1347 3692 1558 3750 poterat
1579 3683 1707 3745 dici,

119 3790 292 3842 quam
329 3775 467 3824 idem
507 3771 1026 3842 Porphergcnneta
1063 3774 1282 3826 nonnisi
1318 3775 1419 3827 sub
1449 3774 1710 3828 Micltaele

122 3862 296 3914 Balbo
327 3876 355 3912 a
392 3861 681 3915 Saracenis
706 3874 919 3932 captam
947 3862 1177 3914 allii-mat
1207 3862 1340 3930 (‘29).

198 3951 285 4006 1‘2.
326 3950 560 4023 Tempus
613 3955 852 4024 martyrii
889 3969 952 4007 ex
1002 3955 1355 4023 Theophane,
1396 3970 1517 4007 cum
1561 3952 1710 4029 Actis

115 4046 176 4098 S.
218 4040 478 4115 Stephani
511 4046 704 4099 collato
741 4050 818 4100 sic
858 4048 1019 4100 statui
1057 4048 1255 4116 potest.
1298 4043 1489 4099 Narrat
1522 4047 1610 4100 ille
1643 4049 1709 4100 ad

116 4147 332 4188 anntini
393 4138 578 4191 mundi
637 4136 797 4200 6257,
853 4139 954 4190 sub
1011 4137 1309 4190 indictione
1338 4148 1528 4203 quarta
1569 4138 1706 4206 (50),

116 4228 536 4298 Copronvniuin
566 4231 821 4282 omnibus
849 4228 1078 4280 subditis
1103 4228 1473 4296 jutamentum
1503 4245 1710 4297 praece-

116 4322 298 4390 pisse.
362 4336 426 4372 ne
499 4321 832 4389 iiiiaginibns
893 4322 1300 4374 venerationem
1351 4321 1705 4387 exhibetent;

115 4431 273 4467 anno
305 4429 433 4467 vero
463 4425 733 4481 sequenti,
769 4416 1064 4468 indictione
1106 4415 1294 4483 quinta
1346 4414 1478 4482 (5|),
1514 4414 1707 4482 praefe-

114 4512 246 4559 ctos
274 4505 331 4559 in
373 4509 682 4575 provincias
710 4523 803 4559 seu
845 4511 1080 4561 themata
1113 4508 1345 4568 misisse,
1370 4510 1460 4574 qui
1490 4511 1702 4559 easdem

115 4601 197 4653 ibi
229 4602 280 4651 in
300 4600 765 4668 monachos,quas
799 4600 910 4666 ipse
939 4599 1114 4667 Cpoli,
1140 4599 1362 4652 ederent
1391 4599 1702 4666 tragtndias.

110 4694 292 4746 Porro
328 4694 600 4755 monachi,
634 4696 721 4760 qui
760 4709 902 4746 anno
937 4692 1032 4745 767
1075 4707 1198 4745 eum
1237 4693 1293 4744 S.
1338 4692 1617 4760 Stephano
1651 4693 1704 4743 in

111 4797 344 4837 carcere
412 4784 649 4849 praetorii
688 4785 1062 4843 versabantur,
1098 4782 1163 4836 de
1201 4780 1521 4836 criidelittvfe
1571 4798 1702 4849 pra:-

113 4877 391 4929 l’ectornni
446 4877 498 4925 iii
555 4875 848 4942 provinciis
897 4876 1128 4944 plurima
1213 4883 1514 4928 memorant
1567 4873 1697 4942 (52).

110 4971 259 5024 Cum
296 4978 473 5019 autem
529 4969 763 5034 quadam
801 4962 887 5020 die
925 4983 1029 5021 una
1060 4983 1182 5020 cum
1233 4968 1425 5020 vinctis
1454 4967 1573 5018 aliis
1605 4966 1700 5017 Pa-

115 5063 303 5117 tribus
359 5063 571 5114 sederet
615 5058 693 5111 vir
751 5070 991 5124 sanctus,
1042 5076 1225 5113 sermo
1278 5070 1453 5112 motus
1503 5069 1584 5113 est
1635 5058 1702 5113 de

192 5237 310 5309 (‘23)
345 5239 598 5291 Analecta
626 5237 828 5292 Graeca.
853 5237 1021 5304 Paris,
1061 5237 1212 5301 l688,
1243 5254 1295 5308 p.
1327 5235 1448 5290 504.

190 5313 307 5378 (26)
343 5311 598 5360 Analecta
629 5309 836 5372 Gt‘zrczi,
875 5310 976 5361 loc.
1012 5310 1103 5362 cit.

194 5382 310 5448 ('27)
349 5380 489 5430 Edtt.
527 5379 730 5440 Bonn.,
761 5399 810 5449 p.
846 5381 932 5434 40.

193 5454 308 5519 (‘23)
343 5449 598 5520 Analecta
625 5448 832 5516 Graeca,
863 5471 915 5520 ρ.
947 5448 1066 5504 505.

193 5517 308 5585 (9.11)
338 5517 416 5591 Pe
443 5528 644 5591 adtritu.
676 5523 834 5589 lmp.,
863 5517 983 5591 ξιιμ.
1013 5538 1140 5575 xxn.

189 5591 302 5710 (150)
336 5589 686 5704 'lt‘heophsnis
741 5589 1210 5662 Clii-oiiograpnia,
1272 5593 1471 5647 Bonum
1529 5595 1696 5660 l839,

231 5700 242 5710 .
280 5675 326 5710 D.
376 5664 480 5710 Hi).

114 5675 155 5716 ι.
203 5663 242 5716 ι,
279 5675 326 5726 [ι.
359 5663 480 5712 διδ.

192 5731 306 5797 (C’il)
342 5731 497 5790 ibat,
533 5750 585 5801 p.
626 5732 749 5785 681.

194 5803 306 5873 (3‘2)
343 5804 599 5856 Analecta
633 5805 833 5871 Cratero,
870 5819 922 5872 ιι.
958 5805 1078 5860 504.

1732 4552 1784 4609 D

1811 3310 2011 3363 dictum
2039 3311 2474 3364 Tliracesioruiii.
2501 3312 2790 3379 Perperam
2814 3312 3013 3378 itaque,
3052 3319 3107 3364 ιιι
3133 3311 3182 3362 id
3214 3309 3387 3364 obiter

1811 3410 2012 3459 notem.
2051 3399 2259 3454 GOarus
2293 3402 2376 3454 hic
2411 3402 2589 3454 thema
2619 3400 3008 3457 Tliracensium
3057 3403 3386 3469 interpreta-

1814 3499 1899 3544 tus
1935 3504 2016 3544 cst
2057 3492 2204 3559 (58);
2236 3508 2359 3545 nam
2416 3493 2608 3546 horum
2661 3493 2840 3546 thema
2879 3494 2930 3544 in
2975 3491 3183 3561 EurOpa
3222 3494 3385 3549 situm

1812 3594 1947 3646 erat,
1977 3583 2392 3638 Thracesioruin
2425 3600 2552 3637 vero
2586 3585 3051 3653 complectebatur
3076 3589 3258 3639 Asiam
3286 3585 3387 3637 Mi-

1812 3690 2020 3727 norem.
2060 3675 2316 3743 Apprime
2357 3690 2417 3726 ca
2447 3675 2754 3743 distinguit,
2785 3673 2947 3726 simul
2988 3690 3176 3728 vocum
3208 3686 3384 3744 etyma

1814 3770 2050 3832 tradens,
2086 3768 2483 3823 Constantinus
2523 3767 3042 3838 Porphyrogenneta
3079 3770 3132 3822 in
3173 3771 3388 3825 laudato

1809 3874 1974 3931 opere
2014 3859 2079 3912 de
2107 3855 2462 3913 Theiiiatibus
2512 3862 2646 3928 (59).
2684 3861 2909 3914 ludit-tio
2942 3872 3123 3914 autem
3175 3865 3384 3931 quinta,

1806 3954 1918 4022 jam
1953 3952 2210 4016 indicata,
2256 3951 2570 4020 incipiebat,
2609 3961 2662 4006 ut
2711 3953 2969 4016 diximus,
3003 3970 3032 4006 a
3078 3947 3399 4023 Septembri

1811 4048 1937 4099 anni
1971 4048 2109 4112 766;
2143 4049 2237 4101 sed
2269 4063 2392 4101 cum
2420 4047 2831 4100 Theosterietus
2862 4048 3251 4100 monasterium
3283 4046 3385 4100 Pe-

1811 4141 1992 4193 lecetae
2040 4155 2068 4192 a
2129 4139 2669 4201 Lachanodracontc,
2709 4140 2837 4191 l‘eria
2895 4143 3080 4205 quinta
3118 4140 3169 4192 in
3219 4140 3384 4192 Cinna

1810 4231 2044 4295 Domini,
2082 4232 2329 4285 invasum
2378 4239 2583 4295 narret,
2628 4233 2918 4285 dicendum
2963 4233 3066 4283 erit
3119 4231 3172 4284 id
3208 4233 3386 4285 conti-

1809 4329 1951 4396 gisse
1975 4341 2117 4378 anno
2142 4326 2264 4390 767,
2294 4325 2381 4380 die
2425 4340 2509 4376 λνι
2544 4326 2765 4391 Aprilis,
2802 4323 3018 4391 quando
3051 4322 3252 4376 l’ascba
3297 4324 3385 4378 die

1810 4433 1920 4469 tux.
1956 4414 2270 4484 Martyrium
2303 4424 2482 4467 autem
2515 4415 2729 4483 triginta
2762 4423 2884 4466 octo
2904 4414 3174 4466 sociorum
3205 4413 3384 4467 Theo-

1812 4509 2039 4568 stericti,
2071 4507 2212 4574 quod
2255 4506 2306 4557 in
2363 4505 2561 4573 Ephesi
2607 4504 2850 4574 partibus
2885 4504 3126 4575 contigit,
3163 4506 3382 4574 alligen-

1812 4600 1938 4652 diiiii
1972 4602 2055 4652 est
2106 4598 2349 4666 profecto
2391 4601 2563 4651 eidem
2609 4613 2752 4650 anno
2797 4598 2916 4658 769,
2956 4597 3223 4666 siquidem
3258 4608 3384 4650 ante

1809 4691 1968 4745 linem
2002 4691 2322 4744 bovembris
2355 4690 2497 4743 illius
2531 4689 2750 4752 anni,S.
2782 4688 3058 4756 Stephano
3088 4689 3140 4742 in
3166 4703 3389 4743 carcere

1808 4793 2086 4836 narratum
2121 4782 2240 4834 fuit.
2280 4781 2426 4832 Diem
2451 4780 2688 4848 martyrii
2721 4781 2981 4848 assignari
3011 4777 3148 4828 forte
3183 4775 3382 4843 poteri-

1809 4891 1929 4928 mus
1958 4878 2009 4927 iii
2059 4874 2202 4928 hunc
2255 4875 2496 4929 modum.
2527 4875 2746 4926 Obtinet
2778 4871 2994 4941 quidem
3039 4869 3152 4923 haec
3188 4879 3383 4937 marty-

1807 4984 1926 5022 rum
1982 4969 2180 5023 cohors
2259 4968 2313 5019 in
2389 4966 2766 5036 Martyrologio
2824 4965 3070 5016 Romano
3129 4965 3270 5015 diem
3309 4976 3383 5017 xu

1803 5061 2067 5124 Januarii,
2123 5060 2188 5112 ad
2236 5073 2396 5128 quem
2450 5061 2762 5112 decessores
2817 5056 2983 5110 nostri
3031 5054 3097 5108 de
3146 5054 3210 5107 iis
3261 5068 3388 5130 egev

1873 5244 1986 5314 (55)
2024 5242 2087 5314 Τ.
2127 5240 2168 5294 ll
2205 5239 2400 5304 Martii,
2434 5239 2635 5307 p.609.

1875 5313 1986 5382 (δι)
2025 5313 2158 5367 Ibid.

1878 5381 1989 5453 (35)
2028 5383 2089 5434 'l‘.
2125 5383 2144 5437 Ι
2177 5381 2374 5452 April..
2407 5396 2461 5448 p.
2495 5381 2583 5434 50.

1831 5448 1987 5536 “('56)
2017 5456 2115 5539 Ad“
2131 5448 2273 5506 diem
2309 5468 2412 5505 xvu
2451 5453 2651 5512 Martii,
2680 5449 2772 5504 Cir
2794 5450 2924 5503 Acta
2956 5448 3077 5515 SS.,
3112 5460 3149 5517 t,
3184 5448 3379 5502 llMar-

1805 5537 1988 5675 “13:27)
2014 5526 2231 5662 (629mm
2277 5594 2510 5655 ratione,
2545 5591 2669 5646 vide
2707 5605 2892 5660 surira,
2926 5605 2981 5644 ii.
3024 5593 3051 5645 7
3093 5592 3380 5646 Commen-

1806 5679 1982 5804 laiIZ’iS)
2018 5733 2364 5803 Thmphan.,
2402 5733 2439 5784 Ι.
2469 5749 2546 5795 c.,
2582 5747 2634 5801 ι’).
2667 5729 2792 5785 681.

1877 5803 1985 5870 (59)
2021 5805 2136 5860 Lib.
2177 5823 2212 5872 i,
2248 5808 2412 5858 them.
2457 5821 2532 5870 in,
2566 5804 2729 5858 etlib.
2762 5819 2818 5869 ll,
2850 5804 3020 5856 them.
3051 5818 3091 5857 ι.
