4188 6432
820 399 950 456 1091

2106 395 2156 451 Μ
2174 395 2386 453 ENSIS
2424 393 2790 456 OCTOBER.

3967 393 4096 456 1092

820 522 947 565 runt
984 513 1114 580 (40),
1154 516 1248 573 sed
1283 516 1331 568 hi
1366 515 1603 569 fatentur
1638 513 1773 568 sein
1813 513 1975 566 nullis
2009 513 2160 567 fastis
2185 513 2252 566 ad
2308 512 2391 565 di-
2421 521 2466 575 Α
2502 513 2804 582 πτάμενος)
2860 529 2955 582 pro
2990 512 3189 567 Christi
3239 512 3466 584 imagine
3524 528 3724 576 caesus,
3762 513 3936 565 illum
3997 513 4095 564 Ua-

817 615 968 657 ctum
1011 606 1152 659 diem
1203 610 1546 676 consignatos
1577 622 1668 659 eos
1703 606 1988 675 reperisse.
2035 604 2228 657 Postea
2264 619 2388 658 vero

817 698 1035 751 eosdem
1061 702 1251 752 obvios
1290 700 1599 752 habuerunt
1633 699 1684 750 in
1725 697 2122 766 pretiosissimo
2147 698 2388 766 Synaxa-

819 791 949 844 rista
1001 790 1358 853 Chifﬂctiano,
1399 793 1462 843 ad
1516 792 1654 843 diem
1704 806 1737 842 ll
1785 789 1958 854 Junii;
1995 805 2115 840 nam
2168 790 2386 841 eosdem

817 897 956 946 esse,
996 899 1061 936 ex
1096 884 1403 936 narratione
1445 880 1800 934 Theostericti
1859 896 1982 932 cum
2055 882 2388 949 synaxarista

819 975 910 1028 illo
935 977 1125 1029 collata
1146 977 1228 1044 (H
1246 979 1283 1044 ).
1305 977 1526 1029 cuilibet
1551 975 1894 1026 manifestum
1931 973 2057 1037 fiet,
2081 989 2386 1040 quanquam

820 1068 1223 1122 Henschenium
1261 1080 1504 1122 nostrum
1539 1068 1587 1120 id
1627 1078 1734 1120 tum
1771 1068 1954 1135 fugere
1991 1069 2187 1134 potuit.
2223 1065 2390 1118 Porro

818 1161 1072 1213 laudatus
1111 1161 1473 1229 synaxaristes
1525 1175 1628 1212 non
1679 1160 1851 1212 solum
1895 1160 1960 1212 ad
1997 1160 2138 1210 diem
2177 1173 2209 1210 ll
2244 1151 2390 1210 Junii

814 1266 908 1305 eos
933 1253 1130 1320 signat,
1153 1252 1244 1304 sed
1277 1263 1530 1319 praeterea
1562 1253 1694 1302 satis
1723 1260 1912 1318 aperte
1939 1249 2176 1303 insinuat
2212 1250 2275 1302 iis
2302 1251 2390 1304 illo

813 1343 898 1396 die
940 1345 1171 1412 palmam
1207 1344 1446 1412 martyrii
1485 1343 1761 1410 obtigisse.
1797 1343 1868 1394 Ex
1905 1344 2099 1410 quibus
2123 1343 2393 1396 verisimi-

814 1435 938 1487 liter
969 1435 1288 1487 conficimus
1318 1435 1416 1484 bos
1443 1435 1760 1496 monachos,
1790 1449 1974 1485 mense
2005 1449 2124 1485 cum
2167 1435 2392 1486 dimidio

812 1535 1098 1592 postquam
1126 1526 1518 1578 monasterium
1560 1540 1716 1578 suum
1760 1524 2016 1578 Pelccettn
2047 1535 2309 1579 vastatum
2342 1535 2394 1578 et

813 1621 1155 1669 combustum
1224 1617 1497 1677 viderunt,
1558 1633 1722 1686 prope
1780 1618 2051 1685 Ephesum
2102 1619 2394 1672 suﬂ'ocatos

815 1705 1004 1765 fuisse,
1049 1707 1133 1759 die
1166 1709 1376 1761 scilicet
1414 1725 1447 1760 ll
1480 1706 1626 1760 Junii
1656 1709 1780 1760 anni
1811 1710 1928 1763 757.

887 1796 974 1849 11.
1014 1797 1084 1850 De
1123 1796 1179 1850 S.
1217 1800 1372 1851 Petro
1414 1800 1479 1852 de
1537 1801 1862 1860 Blacliernis.
1907 1818 2067 1870 quem
2128 1818 2279 1855 num.
2331 1805 2386 1857 11

2489 607 2710 660 cianum
2764 616 2818 659 et
2867 607 3338 675 praivaricatorem
3394 607 3564 659 libere
3603 606 3980 674 appellando,
4013 621 4098 656 sn-

2489 698 2755 766 blatisque
2789 699 2852 750 ad
2881 697 3044 750 Deum
3081 697 3254 750 oculis
3285 698 3538 757 dicendo,
3561 696 3787 750 Gratias
3827 698 3939 748 tibi
3982 713 4094 764 age.

2491 792 2735 854 Domine,
2781 793 2833 844 in
2890 792 3086 844 mediis
3123 791 3409 843 verberum
3466 792 3812 843 cruciatibus
3839 790 4094 857 exspira-

2489 884 2566 934 vit
2591 883 2725 948 (44).
2755 883 2829 935 Ad
2876 885 2988 935 haec
3019 884 3250 950 primum
3301 882 3640 935 advertimus
3670 898 3828 945 eum,
3861 882 3964 948 qui
4019 882 4046 931 b

2491 974 2781 1037 Dacianus,
2825 975 2876 1027 id
2935 985 3017 1027 est
3075 985 3393 1043 persecutor
3441 975 3793 1027 saevissimus
3831 975 3982 1033 1451,
4015 990 4096 1036 εει-

2491 1066 2744 1135 pellatur,
2778 1084 2804 1118 a
2835 1067 3199 1134 Metaphraste
3227 1069 3278 1118 in
3315 1067 3501 1120 eadem
3542 1068 3649 1118 vita
3677 1068 3832 1133 apud
3870 1067 4092 1118 Surium

2491 1159 2557 1212 ad
2588 1161 2728 1212 diem
2767 1173 2932 1213 xxvttl
2970 1158 3233 1212 Novemb.
3263 1159 3537 1210 Julianum
3591 1160 3943 1226 Apostatatn
3979 1160 4090 1220 die,

2491 1249 2636 1318 quod
2688 1249 3011 1318 Theophani
3075 1266 3298 1318 prorsus
3363 1266 3669 1303 consonum
3725 1259 3818 1301 est
3895 1257 4090 1317 (supra

2491 1357 2644 1395 num.
2683 1342 2788 1406 Li).
2829 1343 3030 1394 Deinde
3058 1344 3261 1409 reliqua
3295 1342 3473 1394 omnia
3510 1357 3632 1408 qua:
3667 1340 3727 1394 S.
3774 1342 4092 1408 Stephanus

2496 1445 2680 1488 narrat
2708 1437 2771 1486 de
2809 1435 2975 1487 Petro
3010 1436 3061 1486 in
3101 1434 3414 1487 Blachernis
3448 1434 3686 1495 incluso,
3723 1434 3872 1484 nihil
3919 1434 4093 1485 diver-

2495 1542 2612 1580 Sum
2677 1525 2877 1578 habent
2922 1538 3116 1594 printer
3165 1528 3335 1580 solum
3387 1540 3611 1587 nomen,
3652 1527 3724 1576 ab
3761 1526 3831 1578 iis
3870 1541 3999 1592 qua
4039 1529 4093 1578 de

2494 1617 2706 1670 Audrea
2738 1619 2788 1669 in
2823 1617 3135 1669 Blachernis
3169 1617 3411 1685 Calybita
3446 1617 3640 1670 scribit
3689 1616 4092 1684 Theophanes.

2498 1707 2764 1760 Praeterea
2803 1709 2846 1760 si
2882 1708 3264 1777 Tthphanes,
3303 1710 3393 1761 tibi
3445 1711 3508 1762 de
3545 1709 3709 1761 Petro
3746 1710 3948 1777 stylita
3979 1713 4095 1762 seri-

2498 1799 2578 1851 bit
2633 1801 2850 1868 (n.14),
2905 1817 3031 1854 vere
3084 1799 3300 1853 Pctruni
3353 1800 3404 1851 in
3449 1800 3778 1854 Blarherttis
3822 1804 4092 1854 inclusum

810 1900 933 1956 post
965 1889 1019 1940 S.
1054 1889 1611 1944 PaulumCretensem
1640 1896 1939 1960 posuimus.
1969 1895 2198 1961 plurima
2228 1897 2387 1949 etiam
2425 1891 2462 1944 Β
2493 1894 2822 1959 designaret,
2876 1910 2995 1961 qum.
3053 1895 3118 1945 de
3172 1894 3275 1944 isto
3317 1906 3629 1956 narrantur,
3665 1911 3798 1947 cum
3871 1896 4091 1947 historia

812 1995 877 2034 ex
906 1982 1052 2035 Actis
1090 1980 1146 2034 S.
1183 1981 1446 2051 Stephani
1481 1987 1852 2038 innotescunt.
1888 1985 2288 2053 l‘apcbrochius
2323 1991 2387 2042 ad

811 2071 955 2125 diem
1007 2089 1090 2125 xvi
1140 2074 1265 2126 Maii
1306 2076 1416 2142 (4‘2)
1468 2092 1530 2127 ex
1585 2077 1797 2128 laudato
1843 2080 2172 2146 synaxarista
2220 2078 2316 2134 Ms.
2353 2095 2382 2133 a

809 2163 1081 2218 Chiﬂletio
1133 2176 1326 2219 nostro
1377 2177 1620 2234 accepto,
1665 2169 1729 2220 de
1777 2171 1834 2222 S.
1895 2171 2057 2223 l’etro
2105 2174 2390 2238 sequentia

824 2256 1097 2324 depromit
1136 2275 1147 2309 :
1192 2259 1250 2310 '0
1301 2260 1357 2309 ἐν
1410 2260 1738 2330 Βλαχέρνσις
1792 2263 2014 2332 Πέτρος,
2065 2263 2386 2334 βουνεύροις

810 2348 1150 2415 τυπτόμενος
1179 2350 1517 2415 calamitati;
1566 2353 1613 2404 id
1663 2362 1784 2407 est:
1820 2354 2012 2407 Petrus
2045 2356 2096 2406 in
2136 2355 2388 2408 Blacher-

812 2438 898 2490 nis
929 2439 1204 2500 habitans,
1240 2442 1442 2493 laureis
1465 2457 1654 2503 cmsus,
1677 2446 1993 2511 martyrium
2027 2455 2387 2498 consummat.

814 2527 979 2582 Recte
1028 2531 1432 2598 Papebrocbius
1485 2533 1706 2601 conjicit
1743 2535 1828 2586 hic
1876 2538 1958 2603 agi
2011 2536 2078 2588 de
2129 2537 2390 2591 alterutro

812 2621 1042 2673 duorum
1078 2637 1398 2692 martyrum,
1435 2641 1573 2692 quos
1608 2627 1976 2694 Theophanes
2004 2629 2069 2682 ad
2100 2645 2302 2682 annum
2322 2631 2384 2685 21

811 2721 865 2765 et
893 2712 960 2763 ‘27
998 2715 1321 2785 C0prouyini
1361 2716 1576 2782 refert;
1628 2733 1696 2770 en
1745 2718 1906 2786 hujus
1952 2721 2193 2774 historici
2224 2722 2388 2776 verba

816 2802 1006 2856 Latine
1044 2820 1192 2857 versa
1226 2807 1332 2875 (45)
1369 2825 1378 2858 :
1406 2808 1604 2859 Eodem
1633 2808 1791 2861 etiam
1820 2824 1960 2861 anno
1983 2811 2191 2875 (mundi
2221 2811 2380 2872 6255.

811 2894 1153 2949 Constantini
1191 2899 1281 2964 21)
1315 2897 1709 2953 Constantinus
1770 2912 2085 2966 persecutor
2121 2905 2390 2956 Andream

812 2988 1173 3040 venerabilem
1213 2989 1563 3049 monaclmm,
1598 2989 1901 3058 Calybitam
1933 2994 2156 3054 dictum,
2186 2995 2250 3047 ad
2275 2994 2393 3047 Bla-

814 3076 1048 3127 chcrnas
1084 3077 1444 3138 habitantem,
1475 3079 1526 3129 in
1575 3077 1759 3131 Sancti
1808 3081 2091 3135 Mamantis
2119 3084 2266 3137 circo
2299 3085 2392 3138 ﬂao

813 3168 965 3236 gellis
1014 3169 1312 3229 interfecit,
1343 3170 1486 3237 quod
1533 3171 1650 3239 ejus
1683 3171 2037 3239 impietatem,
2070 3191 2133 3227 eo
2171 3175 2392 3230 Valente

809 3260 1029 3326 juniore
1075 3271 1128 3313 et
1174 3259 1391 3314 Juliano
1444 3263 1696 3327 vocitato,
1737 3265 2035 3333 arguisset;
2069 3266 2187 3333 ejus
2218 3279 2395 3320 autem

810 3365 1010 3418 corpus
1070 3352 1122 3402 in
1175 3350 1436 3403 ﬂuentum
1487 3355 1678 3422 projici
1736 3356 1997 3421 jusserat,
2032 3357 2126 3408 sed
2172 3357 2397 3412 Andreae

809 3454 1027 3495 sorores
1061 3441 1236 3510 ipSum
1279 3443 1590 3508 efferentes,
1629 3444 1684 3497 iii
1735 3444 1988 3499 Leucadii
2037 3450 2277 3517 etnporio
2311 3466 2396 3504 sc-

811 3535 1044 3601 pulturze
1078 3536 1425 3588 tuandarunt.
1455 3536 1521 3587 Et
1549 3551 1700 3588 anno
1722 3540 1907 3591 mundi
1938 3539 2095 3604 6259,
2130 3540 2396 3594 Constan-

814 3625 912 3677 tini
954 3625 1042 3677 27.
1114 3629 1364 3678 Ceterum
1418 3629 1483 3680 ab
1527 3630 1627 3680 hoc
1661 3638 1903 3696 tempore
1939 3631 2125 3696 majori
2179 3636 2395 3689 vesania

811 3718 865 3768 in
898 3729 1115 3771 sanctas
1152 3719 1241 3771 Dei
1274 3719 1546 3773 Eeclesias
1597 3720 1906 3787 ferebatur;
1943 3723 2092 3776 misit
2123 3725 2267 3777 enim
2304 3729 2394 3795 qui

809 3805 1032 3861 Petrum
1087 3813 1457 3862 venerabilem
1512 3813 1749 3880 stylitam
1784 3827 1812 3863 a
1851 3823 2003 3880 petra
2057 3819 2392 3882 exturbaret,

810 3913 1046 3965 eumque
1089 3901 1434 3970 dogmatibus
1468 3904 1580 3955 suis
1607 3914 1982 3974 repugantem,
2023 3909 2205 3963 vivum
2243 3912 2395 3980 pedi-

812 3989 915 4042 bus
944 3991 1212 4053 vinctum,
1246 4008 1308 4045 ac
1352 4009 1448 4061 per
1487 3992 1693 4047 medias
1729 3996 1876 4048 urbis
1915 3997 2027 4049 vias
2055 4009 2391 4065 pertractum

813 4081 864 4133 in
896 4083 1105 4152 Pelagia
1142 4083 1331 4150 projici
1382 4086 1566 4150 jussit,
1597 4086 1733 4137 alios
1767 4101 1894 4138 vero
1938 4089 2391 4154 saccisiuclusos,

810 4172 1047 4240 alligatis
1083 4175 1331 4239 pedibus,
1367 4175 1418 4226 in
1451 4190 1599 4228 mare
1635 4176 1899 4246 demergi.

889 4265 976 4319 15.
1042 4264 1401 4335 Synaxarista:
1444 4282 1546 4318 suo
1579 4267 1981 4335 l‘apebrochius
2009 4271 2232 4326 nimium
2262 4275 2394 4328 diffi-

810 4357 908 4419 dit,
960 4359 1088 4411 dum
1149 4359 1448 4411 arbitratur
1493 4375 1614 4411 eum
1665 4358 1773 4413 duo
1811 4362 1969 4414 allata
2021 4367 2274 4433 tnartyria
2337 4367 2388 4418 in

813 4463 982 4500 unum
1019 4447 1321 4510 conﬂasse;
1367 4451 1480 4518 ipse
1531 4451 1675 4502 enim
1711 4450 2075 4520 TheOphanes
2107 4456 2191 4508 hic
2224 4473 2389 4510 nnunt

2497 1985 2552 2037 S.
2590 1986 2849 2052 Stephani
2887 1986 3136 2052 componi
3176 2001 3282 2036 non
3315 1995 3556 2053 possent.
3593 1986 3842 2039 Sanctus
3869 1987 4096 2054 Stepha-

2495 2093 2595 2129 nus
2621 2078 2787 2136 enim,
2829 2089 2884 2129 ut
2933 2093 3029 2130 suo
3060 2078 3179 2128 loco
3233 2078 3606 2144 probabimus,
3645 2095 3672 2129 a
3723 2094 3930 2131 mense
3966 2079 4096 2132 Nm.

2493 2167 2597 2220 763
2629 2184 2795 2231 usque
2823 2169 2886 2218 ad
2922 2169 3080 2219 finem
3114 2170 3238 2220 anni
3280 2168 3379 2219 766
3413 2169 3464 2220 in
3507 2170 3702 2222 exsilio
3742 2171 3873 2230 fuit,
3915 2183 3974 2224 et
4001 2177 4096 2222 ci:-

2493 2261 2627 2314 citer
2650 2263 2714 2313 ab
2741 2262 2959 2314 ineunte
2989 2260 3253 2313 Januario
3293 2264 3390 2314 767
3421 2280 3544 2314 cum
3578 2264 3873 2330 praedictis
3913 2279 4097 2316 mona-

2491 2355 2610 2408 chis
2661 2355 2711 2406 in
2759 2369 2978 2407 Carcerc
3045 2353 3284 2404 Praeterii
3347 2354 3693 2406 versabatur.
3753 2353 3832 2406 Ex
3897 2358 4096 2424 quibus

2495 2445 2772 2513 probabile
2806 2446 2859 2494 lit
2890 2452 3016 2495 ante
3041 2443 3141 2494 765
3174 2441 3227 2494 S.
3258 2453 3548 2512 martyrem
3583 2444 3849 2506 Petrum,
3887 2446 3960 2498 de
3998 2461 4098 2513 quo

2498 2544 2703 2596 narrat,
2743 2533 3096 2596 occubuisse;
3131 2549 3251 2585 nam
3302 2536 3562 2601 aliOquin,
3597 2538 3689 2602 qui
3742 2552 3864 2589 non
3902 2540 4094 2594 melius

2495 2627 2744 2680 monachi
2784 2627 2840 2681 S.
2887 2625 3190 2693 Stephano,
3225 2643 3382 2695 quam
3439 2627 3525 2679 hic
3573 2627 3704 2685 illis.
3763 2632 4091 2697 martyr-iura

2495 2720 2635 2771 istud
2672 2717 3262 2783 enarrassent‘?Neque
3299 2720 3359 2768 S.
3387 2717 3631 2769 Andreas
3664 2717 3719 2767 in
3771 2717 4094 2771 Blachernis

2496 2826 2660 2876 prope
2696 2810 2904 2876 (Ipulim
2945 2809 3243 2867 habitabat,
3275 2818 3328 2859 ut
3353 2808 3720 2876 TlieOphanes
3755 2810 3981 2869 scribit,
4007 2812 4090 2862 sed

2493 2917 2556 2953 ex
2591 2900 2747 2952 Creta
2781 2899 3081 2952 adveniens
3121 2899 3184 2950 ad
3235 2898 3560 2951 Blachernas
3595 2914 3656 2951 se
3695 2901 3969 2962 contulit,
4008 2903 4086 2957 ubi

2494 2993 2873 3061 (Iopronyinus
2907 2993 2957 3043 iit
2994 2992 3190 3057 palatio
3239 3007 3338 3043 suo
3373 2990 3486 3041 Divi
3519 2989 3818 3043 Mamantis
3855 2990 3915 3042 in
3955 3008 4089 3043 mar-

2497 3094 2538 3153 ty
2556 3100 2636 3135 res
2667 3084 2945 3144 smviebat,
2975 3083 3301 3149 quibuscum
3329 3081 3472 3132 illico
3507 3089 3693 3132 tentus
3717 3091 3828 3134 est.
3862 3081 4088 3135 Testan-

2499 3187 2584 3228 tur
2617 3175 2665 3225 id
2697 3174 2825 3227 Acta
2853 3184 2900 3225 et
2939 3173 3298 3241 Synaxarium
3335 3185 3495 3238 supra
3536 3171 3774 3224 relatum
3812 3175 4087 3240 (num.5').

2423 3242 2463 3295 C
2500 3266 2608 3317 Nec
2653 3266 2813 3317 etiam
2856 3275 3114 3334 tyrannus
3144 3264 3309 3328 jussit
3359 3278 3481 3314 eum
3521 3279 3693 3330 usque
3734 3268 3802 3315 ad
3859 3281 4085 3318 tiiorteni

2503 3357 2680 3425 ﬂagris
2710 3359 2865 3417 ca-di,
2903 3366 2958 3408 ut
2991 3357 3186 3408 iterum
3221 3353 3588 3422 Theophanes
3636 3357 3856 3415 scribit,
3887 3371 3946 3410 et
3973 3363 4085 3411 de."

2503 3451 2553 3503 in
2590 3452 2849 3502 ﬂuentum
2890 3449 3103 3516 projici,
3140 3448 3232 3500 sed
3271 3448 3562 3501 crudeliter
3595 3452 3804 3516 raptari
3835 3454 4084 3518 perviam

2499 3543 2804 3610 publicam;
2839 3555 2939 3591 nee
2966 3539 3118 3606 (Ipoli
3155 3554 3371 3591 sorores
3397 3554 3522 3589 suas
3558 3540 3766 3590 habere
3802 3544 4082 3610 potuitqri

2500 3635 2550 3685 in
2583 3631 2742 3685 Creta
2775 3632 3128 3684 monasticam
3162 3633 3325 3681 vitam
3355 3631 3578 3698 degens,
3623 3631 3757 3683 illuc
3789 3639 4083 3684 advenerat

2500 3735 2557 3776 ut
2586 3727 2787 3776 cultum
2817 3725 2917 3777 SS.
2945 3725 3241 3791 imaginum
3273 3738 3456 3775 coram
3483 3733 3716 3790 tyranno
3743 3725 4084 3786 defenderet;

2499 3830 2679 3881 neque
2706 3816 2921 3868 demum
2955 3814 3006 3866 in
3057 3813 3303 3880 emporio
3335 3811 3586 3865 Leucadii
3633 3812 3696 3865 ad
3742 3813 3904 3864 littus
3941 3816 4084 3863 Asia-

2501 3908 2663 3959 ticum
2696 3905 2939 3973 Bospori,
2974 3905 3216 3957 honesta:
3252 3903 3546 3970 sepulturae
3593 3905 3849 3955 mandari
3893 3908 4079 3972 potuit,

2497 4015 2654 4066 quem
2713 4000 2763 4050 itt
2809 4001 2920 4065 ipsa
2963 3998 3114 4056 urbe,
3154 3997 3281 4047 dum
3323 3999 3650 4060 raptaretur,
3685 3998 4079 4062 exstiirantem,

2500 4095 2551 4142 in
2586 4092 2761 4142 locum
2805 4087 3270 4147 sordidissimum,
3319 4086 3370 4136 in
3420 4084 3631 4153 Pelagia
3690 4085 3934 4149 scilicet,
3967 4104 4080 4141 cum

2498 4181 2760 4235 maleficis
2791 4183 3088 4250 projccere,
3122 4194 3395 4248 quemque
3423 4178 3548 4230 dein
3581 4180 3677 4229 viri
3702 4181 4003 4234 orthodoxi
4036 4198 4083 4232 :n

2497 4276 2613 4328 loco
2657 4287 2844 4326 sancto
2881 4274 3066 4334 Crisis,
3115 4273 3313 4325 iterum
3354 4271 3406 4322 in
3451 4271 3585 4322 urbe
3635 4270 3779 4336 ipsa,
3809 4275 4066 4339 deposue-

2497 4375 2643 4418 runt.
2694 4367 2822 4426 Qua:
2866 4365 3076 4431 singula
3125 4380 3248 4417 cum
3298 4379 3364 4416 ex
3408 4365 3554 4415 Actis
3586 4361 3647 4415 S.
3681 4365 3924 4417 Andre:
3969 4366 4078 4419 luce

2499 4457 2727 4510 clariora
2764 4456 2901 4516 sint,
2923 4455 3276 4506 manifestum
3309 4461 3388 4506 est
3413 4453 3816 4521 Theophanem
3851 4472 3962 4507 non
3992 4460 4079 4506 ad-

822 4549 1112 4608 martyrem
1169 4554 1262 4606 pro
1307 4540 1480 4590 altero
1514 4543 1717 4607 posuit,
1755 4552 1812 4593 ut
1848 4545 2194 4598 manifestum
2242 4549 2297 4598 fit
2329 4562 2392 4600 ex
2428 4569 2468 4620 ι)
2497 4551 2680 4615 juncta
2708 4547 2942 4615 martyrii
2977 4547 3321 4608 immutasse,
3344 4545 3438 4598 sed
3481 4545 3593 4598 sola
3629 4547 3856 4598 nomina
3886 4559 4078 4616 marty-

814 4631 1133 4684 narratione
1161 4630 1222 4684 S.
1254 4632 1518 4699 Stephani
1547 4632 1810 4695 Junioris,
1849 4650 1957 4703 qua
1992 4639 2284 4692 monachos
2312 4654 2394 4693 se-

815 4739 940 4778 cum
978 4725 1031 4775 in
1078 4739 1298 4777 carcere
1337 4727 1580 4778 Prartot-ii
1605 4743 1749 4780 anno
1781 4728 1881 4782 767
1915 4731 2168 4786 detentos
2206 4735 2268 4786 ad
2301 4751 2395 4803 pa-

820 4817 1064 4869 tientiam
1100 4817 1346 4869 hortatur
1381 4838 1392 4871 :
1426 4816 1657 4871 Sanctus
1690 4820 1810 4872 illos
1840 4821 2050 4882 l'atres,
2086 4824 2284 4890 inquit,
2306 4827 2396 4893 qui

816 4911 959 4977 apud
1015 4924 1112 4960 nos
1160 4909 1323 4959 vitam
1374 4910 1636 4976 martyrio
1688 4911 2062 4975 absolverunt,
2097 4914 2394 4968 imitemur.

817 5001 1080 5054 Sanctum
1111 4999 1262 5052 illum
1292 5001 1619 5052 monachum
1647 4999 1862 5056 Petrum
1888 5003 2034 5067 dico,
2058 5005 2108 5056 in
2143 5005 2395 5060 Blacher-

816 5093 899 5146 nis
929 5093 1196 5146 inclusum
1231 5093 1718 5162 (ἐγκεκλεισμένον
1763 5115 1772 5147 :
1823 5097 2112 5160 inclusum,
2146 5097 2347 5155 Gallice
2381 5119 2394 5156 :

817 5184 1017 5244 reclus,
1055 5199 1161 5249 quo
1216 5199 1379 5236 sensu
1435 5184 1873 5248 frequentissime
1933 5189 2046 5240 haec
2111 5207 2210 5243 vox
2270 5207 2396 5260 pro-

816 5276 931 5336 dit;
976 5289 1257 5344 perperam
1302 5275 1464 5344 igitur
1523 5275 1934 5345 Lipomannus:
1975 5277 2281 5333 Blachernis
2342 5283 2396 5335 in

820 5370 1050 5422 vincalis
1118 5369 1424 5436 conjectqu
1495 5371 1582 5436 qui
1646 5380 1768 5426 ante
1841 5369 2192 5438 imperatoris
2271 5389 2399 5427 con-

821 5470 1064 5530 spectum
1101 5461 1448 5514 intolerandis
1503 5462 1660 5514 boum
1709 5462 1888 5513 nervis
1921 5461 2252 5532 tﬁcuvsapm;
2308 5484 2397 5518 τυ-

893 5595 1004 5664 (10)
1133 5593 1151 5644 1
1184 5595 1430 5664 Januar.,
1467 5611 1519 5664 p.
1561 5595 1684 5648 747.

893 5661 1004 5735 (LI)
1043 5661 1156 5735 T._l
1190 5663 1355 5726 Junii,
1388 5661 1595 5734 p.168.
1631 5665 1741 5718 (lfr.
1782 5666 1864 5719 t.l
1899 5668 2152 5730 Januar.,
2185 5669 2219 5721 Ι.
2261 5689 2308 5724 c.
2345 5681 2396 5731 et

820 5733 1075 5792 Analecta
1103 5733 1309 5795 Grzeca,
1337 5733 1395 5800 p.
1423 5737 1541 5789 50:3.

894 5806 1003 5871 (49.)
1042 5804 1102 5859 Τ.
1145 5805 1208 5858 Ill
1247 5803 1388 5869 Maii,
1431 5822 1481 5872 p.
1511 5807 1634 5860 695'.

2504 4654 2621 4691 rum
2658 4637 3081 4706 transposuiSse.
3119 4639 3293 4704 Atque
3333 4638 3445 4689 haec
3480 4637 3698 4696 iterum,
3739 4653 3850 4689 non
3885 4640 4076 4697 dicam,

2500 4734 2909 4795 confirmantur,
2942 4730 3034 4783 Se'd
3089 4744 3212 4781 vere
3259 4716 3707 4780 demonstrantur:
3739 4741 3806 4778 ex
3860 4728 3927 4779 iis
3967 4746 4076 4793 qu:

2501 4826 2661 4876 habet
2689 4822 3048 4891 Menologium
3083 4821 3265 4872 Basilii
3299 4821 3363 4870 ad
3392 4833 3559 4868 xxviii
3582 4817 3914 4873 Novembris
3940 4831 4078 4889 post.

2500 4931 2659 4982 quam
2716 4917 2781 4967 de
2834 4916 2889 4965 ὃ.
2946 4915 3224 4981 Stephano
3294 4911 3516 4963 Juniore
3565 4910 3696 4979 egit.
3736 4909 3996 4964 Similiter
4028 4923 4075 4965 et

2505 5007 2562 5061 S.
2613 5007 2856 5060 Andreas
2905 5008 2978 5073 (in
3016 5005 3177 5070 Crisi)
3213 5004 3449 5060 vinctus,
3494 5012 3876 5068 raptatusquc,
3912 5017 3941 5052 e
3975 5001 4072 5052 vita

2500 5102 2751 5156 excessit.
2790 5100 2855 5151 At
2885 5108 3104 5151 sanctus
3152 5095 3344 5147 Petrus
3379 5095 3466 5162 (de
3519 5093 3862 5156 Blachernis)
3891 5093 3942 5144 in
3967 5109 4074 5144 car-

2501 5212 2679 5248 cerem
2723 5194 2872 5261 prius
2902 5191 3199 5256 conjectus,
3229 5186 3426 5240 deinde
3471 5185 3723 5244 eductus,
3758 5184 3957 5236 tamdiu
3988 5184 4074 5236 ﬂa-

2504 5289 2654 5355 gellis
2692 5285 2940 5346 creditur,
2982 5283 3159 5335 donec
3209 5277 3460 5347 spiritum
3515 5275 3624 5327 Deo
3667 5276 3917 5330 tradidit.
3944 5277 4068 5330 xum

2502 5387 2679 5428 autem
2718 5375 2776 5428 S.
2805 5375 3047 5427 Andreas
3077 5370 3267 5439 Stylita
3305 5370 3409 5424 dici
3445 5366 3638 5435 possit.
3674 5367 3818 5422 infra
3852 5370 4069 5439 inquin-

2504 5483 2623 5522 mus
2675 5470 2744 5521 De
2774 5468 3029 5536 Calybitce
3076 5480 3204 5519 vero
3252 5461 3581 5530 cognomine
3611 5475 3740 5514 cum
3773 5463 3923 5533 plura
3955 5475 4071 5511 ron-

2574 5606 2681 5673 (Αὸ)
2713 5603 3060 5671 TlieOplian.,
3095 5614 3133 5656 t.
3175 5601 3211 5659 Ι.
3235 5598 3462 5673 _p._667.

2572 5671 2681 5739 (7N)
2719 5677 2873 5726 Attal.
2907 5673 3110 5733 Gra‘ca,
3140 5688 3191 5739 p.
3231 5671 3353 5728 507.

2574 5746 2680 5815 (t3)
2717 5744 2828 5798 Cfr.
2865 5755 2898 5798 t.
2935 5745 2975 5797 11
3006 5743 3170 5804 Junii,
3200 5757 3253 5795 ο.
3293 5741 3416 5806 788,
3453 5757 3508 5792 n.
3537 5742 3592 5795 ﬂ.
