4188 6432
174 433 330 493 1093
1303 414 1474 478 VlTA
1519 412 1577 474 s.
1621 415 1772 474 ΑΝο

1866 416 1946 474 LE
1993 415 2070 472 IN
2111 415 2336 474 CRISI.
3303 417 3435 482 1094

165 544 414 612 gesserit
474 539 764 594 Bollandus
814 537 876 590 ad
928 538 1068 589 diem
1126 550 1187 586 λι·
1237 527 1503 591 Januarii,
1548 529 1638 583 ubi
1695 530 1758 582 de
1798 559 1836 609 Α
1891 530 2098 589 Phoce.
2124 531 2206 585 cui
2242 545 2378 582 unus
2413 545 2582 582 annus
2609 531 2880 583 detractus
2907 542 2986 583 est
3016 531 3147 597 (10),
3184 536 3435 600 usquead

163 633 399 686 Joanne
437 632 698 700 Ca‘lybita,
727 631 856 682 satis
879 628 980 681 erit
1012 628 1096 679 hic
1117 625 1314 678 dixisse
1352 621 1480 676 illud
1511 636 1539 674 a
1569 622 1759 674 vocula
1870 639 2068 675 annum
2126 622 2372 673 ultimum
2428 620 2781 692 Coprouymi,
2811 621 2898 675 ubi
2947 636 3095 674 error
3128 625 3440 690 praecedens

170 713 448 792 Κοῖλύῆη,
487 738 604 791 qius
654 733 734 772 ast
799 720 1068 788 tugurium
1121 715 1424 783 signiﬁcat,
1471 713 1760 766 deductum

171 818 388 879 fuisse,
420 818 491 870 ita
537 826 591 868 ut
628 813 898 881 Calvbitcs
928 812 1011 863 ille
1045 811 1113 863 sit
1145 807 1236 875 qni
1275 810 1328 860 in
1368 806 1580 876 tugurio
1615 804 1764 857 babi-

172 919 291 963 tat.
325 909 491 974 Quam
525 916 668 960 recte
726 921 851 958 vero
902 902 955 956 S.
1004 902 1197 954 Petrus
1253 901 1354 952 hoc
1409 908 1766 967 cognomento

176 1003 524 1070 insigniatur
556 1016 716 1070 quem
757 1000 810 1052 S.
842 997 1150 1064 Stephanus
1184 993 1416 1062 appellat
1459 993 1560 1044 Τὸν
1599 993 1763 1054 ὅσιον,

175 1095 288 1142 τὸν
351 1094 407 1144 ὲν
465 1092 795 1161 Β).αχέρναις
848 1086 1342 1154 ἐγκεκλεισμένον,
1403 1084 1542 1136 sicut
1594 1083 1765 1150 ipsum

179 1183 248 1234 S.
301 1183 635 1252 Stephanum
691 1178 1053 1247 Theophanes
1107 1177 1284 1230 dicit:
1318 1175 1407 1226 τὸν
1455 1173 1768 1240 ἕγκλειστον

179 1273 328 1327 ὅντα
354 1278 432 1336 εἰς
478 1276 569 1325 τὸν
603 1274 754 1337 ἄγων
783 1272 1068 1334 Αὺξέντιον
1095 1269 1117 1337 (
1144 1267 1284 1335 quod
1327 1280 1521 1318 nomen
1570 1265 1770 1318 montis

180 1373 324 1429 esti,
360 1378 518 1418 nemo
545 1381 647 1416 non
682 1363 828 1415 videt
869 1361 980 1427 (16)

281 1454 359 1506 16.
416 1454 520 1506 Sed
574 1452 842 1520 quomodo
887 1450 1247 1519 Theophanes
1291 1450 1343 1500 in
1396 1449 1534 1500 hanc
1573 1447 1762 1500 confu-

184 1549 408 1599 sionem
442 1545 700 1596 devenit?
749 1542 856 1594 Nos
903 1542 1058 1594 aliam
1113 1555 1332 1594 causam
1368 1553 1476 1592 non
1521 1539 1772 1591 novimus

186 1638 302 1689 nisi
339 1636 479 1703 quod
514 1646 642 1689 tunc
675 1634 989 1686 adolescens
1017 1633 1176 1686 fuerit
1206 1631 1378 1692 valde,
1407 1640 1466 1682 ut
1502 1629 1614 1696 ipse
1647 1644 1772 1696 pro-

187 1728 281 1780 dit
313 1727 376 1778 ad
418 1727 479 1777 A.
512 1725 572 1776 C.
618 1724 720 1776 765
751 1724 873 1793 (ipsi
912 1738 1111 1774 annum
1153 1720 1335 1772 mundi
1369 1718 1530 1786 (59.55)
1561 1718 1685 1769 dum
1720 1717 1772 1767 in

188 1817 336 1870 mari
374 1816 540 1885 glacie
587 1815 882 1868 constricto
911 1829 1030 1865 cum
1083 1813 1266 1879 pueris
1299 1825 1354 1862 se
1405 1809 1596 1862 lusisse
1628 1824 1773 1860 com-

1867 729 2007 767 novo
2044 727 2227 767 errore
2262 713 2458 782 tegitur
2487 712 2625 779 (50),
2657 713 2738 766 vel
2771 728 2942 765 annos
2968 715 3149 766 mundi
3187 717 3266 766 vel
3298 715 3435 767 indi-

1867 805 2071 855 ctiones
2099 810 2359 869 perpetuo
2401 803 2729 867 claudicare,
2762 802 3009 870 idemque
3054 804 3118 859 de
3150 803 3439 872 TbeOpba—

1866 891 1951 943 nis
1996 894 2372 946 emendatione
2423 895 2714 961 Specialem
2761 895 3049 950 diatribam
3097 897 3264 952 edidit
3304 897 3437 966 (51),

1868 1000 1928 1037 ex
1956 989 2058 1052 qua
2087 984 2472 1052 Theophanem
2507 1003 2662 1040 suum
2692 987 2980 1055 plurimutn
3013 1002 3206 1042 ornare
3238 989 3442 1042 doctis-

1869 1077 1988 1130 simi
2025 1078 2259 1131 editores
2285 1077 2600 1132 Bonnenses
2627 1079 2740 1149 (ὅὲ)
2770 1081 3090 1148 potuissent.
3122 1078 3318 1132 Verum
3339 1080 3439 1132 hoc

1873 1171 1989 1224 loco
2025 1180 2206 1223 manet
2238 1172 2403 1223 altera
2435 1171 2522 1224 via
2548 1183 2799 1224 accurate
2832 1187 3009 1225 annos
3042 1174 3203 1225 modo
3232 1173 3439 1225 indica-

1871 1267 1954 1313 tos
2005 1261 2070 1312 ad
2129 1277 2290 1314 aerem
2350 1262 2622 1329 vulgarem
2685 1263 3020 1329 reducendi;
3083 1265 3442 1333 'l‘beOphanes

1873 1353 2014 1404 enim
2055 1352 2119 1406 ad
2149 1368 2352 1406 annum
2389 1353 2548 1418 6252,
2579 1355 2667 1422 qui
2705 1370 2903 1406 annum
2934 1358 3171 1426 martyrii
3209 1358 3349 1411 Petri
3375 1358 3441 1412 de

1875 1447 2191 1500 Blachernis
2250 1449 2561 1501 immediate
2595 1451 2889 1516 praecessit,
2924 1451 3172 1518 eclipsim
3205 1452 3438 1521 aliquam

1877 1539 2004 1591 solis
2036 1539 2447 1608 diligentissime
2480 1541 2762 1608 consignat
2788 1543 2870 1595 his
2909 1544 3107 1606 verbis,
3146 1558 3208 1595 ex
3241 1545 3444 1597 versio-

1877 1647 1944 1682 ne
1977 1629 2160 1683 Goari.
2223 1633 2533 1700 Apparente
2586 1632 2708 1685 solis
2746 1632 2961 1686 defectu
2991 1635 3193 1687 mensis
3218 1636 3440 1704 Augusti

1877 1724 1963 1776 die
1998 1723 2208 1776 decimo
2253 1725 2461 1792 quinto,
2512 1724 2640 1777 feria
2675 1737 2845 1789 sexta,
2879 1727 3009 1779 hora
3057 1727 3160 1779 diei
3212 1727 3440 1790 decima,

1881 1832 2024 1870 anno
2053 1817 2279 1885 proinde
2319 1816 2440 1880 760,
2485 1826 2540 1869 ut
2570 1831 2632 1869 ex
2661 1817 2855 1869 tabulis
2909 1818 3288 1871 astronotnicis
3318 1832 3444 1871 con-

193 1919 489 1960 memorat.
547 1907 604 1958 ln
665 1904 996 1956 monasterio
1052 1911 1300 1955 versatus
1348 1901 1457 1968 (17)
1504 1902 1690 1969 procul
1745 1917 1773 1955 a
1809 1921 1846 1973 Β
1878 1916 1982 1960 stat
2017 1908 2148 1976 (55).
2181 1905 2242 1958 Et
2273 1906 2395 1974 quia
2445 1922 2619 1960 annus
2653 1907 2836 1960 mundi
2865 1907 3002 1960 6253
3031 1906 3179 1976 Cpoli
3220 1909 3438 1984 incepit,

190 1998 378 2067 Cpoli,
413 1998 692 2065 diligenter
723 1995 962 2062 quidem,
1002 2002 1058 2046 ut
1096 1995 1144 2044 in
1181 2008 1278 2045 suo
1311 1993 1572 2062 prooemio
1610 2003 1775 2046 testa—

193 2099 294 2141 tur
330 2088 438 2152 (18)
472 2086 742 2139 volumina
782 2085 1013 2153 plurima
1058 2085 1405 2148 examinavit,
1441 2085 1532 2138 sed
1577 2085 1644 2138 de
1689 2101 1772 2138 re-

191 2179 455 2232 centibus
485 2190 589 2226 non
626 2175 816 2238 multa,
853 2185 909 2228 ut
958 2175 1209 2236 arbitror,
1243 2188 1533 2243 congerere
1566 2173 1773 2242 potuit;

192 2271 450 2334 sequitur
498 2266 548 2317 in
586 2267 670 2320 his
718 2267 1034 2337 plerumque
1084 2265 1414 2317 Breviarium
1462 2264 1774 2334 Nicephori,

192 2359 294 2424 qui
324 2358 512 2410 Pbotio
563 2357 820 2425 probatus
866 2358 1095 2426 scriptor
1125 2357 1344 2420 dicitur,
1374 2357 1466 2409 scd
1515 2357 1556 2410 is
1605 2357 1776 2412 histo-

194 2450 363 2511 riam,
393 2466 499 2503 non
538 2450 1028 2519 cbronographiam
1083 2459 1178 2503 aut
1224 2451 1448 2502 annales
1478 2451 1774 2504 contexuit.

194 2541 396 2594 Causis
429 2551 607 2595 autem
639 2543 839 2594 erroris
881 2542 1027 2594 illius
1053 2540 1396 2609 assignandis
1429 2542 1549 2595 ideo
1573 2543 1776 2595 diutius

197 2631 554 2693 inhaeremus,
605 2633 746 2701 quod
795 2633 848 2685 in
895 2633 1153 2701 martyrio
1204 2633 1258 2684 5.
1293 2631 1552 2700 Stephani
1595 2633 1778 2701 lapsus

199 2734 403 2777 iterum
435 2723 724 2776 nonnullos
761 2723 1060 2787 admiserit,
1090 2731 1146 2775 ut
1182 2721 1245 2774 ad
1280 2737 1445 2775 χχι-ιιι
1478 2720 1610 2778 Nov.
1646 2722 1778 2776 ube-

198 2815 321 2868 rius
349 2816 581 2868 dicetur.
626 2815 763 2879 Quid
816 2815 978 2884 igitur
1020 2814 1235 2875 mirum,
1268 2814 1394 2866 dum
1449 2813 1501 2866 in
1541 2813 1774 2876 Menais,

199 2908 262 2958 in
297 2905 610 2973 Menologiis
654 2907 972 2972 caeterisque
1021 2905 1171 2958 fastis
1213 2903 1415 2958 Graecis
1455 2905 1683 2957 Andreae
1716 2904 1777 2955 il-

200 2999 314 3050 lius
341 2996 592 3067 Calybila:
629 2997 956 3048 mentionem
985 2997 1436 3064 qualemcumque
1465 2995 1776 3064 diligentius

197 3092 634 3158 exquireremus,
669 3087 811 3140 nulla
845 3101 942 3140 nos
974 3103 1196 3155 usquam
1243 3089 1403 3154 hujus
1436 3088 1777 3156 cognominis

206 3181 436 3250 vestigia
469 3181 628 3233 obvia
675 3178 971 3232 habuisse?
999 3177 1468 3230 Commemoratur
1497 3189 1674 3230 tamen
1708 3180 1776 3231 ab

200 3273 456 3328 oumibus
490 3274 544 3324 5.
576 3272 815 3325 Andreas
839 3271 1133 3324 monachus
1167 3271 1265 3323 sub
1289 3269 1635 3340 Copronymo
1657 3284 1775 3338 pas-

203 3377 302 3412 sus
332 3371 384 3414 et
415 3362 729 3428 plerumque
754 3363 910 3413 verba
946 3363 995 3411 in
1018 3359 1156 3413 Crisi
1186 3372 1556 3428 apponuntur.
1580 3360 1776 3430 Depre-

207 3452 510 3503 henderant
536 3453 744 3504 scilicet
776 3451 943 3503 (Ξτωεὶ
974 3450 1232 3502 fastorum
1269 3453 1581 3516 scriptores,
1613 3468 1776 3520 quae:

207 3545 538 3612 Theophane
571 3543 934 3596 aﬂ'erebantur
970 3559 1090 3596 cum
1119 3543 1330 3596 caeteris
1363 3543 1706 3607 testimoniis,
1732 3545 1775 3598 si

210 3637 393 3689 minus
427 3637 832 3695 historicorum,
857 3646 910 3687 at
951 3641 1096 3688 certe
1132 3635 1615 3703 hagiographorum
1646 3650 1777 3689 con-

210 3737 358 3783 stare
398 3745 504 3780 non
547 3744 726 3795 posse,
759 3740 812 3782 et
844 3729 967 3780 ideo
999 3725 1328 3795 TheOpbane
1363 3726 1644 3785 derelicto,
1681 3725 1777 3794 Sy-

211 3821 428 3871 naxaria
462 3835 554 3870 sua
585 3821 762 3886 potius
795 3836 855 3871 ex
888 3819 1252 3885 Metaphraste
1281 3818 1468 3871 aliisve
1517 3819 1774 3870 Actorum

209 3908 594 3975 scriptoribus,
649 3917 703 3960 ut
759 3919 1011 3960 caiterutn
1057 3907 1370 3973 plerumque
1423 3922 1774 3970 consuevere,

213 4000 531 4066 depromere
558 3999 887 4051 maluerunt.
922 3997 1093 4049 Latini
1127 4012 1155 4049 e
1181 3997 1454 4050 contrario
1487 3997 1776 4065 Theopha-

214 4104 336 4141 nem
365 4098 455 4141 ant
491 4091 610 4158 ejus
641 4089 990 4156 interpretem
1018 4087 1236 4141 Paulum
1269 4087 1558 4140 Diacouum
1583 4087 1775 4148 secuti,

213 4178 339 4230 inde
369 4194 486 4248 quae
517 4194 544 4230 a
583 4181 758 4247 priore
794 4179 1017 4231 confusa
1052 4177 1269 4230 fuerant
1307 4178 1669 4231 retinuerunt.

283 4290 370 4342 17.
434 4288 500 4343 Ut
535 4298 712 4342 autem
762 4289 825 4340 ad
860 4289 1030 4357 ipsum
1084 4303 1281 4341 annum
1322 4287 1601 4355 utriusque
1633 4303 1772 4340 mar-

215 4381 361 4450 tyrii,
399 4382 539 4434 Petri
573 4397 767 4449 nempe
802 4391 855 4435 et
885 4379 1131 4443 Andreae,
1163 4382 1271 4445 jam
1307 4380 1664 4449 indagandum
1693 4397 1778 4434 ac-

213 4474 490 4535 cedamus,
543 4473 619 4526 sic
674 4470 1020 4541 Theophanis
1081 4473 1239 4525 verba
1287 4488 1435 4524 num.
1500 4474 1564 4525 M
1611 4474 1773 4525 relata

1878 2013 1940 2050 ex
1995 2013 2142 2051 more
2174 1997 2507 2058 Graecorum,
2537 2012 2720 2050 mense
2757 1996 3063 2067 Septembri
3114 1999 3238 2050 anni
3285 2000 3444 2069 760

1879 2099 1936 2144 ut
1983 2105 2155 2158 usque
2201 2090 2265 2143 ad
2317 2089 2689 2159 Septembrem
2747 2092 2873 2142 anni
2942 2090 3034 2143 761
3093 2092 3440 2152 decurreret,

1877 2181 2072 2236 exinde
2122 2181 2397 2248 probabile
2447 2182 2504 2234 fit
2541 2183 2596 2236 S.
2644 2180 2860 2234 Petrum
2907 2182 2972 2235 de
3011 2181 3320 2238 Blachernis
3355 2201 3443 2238 oc-

1878 2273 2047 2323 cisum
2087 2284 2206 2322 esse
2241 2270 2327 2323 die
2358 2287 2443 2322 xvi
2479 2271 2597 2322 Maii
2626 2271 2752 2327 dicti
2797 2274 2924 2323 anni
2957 2272 3075 2324 761.
3105 2272 3248 2325 Diem
3293 2275 3439 2327 illum

1877 2364 2021 2416 enim
2090 2365 2326 2432 assignat
2401 2364 2812 2432 antiquissimus
2892 2364 3267 2432 Synaxaristes
3341 2364 3439 2418 Ms.

1878 2471 2035 2524 quem
2064 2453 2469 2523 Papebrochius
2499 2469 2528 2505 a
2564 2454 2833 2507 Chimetio
2896 2464 3082 2507 nostro
3131 2456 3179 2506 in
3220 2456 3447 2524 collegio

1881 2548 2190 2603 Divionensi
2227 2547 2636 2601 exscribendum
2668 2547 2896 2614 accepit.

1949 2643 2036 2696 18.
2075 2646 2264 2694 Annus
2297 2641 2535 2709 martyrii
2583 2644 2638 2695 5.
2700 2643 2932 2696 Andreae
2989 2643 3039 2695 in
3083 2643 3217 2696 Crisi
3269 2644 3442 2709 dupli-

1879 2734 2013 2786 citer
2047 2732 2246 2799 inquiri
2309 2746 2372 2783 ac
2428 2731 2589 2784 statui
2644 2741 2842 2798 potest.
2884 2731 3094 2785 Primus
3143 2735 3333 2786 modus
3362 2744 3443 2787 est

1878 2825 1976 2879 iste
2033 2842 2045 2877 :
2110 2823 2411 2876 Memorant
2467 2821 2804 2890 Nicephorus
2863 2824 2974 2892 iiii)
3039 2834 3093 2877 et
3157 2825 3443 2893 Theopha-

1879 2934 1976 2971 nes
2008 2918 2120 2986 (55)
2156 2915 2328 2968 varias
2349 2914 2673 2984 Copronymi
2711 2916 3086 2983 expeditiones
3127 2916 3446 2985 plerumque

1880 3010 2061 3063 felices
2088 3010 2137 3062 in
2179 3008 2448 3074 Bulgaros,
2479 3017 2531 3060 at
2553 3023 2708 3076 quam
2732 3008 3024 3061 iudieiione
3053 3019 3239 3078 quarta
3264 3025 3449 3066 mense

1861 3102 2133 3156 Januario
2186 3102 2443 3167 suscepit,
2499 3116 2641 3151 anno
2676 3101 2929 3152 nimirum
2988 3101 3106 3164 766,
3141 3104 3330 3155 iisdem
3368 3109 3446 3155 te-

1882 3192 2053 3245 stibus
2104 3189 2472 3242 infelicissima
2525 3188 2660 3251 fuit;
2699 3204 2762 3241 ex
2810 3205 2911 3258 qua
2965 3205 3159 3260 nempe
3216 3192 3445 3261 turpiter

1881 3277 2230 3331 inenseJulin
2269 3293 2519 3331 reversus
2545 3289 2647 3342 est,
2699 3294 2760 3331 ac
2793 3278 2973 3332 furore
3008 3281 3238 3349 quodam
3264 3298 3448 3336 corre-

1880 3379 2025 3437 ptus,
2060 3372 2277 3422 savitia:
2314 3369 2366 3420 in
2404 3371 2698 3423 monachos
2729 3386 2792 3423 ac
2818 3382 3124 3424 sanctarum
3151 3375 3446 3444 imaginum

1880 3462 2113 3515 cultores
2148 3461 2434 3529 tragtedias
2485 3461 2644 3514 cdere
2672 3462 2854 3530 coepit.
2902 3462 3098 3516 Eadem
3155 3465 3449 3520 indictione

1874 3553 2240 3622 juramentum
2273 3552 2339 3605 ab
2371 3553 2625 3604 omnibus
2677 3553 2912 3606 subditis
2943 3556 3189 3623 exegisse
3227 3557 3442 3619 dicitur,

1879 3661 1984 3711 quo
2017 3643 2423 3698 venerationem
2484 3641 2808 3710 imaginibus
2839 3642 2891 3694 in
2934 3654 3210 3711 posterum
3248 3661 3305 3698 se
3339 3660 3445 3698 non

1877 3734 2215 3786 exhibituros
2260 3747 2378 3785 esse
2410 3735 2760 3799 Spondercnt.
2801 3733 2967 3786 Porro
2989 3736 3100 3787 haec
3149 3737 3359 3806 singula
3393 3739 3444 3790 in

1878 3826 2026 3881 Actis
2058 3825 2260 3878 nostris
2295 3824 2537 3892 utrisque
2588 3824 2913 3893 reperimus.
2963 3824 3038 3878 lbi
3094 3827 3195 3879 sub
3232 3843 3376 3879 num.
3415 3832 3448 3882 8

1880 3922 1993 3987 ipse
2045 3918 2419 3985 Copronyinus
2469 3918 2600 3970 dicit
2652 3934 2708 3972 se
2773 3920 3050 3972 decretum
3104 3921 3293 3972 tulisse
3342 3937 3450 3989 quo

1880 4011 2150 4083 plectendi
2191 4019 2338 4074 sunt,
2374 4010 2684 4078 quicunque
2711 4011 2972 4079 imagines
3026 4022 3443 4067 venerarentur.

1881 4106 2013 4159 Dein
2043 4119 2196 4157 num.
2234 4103 2296 4156 10
2327 4103 2569 4172 arguitur
2598 4118 2625 4155 a
2656 4104 2712 4155 S.
2745 4105 2955 4155 Andrca
2989 4105 3130 4170 quod
3171 4104 3363 4156 bellum
3392 4106 3443 4156 in

1881 4198 2146 4251 Barbaros
2187 4197 2500 4264 ordinisque
2545 4196 2744 4264 politici
2793 4196 3314 4249 administrationem
3347 4212 3442 4249 ne-

1878 4288 2127 4360 glexerit,
2165 4303 2226 4341 ac
2266 4288 2556 4355 superbum
2600 4287 2837 4338 animum
2891 4289 2940 4338 in
2989 4288 3320 4341 Christianos
3354 4289 3448 4341 de-

1880 4392 2181 4435 monstrare
2242 4380 2510 4433 statuerit.
2563 4378 2826 4431 Praeterea
2864 4392 3015 4429 num.
3046 4376 3077 4429 6
3125 4386 3177 4430 et
3222 4377 3272 4440 7,
3319 4381 3444 4433 dum

1881 4474 1937 4528 S.
1976 4476 2215 4526 Andreas
2273 4475 2506 4538 primum
2565 4486 2743 4525 coram
2810 4470 3137 4536 imperatore
3172 4472 3442 4538 apparuit,

212 4572 606 4631 consequenter
637 4563 700 4614 ad
739 4563 879 4614 dicta
912 4563 1333 4630 interpretamur
1367 4581 1378 4614 :
1413 4563 1568 4615 Anno
1589 4562 1772 4615 mundi
1809 4590 1850 4645 η
1880 4563 2178 4631 permultos
2214 4565 2416 4616 invenit
2448 4562 2730 4630 quaestioni
2781 4561 3074 4629 subjectos,
3125 4561 3308 4615 nervis
3350 4563 3444 4615 bu-

212 4651 372 4712 6255.
406 4669 498 4706 seu
535 4654 594 4706 2|
632 4652 952 4721 Copronvmi
1013 4653 1237 4724 contigit
1286 4655 1623 4723 martyrium,
1666 4667 1775 4708 non

216 4756 273 4795 ut
305 4743 665 4812 Theophanes
711 4744 919 4808 scribit,
969 4745 1196 4795 Andreas
1243 4741 1498 4812 Calybita:
1554 4745 1604 4794 in
1655 4743 1774 4794 Bla-

213 4836 456 4896 cbcrnis,
494 4836 586 4887 scd
622 4833 765 4886 Petri
798 4835 1051 4904 Calybitce
1079 4835 1129 4887 in
1166 4834 1514 4899 Blachcruis;
1549 4847 1601 4888 et
1631 4851 1772 4888 anno

214 4927 400 4979 mundi
439 4926 595 4988 6259,
633 4925 956 4993 (iolironymi
1010 4936 1186 4978 autem
1217 4927 1307 4990 9.7,
1353 4927 1667 4995 martyrium
1721 4929 1772 4978 in

212 5018 534 5086 quibusdam
578 5017 771 5077 simile,
807 5024 896 5068 scd
927 5017 1191 5069 diversam
1249 5028 1475 5069 mortem
1512 5027 1564 5070 et
1595 5018 1775 5085 sepul-

216 5117 390 5164 turam
424 5123 614 5164 nactus
645 5123 728 5166 est
772 5115 828 5166 5.
859 5114 1122 5173 Andreas,
1156 5115 1241 5182 qui
1275 5130 1298 5166 a
1333 5113 1626 5180 sepultura:
1656 5115 1773 5168 loco

212 5206 386 5258 dictus
423 5214 503 5255 est
533 5204 583 5255 in
609 5204 766 5256 (li-isi.
804 5206 871 5257 De
900 5211 1056 5258 annis
1083 5222 1110 5256 a
1134 5206 1462 5272 'l'beopbaue
1491 5206 1773 5275 assignatis

211 5298 529 5366 jamdudum
592 5296 962 5350 Henschcuius
1038 5300 1340 5351 adverterat
1422 5297 1488 5352 ab
1546 5299 1773 5364 imperio

291 5429 398 5492 (16)
435 5427 1000 5496 'l'heOph.tLhrOiiogr.
1038 5428 1173 5481 Edit.
1203 5428 1396 5496 Bonn.,
1433 5435 1468 5481 ι.
1507 5428 1544 5492 l,
1571 5442 1624 5494 p.
1648 5425 1770 5480 674.

293 5500 402 5582 ΞΗ)
439 5499 494 5550 in
518 5501 644 5618 {jus
672 5497 807 5560 Vita,
845 5512 881 5552 ι.
920 5495 1185 5565 1⁷10131111,
1214 5515 1262 5566 p.
1297 5495 1421 5554 290.
1461 5516 1513 5549 u.
1552 5499 1611 5549 14
1644 5507 1766 5569 etp.

300 5583 340 5618 t.
380 5580 491 5618 ιιυι.
537 5583 568 5618 ’.

213 5568 340 5623 ‘2I7‘.
380 5580 491 5619 not.
518 5568 568 5619 βε.

289 5641 399 5706 (48)
428 5639 550 5690 Luc.
587 5642 706 5701 cit.,
740 5655 792 5706 p.
830 5641 880 5691 5.

292 5710 404 5780 itii)
436 5707 502 5780 _'l'.
532 5707 596 5761 Ill
629 5710 821 5772 Martii,
847 5725 902 5780 p.
936 5709 1052 5776 Viti,
1088 5728 1141 5762 n.
1175 5711 1254 5762 17.

289 5776 399 5843 (50)
433 5778 589 5847 lbitl.,
629 5796 681 5847 p.
722 5796 793 5843 is,
827 5776 883 5832 ιῐ.
915 5781 994 5832 18.

283 5849 402 5910 (51)
429 5846 588 5912 lbid.,
617 5846 664 5915 p.
701 5869 735 5905 t.

1879 4653 2023 4708 bulis
2044 4667 2234 4714 caesos,
2273 4653 2552 4704 oculorum
2595 4651 2883 4702 eilbssione
2914 4653 3200 4713 cruciatos,
3235 4654 3443 4719 aliaque

1879 4745 2072 4798 similia
2104 4757 2310 4812 passos,
2345 4757 2461 4811 quae
2489 4757 2515 4792 a
2556 4741 2768 4794 duobus
2793 4741 3061 4809 praedictis
3091 4744 3445 4808 scriptoribus

1877 4846 2002 4889 ante
2046 4835 2399 4887 indictionem
2453 4843 2695 4899 quartam
2751 4848 3013 4899 nusquam
3071 4846 3438 4899 recensentur,

1877 4927 1969 4980 sed
1995 4941 2053 4978 ea
2077 4926 2370 4978 iudiCtione
2395 4924 2581 4976 iisdem
2603 4937 2739 4992 pene
2791 4923 2970 4976 verbis
2998 4924 3266 4993 descripta
3292 4936 3438 4986 sunt,

1879 5018 1953 5070 liti
1985 5027 2037 5068 et
2067 5017 2324 5083 deinceps
2357 5015 2556 5083 pluries
2590 5013 2719 5082 (56).
2755 5015 2827 5065 Ex
2862 5014 2946 5065 bis
2976 5015 3138 5080 igitur
3165 5027 3307 5067 recte
3329 5028 3439 5068 sta-

1879 5115 2078 5164 tuimus
2113 5119 2234 5162 ante
2298 5108 2649 5160 indictionem
2689 5106 2828 5157 illam
2861 5106 2934 5168 id,
2980 5118 3063 5159 est
3088 5117 3210 5159 ante
3239 5120 3441 5160 annum

1879 5204 1978 5257 766
2014 5203 2068 5257 5.
2099 5203 2326 5255 Andrea:
2358 5198 2668 5266 martyrium
2702 5213 2808 5249 non
2836 5198 3144 5267 contigisse.

1948 5296 2031 5350 19.
2074 5295 2224 5346 Alter
2280 5292 2489 5355 modus,
2537 5308 2640 5358 quo
2687 5291 2920 5359 pressius
2956 5306 3155 5343 annum
3202 5291 3440 5361 martyrii

1946 5429 2056 5498 (59.)
2088 5425 2442 5498 TheOphanis
2462 5421 2899 5498 tlhronographia
2918 5438 2977 5474 ex
3015 5421 3330 5478 recensione
3351 5422 3434 5479 Jo.

1875 5495 2136 5553 Clzisscni.
2172 5497 2368 5549 Bmth
2396 5495 2552 5548 1859.

1948 5569 2059 5635 (55)
2096 5571 2190 5618 Art
2219 5571 2282 5618 de
2316 5565 2472 5618 ve'rit'.
2501 5569 2576 5618 les
2597 5565 2769 5625 dates,
2796 5563 2925 5616 édit.
2953 5565 3104 5635 l785,
3139 5573 3175 5616 t.
3206 5564 3247 5625 l,
3273 5578 3321 5630 p.
3353 5561 3441 5615 66..

1948 5634 2057 5706 (54)
2097 5636 2153 5688 5.
2207 5636 2492 5704 Ncephori
2556 5635 2699 5686 l’atr.
2742 5635 2895 5701 Cpol.
2949 5634 3282 5697 Breviarum,
3334 5639 3440 5686 etc.

1877 5711 2020 5765 fidit.
2052 5706 2250 5770 Bono,
2273 5721 2325 5773 p.
2351 5708 2413 5758 77
2449 5714 2502 5756 et
2529 5720 2676 5772 seqq.

1945 5779 2056 5846 (55)
2091 5777 2218 5829 Loc.
2256 5779 2372 5836 cit.,
2407 5785 2444 5826 t.
2477 5774 2515 5833 l,
2544 5789 2599 5846 p.
2625 5774 2748 5846 69f.

1950 5843 2059 5919 (56)
2093 5847 2437 5915 'l‘heophan.,
2477 5856 2513 5898 t.
2542 5844 2578 5908 Ι,
2619 5859 2671 5911 p.
2707 5843 2806 5898 677
2844 5851 2896 5897 et
2937 5857 3087 5910 seqq.
