  <div class='ocr_page' id='page_1' title='image "/cluster/home/n/w/nwhite01/storage/ocr_20150623/115/nnc1.0046980261/565.png"; bbox 0 0 4188 6432; ppageno 0'>
   <div class='ocr_carea' id='block_1_1' title="bbox 762 386 895 448">
    <p class='ocr_par' dir='ltr' id='par_1_1' title="bbox 762 386 895 448">
     <span class='ocr_line' id='line_1_1' title="bbox 762 386 895 448; baseline 0 -1"><span class='ocrx_word' id='word_1_1' title='bbox 762 386 895 448; x_wconf 81' lang='lat'><strong>1095</strong></span> 
     </span>
    </p>
   </div>
   <div class='ocr_carea' id='block_1_2' title="bbox 2039 374 2722 437">
    <p class='ocr_par' dir='ltr' id='par_1_2' title="bbox 2039 374 2722 437">
     <span class='ocr_line' id='line_1_2' title="bbox 2039 374 2722 437; baseline -0.003 -1"><span class='ocrx_word' id='word_1_2' title='bbox 2039 378 2317 437; x_wconf 79' lang='lat' dir='ltr'><strong>MENSIS</strong></span> <span class='ocrx_word' id='word_1_3' title='bbox 2357 374 2722 437; x_wconf 79' lang='lat' dir='ltr'><strong>OCTOBER.</strong></span> 
     </span>
    </p>
   </div>
   <div class='ocr_carea' id='block_1_3' title="bbox 3899 370 4046 434">
    <p class='ocr_par' dir='ltr' id='par_1_3' title="bbox 3899 370 4046 434">
     <span class='ocr_line' id='line_1_3' title="bbox 3899 370 4046 434; baseline 0 -4"><span class='ocrx_word' id='word_1_4' title='bbox 3899 370 4046 434; x_wconf 73' lang='lat'><strong>1096</strong></span> 
     </span>
    </p>
   </div>
   <div class='ocr_carea' id='block_1_4' title="bbox 759 479 4046 557">
    <p class='ocr_par' dir='ltr' id='par_1_4' title="bbox 759 479 4046 557">
     <span class='ocr_line' id='line_1_4' title="bbox 759 479 4046 557; baseline -0.003 -9"><span class='ocrx_word' id='word_1_5' title='bbox 759 497 813 548; x_wconf 80' lang='lat' dir='ltr'><strong>S.</strong></span> <span class='ocrx_word' id='word_1_6' title='bbox 853 494 1081 548; x_wconf 66' lang='lat' dir='ltr'><strong>Andreae</strong></span> <span class='ocrx_word' id='word_1_7' title='bbox 1109 491 1539 546; x_wconf 85' lang='lat' dir='ltr'><strong>determinamus</strong></span> <span class='ocrx_word' id='word_1_8' title='bbox 1575 490 1662 544; x_wconf 87' lang='lat' dir='ltr'><strong>hic</strong></span> <span class='ocrx_word' id='word_1_9' title='bbox 1693 499 1776 544; x_wconf 87' lang='lat' dir='ltr'><strong>est</strong></span> <span class='ocrx_word' id='word_1_10' title='bbox 1816 487 2223 557; x_wconf 85' lang='lat' dir='ltr'><strong>:Theophanes</strong></span> <span class='ocrx_word' id='word_1_11' title='bbox 2265 484 2329 537; x_wconf 83' lang='lat' dir='ltr'><strong>ad</strong></span> <span class='ocrx_word' id='word_1_12' title='bbox 2359 493 2404 551; x_wconf 77' lang='grc' dir='ltr'><strong>Α</strong></span> <span class='ocrx_word' id='word_1_13' title='bbox 2435 481 2831 537; x_wconf 82' lang='lat' dir='ltr'><strong>Grammaticus</strong></span> <span class='ocrx_word' id='word_1_14' title='bbox 2883 479 3102 542; x_wconf 85' lang='lat' dir='ltr'><strong>Suidas.</strong></span> <span class='ocrx_word' id='word_1_15' title='bbox 3139 481 3357 534; x_wconf 87' lang='lat' dir='ltr'><strong>tradunt</strong></span> <span class='ocrx_word' id='word_1_16' title='bbox 3409 481 3472 536; x_wconf 87' lang='lat' dir='ltr'><strong>ad</strong></span> <span class='ocrx_word' id='word_1_17' title='bbox 3526 484 3714 538; x_wconf 82' lang='lat' dir='ltr'><strong>Divum</strong></span> <span class='ocrx_word' id='word_1_18' title='bbox 3779 483 4046 538; x_wconf 80' lang='lat' dir='ltr'><strong>Maman—</strong></span> 
     </span>
    </p>
   </div>
   <div class='ocr_carea' id='block_1_5' title="bbox 759 578 2329 643">
    <p class='ocr_par' dir='ltr' id='par_1_5' title="bbox 759 578 2329 643">
     <span class='ocr_line' id='line_1_5' title="bbox 759 578 2329 643; baseline -0.007 -3"><span class='ocrx_word' id='word_1_19' title='bbox 759 604 956 641; x_wconf 84' lang='lat' dir='ltr'><strong>annum</strong></span> <span class='ocrx_word' id='word_1_20' title='bbox 988 586 1125 640; x_wconf 80' lang='lat'><strong>6259</strong></span> <span class='ocrx_word' id='word_1_21' title='bbox 1153 602 1273 638; x_wconf 67' lang='lat' dir='ltr'><strong>tera:</strong></span> <span class='ocrx_word' id='word_1_22' title='bbox 1306 582 1612 643; x_wconf 75' lang='lat' dir='ltr'><strong>mundanae,</strong></span> <span class='ocrx_word' id='word_1_23' title='bbox 1645 593 1702 634; x_wconf 88' lang='lat' dir='ltr'><strong>ut</strong></span> <span class='ocrx_word' id='word_1_24' title='bbox 1732 582 1933 634; x_wconf 89' lang='lat' dir='ltr'><strong>dictum</strong></span> <span class='ocrx_word' id='word_1_25' title='bbox 1970 591 2053 635; x_wconf 72' lang='grc' dir='ltr'><strong>ρει</strong></span> <span class='ocrx_word' id='word_1_26' title='bbox 2083 592 2234 631; x_wconf 87' lang='lat' dir='ltr'><strong>num.</strong></span> <span class='ocrx_word' id='word_1_27' title='bbox 2269 578 2329 629; x_wconf 76' lang='grc' dir='ltr'>Μ</span> 
     </span>
    </p>
   </div>
   <div class='ocr_carea' id='block_1_6' title="bbox 759 670 2330 748">
    <p class='ocr_par' dir='ltr' id='par_1_6' title="bbox 759 670 2330 748">
     <span class='ocr_line' id='line_1_6' title="bbox 759 670 2330 748; baseline -0.007 -15"><span class='ocrx_word' id='word_1_28' title='bbox 759 690 810 733; x_wconf 77' lang='lat' dir='ltr'><strong>et</strong></span> <span class='ocrx_word' id='word_1_29' title='bbox 847 680 932 741; x_wconf 85' lang='grc'><strong>17,</strong></span> <span class='ocrx_word' id='word_1_30' title='bbox 971 679 1287 748; x_wconf 85' lang='lat' dir='ltr'><strong>martyrium</strong></span> <span class='ocrx_word' id='word_1_31' title='bbox 1342 672 1396 728; x_wconf 88' lang='lat' dir='ltr'><strong>S.</strong></span> <span class='ocrx_word' id='word_1_32' title='bbox 1447 675 1589 728; x_wconf 87' lang='lat' dir='ltr'><strong>Petri</strong></span> <span class='ocrx_word' id='word_1_33' title='bbox 1633 675 1824 743; x_wconf 61' lang='lat' dir='ltr'><strong>stylitze</strong></span> <span class='ocrx_word' id='word_1_34' title='bbox 1855 689 1979 726; x_wconf 89' lang='lat' dir='ltr'><strong>cum</strong></span> <span class='ocrx_word' id='word_1_35' title='bbox 2026 670 2080 724; x_wconf 88' lang='lat' dir='ltr'><strong>S.</strong></span> <span class='ocrx_word' id='word_1_36' title='bbox 2115 671 2330 724; x_wconf 81' lang='lat' dir='ltr'><strong>Andrea</strong></span> 
     </span>
    </p>
   </div>
   <div class='ocr_carea' id='block_1_7' title="bbox 756 764 2328 831">
    <p class='ocr_par' dir='ltr' id='par_1_7' title="bbox 756 764 2328 831">
     <span class='ocr_line' id='line_1_7' title="bbox 756 764 2328 831; baseline -0.008 -6"><span class='ocrx_word' id='word_1_37' title='bbox 756 769 1098 831; x_wconf 88' lang='lat' dir='ltr'><strong>commutati,</strong></span> <span class='ocrx_word' id='word_1_38' title='bbox 1133 773 1561 829; x_wconf 89' lang='lat' dir='ltr'><strong>commemorat;</strong></span> <span class='ocrx_word' id='word_1_39' title='bbox 1595 765 1692 818; x_wconf 93' lang='lat' dir='ltr'><strong>sed</strong></span> <span class='ocrx_word' id='word_1_40' title='bbox 1745 765 1808 816; x_wconf 83' lang='lat' dir='ltr'><strong>ad</strong></span> <span class='ocrx_word' id='word_1_41' title='bbox 1837 764 2087 816; x_wconf 88' lang='lat' dir='ltr'><strong>eumdem</strong></span> <span class='ocrx_word' id='word_1_42' title='bbox 2128 776 2328 814; x_wconf 87' lang='lat' dir='ltr'><strong>annum</strong></span> 
     </span>
    </p>
   </div>
   <div class='ocr_carea' id='block_1_8' title="bbox 757 853 2332 926">
    <p class='ocr_par' dir='ltr' id='par_1_8' title="bbox 757 853 2332 926">
     <span class='ocr_line' id='line_1_8' title="bbox 757 853 2332 926; baseline -0.008 -12"><span class='ocrx_word' id='word_1_43' title='bbox 757 863 916 915; x_wconf 83' lang='lat' dir='ltr'><strong>etiam</strong></span> <span class='ocrx_word' id='word_1_44' title='bbox 953 859 1307 912; x_wconf 82' lang='lat' dir='ltr'><strong>in’dictioneut</strong></span> <span class='ocrx_word' id='word_1_45' title='bbox 1343 857 1602 926; x_wconf 82' lang='lat' dir='ltr'><strong>signavit,</strong></span> <span class='ocrx_word' id='word_1_46' title='bbox 1644 854 1788 923; x_wconf 85' lang='lat' dir='ltr'><strong>quod</strong></span> <span class='ocrx_word' id='word_1_47' title='bbox 1845 855 1976 906; x_wconf 88' lang='lat' dir='ltr'><strong>satis</strong></span> <span class='ocrx_word' id='word_1_48' title='bbox 2017 853 2332 921; x_wconf 84' lang='lat' dir='ltr'><strong>frequenter</strong></span> 
     </span>
    </p>
   </div>
   <div class='ocr_carea' id='block_1_9' title="bbox 757 941 2332 1021">
    <p class='ocr_par' dir='ltr' id='par_1_9' title="bbox 757 941 2332 1021">
     <span class='ocr_line' id='line_1_9' title="bbox 757 941 2332 1021; baseline -0.006 -17"><span class='ocrx_word' id='word_1_49' title='bbox 757 954 973 1021; x_wconf 89' lang='lat' dir='ltr'><strong>quidem</strong></span> <span class='ocrx_word' id='word_1_50' title='bbox 1001 951 1150 1015; x_wconf 78' lang='lat' dir='ltr'><strong>facit,</strong></span> <span class='ocrx_word' id='word_1_51' title='bbox 1179 967 1284 1002; x_wconf 92' lang='lat' dir='ltr'><strong>nou</strong></span> <span class='ocrx_word' id='word_1_52' title='bbox 1326 960 1504 1003; x_wconf 88' lang='lat' dir='ltr'><strong>tamen</strong></span> <span class='ocrx_word' id='word_1_53' title='bbox 1555 947 1778 1015; x_wconf 89' lang='lat' dir='ltr'><strong>ubique.</strong></span> <span class='ocrx_word' id='word_1_54' title='bbox 1809 945 2037 1010; x_wconf 82' lang='lat' dir='ltr'><strong>Quando</strong></span> <span class='ocrx_word' id='word_1_55' title='bbox 2067 957 2246 996; x_wconf 88' lang='lat' dir='ltr'><strong>autem</strong></span> <span class='ocrx_word' id='word_1_56' title='bbox 2282 941 2332 995; x_wconf 88' lang='lat' dir='ltr'><strong>id</strong></span> 
     </span>
    </p>
   </div>
   <div class='ocr_carea' id='block_1_10' title="bbox 758 1035 2332 1113">
    <p class='ocr_par' dir='ltr' id='par_1_10' title="bbox 758 1035 2332 1113">
     <span class='ocr_line' id='line_1_10' title="bbox 758 1035 2332 1113; baseline -0.009 -15"><span class='ocrx_word' id='word_1_57' title='bbox 758 1045 905 1098; x_wconf 85' lang='lat' dir='ltr'><strong>facit.</strong></span> <span class='ocrx_word' id='word_1_58' title='bbox 941 1044 1132 1113; x_wconf 81' lang='lat' dir='ltr'><strong>Pagius</strong></span> <span class='ocrx_word' id='word_1_59' title='bbox 1157 1044 1353 1110; x_wconf 79' lang='lat' dir='ltr'><strong>aliique</strong></span> <span class='ocrx_word' id='word_1_60' title='bbox 1388 1042 1689 1112; x_wconf 78' lang='lat' dir='ltr'><strong>gravissimi</strong></span> <span class='ocrx_word' id='word_1_61' title='bbox 1743 1042 2038 1110; x_wconf 84' lang='lat' dir='ltr'><strong>scriptores</strong></span> <span class='ocrx_word' id='word_1_62' title='bbox 2097 1051 2204 1088; x_wconf 86' lang='lat' dir='ltr'><strong>non</strong></span> <span class='ocrx_word' id='word_1_63' title='bbox 2232 1035 2332 1086; x_wconf 83' lang='lat' dir='ltr'><strong>du-</strong></span> 
     </span>
    </p>
   </div>
   <div class='ocr_carea' id='block_1_11' title="bbox 759 1125 2330 1200">
    <p class='ocr_par' dir='ltr' id='par_1_11' title="bbox 759 1125 2330 1200">
     <span class='ocr_line' id='line_1_11' title="bbox 759 1125 2330 1200; baseline -0.006 -12"><span class='ocrx_word' id='word_1_64' title='bbox 759 1136 934 1188; x_wconf 95' lang='lat' dir='ltr'><strong>bitant</strong></span> <span class='ocrx_word' id='word_1_65' title='bbox 971 1135 1324 1186; x_wconf 85' lang='lat' dir='ltr'><strong>indictioncm</strong></span> <span class='ocrx_word' id='word_1_66' title='bbox 1361 1148 1468 1200; x_wconf 68' lang='lat' dir='ltr'><strong>prae</strong></span> <span class='ocrx_word' id='word_1_67' title='bbox 1510 1146 1615 1184; x_wconf 75' lang='lat' dir='ltr'><strong>aera</strong></span> <span class='ocrx_word' id='word_1_68' title='bbox 1643 1131 1984 1184; x_wconf 83' lang='lat' dir='ltr'><strong>Antiochena</strong></span> <span class='ocrx_word' id='word_1_69' title='bbox 2023 1125 2330 1189; x_wconf 76' lang='lat' dir='ltr'><strong>admittere,</strong></span> 
     </span>
    </p>
   </div>
   <div class='ocr_carea' id='block_1_12' title="bbox 760 1223 2330 1294">
    <p class='ocr_par' dir='ltr' id='par_1_12' title="bbox 760 1223 2330 1294">
     <span class='ocr_line' id='line_1_12' title="bbox 760 1223 2330 1294; baseline -0.005 -18"><span class='ocrx_word' id='word_1_70' title='bbox 760 1243 863 1293; x_wconf 87' lang='lat' dir='ltr'><strong>qua</strong></span> <span class='ocrx_word' id='word_1_71' title='bbox 900 1226 1267 1294; x_wconf 77' lang='lat' dir='ltr'><strong>Theophanes</strong></span> <span class='ocrx_word' id='word_1_72' title='bbox 1305 1227 1492 1287; x_wconf 86' lang='lat' dir='ltr'><strong>utitur,</strong></span> <span class='ocrx_word' id='word_1_73' title='bbox 1522 1226 1649 1278; x_wconf 90' lang='lat' dir='ltr'><strong>licet</strong></span> <span class='ocrx_word' id='word_1_74' title='bbox 1697 1223 2018 1294; x_wconf 87' lang='lat' dir='ltr'><strong>profiteatur</strong></span> <span class='ocrx_word' id='word_1_75' title='bbox 2061 1235 2117 1272; x_wconf 90' lang='lat' dir='ltr'><strong>se</strong></span> <span class='ocrx_word' id='word_1_76' title='bbox 2170 1233 2330 1270; x_wconf 68' lang='lat' dir='ltr'><strong>ueram</strong></span> 
     </span>
    </p>
   </div>
   <div class='ocr_carea' id='block_1_13' title="bbox 757 1314 2331 1385">
    <p class='ocr_par' dir='ltr' id='par_1_13' title="bbox 757 1314 2331 1385">
     <span class='ocr_line' id='line_1_13' title="bbox 757 1314 2331 1385; baseline -0.006 -16"><span class='ocrx_word' id='word_1_77' title='bbox 757 1316 883 1369; x_wconf 80' lang='lat' dir='ltr'><strong>Julii</strong></span> <span class='ocrx_word' id='word_1_78' title='bbox 913 1314 1149 1370; x_wconf 80' lang='lat' dir='ltr'><strong>Africani</strong></span> <span class='ocrx_word' id='word_1_79' title='bbox 1183 1316 1596 1385; x_wconf 65' lang='lat' dir='ltr'><strong>adhiberet57).</strong></span> <span class='ocrx_word' id='word_1_80' title='bbox 1631 1315 1755 1367; x_wconf 78' lang='lat' dir='ltr'><strong>Mihi</strong></span> <span class='ocrx_word' id='word_1_81' title='bbox 1786 1325 1962 1367; x_wconf 88' lang='lat' dir='ltr'><strong>tamen</strong></span> <span class='ocrx_word' id='word_1_82' title='bbox 1995 1322 2331 1379; x_wconf 87' lang='lat' dir='ltr'><strong>compertum</strong></span> 
     </span>
    </p>
   </div>
   <div class='ocr_carea' id='block_1_14' title="bbox 758 1400 2333 1477">
    <p class='ocr_par' dir='ltr' id='par_1_14' title="bbox 758 1400 2333 1477">
     <span class='ocr_line' id='line_1_14' title="bbox 758 1400 2333 1477; baseline -0.008 -13"><span class='ocrx_word' id='word_1_83' title='bbox 758 1419 842 1464; x_wconf 88' lang='lat' dir='ltr'><strong>est</strong></span> <span class='ocrx_word' id='word_1_84' title='bbox 872 1425 1031 1461; x_wconf 72' lang='lat' dir='ltr'><strong>aet-am</strong></span> <span class='ocrx_word' id='word_1_85' title='bbox 1058 1410 1344 1476; x_wconf 74' lang='lat' dir='ltr'><strong>aliquoties</strong></span> <span class='ocrx_word' id='word_1_86' title='bbox 1377 1419 1519 1461; x_wconf 87' lang='lat' dir='ltr'><strong>recte</strong></span> <span class='ocrx_word' id='word_1_87' title='bbox 1547 1407 1797 1477; x_wconf 80' lang='lat' dir='ltr'>proferri.</span> <span class='ocrx_word' id='word_1_88' title='bbox 1836 1421 1954 1458; x_wconf 89' lang='lat' dir='ltr'><strong>cum</strong></span> <span class='ocrx_word' id='word_1_89' title='bbox 2002 1417 2227 1457; x_wconf 88' lang='lat' dir='ltr'><strong>erronea</strong></span> <span class='ocrx_word' id='word_1_90' title='bbox 2254 1400 2333 1452; x_wconf 89' lang='lat' dir='ltr'><strong>iu-</strong></span> 
     </span>
    </p>
   </div>
   <div class='ocr_carea' id='block_1_15' title="bbox 758 1495 2333 1569">
    <p class='ocr_par' dir='ltr' id='par_1_15' title="bbox 758 1495 2333 1569">
     <span class='ocr_line' id='line_1_15' title="bbox 758 1495 2333 1569; baseline -0.004 -17"><span class='ocrx_word' id='word_1_91' title='bbox 758 1501 1020 1562; x_wconf 80' lang='lat' dir='ltr'><strong>dictione,</strong></span> <span class='ocrx_word' id='word_1_92' title='bbox 1060 1502 1292 1569; x_wconf 77' lang='lat' dir='ltr'><strong>excmpli</strong></span> <span class='ocrx_word' id='word_1_93' title='bbox 1327 1516 1490 1553; x_wconf 86' lang='lat' dir='ltr'><strong>causa</strong></span> <span class='ocrx_word' id='word_1_94' title='bbox 1523 1503 1588 1553; x_wconf 85' lang='lat' dir='ltr'><strong>ad</strong></span> <span class='ocrx_word' id='word_1_95' title='bbox 1617 1517 1707 1554; x_wconf 90' lang='lat' dir='ltr'><strong>an.</strong></span> <span class='ocrx_word' id='word_1_96' title='bbox 1756 1499 1915 1560; x_wconf 65' lang='lat'><strong>15955,</strong></span> <span class='ocrx_word' id='word_1_97' title='bbox 1946 1508 2002 1550; x_wconf 92' lang='lat' dir='ltr'><strong>ut</strong></span> <span class='ocrx_word' id='word_1_98' title='bbox 2029 1511 2090 1551; x_wconf 80' lang='lat' dir='ltr'><strong>ex</strong></span> <span class='ocrx_word' id='word_1_99' title='bbox 2123 1495 2333 1562; x_wconf 80' lang='lat' dir='ltr'><strong>adjecta</strong></span> 
     </span>
    </p>
   </div>
   <div class='ocr_carea' id='block_1_16' title="bbox 758 1588 2334 1662">
    <p class='ocr_par' dir='ltr' id='par_1_16' title="bbox 758 1588 2334 1662">
     <span class='ocr_line' id='line_1_16' title="bbox 758 1588 2334 1662; baseline -0.006 -14"><span class='ocrx_word' id='word_1_100' title='bbox 758 1595 979 1662; x_wconf 86' lang='lat' dir='ltr'><strong>eclipsis</strong></span> <span class='ocrx_word' id='word_1_101' title='bbox 1022 1595 1353 1648; x_wconf 86' lang='lat' dir='ltr'><strong>indicatione</strong></span> <span class='ocrx_word' id='word_1_102' title='bbox 1416 1595 1765 1648; x_wconf 89' lang='lat' dir='ltr'><strong>manifestum</strong></span> <span class='ocrx_word' id='word_1_103' title='bbox 1815 1603 1916 1646; x_wconf 90' lang='lat' dir='ltr'><strong>est.</strong></span> <span class='ocrx_word' id='word_1_104' title='bbox 1949 1593 2103 1644; x_wconf 74' lang='lat' dir='ltr'><strong>l’atct</strong></span> <span class='ocrx_word' id='word_1_105' title='bbox 2133 1588 2334 1643; x_wconf 89' lang='lat' dir='ltr'><strong>nihilo-</strong></span> 
     </span>
    </p>
   </div>
   <div class='ocr_carea' id='block_1_17' title="bbox 759 1683 2334 1756">
    <p class='ocr_par' dir='ltr' id='par_1_17' title="bbox 759 1683 2334 1756">
     <span class='ocr_line' id='line_1_17' title="bbox 759 1683 2334 1756; baseline -0.003 -19"><span class='ocrx_word' id='word_1_106' title='bbox 759 1685 940 1737; x_wconf 85' lang='lat' dir='ltr'><strong>minus</strong></span> <span class='ocrx_word' id='word_1_107' title='bbox 971 1691 1117 1738; x_wconf 83' lang='lat' dir='ltr'><strong>recte</strong></span> <span class='ocrx_word' id='word_1_108' title='bbox 1153 1688 1351 1756; x_wconf 83' lang='lat' dir='ltr'><strong>egisse.</strong></span> <span class='ocrx_word' id='word_1_109' title='bbox 1382 1687 1471 1752; x_wconf 90' lang='lat' dir='ltr'><strong>qui</strong></span> <span class='ocrx_word' id='word_1_110' title='bbox 1507 1687 1833 1739; x_wconf 88' lang='lat' dir='ltr'><strong>indictiones</strong></span> <span class='ocrx_word' id='word_1_111' title='bbox 1878 1683 2171 1736; x_wconf 83' lang='lat' dir='ltr'><strong>univcrsiui</strong></span> <span class='ocrx_word' id='word_1_112' title='bbox 2199 1696 2334 1749; x_wconf 65' lang='lat' dir='ltr'><strong>prte-</strong></span> 
     </span>
    </p>
   </div>
   <div class='ocr_carea' id='block_1_18' title="bbox 761 1772 2333 1844">
    <p class='ocr_par' dir='ltr' id='par_1_18' title="bbox 761 1772 2333 1844">
     <span class='ocr_line' id='line_1_18' title="bbox 761 1772 2333 1844; baseline -0.004 -18"><span class='ocrx_word' id='word_1_113' title='bbox 761 1776 1022 1827; x_wconf 88' lang='lat' dir='ltr'><strong>tulerunt.</strong></span> <span class='ocrx_word' id='word_1_114' title='bbox 1056 1776 1135 1828; x_wconf 75' lang='lat' dir='ltr'><strong>Ad</strong></span> <span class='ocrx_word' id='word_1_115' title='bbox 1191 1776 1335 1829; x_wconf 88' lang='lat' dir='ltr'><strong>hunc</strong></span> <span class='ocrx_word' id='word_1_116' title='bbox 1367 1777 1530 1844; x_wconf 80' lang='lat' dir='ltr'><strong>igitur</strong></span> <span class='ocrx_word' id='word_1_117' title='bbox 1561 1793 1762 1827; x_wconf 90' lang='lat' dir='ltr'><strong>annum</strong></span> <span class='ocrx_word' id='word_1_118' title='bbox 1800 1773 1940 1826; x_wconf 72' lang='lat'>62.39</span> <span class='ocrx_word' id='word_1_119' title='bbox 1970 1772 2333 1838; x_wconf 77' lang='lat' dir='ltr'><strong>Theophanes</strong></span> 
     </span>
    </p>
   </div>
   <div class='ocr_carea' id='block_1_19' title="bbox 758 1862 2335 1934">
    <p class='ocr_par' dir='ltr' id='par_1_19' title="bbox 758 1862 2335 1934">
     <span class='ocr_line' id='line_1_19' title="bbox 758 1862 2335 1934; baseline -0.003 -18"><span class='ocrx_word' id='word_1_120' title='bbox 758 1865 1113 1918; x_wconf 88' lang='lat' dir='ltr'><strong>indictionem</strong></span> <span class='ocrx_word' id='word_1_121' title='bbox 1183 1867 1358 1934; x_wconf 83' lang='lat' dir='ltr'><strong>signat</strong></span> <span class='ocrx_word' id='word_1_122' title='bbox 1414 1868 1498 1918; x_wconf 81' lang='lat' dir='ltr'><strong>his</strong></span> <span class='ocrx_word' id='word_1_123' title='bbox 1550 1865 1732 1917; x_wconf 79' lang='lat' dir='ltr'><strong>verbis</strong></span> <span class='ocrx_word' id='word_1_124' title='bbox 1795 1864 1908 1932; x_wconf 59' lang='lat' dir='ltr'><strong>p38)</strong></span> <span class='ocrx_word' id='word_1_125' title='bbox 1947 1879 1958 1915; x_wconf 92' lang='lat'><em>:</em></span> <span class='ocrx_word' id='word_1_126' title='bbox 2002 1862 2113 1914; x_wconf 87' lang='lat' dir='ltr'><strong>Hoc</strong></span> <span class='ocrx_word' id='word_1_127' title='bbox 2170 1875 2335 1924; x_wconf 87' lang='lat' dir='ltr'><strong>anno,</strong></span> 
     </span>
    </p>
   </div>
   <div class='ocr_carea' id='block_1_20' title="bbox 757 1955 2329 2022">
    <p class='ocr_par' dir='ltr' id='par_1_20' title="bbox 757 1955 2329 2022">
     <span class='ocr_line' id='line_1_20' title="bbox 757 1955 2329 2022; baseline -0.003 -13"><span class='ocrx_word' id='word_1_128' title='bbox 757 1956 964 2010; x_wconf 74' lang='lat' dir='ltr'><strong>mensis</strong></span> <span class='ocrx_word' id='word_1_129' title='bbox 1019 1955 1271 2010; x_wconf 84' lang='lat' dir='ltr'><strong>Octobris</strong></span> <span class='ocrx_word' id='word_1_130' title='bbox 1319 1959 1404 2009; x_wconf 86' lang='lat' dir='ltr'><strong>die</strong></span> <span class='ocrx_word' id='word_1_131' title='bbox 1452 1966 1627 2022; x_wconf 77' lang='lat' dir='ltr'><strong>sexto,</strong></span> <span class='ocrx_word' id='word_1_132' title='bbox 1679 1956 1972 2009; x_wconf 83' lang='lat' dir='ltr'><strong>indictione</strong></span> <span class='ocrx_word' id='word_1_133' title='bbox 2032 1966 2178 2009; x_wconf 85' lang='lat' dir='ltr'><strong>sexta</strong></span> <span class='ocrx_word' id='word_1_134' title='bbox 2227 1964 2329 2006; x_wconf 86' lang='lat' dir='ltr'><strong>etc.</strong></span> 
     </span>
    </p>
   </div>
   <div class='ocr_carea' id='block_1_21' title="bbox 758 2046 2338 2103">
    <p class='ocr_par' dir='ltr' id='par_1_21' title="bbox 758 2046 2338 2103">
     <span class='ocr_line' id='line_1_21' title="bbox 758 2046 2338 2103; baseline -0.003 -2"><span class='ocrx_word' id='word_1_135' title='bbox 758 2047 957 2102; x_wconf 80' lang='lat' dir='ltr'><strong>Verum</strong></span> <span class='ocrx_word' id='word_1_136' title='bbox 993 2051 1105 2103; x_wconf 59' lang='lat' dir='ltr'><strong>hac</strong></span> <span class='ocrx_word' id='word_1_137' title='bbox 1141 2050 1362 2102; x_wconf 88' lang='lat' dir='ltr'><strong>indietio</strong></span> <span class='ocrx_word' id='word_1_138' title='bbox 1392 2063 1512 2103; x_wconf 90' lang='lat' dir='ltr'><strong>cum</strong></span> <span class='ocrx_word' id='word_1_139' title='bbox 1549 2065 1691 2100; x_wconf 90' lang='lat' dir='ltr'><strong>anno</strong></span> <span class='ocrx_word' id='word_1_140' title='bbox 1724 2049 1862 2101; x_wconf 61' lang='lat'><strong>6259</strong></span> <span class='ocrx_word' id='word_1_141' title='bbox 1897 2063 2017 2100; x_wconf 60' lang='lat' dir='ltr'><strong>cerac</strong></span> <span class='ocrx_word' id='word_1_142' title='bbox 2051 2046 2338 2098; x_wconf 82' lang='lat' dir='ltr'><strong>mundana:</strong></span> 
     </span>
    </p>
   </div>
   <div class='ocr_carea' id='block_1_22' title="bbox 760 2138 2336 2210">
    <p class='ocr_par' dir='ltr' id='par_1_22' title="bbox 760 2138 2336 2210">
     <span class='ocr_line' id='line_1_22' title="bbox 760 2138 2336 2210; baseline -0.001 -19"><span class='ocrx_word' id='word_1_143' title='bbox 760 2155 867 2192; x_wconf 91' lang='lat' dir='ltr'><strong>non</strong></span> <span class='ocrx_word' id='word_1_144' title='bbox 903 2143 1218 2202; x_wconf 88' lang='lat' dir='ltr'><strong>concordat,</strong></span> <span class='ocrx_word' id='word_1_145' title='bbox 1254 2156 1375 2192; x_wconf 90' lang='lat' dir='ltr'><strong>cum</strong></span> <span class='ocrx_word' id='word_1_146' title='bbox 1408 2157 1470 2193; x_wconf 84' lang='lat' dir='ltr'><strong>ex</strong></span> <span class='ocrx_word' id='word_1_147' title='bbox 1508 2143 1690 2210; x_wconf 87' lang='lat' dir='ltr'><strong>regula</strong></span> <span class='ocrx_word' id='word_1_148' title='bbox 1728 2139 1784 2192; x_wconf 85' lang='lat' dir='ltr'><strong>S.</strong></span> <span class='ocrx_word' id='word_1_149' title='bbox 1818 2139 2032 2191; x_wconf 79' lang='lat' dir='ltr'><strong>Maximi</strong></span> <span class='ocrx_word' id='word_1_150' title='bbox 2063 2138 2336 2208; x_wconf 70' lang='lat' dir='ltr'><strong>(59),a2ra3</strong></span> 
     </span>
    </p>
   </div>
   <div class='ocr_carea' id='block_1_23' title="bbox 760 2230 2332 2300">
    <p class='ocr_par' dir='ltr' id='par_1_23' title="bbox 760 2230 2332 2300">
     <span class='ocr_line' id='line_1_23' title="bbox 760 2230 2332 2300; baseline -0.002 -14"><span class='ocrx_word' id='word_1_151' title='bbox 760 2233 1009 2286; x_wconf 89' lang='lat' dir='ltr'><strong>addenda</strong></span> <span class='ocrx_word' id='word_1_152' title='bbox 1053 2235 1121 2286; x_wconf 87' lang='lat' dir='ltr'><strong>sit</strong></span> <span class='ocrx_word' id='word_1_153' title='bbox 1159 2234 1359 2293; x_wconf 86' lang='lat' dir='ltr'><strong>unitas,</strong></span> <span class='ocrx_word' id='word_1_154' title='bbox 1394 2235 1518 2286; x_wconf 85' lang='lat' dir='ltr'><strong>dein</strong></span> <span class='ocrx_word' id='word_1_155' title='bbox 1551 2234 1818 2286; x_wconf 79' lang='lat' dir='ltr'><strong>divisione</strong></span> <span class='ocrx_word' id='word_1_156' title='bbox 1845 2233 2091 2286; x_wconf 89' lang='lat' dir='ltr'><strong>instituta</strong></span> <span class='ocrx_word' id='word_1_157' title='bbox 2125 2247 2220 2300; x_wconf 85' lang='lat' dir='ltr'><strong>per</strong></span> <span class='ocrx_word' id='word_1_158' title='bbox 2247 2230 2332 2296; x_wconf 82' lang='grc'><strong>15,</strong></span> 
     </span>
    </p>
   </div>
   <div class='ocr_carea' id='block_1_24' title="bbox 758 2322 2330 2393">
    <p class='ocr_par' dir='ltr' id='par_1_24' title="bbox 758 2322 2330 2393">
     <span class='ocr_line' id='line_1_24' title="bbox 758 2322 2330 2393; baseline -0.003 -16"><span class='ocrx_word' id='word_1_159' title='bbox 758 2330 903 2393; x_wconf 86' lang='lat' dir='ltr'><strong>quod</strong></span> <span class='ocrx_word' id='word_1_160' title='bbox 961 2324 1226 2393; x_wconf 85' lang='lat' dir='ltr'><strong>reliquum</strong></span> <span class='ocrx_word' id='word_1_161' title='bbox 1282 2335 1386 2388; x_wconf 90' lang='lat' dir='ltr'><strong>est,</strong></span> <span class='ocrx_word' id='word_1_162' title='bbox 1440 2326 1794 2378; x_wconf 88' lang='lat' dir='ltr'><strong>indictionem</strong></span> <span class='ocrx_word' id='word_1_163' title='bbox 1857 2323 2069 2376; x_wconf 85' lang='lat' dir='ltr'><strong>eﬂicere</strong></span> <span class='ocrx_word' id='word_1_164' title='bbox 2117 2322 2330 2375; x_wconf 84' lang='lat' dir='ltr'><strong>debeat.</strong></span> 
     </span>
    </p>
   </div>
   <div class='ocr_carea' id='block_1_25' title="bbox 755 2414 2334 2483">
    <p class='ocr_par' dir='ltr' id='par_1_25' title="bbox 755 2414 2334 2483">
     <span class='ocr_line' id='line_1_25' title="bbox 755 2414 2334 2483; baseline -0.003 -17"><span class='ocrx_word' id='word_1_165' title='bbox 755 2414 926 2467; x_wconf 90' lang='lat' dir='ltr'><strong>Porro</strong></span> <span class='ocrx_word' id='word_1_166' title='bbox 955 2417 1053 2468; x_wconf 88' lang='lat' dir='ltr'><strong>hac</strong></span> <span class='ocrx_word' id='word_1_167' title='bbox 1077 2416 1333 2470; x_wconf 89' lang='lat' dir='ltr'><strong>methodo</strong></span> <span class='ocrx_word' id='word_1_168' title='bbox 1366 2419 1452 2470; x_wconf 91' lang='lat' dir='ltr'><strong>hic</strong></span> <span class='ocrx_word' id='word_1_169' title='bbox 1474 2432 1580 2468; x_wconf 89' lang='lat' dir='ltr'><strong>non</strong></span> <span class='ocrx_word' id='word_1_170' title='bbox 1609 2433 1724 2478; x_wconf 78' lang='lat' dir='ltr'><strong>sex,</strong></span> <span class='ocrx_word' id='word_1_171' title='bbox 1750 2417 1842 2469; x_wconf 88' lang='lat' dir='ltr'><strong>sed</strong></span> <span class='ocrx_word' id='word_1_172' title='bbox 1862 2420 2098 2483; x_wconf 88' lang='lat' dir='ltr'><strong>quinque</strong></span> <span class='ocrx_word' id='word_1_173' title='bbox 2129 2422 2334 2466; x_wconf 87' lang='lat' dir='ltr'><strong>tanturn</strong></span> 
     </span>
    </p>
   </div>
   <div class='ocr_carea' id='block_1_26' title="bbox 756 2507 2336 2564">
    <p class='ocr_par' dir='ltr' id='par_1_26' title="bbox 756 2507 2336 2564">
     <span class='ocr_line' id='line_1_26' title="bbox 756 2507 2336 2564; baseline 0 -4"><span class='ocrx_word' id='word_1_174' title='bbox 756 2509 1088 2561; x_wconf 79' lang='lat' dir='ltr'><strong>obtinemus.</strong></span> <span class='ocrx_word' id='word_1_175' title='bbox 1128 2510 1491 2563; x_wconf 79' lang='lat' dir='ltr'><strong>Nihilominus</strong></span> <span class='ocrx_word' id='word_1_176' title='bbox 1539 2510 1898 2564; x_wconf 90' lang='lat' dir='ltr'><strong>indictionem</strong></span> <span class='ocrx_word' id='word_1_177' title='bbox 1947 2509 2034 2562; x_wconf 92' lang='lat' dir='ltr'><strong>hic</strong></span> <span class='ocrx_word' id='word_1_178' title='bbox 2068 2519 2212 2562; x_wconf 85' lang='lat' dir='ltr'><strong>recte</strong></span> <span class='ocrx_word' id='word_1_179' title='bbox 2243 2507 2336 2560; x_wconf 87' lang='lat' dir='ltr'><strong>ad-</strong></span> 
     </span>
    </p>
   </div>
   <div class='ocr_carea' id='block_1_27' title="bbox 756 2594 2335 2666">
    <p class='ocr_par' dir='ltr' id='par_1_27' title="bbox 756 2594 2335 2666">
     <span class='ocr_line' id='line_1_27' title="bbox 756 2594 2335 2666; baseline -0.001 -18"><span class='ocrx_word' id='word_1_180' title='bbox 756 2598 946 2660; x_wconf 83' lang='lat' dir='ltr'><strong>scribi,</strong></span> <span class='ocrx_word' id='word_1_181' title='bbox 979 2598 1182 2664; x_wconf 79' lang='lat' dir='ltr'><strong>duplici</strong></span> <span class='ocrx_word' id='word_1_182' title='bbox 1214 2599 1295 2651; x_wconf 80' lang='lat' dir='ltr'><strong>\ia</strong></span> <span class='ocrx_word' id='word_1_183' title='bbox 1334 2602 1600 2651; x_wconf 88' lang='lat' dir='ltr'><strong>lirmalur.</strong></span> <span class='ocrx_word' id='word_1_184' title='bbox 1635 2598 1839 2659; x_wconf 79' lang='lat' dir='ltr'><strong>Primo,</strong></span> <span class='ocrx_word' id='word_1_185' title='bbox 1868 2598 1993 2666; x_wconf 82' lang='lat' dir='ltr'><strong>quia</strong></span> <span class='ocrx_word' id='word_1_186' title='bbox 2046 2594 2335 2665; x_wconf 87' lang='lat' dir='ltr'><strong>Theopha-</strong></span> 
     </span>
    </p>
   </div>
   <div class='ocr_carea' id='block_1_28' title="bbox 755 2687 2329 2756">
    <p class='ocr_par' dir='ltr' id='par_1_28' title="bbox 755 2687 2329 2756">
     <span class='ocr_line' id='line_1_28' title="bbox 755 2687 2329 2756; baseline 0 -19"><span class='ocrx_word' id='word_1_187' title='bbox 755 2701 854 2737; x_wconf 84' lang='lat' dir='ltr'><strong>nes</strong></span> <span class='ocrx_word' id='word_1_188' title='bbox 910 2689 974 2738; x_wconf 91' lang='lat' dir='ltr'><strong>ad</strong></span> <span class='ocrx_word' id='word_1_189' title='bbox 1026 2702 1228 2739; x_wconf 89' lang='lat' dir='ltr'><strong>annum</strong></span> <span class='ocrx_word' id='word_1_190' title='bbox 1288 2699 1654 2756; x_wconf 85' lang='lat' dir='ltr'><strong>sequentem,</strong></span> <span class='ocrx_word' id='word_1_191' title='bbox 1715 2689 2015 2740; x_wconf 81' lang='lat' dir='ltr'><strong>indictione</strong></span> <span class='ocrx_word' id='word_1_192' title='bbox 2065 2687 2329 2753; x_wconf 89' lang='lat' dir='ltr'><strong>septima,</strong></span> 
     </span>
    </p>
   </div>
   <div class='ocr_carea' id='block_1_29' title="bbox 754 2776 2334 2848">
    <p class='ocr_par' dir='ltr' id='par_1_29' title="bbox 754 2776 2334 2848">
     <span class='ocr_line' id='line_1_29' title="bbox 754 2776 2334 2848; baseline 0 -18"><span class='ocrx_word' id='word_1_193' title='bbox 754 2778 947 2830; x_wconf 89' lang='lat' dir='ltr'><strong>scribit</strong></span> <span class='ocrx_word' id='word_1_194' title='bbox 981 2778 1118 2831; x_wconf 87' lang='lat' dir='ltr'><strong>diem</strong></span> <span class='ocrx_word' id='word_1_195' title='bbox 1153 2795 1166 2831; x_wconf 90' lang='grc' dir='ltr'><strong>ι</strong></span> <span class='ocrx_word' id='word_1_196' title='bbox 1204 2780 1406 2848; x_wconf 80' lang='lat' dir='ltr'><strong>Aprilis</strong></span> <span class='ocrx_word' id='word_1_197' title='bbox 1443 2779 1608 2832; x_wconf 84' lang='lat' dir='ltr'><strong>fuisse</strong></span> <span class='ocrx_word' id='word_1_198' title='bbox 1657 2780 1798 2831; x_wconf 91' lang='lat' dir='ltr'><strong>diem</strong></span> <span class='ocrx_word' id='word_1_199' title='bbox 1831 2777 2047 2830; x_wconf 87' lang='lat' dir='ltr'><strong>Sabbali</strong></span> <span class='ocrx_word' id='word_1_200' title='bbox 2090 2776 2235 2844; x_wconf 83' lang='lat'><strong>(60);</strong></span> <span class='ocrx_word' id='word_1_201' title='bbox 2269 2791 2334 2830; x_wconf 79' lang='lat' dir='ltr'><strong>ex</strong></span> 
     </span>
    </p>
   </div>
   <div class='ocr_carea' id='block_1_30' title="bbox 754 2871 2332 2938">
    <p class='ocr_par' dir='ltr' id='par_1_30' title="bbox 754 2871 2332 2938">
     <span class='ocr_line' id='line_1_30' title="bbox 754 2871 2332 2938; baseline -0.002 -14"><span class='ocrx_word' id='word_1_202' title='bbox 754 2884 862 2937; x_wconf 87' lang='lat' dir='ltr'><strong>quo</strong></span> <span class='ocrx_word' id='word_1_203' title='bbox 891 2872 1241 2925; x_wconf 86' lang='lat' dir='ltr'><strong>manifestum</strong></span> <span class='ocrx_word' id='word_1_204' title='bbox 1295 2882 1417 2932; x_wconf 83' lang='lat' dir='ltr'><strong>est,</strong></span> <span class='ocrx_word' id='word_1_205' title='bbox 1456 2871 1804 2926; x_wconf 82' lang='lat' dir='ltr'><strong>indictionem</strong></span> <span class='ocrx_word' id='word_1_206' title='bbox 1857 2872 2000 2924; x_wconf 87' lang='lat' dir='ltr'><strong>illam</strong></span> <span class='ocrx_word' id='word_1_207' title='bbox 2045 2873 2332 2938; x_wconf 83' lang='lat' dir='ltr'><strong>septimam</strong></span> 
     </span>
    </p>
   </div>
   <div class='ocr_carea' id='block_1_31' title="bbox 755 2963 2334 3032">
    <p class='ocr_par' dir='ltr' id='par_1_31' title="bbox 755 2963 2334 3032">
     <span class='ocr_line' id='line_1_31' title="bbox 755 2963 2334 3032; baseline 0.003 -23"><span class='ocrx_word' id='word_1_208' title='bbox 755 2971 901 3012; x_wconf 85' lang='lat' dir='ltr'><strong>recte</strong></span> <span class='ocrx_word' id='word_1_209' title='bbox 936 2963 1165 3014; x_wconf 73' lang='lat' dir='ltr'><strong>adscribi</strong></span> <span class='ocrx_word' id='word_1_210' title='bbox 1193 2983 1204 3024; x_wconf 84' lang='lat'><strong>;</strong></span> <span class='ocrx_word' id='word_1_211' title='bbox 1241 2979 1368 3032; x_wconf 85' lang='lat' dir='ltr'><strong>ergo</strong></span> <span class='ocrx_word' id='word_1_212' title='bbox 1409 2975 1461 3014; x_wconf 86' lang='lat' dir='ltr'><strong>et</strong></span> <span class='ocrx_word' id='word_1_213' title='bbox 1484 2966 1548 3015; x_wconf 85' lang='lat' dir='ltr'><strong>ad</strong></span> <span class='ocrx_word' id='word_1_214' title='bbox 1580 2964 1973 3029; x_wconf 84' lang='lat' dir='ltr'><strong>praecedentem</strong></span> <span class='ocrx_word' id='word_1_215' title='bbox 2004 2974 2150 3016; x_wconf 88' lang='lat' dir='ltr'><strong>recte</strong></span> <span class='ocrx_word' id='word_1_216' title='bbox 2182 2969 2334 3015; x_wconf 78' lang='lat' dir='ltr'><strong>sexta</strong></span> 
     </span>
    </p>
   </div>
   <div class='ocr_carea' id='block_1_32' title="bbox 755 3050 2331 3118">
    <p class='ocr_par' dir='ltr' id='par_1_32' title="bbox 755 3050 2331 3118">
     <span class='ocr_line' id='line_1_32' title="bbox 755 3050 2331 3118; baseline 0.001 -16"><span class='ocrx_word' id='word_1_217' title='bbox 755 3050 1024 3118; x_wconf 80' lang='lat' dir='ltr'><strong>adscripta</strong></span> <span class='ocrx_word' id='word_1_218' title='bbox 1058 3060 1160 3103; x_wconf 84' lang='lat' dir='ltr'><strong>est.</strong></span> <span class='ocrx_word' id='word_1_219' title='bbox 1193 3051 1457 3105; x_wconf 71' lang='lat' dir='ltr'><strong>Praeterea</strong></span> <span class='ocrx_word' id='word_1_220' title='bbox 1485 3054 1548 3104; x_wconf 86' lang='lat' dir='ltr'><strong>ad</strong></span> <span class='ocrx_word' id='word_1_221' title='bbox 1579 3053 1717 3103; x_wconf 88' lang='lat' dir='ltr'><strong>hanc</strong></span> <span class='ocrx_word' id='word_1_222' title='bbox 1741 3052 2096 3104; x_wconf 87' lang='lat' dir='ltr'><strong>indictiouetn</strong></span> <span class='ocrx_word' id='word_1_223' title='bbox 2127 3062 2331 3104; x_wconf 77' lang='lat' dir='ltr'><strong>sextam</strong></span> 
     </span>
    </p>
   </div>
   <div class='ocr_carea' id='block_1_33' title="bbox 756 3140 2327 3214">
    <p class='ocr_par' dir='ltr' id='par_1_33' title="bbox 756 3140 2327 3214">
     <span class='ocr_line' id='line_1_33' title="bbox 756 3140 2327 3214; baseline 0.002 -20"><span class='ocrx_word' id='word_1_224' title='bbox 756 3142 935 3209; x_wconf 84' lang='lat' dir='ltr'><strong>signat</strong></span> <span class='ocrx_word' id='word_1_225' title='bbox 970 3140 1334 3210; x_wconf 78' lang='lat' dir='ltr'><strong>Theophanes</strong></span> <span class='ocrx_word' id='word_1_226' title='bbox 1375 3158 1576 3195; x_wconf 80' lang='lat' dir='ltr'><strong>annum</strong></span> <span class='ocrx_word' id='word_1_227' title='bbox 1605 3145 1840 3211; x_wconf 90' lang='lat' dir='ltr'><strong>primum</strong></span> <span class='ocrx_word' id='word_1_228' title='bbox 1869 3142 2127 3212; x_wconf 84' lang='lat' dir='ltr'><strong>Stephani</strong></span> <span class='ocrx_word' id='word_1_229' title='bbox 2155 3159 2327 3214; x_wconf 65' lang='lat' dir='ltr'><strong>papae;</strong></span> 
     </span>
    </p>
   </div>
   <div class='ocr_carea' id='block_1_34' title="bbox 755 3234 2334 3302">
    <p class='ocr_par' dir='ltr' id='par_1_34' title="bbox 755 3234 2334 3302">
     <span class='ocr_line' id='line_1_34' title="bbox 755 3234 2334 3302; baseline 0.003 -16"><span class='ocrx_word' id='word_1_230' title='bbox 755 3234 902 3302; x_wconf 86' lang='lat' dir='ltr'><strong>atqui</strong></span> <span class='ocrx_word' id='word_1_231' title='bbox 943 3248 1134 3302; x_wconf 83' lang='lat' dir='ltr'><strong>reapse</strong></span> <span class='ocrx_word' id='word_1_232' title='bbox 1171 3235 1485 3302; x_wconf 75' lang='lat' dir='ltr'><strong>StephanUs</strong></span> <span class='ocrx_word' id='word_1_233' title='bbox 1517 3236 1604 3301; x_wconf 94' lang='lat' dir='ltr'><strong>lll,</strong></span> <span class='ocrx_word' id='word_1_234' title='bbox 1644 3237 1746 3290; x_wconf 85' lang='lat' dir='ltr'><strong>hac</strong></span> <span class='ocrx_word' id='word_1_235' title='bbox 1793 3237 2116 3300; x_wconf 78' lang='lat' dir='ltr'><strong>indictione,</strong></span> <span class='ocrx_word' id='word_1_236' title='bbox 2149 3251 2334 3291; x_wconf 85' lang='lat' dir='ltr'><strong>mense</strong></span> 
     </span>
    </p>
   </div>
   <div class='ocr_carea' id='block_1_35' title="bbox 751 3327 2337 3394">
    <p class='ocr_par' dir='ltr' id='par_1_35' title="bbox 751 3327 2337 3394">
     <span class='ocr_line' id='line_1_35' title="bbox 751 3327 2337 3394; baseline 0.001 -16"><span class='ocrx_word' id='word_1_237' title='bbox 751 3327 994 3394; x_wconf 80' lang='lat' dir='ltr'><strong>Augusto</strong></span> <span class='ocrx_word' id='word_1_238' title='bbox 1045 3329 1248 3378; x_wconf 87' lang='lat' dir='ltr'><strong>electus</strong></span> <span class='ocrx_word' id='word_1_239' title='bbox 1299 3337 1382 3378; x_wconf 88' lang='lat' dir='ltr'><strong>est</strong></span> <span class='ocrx_word' id='word_1_240' title='bbox 1421 3328 1555 3393; x_wconf 82' lang='grc'>(61).</span> <span class='ocrx_word' id='word_1_241' title='bbox 1605 3330 1694 3378; x_wconf 82' lang='lat' dir='ltr'><strong>Sic</strong></span> <span class='ocrx_word' id='word_1_242' title='bbox 1744 3330 1975 3380; x_wconf 81' lang='lat' dir='ltr'><strong>stabilita</strong></span> <span class='ocrx_word' id='word_1_243' title='bbox 2037 3327 2337 3379; x_wconf 82' lang='lat' dir='ltr'><strong>indictione</strong></span> 
     </span>
    </p>
   </div>
   <div class='ocr_carea' id='block_1_36' title="bbox 753 3416 2335 3486">
    <p class='ocr_par' dir='ltr' id='par_1_36' title="bbox 753 3416 2335 3486">
     <span class='ocr_line' id='line_1_36' title="bbox 753 3416 2335 3486; baseline 0.004 -19"><span class='ocrx_word' id='word_1_244' title='bbox 753 3431 857 3485; x_wconf 86' lang='lat' dir='ltr'><strong>qua</strong></span> <span class='ocrx_word' id='word_1_245' title='bbox 885 3430 1075 3484; x_wconf 85' lang='lat' dir='ltr'><strong>passus</strong></span> <span class='ocrx_word' id='word_1_246' title='bbox 1109 3429 1191 3467; x_wconf 81' lang='lat' dir='ltr'><strong>est</strong></span> <span class='ocrx_word' id='word_1_247' title='bbox 1223 3416 1277 3466; x_wconf 89' lang='lat' dir='ltr'><strong>S.</strong></span> <span class='ocrx_word' id='word_1_248' title='bbox 1313 3418 1557 3468; x_wconf 80' lang='lat' dir='ltr'><strong>Andreas</strong></span> <span class='ocrx_word' id='word_1_249' title='bbox 1612 3417 1663 3468; x_wconf 93' lang='lat' dir='ltr'><strong>in</strong></span> <span class='ocrx_word' id='word_1_250' title='bbox 1705 3416 1840 3469; x_wconf 69' lang='grc' dir='ltr'><strong>(Σιιεὶ</strong></span> <span class='ocrx_word' id='word_1_251' title='bbox 1893 3433 1990 3485; x_wconf 90' lang='lat' dir='ltr'><strong>pro</strong></span> <span class='ocrx_word' id='word_1_252' title='bbox 2018 3434 2124 3486; x_wconf 89' lang='lat' dir='ltr'><strong>quo</strong></span> <span class='ocrx_word' id='word_1_253' title='bbox 2159 3418 2335 3473; x_wconf 81' lang='lat' dir='ltr'><strong>Theo-</strong></span> 
     </span>
    </p>
   </div>
   <div class='ocr_carea' id='block_1_37' title="bbox 755 3507 2336 3580">
    <p class='ocr_par' dir='ltr' id='par_1_37' title="bbox 755 3507 2336 3580">
     <span class='ocr_line' id='line_1_37' title="bbox 755 3507 2336 3580; baseline 0.004 -22"><span class='ocrx_word' id='word_1_254' title='bbox 755 3508 962 3575; x_wconf 84' lang='lat' dir='ltr'><strong>phanes</strong></span> <span class='ocrx_word' id='word_1_255' title='bbox 995 3507 1210 3558; x_wconf 78' lang='lat' dir='ltr'><strong>Petrum</strong></span> <span class='ocrx_word' id='word_1_256' title='bbox 1247 3509 1310 3560; x_wconf 84' lang='lat' dir='ltr'><strong>de</strong></span> <span class='ocrx_word' id='word_1_257' title='bbox 1357 3508 1670 3562; x_wconf 74' lang='lat' dir='ltr'><strong>Blachernis</strong></span> <span class='ocrx_word' id='word_1_258' title='bbox 1701 3510 1856 3574; x_wconf 79' lang='lat' dir='ltr'><strong>dixit,</strong></span> <span class='ocrx_word' id='word_1_259' title='bbox 1895 3510 2053 3564; x_wconf 80' lang='lat' dir='ltr'><strong>facile</strong></span> <span class='ocrx_word' id='word_1_260' title='bbox 2103 3513 2214 3580; x_wconf 90' lang='lat' dir='ltr'><strong>ipse</strong></span> <span class='ocrx_word' id='word_1_261' title='bbox 2240 3527 2336 3564; x_wconf 82' lang='lat' dir='ltr'><strong>an-</strong></span> 
     </span>
    </p>
   </div>
   <div class='ocr_carea' id='block_1_38' title="bbox 754 3600 2332 3668">
    <p class='ocr_par' dir='ltr' id='par_1_38' title="bbox 754 3600 2332 3668">
     <span class='ocr_line' id='line_1_38' title="bbox 754 3600 2332 3668; baseline 0.004 -18"><span class='ocrx_word' id='word_1_262' title='bbox 754 3613 857 3650; x_wconf 87' lang='lat' dir='ltr'><strong>uus</strong></span> <span class='ocrx_word' id='word_1_263' title='bbox 911 3601 1143 3651; x_wconf 89' lang='lat' dir='ltr'><strong>eruitur.</strong></span> <span class='ocrx_word' id='word_1_264' title='bbox 1193 3600 1403 3652; x_wconf 81' lang='lat' dir='ltr'><strong>Etenim</strong></span> <span class='ocrx_word' id='word_1_265' title='bbox 1461 3602 1512 3651; x_wconf 88' lang='lat' dir='ltr'><strong>iu</strong></span> <span class='ocrx_word' id='word_1_266' title='bbox 1571 3603 1716 3651; x_wconf 72' lang='lat' dir='ltr'><strong>Actis</strong></span> <span class='ocrx_word' id='word_1_267' title='bbox 1788 3603 1988 3653; x_wconf 76' lang='lat' dir='ltr'><strong>nostris</strong></span> <span class='ocrx_word' id='word_1_268' title='bbox 2041 3604 2332 3668; x_wconf 87' lang='lat' dir='ltr'><strong>prioribus,</strong></span> 
     </span>
    </p>
   </div>
   <div class='ocr_carea' id='block_1_39' title="bbox 755 3690 2329 3758">
    <p class='ocr_par' dir='ltr' id='par_1_39' title="bbox 755 3690 2329 3758">
     <span class='ocr_line' id='line_1_39' title="bbox 755 3690 2329 3758; baseline 0.004 -18"><span class='ocrx_word' id='word_1_269' title='bbox 755 3693 1073 3758; x_wconf 69' lang='lat' dir='ltr'><strong>martyrium</strong></span> <span class='ocrx_word' id='word_1_270' title='bbox 1124 3692 1414 3758; x_wconf 71' lang='lat' dir='ltr'><strong>contigisse</strong></span> <span class='ocrx_word' id='word_1_271' title='bbox 1459 3690 1652 3742; x_wconf 88' lang='lat' dir='ltr'><strong>dicitur</strong></span> <span class='ocrx_word' id='word_1_272' title='bbox 1698 3691 1782 3743; x_wconf 86' lang='lat' dir='ltr'><strong>die</strong></span> <span class='ocrx_word' id='word_1_273' title='bbox 1846 3708 1908 3743; x_wconf 61' lang='lat' dir='ltr'><strong>xx</strong></span> <span class='ocrx_word' id='word_1_274' title='bbox 1960 3691 2224 3757; x_wconf 83' lang='lat' dir='ltr'><strong>Octobris,</strong></span> <span class='ocrx_word' id='word_1_275' title='bbox 2268 3710 2329 3747; x_wconf 76' lang='lat' dir='ltr'><strong>ex</strong></span> 
     </span>
    </p>
   </div>
   <div class='ocr_carea' id='block_1_40' title="bbox 752 3779 2162 3849">
    <p class='ocr_par' dir='ltr' id='par_1_40' title="bbox 752 3779 2162 3849">
     <span class='ocr_line' id='line_1_40' title="bbox 752 3779 2162 3849; baseline 0.001 -18"><span class='ocrx_word' id='word_1_276' title='bbox 752 3794 868 3848; x_wconf 87' lang='lat' dir='ltr'><strong>quo</strong></span> <span class='ocrx_word' id='word_1_277' title='bbox 899 3781 1072 3848; x_wconf 84' lang='lat' dir='ltr'><strong>palam</strong></span> <span class='ocrx_word' id='word_1_278' title='bbox 1115 3779 1171 3831; x_wconf 90' lang='lat' dir='ltr'><strong>fit</strong></span> <span class='ocrx_word' id='word_1_279' title='bbox 1203 3780 1329 3833; x_wconf 90' lang='lat' dir='ltr'><strong>illud</strong></span> <span class='ocrx_word' id='word_1_280' title='bbox 1367 3795 1510 3833; x_wconf 85' lang='lat' dir='ltr'><strong>anno</strong></span> <span class='ocrx_word' id='word_1_281' title='bbox 1542 3782 1641 3833; x_wconf 82' lang='grc'><strong>767</strong></span> <span class='ocrx_word' id='word_1_282' title='bbox 1670 3782 1994 3849; x_wconf 83' lang='lat' dir='ltr'><strong>alligendum</strong></span> <span class='ocrx_word' id='word_1_283' title='bbox 2025 3797 2162 3838; x_wconf 80' lang='lat' dir='ltr'><strong>esse.</strong></span> 
     </span>
    </p>
   </div>
   <div class='ocr_carea' id='block_1_41' title="bbox 822 3873 2333 3941">
    <p class='ocr_par' dir='ltr' id='par_1_41' title="bbox 822 3873 2333 3941">
     <span class='ocr_line' id='line_1_41' title="bbox 822 3873 2333 3941; baseline 0.002 -15"><span class='ocrx_word' id='word_1_284' title='bbox 822 3873 910 3927; x_wconf 73' lang='lat'><strong>20.</strong></span> <span class='ocrx_word' id='word_1_285' title='bbox 970 3876 1158 3924; x_wconf 85' lang='lat' dir='ltr'><strong>Annus</strong></span> <span class='ocrx_word' id='word_1_286' title='bbox 1191 3875 1427 3941; x_wconf 61' lang='lat' dir='ltr'><strong>martyrii</strong></span> <span class='ocrx_word' id='word_1_287' title='bbox 1470 3874 1525 3924; x_wconf 86' lang='lat' dir='ltr'><strong>S.</strong></span> <span class='ocrx_word' id='word_1_288' title='bbox 1567 3875 1792 3928; x_wconf 72' lang='lat' dir='ltr'><strong>Andreae</strong></span> <span class='ocrx_word' id='word_1_289' title='bbox 1839 3875 1891 3926; x_wconf 89' lang='lat' dir='ltr'><strong>in</strong></span> <span class='ocrx_word' id='word_1_290' title='bbox 1923 3874 2060 3929; x_wconf 72' lang='lat' dir='ltr'><strong>L‘risi</strong></span> <span class='ocrx_word' id='word_1_291' title='bbox 2106 3891 2212 3928; x_wconf 91' lang='lat' dir='ltr'><strong>uno</strong></span> <span class='ocrx_word' id='word_1_292' title='bbox 2258 3886 2333 3929; x_wconf 88' lang='lat' dir='ltr'><strong>te-</strong></span> 
     </span>
    </p>
   </div>
   <div class='ocr_carea' id='block_1_42' title="bbox 755 3965 2328 4034">
    <p class='ocr_par' dir='ltr' id='par_1_42' title="bbox 755 3965 2328 4034">
     <span class='ocr_line' id='line_1_42' title="bbox 755 3965 2328 4034; baseline 0.002 -16"><span class='ocrx_word' id='word_1_293' title='bbox 755 3979 890 4019; x_wconf 88' lang='lat' dir='ltr'><strong>nOre</strong></span> <span class='ocrx_word' id='word_1_294' title='bbox 921 3981 1044 4018; x_wconf 91' lang='lat' dir='ltr'><strong>cum</strong></span> <span class='ocrx_word' id='word_1_295' title='bbox 1080 3965 1171 4018; x_wconf 92' lang='lat' dir='ltr'><strong>illo</strong></span> <span class='ocrx_word' id='word_1_296' title='bbox 1222 3980 1328 4032; x_wconf 90' lang='lat' dir='ltr'><strong>quo</strong></span> <span class='ocrx_word' id='word_1_297' title='bbox 1359 3981 1550 4034; x_wconf 88' lang='lat' dir='ltr'><strong>passus</strong></span> <span class='ocrx_word' id='word_1_298' title='bbox 1603 3975 1686 4019; x_wconf 88' lang='lat' dir='ltr'><strong>est</strong></span> <span class='ocrx_word' id='word_1_299' title='bbox 1737 3968 1790 4019; x_wconf 79' lang='lat' dir='ltr'><strong>S.</strong></span> <span class='ocrx_word' id='word_1_300' title='bbox 1853 3969 2052 4021; x_wconf 86' lang='lat' dir='ltr'><strong>Petrus</strong></span> <span class='ocrx_word' id='word_1_301' title='bbox 2108 3970 2173 4021; x_wconf 92' lang='lat' dir='ltr'><strong>dc</strong></span> <span class='ocrx_word' id='word_1_302' title='bbox 2209 3968 2328 4021; x_wconf 87' lang='lat' dir='ltr'><strong>Bla-</strong></span> 
     </span>
    </p>
   </div>
   <div class='ocr_carea' id='block_1_43' title="bbox 761 4046 2333 4128">
    <p class='ocr_par' dir='ltr' id='par_1_43' title="bbox 761 4046 2333 4128">
     <span class='ocr_line' id='line_1_43' title="bbox 761 4046 2333 4128; baseline 0.003 -19"><span class='ocrx_word' id='word_1_303' title='bbox 761 4056 1003 4121; x_wconf 86' lang='lat' dir='ltr'><strong>chernis,</strong></span> <span class='ocrx_word' id='word_1_304' title='bbox 1039 4059 1460 4110; x_wconf 88' lang='lat' dir='ltr'><strong>constituendus</strong></span> <span class='ocrx_word' id='word_1_305' title='bbox 1494 4058 1616 4120; x_wconf 89' lang='lat' dir='ltr'><strong>fuit,</strong></span> <span class='ocrx_word' id='word_1_306' title='bbox 1651 4058 1771 4111; x_wconf 87' lang='lat' dir='ltr'><strong>licet</strong></span> <span class='ocrx_word' id='word_1_307' title='bbox 1817 4059 2077 4111; x_wconf 89' lang='lat' dir='ltr'><strong>nonnulla</strong></span> <span class='ocrx_word' id='word_1_308' title='bbox 2112 4060 2178 4112; x_wconf 89' lang='lat' dir='ltr'><strong>de</strong></span> <span class='ocrx_word' id='word_1_309' title='bbox 2239 4046 2333 4128; x_wconf 54' lang='lat' dir='ltr'><strong>po;</strong></span> 
     </span>
    </p>
   </div>
   <div class='ocr_carea' id='block_1_44' title="bbox 757 4149 2327 4221">
    <p class='ocr_par' dir='ltr' id='par_1_44' title="bbox 757 4149 2327 4221">
     <span class='ocr_line' id='line_1_44' title="bbox 757 4149 2327 4221; baseline 0.002 -19"><span class='ocrx_word' id='word_1_310' title='bbox 757 4150 989 4202; x_wconf 86' lang='lat' dir='ltr'><strong>steriore</strong></span> <span class='ocrx_word' id='word_1_311' title='bbox 1047 4159 1238 4199; x_wconf 86' lang='lat' dir='ltr'><strong>sancto</strong></span> <span class='ocrx_word' id='word_1_312' title='bbox 1297 4149 1519 4201; x_wconf 77' lang='lat' dir='ltr'><strong>dicenda</strong></span> <span class='ocrx_word' id='word_1_313' title='bbox 1572 4150 1864 4220; x_wconf 84' lang='lat' dir='ltr'><strong>supersint.</strong></span> <span class='ocrx_word' id='word_1_314' title='bbox 1924 4151 2132 4221; x_wconf 82' lang='lat' dir='ltr'><strong>Corpus</strong></span> <span class='ocrx_word' id='word_1_315' title='bbox 2189 4154 2327 4219; x_wconf 80' lang='lat' dir='ltr'><strong>ejus,</strong></span> 
     </span>
    </p>
   </div>
   <div class='ocr_carea' id='block_1_45' title="bbox 758 4237 2332 4312">
    <p class='ocr_par' dir='ltr' id='par_1_45' title="bbox 758 4237 2332 4312">
     <span class='ocr_line' id='line_1_45' title="bbox 758 4237 2332 4312; baseline 0.005 -24"><span class='ocrx_word' id='word_1_316' title='bbox 758 4245 1045 4309; x_wconf 78' lang='lat' dir='ltr'><strong>postquam</strong></span> <span class='ocrx_word' id='word_1_317' title='bbox 1083 4237 1137 4289; x_wconf 90' lang='lat' dir='ltr'><strong>in</strong></span> <span class='ocrx_word' id='word_1_318' title='bbox 1172 4238 1319 4290; x_wconf 78' lang='lat' dir='ltr'><strong>circo</strong></span> <span class='ocrx_word' id='word_1_319' title='bbox 1380 4238 1499 4292; x_wconf 79' lang='lat' dir='ltr'><strong>Diri</strong></span> <span class='ocrx_word' id='word_1_320' title='bbox 1557 4239 1844 4295; x_wconf 84' lang='lat' dir='ltr'><strong>Mamantis</strong></span> <span class='ocrx_word' id='word_1_321' title='bbox 1885 4241 2064 4312; x_wconf 83' lang='lat' dir='ltr'><strong>ﬂagris</strong></span> <span class='ocrx_word' id='word_1_322' title='bbox 2109 4243 2332 4296; x_wconf 87' lang='lat' dir='ltr'><strong>interfe-</strong></span> 
     </span>
    </p>
   </div>
   <div class='ocr_carea' id='block_1_46' title="bbox 757 4331 2329 4406">
    <p class='ocr_par' dir='ltr' id='par_1_46' title="bbox 757 4331 2329 4406">
     <span class='ocr_line' id='line_1_46' title="bbox 757 4331 2329 4406; baseline 0.004 -22"><span class='ocrx_word' id='word_1_323' title='bbox 757 4341 878 4384; x_wconf 85' lang='lat' dir='ltr'><strong>ctus</strong></span> <span class='ocrx_word' id='word_1_324' title='bbox 939 4341 1040 4394; x_wconf 86' lang='lat' dir='ltr'><strong>est,</strong></span> <span class='ocrx_word' id='word_1_325' title='bbox 1094 4331 1485 4397; x_wconf 82' lang='lat' dir='ltr'><strong>projiciendum</strong></span> <span class='ocrx_word' id='word_1_326' title='bbox 1547 4343 1663 4386; x_wconf 86' lang='lat' dir='ltr'><strong>erat</strong></span> <span class='ocrx_word' id='word_1_327' title='bbox 1720 4337 1771 4386; x_wconf 90' lang='lat' dir='ltr'><strong>in</strong></span> <span class='ocrx_word' id='word_1_328' title='bbox 1814 4334 2074 4388; x_wconf 85' lang='lat' dir='ltr'><strong>ﬂuentum</strong></span> <span class='ocrx_word' id='word_1_329' title='bbox 2145 4342 2329 4406; x_wconf 75' lang='lat' dir='ltr'><strong>(supra</strong></span> 
     </span>
    </p>
   </div>
   <div class='ocr_carea' id='block_1_47' title="bbox 762 4421 2330 4496">
    <p class='ocr_par' dir='ltr' id='par_1_47' title="bbox 762 4421 2330 4496">
     <span class='ocr_line' id='line_1_47' title="bbox 762 4421 2330 4496; baseline 0.003 -21"><span class='ocrx_word' id='word_1_330' title='bbox 762 4438 915 4475; x_wconf 87' lang='lat' dir='ltr'><strong>num.</strong></span> <span class='ocrx_word' id='word_1_331' title='bbox 957 4421 1022 4475; x_wconf 71' lang='grc'><strong>14</strong></span> <span class='ocrx_word' id='word_1_332' title='bbox 1054 4426 1232 4490; x_wconf 83' lang='lat' dir='ltr'><strong>seqq.)</strong></span> <span class='ocrx_word' id='word_1_333' title='bbox 1262 4423 1318 4475; x_wconf 83' lang='grc' dir='ltr'><strong>ἐν</strong></span> <span class='ocrx_word' id='word_1_334' title='bbox 1351 4424 1426 4493; x_wconf 78' lang='grc' dir='ltr'>τῷ</span> <span class='ocrx_word' id='word_1_335' title='bbox 1463 4425 1720 4492; x_wconf 66' lang='lat' dir='ltr'><strong>{.a-Jpazi,</strong></span> <span class='ocrx_word' id='word_1_336' title='bbox 1759 4436 1815 4477; x_wconf 88' lang='lat' dir='ltr'><strong>ut</strong></span> <span class='ocrx_word' id='word_1_337' title='bbox 1842 4428 1872 4480; x_wconf 89' lang='lat' dir='ltr'><strong>&#39;f</strong></span> <span class='ocrx_word' id='word_1_338' title='bbox 1890 4428 2203 4496; x_wconf 85' lang='lat' dir='ltr'><strong>heophanes</strong></span> <span class='ocrx_word' id='word_1_339' title='bbox 2254 4429 2330 4480; x_wconf 91' lang='lat' dir='ltr'><strong>lo-</strong></span> 
     </span>
    </p>
   </div>
   <div class='ocr_carea' id='block_1_48' title="bbox 2436 573 4049 641">
    <p class='ocr_par' dir='ltr' id='par_1_48' title="bbox 2436 573 4049 641">
     <span class='ocr_line' id='line_1_48' title="bbox 2436 573 4049 641; baseline 0.002 -15"><span class='ocrx_word' id='word_1_340' title='bbox 2436 582 2540 626; x_wconf 89' lang='lat' dir='ltr'><strong>tem</strong></span> <span class='ocrx_word' id='word_1_341' title='bbox 2581 583 2798 641; x_wconf 89' lang='lat' dir='ltr'><strong>pontem</strong></span> <span class='ocrx_word' id='word_1_342' title='bbox 2854 573 3019 626; x_wconf 89' lang='lat' dir='ltr'><strong>fuisse</strong></span> <span class='ocrx_word' id='word_1_343' title='bbox 3073 573 3359 626; x_wconf 89' lang='lat' dir='ltr'><strong>duodecim</strong></span> <span class='ocrx_word' id='word_1_344' title='bbox 3414 574 3710 627; x_wconf 77' lang='lat' dir='ltr'><strong>fornicibus</strong></span> <span class='ocrx_word' id='word_1_345' title='bbox 3763 589 4049 630; x_wconf 70' lang='lat' dir='ltr'><strong>constan-</strong></span> 
     </span>
    </p>
   </div>
   <div class='ocr_carea' id='block_1_49' title="bbox 2437 664 4046 738">
    <p class='ocr_par' dir='ltr' id='par_1_49' title="bbox 2437 664 4046 738">
     <span class='ocr_line' id='line_1_49' title="bbox 2437 664 4046 738; baseline -0.003 -22"><span class='ocrx_word' id='word_1_346' title='bbox 2437 673 2575 725; x_wconf 90' lang='lat' dir='ltr'><strong>tem;</strong></span> <span class='ocrx_word' id='word_1_347' title='bbox 2616 665 2798 718; x_wconf 65' lang='lat' dir='ltr'><strong>mullae</strong></span> <span class='ocrx_word' id='word_1_348' title='bbox 2831 665 2973 718; x_wconf 89' lang='lat' dir='ltr'><strong>enim</strong></span> <span class='ocrx_word' id='word_1_349' title='bbox 3029 681 3180 732; x_wconf 64' lang='lat' dir='ltr'><strong>aqua:</strong></span> <span class='ocrx_word' id='word_1_350' title='bbox 3222 680 3287 718; x_wconf 81' lang='lat' dir='ltr'><strong>eo</strong></span> <span class='ocrx_word' id='word_1_351' title='bbox 3335 664 3663 720; x_wconf 62' lang='lat' dir='ltr'><strong>deﬂuebant.</strong></span> <span class='ocrx_word' id='word_1_352' title='bbox 3722 667 4046 738; x_wconf 60' lang='lat' dir='ltr'><strong>Theupha-</strong></span> 
     </span>
    </p>
   </div>
   <div class='ocr_carea' id='block_1_50' title="bbox 2436 757 4045 829">
    <p class='ocr_par' dir='ltr' id='par_1_50' title="bbox 2436 757 4045 829">
     <span class='ocr_line' id='line_1_50' title="bbox 2436 757 4045 829; baseline 0.003 -22"><span class='ocrx_word' id='word_1_353' title='bbox 2436 771 2533 809; x_wconf 88' lang='lat' dir='ltr'><strong>nes</strong></span> <span class='ocrx_word' id='word_1_354' title='bbox 2565 757 2749 824; x_wconf 81' lang='lat' dir='ltr'><strong>igitur,</strong></span> <span class='ocrx_word' id='word_1_355' title='bbox 2786 774 2906 809; x_wconf 89' lang='lat' dir='ltr'><strong>cum</strong></span> <span class='ocrx_word' id='word_1_356' title='bbox 2949 758 3015 811; x_wconf 88' lang='lat' dir='ltr'><strong>de</strong></span> <span class='ocrx_word' id='word_1_357' title='bbox 3060 757 3265 812; x_wconf 80' lang='lat' dir='ltr'><strong>ﬂuento</strong></span> <span class='ocrx_word' id='word_1_358' title='bbox 3315 759 3676 812; x_wconf 74' lang='lat' dir='ltr'><strong>determinato</strong></span> <span class='ocrx_word' id='word_1_359' title='bbox 3739 764 4045 829; x_wconf 76' lang='lat' dir='ltr'><strong>loquatur,</strong></span> 
     </span>
    </p>
   </div>
   <div class='ocr_carea' id='block_1_51' title="bbox 2436 851 4048 920">
    <p class='ocr_par' dir='ltr' id='par_1_51' title="bbox 2436 851 4048 920">
     <span class='ocr_line' id='line_1_51' title="bbox 2436 851 4048 920; baseline 0.004 -20"><span class='ocrx_word' id='word_1_360' title='bbox 2436 858 2494 900; x_wconf 89' lang='lat' dir='ltr'><strong>ut</strong></span> <span class='ocrx_word' id='word_1_361' title='bbox 2523 859 2669 916; x_wconf 89' lang='lat' dir='ltr'><strong>patet</strong></span> <span class='ocrx_word' id='word_1_362' title='bbox 2697 864 2758 901; x_wconf 78' lang='lat' dir='ltr'><strong>ex</strong></span> <span class='ocrx_word' id='word_1_363' title='bbox 2790 851 3000 918; x_wconf 85' lang='lat' dir='ltr'><strong>adjecto</strong></span> <span class='ocrx_word' id='word_1_364' title='bbox 3035 852 3266 903; x_wconf 88' lang='lat' dir='ltr'><strong>articulo</strong></span> <span class='ocrx_word' id='word_1_365' title='bbox 3311 851 3408 919; x_wconf 80' lang='grc' dir='ltr'><strong>τῷ,</strong></span> <span class='ocrx_word' id='word_1_366' title='bbox 3446 852 3542 906; x_wconf 84' lang='lat' dir='ltr'><strong>has</strong></span> <span class='ocrx_word' id='word_1_367' title='bbox 3585 869 3760 920; x_wconf 85' lang='lat' dir='ltr'><strong>aquas</strong></span> <span class='ocrx_word' id='word_1_368' title='bbox 3815 861 3886 907; x_wconf 87' lang='lat' dir='ltr'><strong>ad</strong></span> <span class='ocrx_word' id='word_1_369' title='bbox 3955 855 4048 907; x_wconf 86' lang='lat' dir='ltr'><strong>Di-</strong></span> 
     </span>
    </p>
   </div>
   <div class='ocr_carea' id='block_1_52' title="bbox 2437 941 4048 1014">
    <p class='ocr_par' dir='ltr' id='par_1_52' title="bbox 2437 941 4048 1014">
     <span class='ocr_line' id='line_1_52' title="bbox 2437 941 4048 1014; baseline 0.004 -21"><span class='ocrx_word' id='word_1_370' title='bbox 2437 958 2563 994; x_wconf 75' lang='lat' dir='ltr'><strong>vum</strong></span> <span class='ocrx_word' id='word_1_371' title='bbox 2595 941 2919 995; x_wconf 85' lang='lat' dir='ltr'><strong>Mamantem</strong></span> <span class='ocrx_word' id='word_1_372' title='bbox 2955 943 3239 1014; x_wconf 77' lang='lat' dir='ltr'><strong>designat;</strong></span> <span class='ocrx_word' id='word_1_373' title='bbox 3279 945 3380 998; x_wconf 87' lang='lat' dir='ltr'><strong>nisi</strong></span> <span class='ocrx_word' id='word_1_374' title='bbox 3437 945 3577 999; x_wconf 87' lang='lat' dir='ltr'><strong>forte</strong></span> <span class='ocrx_word' id='word_1_375' title='bbox 3616 947 3808 1000; x_wconf 85' lang='lat' dir='ltr'><strong>sinum</strong></span> <span class='ocrx_word' id='word_1_376' title='bbox 3861 948 4048 1000; x_wconf 82' lang='lat' dir='ltr'><strong>Cera-</strong></span> 
     </span>
    </p>
   </div>
   <div class='ocr_carea' id='block_1_53' title="bbox 2440 1032 4049 1107">
    <p class='ocr_par' dir='ltr' id='par_1_53' title="bbox 2440 1032 4049 1107">
     <span class='ocr_line' id='line_1_53' title="bbox 2440 1032 4049 1107; baseline 0.004 -22"><span class='ocrx_word' id='word_1_377' title='bbox 2440 1032 2638 1098; x_wconf 91' lang='lat' dir='ltr'><strong>linum,</strong></span> <span class='ocrx_word' id='word_1_378' title='bbox 2676 1035 2765 1102; x_wconf 91' lang='lat' dir='ltr'><strong>qui</strong></span> <span class='ocrx_word' id='word_1_379' title='bbox 2795 1050 2859 1088; x_wconf 76' lang='lat' dir='ltr'><strong>ex</strong></span> <span class='ocrx_word' id='word_1_380' title='bbox 2895 1035 3138 1103; x_wconf 87' lang='lat' dir='ltr'><strong>Bosporo</strong></span> <span class='ocrx_word' id='word_1_381' title='bbox 3167 1053 3356 1090; x_wconf 75' lang='lat' dir='ltr'><strong>versus</strong></span> <span class='ocrx_word' id='word_1_382' title='bbox 3403 1037 3763 1091; x_wconf 82' lang='lat' dir='ltr'><strong>Occidentem</strong></span> <span class='ocrx_word' id='word_1_383' title='bbox 3812 1057 3875 1093; x_wconf 83' lang='lat' dir='ltr'><strong>se</strong></span> <span class='ocrx_word' id='word_1_384' title='bbox 3918 1057 4049 1107; x_wconf 86' lang='lat' dir='ltr'><strong>por-</strong></span> 
     </span>
    </p>
   </div>
   <div class='ocr_carea' id='block_1_54' title="bbox 2440 1125 4044 1196">
    <p class='ocr_par' dir='ltr' id='par_1_54' title="bbox 2440 1125 4044 1196">
     <span class='ocr_line' id='line_1_54' title="bbox 2440 1125 4044 1196; baseline 0.005 -18"><span class='ocrx_word' id='word_1_385' title='bbox 2440 1125 2582 1194; x_wconf 74' lang='lat' dir='ltr'><strong>rigit,</strong></span> <span class='ocrx_word' id='word_1_386' title='bbox 2619 1126 2852 1180; x_wconf 82' lang='lat' dir='ltr'><strong>voluerit</strong></span> <span class='ocrx_word' id='word_1_387' title='bbox 2899 1128 3228 1196; x_wconf 85' lang='lat' dir='ltr'><strong>significare.</strong></span> <span class='ocrx_word' id='word_1_388' title='bbox 3289 1129 3364 1181; x_wconf 87' lang='lat' dir='ltr'><strong>lta</strong></span> <span class='ocrx_word' id='word_1_389' title='bbox 3400 1129 3736 1185; x_wconf 63' lang='lat' dir='ltr'><strong>intellexisse</strong></span> <span class='ocrx_word' id='word_1_390' title='bbox 3796 1131 4044 1186; x_wconf 82' lang='lat' dir='ltr'><strong>Goarius</strong></span> 
     </span>
    </p>
   </div>
   <div class='ocr_carea' id='block_1_55' title="bbox 2437 1218 4042 1289">
    <p class='ocr_par' dir='ltr' id='par_1_55' title="bbox 2437 1218 4042 1289">
     <span class='ocr_line' id='line_1_55' title="bbox 2437 1218 4042 1289; baseline 0.004 -20"><span class='ocrx_word' id='word_1_391' title='bbox 2437 1218 2668 1282; x_wconf 79' lang='lat' dir='ltr'><strong>videtur,</strong></span> <span class='ocrx_word' id='word_1_392' title='bbox 2722 1218 2814 1286; x_wconf 88' lang='lat' dir='ltr'><strong>qui</strong></span> <span class='ocrx_word' id='word_1_393' title='bbox 2869 1220 3028 1272; x_wconf 81' lang='lat' dir='ltr'><strong>vertit</strong></span> <span class='ocrx_word' id='word_1_394' title='bbox 3069 1218 3333 1271; x_wconf 88' lang='lat' dir='ltr'><strong>ﬂuentum</strong></span> <span class='ocrx_word' id='word_1_395' title='bbox 3392 1222 3559 1274; x_wconf 87' lang='lat' dir='ltr'><strong>maris</strong></span> <span class='ocrx_word' id='word_1_396' title='bbox 3621 1223 3781 1289; x_wconf 73' lang='lat'><strong>(63):</strong></span> <span class='ocrx_word' id='word_1_397' title='bbox 3841 1242 4042 1275; x_wconf 75' lang='lat' dir='ltr'><strong>verum</strong></span> 
     </span>
    </p>
   </div>
   <div class='ocr_carea' id='block_1_56' title="bbox 2439 1307 4044 1378">
    <p class='ocr_par' dir='ltr' id='par_1_56' title="bbox 2439 1307 4044 1378">
     <span class='ocr_line' id='line_1_56' title="bbox 2439 1307 4044 1378; baseline 0.006 -20"><span class='ocrx_word' id='word_1_398' title='bbox 2439 1308 2618 1378; x_wconf 67' lang='grc' dir='ltr'>ῥεῦμα</span> <span class='ocrx_word' id='word_1_399' title='bbox 2665 1308 2731 1361; x_wconf 90' lang='lat' dir='ltr'><strong>de</strong></span> <span class='ocrx_word' id='word_1_400' title='bbox 2781 1307 2958 1361; x_wconf 80' lang='lat' dir='ltr'><strong>ﬂuviis</strong></span> <span class='ocrx_word' id='word_1_401' title='bbox 2989 1325 3289 1378; x_wconf 89' lang='lat' dir='ltr'><strong>eorumque</strong></span> <span class='ocrx_word' id='word_1_402' title='bbox 3315 1311 3513 1376; x_wconf 79' lang='lat' dir='ltr'><strong>impetu</strong></span> <span class='ocrx_word' id='word_1_403' title='bbox 3561 1313 3788 1374; x_wconf 88' lang='lat' dir='ltr'><strong>dicitur,</strong></span> <span class='ocrx_word' id='word_1_404' title='bbox 3822 1331 3941 1367; x_wconf 86' lang='lat' dir='ltr'><strong>non</strong></span> <span class='ocrx_word' id='word_1_405' title='bbox 3981 1317 4044 1368; x_wconf 80' lang='lat' dir='ltr'><strong>de</strong></span> 
     </span>
    </p>
   </div>
   <div class='ocr_carea' id='block_1_57' title="bbox 2438 1403 4044 1470">
    <p class='ocr_par' dir='ltr' id='par_1_57' title="bbox 2438 1403 4044 1470">
     <span class='ocr_line' id='line_1_57' title="bbox 2438 1403 4044 1470; baseline 0.004 -16"><span class='ocrx_word' id='word_1_406' title='bbox 2438 1403 2562 1454; x_wconf 89' lang='lat' dir='ltr'><strong>sinu</strong></span> <span class='ocrx_word' id='word_1_407' title='bbox 2593 1403 2792 1466; x_wconf 87' lang='lat' dir='ltr'><strong>maris;</strong></span> <span class='ocrx_word' id='word_1_408' title='bbox 2851 1417 3028 1470; x_wconf 89' lang='lat' dir='ltr'><strong>neque</strong></span> <span class='ocrx_word' id='word_1_409' title='bbox 3083 1404 3270 1466; x_wconf 87' lang='lat' dir='ltr'><strong>etiam,</strong></span> <span class='ocrx_word' id='word_1_410' title='bbox 3309 1406 3354 1459; x_wconf 91' lang='lat' dir='ltr'><strong>si</strong></span> <span class='ocrx_word' id='word_1_411' title='bbox 3405 1406 3546 1458; x_wconf 90' lang='lat' dir='ltr'><strong>sinui</strong></span> <span class='ocrx_word' id='word_1_412' title='bbox 3605 1407 3880 1460; x_wconf 84' lang='lat' dir='ltr'><strong>Ceratino</strong></span> <span class='ocrx_word' id='word_1_413' title='bbox 3941 1409 4044 1461; x_wconf 68' lang='lat' dir='ltr'><strong>hoc</strong></span> 
     </span>
    </p>
   </div>
   <div class='ocr_carea' id='block_1_58' title="bbox 2439 1494 4043 1569">
    <p class='ocr_par' dir='ltr' id='par_1_58' title="bbox 2439 1494 4043 1569">
     <span class='ocr_line' id='line_1_58' title="bbox 2439 1494 4043 1569; baseline 0.006 -24"><span class='ocrx_word' id='word_1_414' title='bbox 2439 1507 2637 1546; x_wconf 90' lang='lat' dir='ltr'><strong>nomen</strong></span> <span class='ocrx_word' id='word_1_415' title='bbox 2679 1494 2820 1562; x_wconf 85' lang='lat' dir='ltr'><strong>apud</strong></span> <span class='ocrx_word' id='word_1_416' title='bbox 2859 1494 3187 1564; x_wconf 83' lang='lat' dir='ltr'><strong>Byzantinos</strong></span> <span class='ocrx_word' id='word_1_417' title='bbox 3245 1501 3540 1567; x_wconf 86' lang='lat' dir='ltr'><strong>scriptores</strong></span> <span class='ocrx_word' id='word_1_418' title='bbox 3593 1501 3919 1569; x_wconf 81' lang='lat' dir='ltr'><strong>obtigisset,</strong></span> <span class='ocrx_word' id='word_1_419' title='bbox 3995 1504 4043 1554; x_wconf 83' lang='lat' dir='ltr'><strong>id</strong></span> 
     </span>
    </p>
   </div>
   <div class='ocr_carea' id='block_1_59' title="bbox 2437 1586 4042 1662">
    <p class='ocr_par' dir='ltr' id='par_1_59' title="bbox 2437 1586 4042 1662">
     <span class='ocr_line' id='line_1_59' title="bbox 2437 1586 4042 1662; baseline 0.004 -23"><span class='ocrx_word' id='word_1_420' title='bbox 2437 1586 2694 1656; x_wconf 83' lang='lat' dir='ltr'><strong>Gyllium,</strong></span> <span class='ocrx_word' id='word_1_421' title='bbox 2737 1588 3001 1656; x_wconf 77' lang='lat' dir='ltr'><strong>Cangium</strong></span> <span class='ocrx_word' id='word_1_422' title='bbox 3050 1588 3185 1656; x_wconf 58' lang='lat'><strong>(64),</strong></span> <span class='ocrx_word' id='word_1_423' title='bbox 3242 1589 3486 1657; x_wconf 88' lang='lat' dir='ltr'><strong>aliosque</strong></span> <span class='ocrx_word' id='word_1_424' title='bbox 3540 1591 3796 1662; x_wconf 82' lang='lat' dir='ltr'><strong>fugisset.</strong></span> <span class='ocrx_word' id='word_1_425' title='bbox 3857 1592 4042 1646; x_wconf 73' lang='lat' dir='ltr'><strong>Porro</strong></span> 
     </span>
    </p>
   </div>
   <div class='ocr_carea' id='block_1_60' title="bbox 2437 1676 4039 1746">
    <p class='ocr_par' dir='ltr' id='par_1_60' title="bbox 2437 1676 4039 1746">
     <span class='ocr_line' id='line_1_60' title="bbox 2437 1676 4039 1746; baseline 0.002 -17"><span class='ocrx_word' id='word_1_426' title='bbox 2437 1677 2596 1731; x_wconf 81' lang='lat' dir='ltr'><strong>doCet</strong></span> <span class='ocrx_word' id='word_1_427' title='bbox 2633 1676 2864 1746; x_wconf 62' lang='lat' dir='ltr'><strong>Gyllius,</strong></span> <span class='ocrx_word' id='word_1_428' title='bbox 2899 1679 3162 1746; x_wconf 81' lang='lat' dir='ltr'><strong>templum</strong></span> <span class='ocrx_word' id='word_1_429' title='bbox 3192 1689 3244 1731; x_wconf 92' lang='lat' dir='ltr'><strong>et</strong></span> <span class='ocrx_word' id='word_1_430' title='bbox 3276 1679 3483 1732; x_wconf 83' lang='lat' dir='ltr'><strong>circum</strong></span> <span class='ocrx_word' id='word_1_431' title='bbox 3537 1680 3652 1732; x_wconf 89' lang='lat' dir='ltr'><strong>Divi</strong></span> <span class='ocrx_word' id='word_1_432' title='bbox 3704 1683 4039 1744; x_wconf 73' lang='lat' dir='ltr'><strong>Mam-antis,</strong></span> 
     </span>
    </p>
   </div>
   <div class='ocr_carea' id='block_1_61' title="bbox 2442 1773 4042 1840">
    <p class='ocr_par' dir='ltr' id='par_1_61' title="bbox 2442 1773 4042 1840">
     <span class='ocr_line' id='line_1_61' title="bbox 2442 1773 4042 1840; baseline 0.003 -16"><span class='ocrx_word' id='word_1_433' title='bbox 2442 1773 2516 1824; x_wconf 90' lang='lat' dir='ltr'><strong>uti</strong></span> <span class='ocrx_word' id='word_1_434' title='bbox 2552 1782 2602 1826; x_wconf 88' lang='lat' dir='ltr'><strong>et</strong></span> <span class='ocrx_word' id='word_1_435' title='bbox 2643 1775 2900 1840; x_wconf 81' lang='lat' dir='ltr'><strong>palatium</strong></span> <span class='ocrx_word' id='word_1_436' title='bbox 2936 1774 3002 1826; x_wconf 87' lang='lat' dir='ltr'><strong>ab</strong></span> <span class='ocrx_word' id='word_1_437' title='bbox 3035 1789 3099 1827; x_wconf 91' lang='lat' dir='ltr'><strong>eo</strong></span> <span class='ocrx_word' id='word_1_438' title='bbox 3134 1774 3366 1836; x_wconf 87' lang='lat' dir='ltr'><strong>dictum,</strong></span> <span class='ocrx_word' id='word_1_439' title='bbox 3421 1776 3521 1827; x_wconf 83' lang='lat' dir='ltr'><strong>sita</strong></span> <span class='ocrx_word' id='word_1_440' title='bbox 3580 1776 3754 1828; x_wconf 83' lang='lat' dir='ltr'><strong>fuisse</strong></span> <span class='ocrx_word' id='word_1_441' title='bbox 3799 1776 3853 1827; x_wconf 88' lang='lat' dir='ltr'><strong>in</strong></span> <span class='ocrx_word' id='word_1_442' title='bbox 3915 1777 4042 1828; x_wconf 82' lang='lat' dir='ltr'><strong>Bla—</strong></span> 
     </span>
    </p>
   </div>
   <div class='ocr_carea' id='block_1_62' title="bbox 2375 1850 4043 1937">
    <p class='ocr_par' dir='ltr' id='par_1_62' title="bbox 2375 1850 4043 1937">
     <span class='ocr_line' id='line_1_62' title="bbox 2375 1850 4043 1937; baseline 0.003 -22"><span class='ocrx_word' id='word_1_443' title='bbox 2375 1850 2689 1929; x_wconf 85' lang='lat' dir='ltr'><strong>Bchernis,</strong></span> <span class='ocrx_word' id='word_1_444' title='bbox 2743 1875 2894 1917; x_wconf 86' lang='lat' dir='ltr'><strong>extra</strong></span> <span class='ocrx_word' id='word_1_445' title='bbox 2961 1881 3147 1920; x_wconf 89' lang='lat' dir='ltr'><strong>muros</strong></span> <span class='ocrx_word' id='word_1_446' title='bbox 3205 1866 3439 1920; x_wconf 89' lang='lat' dir='ltr'><strong>civitatis</strong></span> <span class='ocrx_word' id='word_1_447' title='bbox 3503 1867 3639 1937; x_wconf 83' lang='lat'><strong>(65).</strong></span> <span class='ocrx_word' id='word_1_448' title='bbox 3707 1868 4043 1920; x_wconf 59' lang='lat' dir='ltr'><strong>Blacbcrnc</strong></span> 
     </span>
    </p>
   </div>
   <div class='ocr_carea' id='block_1_63' title="bbox 2441 1956 4042 2026">
    <p class='ocr_par' dir='ltr' id='par_1_63' title="bbox 2441 1956 4042 2026">
     <span class='ocr_line' id='line_1_63' title="bbox 2441 1956 4042 2026; baseline 0.002 -19"><span class='ocrx_word' id='word_1_449' title='bbox 2441 1959 2586 2008; x_wconf 90' lang='lat' dir='ltr'><strong>enim</strong></span> <span class='ocrx_word' id='word_1_450' title='bbox 2621 1956 2828 2007; x_wconf 87' lang='lat' dir='ltr'><strong>audivit</strong></span> <span class='ocrx_word' id='word_1_451' title='bbox 2856 1958 3039 2009; x_wconf 86' lang='lat' dir='ltr'><strong>omnis</strong></span> <span class='ocrx_word' id='word_1_452' title='bbox 3068 1957 3235 2025; x_wconf 88' lang='lat' dir='ltr'><strong>regio,</strong></span> <span class='ocrx_word' id='word_1_453' title='bbox 3271 1973 3391 2024; x_wconf 83' lang='lat' dir='ltr'><strong>qua:</strong></span> <span class='ocrx_word' id='word_1_454' title='bbox 3418 1957 3561 2009; x_wconf 80' lang='lat' dir='ltr'><strong>inter</strong></span> <span class='ocrx_word' id='word_1_455' title='bbox 3590 1958 3857 2026; x_wconf 84' lang='lat' dir='ltr'><strong>angulum</strong></span> <span class='ocrx_word' id='word_1_456' title='bbox 3891 1957 4042 2025; x_wconf 87' lang='lat' dir='ltr'><strong>Cpo—</strong></span> 
     </span>
    </p>
   </div>
   <div class='ocr_carea' id='block_1_64' title="bbox 2441 2046 4041 2116">
    <p class='ocr_par' dir='ltr' id='par_1_64' title="bbox 2441 2046 4041 2116">
     <span class='ocr_line' id='line_1_64' title="bbox 2441 2046 4041 2116; baseline 0.004 -18"><span class='ocrx_word' id='word_1_457' title='bbox 2441 2046 2507 2099; x_wconf 90' lang='lat' dir='ltr'><strong>lis</strong></span> <span class='ocrx_word' id='word_1_458' title='bbox 2543 2047 2941 2100; x_wconf 75' lang='lat' dir='ltr'><strong>octidentalem</strong></span> <span class='ocrx_word' id='word_1_459' title='bbox 2977 2056 3028 2099; x_wconf 85' lang='lat' dir='ltr'><strong>et</strong></span> <span class='ocrx_word' id='word_1_460' title='bbox 3092 2049 3270 2099; x_wconf 86' lang='lat' dir='ltr'><strong>sinum</strong></span> <span class='ocrx_word' id='word_1_461' title='bbox 3330 2046 3645 2101; x_wconf 84' lang='lat' dir='ltr'><strong>Ccratinum</strong></span> <span class='ocrx_word' id='word_1_462' title='bbox 3699 2050 3878 2116; x_wconf 85' lang='lat' dir='ltr'><strong>jacet,</strong></span> <span class='ocrx_word' id='word_1_463' title='bbox 3929 2066 4041 2116; x_wconf 84' lang='lat' dir='ltr'><strong>quo</strong></span> 
     </span>
    </p>
   </div>
   <div class='ocr_carea' id='block_1_65' title="bbox 2440 2138 4038 2207">
    <p class='ocr_par' dir='ltr' id='par_1_65' title="bbox 2440 2138 4038 2207">
     <span class='ocr_line' id='line_1_65' title="bbox 2440 2138 4038 2207; baseline 0.001 -15"><span class='ocrx_word' id='word_1_464' title='bbox 2440 2140 2562 2192; x_wconf 88' lang='lat' dir='ltr'><strong>sinu</strong></span> <span class='ocrx_word' id='word_1_465' title='bbox 2592 2139 2783 2196; x_wconf 81' lang='lat' dir='ltr'><strong>civitas</strong></span> <span class='ocrx_word' id='word_1_466' title='bbox 2817 2153 2845 2190; x_wconf 90' lang='lat' dir='ltr'><strong>a</strong></span> <span class='ocrx_word' id='word_1_467' title='bbox 2894 2139 3284 2207; x_wconf 81' lang='lat' dir='ltr'><strong>Septentrione</strong></span> <span class='ocrx_word' id='word_1_468' title='bbox 3341 2138 3646 2203; x_wconf 82' lang='lat' dir='ltr'><strong>clauditur;</strong></span> <span class='ocrx_word' id='word_1_469' title='bbox 3711 2141 3808 2194; x_wconf 91' lang='lat' dir='ltr'><strong>hic</strong></span> <span class='ocrx_word' id='word_1_470' title='bbox 3864 2145 4038 2193; x_wconf 77' lang='lat' dir='ltr'><strong>etiam</strong></span> 
     </span>
    </p>
   </div>
   <div class='ocr_carea' id='block_1_66' title="bbox 2439 2230 4038 2300">
    <p class='ocr_par' dir='ltr' id='par_1_66' title="bbox 2439 2230 4038 2300">
     <span class='ocr_line' id='line_1_66' title="bbox 2439 2230 4038 2300; baseline -0.001 -16"><span class='ocrx_word' id='word_1_471' title='bbox 2439 2231 2708 2286; x_wconf 87' lang='lat' dir='ltr'><strong>decimam</strong></span> <span class='ocrx_word' id='word_1_472' title='bbox 2762 2244 3009 2298; x_wconf 80' lang='lat' dir='ltr'><strong>quartam</strong></span> <span class='ocrx_word' id='word_1_473' title='bbox 3065 2230 3248 2300; x_wconf 79' lang='lat' dir='ltr'><strong>Cpolis</strong></span> <span class='ocrx_word' id='word_1_474' title='bbox 3316 2233 3588 2300; x_wconf 82' lang='lat' dir='ltr'><strong>regionem</strong></span> <span class='ocrx_word' id='word_1_475' title='bbox 3657 2232 3832 2287; x_wconf 84' lang='lat' dir='ltr'><strong>fuisse</strong></span> <span class='ocrx_word' id='word_1_476' title='bbox 3885 2234 4038 2285; x_wconf 66' lang='lat' dir='ltr'><strong>idem</strong></span> 
     </span>
    </p>
   </div>
   <div class='ocr_carea' id='block_1_67' title="bbox 2439 2324 4039 2393">
    <p class='ocr_par' dir='ltr' id='par_1_67' title="bbox 2439 2324 4039 2393">
     <span class='ocr_line' id='line_1_67' title="bbox 2439 2324 4039 2393; baseline 0.001 -16"><span class='ocrx_word' id='word_1_477' title='bbox 2439 2324 2643 2393; x_wconf 70' lang='lat' dir='ltr'><strong>Gyllius</strong></span> <span class='ocrx_word' id='word_1_478' title='bbox 2671 2324 2975 2380; x_wconf 87' lang='lat' dir='ltr'><strong>constituit.</strong></span> <span class='ocrx_word' id='word_1_479' title='bbox 3019 2324 3092 2377; x_wconf 89' lang='lat' dir='ltr'><strong>De</strong></span> <span class='ocrx_word' id='word_1_480' title='bbox 3119 2324 3251 2378; x_wconf 90' lang='lat' dir='ltr'><strong>locis</strong></span> <span class='ocrx_word' id='word_1_481' title='bbox 3289 2324 3393 2376; x_wconf 90' lang='lat' dir='ltr'><strong>illis</strong></span> <span class='ocrx_word' id='word_1_482' title='bbox 3425 2324 3577 2392; x_wconf 89' lang='lat' dir='ltr'><strong>plura</strong></span> <span class='ocrx_word' id='word_1_483' title='bbox 3626 2325 3836 2378; x_wconf 75' lang='lat' dir='ltr'><strong>videsis</strong></span> <span class='ocrx_word' id='word_1_484' title='bbox 3886 2327 4039 2393; x_wconf 84' lang='lat' dir='ltr'><strong>apud</strong></span> 
     </span>
    </p>
   </div>
   <div class='ocr_carea' id='block_1_68' title="bbox 2439 2414 4039 2484">
    <p class='ocr_par' dir='ltr' id='par_1_68' title="bbox 2439 2414 4039 2484">
     <span class='ocr_line' id='line_1_68' title="bbox 2439 2414 4039 2484; baseline 0.002 -18"><span class='ocrx_word' id='word_1_485' title='bbox 2439 2414 2876 2481; x_wconf 68' lang='lat' dir='ltr'><strong>l‘apebrochium</strong></span> <span class='ocrx_word' id='word_1_486' title='bbox 2914 2414 2980 2466; x_wconf 86' lang='lat' dir='ltr'><strong>ad</strong></span> <span class='ocrx_word' id='word_1_487' title='bbox 3010 2415 3150 2466; x_wconf 90' lang='lat' dir='ltr'><strong>diem</strong></span> <span class='ocrx_word' id='word_1_488' title='bbox 3180 2431 3268 2467; x_wconf 81' lang='lat' dir='ltr'><strong>xvr</strong></span> <span class='ocrx_word' id='word_1_489' title='bbox 3301 2414 3421 2466; x_wconf 77' lang='lat' dir='ltr'><strong>Maii</strong></span> <span class='ocrx_word' id='word_1_490' title='bbox 3473 2414 3583 2480; x_wconf 87' lang='grc'>(66)</span> <span class='ocrx_word' id='word_1_491' title='bbox 3648 2425 3702 2468; x_wconf 84' lang='lat' dir='ltr'><strong>et</strong></span> <span class='ocrx_word' id='word_1_492' title='bbox 3766 2416 3823 2468; x_wconf 87' lang='lat' dir='ltr'><strong>in</strong></span> <span class='ocrx_word' id='word_1_493' title='bbox 3893 2431 4039 2484; x_wconf 65' lang='lat' dir='ltr'><strong>prae-</strong></span> 
     </span>
    </p>
   </div>
   <div class='ocr_carea' id='block_1_69' title="bbox 2441 2504 4039 2575">
    <p class='ocr_par' dir='ltr' id='par_1_69' title="bbox 2441 2504 4039 2575">
     <span class='ocr_line' id='line_1_69' title="bbox 2441 2504 4039 2575; baseline -0.001 -15"><span class='ocrx_word' id='word_1_494' title='bbox 2441 2506 2589 2560; x_wconf 89' lang='lat' dir='ltr'><strong>claro</strong></span> <span class='ocrx_word' id='word_1_495' title='bbox 2615 2520 2780 2573; x_wconf 89' lang='lat' dir='ltr'><strong>opere</strong></span> <span class='ocrx_word' id='word_1_496' title='bbox 2816 2504 3002 2575; x_wconf 81' lang='lat' dir='ltr'><strong>Cangii</strong></span> <span class='ocrx_word' id='word_1_497' title='bbox 3055 2508 3198 2574; x_wconf 86' lang='lat' dir='ltr'><strong>quod</strong></span> <span class='ocrx_word' id='word_1_498' title='bbox 3239 2506 3423 2575; x_wconf 88' lang='lat' dir='ltr'><strong>Cpolis</strong></span> <span class='ocrx_word' id='word_1_499' title='bbox 3466 2507 3781 2561; x_wconf 85' lang='lat' dir='ltr'><strong>Christiana</strong></span> <span class='ocrx_word' id='word_1_500' title='bbox 3835 2509 4039 2561; x_wconf 70' lang='lat' dir='ltr'><strong>insui-</strong></span> 
     </span>
    </p>
   </div>
   <div class='ocr_carea' id='block_1_70' title="bbox 2441 2599 2752 2667">
    <p class='ocr_par' dir='ltr' id='par_1_70' title="bbox 2441 2599 2752 2667">
     <span class='ocr_line' id='line_1_70' title="bbox 2441 2599 2752 2667; baseline -0.003 -15"><span class='ocrx_word' id='word_1_501' title='bbox 2441 2599 2586 2653; x_wconf 87' lang='lat' dir='ltr'><strong>bitttr</strong></span> <span class='ocrx_word' id='word_1_502' title='bbox 2615 2599 2752 2667; x_wconf 77' lang='lat'><strong>(67).</strong></span> 
     </span>
    </p>
   </div>
   <div class='ocr_carea' id='block_1_71' title="bbox 2504 2683 4034 2756">
    <p class='ocr_par' dir='ltr' id='par_1_71' title="bbox 2504 2683 4034 2756">
     <span class='ocr_line' id='line_1_71' title="bbox 2504 2683 4034 2756; baseline -0.002 -15"><span class='ocrx_word' id='word_1_503' title='bbox 2504 2689 2592 2741; x_wconf 70' lang='lat'><strong>21.</strong></span> <span class='ocrx_word' id='word_1_504' title='bbox 2631 2689 2945 2756; x_wconf 83' lang='lat' dir='ltr'><strong>Emporium</strong></span> <span class='ocrx_word' id='word_1_505' title='bbox 3000 2687 3275 2748; x_wconf 85' lang='lat' dir='ltr'><strong>Leucadii,</strong></span> <span class='ocrx_word' id='word_1_506' title='bbox 3309 2687 3362 2738; x_wconf 90' lang='lat' dir='ltr'><strong>in</strong></span> <span class='ocrx_word' id='word_1_507' title='bbox 3392 2701 3500 2754; x_wconf 90' lang='lat' dir='ltr'><strong>quo</strong></span> <span class='ocrx_word' id='word_1_508' title='bbox 3555 2700 3783 2738; x_wconf 89' lang='lat' dir='ltr'><strong>sorores</strong></span> <span class='ocrx_word' id='word_1_509' title='bbox 3835 2684 3895 2737; x_wconf 84' lang='lat' dir='ltr'><strong>S.</strong></span> <span class='ocrx_word' id='word_1_510' title='bbox 3931 2683 4034 2738; x_wconf 80' lang='lat' dir='ltr'><strong>Pe-</strong></span> 
     </span>
    </p>
   </div>
   <div class='ocr_carea' id='block_1_72' title="bbox 2443 2773 4034 2844">
    <p class='ocr_par' dir='ltr' id='par_1_72' title="bbox 2443 2773 4034 2844">
     <span class='ocr_line' id='line_1_72' title="bbox 2443 2773 4034 2844; baseline 0 -15"><span class='ocrx_word' id='word_1_511' title='bbox 2443 2779 2507 2829; x_wconf 90' lang='lat' dir='ltr'><strong>tri</strong></span> <span class='ocrx_word' id='word_1_512' title='bbox 2543 2778 2609 2828; x_wconf 90' lang='lat' dir='ltr'><strong>de</strong></span> <span class='ocrx_word' id='word_1_513' title='bbox 2641 2773 2962 2828; x_wconf 86' lang='lat' dir='ltr'><strong>Blachernis</strong></span> <span class='ocrx_word' id='word_1_514' title='bbox 3015 2776 3136 2842; x_wconf 81' lang='lat' dir='ltr'><strong>ejus</strong></span> <span class='ocrx_word' id='word_1_515' title='bbox 3183 2790 3380 2844; x_wconf 90' lang='lat' dir='ltr'><strong>corpus</strong></span> <span class='ocrx_word' id='word_1_516' title='bbox 3438 2775 3800 2843; x_wconf 88' lang='lat' dir='ltr'><strong>sepelierunt,</strong></span> <span class='ocrx_word' id='word_1_517' title='bbox 3845 2776 4034 2830; x_wconf 70' lang='lat' dir='ltr'><strong>direr—</strong></span> 
     </span>
    </p>
   </div>
   <div class='ocr_carea' id='block_1_73' title="bbox 2442 2868 4028 2940">
    <p class='ocr_par' dir='ltr' id='par_1_73' title="bbox 2442 2868 4028 2940">
     <span class='ocr_line' id='line_1_73' title="bbox 2442 2868 4028 2940; baseline 0.001 -19"><span class='ocrx_word' id='word_1_518' title='bbox 2442 2885 2561 2922; x_wconf 90' lang='lat' dir='ltr'><strong>sum</strong></span> <span class='ocrx_word' id='word_1_519' title='bbox 2595 2881 2701 2921; x_wconf 90' lang='lat' dir='ltr'><strong>non</strong></span> <span class='ocrx_word' id='word_1_520' title='bbox 2727 2877 2812 2921; x_wconf 89' lang='lat' dir='ltr'><strong>est</strong></span> <span class='ocrx_word' id='word_1_521' title='bbox 2843 2883 2870 2919; x_wconf 86' lang='lat' dir='ltr'><strong>a</strong></span> <span class='ocrx_word' id='word_1_522' title='bbox 2905 2868 3024 2922; x_wconf 88' lang='lat' dir='ltr'><strong>loco</strong></span> <span class='ocrx_word' id='word_1_523' title='bbox 3064 2884 3226 2937; x_wconf 88' lang='lat' dir='ltr'><strong>quem</strong></span> <span class='ocrx_word' id='word_1_524' title='bbox 3264 2869 3549 2938; x_wconf 73' lang='lat' dir='ltr'><strong>Dionysius</strong></span> <span class='ocrx_word' id='word_1_525' title='bbox 3586 2869 3933 2940; x_wconf 58' lang='lat' dir='ltr'><strong>Byzantinus</strong></span> <span class='ocrx_word' id='word_1_526' title='bbox 3979 2872 4028 2922; x_wconf 91' lang='lat' dir='ltr'><strong>in</strong></span> 
     </span>
    </p>
   </div>
   <div class='ocr_carea' id='block_1_74' title="bbox 2436 2959 4027 3032">
    <p class='ocr_par' dir='ltr' id='par_1_74' title="bbox 2436 2959 4027 3032">
     <span class='ocr_line' id='line_1_74' title="bbox 2436 2959 4027 3032; baseline 0.001 -20"><span class='ocrx_word' id='word_1_527' title='bbox 2436 2961 2648 3029; x_wconf 85' lang='lat' dir='ltr'><strong>Anaplo</strong></span> <span class='ocrx_word' id='word_1_528' title='bbox 2677 2959 2902 3029; x_wconf 85' lang='lat' dir='ltr'><strong>Bospori</strong></span> <span class='ocrx_word' id='word_1_529' title='bbox 2941 2961 3058 3030; x_wconf 75' lang='grc'>(68)</span> <span class='ocrx_word' id='word_1_530' title='bbox 3098 2961 3388 3032; x_wconf 76' lang='lat' dir='ltr'><strong>Lycadium</strong></span> <span class='ocrx_word' id='word_1_531' title='bbox 3446 2967 3896 3030; x_wconf 85' lang='lat' dir='ltr'><strong>promontorium</strong></span> <span class='ocrx_word' id='word_1_532' title='bbox 3949 2965 4027 3015; x_wconf 80' lang='lat' dir='ltr'><strong>di-</strong></span> 
     </span>
    </p>
   </div>
   <div class='ocr_carea' id='block_1_75' title="bbox 2438 3053 4028 3124">
    <p class='ocr_par' dir='ltr' id='par_1_75' title="bbox 2438 3053 4028 3124">
     <span class='ocr_line' id='line_1_75' title="bbox 2438 3053 4028 3124; baseline -0.001 -18"><span class='ocrx_word' id='word_1_533' title='bbox 2438 3053 2528 3116; x_wconf 89' lang='lat' dir='ltr'><strong>cit,</strong></span> <span class='ocrx_word' id='word_1_534' title='bbox 2557 3064 2784 3124; x_wconf 86' lang='lat' dir='ltr'><strong>eratque</strong></span> <span class='ocrx_word' id='word_1_535' title='bbox 2819 3056 2872 3109; x_wconf 90' lang='lat' dir='ltr'><strong>in</strong></span> <span class='ocrx_word' id='word_1_536' title='bbox 2902 3056 3084 3110; x_wconf 85' lang='lat' dir='ltr'><strong>littore</strong></span> <span class='ocrx_word' id='word_1_537' title='bbox 3132 3055 3380 3108; x_wconf 90' lang='lat' dir='ltr'><strong>orientali</strong></span> <span class='ocrx_word' id='word_1_538' title='bbox 3435 3053 3686 3122; x_wconf 87' lang='lat' dir='ltr'><strong>Bospori,</strong></span> <span class='ocrx_word' id='word_1_539' title='bbox 3745 3070 3855 3106; x_wconf 88' lang='lat' dir='ltr'><strong>non</strong></span> <span class='ocrx_word' id='word_1_540' title='bbox 3905 3072 4028 3122; x_wconf 72' lang='lat' dir='ltr'><strong>nro-</strong></span> 
     </span>
    </p>
   </div>
   <div class='ocr_carea' id='block_1_76' title="bbox 2437 3146 4027 3220">
    <p class='ocr_par' dir='ltr' id='par_1_76' title="bbox 2437 3146 4027 3220">
     <span class='ocr_line' id='line_1_76' title="bbox 2437 3146 4027 3220; baseline -0.002 -20"><span class='ocrx_word' id='word_1_541' title='bbox 2437 3147 2524 3200; x_wconf 85' lang='lat' dir='ltr'><strong>Cui</strong></span> <span class='ocrx_word' id='word_1_542' title='bbox 2559 3165 2588 3200; x_wconf 90' lang='lat' dir='ltr'><strong>a</strong></span> <span class='ocrx_word' id='word_1_543' title='bbox 2618 3147 2940 3220; x_wconf 68' lang='lat' dir='ltr'><strong>Chrysopoli</strong></span> <span class='ocrx_word' id='word_1_544' title='bbox 2972 3149 3158 3201; x_wconf 90' lang='lat' dir='ltr'><strong>situm.</strong></span> <span class='ocrx_word' id='word_1_545' title='bbox 3190 3146 3414 3197; x_wconf 80' lang='lat' dir='ltr'><strong>Constat</strong></span> <span class='ocrx_word' id='word_1_546' title='bbox 3447 3146 3498 3197; x_wconf 91' lang='lat' dir='ltr'><strong>id</strong></span> <span class='ocrx_word' id='word_1_547' title='bbox 3533 3146 3730 3200; x_wconf 82' lang='lat' dir='ltr'><strong>iterum</strong></span> <span class='ocrx_word' id='word_1_548' title='bbox 3759 3162 3826 3198; x_wconf 79' lang='lat' dir='ltr'><strong>cx</strong></span> <span class='ocrx_word' id='word_1_549' title='bbox 3852 3146 4027 3198; x_wconf 82' lang='lat' dir='ltr'><strong>Chro-</strong></span> 
     </span>
    </p>
   </div>
   <div class='ocr_carea' id='block_1_77' title="bbox 2441 3237 4018 3310">
    <p class='ocr_par' dir='ltr' id='par_1_77' title="bbox 2441 3237 4018 3310">
     <span class='ocr_line' id='line_1_77' title="bbox 2441 3237 4018 3310; baseline 0 -18"><span class='ocrx_word' id='word_1_550' title='bbox 2441 3243 2582 3294; x_wconf 82' lang='lat' dir='ltr'><strong>nicis</strong></span> <span class='ocrx_word' id='word_1_551' title='bbox 2623 3243 2908 3310; x_wconf 78' lang='lat' dir='ltr'><strong>Symeonis</strong></span> <span class='ocrx_word' id='word_1_552' title='bbox 2949 3241 3185 3308; x_wconf 74' lang='lat' dir='ltr'><strong>Magistri</strong></span> <span class='ocrx_word' id='word_1_553' title='bbox 3217 3239 3349 3307; x_wconf 81' lang='lat' dir='ltr'><strong>(G9),</strong></span> <span class='ocrx_word' id='word_1_554' title='bbox 3376 3237 3587 3308; x_wconf 81' lang='lat' dir='ltr'><strong>Georgii</strong></span> <span class='ocrx_word' id='word_1_555' title='bbox 3615 3241 3876 3293; x_wconf 86' lang='lat' dir='ltr'><strong>monachi</strong></span> <span class='ocrx_word' id='word_1_556' title='bbox 3912 3244 4018 3309; x_wconf 71' lang='grc' dir='ltr'><strong>ιἿΟι</strong></span> 
     </span>
    </p>
   </div>
   <div class='ocr_carea' id='block_1_78' title="bbox 2443 3331 4022 3403">
    <p class='ocr_par' dir='ltr' id='par_1_78' title="bbox 2443 3331 4022 3403">
     <span class='ocr_line' id='line_1_78' title="bbox 2443 3331 4022 3403; baseline 0.002 -18"><span class='ocrx_word' id='word_1_557' title='bbox 2443 3341 2496 3385; x_wconf 89' lang='lat' dir='ltr'><strong>et</strong></span> <span class='ocrx_word' id='word_1_558' title='bbox 2531 3333 2926 3386; x_wconf 87' lang='lat' dir='ltr'><strong>continuatoris</strong></span> <span class='ocrx_word' id='word_1_559' title='bbox 2958 3332 3210 3402; x_wconf 73' lang='lat' dir='ltr'><strong>anonymi</strong></span> <span class='ocrx_word' id='word_1_560' title='bbox 3241 3331 3588 3401; x_wconf 83' lang='lat' dir='ltr'><strong>Theophanis</strong></span> <span class='ocrx_word' id='word_1_561' title='bbox 3624 3333 3762 3400; x_wconf 83' lang='lat'><strong>(71).</strong></span> <span class='ocrx_word' id='word_1_562' title='bbox 3822 3337 4022 3403; x_wconf 84' lang='lat' dir='ltr'><strong>Empo-</strong></span> 
     </span>
    </p>
   </div>
   <div class='ocr_carea' id='block_1_79' title="bbox 2442 3424 4021 3493">
    <p class='ocr_par' dir='ltr' id='par_1_79' title="bbox 2442 3424 4021 3493">
     <span class='ocr_line' id='line_1_79' title="bbox 2442 3424 4021 3493; baseline -0.001 -17"><span class='ocrx_word' id='word_1_563' title='bbox 2442 3424 2506 3476; x_wconf 93' lang='lat' dir='ltr'><strong>rii</strong></span> <span class='ocrx_word' id='word_1_564' title='bbox 2541 3435 2722 3478; x_wconf 89' lang='lat' dir='ltr'><strong>autem</strong></span> <span class='ocrx_word' id='word_1_565' title='bbox 2757 3425 3002 3488; x_wconf 89' lang='lat' dir='ltr'><strong>nomine,</strong></span> <span class='ocrx_word' id='word_1_566' title='bbox 3036 3425 3176 3492; x_wconf 91' lang='lat' dir='ltr'><strong>quod</strong></span> <span class='ocrx_word' id='word_1_567' title='bbox 3203 3425 3336 3477; x_wconf 91' lang='lat' dir='ltr'><strong>locis</strong></span> <span class='ocrx_word' id='word_1_568' title='bbox 3362 3426 3423 3476; x_wconf 86' lang='lat' dir='ltr'><strong>ad</strong></span> <span class='ocrx_word' id='word_1_569' title='bbox 3458 3439 3604 3475; x_wconf 82' lang='lat' dir='ltr'><strong>inare</strong></span> <span class='ocrx_word' id='word_1_570' title='bbox 3639 3424 3760 3477; x_wconf 88' lang='lat' dir='ltr'><strong>sitis</strong></span> <span class='ocrx_word' id='word_1_571' title='bbox 3799 3429 4021 3493; x_wconf 70' lang='lat' dir='ltr'><strong>potissi-</strong></span> 
     </span>
    </p>
   </div>
   <div class='ocr_carea' id='block_1_80' title="bbox 2439 3516 4020 3585">
    <p class='ocr_par' dir='ltr' id='par_1_80' title="bbox 2439 3516 4020 3585">
     <span class='ocr_line' id='line_1_80' title="bbox 2439 3516 4020 3585; baseline 0 -17"><span class='ocrx_word' id='word_1_572' title='bbox 2439 3532 2586 3568; x_wconf 87' lang='lat' dir='ltr'><strong>mum</strong></span> <span class='ocrx_word' id='word_1_573' title='bbox 2621 3516 2783 3566; x_wconf 89' lang='lat' dir='ltr'><strong>tribui</strong></span> <span class='ocrx_word' id='word_1_574' title='bbox 2824 3525 3010 3567; x_wconf 91' lang='lat' dir='ltr'><strong>notum</strong></span> <span class='ocrx_word' id='word_1_575' title='bbox 3041 3525 3140 3577; x_wconf 90' lang='lat' dir='ltr'><strong>cst,</strong></span> <span class='ocrx_word' id='word_1_576' title='bbox 3174 3531 3281 3567; x_wconf 89' lang='lat' dir='ltr'><strong>non</strong></span> <span class='ocrx_word' id='word_1_577' title='bbox 3312 3516 3603 3582; x_wconf 83' lang='lat' dir='ltr'><strong>improprie</strong></span> <span class='ocrx_word' id='word_1_578' title='bbox 3662 3517 3751 3566; x_wconf 85' lang='lat' dir='ltr'><strong>hic</strong></span> <span class='ocrx_word' id='word_1_579' title='bbox 3794 3517 4020 3585; x_wconf 66' lang='lat' dir='ltr'><strong>insigni-</strong></span> 
     </span>
    </p>
   </div>
   <div class='ocr_carea' id='block_1_81' title="bbox 2447 3606 4020 3673">
    <p class='ocr_par' dir='ltr' id='par_1_81' title="bbox 2447 3606 4020 3673">
     <span class='ocr_line' id='line_1_81' title="bbox 2447 3606 4020 3673; baseline 0.002 -15"><span class='ocrx_word' id='word_1_580' title='bbox 2447 3616 2557 3659; x_wconf 87' lang='lat' dir='ltr'><strong>tur.</strong></span> <span class='ocrx_word' id='word_1_581' title='bbox 2602 3607 2770 3659; x_wconf 80' lang='lat' dir='ltr'>Porro</span> <span class='ocrx_word' id='word_1_582' title='bbox 2801 3607 2949 3659; x_wconf 89' lang='lat' dir='ltr'><strong>locus</strong></span> <span class='ocrx_word' id='word_1_583' title='bbox 2992 3606 3135 3658; x_wconf 88' lang='lat' dir='ltr'><strong>idem</strong></span> <span class='ocrx_word' id='word_1_584' title='bbox 3170 3607 3410 3668; x_wconf 86' lang='lat' dir='ltr'><strong>omnino,</strong></span> <span class='ocrx_word' id='word_1_585' title='bbox 3448 3607 3718 3673; x_wconf 86' lang='lat' dir='ltr'><strong>siquidem</strong></span> <span class='ocrx_word' id='word_1_586' title='bbox 3756 3611 3825 3660; x_wconf 79' lang='lat' dir='ltr'><strong>ad</strong></span> <span class='ocrx_word' id='word_1_587' title='bbox 3868 3626 4020 3662; x_wconf 86' lang='lat' dir='ltr'><strong>cum-</strong></span> 
     </span>
    </p>
   </div>
   <div class='ocr_carea' id='block_1_82' title="bbox 2441 3695 4020 3764">
    <p class='ocr_par' dir='ltr' id='par_1_82' title="bbox 2441 3695 4020 3764">
     <span class='ocr_line' id='line_1_82' title="bbox 2441 3695 4020 3764; baseline 0.002 -15"><span class='ocrx_word' id='word_1_588' title='bbox 2441 3697 2562 3749; x_wconf 80' lang='lat' dir='ltr'><strong>dem</strong></span> <span class='ocrx_word' id='word_1_589' title='bbox 2599 3714 2799 3749; x_wconf 85' lang='lat' dir='ltr'><strong>annum</strong></span> <span class='ocrx_word' id='word_1_590' title='bbox 2849 3695 3044 3748; x_wconf 85' lang='lat' dir='ltr'><strong>similia</strong></span> <span class='ocrx_word' id='word_1_591' title='bbox 3081 3695 3281 3764; x_wconf 86' lang='lat' dir='ltr'><strong>ubique</strong></span> <span class='ocrx_word' id='word_1_592' title='bbox 3323 3698 3388 3749; x_wconf 90' lang='lat' dir='ltr'><strong>de</strong></span> <span class='ocrx_word' id='word_1_593' title='bbox 3438 3712 3501 3748; x_wconf 87' lang='lat' dir='ltr'><strong>eo</strong></span> <span class='ocrx_word' id='word_1_594' title='bbox 3549 3701 3951 3759; x_wconf 80' lang='lat' dir='ltr'><strong>metuerantur,</strong></span> <span class='ocrx_word' id='word_1_595' title='bbox 3994 3719 4020 3752; x_wconf 88' lang='lat' dir='ltr'><strong>a</strong></span> 
     </span>
    </p>
   </div>
   <div class='ocr_carea' id='block_1_83' title="bbox 2446 3784 4018 3858">
    <p class='ocr_par' dir='ltr' id='par_1_83' title="bbox 2446 3784 4018 3858">
     <span class='ocr_line' id='line_1_83' title="bbox 2446 3784 4018 3858; baseline 0.004 -19"><span class='ocrx_word' id='word_1_596' title='bbox 2446 3787 2717 3856; x_wconf 68' lang='lat' dir='ltr'><strong>Symeone</strong></span> <span class='ocrx_word' id='word_1_597' title='bbox 2746 3797 2798 3838; x_wconf 85' lang='lat' dir='ltr'><strong>et</strong></span> <span class='ocrx_word' id='word_1_598' title='bbox 2829 3784 3042 3839; x_wconf 87' lang='lat' dir='ltr'><strong>Joanne</strong></span> <span class='ocrx_word' id='word_1_599' title='bbox 3070 3785 3300 3855; x_wconf 66' lang='lat' dir='ltr'><strong>Sexlitza</strong></span> <span class='ocrx_word' id='word_1_600' title='bbox 3351 3785 3661 3842; x_wconf 82' lang='lat' dir='ltr'><strong>Leucatium</strong></span> <span class='ocrx_word' id='word_1_601' title='bbox 3695 3792 3851 3844; x_wconf 90' lang='lat' dir='ltr'><strong>audit</strong></span> <span class='ocrx_word' id='word_1_602' title='bbox 3888 3793 4018 3858; x_wconf 68' lang='lat'><strong>(7&#39;3).</strong></span> 
     </span>
    </p>
   </div>
   <div class='ocr_carea' id='block_1_84' title="bbox 2437 3864 4016 3947">
    <p class='ocr_par' dir='ltr' id='par_1_84' title="bbox 2437 3864 4016 3947">
     <span class='ocr_line' id='line_1_84' title="bbox 2437 3864 4016 3947; baseline 0.004 -15"><span class='ocrx_word' id='word_1_603' title='bbox 2437 3895 2464 3932; x_wconf 89' lang='lat' dir='ltr'><strong>a</strong></span> <span class='ocrx_word' id='word_1_604' title='bbox 2501 3880 2712 3932; x_wconf 61' lang='lat' dir='ltr'><strong>caeteris</strong></span> <span class='ocrx_word' id='word_1_605' title='bbox 2737 3895 2870 3932; x_wconf 82' lang='lat' dir='ltr'><strong>vero</strong></span> <span class='ocrx_word' id='word_1_606' title='bbox 2899 3879 3195 3941; x_wconf 84' lang='lat' dir='ltr'><strong>Leucates;</strong></span> <span class='ocrx_word' id='word_1_607' title='bbox 3231 3864 3582 3947; x_wconf 83' lang='lat' dir='ltr'><strong>quamobrem</strong></span> <span class='ocrx_word' id='word_1_608' title='bbox 3628 3882 3923 3938; x_wconf 82' lang='lat' dir='ltr'><strong>manifeste</strong></span> <span class='ocrx_word' id='word_1_609' title='bbox 3955 3886 4016 3938; x_wconf 86' lang='lat' dir='ltr'><strong>de</strong></span> 
     </span>
    </p>
   </div>
   <div class='ocr_carea' id='block_1_85' title="bbox 2439 3967 4017 4041">
    <p class='ocr_par' dir='ltr' id='par_1_85' title="bbox 2439 3967 4017 4041">
     <span class='ocr_line' id='line_1_85' title="bbox 2439 3967 4017 4041; baseline 0.004 -16"><span class='ocrx_word' id='word_1_610' title='bbox 2439 3987 2505 4025; x_wconf 92' lang='lat' dir='ltr'><strong>eo</strong></span> <span class='ocrx_word' id='word_1_611' title='bbox 2543 3973 2621 4041; x_wconf 86' lang='lat' dir='ltr'><strong>agi</strong></span> <span class='ocrx_word' id='word_1_612' title='bbox 2658 3972 2896 4037; x_wconf 87' lang='lat' dir='ltr'><strong>videtur,</strong></span> <span class='ocrx_word' id='word_1_613' title='bbox 2926 3973 2993 4024; x_wconf 85' lang='lat' dir='ltr'><strong>ad</strong></span> <span class='ocrx_word' id='word_1_614' title='bbox 3035 3967 3174 4024; x_wconf 87' lang='lat' dir='ltr'><strong>diem</strong></span> <span class='ocrx_word' id='word_1_615' title='bbox 3210 3987 3337 4024; x_wconf 70' lang='lat' dir='ltr'><strong>unt</strong></span> <span class='ocrx_word' id='word_1_616' title='bbox 3369 3971 3517 4037; x_wconf 83' lang='lat' dir='ltr'><strong>Julii,</strong></span> <span class='ocrx_word' id='word_1_617' title='bbox 3554 3975 3642 4028; x_wconf 87' lang='lat' dir='ltr'><strong>ubi</strong></span> <span class='ocrx_word' id='word_1_618' title='bbox 3675 3977 3742 4028; x_wconf 89' lang='lat' dir='ltr'><strong>de</strong></span> <span class='ocrx_word' id='word_1_619' title='bbox 3777 3977 3837 4030; x_wconf 88' lang='lat' dir='ltr'><strong>S.</strong></span> <span class='ocrx_word' id='word_1_620' title='bbox 3866 3979 4017 4031; x_wconf 77' lang='lat' dir='ltr'><strong>Anna</strong></span> 
     </span>
    </p>
   </div>
   <div class='ocr_carea' id='block_1_86' title="bbox 2436 4063 4019 4139">
    <p class='ocr_par' dir='ltr' id='par_1_86' title="bbox 2436 4063 4019 4139">
     <span class='ocr_line' id='line_1_86' title="bbox 2436 4063 4019 4139; baseline 0.007 -24"><span class='ocrx_word' id='word_1_621' title='bbox 2436 4065 2494 4116; x_wconf 86' lang='grc' dir='ltr'><strong>ὲν</strong></span> <span class='ocrx_word' id='word_1_622' title='bbox 2533 4064 2610 4132; x_wconf 77' lang='grc' dir='ltr'><strong>τῷ</strong></span> <span class='ocrx_word' id='word_1_623' title='bbox 2645 4065 2901 4134; x_wconf 76' lang='grc' dir='ltr'><strong>Λεύκατῃ</strong></span> <span class='ocrx_word' id='word_1_624' title='bbox 2931 4063 3120 4116; x_wconf 89' lang='lat' dir='ltr'><strong>Pinius</strong></span> <span class='ocrx_word' id='word_1_625' title='bbox 3171 4075 3357 4116; x_wconf 84' lang='lat' dir='ltr'><strong>noster</strong></span> <span class='ocrx_word' id='word_1_626' title='bbox 3420 4067 3639 4120; x_wconf 89' lang='lat' dir='ltr'><strong>disserit</strong></span> <span class='ocrx_word' id='word_1_627' title='bbox 3695 4071 3836 4139; x_wconf 76' lang='lat'><strong>(75).</strong></span> <span class='ocrx_word' id='word_1_628' title='bbox 3892 4073 4019 4126; x_wconf 78' lang='lat' dir='ltr'>Pro-</span> 
     </span>
    </p>
   </div>
   <div class='ocr_carea' id='block_1_87' title="bbox 2445 4156 4016 4232">
    <p class='ocr_par' dir='ltr' id='par_1_87' title="bbox 2445 4156 4016 4232">
     <span class='ocr_line' id='line_1_87' title="bbox 2445 4156 4016 4232; baseline 0.004 -23"><span class='ocrx_word' id='word_1_629' title='bbox 2445 4156 2775 4210; x_wconf 89' lang='lat' dir='ltr'><strong>montorium</strong></span> <span class='ocrx_word' id='word_1_630' title='bbox 2818 4157 2963 4209; x_wconf 88' lang='lat' dir='ltr'><strong>cuitu</strong></span> <span class='ocrx_word' id='word_1_631' title='bbox 3023 4156 3286 4209; x_wconf 72' lang='lat' dir='ltr'><strong>Leucates</strong></span> <span class='ocrx_word' id='word_1_632' title='bbox 3339 4157 3421 4208; x_wconf 78' lang='lat' dir='ltr'><strong>vel</strong></span> <span class='ocrx_word' id='word_1_633' title='bbox 3483 4157 3785 4212; x_wconf 82' lang='lat' dir='ltr'><strong>Leucactas</strong></span> <span class='ocrx_word' id='word_1_634' title='bbox 3850 4179 4016 4232; x_wconf 79' lang='lat' dir='ltr'><strong>prope.</strong></span> 
     </span>
    </p>
   </div>
   <div class='ocr_carea' id='block_1_88' title="bbox 2440 4248 4016 4327">
    <p class='ocr_par' dir='ltr' id='par_1_88' title="bbox 2440 4248 4016 4327">
     <span class='ocr_line' id='line_1_88' title="bbox 2440 4248 4016 4327; baseline 0.003 -23"><span class='ocrx_word' id='word_1_635' title='bbox 2440 4251 2811 4305; x_wconf 63' lang='lat' dir='ltr'><strong>Nicomediam</strong></span> <span class='ocrx_word' id='word_1_636' title='bbox 2843 4250 2898 4303; x_wconf 94' lang='lat' dir='ltr'><strong>in</strong></span> <span class='ocrx_word' id='word_1_637' title='bbox 2931 4248 3204 4320; x_wconf 71' lang='lat' dir='ltr'><strong>Bithynia,</strong></span> <span class='ocrx_word' id='word_1_638' title='bbox 3234 4258 3288 4303; x_wconf 92' lang='lat' dir='ltr'><strong>ut</strong></span> <span class='ocrx_word' id='word_1_639' title='bbox 3313 4259 3505 4307; x_wconf 58' lang='lat' dir='ltr'><strong>caetera</strong></span> <span class='ocrx_word' id='word_1_640' title='bbox 3534 4253 3771 4314; x_wconf 84' lang='lat' dir='ltr'><strong>mittam,</strong></span> <span class='ocrx_word' id='word_1_641' title='bbox 3801 4259 4016 4327; x_wconf 76' lang='lat' dir='ltr'><strong>longius</strong></span> 
     </span>
    </p>
   </div>
   <div class='ocr_carea' id='block_1_89' title="bbox 2445 4335 4012 4410">
    <p class='ocr_par' dir='ltr' id='par_1_89' title="bbox 2445 4335 4012 4410">
     <span class='ocr_line' id='line_1_89' title="bbox 2445 4335 4012 4410; baseline 0.006 -16"><span class='ocrx_word' id='word_1_642' title='bbox 2445 4359 2473 4394; x_wconf 89' lang='lat' dir='ltr'><strong>a</strong></span> <span class='ocrx_word' id='word_1_643' title='bbox 2505 4343 2653 4410; x_wconf 82' lang='lat' dir='ltr'><strong>Cpoli</strong></span> <span class='ocrx_word' id='word_1_644' title='bbox 2684 4343 2934 4395; x_wconf 89' lang='lat' dir='ltr'><strong>dissitum</strong></span> <span class='ocrx_word' id='word_1_645' title='bbox 2964 4335 3086 4405; x_wconf 82' lang='lat' dir='ltr'><strong>fuit,</strong></span> <span class='ocrx_word' id='word_1_646' title='bbox 3117 4356 3278 4410; x_wconf 84' lang='lat' dir='ltr'><strong>quant</strong></span> <span class='ocrx_word' id='word_1_647' title='bbox 3327 4351 3382 4395; x_wconf 87' lang='lat' dir='ltr'><strong>ut</strong></span> <span class='ocrx_word' id='word_1_648' title='bbox 3424 4343 3550 4397; x_wconf 89' lang='lat' dir='ltr'><strong>illuc</strong></span> <span class='ocrx_word' id='word_1_649' title='bbox 3605 4343 3665 4397; x_wconf 88' lang='lat' dir='ltr'><strong>S.</strong></span> <span class='ocrx_word' id='word_1_650' title='bbox 3731 4347 3894 4402; x_wconf 78' lang='lat' dir='ltr'><strong>Anna</strong></span> <span class='ocrx_word' id='word_1_651' title='bbox 3952 4355 4012 4404; x_wconf 82' lang='lat' dir='ltr'><strong>ad</strong></span> 
     </span>
    </p>
   </div>
   <div class='ocr_carea' id='block_1_90' title="bbox 2440 4432 4013 4506">
    <p class='ocr_par' dir='ltr' id='par_1_90' title="bbox 2440 4432 4013 4506">
     <span class='ocr_line' id='line_1_90' title="bbox 2440 4432 4013 4506; baseline 0.007 -21"><span class='ocrx_word' id='word_1_652' title='bbox 2440 4435 2822 4501; x_wconf 86' lang='lat' dir='ltr'><strong>imperatorem</strong></span> <span class='ocrx_word' id='word_1_653' title='bbox 2860 4432 3120 4485; x_wconf 87' lang='lat' dir='ltr'><strong>Basilium</strong></span> <span class='ocrx_word' id='word_1_654' title='bbox 3166 4434 3536 4499; x_wconf 80' lang='lat' dir='ltr'><strong>Macedonem,</strong></span> <span class='ocrx_word' id='word_1_655' title='bbox 3583 4453 3611 4489; x_wconf 90' lang='lat' dir='ltr'><strong>a</strong></span> <span class='ocrx_word' id='word_1_656' title='bbox 3654 4455 3765 4506; x_wconf 92' lang='lat' dir='ltr'><strong>quo</strong></span> <span class='ocrx_word' id='word_1_657' title='bbox 3816 4443 4013 4497; x_wconf 88' lang='lat' dir='ltr'><strong>dicitur</strong></span> 
     </span>
    </p>
   </div>
   <div class='ocr_carea' id='block_1_91' title="bbox 762 4515 4007 4592">
    <p class='ocr_par' dir='ltr' id='par_1_91' title="bbox 762 4515 4007 4592">
     <span class='ocr_line' id='line_1_91' title="bbox 762 4515 4007 4592; baseline 0.006 -27"><span class='ocrx_word' id='word_1_658' title='bbox 762 4516 970 4582; x_wconf 90' lang='lat' dir='ltr'><strong>quitur,</strong></span> <span class='ocrx_word' id='word_1_659' title='bbox 1000 4516 1095 4566; x_wconf 87' lang='lat' dir='ltr'><strong>sed</strong></span> <span class='ocrx_word' id='word_1_660' title='bbox 1128 4515 1246 4580; x_wconf 85' lang='lat' dir='ltr'><strong>cjus</strong></span> <span class='ocrx_word' id='word_1_661' title='bbox 1274 4529 1485 4568; x_wconf 83' lang='lat' dir='ltr'><strong>sorores</strong></span> <span class='ocrx_word' id='word_1_662' title='bbox 1516 4516 1689 4583; x_wconf 82' lang='lat' dir='ltr'><strong>ipsum</strong></span> <span class='ocrx_word' id='word_1_663' title='bbox 1739 4519 2049 4584; x_wconf 63' lang='lat' dir='ltr'><strong>citet-eules,</strong></span> <span class='ocrx_word' id='word_1_664' title='bbox 2097 4520 2150 4573; x_wconf 89' lang='lat' dir='ltr'><strong>in</strong></span> <span class='ocrx_word' id='word_1_665' title='bbox 2189 4520 2327 4572; x_wconf 79' lang='lat' dir='ltr'><strong>Leu-</strong></span> <span class='ocrx_word' id='word_1_666' title='bbox 2362 4531 2404 4586; x_wconf 80' lang='grc' dir='ltr'><strong>ι)</strong></span> <span class='ocrx_word' id='word_1_667' title='bbox 2440 4524 2491 4576; x_wconf 92' lang='lat' dir='ltr'><strong>in</strong></span> <span class='ocrx_word' id='word_1_668' title='bbox 2531 4538 2785 4590; x_wconf 78' lang='lat' dir='ltr'><strong>Sponsam</strong></span> <span class='ocrx_word' id='word_1_669' title='bbox 2821 4524 3182 4592; x_wconf 72' lang='lat' dir='ltr'><strong>expostulata,</strong></span> <span class='ocrx_word' id='word_1_670' title='bbox 3214 4540 3270 4577; x_wconf 91' lang='lat' dir='ltr'><strong>se</strong></span> <span class='ocrx_word' id='word_1_671' title='bbox 3298 4526 3592 4582; x_wconf 85' lang='lat' dir='ltr'><strong>conferret.</strong></span> <span class='ocrx_word' id='word_1_672' title='bbox 3623 4527 3796 4584; x_wconf 86' lang='lat' dir='ltr'><strong>Nobis</strong></span> <span class='ocrx_word' id='word_1_673' title='bbox 3831 4545 4007 4589; x_wconf 84' lang='lat' dir='ltr'><strong>autem</strong></span> 
     </span>
    </p>
   </div>
   <div class='ocr_carea' id='block_1_92' title="bbox 758 4610 2325 4676">
    <p class='ocr_par' dir='ltr' id='par_1_92' title="bbox 758 4610 2325 4676">
     <span class='ocr_line' id='line_1_92' title="bbox 758 4610 2325 4676; baseline 0.004 -14"><span class='ocrx_word' id='word_1_674' title='bbox 758 4610 927 4662; x_wconf 70' lang='lat' dir='ltr'><strong>cadiae</strong></span> <span class='ocrx_word' id='word_1_675' title='bbox 963 4619 1208 4676; x_wconf 79' lang='lat' dir='ltr'><strong>emporio</strong></span> <span class='ocrx_word' id='word_1_676' title='bbox 1238 4610 1527 4676; x_wconf 68' lang='lat' dir='ltr'><strong>sepulturae</strong></span> <span class='ocrx_word' id='word_1_677' title='bbox 1566 4611 1918 4667; x_wconf 84' lang='lat' dir='ltr'><strong>mandarunt.</strong></span> <span class='ocrx_word' id='word_1_678' title='bbox 1952 4611 2118 4675; x_wconf 86' lang='lat' dir='ltr'><strong>Quale</strong></span> <span class='ocrx_word' id='word_1_679' title='bbox 2162 4614 2325 4668; x_wconf 84' lang='lat' dir='ltr'><strong>fuerit</strong></span> 
     </span>
    </p>
   </div>
   <div class='ocr_carea' id='block_1_93' title="bbox 758 4701 2323 4774">
    <p class='ocr_par' dir='ltr' id='par_1_93' title="bbox 758 4701 2323 4774">
     <span class='ocr_line' id='line_1_93' title="bbox 758 4701 2323 4774; baseline 0.003 -19"><span class='ocrx_word' id='word_1_680' title='bbox 758 4703 908 4755; x_wconf 88' lang='lat' dir='ltr'><strong>istud</strong></span> <span class='ocrx_word' id='word_1_681' title='bbox 963 4701 1254 4762; x_wconf 87' lang='lat' dir='ltr'><strong>ﬂuentum,</strong></span> <span class='ocrx_word' id='word_1_682' title='bbox 1313 4702 1470 4754; x_wconf 86' lang='lat' dir='ltr'><strong>facile</strong></span> <span class='ocrx_word' id='word_1_683' title='bbox 1519 4703 1788 4772; x_wconf 86' lang='lat' dir='ltr'><strong>colligitur</strong></span> <span class='ocrx_word' id='word_1_684' title='bbox 1843 4721 1907 4756; x_wconf 71' lang='lat' dir='ltr'><strong>ex</strong></span> <span class='ocrx_word' id='word_1_685' title='bbox 1953 4705 2323 4774; x_wconf 73' lang='lat' dir='ltr'><strong>&#39;l&#39;opographia</strong></span> 
     </span>
    </p>
   </div>
   <div class='ocr_carea' id='block_1_94' title="bbox 753 4793 2319 4867">
    <p class='ocr_par' dir='ltr' id='par_1_94' title="bbox 753 4793 2319 4867">
     <span class='ocr_line' id='line_1_94' title="bbox 753 4793 2319 4867; baseline 0.001 -19"><span class='ocrx_word' id='word_1_686' title='bbox 753 4794 1039 4862; x_wconf 83' lang='lat' dir='ltr'><strong>Cpolitana</strong></span> <span class='ocrx_word' id='word_1_687' title='bbox 1095 4793 1238 4846; x_wconf 84' lang='lat' dir='ltr'><strong>Petri</strong></span> <span class='ocrx_word' id='word_1_688' title='bbox 1274 4793 1456 4864; x_wconf 69' lang='lat' dir='ltr'><strong>Gyltii,</strong></span> <span class='ocrx_word' id='word_1_689' title='bbox 1489 4799 1628 4864; x_wconf 82' lang='lat' dir='ltr'><strong>apud</strong></span> <span class='ocrx_word' id='word_1_690' title='bbox 1661 4812 1817 4865; x_wconf 77' lang='lat' dir='ltr'><strong>quem</strong></span> <span class='ocrx_word' id='word_1_691' title='bbox 1877 4798 1969 4850; x_wconf 90' lang='lat' dir='ltr'><strong>lib.</strong></span> <span class='ocrx_word' id='word_1_692' title='bbox 2020 4815 2066 4850; x_wconf 63' lang='grc' dir='ltr'><strong>ιι</strong></span> <span class='ocrx_word' id='word_1_693' title='bbox 2117 4815 2234 4867; x_wconf 86' lang='lat' dir='ltr'><strong>cap.</strong></span> <span class='ocrx_word' id='word_1_694' title='bbox 2270 4815 2319 4851; x_wconf 78' lang='lat' dir='ltr'><strong>vr</strong></span> 
     </span>
    </p>
   </div>
   <div class='ocr_carea' id='block_1_95' title="bbox 761 4886 2318 4956">
    <p class='ocr_par' dir='ltr' id='par_1_95' title="bbox 761 4886 2318 4956">
     <span class='ocr_line' id='line_1_95' title="bbox 761 4886 2318 4956; baseline 0.002 -17"><span class='ocrx_word' id='word_1_695' title='bbox 761 4890 872 4939; x_wconf 68' lang='lat' dir='ltr'><strong>haec</strong></span> <span class='ocrx_word' id='word_1_696' title='bbox 898 4887 1149 4954; x_wconf 88' lang='lat' dir='ltr'><strong>leguntur</strong></span> <span class='ocrx_word' id='word_1_697' title='bbox 1183 4887 1290 4956; x_wconf 74' lang='lat'><strong>(6&#39;2)</strong></span> <span class='ocrx_word' id='word_1_698' title='bbox 1331 4904 1343 4938; x_wconf 92' lang='lat'><strong>:</strong></span> <span class='ocrx_word' id='word_1_699' title='bbox 1383 4886 1498 4940; x_wconf 80' lang='lat' dir='ltr'><strong>Non</strong></span> <span class='ocrx_word' id='word_1_700' title='bbox 1535 4889 1774 4941; x_wconf 88' lang='lat' dir='ltr'><strong>historici</strong></span> <span class='ocrx_word' id='word_1_701' title='bbox 1831 4890 2007 4950; x_wconf 92' lang='lat' dir='ltr'><strong>modo,</strong></span> <span class='ocrx_word' id='word_1_702' title='bbox 2044 4890 2135 4942; x_wconf 83' lang='lat' dir='ltr'><strong>sed</strong></span> <span class='ocrx_word' id='word_1_703' title='bbox 2160 4890 2318 4943; x_wconf 82' lang='lat' dir='ltr'><strong>etiam</strong></span> 
     </span>
    </p>
   </div>
   <div class='ocr_carea' id='block_1_96' title="bbox 826 5024 2323 5095">
    <p class='ocr_par' dir='ltr' id='par_1_96' title="bbox 826 5024 2323 5095">
     <span class='ocr_line' id='line_1_96' title="bbox 826 5024 2323 5095; baseline 0.003 -17"><span class='ocrx_word' id='word_1_704' title='bbox 826 5025 938 5092; x_wconf 81' lang='lat'><strong>(57)</strong></span> <span class='ocrx_word' id='word_1_705' title='bbox 976 5024 1252 5088; x_wconf 79' lang='lat' dir='ltr'><strong>Petavius,</strong></span> <span class='ocrx_word' id='word_1_706' title='bbox 1287 5027 1357 5078; x_wconf 88' lang='lat' dir='ltr'><strong>De</strong></span> <span class='ocrx_word' id='word_1_707' title='bbox 1391 5026 1635 5081; x_wconf 88' lang='lat' dir='ltr'><strong>doctrina</strong></span> <span class='ocrx_word' id='word_1_708' title='bbox 1677 5035 2000 5095; x_wconf 86' lang='lat' dir='ltr'><strong>temporum,</strong></span> <span class='ocrx_word' id='word_1_709' title='bbox 2032 5025 2106 5080; x_wconf 81' lang='lat' dir='ltr'><strong>Ad</strong></span> <span class='ocrx_word' id='word_1_710' title='bbox 2137 5033 2323 5082; x_wconf 83' lang='lat' dir='ltr'><strong>aucta-</strong></span> 
     </span>
    </p>
   </div>
   <div class='ocr_carea' id='block_1_97' title="bbox 753 5095 2322 5165">
    <p class='ocr_par' dir='ltr' id='par_1_97' title="bbox 753 5095 2322 5165">
     <span class='ocr_line' id='line_1_97' title="bbox 753 5095 2322 5165; baseline 0.003 -17"><span class='ocrx_word' id='word_1_711' title='bbox 753 5095 918 5153; x_wconf 80' lang='lat' dir='ltr'><strong>rium,</strong></span> <span class='ocrx_word' id='word_1_712' title='bbox 952 5106 1082 5154; x_wconf 87' lang='lat' dir='ltr'><strong>etc..</strong></span> <span class='ocrx_word' id='word_1_713' title='bbox 1119 5096 1210 5146; x_wconf 84' lang='lat' dir='ltr'><strong>lib.</strong></span> <span class='ocrx_word' id='word_1_714' title='bbox 1258 5112 1372 5157; x_wconf 84' lang='lat' dir='ltr'><strong>vni,</strong></span> <span class='ocrx_word' id='word_1_715' title='bbox 1401 5115 1518 5165; x_wconf 89' lang='lat' dir='ltr'><strong>cap.</strong></span> <span class='ocrx_word' id='word_1_716' title='bbox 1558 5117 1568 5150; x_wconf 93' lang='lat' dir='ltr'><strong>I</strong></span> <span class='ocrx_word' id='word_1_717' title='bbox 1615 5108 1666 5150; x_wconf 89' lang='lat' dir='ltr'><strong>et</strong></span> <span class='ocrx_word' id='word_1_718' title='bbox 1701 5115 1796 5160; x_wconf 82' lang='lat' dir='ltr'><strong>iv,.</strong></span> <span class='ocrx_word' id='word_1_719' title='bbox 1846 5107 1883 5148; x_wconf 95' lang='lat' dir='ltr'><strong>t.</strong></span> <span class='ocrx_word' id='word_1_720' title='bbox 1930 5098 2011 5160; x_wconf 91' lang='grc' dir='ltr'><strong>ΙΙΙ,</strong></span> <span class='ocrx_word' id='word_1_721' title='bbox 2043 5114 2093 5164; x_wconf 84' lang='grc' dir='ltr'>ρ.</span> <span class='ocrx_word' id='word_1_722' title='bbox 2142 5098 2238 5152; x_wconf 81' lang='grc'><strong>153</strong></span> <span class='ocrx_word' id='word_1_723' title='bbox 2273 5109 2322 5153; x_wconf 86' lang='lat' dir='ltr'><strong>et</strong></span> 
     </span>
    </p>
   </div>
   <div class='ocr_carea' id='block_1_98' title="bbox 759 5165 1833 5233">
    <p class='ocr_par' dir='ltr' id='par_1_98' title="bbox 759 5165 1833 5233">
     <span class='ocr_line' id='line_1_98' title="bbox 759 5165 1833 5233; baseline 0 -14"><span class='ocrx_word' id='word_1_724' title='bbox 759 5166 840 5219; x_wconf 80' lang='lat'><strong>15.</strong></span> <span class='ocrx_word' id='word_1_725' title='bbox 875 5166 1016 5218; x_wconf 84' lang='lat' dir='ltr'><strong>Edit.</strong></span> <span class='ocrx_word' id='word_1_726' title='bbox 1051 5165 1344 5232; x_wconf 85' lang='lat' dir='ltr'><strong>Andwerp.</strong></span> <span class='ocrx_word' id='word_1_727' title='bbox 1376 5169 1833 5233; x_wconf 80' lang='lat' dir='ltr'><strong>(Amstelodam.).</strong></span> 
     </span>
    </p>
   </div>
   <div class='ocr_carea' id='block_1_99' title="bbox 823 5235 1754 5306">
    <p class='ocr_par' dir='ltr' id='par_1_99' title="bbox 823 5235 1754 5306">
     <span class='ocr_line' id='line_1_99' title="bbox 823 5235 1754 5306; baseline 0 -20"><span class='ocrx_word' id='word_1_728' title='bbox 823 5235 935 5306; x_wconf 77' lang='grc'>(58)</span> <span class='ocrx_word' id='word_1_729' title='bbox 969 5235 1245 5302; x_wconf 90' lang='lat' dir='ltr'><strong>Theoph.,</strong></span> <span class='ocrx_word' id='word_1_730' title='bbox 1272 5239 1375 5306; x_wconf 87' lang='lat' dir='ltr'><strong>loc.</strong></span> <span class='ocrx_word' id='word_1_731' title='bbox 1407 5239 1524 5298; x_wconf 86' lang='lat' dir='ltr'><strong>cit.,</strong></span> <span class='ocrx_word' id='word_1_732' title='bbox 1555 5253 1603 5306; x_wconf 87' lang='lat' dir='ltr'><strong>p.</strong></span> <span class='ocrx_word' id='word_1_733' title='bbox 1634 5239 1754 5292; x_wconf 73' lang='lat'><strong>681.</strong></span> 
     </span>
    </p>
   </div>
   <div class='ocr_carea' id='block_1_100' title="bbox 822 5303 2024 5378">
    <p class='ocr_par' dir='ltr' id='par_1_100' title="bbox 822 5303 2024 5378">
     <span class='ocr_line' id='line_1_100' title="bbox 822 5303 2024 5378; baseline 0.002 -22"><span class='ocrx_word' id='word_1_734' title='bbox 822 5303 934 5378; x_wconf 56' lang='lat' dir='ltr'><strong>(iis)</strong></span> <span class='ocrx_word' id='word_1_735' title='bbox 963 5306 1235 5378; x_wconf 55' lang='lat' dir='ltr'><strong>Petavius,</strong></span> <span class='ocrx_word' id='word_1_736' title='bbox 1275 5305 1376 5378; x_wconf 87' lang='lat' dir='ltr'><strong>loc.</strong></span> <span class='ocrx_word' id='word_1_737' title='bbox 1412 5309 1528 5372; x_wconf 89' lang='lat' dir='ltr'><strong>cit.,</strong></span> <span class='ocrx_word' id='word_1_738' title='bbox 1557 5303 1678 5375; x_wconf 72' lang='lat' dir='ltr'><strong>cap.</strong></span> <span class='ocrx_word' id='word_1_739' title='bbox 1717 5326 1764 5366; x_wconf 86' lang='lat' dir='ltr'><strong>v,</strong></span> <span class='ocrx_word' id='word_1_740' title='bbox 1803 5327 1855 5378; x_wconf 87' lang='lat' dir='ltr'><strong>p.</strong></span> <span class='ocrx_word' id='word_1_741' title='bbox 1903 5311 2024 5364; x_wconf 78' lang='lat'><strong>16!.</strong></span> 
     </span>
    </p>
   </div>
   <div class='ocr_carea' id='block_1_101' title="bbox 824 5373 1783 5446">
    <p class='ocr_par' dir='ltr' id='par_1_101' title="bbox 824 5373 1783 5446">
     <span class='ocr_line' id='line_1_101' title="bbox 824 5373 1783 5446; baseline 0.005 -20"><span class='ocrx_word' id='word_1_742' title='bbox 824 5373 936 5446; x_wconf 78' lang='grc'><strong>(60)</strong></span> <span class='ocrx_word' id='word_1_743' title='bbox 969 5375 1247 5446; x_wconf 61' lang='grc' dir='ltr'><strong>ξΙΊιεοιιΙι..</strong></span> <span class='ocrx_word' id='word_1_744' title='bbox 1282 5377 1384 5431; x_wconf 91' lang='lat' dir='ltr'><strong>loc.</strong></span> <span class='ocrx_word' id='word_1_745' title='bbox 1419 5379 1539 5441; x_wconf 89' lang='lat' dir='ltr'><strong>cit.,</strong></span> <span class='ocrx_word' id='word_1_746' title='bbox 1572 5373 1635 5446; x_wconf 21' lang='lat' dir='ltr'><strong>p.‘</strong></span> <span class='ocrx_word' id='word_1_747' title='bbox 1661 5379 1783 5431; x_wconf 91' lang='grc'>686.</span> 
     </span>
    </p>
   </div>
   <div class='ocr_carea' id='block_1_102' title="bbox 824 5443 2184 5517">
    <p class='ocr_par' dir='ltr' id='par_1_102' title="bbox 824 5443 2184 5517">
     <span class='ocr_line' id='line_1_102' title="bbox 824 5443 2184 5517; baseline 0.007 -20"><span class='ocrx_word' id='word_1_748' title='bbox 824 5444 935 5517; x_wconf 68' lang='lat'><strong>(61)</strong></span> <span class='ocrx_word' id='word_1_749' title='bbox 965 5443 1231 5498; x_wconf 84' lang='lat' dir='ltr'><strong>Baronius</strong></span> <span class='ocrx_word' id='word_1_750' title='bbox 1253 5459 1305 5500; x_wconf 92' lang='lat' dir='ltr'><strong>et</strong></span> <span class='ocrx_word' id='word_1_751' title='bbox 1337 5447 1549 5515; x_wconf 73' lang='lat' dir='ltr'><strong>l’agius,</strong></span> <span class='ocrx_word' id='word_1_752' title='bbox 1573 5443 1640 5501; x_wconf 72' lang='lat' dir='ltr'><strong>ad</strong></span> <span class='ocrx_word' id='word_1_753' title='bbox 1675 5466 1760 5502; x_wconf 88' lang='lat' dir='ltr'><strong>an.</strong></span> <span class='ocrx_word' id='word_1_754' title='bbox 1791 5453 1915 5517; x_wconf 82' lang='lat'><strong>7.68,</strong></span> <span class='ocrx_word' id='word_1_755' title='bbox 1957 5465 2104 5506; x_wconf 90' lang='lat' dir='ltr'><strong>num.</strong></span> <span class='ocrx_word' id='word_1_756' title='bbox 2141 5456 2184 5506; x_wconf 92' lang='lat'><strong>1.</strong></span> 
     </span>
    </p>
   </div>
   <div class='ocr_carea' id='block_1_103' title="bbox 751 5513 2344 5638">
    <p class='ocr_par' dir='ltr' id='par_1_103' title="bbox 751 5513 2344 5638">
     <span class='ocr_line' id='line_1_103' title="bbox 751 5513 2344 5638; baseline 0.006 -72"><span class='ocrx_word' id='word_1_757' title='bbox 751 5513 941 5638; x_wconf 43' lang='lat' dir='ltr'><strong>ait?)</strong></span> <span class='ocrx_word' id='word_1_758' title='bbox 971 5517 1208 5568; x_wconf 75' lang='lat' dir='ltr'><strong>Gronovi</strong></span> <span class='ocrx_word' id='word_1_759' title='bbox 1244 5513 1512 5587; x_wconf 83' lang='lat' dir='ltr'><strong>Antiquit.</strong></span> <span class='ocrx_word' id='word_1_760' title='bbox 1541 5518 1736 5583; x_wconf 60' lang='grc' dir='ltr'><strong>οτωςη</strong></span> <span class='ocrx_word' id='word_1_761' title='bbox 1780 5534 1816 5576; x_wconf 96' lang='lat' dir='ltr'><strong>l.</strong></span> <span class='ocrx_word' id='word_1_762' title='bbox 1847 5513 1930 5588; x_wconf 83' lang='lat' dir='ltr'><strong>vi,</strong></span> <span class='ocrx_word' id='word_1_763' title='bbox 1969 5525 2072 5577; x_wconf 86' lang='lat' dir='ltr'><strong>col.</strong></span> <span class='ocrx_word' id='word_1_764' title='bbox 2109 5525 2246 5578; x_wconf 69' lang='lat'><strong>5323</strong></span> <span class='ocrx_word' id='word_1_765' title='bbox 2277 5522 2344 5576; x_wconf 78' lang='grc' dir='ltr'><strong>ρι’</strong></span> 
     </span>
     <span class='ocr_line' id='line_1_104' title="bbox 826 5600 913 5638; baseline 0.023 -2"><span class='ocrx_word' id='word_1_766' title='bbox 826 5600 856 5636; x_wconf 80' lang='grc' dir='ltr'><strong>ι’)</strong></span> <span class='ocrx_word' id='word_1_767' title='bbox 901 5623 913 5638; x_wconf 89' lang='grc'><strong>.</strong></span> 
     </span>
    </p>
   </div>
   <div class='ocr_carea' id='block_1_104' title="bbox 826 5586 913 5638">
    <p class='ocr_par' dir='ltr' id='par_1_104' title="bbox 826 5586 913 5638">
     <span class='ocr_line' id='line_1_105' title="bbox 826 5586 913 5638; baseline 0.023 -2"><span class='ocrx_word' id='word_1_768' title='bbox 826 5586 913 5638; x_wconf 82' lang='grc'>50.</span> 
     </span>
    </p>
   </div>
   <div class='ocr_carea' id='block_1_105' title="bbox 826 5652 1784 5729">
    <p class='ocr_par' dir='ltr' id='par_1_105' title="bbox 826 5652 1784 5729">
     <span class='ocr_line' id='line_1_106' title="bbox 826 5652 1784 5729; baseline 0.011 -23"><span class='ocrx_word' id='word_1_769' title='bbox 826 5652 944 5729; x_wconf 70' lang='grc'>(65)</span> <span class='ocrx_word' id='word_1_770' title='bbox 974 5653 1206 5729; x_wconf 64' lang='grc' dir='ltr'><strong>Τὴεοριι</strong></span> <span class='ocrx_word' id='word_1_771' title='bbox 1241 5698 1254 5722; x_wconf 88' lang='grc'><strong>,</strong></span> <span class='ocrx_word' id='word_1_772' title='bbox 1290 5659 1396 5714; x_wconf 90' lang='lat' dir='ltr'><strong>loc.</strong></span> <span class='ocrx_word' id='word_1_773' title='bbox 1427 5661 1544 5726; x_wconf 89' lang='lat' dir='ltr'><strong>cit.,</strong></span> <span class='ocrx_word' id='word_1_774' title='bbox 1569 5677 1624 5729; x_wconf 87' lang='lat' dir='ltr'><strong>p.</strong></span> <span class='ocrx_word' id='word_1_775' title='bbox 1660 5660 1784 5717; x_wconf 82' lang='lat'><strong>667.</strong></span> 
     </span>
    </p>
   </div>
   <div class='ocr_carea' id='block_1_106' title="bbox 824 5727 2255 5806">
    <p class='ocr_par' dir='ltr' id='par_1_106' title="bbox 824 5727 2255 5806">
     <span class='ocr_line' id='line_1_107' title="bbox 824 5727 2255 5806; baseline 0.01 -29"><span class='ocrx_word' id='word_1_776' title='bbox 824 5727 932 5806; x_wconf 45' lang='lat' dir='ltr'><strong>(tif!)</strong></span> <span class='ocrx_word' id='word_1_777' title='bbox 969 5727 1080 5806; x_wconf 71' lang='lat' dir='ltr'><strong>(_3fr.</strong></span> <span class='ocrx_word' id='word_1_778' title='bbox 1122 5727 1667 5806; x_wconf 70' lang='lat' dir='ltr'><strong>tatncu_(}lossarittrn</strong></span> <span class='ocrx_word' id='word_1_779' title='bbox 1695 5733 1936 5788; x_wconf 65' lang='lat' dir='ltr'><strong>Graecum</strong></span> <span class='ocrx_word' id='word_1_780' title='bbox 1966 5737 2026 5790; x_wconf 58' lang='grc' dir='ltr'><strong>γυ</strong></span> <span class='ocrx_word' id='word_1_781' title='bbox 2059 5735 2255 5806; x_wconf 74' lang='grc' dir='ltr'><strong>ῥεῦμα.</strong></span> 
     </span>
    </p>
   </div>
   <div class='ocr_carea' id='block_1_107' title="bbox 826 5797 1706 5871">
    <p class='ocr_par' dir='ltr' id='par_1_107' title="bbox 826 5797 1706 5871">
     <span class='ocr_line' id='line_1_108' title="bbox 826 5797 1706 5871; baseline 0.002 -19"><span class='ocrx_word' id='word_1_782' title='bbox 826 5798 936 5863; x_wconf 75' lang='lat' dir='ltr'><strong>tGS)</strong></span> <span class='ocrx_word' id='word_1_783' title='bbox 976 5797 1033 5850; x_wconf 89' lang='lat' dir='ltr'><strong>L.</strong></span> <span class='ocrx_word' id='word_1_784' title='bbox 1068 5817 1142 5866; x_wconf 90' lang='lat' dir='ltr'><strong>c.,</strong></span> <span class='ocrx_word' id='word_1_785' title='bbox 1175 5804 1277 5856; x_wconf 87' lang='lat' dir='ltr'><strong>col.</strong></span> <span class='ocrx_word' id='word_1_786' title='bbox 1307 5803 1443 5856; x_wconf 66' lang='lat'><strong>5322</strong></span> <span class='ocrx_word' id='word_1_787' title='bbox 1473 5813 1526 5854; x_wconf 79' lang='lat' dir='ltr'><strong>et</strong></span> <span class='ocrx_word' id='word_1_788' title='bbox 1559 5817 1706 5871; x_wconf 82' lang='lat' dir='ltr'><strong>seqq.</strong></span> 
     </span>
    </p>
   </div>
   <div class='ocr_carea' id='block_1_108' title="bbox 2436 4617 4010 4698">
    <p class='ocr_par' dir='ltr' id='par_1_108' title="bbox 2436 4617 4010 4698">
     <span class='ocr_line' id='line_1_109' title="bbox 2436 4617 4010 4698; baseline 0.006 -27"><span class='ocrx_word' id='word_1_789' title='bbox 2436 4632 2542 4671; x_wconf 92' lang='lat' dir='ltr'><strong>non</strong></span> <span class='ocrx_word' id='word_1_790' title='bbox 2580 4617 2769 4670; x_wconf 82' lang='lat' dir='ltr'><strong>inutile</strong></span> <span class='ocrx_word' id='word_1_791' title='bbox 2813 4617 2984 4668; x_wconf 90' lang='lat' dir='ltr'><strong>visum</strong></span> <span class='ocrx_word' id='word_1_792' title='bbox 3012 4626 3113 4680; x_wconf 82' lang='lat' dir='ltr'><strong>est,</strong></span> <span class='ocrx_word' id='word_1_793' title='bbox 3142 4617 3303 4671; x_wconf 89' lang='lat' dir='ltr'><strong>situm</strong></span> <span class='ocrx_word' id='word_1_794' title='bbox 3337 4619 3574 4688; x_wconf 76' lang='lat' dir='ltr'><strong>Emporii</strong></span> <span class='ocrx_word' id='word_1_795' title='bbox 3631 4623 3798 4684; x_wconf 84' lang='lat' dir='ltr'><strong>illius,</strong></span> <span class='ocrx_word' id='word_1_796' title='bbox 3859 4630 4010 4698; x_wconf 87' lang='lat' dir='ltr'><strong>cujus</strong></span> 
     </span>
    </p>
   </div>
   <div class='ocr_carea' id='block_1_109' title="bbox 2441 4709 4006 4778">
    <p class='ocr_par' dir='ltr' id='par_1_109' title="bbox 2441 4709 4006 4778">
     <span class='ocr_line' id='line_1_110' title="bbox 2441 4709 4006 4778; baseline 0.009 -18"><span class='ocrx_word' id='word_1_797' title='bbox 2441 4711 2761 4777; x_wconf 82' lang='lat' dir='ltr'><strong>frequenter</strong></span> <span class='ocrx_word' id='word_1_798' title='bbox 2792 4709 3067 4778; x_wconf 78' lang='lat' dir='ltr'><strong>Byzantini</strong></span> <span class='ocrx_word' id='word_1_799' title='bbox 3094 4710 3388 4778; x_wconf 89' lang='lat' dir='ltr'><strong>scriptores</strong></span> <span class='ocrx_word' id='word_1_800' title='bbox 3421 4712 3741 4778; x_wconf 89' lang='lat' dir='ltr'><strong>meminere,</strong></span> <span class='ocrx_word' id='word_1_801' title='bbox 3789 4715 3880 4770; x_wconf 87' lang='lat' dir='ltr'><strong>hic</strong></span> <span class='ocrx_word' id='word_1_802' title='bbox 3918 4735 4006 4774; x_wconf 80' lang='lat' dir='ltr'><strong>ac-</strong></span> 
     </span>
    </p>
   </div>
   <div class='ocr_carea' id='block_1_110' title="bbox 2438 4799 4003 4873">
    <p class='ocr_par' dir='ltr' id='par_1_110' title="bbox 2438 4799 4003 4873">
     <span class='ocr_line' id='line_1_111' title="bbox 2438 4799 4003 4873; baseline 0.007 -22"><span class='ocrx_word' id='word_1_803' title='bbox 2438 4810 2625 4852; x_wconf 86' lang='lat' dir='ltr'><strong>curate</strong></span> <span class='ocrx_word' id='word_1_804' title='bbox 2662 4799 2960 4867; x_wconf 81' lang='lat' dir='ltr'><strong>assignare.</strong></span> <span class='ocrx_word' id='word_1_805' title='bbox 2994 4800 3255 4853; x_wconf 80' lang='lat' dir='ltr'><strong>Addimus</strong></span> <span class='ocrx_word' id='word_1_806' title='bbox 3298 4801 3491 4864; x_wconf 89' lang='lat' dir='ltr'><strong>solum,</strong></span> <span class='ocrx_word' id='word_1_807' title='bbox 3528 4803 3580 4856; x_wconf 92' lang='lat' dir='ltr'><strong>in</strong></span> <span class='ocrx_word' id='word_1_808' title='bbox 3631 4816 3898 4873; x_wconf 88' lang='lat' dir='ltr'><strong>quantum</strong></span> <span class='ocrx_word' id='word_1_809' title='bbox 3946 4826 4003 4862; x_wconf 72' lang='lat' dir='ltr'><strong>ex</strong></span> 
     </span>
    </p>
   </div>
   <div class='ocr_carea' id='block_1_111' title="bbox 2431 4891 3999 4971">
    <p class='ocr_par' dir='ltr' id='par_1_111' title="bbox 2431 4891 3999 4971">
     <span class='ocr_line' id='line_1_112' title="bbox 2431 4891 3999 4971; baseline 0.006 -25"><span class='ocrx_word' id='word_1_810' title='bbox 2431 4893 2626 4962; x_wconf 72' lang='lat' dir='ltr'><strong>Gyllio,</strong></span> <span class='ocrx_word' id='word_1_811' title='bbox 2661 4891 2867 4961; x_wconf 85' lang='lat' dir='ltr'><strong>Cangio</strong></span> <span class='ocrx_word' id='word_1_812' title='bbox 2892 4901 2946 4943; x_wconf 90' lang='lat' dir='ltr'><strong>et</strong></span> <span class='ocrx_word' id='word_1_813' title='bbox 2975 4892 3190 4944; x_wconf 91' lang='lat' dir='ltr'><strong>erudito</strong></span> <span class='ocrx_word' id='word_1_814' title='bbox 3219 4895 3526 4962; x_wconf 79' lang='lat' dir='ltr'><strong>geographo</strong></span> <span class='ocrx_word' id='word_1_815' title='bbox 3559 4895 3848 4952; x_wconf 86' lang='lat' dir='ltr'><strong>Hammch</strong></span> <span class='ocrx_word' id='word_1_816' title='bbox 3873 4903 3999 4971; x_wconf 67' lang='grc'>(74),</span> 
     </span>
    </p>
   </div>
   <div class='ocr_carea' id='block_1_112' title="bbox 2501 5026 3230 5099">
    <p class='ocr_par' dir='ltr' id='par_1_112' title="bbox 2501 5026 3230 5099">
     <span class='ocr_line' id='line_1_113' title="bbox 2501 5026 3230 5099; baseline 0.007 -22"><span class='ocrx_word' id='word_1_817' title='bbox 2501 5029 2610 5099; x_wconf 69' lang='lat' dir='ltr'><strong>(ac)</strong></span> <span class='ocrx_word' id='word_1_818' title='bbox 2643 5028 2705 5081; x_wconf 79' lang='grc' dir='ltr'><strong>Τ.</strong></span> <span class='ocrx_word' id='word_1_819' title='bbox 2741 5026 2803 5080; x_wconf 91' lang='grc' dir='ltr'><strong>ιιι</strong></span> <span class='ocrx_word' id='word_1_820' title='bbox 2835 5026 2980 5089; x_wconf 83' lang='lat' dir='ltr'><strong>Maii,</strong></span> <span class='ocrx_word' id='word_1_821' title='bbox 3012 5043 3062 5099; x_wconf 74' lang='grc' dir='ltr'><strong>[ι.</strong></span> <span class='ocrx_word' id='word_1_822' title='bbox 3106 5026 3230 5082; x_wconf 68' lang='lat'><strong>625.</strong></span> 
     </span>
    </p>
   </div>
   <div class='ocr_carea' id='block_1_113' title="bbox 2498 5097 4000 5173">
    <p class='ocr_par' dir='ltr' id='par_1_113' title="bbox 2498 5097 4000 5173">
     <span class='ocr_line' id='line_1_114' title="bbox 2498 5097 4000 5173; baseline 0.007 -21"><span class='ocrx_word' id='word_1_823' title='bbox 2498 5097 2612 5169; x_wconf 75' lang='grc'>(67)</span> <span class='ocrx_word' id='word_1_824' title='bbox 2647 5099 2879 5173; x_wconf 80' lang='lat' dir='ltr'><strong>Lib._tv,</strong></span> <span class='ocrx_word' id='word_1_825' title='bbox 2916 5114 2968 5166; x_wconf 90' lang='lat' dir='ltr'><strong>p.</strong></span> <span class='ocrx_word' id='word_1_826' title='bbox 3000 5097 3086 5161; x_wconf 77' lang='lat'><strong>83,</strong></span> <span class='ocrx_word' id='word_1_827' title='bbox 3125 5114 3182 5151; x_wconf 85' lang='grc' dir='ltr'><strong>ιι.</strong></span> <span class='ocrx_word' id='word_1_828' title='bbox 3209 5098 3261 5161; x_wconf 88' lang='grc'>6,</span> <span class='ocrx_word' id='word_1_829' title='bbox 3292 5107 3345 5150; x_wconf 90' lang='lat' dir='ltr'><strong>et</strong></span> <span class='ocrx_word' id='word_1_830' title='bbox 3393 5115 3445 5169; x_wconf 90' lang='lat' dir='ltr'><strong>p.</strong></span> <span class='ocrx_word' id='word_1_831' title='bbox 3486 5101 3604 5167; x_wconf 74' lang='lat'><strong>174,</strong></span> <span class='ocrx_word' id='word_1_832' title='bbox 3639 5118 3694 5155; x_wconf 86' lang='grc' dir='ltr'><strong>ιι.</strong></span> <span class='ocrx_word' id='word_1_833' title='bbox 3734 5104 3806 5170; x_wconf 79' lang='grc'><strong>3;</strong></span> <span class='ocrx_word' id='word_1_834' title='bbox 3834 5105 3929 5162; x_wconf 88' lang='lat' dir='ltr'><strong>lib.</strong></span> <span class='ocrx_word' id='word_1_835' title='bbox 3967 5128 4000 5173; x_wconf 83' lang='grc' dir='ltr'><strong>ι,</strong></span> 
     </span>
    </p>
   </div>
   <div class='ocr_carea' id='block_1_114' title="bbox 2431 5169 4000 5333">
    <p class='ocr_par' dir='ltr' id='par_1_114' title="bbox 2431 5169 4000 5333">
     <span class='ocr_line' id='line_1_115' title="bbox 2431 5169 4000 5333; baseline 0.02 -57"><span class='ocrx_word' id='word_1_836' title='bbox 2895 5234 3156 5303; x_wconf 80' lang='lat' dir='ltr'><strong>Gronov.,</strong></span> <span class='ocrx_word' id='word_1_837' title='bbox 3205 5238 3310 5293; x_wconf 90' lang='lat' dir='ltr'><strong>loc.</strong></span> <span class='ocrx_word' id='word_1_838' title='bbox 3360 5240 3480 5305; x_wconf 91' lang='lat' dir='ltr'><strong>cit.,</strong></span> <span class='ocrx_word' id='word_1_839' title='bbox 3529 5241 3633 5295; x_wconf 91' lang='lat' dir='ltr'><strong>col.</strong></span> <span class='ocrx_word' id='word_1_840' title='bbox 3686 5243 3824 5301; x_wconf 65' lang='lat'><strong>3201</strong></span> <span class='ocrx_word' id='word_1_841' title='bbox 3879 5251 3910 5304; x_wconf 92' lang='lat' dir='ltr'><strong>d</strong></span> <span class='ocrx_word' id='word_1_842' title='bbox 3955 5266 4000 5307; x_wconf 81' lang='lat' dir='ltr'><strong>et</strong></span> 
     </span>
    </p>
   </div>
   <div class='ocr_carea' id='block_1_115' title="bbox 2432 5314 3211 5450">
    <p class='ocr_par' dir='ltr' id='par_1_115' title="bbox 2432 5314 3211 5450">
     <span class='ocr_line' id='line_1_116' title="bbox 2432 5314 2655 5369; baseline -0.027 0"><span class='ocrx_word' id='word_1_843' title='bbox 2432 5314 2569 5369; x_wconf 71' lang='lat'><strong>5205</strong></span> <span class='ocrx_word' id='word_1_844' title='bbox 2602 5314 2655 5364; x_wconf 92' lang='lat' dir='ltr'><strong>d.</strong></span> 
     </span>
     <span class='ocr_line' id='line_1_117' title="bbox 2507 5379 3211 5450; baseline -0.006 -15"><span class='ocrx_word' id='word_1_845' title='bbox 2507 5386 2617 5450; x_wconf 84' lang='grc'><strong>(69)</strong></span> <span class='ocrx_word' id='word_1_846' title='bbox 2649 5380 2750 5435; x_wconf 82' lang='lat' dir='ltr'><strong>Ed.</strong></span> <span class='ocrx_word' id='word_1_847' title='bbox 2784 5379 2984 5444; x_wconf 87' lang='lat' dir='ltr'><strong>Bonn.,</strong></span> <span class='ocrx_word' id='word_1_848' title='bbox 3009 5395 3063 5450; x_wconf 88' lang='lat' dir='ltr'><strong>p.</strong></span> <span class='ocrx_word' id='word_1_849' title='bbox 3089 5379 3211 5433; x_wconf 76' lang='lat'><strong>721.</strong></span> 
     </span>
    </p>
   </div>
   <div class='ocr_carea' id='block_1_116' title="bbox 2503 5451 3213 5522">
    <p class='ocr_par' dir='ltr' id='par_1_116' title="bbox 2503 5451 3213 5522">
     <span class='ocr_line' id='line_1_118' title="bbox 2503 5451 3213 5522; baseline -0.003 -18"><span class='ocrx_word' id='word_1_850' title='bbox 2503 5454 2612 5520; x_wconf 84' lang='grc'><strong>(70)</strong></span> <span class='ocrx_word' id='word_1_851' title='bbox 2650 5451 2746 5522; x_wconf 77' lang='lat' dir='ltr'><strong>Ed.</strong></span> <span class='ocrx_word' id='word_1_852' title='bbox 2771 5453 2963 5514; x_wconf 86' lang='lat' dir='ltr'><strong>Bonn.,</strong></span> <span class='ocrx_word' id='word_1_853' title='bbox 2997 5468 3050 5522; x_wconf 91' lang='lat' dir='ltr'><strong>p.</strong></span> <span class='ocrx_word' id='word_1_854' title='bbox 3089 5451 3213 5522; x_wconf 77' lang='grc'>877.</span> 
     </span>
    </p>
   </div>
   <div class='ocr_carea' id='block_1_117' title="bbox 2502 5521 3227 5592">
    <p class='ocr_par' dir='ltr' id='par_1_117' title="bbox 2502 5521 3227 5592">
     <span class='ocr_line' id='line_1_119' title="bbox 2502 5521 3227 5592; baseline -0.006 -16"><span class='ocrx_word' id='word_1_855' title='bbox 2502 5524 2611 5592; x_wconf 82' lang='grc'><strong>(71)</strong></span> <span class='ocrx_word' id='word_1_856' title='bbox 2654 5521 2751 5579; x_wconf 80' lang='lat' dir='ltr'><strong>Ed.</strong></span> <span class='ocrx_word' id='word_1_857' title='bbox 2782 5524 2981 5585; x_wconf 86' lang='lat' dir='ltr'><strong>B0un.,</strong></span> <span class='ocrx_word' id='word_1_858' title='bbox 3005 5521 3064 5591; x_wconf 15' lang='lat' dir='ltr'><strong>7p.</strong></span> <span class='ocrx_word' id='word_1_859' title='bbox 3099 5521 3227 5573; x_wconf 73' lang='grc'>584.</span> 
     </span>
    </p>
   </div>
   <div class='ocr_carea' id='block_1_118' title="bbox 2507 5593 3994 5671">
    <p class='ocr_par' dir='ltr' id='par_1_118' title="bbox 2507 5593 3994 5671">
     <span class='ocr_line' id='line_1_120' title="bbox 2507 5593 3994 5671; baseline 0.007 -25"><span class='ocrx_word' id='word_1_860' title='bbox 2507 5594 2617 5671; x_wconf 59' lang='grc' dir='ltr'><strong>ρξ’.)</strong></span> <span class='ocrx_word' id='word_1_861' title='bbox 2649 5593 2888 5660; x_wconf 80' lang='lat' dir='ltr'><strong>Cangius</strong></span> <span class='ocrx_word' id='word_1_862' title='bbox 2919 5595 2968 5644; x_wconf 94' lang='lat' dir='ltr'><strong>in</strong></span> <span class='ocrx_word' id='word_1_863' title='bbox 3004 5594 3146 5645; x_wconf 90' lang='lat' dir='ltr'><strong>notis</strong></span> <span class='ocrx_word' id='word_1_864' title='bbox 3175 5593 3238 5644; x_wconf 90' lang='lat' dir='ltr'><strong>ad</strong></span> <span class='ocrx_word' id='word_1_865' title='bbox 3275 5594 3471 5653; x_wconf 81' lang='lat' dir='ltr'><strong>Zonar.</strong></span> <span class='ocrx_word' id='word_1_866' title='bbox 3519 5599 3624 5654; x_wconf 87' lang='lat' dir='ltr'><strong>Ed.</strong></span> <span class='ocrx_word' id='word_1_867' title='bbox 3650 5601 3829 5657; x_wconf 85' lang='lat' dir='ltr'><strong>Paris.</strong></span> <span class='ocrx_word' id='word_1_868' title='bbox 3865 5615 3901 5657; x_wconf 87' lang='grc' dir='ltr'><strong>ι.</strong></span> <span class='ocrx_word' id='word_1_869' title='bbox 3938 5608 3994 5671; x_wconf 88' lang='lat' dir='ltr'><strong>ll,</strong></span> 
     </span>
    </p>
   </div>
   <div class='ocr_carea' id='block_1_119' title="bbox 2434 5665 3186 5805">
    <p class='ocr_par' dir='ltr' id='par_1_119' title="bbox 2434 5665 3186 5805">
     <span class='ocr_line' id='line_1_121' title="bbox 2434 5665 2604 5738; baseline -0.035 -17"><span class='ocrx_word' id='word_1_870' title='bbox 2434 5686 2486 5738; x_wconf 87' lang='lat' dir='ltr'><strong>p.</strong></span> <span class='ocrx_word' id='word_1_871' title='bbox 2517 5665 2604 5720; x_wconf 76' lang='lat'><strong>98.</strong></span> 
     </span>
     <span class='ocr_line' id='line_1_122' title="bbox 2506 5732 3186 5805; baseline 0 -16"><span class='ocrx_word' id='word_1_872' title='bbox 2506 5738 2619 5805; x_wconf 79' lang='lat'><strong>(75)</strong></span> <span class='ocrx_word' id='word_1_873' title='bbox 2642 5734 2704 5787; x_wconf 86' lang='grc' dir='ltr'>Τ.</span> <span class='ocrx_word' id='word_1_874' title='bbox 2741 5734 2779 5787; x_wconf 85' lang='lat' dir='ltr'><strong>V</strong></span> <span class='ocrx_word' id='word_1_875' title='bbox 2807 5732 2956 5796; x_wconf 86' lang='lat' dir='ltr'><strong>Julii,</strong></span> <span class='ocrx_word' id='word_1_876' title='bbox 2985 5748 3035 5800; x_wconf 87' lang='lat' dir='ltr'><strong>p.</strong></span> <span class='ocrx_word' id='word_1_877' title='bbox 3065 5735 3186 5789; x_wconf 78' lang='grc'>486.</span> 
     </span>
    </p>
   </div>
   <div class='ocr_carea' id='block_1_120' title="bbox 2504 5806 3846 5884">
    <p class='ocr_par' dir='ltr' id='par_1_120' title="bbox 2504 5806 3846 5884">
     <span class='ocr_line' id='line_1_123' title="bbox 2504 5806 3846 5884; baseline 0.012 -29"><span class='ocrx_word' id='word_1_878' title='bbox 2504 5810 2613 5876; x_wconf 54' lang='grc' dir='ltr'><strong>(Ἠ)</strong></span> <span class='ocrx_word' id='word_1_879' title='bbox 2657 5806 2959 5871; x_wconf 87' lang='lat' dir='ltr'><strong>Hammcrs,</strong></span> <span class='ocrx_word' id='word_1_880' title='bbox 2982 5806 3185 5874; x_wconf 66' lang='lat' dir='ltr'><strong>tlpolis.</strong></span> <span class='ocrx_word' id='word_1_881' title='bbox 3217 5808 3395 5864; x_wconf 84' lang='lat' dir='ltr'><strong>Pesth.</strong></span> <span class='ocrx_word' id='word_1_882' title='bbox 3440 5813 3596 5876; x_wconf 70' lang='lat'><strong>182-2,</strong></span> <span class='ocrx_word' id='word_1_883' title='bbox 3633 5831 3683 5884; x_wconf 85' lang='lat' dir='ltr'><strong>p.</strong></span> <span class='ocrx_word' id='word_1_884' title='bbox 3717 5819 3846 5876; x_wconf 68' lang='lat'><strong>298.</strong></span> 
     </span>
    </p>
   </div>
  </div>
