4188 6432
204 388 219 452 l
236 387 342 449 097

1288 375 1461 435 VITA
1508 370 1566 431 S.
1599 372 1927 433 ΑΝΟΗΕΑΞ
1964 373 2040 430 IN
2084 371 2308 430 CRISI.

3297 367 3434 432 1098

197 513 317 550 rem
353 497 566 564 assequi
609 493 906 565 potuimus,
938 489 1313 544 collocandum
1373 489 1503 542 illud
1553 504 1672 546 esse
1714 489 1766 541 in
1797 495 1842 549 Α
1869 487 2017 554 Julii,
2053 505 2218 548 anno,
2256 497 2314 543 ut
2354 486 2587 549 videtur,
2619 481 2740 539 77L
2778 483 2996 553 Reliqua
3045 499 3163 552 quae
3201 484 3268 540 ad
3310 499 3434 540 eum

198 587 324 641 loco
365 588 456 656 qui
529 586 687 641 hodie
753 583 992 638 Keurfns
1048 582 1267 647 dicitur,
1331 583 1577 650 jacetque
1631 581 1771 632 inter

195 675 529 730 Kandlische
565 687 619 729 et
652 675 889 738 Anatoli,
954 673 1237 727 etduabus
1289 671 1403 726 fere
1461 671 1629 729 leucis
1677 671 1773 723 ho-

199 767 367 819 rariis
403 777 553 819 trans
584 765 885 834 Bosporum
920 780 947 817 a
981 763 1132 832 Cpoli
1167 763 1349 816 distat.

277 852 368 905 ‘22.
401 851 476 905 De
535 851 591 905 S.
647 852 850 904 Joanne
903 849 1152 918 praefecto
1211 847 1527 902 monasterii
1590 849 1774 900 Mona-

196 941 352 1010 grize,
390 946 481 1009 qui
519 952 761 1010 tempore
805 938 1197 1009 persecutionis
1243 937 1689 1007 Copronymianm
1719 937 1772 989 in

195 1046 361 1085 sacco
397 1033 659 1094 inclusus,
701 1033 752 1084 in
791 1046 935 1083 mare
981 1030 1264 1083 demersus
1310 1039 1412 1091 est,
1459 1045 1628 1096 pauca
1684 1030 1776 1080 ha-

197 1122 294 1176 bet
320 1123 385 1176 ad
418 1125 560 1176 diem
595 1140 648 1176 iv
677 1121 820 1176 Junii
869 1121 1248 1174 Henschenius
1299 1129 1483 1172 noster
1515 1120 1646 1189 (75),
1687 1134 1774 1172 ea-

193 1228 304 1281 que
337 1215 532 1269 iterum
564 1230 628 1267 ex
664 1212 975 1280 Synaxariis
1015 1227 1044 1265 a
1094 1210 1363 1264 Chililetio
1399 1211 1633 1277 acceptis
1680 1210 1775 1263 de—

198 1305 423 1372 promit.
460 1303 722 1358 Joannem
757 1303 902 1356 hunc
939 1304 1010 1356 ita
1056 1303 1293 1356 celebrat
1352 1299 1410 1355 S.
1466 1301 1776 1370 Stephanus

195 1394 252 1447 in
291 1411 512 1449 carcere
546 1395 809 1463 praetorii.
847 1406 1132 1463 postquam
1167 1396 1230 1447 de
1266 1393 1324 1446 S.
1366 1393 1526 1446 Petro
1552 1395 1616 1446 de
1658 1390 1776 1445 Bla-

192 1487 420 1538 chernis
458 1483 622 1539 verba
661 1486 866 1539 iecerat
905 1504 917 1538 :
955 1486 1232 1540 Imitemur
1279 1495 1332 1539 et
1381 1484 1471 1554 qui
1502 1500 1622 1538 eum
1651 1488 1773 1551 (Pe-

194 1579 364 1637 trum)
410 1582 628 1625 secutus
654 1582 757 1634 est,
793 1572 1058 1626 Joannem
1091 1574 1330 1626 divinum
1375 1573 1526 1625 illum
1575 1570 1776 1624 amoeni

193 1664 521 1713 monasterii
572 1662 858 1731 Monagriae
911 1663 1244 1729 praelectum,
1297 1674 1456 1728 quem
1517 1669 1777 1728 tyrannus

193 1752 498 1819 imperator
530 1751 942 1820 (Copronymus)
984 1750 1262 1820 tyrannice
1296 1750 1771 1818 comprehensum,

1876 590 2146 649 Spectant,
2184 581 2236 633 in
2270 579 2419 633 Actis
2457 578 2659 632 nostris
2699 577 2765 631 ad
2797 577 2998 631 dictum
3031 577 3170 631 diem
3195 593 3442 646 quaeran-

1879 681 1986 723 tur.
2014 668 2124 722 Nos
2151 669 2237 722 hic
2269 669 2440 722 solum
2471 683 2499 721 a
2529 667 2693 721 Paulo
2718 683 2779 719 ex
2825 668 3004 729 Creta,
3040 668 3105 721 de
3129 681 3237 736 quo
3278 683 3439 738 supra

1877 775 2031 813 num.
2072 759 2130 812 ll
2173 769 2227 812 et
2289 774 2467 828 seqq.,
2525 774 2648 812 eum
2687 758 3025 827 distinguere
3082 757 3439 823 intendimus.

1879 847 2003 900 dein
2039 846 2240 914 aliquid
2263 845 2329 899 de
2354 861 2496 899 anno
2531 847 2768 916 martyrii
2805 847 3146 901 emendatius
3174 848 3440 916 proferre.

1881 937 2142 991 Refertur
2178 939 2230 990 in
2257 940 2404 993 Actis
2430 940 2568 1008 ejus,
2614 940 2715 994 122
2747 941 2904 992 annis
2950 949 3072 1008 post
3112 940 3443 1008 passionem,

1881 1030 2214 1084 revelatione
2244 1029 2382 1084 facta
2418 1031 2656 1083 Antonio
2711 1030 2925 1083 Cauleaa
2965 1029 3282 1099 patriarcha:
3308 1029 3446 1098 Cpo-

1878 1122 2069 1186 Iitano,
2097 1122 2218 1190 ejus
2270 1137 2480 1175 sacrum
2539 1135 2740 1190 corpus
2800 1121 3113 1174 honoriﬁca:
3158 1121 3447 1190 sepultum

1879 1213 2031 1281 Cpoli
2071 1213 2122 1266 in
2154 1214 2481 1268 monasterio
2506 1212 2744 1282 Cajumte
2782 1213 3036 1266 traditum
3087 1212 3273 1276 fuisse,
3304 1212 3448 1268 unde

1879 1304 2009 1357 illud
2050 1302 2241 1358 Veneti
2283 1319 2426 1357 anno
2464 1303 2601 1356 1222
2631 1315 2962 1373 acceperunt
3005 1312 3059 1357 et
3105 1304 3245 1357 forte
3275 1319 3448 1373 usque

1881 1396 1934 1450 in
1968 1396 2290 1450 hodiernam
2331 1396 2468 1448 diem
2533 1405 2834 1448 asservant.
2882 1396 3316 1450 Demonstratum
3366 1405 3450 1450 est

1880 1499 2061 1542 autem
2114 1489 2198 1542 ab.
2249 1487 2594 1542 llenschcnio
2667 1488 2959 1541 Antonium
3023 1487 3275 1541 Cauleam
3337 1503 3446 1541 non

1879 1596 2025 1634 anno
2065 1581 2190 1645 888,
2243 1591 2300 1634 ut
2358 1591 2515 1638 antca
2572 1580 2914 1640 credebatur,
2950 1579 3044 1632 sed
3105 1579 3207 1632 895
3257 1579 3449 1634 sedere

1878 1672 2110 1740 coepisse
2149 1672 2300 1741 (Si);
2334 1687 2399 1724 ex
2445 1686 2552 1738 quo
2602 1685 2850 1732 numero,
2907 1670 2950 1722 si
3007 1670 3109 1724 122
3163 1671 3450 1726 demantur

1879 1763 2080 1817 residui
2122 1773 2283 1817 erunt
2335 1763 2458 1816 771.
2512 1760 2712 1815 Verum
2783 1761 2971 1816 Pinius
3055 1763 3447 1816 correCtionem

193 1841 344 1908 quod
413 1839 614 1894 Christi
679 1842 905 1908 ejusque
959 1838 1145 1892 Matris
1206 1840 1496 1908 imaginem
1546 1839 1772 1908 pedibus

1885 1856 2214 1910 Henschenii
2262 1871 2423 1925 quam
2461 1855 2655 1925 Pagius
2719 1854 2917 1924 aliique
2966 1869 3156 1909 omnes
3213 1857 3445 1926 amplexi

193 1933 518 1984 conculcare
553 1940 832 1992 renuerat,
909 1945 1069 1984 sacco
1114 1929 1354 1992 inclusit,
1411 1945 1645 1999 eumque
1706 1929 1772 1982 ad

193 2020 476 2088 ingentem
536 2021 772 2090 lapidem
835 2021 1109 2088 alligatum
1159 2023 1212 2074 in
1281 2021 1550 2091 profundo
1609 2021 1772 2074 maris

190 2111 535 2179 praefocavit.
575 2113 712 2177 Quid
767 2113 1077 2183 bujusmodi
1131 2123 1305 2166 morte
1351 2111 1642 2166 acerbius?
1675 2111 1773 2165 Ve-

195 2213 346 2264 rum,
389 2216 453 2255 eo
508 2204 883 2272 gloriosiorem
934 2218 1188 2256 coronam
1252 2203 1454 2272 praebet
1502 2203 1638 2272 (76).
1693 2201 1768 2255 Ex

194 2297 420 2364 quibus,
463 2298 623 2350 sicuti
670 2307 723 2351 et
772 2314 836 2352 ex
869 2297 1272 2368 chronologicis
1303 2295 1774 2350 observationibus

196 2387 305 2440 sub
334 2402 483 2441 num.
545 2389 607 2440 l7
649 2390 844 2453 allatis,
899 2399 1045 2441 recte
1099 2388 1370 2442 deducere
1420 2388 1574 2440 nobis
1624 2386 1772 2440 vide-

197 2493 348 2540 mur,
389 2478 444 2530 S.
475 2477 737 2531 Joannem
798 2478 1172 2548 Ilegumenum
1227 2479 1542 2531 monasterii
1594 2477 1777 2531 Mona-

197 2570 333 2638 grite
364 2571 448 2622 die
481 2585 547 2624 iv,
585 2567 756 2633 Junii,
809 2586 952 2621 anno
990 2569 1114 2632 761,
1179 2571 1370 2620 eodem
1420 2569 1626 2620 scilicet
1665 2582 1772 2634 quo

199 2661 265 2714 S.
303 2662 516 2725 Petrus,
568 2662 810 2731 martyrii
863 2662 1077 2731 palman
1130 2667 1384 2730 adeptum
1437 2674 1576 2712 esse.
1617 2658 1771 2726 Apud

197 2753 614 2807 llenschcniuin
650 2756 867 2823 quidem
907 2755 1128 2818 dicitur,
1165 2770 1274 2807 non
1334 2751 1625 2822 Monagria:
1679 2752 1772 2806 sed

199 2843 492 2912 Menagria:
550 2846 876 2912 praeiectus;
922 2863 1110 2898 verum
1169 2845 1298 2898 illud
1361 2861 1425 2899 ex
1476 2861 1775 2898 ainanucno

197 2935 343 2988 sium
377 2937 529 3004 lapsu
566 2935 766 2988 factum
795 2950 914 2988 esse
939 2935 1245 2998 coniicitur,
1291 2949 1413 2986 cum
1454 2948 1518 2985 ex
1540 2944 1774 3002 quatuor

197 3042 336 3081 mss.
367 3029 644 3082 codicibus
668 3043 812 3096 .quos
871 3027 985 3080 Jac.
1021 3025 1188 3096 Lepin
1244 3041 1303 3080 se
1335 3025 1629 3079 contulisse
1693 3034 1773 3077 te-

1876 1958 2004 2002 sunt
2035 1949 2173 2017 (8‘2),
2209 1964 2315 2002 non
2349 1956 2653 2012 assecutus,
2689 1963 2810 2001 cum
2838 1946 3070 2000 Baronio
3113 1964 3312 2002 annum
3345 1949 3448 2004 888

1877 2055 2108 2094 erronee
2165 2041 2391 2093 retinuit
2445 2039 2580 2108 (83).
2641 2039 2872 2093 Proinde
2928 2054 3128 2091 annum
3174 2055 3281 2092 non
3322 2040 3444 2102 77l,

1875 2133 1969 2185 sed
2001 2132 2103 2184 ’766
2135 2132 2392 2201 martyrio
2430 2131 2486 2184 S.
2531 2131 2676 2185 Pauli
2731 2131 3121 2201 assignaverat.
3174 2132 3332 2186 Nunc
3381 2149 3446 2187 ex

1860 2224 2018 2277 serie
2050 2239 2212 2292 quam
2257 2222 2559 2292 sequimur,
2591 2221 2912 2275 devenimus
2958 2223 3021 2276 ad
3067 2221 3130 2274 S.‘
3175 2223 3447 2278 Andream

1879 2315 1933 2366 in
1969 2313 2127 2376 Crisi,
2166 2330 2324 2383 quem
2364 2313 2450 2366 die
2484 2329 2550 2366 xx
2597 2311 2848 2366 Octobris
2891 2312 3018 2365 anni
3072 2311 3173 2365 767
3225 2328 3442 2382 passum

1878 2420 2019 2468 esse,
2053 2420 2216 2474 supra
2250 2420 2402 2458 num.
2454 2405 2519 2458 l8
2545 2420 2659 2473 seq.
2707 2404 3113 2469 adstruximus;
3147 2420 3333 2458 verum
3365 2421 3447 2458 re-

1878 2497 2131 2561 servatis,
2165 2512 2284 2566 quae
2310 2495 2376 2550 de
2408 2511 2471 2550 eo
2513 2497 2722 2564 reliqua
2755 2504 2903 2560 sunt,
2936 2497 2999 2549 ad
3028 2495 3053 2565 §
3102 2485 3441 2565 sequentem,

1872 2590 1980 2659 jam
2019 2590 2210 2658 paucis
2245 2589 2386 2644 diem
2442 2606 2612 2643 xxviii
2679 2589 2919 2658 ejusdem
2974 2589 3177 2643 mensis
3224 2591 3443 2660 attingi—

1875 2695 2018 2733 mus.
2056 2679 2172 2734 Jam
2203 2681 2406 2732 dictum
2434 2687 2517 2732 est
2553 2695 2712 2746 supra
2749 2695 2903 2732 num.
2935 2680 2987 2744 7,
3040 2681 3130 2733 illo
3162 2680 3249 2734 die
3289 2697 3318 2735 a
3355 2697 3447 2735 ve-

1877 2772 2197 2826 tustissimis
2228 2770 2532 2842 Eclogadiis
2569 2785 2662 2823 seu
2699 2768 3013 2838 Menologiis
3056 2770 3313 2826 colendos
3359 2772 3445 2825 in-

1877 2865 1983 2920 dici
2039 2863 2096 2918 S.
2151 2863 2512 2933 Stephanum,
2573 2862 2788 2916 Petrum
2845 2862 2932 2930 (de
2979 2861 3312 2922 Blachernisl
3393 2876 3449 2919 ex.

1875 2956 2147 3010 Andream
2183 2955 2279 3027 (in‘
2315 2954 2499 3023 Crisi).
2547 2951 2600 3005 in
2636 2951 2834 3022 Typico
2895 2951 2953 3005 S.
3005 2951 3158 3006 Saba:
3221 2952 3446 3022 aliisque

1878 3045 2056 3109 fastis,
2097 3046 2279 3114 prodit
2313 3045 2415 3098 hoc
2453 3045 2644 3098 eodem
2677 3045 2764 3098 die
2798 3042 2853 3098 S.
2888 3043 3196 3112 Stephanus
3229 3043 3446 3100 Sabaita

206 3131 386 3173 5'3""
422 3124 559 3192 (77)»
586 3131 696 3174 lum
729 3136 792 3175 ex
827 3122 944 3190 ipso
973 3118 1332 3189 Memphin-“ie
1365 3118 1457 3187 τιυὶ
1503 3119 1643 3187 3Pnd
1668 3117 1775 3170 δυ’
1803 3153 1843 3211 c
1879 3153 2150 3193 canonum
2188 3137 2440 3207 scriptor,
2496 3137 2562 3190 de
2602 3152 2708 3206 quo
2749 3136 2856 3206 agit
2895 3152 3067 3190 canon
3119 3137 3442 3191 Men-.eorum

203 3212 346 3263 rium
381 3214 444 3265 ad
485 3215 626 3266 diem
659 3228 823 3266 xxvnt
870 3212 1163 3266 Novembr.
1222 3212 1476 3264 similiter
1529 3211 1719 3265 scribit
1758 3227 1771 3262 :

200 3307 596 3358 monasterium
636 3305 943 3371 Monagriae.
976 3303 1090 3354 Non
1117 3303 1279 3370 igitur
1303 3303 1582 3354 veritatem
1616 3303 1774 3370 plane

201 3410 426 3449 omnem
491 3397 893 3466 Papebrocliius
954 3397 1285 3462 assequitur,
1322 3394 1449 3446 dum
1508 3393 1557 3444 in
1613 3393 1774 3461 hujus

204 3489 524 3542 monasterii
583 3489 1049 3559 nuncupationem
1101 3486 1326 3556 inquirit
1382 3483 1532 3556 (78);
1586 3485 1774 3539 verisi-

204 3581 337 3634 mile
371 3591 549 3634 lamen
580 3591 662 3635 est
693 3581 825 3633 illud
856 3581 910 3633 in
975 3582 1095 3644 ista,
1130 3595 1290 3648 quam
1347 3578 1501 3637 dicit,
1554 3577 1774 3645 regione

202 3669 456 3741 Sigriana
494 3673 658 3724 situm
691 3669 878 3731 fuisse,
908 3671 1057 3737 quia,
1101 3649 1320 3721 ut\alibi
1366 3664 1606 3718 adstruit
1638 3663 1772 3733 (79),

203 3762 278 3813 ibi
312 3761 543 3829 plurima
579 3759 908 3810 monasteria
938 3757 1196 3810 exstitere
1227 3770 1427 3809 nomen
1463 3770 1572 3808 non
1621 3754 1776 3806 valde

205 3852 481 3905 diversum
539 3859 853 3913 consecuta,
892 3860 946 3902 ιιι
972 3856 1123 3901 erant
1175 3862 1292 3915 qua:
1330 3846 1484 3899 Parvi
1544 3845 1671 3916 Agri
1722 3854 1776 3897 et

207 3942 384 4012 Magni
432 3943 555 4012 Agri
600 3944 938 3997 dicebantur.
988 3943 1255 3996 Praeterea
1320 3938 1362 3992 si
1425 3937 1553 3990 illud
1609 3949 1776 4006 prope

203 4031 416 4102 Cpolim
472 4038 682 4100 luisset,
725 4053 831 4090 non
885 4036 1199 4088 dubitamus
1233 4030 1363 4100 quin
1414 4027 1667 4098 Cangius,
1701 4037 1777 4081 tot

207 4131 508 4198 scriptores
540 4131 716 4182 editos
739 4139 790 4181 et
824 4143 954 4181 mss.
994 4124 1298 4177 incredibili
1344 4121 1617 4190 diligentia
1657 4132 1780 4187 per-

211 4233 508 4288 scrutatus,
540 4224 682 4290 e’jus,
726 4222 776 4273 in
807 4238 904 4274 sua
949 4214 1417 4282 Constantinopoli
1472 4210 1778 4265 Christiana

208 4314 457 4365 notitiam
488 4314 817 4367 tradidisset.

281 4426 458 4482 25.1n
492 4424 732 4480 indiculo
783 4434 1076 4492 martyrum
1130 4424 1197 4474 de
1259 4419 1456 4489 quibus
1496 4415 1584 4471 hic
1617 4428 1776 4484 agere

1879 3246 2034 3284 nova:
2065 3230 2345 3292 editionis,
2380 3245 2406 3282 a
2448 3229 2735 3282 Theodoro
2768 3226 2971 3297 (ii-apto
3003 3228 3192 3283 Nicaea:
3241 3241 3445 3285 metro~

1876 3321 2041 3389 polita
2089 3319 2200 3385 (84)
2239 3320 2603 3386 conscriptus.
2651 3318 2708 3370 In
2761 3318 3060 3386 Synaxario
3117 3319 3443 3375 Nemeorum

1879 3411 1970 3466 hic
2004 3412 2317 3480 Stephanus
2351 3410 2552 3465 dicitur
2577 3411 2868 3481 episcOpus
2913 3410 3080 3466 fuisse
3127 3421 3180 3466 et
3208 3422 3446 3466 certasse

1878 3513 2067 3555 contra
2127 3502 2399 3564 haereses;
2439 3499 2492 3552 in
2543 3499 2840 3568 Menologio
2896 3499 3076 3554 Sirleti
3135 3510 3193 3553 ut
3243 3512 3446 3572 martyr

1876 3593 2240 3646 annnntiatur
2271 3592 2408 3660 (85).
2459 3590 2581 3645 Haec
2631 3599 2811 3644 autem
2868 3606 2968 3645 nec
3024 3591 3300 3660 Stephano
3349 3591 3446 3646 Sa-

1878 3683 2037 3738 baita:
2074 3685 2227 3753 quia
2261 3683 2554 3737 Theodoro
2599 3683 2802 3752 Grapto
2856 3685 3181 3752 celebratur,
3226 3701 3326 3740 nec
3370 3687 3446 3740 al-

1878 3777 1978 3829 teri
2043 3775 2373 3846 homonymo
2418 3773 2606 3828 itidem
2655 3773 2910 3838 Sabaitae,
2972 3774 3126 3844 cujus
3189 3777 3444 3846 praeclara

1876 3870 2006 3922 Acta
2044 3866 2232 3920 Pinius
2263 3869 2550 3920 illustravit
2577 3868 2643 3921 ad
2688 3884 2786 3921 xm
2809 3866 2954 3934 Julii,
2986 3868 3277 3924 convenire
3311 3885 3442 3941 pos-

1878 3970 2004 4014 sunt
2037 3961 2172 4030 (86).
2211 3959 2552 4028 Quapropter
2582 3959 2816 4028 conjicio
2849 3961 2938 4013 hic
2963 3961 3044 4030 agi
3076 3962 3142 4015 de
3169 3962 3445 4032 Stephano

1881 4053 1994 4113 illo,
2022 4053 2174 4120 quia
2205 4051 2548 4119 Copronymo
2601 4049 2653 4102 in
2705 4047 3009 4120 Sugdaeam,
3063 4048 3262 4104 Maesia:
3305 4052 3442 4104 infe-

1881 4141 2040 4194 rioris
2073 4150 2279 4208 partem
2325 4141 2458 4208 (87),
2490 4139 2694 4206 eiectus
2728 4149 2812 4191 est
2866 4138 3005 4206 (88),
3060 4139 3248 4193 eodem
3307 4139 3445 4194 forte

1879 4233 1971 4303 qui
2010 4231 2200 4302 viginti
2265 4231 2377 4285 fere
2425 4241 2548 4302 post
2599 4230 2788 4292 annis,
2849 4230 2902 4283 in
2944 4232 3170 4286 concilio
3231 4231 3446 4288 Nicaeae

1883 4323 2010 4378 anni
2046 4323 2152 4376 787
2191 4323 2558 4392 subscripsit:
2593 4323 2862 4391 Στέφανος
2894 4322 3109 4387 ἀνάξιος
3152 4321 3446 4389 ἐπίσκοπος

1883 4414 2163 4478 Σουγδὰων
2199 4413 2334 4481 (89).
2376 4411 2480 4465 Sed
2515 4413 2579 4466 de
2617 4414 2698 4465 his
2743 4414 2938 4464 iterum
2988 4412 3055 4465 ad
3116 4428 3284 4468 xxviii
3341 4413 3445 4470 Oc-

208 4521 369 4573 nobis
400 4518 790 4588 assumpsimus
849 4519 1031 4585 (supra
1085 4529 1234 4567 num.
1289 4513 1399 4576 ll),
1450 4519 1505 4563 et
1544 4504 1598 4561 in
1667 4519 1773 4574 quo
1797 4491 1849 4552 in
1882 4505 2073 4559 tobris.

207 4615 454 4668 ordinem
518 4614 784 4667 mensium
850 4623 1034 4664 sumus
1101 4605 1295 4666 secuti,
1334 4611 1453 4674 post
1505 4601 1770 4657 Joannem

205 4706 501 4775 Monagrize
579 4702 996 4774 Hegumenum,
1035 4696 1212 4768 prodit
1280 4692 1335 4748 S.
1399 4691 1594 4745 Paulus
1662 4688 1774 4742 No-

214 4815 337 4860 vus,
372 4797 575 4851 militiae
602 4797 732 4860 dux,
770 4795 894 4849 dein
932 4793 1233 4846 monachus
1265 4799 1317 4842 ut
1347 4804 1408 4841 ex
1457 4781 1770 4854 quibusdam

207 4894 553 4946 documentis
584 4897 810 4957 apparet
841 4887 979 4955 (80),
1023 4885 1237 4940 demum
1305 4890 1504 4949 martyr
1558 4877 1643 4928 die
1685 4889 1773 4924 vni

281 5048 394 5118 (75)
427 5048 491 5103 Τ.
528 5047 735 5112 IJunii,
773 5064 826 5117 p.
865 5046 988 5099 «ID-2.

278 5116 391 5187 (76)
419 5120 674 5173 Analecta
702 5116 907 5180 Cra-ca,
940 5133 992 5186 p.
1022 5116 1144 5169 507'.

277 5190 392 5258 (77)
431 5192 561 5242 Ibid.
602 5191 654 5241 in
681 5189 926 5258 przefal..

279 5260 391 5330 (78)
507 5262 521 5310 Ι
549 5259 719 5330 Junii,
746 5276 796 5327 p.
826 5258 948 5330 ωε.

279 5325 393 5400 (79)
420 5329 484 5400 Τ.
513 5329 561 5400 (ι
582 5325 778 5400 Martii,
814 5326 1025 5400 p.7‘ZI5,
1047 5343 1100 5381 ιι.
1122 5325 1190 5400 72.

279 5390 390 5469 (δυ)
425 5399 488 5453 Τ.
523 5398 565 5454 Il
589 5399 740 5461 Julii,
781 5390 832 5467 p'.
865 5399 987 5459 656,
1022 5413 1075 5469 n_.
1111 5399 1166 5450 ‘2.
1201 5395 1291 5469 Cir
1314 5395 1541 5456 Mentea,
1577 5400 1630 5445 et
1665 5390 1772 5444 Me-

207 5465 487 5539 noiogium
522 5469 705 5523 Basilii
735 5465 798 5539 ad
825 5485 988 5524 χχι-ιιι
1021 5465 1312 5539 Novembr.

281 5533 397 5611 (δῖ)
427 5540 490 5611 δι’.
527 5543 565 5593 l.
597 5538 830 5611 Augnde
856 5538 1152 5608 patriarch.
1184 5536 1410 5605 Cpolit.,
1436 5551 1486 5605 p.
1515 5533 1634 5585 115.

275 5606 392 5679 (se)
426 5610 583 5679 Ibid,
613 5627 667 5661 η.
690 5606 821 5660 ses.

280 5676 396 5751 (se)
434 5677 494 5733 τ.
527 5680 568 5736 ιι
592 5679 740 5751 Julii,
763 5692 815 5746 p.
849 5679 972 5742 sas,
1002 5694 1057 5751 η,
1088 5676 1171 5731 to.

279 5743 392 5821 (84)
425 5752 683 5818 Lequien,
709 5743 902 5802 Oriens
934 5750 1160 5810 ChrisL,
1197 5760 1233 5802 ι.
1268 5747 1354 5812 ill,
1383 5747 1486 5803 col.
1517 5747 1654 5802 339‘.
1686 5743 1776 5798 Cir

530 5852 795 5910 Ριιτιιοι..
830 5851 940 5907 Gn.
976 5849 1148 5912 CXV.

1944 4596 2032 4651 24.
2083 4595 2200 4650 Jam
2256 4595 2321 4649 ad
2377 4594 2858 4650 celebratissimum
2913 4596 3074 4650 totius
3110 4598 3443 4664 persecutio-

1879 4693 1961 4747 nis
1979 4691 2424 4762 Copronymianae
2447 4697 2738 4759 martyrem
2774 4686 3109 4756 Stephanum
3139 4688 3441 4749 Juniorem.

1875 4785 1965 4853 qui
2006 4796 2169 4834 xxvni
2216 4779 2536 4832 Novembris
2574 4779 2791 4842 colitur,
2826 4779 3162 4834 devenimus.
3199 4780 3296 4834 Hic
3345 4795 3442 4834 au-

1877 4887 1984 4930 tem
2039 4875 2172 4929 satis
2219 4877 2321 4930 erit
2372 4872 2729 4929 chronotaxin
2772 4873 3083 4941 posterioris
3121 4874 3288 4944 partis
3326 4875 3445 4944 ejus

1875 5039 2633 5116 Chronic;_Symeo_ni_s._li;dit.
2659 5035 2858 5116 bona”
2892 5050 2945 5116 pl.
2975 5035 3098 5090 643.

1950 5111 2063 5178 (85)
2098 5104 2262 5164 Cir'l.
2301 5110 2366 5162 l||
2399 5107 2548 5166 Julii.
2587 5123 2639 5176 p.
2666 5105 2789 5170 525,
2821 5120 2877 5166 n.
2916 5104 2969 5159 9.

1947 5183 2056 5248 (86)
2093 5181 2250 5239 lbid.,
2284 5195 2339 5232 n.
2377 5179 2408 5232 8
2433 5188 2634 5248 etiseq.

1948 5245 2058 5329 (87)
2094 5250 2378 5329 Cvelilarius,
2414 5247 2709 5329 t.A|.,_.ediI.
2751 5245 2902 5309 I775,
2945 5261 2998 5313 ρ.
3037 5245 3157 5302 498.
3191 5245 3284 5302 Cfr
3310 5247 3442 5301 Acta

1879 5322 1956 5376 SS
1987 5363 1999 5382 .
2033 5317 2071 5375 t.
2105 5318 2142 5370 V
2180 5319 2345 5375 Junii.
2375 5334 2426 5388 p.
2461 5317 2587 5371 247.

1947 5394 2057 5470 (ββ)
2087 5390 2309 5470 item.
2342 5387 2584 5470 venalis
2611 5386 2781 5470 ne.
2817 5384 2880 5470 ειςι
2921 5401 3104 5470 ,κξειέι
3125 5383 3439 5470 Νοξεωιπει

1878 5478 1927 5530 p.
1956 5455 2084 5516 ξιι.
2113 5459 2471 5530 Menologium
2507 5457 2705 5522 Basilii,
2744 5455 2933 5510 Urbini
2971 5455 3127 5520 l727,
3157 5458 3224 5510 ad
3257 5461 3439 5512 eumd.

1877 5533 2064 5588 diem..
2088 5550 2138 5602 p.
2166 5531 2332 5602 217._
2446 5598 2477 5602 Α,
2606 5595 2696 5602 ____
2841 5594 2941 5602 -Α-
3057 5595 3154 5602 ___
3191 5597 3201 5602 _
3293 5597 3305 5602 _
3329 5599 3340 5602 Δ

1949 5603 2059 5727 (89)
2089 5594 2500 5680 ἰθῠὺηὼηείι
2529 5607 2567 5650 ι.
2606 5595 2718 5658 VII,
2751 5594 2941 5676 p.327
2976 5610 3025 5657 c.
3055 5595 3159 5653 565
3189 5597 3242 5661 b,
3279 5597 3345 5679 ἐξ
3378 5612 3442 5659 c,

1876 5674 1953 5729 Co
1977 5685 2119 5735 etus,
2151 5664 2916 5739 lllyrtmtmisacrnm,_t._VIII,
2948 5681 3002 5734 p.
3035 5665 3155 5728 126;
3183 5666 3442 5735 Lequien,

1878 5745 2070 5800 Oriens
2102 5735 2330 5797 Christ..
2359 5749 2399 5792 t.
2430 5738 2471 5802 I,
2500 5739 2602 5794 col.
2640 5735 2792 5789 17.29.

3129 5828 3201 5890 35
