4188 6432
749 412 890 478 1103

2038 407 2314 468 MENSIS
2345 406 2708 466 OCTOBER.

3885 404 4025 466 110i

764 546 924 584 meon
977 529 1284 601 stylitarum
1341 529 1737 598 antesignanus
1797 527 1991 580 colitur
2050 526 2218 595 (12!),
2291 533 2341 577 et
2371 545 2413 592 Α
2446 525 2603 577 situm
2635 524 2822 588 fuisse,
2855 534 3065 591 Constat
3105 541 3170 579 ex
3200 525 3369 596 Gyllio
3394 537 3449 580 ct
3477 524 3677 594 Caugio
3709 538 3848 592 quos
3865 539 3928 576 n.
3959 525 4026 579 20

760 623 880 676 aliis
911 622 1044 676 locis
1073 621 1342 690 plurimis.
1375 621 1458 674 Cl.
1489 621 1545 674 B.
1589 619 1749 683 Hase.
1783 621 1863 672 vir
1897 618 2094 672 Graecae
2143 617 2323 671 erudi-

749 715 916 769 tionis
943 713 1208 774 maxime.
1233 713 1286 766 in
1310 715 1452 768 notis
1475 715 1538 767 ad
1572 712 1809 766 Leonem
1837 708 2128 764 Diaconum
2151 710 2322 778 (129.).

748 807 1007 860 observat
1047 806 1259 875 stylitas
1287 821 1458 873 usque
1497 805 1562 858 ad
1601 804 1850 856 saeculum
1894 818 1964 856 χιι
2004 804 2055 855 in
2107 802 2328 856 Oriente

749 897 1095 966 perdurasse,
1135 895 1544 964 Papebrochius
1621 909 1750 947 vero
1805 894 2168 962 deprehendit
2235 909 2329 946 eo—

749 989 993 1042 rutndem
1057 991 1366 1041 institutum
1428 988 1568 1055 apud
1620 987 1905 1041 Ruthenos
1962 986 2197 1055 viguisse
2264 984 2328 1036 ad

749 1096 844 1135 sua
881 1096 1051 1148 usque
1081 1090 1323 1148 tempora
1356 1080 1530 1148 (125).

820 1171 911 1225 29.
969 1171 1156 1231 Porro,
1206 1170 1248 1223 si
1330 1170 1614 1238 styliticam
1688 1169 1849 1220 vitam
1923 1167 1979 1219 S.
2059 1167 2329 1221 Andream

749 1263 1055 1332 amplexum
1084 1277 1203 1315 esse
1237 1262 1416 1315 minus
1451 1261 1676 1315 evidens
1724 1271 1827 1325 est,
1876 1272 2022 1315 certe
2054 1277 2177 1314 cum
2213 1277 2328 1314 mo-

751 1355 983 1408 nachum
1017 1353 1097 1406 vel
1140 1354 1533 1410 anachoretam
1592 1353 1777 1413 fuisse,
1825 1369 1987 1407 nemo
2035 1353 2328 1406 dubitabit.

749 1442 1041 1497 Permultis
1080 1441 1133 1494 id
1178 1440 1507 1494 testimoniis
1532 1441 1834 1501 adstruere.
1891 1442 2069 1505 facile.
2119 1444 2211 1496 sed
2244 1459 2332 1494 su-

751 1550 1144 1605 pervacaucum
1191 1533 1364 1588 foret:
1394 1549 1494 1588 nec
1540 1535 1687 1588 aliud
1736 1535 1823 1588 hic
1857 1535 2134 1588 aderimus
2172 1551 2330 1603 quam

751 1642 1012 1681 canonem
1045 1627 1153 1694 jam
1201 1627 1500 1688 laudatum.
1549 1636 1676 1678 ante
1715 1627 1951 1680 medium
1987 1628 2245 1679 saeculum
2282 1643 2331 1680 ix

750 1736 779 1772 a
836 1718 895 1772 S.
945 1718 1183 1786 Josepho
1223 1719 1588 1787 conscriptum
1629 1718 1799 1785 (124).
1852 1717 1924 1770 lbi
1993 1718 2176 1787 igitur,
2234 1720 2335 1770 ode

751 1811 944 1880 prima.
969 1811 1204 1878 trOpario
1237 1809 1414 1874 tertio,
1480 1808 1737 1861 Sanctum
1770 1827 1795 1859 a
1821 1810 2104 1876 juventute
2120 1819 2333 1876 captum

2427 620 2773 679 adduximus.
2808 630 2862 672 ct
2895 634 3019 672 cum
3056 621 3266 687 (lpolim
3300 636 3364 673 ex
3407 630 3562 687 portu
3597 617 4029 672 advenientibus

2428 711 2564 764 ultra
2590 712 2775 764 urbem
2807 722 2973 772 esset.
3003 711 3124 766 ideo
3156 713 3208 766 in
3237 713 3385 766 Actis
3414 711 3683 779 prioribus
3717 712 3767 762 in
3792 726 4030 780 synan-

2432 806 2514 856 rio
2547 803 2959 865 Mediolanettsi.
3007 808 3146 873 quod
3191 805 3216 875 §
3251 822 3262 857 t
3296 822 3556 858 excusttm
3590 815 3694 863 est.
3730 817 3785 857 et
3820 806 3869 855 in
3906 803 4030 854 Sir-

2435 896 2728 948 niondiano
2752 911 2879 958 ms.,
2908 896 3166 962 palatium
3194 899 3302 950 divi
3332 897 3614 950 Mamantis
3643 897 3819 964 πέραν
3854 897 4027 949 situm

2431 983 2730 1040 dicitur.'id
2754 995 2857 1043 est.
2881 985 3017 1036 ultra
3053 988 3258 1038 urbem.
3292 987 3432 1039 Idem
3467 989 3723 1055 palatium
3759 985 4025 1053 Symeoni

2433 1073 2808 1141 Metapbrasta?
2836 1078 2923 1143 qui
2947 1075 3093 1142 Cpoii
3121 1077 3372 1144 degebat,
3394 1081 3444 1129 in
3475 1082 3621 1129 Actis
3657 1093 3807 1129 num.
3831 1077 3883 1129 6.
3918 1091 4026 1127 non

2433 1169 2594 1228 ultra,
2630 1168 2719 1220 sed
2750 1178 2874 1220 ante
2921 1170 3108 1221 urbem
3165 1169 3396 1232 dicitur;
3435 1172 3652 1220 demum
3695 1169 3935 1235 Cangins
3975 1169 4026 1217 in

2432 1258 2705 1309 Chronico
2743 1256 2940 1309 Pascaii
2971 1259 3120 1325 (ΩΒ)
3152 1263 3322 1326 πέραν
3346 1261 3500 1311 vertit
3529 1277 3542 1311 :
3580 1275 3762 1310 versus
3796 1260 4025 1319 fretum.

2433 1350 2696 1418 siquidem
2728 1352 2871 1403 aedes
2898 1353 2953 1403 S.
2988 1353 3276 1403 Mamantis
3301 1354 3364 1405 de
3396 1368 3503 1420 quo
3540 1353 3639 1404 hoc
3665 1354 3785 1404 loco
3815 1365 4026 1411 sermo.

2436 1444 2574 1496 freto
2603 1441 2830 1511 Sycaeno
2863 1459 2956 1494 seu
2991 1443 3250 1496 Ceratino
3282 1450 3523 1512 proxima
3562 1457 3696 1498 erat.

2507 1533 2594 1588 51.
2651 1535 2708 1588 8.
2741 1535 3005 1598 Andreas,
3037 1551 3156 1592 cum
3189 1535 3532 1602 Copronymo
3559 1537 3796 1592 furerem
3857 1548 4024 1586 suum

2438 1622 2489 1674 in
2561 1621 2823 1691 imagines
2905 1634 3085 1674 sacras
3162 1638 3459 1689 earumque
3525 1624 3760 1674 cultores
3820 1637 4030 1686 estpro-

2393 1715 2395 1717 ’
2436 1713 2665 1776 brasset,
2708 1713 2850 1765 varia
2900 1726 3214 1780 perpessus,
3251 1722 3306 1763 ut
3346 1716 3396 1764 in
3443 1712 3593 1765 Actis
3648 1713 3904 1773 refertur,
3935 1714 4032 1764 de-

2441 1820 2584 1855 mum
2623 1805 2674 1856 in
2702 1818 2908 1857 arctum
2947 1803 3261 1872 foedumque
3298 1819 3572 1858 carcerem
3606 1807 3884 1872 c0iijectus
3920 1813 4028 1856 est.

751 1902 1024 1955 desiderio
1057 1900 1281 1964 Christi,
1316 1899 1564 1951 laetanter
1602 1914 1818 1952 crucem
1855 1899 2046 1968 suique
2097 1900 2332 1969 abnega-
2368 1879 2406 1931 Β
2440 1896 2594 1948 Hunc
2649 1910 2754 1947 non
2813 1905 3017 1947 temere
3075 1910 3348 1948 carcerem
3401 1893 3602 1948 Phiaia:
3665 1911 3758 1947 seu
3831 1893 4032 1948 Fontis

752 1993 954 2046 tionem
981 1992 1286 2060 amplexum
1321 2005 1439 2046 esse
1474 1990 1602 2044 dicit
1634 2007 1646 2056 ;
1678 1993 1777 2044 ode
1802 2007 1926 2046 vero
1954 2007 2116 2055 nona,
2149 2002 2330 2060 tropa-

753 2087 834 2139 rio
857 2087 1120 2145 secundo.
1157 2099 1278 2136 cum
1308 2084 1721 2142 monachorum.
1761 2085 1840 2137 vel
1881 2088 2332 2138 anachoretarum

744 2178 921 2230 decus
945 2175 1180 2243 appellat
1210 2192 1220 2226 :
1245 2173 1608 2238 Μονςιζὸντων
1640 2175 2093 2245 ἐγκαλλώπεσμα.
2119 2176 2174 2228 ltt
2199 2192 2337 2246 qut)-

752 2268 875 2319 dam
901 2265 1201 2334 Mcuologio
1237 2264 1453 2318 Moscho
1483 2281 1606 2328 ms.,
1639 2267 1749 2328 cui.
1784 2270 1859 2319 uti
1898 2278 1951 2321 et
1984 2269 2178 2321 tabulis
2206 2269 2340 2335 ligu-

757 2358 889 2409 ratis
925 2357 993 2409 de
1037 2356 1232 2422 quibus
1259 2370 1408 2406 num.
1445 2354 1499 2417 :2.
1557 2356 1722 2408 fidere
1758 2371 1972 2425 semper
2003 2374 2108 2410 non
2147 2373 2337 2426 possu-

757 2463 898 2509 mus,
935 2456 1279 2515 nuncupatur
1405 2447 1652 2498 Andreas
1676 2443 2064 2515 Hicromartyr.
2097 2447 2239 2515 quod
2271 2448 2337 2501 de

755 2539 1084 2607 martyribus
1122 2537 1449 2606 presbyteris
1483 2538 1656 2589 solum
1685 2537 1810 2600 dici,
1843 2538 1894 2590 in
1929 2548 2206 2608 comperto
2231 2547 2334 2602 est;

765 2642 950 2680 verum
984 2627 1037 2678 in
1071 2627 1324 2679 omnibus
1369 2625 1489 2678 aliis
1539 2635 1596 2678 ttt
1631 2626 2019 2697 HOSuuuurtyr.
2049 2629 2100 2680 id
2141 2637 2246 2690 est,
2283 2639 2341 2682 ut

756 2718 1055 2770 monachus
1093 2729 1142 2769 et
1169 2726 1388 2785 martyr.
1429 2717 1749 2784 proponitur
1783 2716 1954 2784 (1‘25).
1981 2718 2033 2769 In
2066 2718 2338 2771 Sirmondi

757 2806 1106 2876 Synaxarista
1152 2821 1276 2867 ms.,
1335 2819 1495 2872 quem
1554 2802 1776 2856 Parisiis
1823 2807 2138 2858 decessores
2169 2807 2338 2859 nostri

757 2900 886 2953 olim
931 2908 1284 2965 acceperunt,
1311 2897 1508 2948 dieitur
1548 2898 1600 2970 in
1648 2894 1806 2946 Creta
1850 2896 1947 2964 τὴν
1983 2901 2192 2966 μονήρη
2229 2897 2341 2964 βίον

765 2989 1191 3058 μετεσχὸμενος,
1226 3002 1288 3038 ex
1315 2986 1511 3053 quibus
1544 2985 1772 3053 aliisque
1806 2988 2074 3040 similibus
2107 2988 2341 3057 appella-

760 3079 1020 3141 tionibus,
1055 3074 1111 3130 S.
1152 3078 1396 3129 Andreas
1433 3075 1613 3145 potius
1664 3083 2011 3130 anachoreta
2038 3083 2116 3131 vel
2153 3079 2342 3133 solita-

759 3171 892 3228 rius,
921 3185 1077 3236 quam
1114 3173 1412 3219 monachus
1452 3182 1546 3219 seu
1595 3168 1864 3221 ccenobita
1903 3168 2070 3221 fuisse
2108 3169 2337 3221 videtur.

760 3256 1080 3329 Huiusmodi
1130 3266 1309 3310 autem
1353 3258 1710 3309 anacltoretas
1755 3272 1860 3309 non
1895 3261 2054 3309 rudes
2090 3259 2336 3312 homines

758 3350 944 3412 fuisse.
977 3350 1070 3403 sed
1107 3349 1427 3416 plerumque
1465 3346 1766 3398 doctrinam
1797 3362 2005 3400 sacram
2043 3348 2171 3401 satis
2198 3351 2334 3404 bene

758 3447 1001 3504 edoctos,
1047 3456 1112 3493 ex
1175 3439 1322 3491 Actis
1374 3436 1431 3490 8.
1489 3437 1750 3508 Stephani
1793 3438 2052 3507 .lunioris,
2104 3428 2334 3510 aliisque

760 3533 1129 3590 monumentis
1158 3532 1312 3585 facile
1339 3543 1523 3600 posset
1551 3532 1750 3583 evinci.

831 3631 920 3684 ‘50.
953 3629 1068 3682 Jam
1116 3625 1426 3680 accedimus
1474 3627 1539 3678 ad
1595 3643 1654 3678 ea
1690 3643 1806 3694 quae
1840 3625 1894 3681 S.
1920 3628 2163 3684 Andreas
2184 3629 2337 3700 Cpoli

760 3722 945 3792 gessit.
979 3721 1112 3771 Acta
1159 3718 1360 3785 priora,
1416 3732 1570 3770 num.
1609 3718 1660 3779 6,
1699 3725 1822 3770 dum
1875 3722 1992 3788 ejus
2044 3723 2332 3775 adventum

761 3816 914 3885 Cpoli
950 3819 1224 3875 enarrant,
1269 3824 1389 3862 cum
1430 3809 1618 3863 dicunt
1654 3811 1843 3880 Hylam
1898 3815 2192 3882 appulisse,
2225 3831 2334 3868 nun

764 3905 1099 3975 Bylantium,
1126 3911 1221 3956 aut
1263 3895 1470 3968 Cpolim
1504 3921 1515 3952 ι
1555 3902 1665 3972 Τὴν
1705 3903 1880 3964 Βυξπιν
1926 3907 2336 3972 κατελάμϐανε.

765 3997 972 4050 Nomen
1004 3994 1142 4047 istud
1181 4006 1279 4044 nec
1314 3992 1456 4044 inter
1481 3991 1627 4042 ttrbis
1662 4003 1870 4060 portus,
1900 3995 1952 4045 in
1979 3995 2162 4064 Cangii
2187 3996 2340 4064 Cpoli

764 4086 1072 4142 Christiana
1101 4083 1422 4152 reperimus,
1451 4095 1553 4133 nec
1593 4080 1659 4133 ab
1693 4082 1798 4134 ullo
1829 4083 2090 4152 scriptore
2105 4088 2170 4137 de
2187 4085 2338 4154 Cpoli

767 4177 972 4232 dictum
1023 4177 1189 4229 fuisse
1243 4174 1495 4226 vidimus.
1528 4169 1736 4242 Gyllius
1785 4177 1970 4228 scribit
2005 4177 2070 4229 de
2107 4175 2340 4248 Barbysa

767 4272 927 4326 ‘luvio
979 4282 1146 4338 prope
1190 4263 1396 4336 Cpolint
1430 4265 1596 4335 (126),
1627 4263 1863 4318 Ortelius
1898 4268 2044 4335 (ΗΠ)
2084 4269 2149 4322 de
2195 4267 2338 4332 Bisa.

772 4366 950 4432 Bizya.
996 4360 1123 4412 BiZo
1158 4357 1402 4412 Thracia:
1445 4369 1499 4409 et
1531 4354 1732 4410 Μαιεὶέ
1763 4356 2008 4419 urbibus.
2050 4360 2142 4411 sed
2168 4361 2232 4413 de
2262 4361 2345 4415 his

769 4457 1021 4513 omnibus
1054 4455 1137 4507 hic
1169 4454 1249 4521 agi
1278 4467 1384 4504 nou
1423 4459 1622 4519 potest.
1658 4448 1735 4502 Ex
1771 4450 1855 4503 bis
1877 4461 2056 4504 autem
2082 4452 2193 4522 jam
2217 4467 2344 4522 pro-

2438 1987 2602 2038 fuisse
2646 1985 2870 2047 dixeris,
2912 1987 3072 2052 cujus
3131 1986 3386 2052 frequens
3441 1986 3643 2037 mentio
3697 1987 3746 2037 in
3786 1986 3940 2038 Actis
3970 1984 4029 2037 S.

2439 2078 2720 2148 Stephani,
2746 2095 3015 2148 quemque
3045 2096 3109 2132 ex
3147 2081 3342 2131 iisdem
3369 2096 3473 2131 non
3512 2081 3696 2146 procul
3725 2082 3791 2131 ab
3821 2081 4033 2147 Hippo-

2437 2172 2670 2234 dromio,
2707 2172 3112 2241 martyriorum,
3145 2173 3195 2222 in
3225 2171 3327 2223 hac
3357 2171 3758 2238 persecutione.
3793 2174 4030 2221 ordina-

2439 2266 2519 2316 rio
2561 2266 2792 2324 theatro,
2828 2273 3016 2319 Situm.
3049 2279 3112 2314 ac
3141 2263 3294 2315 valde
3346 2263 3595 2315 tetricum
3650 2261 3813 2335 fuisse
3847 2276 4032 2329 appa-

2441 2366 2522 2408 ret
2561 2355 2731 2421 (150).
2773 2352 3166 2421 Metaphrastes
3208 2353 3294 2405 hic
3351 2355 3590 2405 insinuat
3639 2355 3693 2405 8.
3749 2355 4032 2405 Andream

2439 2447 2619 2515 plures
2654 2447 2770 2499 dies
2799 2447 2850 2496 in
2885 2458 3103 2496 Carcere
3135 2443 3462 2511 transegisse
3487 2453 3540 2495 et
3564 2458 3740 2496 socios
3776 2445 4037 2508 captivos

2439 2539 2829 2599 confirmasse;
2867 2536 2952 2589 cui
2982 2536 3114 2587 Acta
3137 2536 3314 2602 priora
3341 2535 3716 2586 contradicere
3746 2535 4036 2594 vitientur,

2440 2639 2493 2683 et
2521 2630 2808 2683 manifeste
2845 2627 3171 2681 contradicit
3205 2629 3548 2694 synaxarium
3595 2640 3659 2676 ex
3696 2626 3759 2676 iis
3806 2632 4041 2676 contra-

2441 2731 2608 2782 ctum,
2641 2732 2692 2774 et
2741 2735 2892 2772 num.
2926 2718 2959 2770 5
2995 2719 3281 2769 recitatum
3313 2733 3324 2777 ς
3363 2731 3486 2767 nam
3541 2717 3610 2768 ibi
3645 2729 3856 2782 postera
3921 2715 4036 2784 jam

2441 2813 2552 2872 die.
2588 2826 2772 2866 coram
2828 2810 3174 2878 Copronymo
3228 2808 3426 2861 iterum
3484 2823 3798 2876 apparuisse
3831 2809 4036 2863 fertur.

2443 2903 2583 2973 quod
2617 2903 2741 2955 item
2776 2901 3136 2970 synaxarisles
3167 2899 3491 2952 Nemeorum
3519 2901 3734 2958 asserit.
3779 2898 3829 2948 iu
3868 2901 4037 2952 caete-

2443 2997 2516 3047 ris
2556 2992 2811 3046 omnibus
2866 2991 2999 3060 ipsis
3048 2989 3428 3056 Melaphrastae
3469 2989 3648 3041 verbis
3700 2988 3941 3039 locutus.
3982 2989 4036 3040 In

2446 3084 2636 3138 iisdem
2672 3083 2889 3135 Menaeis
2924 3081 3163 3136 ese-usis.
3192 3083 3256 3132 ad
3293 3096 3457 3132 xxviii
3495 3081 3820 3132 Novembris
3857 3081 4035 3146 tiSl).

2449 3177 2536 3229 ubi
2565 3176 2631 3228 de
2666 3175 2721 3226 S.
2755 3173 3032 3240 Stephano
3052 3171 3253 3223 dicitur
3275 3186 3397 3222 eum
3442 3173 3492 3222 ιιι
3532 3185 3752 3223 carcere
3790 3174 4034 3236 prmoru

2444 3267 2609 3320 fuisse
2627 3266 2926 3325 detentum.
2951 3263 3168 3315 additur
3191 3278 3314 3315 eum
3340 3262 3408 3314 ibi
3437 3261 3652 3314 Petrum
3681 3273 3731 3314 et
3755 3263 4036 3316 Andream

2447 3359 2738 3427 repetisse,
2774 3373 2959 3409 verum
3017 3356 3144 3409 illttd
3189 3357 3470 3409 evidenter
3515 3371 3804 3408 crroneam
3843 3367 3952 3420 est,
3987 3366 4038 3409 et

2447 3467 2508 3505 ex
2544 3451 2682 3504 male
2712 3448 2986 3501 intellecto
3018 3446 3324 3514 Menelogio
3351 3441 3623 3498 Basiliano
3656 3445 3938 3512 proﬂuxrt.
3980 3446 4035 3496 In

2449 3543 2611 3610 hujus
2638 3540 2940 3609 synaxario,
2972 3539 3037 3591 ad
3089 3540 3338 3590 eumdem
3388 3537 3548 3598 diem,
3595 3537 3786 3589 titulus
3819 3540 3984 3590 habet
4021 3554 4035 3591 :

2447 3630 2734 3685 Certamen
2777 3629 2832 3684 S.
2868 3628 3129 3698 Stephani
3169 3625 3414 3681 Junioris
3460 3629 3709 3681 monachi
3743 3640 3798 3681 et
3835 3643 4039 3698 marty-

2447 3725 2545 3785 ris,
2591 3733 2642 3778 et
2686 3725 2776 3792 qui
2823 3739 2944 3776 cum
2990 3739 3054 3776 co
3104 3723 3245 3791 passi
3294 3733 3442 3784 sunt,
3495 3721 3636 3776 Petri
3689 3733 3745 3776 et
3782 3725 4035 3777 Andreae.

2448 3816 2581 3868 Dein
2619 3815 2673 3867 8.
2720 3814 2964 3867 Andreas
2995 3813 3210 3882 quidem
3241 3813 3441 3866 dicitur
3475 3814 3780 3866 monachus
3818 3814 3987 3869 fuisse
4023 3834 4036 3867 :

2445 3910 2471 3960 ὁ
2506 3910 2667 3970 ὅσιος,
2706 3908 2798 3960 sed
2828 3907 2883 3959 S.
2916 3907 3107 3960 Petrus
3139 3910 3366 3957 vocatur
3400 3905 3721 3973 simpliciter
3749 3924 3761 3957 :
3798 3907 3824 3956 ὁ
3858 3907 4036 3971 ἅγιος,

2451 4011 2504 4053 et
2534 4002 2800 4052 enarratis
2823 3998 3060 4051 breviter
3092 3998 3373 4049 amborum
3417 3999 3708 4065 martyriis,
3746 3999 3910 4051 sicuti
3948 4017 4039 4051 su-

2451 4104 2543 4157 pra
2571 4098 2625 4140 et
2669 4089 2721 4140 in
2775 4086 2922 4140 Actis
2967 4085 3371 4148 describuntur,
3408 4085 3474 4135 de
3502 4084 3559 4136 S.
3601 4085 3762 4138 Petro
3788 4088 4037 4149 additur.

2452 4190 2576 4230 eum
2602 4176 2751 4244 prius
2793 4191 3010 4231 carcere
3060 4175 3339 4228 detentum
3395 4172 3562 4226 fuisse
3619 4174 3747 4240 (εῖτ.
3784 4191 3943 4230 num.
3978 4181 4042 4232 15

2452 4269 2596 4320 circa
2628 4269 2830 4338 finem).

2529 4374 2856 4437 52.0uibus
2931 4391 3035 4428 non
3098 4384 3353 4428 accurate
3425 4374 3684 4430 discussis
3743 4388 3840 4430 aut
3883 4380 4038 4446 juxta

2455 4466 2586 4518 Acta
2615 4466 2924 4519 authentica
2952 4465 3275 4529 emendatis,
3304 4468 3672 4535 synaxaristes
3705 4466 4039 4522 Menawrum

770 4567 897 4604 num
927 4558 1006 4603 est
1037 4547 1278 4616 judicare
1312 4545 1423 4596 haec
1457 4543 1590 4596 Acta
1626 4542 1802 4610 priora
1837 4543 1987 4612 Οροιί
2032 4561 2140 4599 ιὶυιι
2175 4547 2343 4602 ίύίεεϐ
2372 4562 2424 4624 D
2451 4557 2712 4612 discernit
2751 4556 3108 4618 amonacbis
3161 4556 3217 4610 S.
3268 4556 3488 4610 Petrum
3531 4566 3585 4609 et
3632 4557 3690 4608 8.
3740 4559 4040 4622 Andream,

770 4649 996 4713 scripta,
1025 4641 1169 4709 quod
1209 4642 1400 4690 iterum
1439 4651 1502 4688 ex
1553 4635 1692 4686 infra
1724 4635 1968 4690 dicendis
1997 4653 2136 4707 pene
2169 4642 2345 4695 mani-

771 4738 969 4790 festum
1007 4735 1116 4786 lict.
1147 4730 1313 4784 Porro
1339 4743 1461 4783 cum
1492 4727 1548 4782 S.
1581 4727 1829 4781 Andreas
1860 4730 2066 4797 Upolim
2098 4732 2348 4786 advenis-

771 4838 877 4892 set,
912 4826 1052 4877 illico
1086 4823 1151 4878 ad
1193 4819 1453 4889 palatium
1486 4819 1630 4887 quod
1661 4835 1688 4870 a
1735 4817 1792 4873 S.
1829 4817 2098 4872 Mamante
2136 4835 2349 4874 nuncu-

776 4931 955 4989 patur,
1004 4931 1061 4970 se
1111 4913 1362 4974 contulit.
1396 4911 1543 4980 quod
1576 4912 1645 4963 ibi
1695 4913 1987 4979 imperator
2028 4912 2264 4981 degeret,
2296 4924 2350 4968 ct

772 5012 1032 5064 Continuo
1065 5007 1444 5077 martyriorum
1477 5002 1787 5073 spectacula
1814 5002 1866 5056 in
1899 5004 2183 5072 adiacente
2214 5005 2345 5075 Hip-

778 5099 1061 5172 podromio
1094 5098 1238 5168 (128)
1268 5099 1579 5151 ederentur.
1620 5096 1882 5150 Palatium
1908 5098 2038 5151 illud
2073 5108 2222 5152 extra
2257 5115 2348 5151 ur-

777 5200 922 5255 bem.
957 5195 1297 5250 occidentem
1339 5205 1549 5256 versus,
1579 5190 1633 5243 in
1665 5190 1872 5245 decima
1908 5201 2098 5259 quarta
2131 5193 2348 5260 regione

853 5349 1082 5426 (121)1‘.
1122 5352 1140 5407 ι
1174 5356 1422 5414 Januar.,
1456 5365 1510 5420 p.
1543 5351 1682 5417 '26'2;
1712 5349 1792 5406 cfr
1815 5361 1851 5406 t.
1889 5349 1930 5404 ll
1959 5348 2143 5412 Febr.,
2179 5367 2229 5420 p.
2256 5354 2345 5416 9|,

780 5426 1000 5574 “(ig-'2)
1023 5494 1161 5546 Edit.
1196 5491 1366 5557 Paris,
1403 5507 1455 5563 p.
1487 5491 1625 5558 9.63;
1663 5491 1736 5546 cfr
1762 5501 1799 5545 t.
1834 5491 1875 5544 ll
1908 5490 2058 5555 Fcb.,
2095 5491 2193 5546 loc.
2229 5493 2346 5555 cit.,

774 5577 892 5623 not.
927 5580 964 5616 1.

855 5635 1001 5704 (123)
1034 5632 1137 5689 T.l
1178 5631 1325 5694 Maii.
1357 5649 1407 5701 p.
1446 5651 1628 5688 xxvtu.

849 5707 994 5775 (12$)
1027 5705 1088 5760 Τ.
1121 5707 1134 5758 l
1165 5704 1359 5775 April..
1393 5722 1444 5773 ιι.
1475 5705 1600 5768 269,
1638 5722 1693 5760 n.
1731 5706 1814 5759 15.

849 5773 994 5844 (123)
1014 5778 1105 5847 αι’
1135 5786 1171 5847 t.
1202 5775 1218 5827 Ι
1249 5773 1479 5847 Maii,_p.
1501 5793 1600 5840 vn;
1631 5792 1686 5832 et
1719 5793 1902 5846 supra,
1930 5778 1955 5847 §
1986 5794 2021 5840 ι,
2049 5779 2272 5844 passim.

845 5847 997 5917 {126)
1035 5846 1106 5901 De
1135 5845 1373 5915 Bostioro
1394 5844 1644 5907 Thracio.
1673 5844 1809 5915 apud
1843 5844 2096 5903 Gronovti
2126 5850 2342 5918 Antiqq.

2452 4653 2697 4721 quamvis
2729 4660 2915 4719 aperte
2938 4664 3043 4702 non
3080 4651 3222 4703 dicat
3249 4667 3344 4705 eos
3380 4653 3677 4707 monachos
3708 4669 3818 4706 non
3846 4653 4038 4718 fuisse;

2452 4751 2507 4795 et
2554 4741 2743 4794 itidem
2799 4749 3075 4794 trecentos
3106 4747 3160 4791 et
3195 4742 3546 4813 quadraginta
3595 4746 3733 4798 duos
3767 4754 4038 4814 captivos.

2453 4831 2651 4900 quibus
2682 4830 2739 4882 S.
2779 4829 3091 4896 Stephanus
3131 4828 3182 4881 in
3214 4834 3469 4899 praetorio
3513 4833 3810 4901 adjunctus
3841 4845 3949 4895 est.
3989 4835 4038 4883 in

2455 4922 2753 4978 monachos
2816 4931 2869 4975 et
2926 4922 3060 4976 alios
3117 4923 3454 4992 distinguere
3512 4927 3752 4979 videtur.
3811 4922 4035 4987 Verum.

2455 5027 2559 5074 tam
2596 5016 2871 5072 distinctio
2921 5016 3041 5081 ista,
3069 5034 3229 5086 quam
3282 5016 3571 5087 praesentia
3615 5017 3674 5069 8.
3715 5017 3955 5072 Andrea:
3989 5022 4037 5068 in

2453 5124 2677 5164 carcere
2708 5111 2946 5180 praetorii
2980 5126 3104 5164 cum
3135 5111 3189 5163 S.
3222 5109 3524 5179 Stephano,
3561 5125 3623 5164 ex
3660 5111 3934 5179 scriptore
3961 5111 4038 5161 di-

2454 5201 2810 5271 ligentissimo
2851 5214 2904 5255 et
2959 5216 3142 5256 coaavo
3186 5201 3465 5271 Stephano
3513 5202 3774 5264 Diacono,
3808 5201 3902 5272 qui
3935 5200 4038 5255 3H

2453 5362 2644 5422 Crine,
2672 5370 2709 5414 ι.
2743 5358 2852 5421 VII,
2888 5362 2989 5414 col.
3018 5362 3175 5416 51‘28.

2491 5432 2670 5532 ἓ(ξιξζρίῑ)
2703 5430 2887 5484 Ortelii
2939 5433 3254 5487 Thesaurus
3308 5431 3726 5503 geographicus.
3769 5431 4029 5498 Antverp.

2491 5502 2534 5532 ε’(
3319 5502 3327 5503 κ
3422 5502 3431 5503 ,

2732 5570 3060 5650 Theoph_an._
3107 5572 3211 5650 loc:
3272 5571 3392 5635 cit.,
3445 5587 3499 5641 p.
3549 5568 3674 5629 667,
3734 5566 3856 5628 076,
3908 5569 4029 5628 677,

2451 5641 2576 5701 682.
2609 5653 2738 5702 etc..
2771 5652 2823 5694 et
2855 5644 2906 5692 in
2943 5641 3094 5692 Actis
3126 5642 3287 5694 infra.

2523 5710 3314 5780 (129)Εᾶὶι.Βυηη.,,μ.ὺ98.

2526 5783 2670 5846 (150)
2700 5781 2866 5853 Ϋᾼηξιι.
2898 5796 3168 5853 διερρηγρ.
3196 5783 3320 5853 466.
3353 5783 3454 5837 467
3480 5794 3534 5836 et
3565 5798 3718 5853 seqq.
3751 5794 3804 5835 et
3837 5779 3959 5834 $99.

2519 5853 2662 5921 (tat)
2699 5851 2935 5904 Vrt‘tetiis
2973 5852 3125 5917 tam,
3153 5852 3349 5920 p.210.
