4188 6432
188 412 330 476 1105

1291 417 1468 476 VITA
1509 416 1568 474 S.
1616 413 1950 473 ANDREE
1997 415 2071 472 IN
2115 416 2345 475 CRISI.

3302 415 3448 481 1106

182 526 307 578 Illos
335 525 580 594 captivos
623 541 816 580 omnes
849 524 1143 580 monachos
1176 524 1344 580 fuisse
1376 524 1576 578 diserte
1607 538 1757 577 asse-
1787 520 1836 580 Λ
1863 525 2219 578 illustrantur.
2257 523 2364 578 Bos
2423 524 2635 578 scilicet
2673 538 2768 578 seu
2820 523 2992 578 forum
3037 525 3213 589 Bovis,
3244 541 3442 582 nomen

182 619 278 679 rit,
311 616 412 670 nec
455 617 623 671 ullum
673 616 891 672 Petrum
945 628 1036 671 aut
1066 617 1339 670 Andream
1386 627 1498 670 tum
1547 629 1767 668 carcere

181 705 491 771 detentum,
527 707 612 759 vel
678 708 882 761 socium
938 707 1185 775 quemvis
1219 722 1340 760 cum
1393 706 1452 758 8.
1492 702 1767 772 Stephano

183 800 455 867 supplicio
470 800 721 853 traditum
739 810 1145 862 commemorat,
1161 800 1358 868 corrigi
1381 799 1580 853 debent
1595 798 1610 864 (
1628 799 1763 852 l52l.

183 890 244 947 Id
275 893 470 945 iterum
503 902 727 960 apparet
766 909 829 946 ex
879 908 1090 946 canone
1133 892 1189 947 S.
1227 892 1509 961 Stephani.
1564 892 1618 944 in
1656 891 1766 944 Me-

182 985 321 1038 naeis
365 985 430 1038 ad
481 1002 647 1038 xxvut
695 983 1032 1047 Novembris,
1071 986 1158 1053 qui
1208 1001 1382 1039 canon
1447 986 1764 1053 scriptorem

181 1076 407 1144 praefert
435 1078 687 1132 eumdem
725 1078 780 1130 S.
833 1077 1157 1145 Jowphum,
1193 1081 1280 1146 qui
1316 1078 1372 1132 S.
1413 1079 1642 1131 Andrea:
1675 1094 1765 1130 ca-

181 1183 386 1221 nonem
425 1170 772 1222 concinnavit
802 1186 860 1222 ac
894 1186 1091 1223 nomen
1126 1172 1177 1223 in
1223 1171 1423 1223 ultimae
1455 1171 1571 1223 odaa
1609 1186 1763 1223 acro-

182 1263 420 1316 stichidc
455 1264 668 1332 signare
714 1266 1022 1329 consuevit,
1069 1279 1339 1333 quemque
1375 1281 1534 1318 nosse
1570 1265 1767 1333 poterit

181 1347 386 1403 Lector
420 1368 481 1403 ex
525 1353 671 1404 Actis
705 1368 731 1404 a
776 1351 1143 1420 Papebrocbio
1170 1355 1328 1408 editis
1376 1357 1439 1408 ad
1491 1358 1633 1409 diem
1663 1366 1766 1409 ter-

185 1438 323 1490 tium
356 1439 548 1505 Aprilis
584 1441 750 1508 (155).
779 1442 833 1494 In
866 1444 966 1495 hoc
994 1460 1224 1504 canone,
1273 1445 1374 1500 ode
1399 1445 1451 1509 6,
1483 1447 1642 1499 etiam
1675 1461 1766 1499 ee-

182 1529 468 1582 Iebrautur
524 1531 580 1585 S.
635 1532 833 1589 Paulus
894 1552 1052 1604 quem
1111 1537 1431 1591 Cretensem
1494 1539 1764 1603 diximus,

186 1619 288 1672 SS.
343 1633 606 1694 martyres
658 1625 908 1692 Ephesini
957 1630 1023 1684 38
1071 1630 1208 1699 (cfr.
1244 1647 1402 1700 supra
1451 1649 1602 1684 num.
1654 1633 1764 1700 15),

185 1707 245 1762 8.
296 1709 487 1764 Petrus
540 1715 607 1767 de
661 1714 1001 1778 Blacliernis,
1046 1722 1235 1772 eodeni
1278 1722 1468 1774 ordine
1519 1723 1762 1785 omnino,

181 1811 362 1867 eoque
400 1801 501 1854 illis
542 1805 781 1874 martyrii
825 1823 1020 1873 genere
1056 1809 1278 1875 tributo,
1313 1826 1419 1875 quo
1466 1799 1606 1880 apud
1647 1813 1768 1867 Ste-

182 1891 431 1960 phanum
488 1894 781 1951 Diaconum
848 1899 1244 1969 insigniuntur.
1312 1902 1769 1974 Hymnographus

184 1982 354 2054 igitur
385 1988 441 2040 S.
477 1986 736 2057 Stephani
774 1992 906 2046 Acta
940 1996 1174 2063 genuina
1210 1999 1640 2067 perlustravcrit.
1675 2001 1767 2054 sed

185 2092 297 2130 non
347 2082 476 2134 item
526 2086 891 2151 synaxaristes
945 2087 1318 2154 Menaeorum;
1369 2091 1528 2158 idque
1581 2093 1664 2145 vel
1703 2109 1768 2147 eo

186 2172 444 2226 evincere
470 2191 771 2241 possemus.
804 2184 945 2244 quod
988 2180 1105 2246 ejus
1139 2197 1336 2249 corpus
1367 2183 1417 2236 iu
1468 2200 1616 2238 mare
1645 2202 1772 2255 pro-

181 2261 396 2334 jectum
449 2265 614 2321 fuisse
661 2269 879 2328 referat,
917 2271 974 2320 ἐν
1013 2272 1089 2340 τῷ
1121 2273 1369 2340 πελάγει,
1405 2293 1528 2330 cum
1572 2277 1623 2330 in
1673 2278 1771 2332 Pe-

187 2353 327 2422 lagia
348 2356 634 2410 dicendum
675 2360 885 2414 fuisset.
912 2361 1085 2430 Atque
1115 2365 1202 2418 hic
1223 2367 1386 2419 etiam
1411 2369 1766 2431 advertimus,

187 2446 331 2510 quod
361 2447 561 2499 dudum
590 2449 700 2515 jam
729 2444 1129 2518 Papebrochius
1161 2455 1372 2509 monuit
1393 2457 1772 2524 (I51),()flicia

189 2543 245 2587 et
285 2550 523 2590 canones
572 2538 895 2594 Nemeorum
957 2544 1275 2612 plerumque
1323 2550 1621 2616 synaxariis
1652 2566 1772 2604 esse

194 2628 369 2682 multo
402 2631 707 2699 antiquiora
759 2644 811 2687 et
849 2637 1178 2704 probatiora.
1228 2639 1396 2692 Porro
1445 2642 1622 2707 prodit
1655 2645 1774 2711 qui-

191 2717 344 2777 dem.
389 2718 439 2771 in
501 2727 689 2776 eodem
730 2725 944 2792 Josepbi
997 2743 1204 2782 canone
1252 2731 1318 2784 de
1362 2729 1418 2784 S.
1474 2731 1773 2800 Stephano,

191 2805 360 2858 etiam
420 2810 663 2865 Andreas
726 2829 965 2884 martyr,
1018 2821 1111 2872 sed
1163 2831 1315 2875 extra
1388 2825 1583 2876 seriem
1631 2825 1771 2877 illam

192 2913 358 2966 quam
400 2914 464 2952 ex
514 2901 570 2971 S.
627 2905 885 2972 Stephani
950 2909 1098 2963 Actis
1149 2923 1462 2980 excerptam
1517 2916 1771 2980 diximus,

193 2989 317 3044 Ode
366 3006 558 3058 nempe
599 3002 809 3057 octava,
842 2998 1079 3063 trOpaI'io
1122 3000 1303 3064 tertio;
1355 3016 1529 3068 neque
1560 3003 1775 3055 additur

193 3102 324 3139 cum
357 3102 477 3139 cum
501 3089 554 3139 8.
584 3089 858 3156 Stephano
892 3091 942 3142 in
980 3107 1198 3146 carcere
1234 3095 1465 3158 przetorii
1502 3105 1772 3148 versatum

1871 617 2222 671 mutuabatur
2250 633 2279 670 a
2309 618 2525 671 camino
2559 633 2710 671 aeneo
2751 617 2802 671 in
2852 617 3075 672 formam
3108 621 3262 674 bovis
3306 638 3443 675 con-

1867 709 2013 773 ﬂato,
2049 709 2100 762 in
2135 725 2241 777 quo
2282 718 2437 762 ustus
2486 708 2658 762 fertur
2692 708 2751 763 S.
2785 711 3013 778 Antipas
3037 721 3257 781 martyr,
3290 717 3445 766 ante-

1867 817 2024 871 quam
2072 801 2333 871 Pergamo
2378 800 2587 869 Cpolim
2637 818 2665 855 a
2710 800 3020 858 Theodosio
3057 820 3252 872 magno
3300 813 3446 859 esset

1867 895 2144 952 advectus,
2175 893 2448 966 quiquein
2472 892 2574 947 hoc
2604 893 2718 947 foro
2747 895 3041 948 eminebat.
3072 896 3144 949 De
3176 899 3275 950 hoc
3298 912 3444 949 mar-

1870 987 1989 1056 tyrii
2023 986 2388 1038 instrumento
2425 986 2637 1053 egregie
2668 986 2907 1055 disputat
2938 987 3222 1041 Morcellus
3258 998 3443 1043 noster

1871 1080 1921 1133 in
1972 1078 2305 1133 doctissimis
2356 1076 2780 1131 Commentariis
2820 1079 3018 1143 quibus
3062 1079 3442 1134 Kalendarium

1870 1187 2028 1224 suum
2078 1171 2418 1238 (Ipolitanuin
2447 1172 2728 1224 exornavit
2764 1172 2934 1238 (135).
2967 1171 3224 1239 Capiebat
3263 1183 3444 1226 autem

1872 1261 2047 1314 forum
2093 1260 2252 1313 Bovis
2297 1262 2584 1315 undecima
2634 1262 2800 1331 regio,
2859 1278 2966 1315 non
3019 1265 3206 1330 procul
3243 1279 3271 1317 a
3309 1263 3449 1317 freto

1869 1351 2124 1419 Ceratino
2174 1348 2386 1410 dissita.
2433 1367 2535 1404 nec
2587 1367 2615 1404 a
2669 1361 2819 1420 porta
2874 1353 3323 1415 Blacbernarum,
3358 1353 3445 1406 ubi

1871 1439 2022 1495 multi
2076 1441 2388 1495 habitabant
2439 1441 2738 1509 piscatores
2776 1440 2945 1508 (156).
2997 1441 3067 1494 De
3104 1440 3247 1494 Bove
3294 1442 3446 1511 plura

1869 1534 2031 1586 etiam
2059 1533 2331 1601 congessit
2371 1531 2498 1584 olim
2521 1531 2921 1600 Papebrocliius
2951 1530 3119 1600 (I37).
3162 1531 3236 1584 Ex
3262 1547 3328 1584 eo
3354 1548 3450 1584 au-

1872 1633 1977 1678 tem
2004 1623 2145 1692 quod
2181 1624 2248 1676 ibi
2287 1622 2463 1677 forum
2489 1622 2655 1676 fuisse
2680 1623 2913 1682 dicatur.
2945 1623 3100 1677 facile
3136 1623 3449 1694 intelligitur

1869 1715 2011 1784 quod
2058 1715 2110 1767 in
2157 1713 2304 1766 Actis
2348 1714 2550 1766 nostris
2593 1711 2856 1780 Scriptum
2905 1723 2989 1765 est
3022 1729 3174 1765 num.
3210 1712 3298 1774 Ib’,
3333 1723 3449 1765 tru-

1875 1809 2152 1863 culentum
2209 1806 2357 1859 illum
2412 1805 2734 1873 piscatorem
2796 1805 3044 1868 hastam,
3099 1819 3165 1857 ex
3226 1804 3453 1858 macello

1873 1904 2107 1972 quodam
2184 1903 2256 1956 ibi
2292 1908 2628 1973 arreptam,
2679 1900 3020 1953 adhibuisse.
3078 1898 3454 1952 Conferendus

1872 1996 2032 2050 etiam
2057 1995 2373 2062 Anonymus
2399 1989 2832 2046 Combeftsianus
2871 1989 3042 2058 (I58).
3078 1989 3167 2058 qui
3203 2004 3268 2043 ex
3313 1989 3453 2044 Bove

1873 2101 2024 2140 aeneo
2065 2098 2315 2137 nummos
2351 2097 2513 2136 eusos
2555 2080 2630 2133 ‘ab
2677 2080 2924 2134 Heraclio
2959 2081 3140 2143 refert,
3178 2089 3235 2133 ut
3279 2082 3350 2134 ita
3384 2083 3450 2134 ad

1874 2175 2200 2246 Cepronymi
2240 2190 2408 2242 usque
2439 2183 2680 2240 tempora
2716 2172 2818 2225 Bos
2845 2188 2952 2226 non
2983 2174 3349 2240 permansisse
3377 2175 3454 2224 vi-

1875 2271 2087 2331 deatur,
2121 2268 2214 2322 sed
2247 2267 2420 2321 solum
2474 2281 2671 2320 nomen
2706 2266 2820 2320 foro
2866 2267 3115 2320 inditum.
3144 2266 3320 2319 Locus
3366 2268 3455 2322 ille

1877 2361 2232 2425 foedissimus,
2270 2361 2321 2412 i-n
2356 2374 2515 2427 quem
2543 2358 2600 2412 8.
2637 2358 2882 2412 Andreas
2910 2358 3183 2427 projectus
3216 2359 3333 2421 fuit,
3359 2357 3458 2411 Pe-

1876 2453 2000 2523 lagii
2058 2451 2420 2521 sepulcrctum
2470 2461 2573 2508 est.
2609 2450 2752 2519 quod
2805 2450 2967 2503 etiam
3020 2449 3078 2503 S.
3113 2448 3450 2516 Stephanum

1875 2545 2154 2599 Juniorctn
2195 2542 2473 2607 excepisse
2498 2549 2729 2594 testatur
2775 2540 3117 2608 Nic-ephorus
3152 2541 3203 2592 in
3235 2541 3460 2593 Brevia-

1880 2641 1983 2698 rio,
2007 2645 2062 2689 et
2090 2653 2151 2688 es
2186 2636 2302 2705 ejus
2331 2634 2478 2687 Actis
2508 2634 2570 2686 ad
2600 2633 2743 2686 diem
2781 2649 2943 2686 xxviii
2993 2631 3259 2685 Novemb.
3295 2633 3460 2700 pluri-

1879 2729 1980 2782 bus
2012 2725 2398 2779 declarabitur.
2448 2725 2527 2777 [in
2574 2721 2862 2790 Nicephori
2917 2721 3078 2775 verba
3125 2720 3345 2774 Petavio
3380 2721 3462 2774 in-

1884 2829 2164 2888 terprete:
2207 2818 2248 2867 A
2303 2815 2502 2882 palatio
2553 2815 2616 2866 ad
2646 2813 2806 2866 Bovis
2850 2828 3021 2881 usque
3067 2813 3244 2866 forum
3291 2823 3460 2866 attra-

1882 2923 2051 2973 ctnm,
2108 2910 2417 2963 miserrime
2473 2907 2905 2975 discerpserunt.
2959 2905 3126 2971 Cujus
3174 2919 3369 2973 corpus
3406 2905 3458 2958 in

1882 3020 2005 3057 cum
2042 3006 2216 3056 locum
2262 3019 2420 3071 quem
2458 2999 2654 3070 Pelagii
2703 2997 2951 3065 sepulcra
3003 3000 3305 3053 nominant.
3340 3007 3461 3050 tan-

1881 3108 2041 3158 quam
2095 3093 2320 3143 malefici
2375 3092 2656 3156 cujusdam
2701 3090 2995 3154 abjiciunl;
3032 3088 3157 3140 illuc
3215 3091 3358 3140 enim
3408 3097 3463 3140 et

194 3191 343 3234 esse.
377 3179 465 3230 sed
498 3181 681 3244 paucis
711 3182 911 3246 verbis,
941 3187 1102 3237 unico
1131 3184 1396 3254 Tropario
1420 3187 1544 3250 isto,
1577 3197 1774 3257 marly-
1806 3201 1848 3257 ο
1882 3183 2235 3254 profanorum
2272 3181 2553 3249 gentilium
2589 3189 2643 3233 et
2669 3195 2855 3232 eorum
2885 3180 2974 3247 qui
3007 3179 3224 3246 capitali
3251 3179 3462 3246 suppli-

195 3267 342 3319 rium
374 3271 424 3320 in
462 3270 603 3322 hunc
627 3273 844 3324 modum
879 3277 1169 3339 exponitur
1205 3294 1216 3327 :
1258 3277 1490 3329 Fortiter
1521 3294 1778 3342 persecu-

197 3361 306 3413 tori
359 3365 638 3423 resistens,
667 3363 846 3415 divina
903 3363 1168 3431 sapientia
1205 3367 1466 3433 praeditus
1509 3369 1774 3430 Andreas,

196 3453 426 3520 ﬂagellis
460 3456 780 3521 percutitur,
812 3455 1173 3510 etiminancm
1209 3470 1436 3511 mortem
1467 3458 1647 3524 justus
1683 3475 1779 3527 pa—

201 3545 357 3605 titur,
391 3545 499 3610 jam
530 3548 787 3603 aceinens
812 3547 1039 3602 Domino
1070 3552 1288 3604 (lbristo
1325 3553 1377 3604 in
1416 3553 1628 3606 saecula.
1661 3553 1776 3606 Non

201 3640 386 3707 potuit
427 3640 604 3706 itaque
651 3639 922 3709 Iosephus
959 3643 1430 3712 Hymnographus,
1483 3645 1573 3711 qtti
1625 3643 1778 3712 Cpoli

203 3732 457 3798 degebat,
491 3733 808 3798 patriarchae
846 3735 1032 3803 Ignatii
1066 3735 1458 3805 Sceuophylav,
1489 3736 1576 3790 tibi
1623 3736 1689 3789 de
1721 3735 1776 3788 8.

207 3825 510 3890 Stephano,
546 3826 806 3892 primario
851 3828 1012 3881 totius
1053 3831 1446 3892 persecutionis
1505 3812 1784 3898 Caprony-

207 3917 409 3968 mianze
449 3927 682 3986 martyre
713 3918 920 3984 agebat,
960 3921 1120 3972 etiam
1178 3919 1234 3974 S.
1281 3923 1506 3976 Andreae
1559 3923 1608 3974 in
1643 3922 1782 3976 Crisi

207 4022 321 4060 non
353 4009 685 4071 meminisse,
731 4009 856 4063 licet
896 4010 947 4063 in
985 4012 1133 4064 Actis
1183 4011 1239 4064 S.
1277 4012 1540 4077 Stephani
1576 4032 1694 4084 qum
1729 4017 1780 4069 in

209 4116 425 4154 canone
451 4115 549 4154 suo
577 4113 796 4156 secntus
832 4105 1064 4165 videtur,
1097 4106 1162 4157 de
1182 4119 1246 4157 eo
1283 4107 1486 4160 mentio
1525 4124 1631 4160 non
1671 4109 1782 4162 fiat.

213 4194 267 4247 Id
302 4195 494 4250 iterum
537 4195 740 4263 patebit
789 4210 854 4247 ex
887 4197 1136 4248 laudibus
1167 4199 1365 4264 quibus
1416 4197 1472 4250 S.
1509 4201 1781 4253 Andream

211 4286 457 4340 cumulat
491 4288 541 4336 in
565 4300 774 4336 canone
803 4303 963 4354 quem
996 4288 1062 4342 de
1098 4288 1214 4356 ipso
1241 4290 1608 4353 concinnavit,
1639 4301 1693 4344 et
1723 4309 1784 4345 ex

210 4391 323 4444 quo
349 4374 574 4428 inferius
607 4376 831 4439 plurima
865 4380 1214 4446 proferimus.

288 4468 376 4522 53.
444 4467 682 4520 Eductus
755 4478 835 4522 est
898 4467 953 4522 S.
1003 4474 1244 4524 Andreas
1299 4489 1328 4524 e.
1382 4490 1599 4529 carcere
1666 4492 1784 4538 suo,

1884 3277 1966 3326 cio
1992 3273 2230 3325 damnati
2267 3280 2472 3333 essent,
2517 3270 2776 3323 cadavera
2827 3269 3256 3336 deportabantur
3285 3269 3458 3335 (I39).

1886 3364 2276 3429 Mctapbrastes
2318 3376 2468 3413 num.
2503 3360 2600 3422 lii,
2633 3369 2685 3412 ct
2730 3360 3092 3429 synaxaristes
3134 3360 3461 3413 Nemeorum

1885 3456 1940 3510 S.
1969 3455 2236 3508 Andream
2264 3455 2314 3505 in
2344 3452 2519 3505 locum
2546 3447 2910 3506 malehcorum
2933 3452 3232 3522 projectum
3252 3451 3461 3507 dicunt.

1885 3559 1940 3602 et
1994 3548 2134 3599 inter
2185 3559 2472 3612 corporum
2532 3543 2840 3611 congeriem
2917 3551 3220 3608 repertum;
3275 3558 3461 3595 verum

1886 3639 2250 3705 Theophanes
2275 3645 2459 3704 aperte
2490 3633 2699 3702 Pelagia
2725 3632 2922 3685 indicat
2955 3634 3138 3700 (supra
3170 3648 3322 3684 num.
3351 3632 3462 3700 II).

1886 3732 1994 3786 Cur
2038 3739 2220 3782 autem
2260 3729 2446 3780 eadem
2494 3726 2739 3794 sepulcra
2786 3740 2891 3777 non
2924 3723 3142 3794 Pelagii.
3177 3725 3269 3778 sed
3309 3725 3464 3803 I’cla.

1888 3827 2005 3893 giae,
2054 3821 2150 3886 τῆς
2201 3821 2361 3884 ἀγίλς
2402 3818 2684 3880 ιιελαγέας.
2721 3816 2787 3870 ab
2835 3815 3104 3883 aliquibus
3146 3815 3284 3869 dicta
3331 3815 3464 3873 sint.

1887 3914 2174 3981 diligenter
2223 3909 2444 3977 inquirit
2494 3908 2799 3977 Janningus
2846 3907 2898 3958 in
2947 3908 3098 3961 Actis
3146 3907 3198 3960 S.
3239 3907 3466 3976 Pelagia!

1890 4001 2243 4056 Antiocheam
2297 3999 2474 4070 (HO),
2520 4015 2618 4053 nec
2677 3997 3092 4066 explicationem
3143 3996 3350 4064 Cangii,
3399 3998 3466 4051 ad

1891 4105 2094 4154 calcem
2126 4099 2417 4152 Annalium
2461 4097 2685 4149 Zonarae
2729 4096 2998 4156 traditam,
3044 4092 3252 4147 admitti
3285 4107 3462 4161 posse,

1896 4202 2041 4245 recte
2074 4190 2273 4244 ibidem
2302 4188 2530 4243 evicisse
2554 4188 2785 4240 videtur.

2034 4304 2058 4372 §
2092 4300 2178 4356 IV.
2208 4300 2264 4354 S.
2303 4303 2524 4353 Andrca:
2569 4300 2824 4372 reliquia',
2872 4297 3152 4357 miracula,
3185 4298 3326 4350 locus

2527 4369 2832 4438 sepultum.

1967 4490 2056 4544 54.
2083 4487 2293 4555 Corpus
2325 4483 2382 4536 8.
2425 4481 2650 4535 Andreae
2680 4479 2732 4531 in
2763 4477 2988 4548 Pelagiis
3019 4492 3114 4545 per
3144 4476 3466 4530 miraculum

211 4575 376 4625 quem
410 4560 605 4613 Phiala:
641 4559 805 4613 fuisse
832 4563 1199 4615 verosimilius
1222 4565 1482 4626 diximus,
1512 4567 1575 4619 ad
1609 4566 1772 4634 impe-

1894 4591 2161 4648 repertum
2197 4593 2256 4627 ac
2287 4593 2315 4627 a
2354 4573 2562 4627 czteris
2591 4573 2905 4629 discretum,
2928 4585 2953 4619 a
2984 4570 3085 4635 piis
3117 4569 3243 4619 viris
3277 4568 3467 4620 inloco

216 4664 477 4714 ratorem,
517 4665 569 4705 et
594 4669 772 4706 coram
812 4669 876 4706 eo
915 4654 1206 4720 imaginum
1243 4657 1641 4710 venerationem
1682 4659 1780 4711 ite-

216 4763 339 4798 rum
377 4745 636 4796 audacter
669 4747 857 4804 tuitus,
893 4762 920 4797 a
961 4746 1159 4813 palatio
1193 4746 1248 4798 8.
1286 4745 1568 4804 Mamantis
1606 4750 1657 4800 in
1692 4765 1782 4800 ur-

215 4838 343 4892 bem
400 4835 642 4904 pertrahi
695 4838 914 4905 jubetur
946 4840 1022 4905 (in
1077 4843 1246 4900 Actis,
1281 4858 1429 4894 num.
1480 4844 1543 4894 14
1576 4851 1629 4895 et
1676 4841 1782 4907 I5).

217 4945 455 4999 cumque
487 4932 551 4984 ad
580 4930 752 4983 forum
781 4929 938 4983 Bovis
969 4934 1324 4999 pervenisset.
1357 4946 1552 4986 terram
1591 4935 1789 5002 ubique

221 5025 455 5090 irrigans
473 5037 688 5083 cruore,
719 5021 789 5074 ibi
814 5037 840 5074 a
862 5022 1126 5089 piscatore
1143 5025 1372 5091 quodam
1399 5026 1532 5092 pede
1568 5026 1787 5079 dextero

219 5117 487 5177 abscisso,
536 5117 771 5168 animam
820 5115 927 5168 Deo
975 5114 1211 5173 tradidit.
1262 5116 1414 5180 Quod
1467 5133 1589 5172 cum
1629 5119 1794 5171 vidis-

221 5217 368 5268 sent,
414 5208 504 5277 qui
560 5222 684 5260 eum
736 5208 1043 5267 trahebant,
1107 5209 1158 5258 in
1211 5209 1386 5261 locum
1434 5209 1787 5264 fwdissinium

223 5302 474 5358 cvanime
541 5317 740 5369 corpus
796 5303 1094 5370 projecere.
1160 5304 1282 5357 Haec
1319 5322 1379 5356 ex
1440 5308 1794 5371 sequentibus

300 5487 447 5552 (139.)
478 5485 626 5538 Anal.
655 5485 850 5544 Graec,
967 5483 1066 5535 SOI)
1099 5496 1146 5535 ct
1177 5486 1298 5536 5l7.

300 5557 451 5587 .tﬁ'ti
487 5556 524 5587 τ’
595 5557 727 5587 sunt
807 5571 836 5587 ..
914 5551 977 5587 tu

299 5557 451 5614 1153)
487 5556 545 5607 Τ.
584 5557 775 5619 April..
807 5551 998 5619 νεεδ.

305 5627 453 5693 (154)
490 5625 550 5676 Τ.
601 5624 661 5678 III
709 5624 885 5683 .\Iart.,
941 5644 990 5694 ρ.
1043 5627 1138 5678 I65
1181 5635 1242 5678 et
1278 5637 1314 5681 r.
1354 5627 1368 5679 I
1414 5629 1579 5685 Junii.
1619 5647 1667 5699 p.
1712 5632 1789 5693 I7,

230 5711 284 5744 n.
318 5699 370 5747 (i.

306 5765 452 5826 (I35)
483 5764 544 5816 Τ.
581 5763 640 5823 II,
671 5784 718 5830 p.
757 5765 841 5816 85.

304 5833 452 5898 (I36)
485 5833 686 5897 Cylltus
721 5833 951 5901 Topogr.
993 5830 1170 5900 (ρων.
1209 5836 1298 5887 lib.
1339 5855 1391 5900 II,
1429 5855 1546 5908 cap.
1578 5861 1633 5893 tt.

1895 4680 2083 4723 sancto
2112 4667 2283 4719 Crisis
2311 4662 2618 4732 depositura
2653 4667 2770 4719 est;
2807 4667 2966 4725 atque
3005 4659 3106 4710 hoc
3152 4656 3368 4723 quidem
3401 4671 3465 4711 ex

1897 4759 2066 4820 Actis,
2099 4769 2155 4810 ut
2195 4757 2367 4819 aiunt,
2417 4749 2796 4821 anepigrapliis
2842 4764 2992 4801 num.
3051 4746 3132 4809 I6,
3161 4747 3466 4813 insequenti

1898 4865 2056 4907 nocte
2092 4852 2291 4905 factum
2343 4857 2463 4900 8558
2499 4845 2730 4897 videtur.
2769 4841 3086 4893 Iliraculum
3123 4848 3301 4892 tamen
3332 4854 3470 4907 prae-

1899 4947 2141 5003 citatum,
2171 4943 2312 5012 quod
2348 4939 2740 5007 Metaphrastes
2763 4945 2817 4988 et
2845 4933 3042 4986 IIIeneea
3085 4947 3279 4983 excusa
3329 4929 3472 4982 refe-

1902 5051 2045 5099 runt,
2078 5040 2130 5089 in
2163 5036 2352 5089 iisdem
2403 5032 2550 5085 Actis
2594 5046 2700 5082 non
2734 5035 3036 5092 comparet,
3072 5024 3162 5077 sed
3210 5028 3468 5076 omittunt

1903 5141 2132 5190 tantum,
2163 5143 2224 5181 ac
2257 5126 2386 5178 nihil
2417 5124 2697 5176 diSSOnum
2727 5119 2933 5171 addunt
2965 5116 3106 5184 quod
3145 5128 3264 5166 cum
3299 5112 3470 5165 Meta-

1902 5223 2120 5293 phraste
2154 5217 2402 5286 componi
2434 5230 2539 5266 non
2578 5211 2768 5281 possit.
2792 5209 2856 5261 Ill
2891 5209 3005 5260 haec
3031 5217 3112 5258 est
3144 5205 3309 5256 altera
3333 5203 3469 5255 ratio

1902 5331 1999 5367 cur
2043 5313 2173 5365 Acta
2215 5312 2299 5362 illa
2347 5307 2496 5376 Cpoli
2543 5306 2737 5376 scripta
2789 5318 2894 5354 non
2951 5299 3116 5352 fuisse
3161 5296 3469 5353 videantur,

1971 5494 2115 5558 (137)
2147 5491 2208 5542 Τ.
2251 5487 2332 5541 VII
2379 5487 2521 5554 Maji,
2560 5505 2607 5553 p.
2658 5485 2744 5544 68,
2795 5501 2824 5533 n
2908 5484 2967 5533 I9.
3019 5493 3075 5533 et
3105 5491 3138 5531 t.
3182 5479 3220 5530 II
3270 5478 3462 5546 April.,

1907 5582 1957 5634 ρ.
1987 5564 2037 5622 AI.
2073 5580 2126 5615 n.
2161 5562 2210 5615 5.
2587 5629 2591 5633 ἡ

1979 5635 2123 5694 (158)
2155 5630 2416 5697 Manipul.
2446 5627 2665 5699 (ἱροὶιῐὶ,
2703 5641 2753 5699 p_.
2788 5623 2901 5699 *20._
2987 5696 2994 5699 Δ
3093 5693 3102 5699 ι
3260 5691 3290 5699 Π

1980 5691 2124 5767 £139)
2155 5702 2211 5754 Ρ.
2244 5691 2320 5752 to"
2360 5699 2412 5757 d,
2447 5699 2576 5752 ράίι.
2624 5691 2805 5753 Paris;
2848 5696 2926 5747 cfr
2975 5693 3233 5746 Analecta
3257 5691 3464 5754 Gram,

1907 5792 1957 5846 ι).
1988 5776 2086 5827 5111
2112 5773 2342 5846 et_5‘2_(_l._
2433 5840 2458 5846 ‘-
2611 5837 2622 5846 _
2644 5836 2701 5846 Μ
2849 5837 2852 5841 ι

1983 5847 2124 5911 tuo;
2161 5842 2224 5893 T.
2252 5842 2288 5893 Il
2318 5840 2479 5899 Junii,
2517 5855 2564 5907 ρ.
2605 5836 2725 5899 159,
2762 5853 2814 5888 u.
2845 5835 2911 5889 ‘25
2941 5843 2990 5885 et
3019 5847 3168 5900 seqq.
