4188 6432
749 413 878 474 1107

751 620 1201 690 Hymnograpbus
1234 635 1375 673 anno
1400 621 1501 675 8H
1527 621 1640 689 jam
1676 622 1826 689 (ἐροιί
1854 621 2155 675 sacerdotio
2189 622 2313 675 fun-

749 727 879 782 gens
915 711 1084 781 (HI),
1103 729 1164 765 ac
1193 713 1389 765 smcnlo
1412 714 1655 780 sequenti
1692 711 2084 782 Metapbrastes
2111 715 2315 784 magni-

749 808 850 859 ﬁce
899 805 1182 865 extollunt,
1237 806 1441 858 nullum
1488 821 1548 858 ea
1604 817 2049 868 commemorent,
2103 817 2194 860 aut
2249 807 2316 861 de

751 895 855 948 illis
895 909 962 947 ne
1011 895 1230 947 verbum
1273 896 1487 962 quidem
1537 895 1828 962 proferant.
1889 895 1940 948 Si
1991 912 2132 947 enim
2167 895 2314 964 Cpoli

751 987 986 1052 scriptor
1027 985 1280 1038 Actorum
1333 987 1590 1055 degisset,
1625 1003 1726 1038 non
1777 1004 1840 1039 eo
1887 988 2044 1040 modo
2087 989 2316 1054 patroci-

753 1080 900 1131 nium
938 1078 990 1131 S.
1042 1079 1270 1131 Andreze
1330 1079 1430 1131 sibi
1476 1089 1799 1146 apprecatus
1853 1079 2012 1135 foret.
2046 1080 2148 1133 tale
2189 1081 2316 1134 illud

750 1186 950 1240 rogans
1003 1171 1230 1231 scilicet,
1283 1172 1438 1238 quale
1485 1172 1534 1223 id
1590 1173 1947 1238 experiuntur
1998 1172 2085 1237 qui
2137 1175 2320 1225 colunt

750 1265 896 1314 luam
959 1277 1166 1315 sacram
1222 1260 1539 1314 memoriam
1598 1270 1650 1314 et
1701 1258 1932 1313 loculum
1971 1261 2318 1328 reliquiarum

751 1358 963 1407 tuarum
1002 1363 1350 1405 venerantur.
1387 1350 1539 1404 Nunc
1566 1367 1628 1404 ex
1657 1352 1878 1406 Canone
1911 1351 1964 1404 S.
1999 1351 2222 1420 Josephi
2260 1368 2320 1405 ea

751 1443 1072 1497 exhibemus
1109 1456 1228 1508 qua:
1258 1440 1313 1493 S.
1352 1441 1580 1493 Andreae
1611 1438 1870 1492 miracula
1904 1437 2319 1500 commendant;

751 1533 845 1586 sed
869 1533 1105 1586 ultimam
1126 1530 1292 1585 Odam
1323 1531 1408 1584 cui
1437 1531 1900 1600 hymnographus,
1927 1529 1978 1581 in
2009 1539 2322 1597 perpetuam

752 1626 1122 1680 venerationis
1169 1640 1274 1677 sua:
1329 1625 1667 1687 memoriam,
1715 1640 1911 1677 nomen
1967 1640 2060 1691 per
2101 1624 2326 1676 acrosti-

754 1719 970 1771 ehldem
1019 1720 1261 1770 intexere
1295 1716 1490 1778 suevit,
1521 1717 1785 1781 integram
1819 1717 2100 1780 vertimus,
2137 1716 2322 1768 eadem

756 1807 1118 1862 acrosticbide
1151 1817 1385 1860 servata.
1419 1806 1735 1860 Advertisse
1787 1807 1948 1858 etiam
1995 1807 2213 1874 juverit,
2251 1806 2326 1859 uti

755 1910 1047 1968 postrema:
1078 1899 1202 1952 huic
1239 1899 1382 1962 Odae,
1414 1898 1486 1950 ita
1521 1898 1732 1951 caeteris
1757 1897 2008 1949 omnibus
2055 1913 2322 1950 annexum
2360 1879 2402 1937 Β

757 2008 879 2046 esse
916 1990 1271 2045 Theotocium
1314 2008 1407 2044 seu
1445 1989 1769 2043 versiculum
1813 1989 1867 2040 in
1909 1990 2167 2041 honorem
2205 1988 2330 2042 Dei-

758 2100 922 2151 paraj,
957 2083 1098 2150 quod
1145 2083 1248 2150 jam
1303 2092 1428 2135 ante
1476 2081 1774 2149 Josepbum
1834 2080 2111 2133 factitabat
2157 2079 2330 2133 Theo-

759 2175 989 2242 phanes,
1022 2175 1217 2242 aliique
1248 2174 1639 2243 hymnograpbi
1672 2173 1883 2236 Graeci;
1917 2184 1970 2224 ut
2004 2173 2071 2226 ita
2112 2173 2329 2237 planum

764 2267 854 2318 ﬁat
878 2275 1078 2333 quanta
1112 2264 1307 2329 (ἐνεοί,
1345 2282 1371 2315 a
1411 2265 1648 2317 Romana
1695 2269 1821 2318 sede
1855 2266 2084 2317 necdum
2116 2265 2331 2326 divulsi,

763 2364 981 2423 quanta,
1012 2356 1252 2422 inquam,
1297 2357 1347 2406 in
1380 2356 1436 2410 Β.
1478 2355 1748 2423 Virginem
1806 2356 2089 2408 dei/mione
2133 2355 2336 2421 pollue-

766 2449 896 2500 rint.
959 2447 1032 2498 Ex
1086 2447 1169 2500 his
1213 2447 1454 2500 Canticis
1506 2458 1818 2513 excerptum
1880 2456 1961 2500 est
2015 2446 2333 2516 opusculum

765 2537 1179 2606 Wangnereckii
1238 2539 1403 2590 nostri
1455 2539 1537 2590 cui
1597 2539 1834 2591 titulus:
1873 2538 2049 2592 Pietas
2100 2538 2334 2592 Mariana

766 2631 1100 2693 Graecorum,
1135 2641 1188 2682 et
1211 2629 1507 2683 Mararcius
1533 2645 1687 2682 suum
1713 2630 1923 2684 Itiariale
1950 2647 2010 2683 ex
2047 2633 2205 2684 unius
2227 2632 2336 2684 fere

771 2719 826 2770 S.
860 2717 1082 2787 Joseplii
1133 2719 1364 2788 hymnis,
1397 2719 1498 2774 etsi
1551 2721 1798 2787 permulti
1831 2722 2004 2773 adhuc
2055 2722 2334 2775 iu'bihlio-

771 2812 942 2862 thecis
993 2812 1344 2879 manuscripti
1391 2812 1736 2873 delitescunt,
1782 2814 2110 2865 concinnare
2141 2815 2334 2881 potuit.

768 2902 858 2954 35.
910 2901 1125 2953 Sanitas
1155 2919 1220 2954 ev
1265 2915 1314 2955 te
1359 2905 1470 2957 sive
1507 2905 1624 2955 vivo
1656 2905 1854 2966 adhuc,
1888 2905 2000 2957 sive
2045 2906 2154 2970 jam
2197 2920 2340 2956 mor-

846 3006 961 3061 tuo,
989 3007 1242 3065 tanquam
1284 3013 1344 3050 ea
1382 2999 1527 3049 fonte
1583 2999 1632 3049 in
1668 3007 1895 3062 ingratos
1941 2997 2141 3059 deﬂuit,
2178 2998 2336 3051 verbo

843 3085 1027 3137 divino
1057 3095 1270 3153 potens,
1306 3096 1488 3136 sancte
1522 3086 1757 3150 Andrea,
1790 3087 1878 3154 qui
1917 3086 2136 3155 spiritus
2161 3086 2336 3154 impu-

2036 410 2315 469 MENSIS
2356 411 2692 474 OC'I'OBER

747 530 894 595 quod
952 529 1158 580 scilicet
1209 543 1273 581 ex
1325 536 1401 580 tot
1447 527 1743 589 miraculis,
1794 545 1911 596 quae
1949 529 2006 581 S.
2045 528 2316 597 Josepbus
2347 531 2391 584 Α

3850 415 3996 477 1108

2492 535 2583 600 qui
2629 552 2656 585 a
2712 533 2929 586 Christo
2965 533 3072 586 Deo
3129 541 3315 585 nostro
3367 531 3707 585 curationum
3749 531 3993 600 gratiam

2487 627 2697 681 cmlitus
2726 626 2995 695 accepisti.
3025 623 3130 680 Ode
3170 624 3222 687 8,
3251 630 3318 680 tr.
3352 625 3405 679 3.

3109 739 3215 792 Orlc
3253 739 3304 791 9.

2419 832 2568 892 Ideo.
2625 831 2784 886 Pater
2842 842 3044 892 sancte,
3100 846 3262 884 cursu
3316 840 3407 883 tuo
3471 839 3872 889 consummato,
3941 835 3998 878 et

2490 925 2792 976 orthodoxa
2827 921 2929 975 ﬁde
2961 922 3279 975 intemerate
3311 929 3540 981 servata,
3596 919 3719 985 quia
3768 915 3996 969 certasti

2493 1016 2750 1084 legitime,
2790 1029 3046 1068 coronam
3088 1013 3358 1072 duplicem
3416 1011 3652 1076 desuper
3700 1005 3994 1072 accepisti,

2493 1116 2550 1158 ut
2595 1115 2794 1174 martyr
2826 1105 3079 1164 invictus,
3116 1113 3172 1155 ut
3204 1112 3380 1155 asceta
3409 1101 3675 1170 egregius.

2423 1197 2766 1251 (ldOriferum
2805 1206 2861 1248 ut
2915 1192 3110 1256 lilium,
3172 1205 3229 1246 ut
3286 1209 3428 1257 rosa,
3482 1193 3666 1253 Pater,
3731 1191 3784 1241 in
3827 1198 3999 1256 prato

2493 1289 2690 1341 divinat
2729 1302 2975 1340 asceseos
3010 1283 3262 1347 floruisti,
3295 1293 3350 1336 ut
3380 1283 3582 1336 cedrus
3629 1294 3792 1332 suave
3824 1278 4000 1330 redo-

2498 1381 2599 1437 les.
2637 1389 2930 1446 martyrum
2975 1376 3316 1443 splendorem
3365 1375 3620 1442 adeptus,
3669 1372 3823 1425 beate
3886 1372 4004 1422 An-

2497 1474 2647 1535 drea,
2679 1471 3064 1524 monachorum
3102 1469 3292 1521 decus.

2427 1566 2607 1633 Signis
2640 1573 2689 1616 et
2735 1562 2998 1629 portentis
3053 1561 3250 1613 merito
3295 1557 3546 1618 celebris,
3600 1557 3833 1608 omnium
3897 1555 4004 1605 sub

2501 1657 2674 1712 oculis
2709 1653 3104 1707 indissolubilis
3153 1666 3362 1711 manes,
3408 1649 3564 1701 beate
3613 1649 3844 1710 Andrea,
3911 1648 4004 1714 qui

2503 1759 2739 1802 mentem
2771 1748 3046 1798 illuminas
3107 1745 3208 1798 ﬁde
3255 1741 3466 1794 ardenti
3512 1739 3820 1795 adeuntium
3861 1751 3917 1791 te
3952 1749 4006 1790 et

2502 1841 2888 1911 gratulantium
2924 1838 3043 1890 tibi.

2435 1935 2572 1987 Ecce
2625 1933 2767 1986 diem
2819 1931 3071 1983 festivum
3115 1937 3165 1980 et
3200 1939 3441 1981 sanctam
3513 1924 4011 1988 suavissimamque

2501 2027 2816 2080 memoriam
2852 2033 2998 2075 luam
3036 2022 3375 2075 celebrantes
3427 2020 3611 2080 hodie,
3666 2017 3779 2075 tibi,
3811 2017 4009 2078 Pater,

2499 2134 2622 2172 cum
2659 2116 2853 2169 ﬁducia
2887 2114 3183 2166 clamamus
3223 2111 3441 2165 :Sacris
3490 2112 3554 2163 ad
3591 2109 3753 2162 Deum
3807 2122 4011 2174 preca-

2503 2209 2742 2263 tionibus
2773 2206 2900 2267 tuis,
2937 2205 3002 2258 ab
3034 2203 3179 2256 omni
3204 2203 3579 2255 vicissitudine
3612 2201 3732 2255 vitae
3763 2199 4010 2251 liberare

2505 2313 2604 2350 nos
2643 2296 2901 2366 digneris.

3044 2409 3392 2461 Theotocium.

2437 2524 2738 2597 Phosphori
2798 2524 2934 2585 veri,
3001 2523 3092 2590 qni
3149 2522 3329 2575 lumen
3407 2519 3527 2572 tulit
3604 2517 3656 2568 in
3740 2515 4016 2566 mundum

2505 2619 2794 2689 Splendore
2828 2616 3078 2674 Deitatis,
3105 2625 3159 2666 et
3193 2611 3513 2681 ignorantiae
3551 2607 3803 2659 tenebras
3855 2605 4020 2671 fuga-

2513 2710 2585 2760 vit
2611 2709 2663 2759 in
2694 2721 2893 2766 :evum,
2939 2704 3142 2754 viscera
3176 2711 3286 2760 tua,
3347 2697 3656 2751 castissima
3697 2696 3881 2766 Virgo,
3921 2698 4020 2749 ha-

2516 2797 2812 2851 bitandum
2848 2794 2987 2846 facta
3028 2802 3182 2854 sunt;
3220 2792 3337 2844 ideo
3369 2791 3732 2856 glorificamus
3766 2801 3836 2843 te.

2516 2887 2604 2939 36.
2670 2885 2764 2936 Hic
2816 2883 3164 2936 exscribenda
3215 2881 3393 2935 forent
3466 2880 3844 2948 Metaphrastae
3899 2897 4022 2932 ver—

2443 2981 2530 3042 ba,
2587 2979 2781 3047 quibus
2853 2987 3100 3039 testatur,
3137 2991 3235 3028 suo
3294 2974 3456 3026 etiam
3519 2985 3792 3040 tempore,
3843 2973 4021 3022 nemi-

2444 3088 2568 3125 nem
2632 3072 2824 3124 morbo
2885 3080 2980 3122 aut
3043 3069 3182 3120 malo
3243 3066 3608 3132 qualicunque
3677 3075 4020 3130 correptum,

839 3192 928 3229 ros
957 3178 1194 3244 depellis,
1235 3187 1288 3229 et
1332 3177 1572 3230 Creatori
1607 3188 1697 3230 tuo
1728 3178 1985 3229 inclamas
2023 3197 2034 3229 :
2069 3177 2146 3228 Tu
2194 3178 2340 3229 solus
2367 3203 2412 3264 ρ
2449 3163 2632 3215 sane“
2669 3163 2937 3214 ιυιτιυιυιη
2968 3161 3163 3212 δάίίδεε
3195 3158 3322 3225 ψιῑυ
3360 3157 3658 3208 ""‘edl'm'
3714 3156 3842 3207 inde
3873 3171 4020 3208 Γεω-

842 3283 1084 3332 sanctus,
1117 3272 1362 3324 Domine.
1393 3271 1499 3325 Ode
1533 3272 1586 3333 5,
1616 3274 1850 3342 lropario
1878 3273 1928 3326 9..

777 3361 953 3415 Suave
1001 3363 1232 3430 spirans.
1269 3365 1432 3417 odore
1479 3366 1762 3428 virtutum,
1795 3365 1882 3419 ubi
1934 3381 2076 3418 nunc
2109 3364 2257 3433 jaces
2288 3366 2339 3418 in

849 3457 1116 3523 sepulcro.
1170 3457 1325 3510 Pater
1368 3467 1573 3520 sancte,
1613 3459 1815 3509 vultum
1865 3457 2103 3508 laetiﬁcas
2155 3473 2340 3509 eorum

849 3547 938 3613 qui
973 3549 1262 3602 confidenti
1297 3549 1457 3603 corde
1481 3549 1555 3602 Tc
1586 3548 1984 3601 adeunt.0delt
2015 3558 2148 3613 trop.
2183 3547 2234 3597 εὶ.

777 3635 994 3688 Peccati
1050 3639 1300 3690 tenebras
1349 3635 1706 3694 abhorruisti,
1759 3635 1938 3695 Pater,
1997 3644 2048 3686 et
2103 3633 2346 3689 libidinis

852 3743 1045 3793 expers
1073 3739 1128 3780 ut
1167 3729 1384 3781 lucerna
1444 3728 1789 3791 Splenduisti,
1836 3728 1924 3795 qui
1986 3728 2050 3780 ad
2095 3739 2343 3783 sanctum

854 3816 1120 3867 tumulum
1175 3827 1323 3868 tuum
1373 3815 1697 3868 accedentes
1759 3817 2048 3883 Splendore
2111 3817 2346 3870 curatio-

856 3924 1005 3966 num,
1041 3907 1146 3959 Deo
1175 3910 1354 3969 dante,
1399 3909 1686 3961 illuminas.
1726 3909 1854 3959 Ode.
1887 3909 1937 3971 5,
1975 3918 2042 3960 tr.
2084 3908 2128 3959 l.

786 4001 876 4053 Dei
912 3997 1283 4054 habitaculum
1314 4003 1487 4053 factus
1517 4016 1595 4059 es,
1629 4000 1804 4059 Pater,
1836 4000 1926 4067 qui
1957 4014 2139 4054 sancte
2167 4001 2343 4055 vixisti

854 4102 904 4145 et
953 4093 1202 4161 pugnasti
1247 4093 1494 4154 fortiter;
1538 4106 1684 4144 nunc
1728 4108 1853 4146 vero
1897 4095 1946 4144 in
1995 4104 2346 4146 monumento

849 4184 1019 4248 jaces,
1072 4184 1253 4234 salvus
1303 4191 1356 4234 et
1417 4177 1829 4244 indissolubilis,
1889 4190 2209 4236 cunctorum
2250 4183 2356 4236 sol-

860 4291 990 4329 vens
1029 4277 1242 4330 morbos
1283 4275 1537 4328 ﬁdeliurn.
1571 4275 1677 4328 Ode
1713 4276 1765 4338 5,
1799 4284 1863 4326 tr.
1895 4274 1945 4326 2.

784 4368 848 4419 lit
884 4369 1060 4437 magni
1099 4367 1258 4435 pretii
1315 4369 1604 4419 tlies:iurus
1642 4367 2016 4431 absconditus,
2069 4367 2238 4421 oculis
2287 4368 2346 4421 ﬁ-

860 4459 1084 4520 delium,
1128 4458 1306 4519 Pater,
1353 4457 1678 4509 manifestus
1707 4456 1882 4509 factus
1910 4472 1988 4518 es,
2021 4468 2073 4509 ct
2111 4460 2343 4511 miracu-

855 4551 918 4601 lis
959 4550 1097 4602 ditas
1124 4564 1313 4601 omnes
1341 4549 1430 4617 qui
1468 4547 1654 4601 colunt
1689 4557 1758 4601 te.
1791 4548 1896 4602 Ode
1925 4547 1974 4612 ﬁ,
2005 4557 2072 4600 tr.
2105 4549 2156 4601 5.

784 4641 1020 4709 Spiritus
1053 4650 1176 4694 tuus
1213 4640 1394 4693 divina
1438 4640 1930 4693 communicatione
1980 4638 2346 4706 'praefulgidus,

859 4732 1124 4784 mirabilis
1185 4731 1422 4790 Andrea,
1479 4729 1688 4781 stellam
1744 4727 1970 4778 lucidam
2038 4728 2244 4778 cunctis
2302 4738 2351 4781 te

856 4821 1123 4878 exhibuit.
1168 4831 1220 4873 et
1267 4821 1466 4887 ubique
1535 4806 1811 4871 miraculis
1867 4817 2106 4874 illustras
2169 4817 2352 4871 tideles

856 4914 1228 4968 collaudantes
1265 4923 1333 4965 te.
1369 4913 1474 4964 Ode
1510 4914 1559 4973 7,
1593 4922 1660 4964 ιν.
1692 4913 1740 4962 5.

789 5006 986 5058 Contra
1023 5005 1301 5057 Christum
1357 5003 1408 5054 iu
1461 5004 1664 5054 rabiem
1723 5001 1954 5067 abrepti,
1992 5009 2046 5053 ut
2085 5002 2208 5054 ferae
2259 5003 2352 5055 be-

860 5098 974 5149 stiae
1020 5107 1068 5148 te
1104 5095 1355 5147 trucidari
1406 5097 1723 5162 jusserunt;
1763 5108 1926 5160 quare
1981 5104 2255 5161 raptantes
2299 5105 2354 5147 ct

863 5189 1135 5237 caedentes
1200 5196 1250 5238 te
1315 5187 1364 5237 in
1442 5187 1755 5237 barathrum
1819 5185 2184 5252 projccerunt,
2261 5189 2352 5255 qui

868 5279 939 5328 ita
973 5276 1208 5328 veritatis
1246 5278 1560 5328 manifestus
1592 5289 1792 5344 martyr
1847 5277 2018 5332 factus
2049 5294 2126 5331 es.
2163 5280 2273 5333 Ode
2301 5283 2352 5342 8,

870 5376 936 5416 tr.
969 5367 1023 5416 εὶ.

807 5456 1071 5521 Prodigiis
1093 5456 1292 5514 ﬁdeles,
1331 5466 1580 5520 tanquam
1615 5457 1836 5527 ﬂuento,
1867 5459 2074 5524 irrigas,
2102 5471 2151 5510 et
2181 5461 2353 5527 fugas,

885 5547 963 5596 vir
1007 5549 1179 5605 beate,
1219 5547 1468 5612 nequitia:
1516 5547 1757 5612 spiritus,
1790 5558 1841 5598 et
1887 5551 2167 5614 langueres
2197 5552 2356 5612 tollis,

907 5743 1046 5800 11411
1075 5740 1133 5795 Τ.
1170 5741 1188 5795 l
1225 5742 1412 5808 April.,
1439 5759 1488 5805 p.
1514 5741 1634 5799 269.
1667 5757 1719 5790 ιι.
1763 5739 1841 5791 15.

921 5814 1057 5881 11421
1091 5813 1400 5884 Pachymer.
1430 5821 1466 5861 t.
1502 5809 1563 5870 ll,
1598 5825 1649 5878 ῃ,
1682 5811 1743 5858 5‘5
1779 5811 1822 5858 d.
1845 5808 2034 5859 01601).

2449 3254 2607 3319 lerit;
2642 3253 2733 3322 qui
2794 3251 2945 3321 tipoli
2993 3252 3194 3321 degens
3250 3250 3322 3302 ita
3380 3249 3607 3302 ﬁdenter
3659 3263 3767 3300 non
3829 3246 4024 3300 fuisSet

2447 3349 2704 3403 concives
2774 3346 3062 3405 allocutus,
3125 3342 3227 3396 nisi
3306 3339 3686 3408 frequentibus
3738 3339 4025 3390 miraculis

2449 3441 2506 3492 S.
2558 3441 2804 3492 Andreas
2859 3438 3097 3490 ﬁdelium
3154 3436 3406 3502 pietatem
3459 3441 3885 3482 remunerasset.
3927 3429 4027 3481 Ve-

2449 3547 2592 3589 rum,
2631 3531 2714 3582 his
2758 3528 2956 3589 missis,
2987 3539 3108 3578 cum
3148 3524 3197 3574 in
3234 3522 3380 3573 Actis
3407 3522 3523 3588 ejus
3554 3536 3606 3570 n.
3660 3519 3719 3569 t7
3763 3520 3865 3585 legi
3906 3536 4026 3584 pos-

2450 3624 2578 3689 sint,
2609 3623 2675 3676 de
2716 3620 2884 3673 Crisis
2942 3619 3061 3673 loco
3093 3615 3178 3669 cui
3236 3629 3450 3668 sacrum
3507 3614 3699 3680 pignus
3749 3611 4024 3662 creditum

2448 3724 2548 3777 est,
2587 3714 2830 3783 quietiam
2871 3709 3196 3780 proferenda
3251 3717 3398 3760 sunt.
3436 3707 3491 3760 ln
3545 3707 3694 3757 Actis
3748 3705 4023 3771 utrisque,

2448 3812 2540 3864 sed
2577 3811 2626 3861 in
2666 3806 3092 3874 Metapbrastacis
3139 3805 3418 3861 disertius,
3459 3801 3608 3853 locus
3662 3799 3753 3851 ille
3798 3809 4027 3850 sanctus

2449 3902 2669 3953 dicitur.
2721 3898 2843 3950 Fuit
2906 3896 2976 3949 ibi
3024 3895 3227 3948 scilicet
3277 3891 3692 3950 monasterium,
3740 3890 3828 3939 cui
3882 3906 4028 3941 anno

2449 3992 2663 4044 circiter
2726 3990 2881 4050 1284,
2938 4002 3003 4039 ex
3063 3984 3270 4038 Possini
3335 3982 3503 4032 nostri
3565 3979 3776 4030 calculo
3847 3979 4022 4041 (ΗΞ).

2451 4083 2692 4136 liaulena
2744 4079 3221 4133 Prolovestiarissa
3259 4073 3602 4144 peramplam
3655 4081 3709 4122 et
3765 4070 4025 4136 exquisiti

2451 4174 2665 4231 artiﬁcii
2702 4173 2873 4226 aedem
2930 4170 3150 4235 adjecit.
3186 4167 3328 4221 Alibi
3372 4181 3500 4218 vero
3542 4163 3926 4232 Pachymeres,
3963 4177 4026 4213 cx

2451 4268 2700 4336 ejusdem
2733 4261 2944 4317 Possini
2977 4261 3452 4326 interpretatione,
3485 4259 3556 4310 ita
3589 4255 3701 4310 fere
3729 4255 3979 4323 loquitur
4011 4271 4024 4304 :

2452 4359 2658 4414 abdidit
2695 4371 2750 4409 se
2783 4352 3073 4422 Gregorius
3115 4350 3421 4419 patriarcha
3468 4347 3520 4399 in
3573 4347 4026 4398 nmnasteriolum

2452 4451 2700 4505 Aristiuae
2731 4448 2956 4506 dictum,
2987 4442 3299 4509 contiguum
3334 4437 3665 4491 monasterio
3703 4437 3761 4487 S.
3797 4439 4028 4489 Andrea:

2383 4514 2509 4595 Din
2567 4541 2731 4603 Crisi,
2767 4539 3020 4592 viciniam
3078 4535 3130 4588 in
3191 4533 3313 4588 talis
3363 4531 3573 4584 delectu
3633 4528 3733 4580 loci
3791 4543 4030 4590 sequens

2455 4632 2954 4687 Protovestiarissa:
2980 4627 3254 4680 [lanula-nae
3293 4627 3344 4677 in
3381 4639 3442 4676 co
3472 4621 3528 4675 S.
3574 4623 3804 4673 Andreae.
3836 4636 4030 4670 mona—

2456 4727 2624 4779 sterio
2687 4721 2932 4791 degentis
2974 4736 2999 4773 a
3056 4735 3159 4784 qua
3210 4717 3440 4783 benigne
3495 4713 3783 4766 fovebatur
3847 4712 4025 4774 (HS).

2455 4819 2593 4872 Num
2634 4817 2795 4884 igitur
2841 4815 2909 4866 ob
2955 4813 3208 4865 viciniam
3269 4809 3525 4861 utriusvis
3567 4809 3792 4860 istarum
3837 4822 4029 4858 mona-

2456 4911 2751 4963 steriorum
2786 4906 2952 4957 Crisis
2975 4905 3124 4957 locus
3148 4911 3388 4960 sanctus,
3409 4899 3670 4967 jam-inde.
3701 4908 3898 4949 ot‘tavo
3929 4914 4025 4950 s2-

2455 5003 2577 5054 culo
2606 5002 2746 5051 dicta
2777 4997 2864 5060 sit,
2902 4994 3114 5047 definiri
3151 5008 3256 5044 non
3293 4997 3504 5058 potest;
3569 5003 3668 5040 nos
3730 4989 3895 5039 aliam
3943 5006 4034 5055 ap-

2460 5090 2774 5160 pellationis
2839 5100 3056 5139 causam
3134 5099 3241 5136 non
3314 5080 3637 5133 deterrimus.
3716 5078 3887 5130 l’orro
3965 5094 4023 5131 ev

2460 5186 2637 5253 priore
2669 5179 3020 5252 Pachymeris
3050 5176 3282 5244 allegato
3313 5174 3431 5226 loco
3470 5173 3569 5226 disr
3592 5172 3751 5230 imus,
3812 5169 4028 5219 εἱειειει-

2459 5290 2602 5336 nam,
2644 5273 2897 5326 feminam
2931 5267 3112 5320 multis
3146 5265 3290 5317 tertii
3330 5262 3525 5315 decimi
3559 5261 3742 5313 Saeculi
3795 5259 4028 5325 scripto-

2461 5367 2607 5419 ribus
2639 5363 2990 5420 celebratam,
3024 5359 3080 5410 S.
3113 5359 3339 5410 Andreae
3382 5351 3730 5421 magniﬁcum
3764 5347 4024 5415 templum

2461 5456 2783 5515 su's‘citasse;
2821 5453 2903 5503 eui
2954 5450 3216 5501 Maximus
3271 5445 3540 5512 Planudes
3580 5440 3907 5503 monachus,
3937 5441 4024 5509 qui

2465 5556 2574 5594 tum
2607 5542 2862 5607 temporis
2895 5541 3105 5590 vivebat
3137 5538 3282 5602 (lit)
3319 5544 3371 5585 et
3399 5551 3460 5586 ex
3513 5533 3830 5599 biographis
3869 5535 4025 5582 inno~

2545 5732 2682 5803 1115)
2723 5736 2842 5790 Loc.
2881 5739 2974 5789 cit.
3012 5752 3060 5803 p.
3105 5741 3169 5794 89
3195 5747 3242 5782 e.

2543 5795 2692 5870 (ut)
2727 5795 3063 5871 Pachyni.,'i.
3100 5816 3144 5850 c.
3176 5815 3226 5866 ρ.
3269 5795 3365 5849 166
3393 5811 3438 5852 c.
