4188 6432
219 417 358 483 1113

1322 421 1500 484 VITA
1543 418 1602 480 S.
1641 416 1969 477 ANDREiE
2008 421 2088 480 IN
2124 423 2353 486 CRISI.

3325 428 3461 501 1114

211 538 312 605 δὴν
374 535 550 592 ἔθετο.
603 535 772 598 Είδὼς
804 535 914 603 γὰρ
948 536 1028 588 ὅτι
1062 535 1299 606 χαλεπὸν
1336 545 1482 604 αυτῳ
1516 545 1608 589 και
1648 537 1776 588 δυσ-

1887 551 2042 604 gnum
2069 541 2307 596 studium
2334 543 2599 601 adhibuit.
2630 545 2761 601 Nam
2784 563 2906 602 cum
2935 549 3138 603 videret
3161 561 3280 602 esse
3304 549 3462 620 longe

213 627 565 696 ιπιχείρητον
612 630 800 681 πεῖσαι
853 630 1215 698 Χριστιανοὺς
1265 631 1565 701 ἀρνηθῆναι
1605 630 1647 662 ⁸⁸
1677 629 1777 699 τὴν

213 716 372 768 θείαν
403 717 496 768 τοῦ
537 717 775 786 Χριστοῦ
812 719 1112 789 σάρκωσιν,
1166 720 1378 783 πολλοῖς
1422 721 1520 790 ἠδη
1565 721 1778 790 χρόνοις

213 805 613 873 ἑμπεδοθεῖσαν
642 809 685 840 ¹⁰
722 809 938 872 αὐτοῖς·
977 810 1069 863 καὶ
1092 811 1119 862 ὅ
1155 828 1317 880 φησιν
1361 812 1388 863 ὁ
1437 811 1576 873 θεῖος
1618 810 1782 862 Δαϐ“ιδ

214 899 544 951 ἐκτείνασαν
585 901 683 968 μὲν
719 901 786 952 τὰ
827 902 1082 971 κλήματα
1113 902 1158 934 ²⁶
1188 903 1292 966 ἕως
1327 904 1603 972 θάλασσης
1629 942 1644 967 ,
1687 905 1782 957 καὶ

213 989 322 1050 ἕως
374 992 640 1060 ποταμῶν
688 994 785 1055 τὰς
834 996 1192 1063 παραφυάδας
1233 1012 1248 1026 ο
1296 996 1394 1062 ὅρη
1429 995 1484 1047 δὲ
1531 998 1594 1062 τῇ
1657 996 1783 1064 σκιᾷ

215 1082 625 1148 καλύπτουσιν,
683 1088 776 1139 καὶ
830 1089 949 1149 ταῖς
985 1089 1336 1155 ἀναδενδράσι
1363 1090 1459 1150 τὰς
1495 1087 1588 1139 τοῦ
1647 1087 1782 1139 Θεοῦ

215 1176 443 1245 κέδρους
468 1193 483 1208 ο
513 1177 669 1229 τοῦτο
712 1180 916 1241 ἐκεῖνος
963 1181 1149 1244 εἰδὼς,
1214 1181 1307 1234 ire
1340 1180 1436 1242 σῦς
1471 1182 1534 1232 ὲκ
1572 1179 1782 1248 δρυμοῦ

219 1268 321 1317 καὶ
363 1268 544 1333 μονιδς
578 1267 770 1337 ἀγρίος
795 1308 808 1330 ,
845 1269 1190 1338 λυμήνασθαι
1227 1272 1432 1337 ταύτην
1486 1273 1780 1340 ἐπιχειρεῖ,

214 1359 419 1423 τρόπον
455 1358 663 1426 ἕτερον,
725 1361 923 1429 μικροῦ
975 1363 1106 1428 πρὸς
1163 1365 1262 1431 τὴν
1307 1365 1498 1432 ὁμοίαν
1547 1366 1784 1434 φέροντα

218 1448 450 1520 βλάϐην,
485 1453 578 1504 καὶ
609 1453 694 1504 διὰ
721 1453 818 1521 τῆς
846 1454 1130 1524 ἀρνήσεως
1157 1456 1266 1508 τῶν
1300 1458 1514 1510 σεπτῶν
1541 1460 1784 1521 εἰκόνων,

216 1542 451 1612 ἄρνησιν
481 1547 792 1613 μηχανᾶται
831 1548 924 1600 καὶ
955 1547 1057 1618 τῆς
1101 1551 1416 1619 οἰκονομίας
1452 1568 1465 1582 ο
1496 1552 1611 1619 εἴγε
1643 1551 1721 1604 δεῖ
1743 1555 1786 1591 ἰ

215 1637 290 1687 τὰ
352 1639 448 1703 τῆς
511 1640 719 1701 εἰκόνος
794 1639 889 1693 ἐπὶ
949 1642 1008 1695 τὸ
1068 1643 1428 1713 πρωτότυπον
1464 1644 1509 1675 “
1580 1643 1790 1697 διαϐαί-

218 1746 334 1780 νειν
365 1731 433 1783 ’³.

293 1824 369 1874 Δ’.
409 1824 519 1874 Καὶ
554 1824 644 1875 τὸν
677 1826 799 1877 τότε
829 1827 1018 1895 ἄρχειν
1059 1824 1294 1895 λαχόντα
1333 1827 1523 1890 δεινῶς
1558 1829 1781 1892 ὑποδὺς,
1819 1867 1862 1922 Β

219 1914 631 1970 Κωνσταντῖνόν
679 1933 820 1985 φημι
871 1918 963 1970 τὸν
1014 1917 1251 1987 πονηρὸν
1304 1921 1397 1972 καὶ
1442 1919 1779 1988 δυσώνυμον,

219 2007 318 2058 καὶ
351 2005 683 2068 ἀπεναντίας
721 2009 798 2077 τῷ
832 2009 1106 2077 ὁμωνύμῳ
1158 2009 1248 2061 καὶ
1294 2008 1495 2079 πρώτῳ
1543 2014 1780 2080 φυτευτῇ

217 2097 320 2164 τῆς
350 2097 634 2159 εὐσεϐείας
685 2099 814 2167 περὶ
853 2100 1063 2170 ταύτην
1104 2101 1444 2161 διατεθέντα.
1482 2101 1656 2154 πείθει
1711 2105 1786 2173 μὴ

221 2184 447 2254 θεμιτὸν
491 2185 629 2240 εἶναι
660 2189 1019 2256 Χριστιανοὺς
1073 2190 1167 2242 καὶ
1195 2192 1359 2243 αὑτὸν
1400 2192 1610 2244 οἴεσθαι
1648 2210 1660 2224 ·
1696 2195 1789 2248 καὶ

217 2278 348 2340 τοὺς
385 2279 429 2309 ’⁵
460 2280 563 2330 ὑπὸ
596 2283 753 2347 χεῖρα
791 2278 1123 2347 νομοθετεῖν,
1161 2284 1259 2344 τὰς
1307 2285 1460 2353 ἱερὰς
1505 2285 1672 2348 ὅντως
1715 2287 1790 2338 εί-

221 2373 386 2431 κόνας
420 2372 606 2440 τιμᾷν,
658 2370 976 2441 Ἑλληνικῆς
1003 2372 1160 2424 τοῦτο
1190 2373 1487 2444 θρησκείας
1515 2382 1608 2431 καὶ
1638 2380 1792 2447 νομί-

220 2461 412 2524 ζοντας
448 2458 588 2514 εἶναι
621 2463 715 2514 καὶ
739 2463 1124 2532 ὀνομάζοντας,
1158 2468 1348 2529 κακῶς
1374 2470 1578 2531 ἐκεῖνος
1611 2472 1786 2535 εἰδὼς,

220 2554 320 2605 καὶ
363 2552 484 2606 λίαν
533 2553 847 2622 ἐπισφαλῶς
905 2571 963 2608 τε
1015 2557 1108 2608 καὶ
1155 2559 1418 2626 ἀνοήτως.
1477 2560 1586 2610 Καὶ
1633 2559 1791 2614 τοῦτο

219 2648 361 2717 ὅπερ
390 2647 493 2699 ὑπὸ
524 2648 634 2700 τῶν
656 2649 904 2702 παλαιῶν
931 2649 1171 2716 λέγεται,
1207 2654 1448 2721 μιγνύων
1466 2653 1532 2706 τὰ
1557 2652 1786 2721 ἄμικτα.

223 2731 327 2789 Ὦν
367 2739 469 2805 μὲν
507 2741 617 2809 γὰρ
656 2743 716 2793 τὸ
748 2743 1104 2811 πρωτότυπον
1133 2744 1358 2808 ἀσεϐὲς,
1398 2745 1603 2798 τούτων
1635 2748 1727 2799 καὶ
1765 2749 1792 2800 ὁ

219 2829 393 2891 τύπος
419 2832 532 2893 τοῖς
561 2833 805 2884 εὐσεϐεῖν
837 2834 1181 2903 βουλομένοις
1206 2836 1402 2905 ἐπίσης
1429 2838 1687 2907 βέϐηλοςο
1718 2833 1792 2892 ὧν

220 2921 287 2994 δὲ.
314 2923 491 2996 ἐκεῖνο
530 2926 905 2994 προσκυνητὸν
944 2929 1037 2978 καὶ
1084 2929 1404 2996 σεϐάσμιον,
1446 2931 1651 2982 τούτων
1683 2934 1792 3000 ἄρα

222 3017 321 3070 καὶ
353 3017 384 3087 ἡ
412 3017 576 3070 εἰκὼν
606 3018 915 3081 ἀκολούθως
960 3019 1126 3089 τιμῆς
1170 3021 1349 3088 πάσης
1397 3020 1442 3051 ¹¹
1485 3021 1787 3092 ἠξιωμένη,

301 3293 380 3370 1Ξ¹τ⁶
420 3294 573 3347 Οὕτω
605 3296 786 3346 τοίνυν
824 3294 986 3356 αύτὺς
1014 3295 1118 3347 ὑπὸ
1150 3295 1244 3347 τοῦ
1277 3299 1515 3365 πονηροῦ
1547 3303 1794 3369 πνεύμα-

222 3403 316 3449 τος
351 3387 620 3454 διδαχθεὶς
646 3386 736 3438 διὰ
769 3386 944 3455 πάσης
970 3391 1169 3456 χωρεῖν
1193 3389 1410 3442 ἐκέλευε
1449 3391 1549 3459 τῆς
1580 3393 1670 3444 ὑπ’
1704 3394 1796 3446 ού-

227 3477 394 3544 ρανὸν
427 3476 522 3528 καὶ
553 3479 632 3540 εἰς
666 3477 868 3545 ἔσχατα
921 3480 1022 3549 γῆς
1065 3481 1125 3534 τὸ
1172 3481 1406 3549 ἔκφυλον
1449 3484 1606 3537 τοῦτο
1639 3503 1798 3558 νομο-

225 3572 443 3641 θέτημα
471 3572 789 3636 διαϐαίνειν,
816 3576 923 3626 πᾶν
953 3571 1091 3638 εἶδος
1117 3577 1391 3639 κολάσεως
1422 3579 1580 3631 κατὰ·
1598 3581 1798 3642 παντὸς

226 3666 419 3732 γένους
475 3667 569 3719 καὶ
628 3665 843 3736 ἡλικίας
900 3669 1082 3735 πάσης
1137 3670 1426 3739 ἀποτόμως
1480 3671 1792 3736 διαπειλῶν,

227 3759 329 3810 ἐὰν
362 3760 515 3817 "st;
553 3758 629 3825 μὴ
662 3759 738 3827 τῷ
775 3758 927 3822 καλῷ
959 3761 1000 3788 ’⁷
1034 3761 1265 3828 δόγματι
1309 3762 1630 3830 πειθόμενος
1663 3767 1708 3797 ιδ
1739 3760 1793 3837 ᾖ,

229 3850 326 3901 καὶ
363 3849 509 3916 μάλα
543 3851 840 3919 προθύμως
872 3853 914 3881 ³9
961 3851 1138 3904 ἐκεῖνο
1179 3853 1609 3922 ὑποδεχόμενος,
1658 3856 1797 3907 ἀλλὰ

228 3939 340 3992 τῶν
373 3939 529 3993 θείων
559 3948 679 3995 τινα
711 3945 1081 4014 χαρακτήρων
1119 3947 1214 3996 καὶ
1250 3947 1412 4014 μέχρι
1442 3946 1602 4014 λόγου
1639 3946 1797 4016 ψιλοῦ

229 4036 398 4103 τιμᾷν
426 4036 469 4065 ³⁰
491 4034 736 4103 φαίνοιτο
764 4051 776 4063 ·
806 4035 994 4104 βαρεῖς
1039 4035 1146 4106 γὰρ
1177 4039 1269 4090 καὶ
1294 4040 1486 4092 ἄτοποι
1517 4039 1798 4106 κολασταὶ,

229 4130 325 4181 καὶ
373 4129 646 4200 μηδεμίαν
697 4133 1027 4202 συγγνώμην
1056 4133 1267 4203 ἔχοντες
1297 4136 1346 4187 οί
1377 4136 1437 4187 τὸ
1481 4139 1668 4204 ἄρχειν
1709 4137 1801 4190 λα-

229 4223 442 4292 χόντες,
472 4225 600 4276 ὅταν
629 4228 740 4285 τοῖς
770 4227 902 4293 παρ’
931 4226 1114 4275 αὐτῶν
1153 4228 1602 4296 διατεταγμένοις
1637 4230 1801 4282 ἀπει-

231 4313 432 4367 θοῦντά
486 4332 609 4365 τινα
666 4315 893 4375 λάϐωσι,
922 4315 1014 4365 καὶ
1069 4314 1305 4383 μάλιστα
1351 4315 1446 4368 τοῦ
1492 4318 1800 4387 κελεύσμα-

227 4425 324 4473 τος
348 4412 426 4471 είς
459 4406 668 4459 πολλῶν
697 4406 965 4474 ωφέλειαν
990 4403 1132 4459 εἶναι
1163 4409 1801 4482 δοκοῦντος-ὀργίζονται

228 4497 399 4562 οὗτοι,
433 4501 492 4551 ού
527 4500 621 4551 τοῦ
661 4505 813 4569 κοινῇ
843 4501 1252 4562 λυσιτελοῦντος
1297 4504 1452 4555 αὐτοὶ
1491 4505 1801 4574 φροντίζον-

229 4609 346 4657 τες.
389 4592 504 4646 ἁλλ’
549 4593 687 4646 ἰδίαν
722 4593 1065 4654 ἐκδικοῦντες
1098 4594 1440 4656 ἀλαζονείαν.
1470 4596 1566 4647 Διὰ
1600 4597 1802 4658 ταύτας

230 4686 364 4755 γοῦν
419 4689 517 4748 τὰς
568 4688 874 4753 ἀποτόμους
924 4687 1017 4737 καὶ
1067 4685 1309 4754 χαλεπὰς
1359 4680 1589 4749 ἀπειλὰς
1622 4729 1635 4749 ,

235 4799 370 4851 μους
423 4777 491 4848 ἦν
542 4780 660 4830 τότε
708 4779 806 4841 τας
857 4779 1038 4840 πόλεις
1096 4781 1229 4848 ὸρᾷν
1271 4796 1284 4808 ·

1679 4690 1806 4758 ἐρή-

1338 4781 1521 4844 πόλεις
1586 4782 1665 4844 δὲ,
1706 4783 1803 4844 τὰς

233 4876 498 4942 ἐρήμους,
534 4872 611 4940 τῷ
639 4872 831 4941 πλήθει
865 4872 972 4923 τῶν
1008 4873 1086 4933 εἰς
1115 4874 1154 4903 ³⁸
1191 4873 1358 4933 αὑτὰς
1384 4874 1692 4939 φοιτώντων
1723 4890 1804 4939 γι-

232 4967 485 5033 νομένας.
520 4963 1016 5033 Ἐστενοχωροῦντο
1061 4965 1276 5035 εἱρκταί
1315 4982 1328 4995 ·
1361 4967 1698 5036 ἐπληροῦντο
1736 4971 1802 5019 τα

230 5060 610 5127 δεσμωτήρια,
649 5059 709 5108 οὐ
747 5057 960 5126 λῃστῶν
986 5057 1045 5111 οῦ
1081 5077 1169 5126 μοι
1197 5060 1262 5119 ³²,
1287 5060 1346 5111 οὐ
1381 5060 1704 5111 λωποδυτῶν
1736 5061 1801 5121 ³³,

231 5154 410 5216 ἄλλως
442 5155 533 5204 καὶ
569 5151 893 5220 κακούργων
916 5169 928 5180 ·
962 5153 1099 5205 ἀλλὰ
1138 5152 1415 5220 θεωίριλῶν
1461 5155 1670 5222 ἀνδρῶν
1708 5156 1800 5206 καὶ

222 5246 587 5314 φοϐουμένων
621 5246 710 5296 τὸν
751 5243 955 5312 Κύριον
991 5259 1002 5272 °
1029 5239 1102 5296 ὧν
1150 5246 1203 5297 αἱ
1249 5245 1510 5313 πάννυχοι
1559 5245 1797 5308 στάσεις,

309 5507 352 5536 ¹⁸
391 5504 729 5570 ἀρνήσασθαι
763 5502 823 5558 Β,

241 5625 354 5697 νειν
385 5625 586 5696 eadem.
618 5659 776 5696 manu
813 5640 872 5694 F.
951 5643 994 5673 “
1041 5625 1152 5704 τοῖς
1186 5643 1243 5695 Β.
1293 5643 1355 5696 (3.
1382 5625 1460 5695 ὐζ
1494 5642 1554 5694 F.

244 5854 305 5908 Β.
333 5850 394 5906 C.
426 5851 488 5904 D.
534 5851 591 5902 Ε.

673 5855 714 5882 ³³
753 5850 906 5906 τινῶν
943 5850 1000 5903 Ρ.

906 5505 947 5535 ¹⁹
978 5501 1384 5569 ἐμπεδωθεῖσαν
1441 5502 1505 5561 C.
1565 5503 1623 5555 D.
1675 5500 1736 5554 Ε.
1793 5498 1830 5552 ΙΓ
1951 5501 1993 5529 ’θ
2026 5499 2266 5566 κλίματα
2305 5498 2364 5548 Β.
2420 5498 2482 5550 Ε.
2580 5498 2619 5525 ²¹
2656 5498 2718 5558 δὴ
2752 5498 2812 5544 Β.
2845 5498 2906 5571 (1,

240 5576 297 5628 ιτ.
378 5561 673 5642 ³¹ὀῐδαμεν
702 5573 759 5624 Β.
893 5571 952 5625 D.
984 5561 1042 5625 Ε.
1077 5573 1188 5638 εἴγε
1217 5602 1283 5611 --
1337 5575 1692 5640 πρωτῦτυπον
1722 5571 1796 5642 οἴέ

1887 5586 1941 5622 ει
1989 5561 2186 5623 hacin
2227 5571 2469 5642 margine
2505 5581 2665 5642 manu
2695 5561 2985 5642 recentiori

1635 5642 1680 5673 ³⁵
1708 5637 1926 5707 ἀπάτης
1966 5637 1997 5690 F

239 5713 394 5793 ιακῷ
425 5730 498 5794 ex‘
522 5714 898 5794 correctione;
938 5712 1087 5791 prius
1117 5724 1248 5794 erat
1279 5713 1354 5794 τιέ
1399 5711 1549 5794 καλῴ
1600 5710 1662 5765 C.
1729 5712 1786 5794 :3

1887 5705 2170 5788 Ξιθόμενος.
2211 5708 2242 5777 ἢ
2426 5705 2486 5756 Ι).

242 5775 449 5835 omisso
483 5784 661 5834 ἐκεῖνο
692 5784 752 5836 (ἶ.
832 5782 875 5813 ³ο
911 5775 1083 5843 τιμῶν
1121 5783 1176 5832 Β.
1211 5783 1270 5837 (3.
1319 5775 1381 5836 D.
1435 5775 1682 5848 φαῖνοιτο
1728 5779 2096 5832 θανατοῦσθαι
2141 5780 2199 5832 (ἶ.
2234 5775 2292 5829 ⁷1⁸1
2358 5775 2414 5828 l".

1878 634 2250 691 dillieillimum
2278 638 2608 706 persudere
2633 639 2981 704 Christianis,
3012 647 3069 694 ut
3094 653 3352 710 negarent
3382 641 3463 695 di-

1879 729 2060 782 vinam
2095 728 2296 784 Christi
2328 732 2509 784 carnis
2541 733 2965 800 susceptionem.
3001 747 3120 800 qua:
3152 733 3263 800 jam
3297 731 3459 801 longo

1883 834 2125 891 tempore
2157 825 2298 893 apud
2333 842 2427 880 eos
2456 838 2570 881 erat
2603 829 2754 880 firma
2791 841 2852 879 ac
2878 826 3106 888 stabilis,
3141 835 3213 889 et,
3248 836 3307 879 ut
3332 825 3463 881 dicit

1883 916 2098 972 divinus
2129 918 2317 982 David,
2350 921 2668 973 extenderat
2698 920 2912 988 quidem
2944 935 3068 975 suos
3105 919 3351 988 palmites
3371 935 3464 972 us-

1883 1025 1989 1078 que
2043 1012 2108 1066 ad
2159 1027 2336 1076 mare,
2391 1021 2445 1066 et
2484 1028 2655 1080 usque
2706 1013 2771 1064 ad
2822 1012 3042 1065 ﬂumina
3090 1011 3457 1081 propagines:

1885 1102 2076 1156 umbra
2107 1113 2283 1156 autem
2340 1120 2434 1159 sua
2471 1105 2681 1172 tegebat
2713 1116 2945 1161 montes.
2981 1118 3033 1158 et
3078 1105 3311 1157 arbustis
3344 1102 3458 1157 suis

1885 1195 2078 1248 cedros
2128 1195 2222 1250 Dei
2258 1214 2270 1248 :
2303 1205 2553 1263 tanquam
2603 1196 2749 1249 ferus
2787 1212 2916 1263 aper
2943 1211 2972 1246 e
3001 1197 3131 1249 silva
3156 1236 3168 1256 ,
3199 1210 3313 1246 eam
3359 1193 3462 1246 alio

1886 1289 2047 1342 modo
2073 1296 2302 1341 conatur
2328 1289 2572 1357 perdere,
2604 1289 2692 1357 qui
2730 1287 3118 1356 propemodum
3167 1287 3370 1338 ferebat
3395 1285 3459 1338 ad

1887 1377 2030 1432 idem
2069 1378 2327 1432 damnum
2388 1399 2402 1435 :
2457 1390 2509 1434 et
2561 1397 2656 1448 per
2703 1378 3046 1447 negationem
3085 1377 3459 1430 venerandum

1890 1468 2184 1538 imaginum
2220 1471 2447 1523 molitur
2483 1471 2742 1523 inducere
2777 1471 3123 1537 negationem
3155 1470 3334 1525 carnis
3369 1483 3459 1523 su-

1889 1569 2086 1629 scepta:
2119 1561 2458 1616 oeconomiae.
2514 1562 2790 1626 Siquidem
2843 1579 2960 1632 quae
3015 1575 3141 1617 sunt
3191 1563 3458 1632 imaginis,

1892 1653 2092 1708 scimus
2122 1653 2350 1707 transire
2380 1652 2442 1707 ad
2480 1655 2758 1722 exemplar
2783 1656 3123 1723 primarium.

1967 1839 2051 1896 IV.
2099 1842 2282 1910 Itaque
2330 1842 2529 1896 sensim
2583 1856 2706 1896 eum
2766 1841 3006 1902 subiens,
3056 1840 3143 1895 cui
3198 1842 3459 1910 obtigerat

1889 1931 2200 2000 imperium,
2238 1933 2563 1999 improbum.
2613 1934 2852 2000 inquam,
2886 1941 2938 1986 et
2986 1931 3279 1984 infaustum
3312 1931 3458 1987 Con-

1887 2024 2205 2083 stantinum,
2232 2024 2284 2076 in
2317 2024 2630 2093 religionem
2662 2041 2818 2080 secus
2847 2023 3116 2085 allectum,
3141 2040 3302 2092 quam
3322 2025 3461 2076 Con-

1889 2116 2159 2168 stantinus
2193 2115 2279 2169 ille
2313 2117 2401 2184 qui
2447 2117 2544 2169 fuit
2573 2118 2812 2184 ejusdem
2865 2117 3118 2174 nominis.
3152 2126 3202 2168 et
3253 2117 3459 2182 primus

1890 2202 2160 2272 plantator
2183 2203 2416 2272 pietatis,
2443 2204 2489 2257 ei
2529 2206 2838 2273 persuadet.
2871 2205 3022 2257 nefas
3054 2220 3172 2258 esse
3199 2203 3460 2258 Christia.

1893 2297 1996 2358 nis,
2026 2295 2185 2359 etiis,
2220 2297 2312 2366 qui
2348 2305 2477 2351 sunt
2518 2298 2618 2350 sub
2668 2298 2786 2366 ejus
2833 2297 3084 2367 imperio.
3126 2314 3251 2350 vere
3282 2313 3461 2351 sacras

1895 2387 2162 2443 honorare
2194 2389 2476 2460 imagines.
2520 2389 2672 2455 Quod
2729 2391 2942 2459 quidem
2991 2390 3078 2442 ille
3120 2391 3230 2444 ﬁeri
3281 2391 3463 2460 prohi-

1893 2481 2030 2542 buit,
2056 2482 2418 2536 existimando
2460 2492 2513 2536 et
2558 2484 2788 2535 dicendo
2835 2482 2933 2535 boc
2985 2483 3199 2548 gentilis
3229 2498 3346 2535 esse
3373 2499 3464 2540 su-

1892 2570 2246 2637 perstitionis,
2287 2573 2424 2623 male
2445 2573 2685 2640 profecto
2720 2571 3048 2640 intelligens.
3083 2583 3128 2625 el
3164 2571 3464 2638 periculose

1892 2663 2178 2715 admodum
2216 2674 2269 2714 et
2311 2663 2629 2730 insipienter
2660 2665 2754 2727 (id.
2802 2665 2943 2731 quod
2984 2665 3178 2715 dicitur
3212 2680 3238 2716 a
3275 2666 3469 2716 veteri-

1896 2756 2016 2824 bus)
2050 2755 2284 2809 miscens
2333 2771 2414 2816 ea,
2451 2770 2570 2824 qua
2624 2755 2838 2809 misceri
2895 2770 2999 2809 non
3050 2762 3294 2824 possunt.
3333 2756 3465 2809 Nam

1895 2863 2125 2915 quorum
2158 2847 2389 2916 primum
2433 2847 2650 2916 quidem
2681 2848 2959 2914 exemplar
2987 2856 3070 2900 est
3102 2847 3350 2915 impium,
3378 2861 3470 2899 eo-

1897 2956 2014 2992 rum
2048 2955 2260 3008 quoque
2299 2941 2462 3009 ﬁgura
2497 2950 2574 2992 est
2601 2954 2753 3007 aeque
2791 2939 3013 3008 profana
3050 2941 3130 3001 iis,
3164 2940 3256 3006 qui
3285 2939 3470 2993 volunt

1896 3043 2015 3082 esse
2039 3029 2130 3096 pii.
2165 3027 2404 3092 Quorum
2439 3042 2616 3082 autem
2654 3030 2781 3082 illud
2821 3041 2900 3083 est
2928 3032 3261 3083 adorandum
3295 3041 3347 3083 et
3382 3047 3471 3084 ve-

1897 3117 2220 3176 nerandum.
2239 3132 2424 3170 eorum
2445 3132 2658 3186 quoque
2682 3117 2856 3188 imago
2882 3131 3284 3189 consequenter
3305 3120 3467 3189 digna

1823 3199 1868 3258 C
1902 3221 1983 3263 est
2005 3209 2150 3263 omni
2184 3210 2412 3264 honore.

1971 3302 2033 3353 V.
2066 3301 2152 3354 Sic
2176 3317 2304 3370 ergo
2346 3302 2461 3369 ipse
2496 3303 2687 3356 doctus
2726 3317 2760 3359 _a
2797 3303 3027 3369 maligno
3076 3301 3288 3369 spiritu,
3313 3303 3470 3370 jussit

1902 3410 1998 3464 per
2029 3410 2244 3448 omnem
2293 3402 2510 3456 terram,
2544 3408 2661 3462 quae
2709 3404 2790 3447 est
2833 3393 2933 3446 sub
2977 3394 3116 3447 caelo
3151 3396 3467 3462 procedere,

1902 3499 1957 3544 et
1978 3489 2044 3543 ad
2082 3500 2351 3543 extremos
2385 3487 2519 3541 lines
2553 3487 2784 3542 transire
2813 3487 3048 3539 alienum
3075 3488 3176 3540 hoc
3208 3486 3465 3548 edictum,

1904 3597 2064 3635 omne
2113 3596 2282 3649 genus
2311 3579 2558 3648 supplicii
2601 3578 2744 3631 omni
2781 3577 2964 3647 generi
3007 3587 3060 3630 et
3100 3577 3243 3629 aetati
3277 3591 3469 3644 aspere

1905 3673 2181 3732 minitans,
2213 3672 2254 3723 si
2291 3672 2411 3738 quis
2456 3686 2555 3723 suo
2605 3672 2822 3723 decreto
2853 3685 2958 3722 non
3013 3677 3248 3736 pareret.
3286 3683 3470 3736 prom-

1905 3771 2104 3832 ptoque
2137 3768 2191 3815 et
2220 3761 2382 3816 alacri
2431 3762 2612 3819 animo
2655 3760 2782 3812 illud
2844 3776 2951 3812 non
3007 3760 3282 3828 exciperet
3317 3777 3328 3809 :
3365 3761 3471 3812 imo

1905 3854 1949 3906 si
1987 3854 2222 3906 divinam
2268 3854 2502 3918 aliquam
2561 3846 2783 3919 ﬁguram
2834 3851 2914 3904 vel
2963 3849 3290 3903 verbotenus
3323 3849 3472 3903 vide-

1907 3953 2054 3999 retur
2103 3945 2387 4010 honorare.
2436 3940 2681 3996 Graviter
2737 3957 2863 3994 vero
2909 3953 2963 3994 et
3008 3943 3319 3995 immaniter
3372 3958 3473 4008 pu-

1907 4037 2088 4099 niunt,
2129 4045 2181 4089 et
2209 4035 2410 4088 nullam
2471 4035 2602 4088 dant
2645 4035 2858 4086 veniam
2908 4033 2963 4098 ii,
3027 4034 3225 4098 quibus
3279 4033 3474 4099 obtigit

1908 4131 2218 4198 imperium,
2256 4129 2476 4198 quando
2515 4130 2598 4190 iis.
2635 4146 2754 4198 quae
2800 4131 2867 4184 ab
2915 4129 3046 4198 ipsis
3091 4137 3219 4182 sunt
3269 4130 3476 4183 consti-

1909 4231 2048 4283 tuta,
2113 4237 2221 4275 non
2283 4221 2628 4275 obedientem
2680 4223 2913 4288 aliquem
2973 4221 3306 4289 acceperint.
3349 4236 3472 4274 cum

1909 4316 2210 4383 praesertim
2256 4317 2504 4368 videatur
2537 4313 2724 4380 jussus
2759 4311 3029 4380 pertinere
3061 4312 3125 4363 ad
3174 4312 3470 4362 multorum

1909 4408 2222 4462 utilitatem.
2281 4406 2598 4459 Irascuntur
2658 4413 2864 4466 autem,
2925 4418 3038 4457 non
3092 4402 3142 4456 id
3216 4413 3474 4456 curantes

1910 4502 2050 4570 quod
2084 4499 2298 4569 publice
2325 4497 2601 4557 conducit,
2646 4496 2739 4549 sed
2790 4511 2942 4549 suam
3003 4495 3283 4560 explentes
3318 4509 3472 4546 arro-

1908 4593 2164 4662 gantiam.
2197 4592 2424 4656 Propter
2455 4589 2552 4640 has
2585 4588 2714 4655 ergo
2748 4600 2970 4653 asperas
2990 4593 3043 4637 et
3075 4598 3245 4637 saevas
3275 4583 3469 4647 nti-itas,

1909 4685 2108 4739 licebat
2148 4693 2278 4737 tunc
2308 4683 2493 4735 videre
2517 4679 2764 4732 Civitates
2805 4677 3026 4730 ellectas
3056 4676 3110 4728 in
3158 4672 3472 4728 solitudini-

1910 4780 2010 4832 bus
2045 4796 2058 4831 :
2095 4793 2214 4830 esse
2247 4787 2426 4829 autem
2475 4776 2634 4844 plane
2678 4777 2921 4825 desertas
2955 4768 3200 4822 civitates
3254 4774 3474 4833 propter

1909 4870 2310 4924 multitudinem
2351 4881 2564 4928 eorum,
2607 4865 2697 4934 qui
2726 4865 2789 4915 ad
2822 4876 2913 4915 eas
2962 4858 3247 4913 veniebant
3281 4856 3471 4909 solitu-

1910 4967 2088 5020 dines.
2129 4962 2295 5016 Nimis
2322 4972 2481 5014 arcta?
2533 4953 2896 5012 reddebantur
2946 4952 3201 5007 custodite
3245 4967 3258 5000 :
3294 4948 3473 5015 reple-

1910 5065 2108 5116 bantur
2142 5073 2413 5119 carceres,
2445 5070 2551 5107 non
2600 5051 2922 5107 latronibus.
2956 5046 3091 5116 prob
3145 5045 3317 5104 dolor,
3363 5055 3470 5094 non

1909 5151 2319 5220 exriilaloribus,
2364 5156 2456 5202 aut
2491 5146 2612 5200 aliis
2665 5141 2933 5211 ejusmodi
2998 5137 3254 5192 malelicis
3295 5133 3468 5187 homi-

1911 5245 2068 5298 nibus
2108 5259 2119 5294 :
2155 5243 2247 5295 sed
2283 5240 2411 5294 viris
2454 5239 2555 5306 piis
2605 5252 2667 5289 ac
2728 5232 3016 5302 religiosis,
3071 5239 3126 5284 et
3181 5229 3467 5284 Dominum

2580 5495 2619 5525 ²¹
2656 5493 2718 5558 δὴ
2752 5495 2812 5544 Β.
2845 5491 2906 5545 (ἶ.
2941 5490 2998 5543 0.
3033 5489 3095 5541 Ε.
3134 5516 3206 5527 --
3244 5489 3325 5542 δεῖ
3353 5503 3466 5544 om.

2580 5581 2664 5608 inn
2695 5561 2985 5608 recentiori
3019 5561 3079 5608 Ρ.
3177 5560 3222 5590 ’³
3255 5560 3466 5608 διαϐαί-

2601 5581 2665 5615 ηιι
2695 5561 2985 5616 reccntiori
3019 5561 3079 5614 F.
3177 5560 3222 5590 "
3255 5560 3472 5610 διαϐαί-

2601 5635 2648 5664 ”
2681 5634 2756 5700 τῷ
2791 5628 2961 5697 καινῴ
3007 5632 3240 5700 δόγματι
3289 5627 3351 5682 ι).
3390 5628 3468 5695 τῷ

2598 5705 2643 5734 η
2693 5698 2994 5766 προθύμως
3057 5698 3464 5767 ἀποδεχόμενος

2496 5777 2534 5808 ⁴¹
2587 5774 2661 5834 ὡς
2695 5772 2752 5825 Β.
2791 5772 2851 5824 (ἱ.
2888 5771 2948 5826 ί).
2984 5770 3044 5822 Ε.
3076 5767 3136 5823 Γ.
3242 5771 3284 5799 ³⁸
3315 5767 3460 5835 οἶμοι

1951 5501 1993 5529 ’θ
2026 5499 2266 5566 κλίματα
2305 5496 2364 5548 Β.
2420 5497 2482 5550 Ε.

2155 5637 2200 5668 ³⁸
2235 5638 2399 5698 εἴτις
2429 5635 2491 5687 C.
