4188 6432
215 406 356 471 1133

1568 394 1743 454 νιτΑ
1781 393 1842 452 S.
1883 393 2115 453 LUCI‘E.

3326 390 3461 455 1136

213 540 334 595 ριον
371 521 600 588 βεϐαιοῖ.
635 518 779 589 Πλὴν
811 516 947 570 ἀλλὰ
985 517 1079 582 τῆς
1119 515 1263 576 θείας
1311 513 1525 582 ὁμιλίας
1557 513 1785 581 ταύτης,

1902 522 2197 566 rnmtamen
2256 525 2374 580 quae
2447 510 2544 564 fuit
2617 509 2781 579 hujus
2832 508 3030 564 divinas
3083 509 3461 565 collocationis

209 617 264 669 τί
303 618 360 667 τὸ
403 613 703 683 γεῶρτιονς
739 610 854 680 Πῦρ
908 611 1007 679 ήδη
1059 608 1199 661 θεῖον
1244 609 1363 668 ταῖς
1411 606 1614 658 τούτων
1660 607 1790 656 ἀνα-

210 707 426 775 λάμπει
470 706 690 772 ψυχαῖς*
741 704 834 754 καὶ
895 701 991 764 τῆς
1051 699 1263 768 ἡμέρας
1325 697 1447 767 ἄρτι
1508 694 1789 761 κλινὰσης,

216 802 400 866 μεῖναι
447 799 543 849 σὺν
591 798 775 856 αὐτοῖς
811 795 902 845 τὸν
941 792 1221 859 Δεαπότην
1275 787 1694 856 παρεϐιάσαντο.
1735 786 1793 836 Ὀ

211 891 293 955 δὲ,
321 889 542 940 πλείονα
573 888 671 957 τὴν
711 885 1038 953 θεογνωσίαν
1091 884 1277 944 αὐτοῖς
1332 880 1562 932 ἐνθεῖναι
1614 878 1795 948 βουλό-

217 999 402 1053 μενος,
433 982 493 1033 οὐ
539 981 769 1046 συνέστη
808 979 966 1047 μόνον
1001 975 1211 1041 ἁπλῶς,
1239 973 1373 1026 ἀλλὰ
1414 975 1508 1025 καὶ
1553 977 1619 1041 τῇ
1657 989 1792 1040 τραο

214 1073 359 1142 πέζῃ
396 1068 920 1137 συγκατακλίνεται·
947 1071 1011 1136 τῇ
1057 1083 1111 1117 τε
1145 1063 1238 1116 τοῦ
1273 1065 1438 1130 ἄρτου
1486 1062 1675 1114 κλάσει
1707 1056 1795 1114 οὗ-

213 1181 328 1225 τος,
361 1167 564 1223 ἐκεῖνος
598 1164 625 1214 ὀ
652 1161 947 1229 τριήμερος
997 1155 1136 1210 εἶναι
1176 1155 1369 1224 νεκρὸς
1401 1155 1793 1223 ἀκριϐέστερον

211 1255 566 1326 γνωρισθεὶς,
589 1255 738 1314 τέλος
767 1251 941 1320 ᾤχετο
963 1249 1141 1302 λαθὼν
1173 1249 1356 1301 αὐτῶν
1391 1249 1570 1299 πᾶσαν
1602 1245 1793 1310 αἴσθη-

217 1366 327 1409 σιν,
351 1347 702 1416 βεϐαιοτέραν
736 1342 908 1402 οὕτως
938 1342 1121 1403 αὐτοῖς
1171 1340 1269 1408 τὴν
1308 1341 1378 1390 ἐκ·
1422 1335 1529 1389 τῶν
1585 1335 1794 1404 νεκρῶν

215 1442 516 1490 ἀνάστασιν
549 1436 946 1505 ἐργασάμενος.

293 1527 366 1579 E’.
406 1524 683 1577 Ἐντεῦθεν
703 1526 795 1576 καὶ
824 1524 921 1592 τῆς
965 1521 1058 1574 τοῦ
1103 1522 1355 1590 Σωτῆρος
1397 1521 1532 1590 πρὸς
1567 1518 1796 1590 οὐρανὸν

217 1617 562 1687 ἀναλήψεως,
588 1617 679 1668 καὶ
707 1616 807 1684 τῆς
827 1616 919 1668 τοῦ
955 1615 1220 1681 παναγίου
1248 1612 1566 1680 Πνεύματος
1591 1612 1798 1664 ἐκεῖθεν

220 1705 639 1774 ὲπιςροιτήσεως,
685 1698 836 1764 οὗτος
877 1706 985 1763 τοῖς
1013 1702 1216 1752 δώδεκα
1245 1697 1799 1768 κεκοινωνηκὼς,τῆς

218 1797 396 1862 αὐτῆς
431 1812 486 1846 τε
528 1793 839 1862 πληρωθεὶς
893 1794 1114 1861 χάριτος
1167 1793 1258 1843 καὶ
1316 1792 1640 1860 δυνάμεως,
1691 1791 1798 1841 τῶν

1897 605 2250 673 agricolatio?
2306 604 2445 675 Ignis
2477 602 2693 657 divinus
2753 604 2856 666 iam
2904 602 2963 655 in
3025 601 3220 657 borum
3266 605 3463 657 animis

1897 699 2124 762 relucet,
2185 698 2406 766 jamque
2469 698 2556 750 die
2617 695 2921 749 declinante
2983 710 3205 748 manere
3273 711 3461 748 secum

1899 790 2184 844 Dominum
2221 793 2616 859 quodammodo
2647 797 2961 859 coegerunt.
2986 787 3152 842 Porro
3174 790 3311 856 ipse,
3345 804 3456 841 ma-

1892 884 1997 952 j0ri
2042 883 2131 956 Dei
2161 883 2470 951 cognitione
2496 883 2617 935 illos
2652 881 2834 934 alliare
2859 884 3065 940 volens,
3118 895 3226 931 non
3285 880 3457 933 solum

1897 975 2102 1044 vulgari
2133 975 2292 1027 modo
2320 989 2646 1042 congressus
2680 982 2786 1039 est,
2823 971 3182 1025 verunietiam
3210 971 3275 1024 ad
3311 987 3466 1022 men-

1899 1079 2013 1117 sam
2072 1079 2176 1117 una
2227 1063 2517 1125 recumbit,
2579 1062 2846 1130 panisque
2901 1060 3166 1114 fractione
3222 1059 3468 1113 exactius

1898 1158 2115 1224 agnitus
2141 1163 2222 1210 est
2257 1156 2346 1209 hic
2403 1154 2544 1208 idem
2579 1154 2672 1222 qui
2733 1153 2912 1207 triduo
2965 1161 3212 1205 mortuus
3266 1152 3463 1213 fuerat,

1901 1250 2119 1301 tandem
2145 1247 2412 1316 disparuit
2432 1247 2581 1299 nullo
2605 1261 2794 1299 eorum
2826 1259 2986 1298 sensu
3017 1247 3067 1297 id
3091 1243 3423 1311 percipiente
3449 1260 3464 1306 ;

1898 1337 2090 1389 eﬁ‘eeta
2155 1337 2258 1389 hoc
2317 1335 2479 1389 modo
2533 1335 2588 1387 in
2649 1334 2729 1388 eis
2774 1333 2999 1388 lirmiori
3063 1335 3465 1389 resurrectione

1901 1432 2267 1482 mortuorum.

1977 1519 2034 1572 ν.
2066 1519 2330 1573 Praeter-ea
2370 1536 2396 1572 a
2427 1519 2724 1573 Salvatoris
2753 1520 2804 1572 in
2827 1520 3022 1573 malum
3090 1521 3469 1586 assumptione

1902 1628 1964 1665 ac
1992 1611 2319 1665 sanctissimi
2342 1610 2575 1677 Spiritus
2594 1612 2718 1664 inde
2746 1612 3120 1676 descensione,
3149 1614 3234 1667 hic
3261 1613 3471 1666 duode-

1901 1705 2006 1758 cim
2049 1703 2308 1772 apostolis
2347 1703 2646 1756 associatus
2693 1713 2746 1756 et
2785 1705 2975 1756 eadem
3018 1707 3185 1772 gratia
3247 1720 3308 1758 ac
3372 1720 3468 1772 μοι

1905 1806 2098 1852 testate
2143 1798 2402 1865 repletus,
2466 1795 2722 1849 Gentium
2774 1808 3071 1864 praeceptor
3130 1788 3468 1865 designatur,

220 1883 394 1935 ἐθνῶν
422 1883 739 1944 διδάσκαλος
768 1884 1170 1944 ἀναδείκνυται,
1210 1880 1474 1948 θεολογῶν
1508 1882 1568 1933 τὸ
1598 1881 1695 1951 τῆς
1727 1883 1797 1932 οἰ-

1902 1889 2086 1942 divino
2123 1889 2285 1942 modo
2329 1888 2530 1941 docens
2558 1888 2984 1955 dispensationis
3039 1885 3379 1958 mysterium,
3419 1899 3474 1939 et

219 1977 484 2044 κονομίας
543 1977 865 2044 μυστήριον,
923 1977 1016 2025 καὶ
1085 1975 1315 2037 πολλοὺς
1363 1976 1443 2036 είς
1501 1974 1797 2041 ἐπίγνωσιν

220 2068 318 2120 τοῦ
356 2069 717 2137 πεποιηκότος
752 2070 814 2118 ἐκ
863 2067 960 2134 τῆς
1012 2067 1231 2136 ἀπάτης
1287 2067 1646 2136 χειραγωγῶν
1703 2068 1797 2118 καὶ

219 2159 442 2211 τελειῶν
477 2159 555 2226 τῷ
600 2157 964 2225 βαπτίσματι.
1018 2157 1248 2225 Ἔτρεχε
1299 2157 1397 2224 μὲν
1460 2157 1568 2222 γὰρ
1600 2160 1626 2208 ό
1655 2155 1796 2215 θεῖος

223 2247 387 2314 οὗτος
426 2251 639 2310 Λουκᾶς
688 2248 969 2317 πανταχοῦ
1010 2248 1346 2319 διασπείρων
1393 2248 1453 2301 τὸ
1507 2251 1794 2319 κήρυγμα,

223 2347 324 2396 καὶ
353 2347 417 2411 τῇ
452 2342 556 2394 τῶν
589 2341 762 2408 λόγων
796 2344 1007 2412 σαγήνῃ
1056 2344 1182 2402 τοὺς
1215 2342 1430 2403 πλείους
1460 2344 1523 2394 ὲκ
1553 2344 1650 2411 τῆς
1702 2340 1795 2394 τοῦ

222 2429 392 2503 βυθοῦ
439 2434 714 2501 ἀγνωσίας
770 2436 1064 2502 προσάγων
1099 2433 1236 2503 Θεῷ,
1276 2433 1607 2486 κακοπαθῶν
1657 2434 1797 2503 ὑπὲρ

219 2526 318 2578 τοῦ
352 2513 709 2593 Εὐαγγελίου,
742 2531 853 2588 τοῖς
879 2527 1274 2594 πονηροτάτοις
1315 2526 1582 2594 Ἑλλήνων
1602 2528 1680 2587 είς
1714 2526 1800 2577 λό-

221 2636 355 2697 γους
392 2621 609 2687 χωρῶν,
641 2617 812 2670 πολλὰ
838 2619 905 2669 τὰ
955 2618 1189 2687 δυσχερῆ
1244 2619 1610 2687 ὑφιστάμενος
1659 2619 1797 2669 κατά

221 2713 352 2779 γῆν,
398 2713 538 2764 κατά
573 2710 867 2773 θάλατταν,
901 2709 1042 2762 κατά
1081 2710 1286 2771 πόλεις.
1342 2709 1587 2778 Ἐρημος
1649 2705 1798 2775 αύτῷ

223 2805 380 2870 φίλον
439 2805 632 2870 ἔδαφος
683 2803 1018 2870 ὠνομάζετο,
1081 2802 1240 2871 μόνον
1267 2803 1318 2854 εἴ
1359 2819 1511 2864 τινας
1559 2805 1615 2853 ἐν
1660 2803 1797 2871 αὐτῇ

220 2895 345 2964 Θεῷ
399 2900 769 2964 προσαγαγεῖν
807 2896 978 2964 εὖροι,
1032 2897 1122 2946 καὶ
1169 2895 1483 2964 μεταθεῖναι
1525 2896 1661 2963 πρὸς
1700 2895 1799 2964 τὴν

220 2987 523 3040 εὐσέϐειαν.

299 3081 389 3144 (ζ’.
417 3079 571 3133 Ἐπεὶ
593 3080 647 3132 δὲ
670 3081 761 3131 καὶ
782 3078 1016 3143 Παῦλος,
1038 3079 1145 3131 τῶν
1162 3078 1423 3148 οὐρανίων
1440 3079 1796 3148 ἐπιϐήσεσθαι

1903 1982 2104 2034 multos
2125 1982 2188 2034 ad
2217 1979 2494 2034 Creatoris
2531 1980 2897 2047 cognitionem
2933 1995 2995 2032 ex
3033 1996 3219 2034 errore
3283 1997 3473 2034 manu-

1901 2075 2106 2126 ducens
2133 2089 2196 2125 ac
2227 2073 2548 2141 baptismate
2575 2087 2920 2126 consecratis.
2968 2071 3245 2141 Siquidem
3279 2089 3472 2127 curre-

1903 2165 1990 2216 bat
2066 2165 2286 2216 divinus
2368 2163 2456 2215 hic
2542 2161 2714 2214 Lucas
2775 2163 3215 2230 prardicationcm
3273 2166 3472 2232 ubique

1900 2255 2317 2314 disseminans.
2393 2262 2449 2307 et
2509 2269 2818 2307 sermonum
2887 2271 3081 2323 sagrna
3164 2256 3346 2324 plures
3407 2273 3472 2309 ex

1902 2348 2173 2417 profunda
2208 2347 2516 2418 ignorantia
2545 2347 2609 2399 ad
2641 2347 2808 2399 Deum
2842 2348 3148 2401 adducebat
3183 2365 3196 2399 :
3240 2347 3470 2402 afflictus

1903 2457 2000 2510 pro
2025 2440 2338 2509 Evangelio,
2366 2455 2485 2491 cum
2513 2440 2579 2492 ad
2612 2440 2882 2508 pessimos
2914 2440 3132 2494 Grtccos
3168 2442 3232 2493 ad
3297 2443 3472 2495 disse-

1902 2531 2191 2583 minandos
2226 2543 2508 2582 sermones
2548 2531 2849 2590 accederet,
2882 2531 3046 2582 multa
3080 2546 3270 2599 aspera
3303 2533 3473 2585 susti-

1901 2621 2067 2673 nebat
2103 2620 2154 2671 in
2184 2629 2348 2682 terra,
2409 2619 2461 2671 in
2522 2619 2676 2681 mari,
2735 2619 2787 2670 in
2840 2620 3068 2690 singulis
3135 2621 3468 2676 civitatibus.

1901 2711 2184 2765 Desertum
2211 2711 2489 2765 dicebatur
2551 2713 2598 2765 ei
2641 2714 2874 2765 amicutn
2922 2714 3116 2776 solum,
3176 2713 3472 2770 dummodo

1902 2804 2110 2873 aliquos
2162 2805 2213 2855 iu
2257 2818 2322 2856 eo
2380 2804 2653 2858 inveniret
2707 2821 2843 2872 quos
2896 2805 3004 2859 Deo
3071 2806 3365 2861 adduceret
3406 2825 3470 2862 ac

1904 2897 2223 2955 transferret
2255 2897 2321 2951 ad
2360 2897 2637 2965 pietatem.

1979 3081 2064 3134 Vl.
2104 3082 2200 3134 Ubi
2233 3093 2411 3135 autem
2442 3093 2495 3136 et
2526 3083 2724 3137 Paulus
2754 3086 2992 3138 cmlestia
3045 3090 3474 3153 conscendisset,

226 3173 470 3242 μέλλων,
517 3173 886 3226 κατοπτεῦσαί
919 3189 976 3225 τε
1009 3173 1103 3224 καὶ
1159 3172 1395 3242 κηρύξαι
1456 3173 1669 3244 τρανῶς
1700 3177 1797 3243 τὴν

1907 3181 1964 3225 ut
1993 3172 2296 3226 intueretur
2333 3173 2614 3226 veritatem
2657 3184 2711 3226 ct
2747 3186 2934 3243 aperte
2957 3191 3076 3230 eam
3138 3180 3474 3246 praedicaret,

226 3263 511 3331 αλῆθεωινν
535 3267 593 3317 τὸ
630 3269 726 3334 τῆς
761 3265 974 3335 ἀπάτης
1012 3265 1205 3326 σκότος
1237 3265 1527 3317 ἀποϐαλὼν
1559 3269 1623 3335 τῇ
1656 3267 1800 3318 eoas.

224 3357 350 3408 6εία
395 3359 667 3422 συνέθετο,
698 3359 789 3411 καὶ
821 3360 898 3426 τῷ
943 3357 1085 3426 χορῷ
1123 3357 1511 3424 συνηριθμεῖτο
1535 3358 1646 3406 τῶν
1690 3375 1795 3423 μα·

225 3447 429 3517 θητῶν,
456 3448 832 3514 συνοδοιπόρος
861 3447 1008 3514 αύτῷ
1048 3446 1260 3506 Λουκᾶς
1308 3445 1632 3498 καθίσταται
1665 3465 1799 3498 παν-

227 3539 396 3609 ταχοῦ
427 3542 520 3593 καὶ
557 3541 917 3609 συνέκδημος,
941 3540 1167 3607 ἀγώνων
1199 3539 1305 3591 τῶν
1340 3539 1482 3608 ὑπὲρ
1516 3540 1801 3603 εὐσεϐείας

226 3636 390 3704 ἱρῶν,
441 3639 532 3687 καὶ
583 3634 672 3686 διὰ
731 3634 889 3685 τοῦτο
945 3631 1207 3702 τηλικῷδε
1262 3633 1526 3695 συντάξας
1605 3634 1799 3686 ἑαυτὸν

229 3728 558 3799 στρατιώτῃ,
595 3728 756 3796 μέχρι
784 3743 839 3777 τε
866 3725 1078 3793 δεσμῶν
1118 3725 1191 3785 ὡς
1227 3723 1537 3792 κακοῦργος
1596 3739 1800 3791 συγκα-

229 3820 486 3874 κοπαθῶν
519 3819 686 3884 αὐτῷ,
716 3819 930 3880 καὶτὰς
960 3818 1058 3887 τῆς
1089 3816 1420 3883 θεογνωσίας
1458 3821 1689 3879 ἀκτῖνας
1722 3819 1802 3880 είς

227 3916 294 3964 τὰ
338 3913 552 3978 πέρατα
617 3911 1041 3978 συνεκπέμπων.
1090 3909 1233 3961 οὕτω
1274 3910 1669 3978 συναρμοσθεὶς
1709 3913 1801 3962 καὶ

226 4001 550 4066 οἰκειωθεὶς,
610 4003 705 4057 καὶ
758 4005 898 4054 κατὰ
954 4003 1131 4054 πάντα
1193 4002 1596 4070 κεχαρισμένος
1652 3999 1800 4070 αὐτῷ

229 4095 548 4166 γενόμενος,
573 4097 712 4150 ὥστε
737 4095 831 4147 τὸν
859 4092 1092 4154 Παῦλον,
1123 4091 1511 4144 ἐπιστέλλοντα
1563 4093 1674 4153 τοῖς
1711 4110 1801 4143 πι-

230 4190 396 4248 στοῖς,
443 4188 726 4256 ἀγαπητὸν
775 4181 1040 4253 πολλαχοῦ
1083 4185 1175 4234 τὸν
1225 4184 1440 4235 Λουκᾶν
1488 4182 1798 4250 ὀνομάζειν.

232 4280 331 4343 Ὃς
361 4281 465 4332 ἀπό
496 4297 554 4332 τε
597 4277 952 4348 Ἰερουσαλὴμ
977 4279 1086 4339 χαὶ
1134 4277 1319 4344 κύκλῳ
1368 4277 1530 4345 μέχρι
1560 4276 1654 4328 τοῦ
1706 4274 1803 4328 Ἰλ-

228 4371 456 4440 λυρικοῦ
489 4370 552 4420 τὸ
589 4368 920 4436 Εὑαγγὲλιον
975 4369 1072 4420 σὺν
1124 4369 1297 4432 τούτῳ
1337 4365 1712 4434 πληρῶν,ἁπό
1743 4381 1799 4415 τε

241 4464 501 4524 Ἰουδαίας
543 4462 670 4532 ἄχρι
723 4462 940 4532 Ῥώμης
977 4461 1125 4527 αὑτῷ
1177 4459 1665 4528 συνδεσμούμενος,
1692 4459 1801 4509 τῶν

1905 3281 1966 3320 ac
1997 3265 2229 3336 abiectis
2252 3265 2458 3320 erroris
2488 3266 2726 3320 tenebris
2764 3270 2975 3322 veritati
3037 3271 3372 3336 adhmsisset,
3421 3285 3474 3325 et

1906 3361 2074 3414 choro
2110 3361 2499 3430 discipulorum
2531 3371 2932 3414 annumeratus
2963 3373 3131 3426 esset,
3170 3364 3342 3418 Lucas
3372 3367 3470 3434 ipsi

1905 3453 2086 3504 socius
2126 3451 2337 3504 itineris
2368 3451 2564 3518 ubique
2599 3453 2949 3506 constituitur
2987 3470 3050 3508 ac
3085 3457 3473 3527 peregrinatio-

1905 3541 1993 3595 nis
2023 3556 2228 3602 comes,
2271 3543 2566 3594 certamina
2594 3557 2690 3611 pro
2724 3545 2924 3610 pietate
2953 3558 3237 3615 exoptans,
3291 3559 3345 3604 et
3403 3554 3473 3604 ob

1908 3635 1958 3687 id
2003 3651 2060 3688 se
2090 3636 2394 3702 liujusmodi
2422 3635 2760 3704 conjungens
2813 3636 2989 3702 militi,
3016 3649 3070 3692 et
3095 3656 3200 3694 una
3228 3657 3351 3695 cum
3408 3661 3474 3697 eo

1906 3741 2074 3794 usque
2100 3728 2165 3778 ad
2197 3725 2407 3778 vincula
2441 3727 2669 3780 amictus
2717 3730 2869 3796 quasi
2924 3732 3225 3798 maleficus,
3284 3735 3482 3787 simul-

1903 3834 2010 3887 que
2041 3819 2364 3887 cognitionis
2417 3819 2596 3873 radios
2650 3820 2718 3873 ad
2771 3821 2904 3875 fines
2958 3833 3117 3878 terrae
3175 3828 3473 3882 emittens:

1904 3911 2040 3962 adeo
2073 3910 2174 3976 ipsi
2212 3910 2510 3963 conformis
2535 3926 2596 3962 ac
2624 3912 2976 3976 domesticus,
3031 3926 3084 3968 et
3142 3933 3239 3985 per
3291 3921 3474 3975 omnia

1903 4011 2086 4072 gratus
2119 4002 2366 4061 effectus.
2406 4013 2464 4055 ut
2511 4000 2708 4057 Paulus
2755 4007 2999 4060 scribens
3058 4008 3306 4064 fidelibus
3371 4011 3473 4066 Lu-

1905 4110 2025 4148 cam
2067 4095 2380 4164 frequenter
2412 4097 2719 4150 nominaret
2740 4099 2998 4153 dilectum
3038 4119 3050 4155 :
3080 4105 3168 4171 qui
3191 4103 3258 4156 ab
3283 4105 3477 4159 Hiero-

1907 4187 2129 4257 solymis
2207 4196 2260 4239 et
2341 4187 2928 4257 circumadjaeentibus
3004 4193 3136 4247 locis
3207 4195 3475 4266 Illyricum

1907 4292 2078 4346 usque
2114 4291 2219 4330 una
2252 4293 2374 4332 cum
2413 4280 2528 4347 ipso
2572 4280 2818 4348 implevit
2874 4283 3227 4353 Erangelium
3273 4305 3287 4340 :
3345 4299 3399 4341 et
3447 4306 3474 4342 a

1903 4371 2086 4424 Judzea
2128 4371 2352 4423 Romam
2386 4385 2556 4436 usque
2588 4387 2691 4423 una
2724 4387 2845 4425 cum
2871 4389 2937 4428 eo
2987 4376 3227 4441 Vinctus,
3267 4381 3472 4435 eisdem

1907 4459 2199 4520 laboribus,
2229 4459 2436 4514 eisdem
2480 4459 2882 4528 afﬂictionibus,
2961 4467 3163 4524 eisdem
3231 4487 3472 4527 commu-

227 4555 409 4608 αὐτῶν
437 4557 638 4620 κόπων,
661 4556 768 4607 τῶν
790 4555 970 4607 αὐτῶν
1000 4553 1252 4620 θλίψεων,
1279 4553 1387 4604 τῶν
1422 4555 1598 4604 αὐτῶν
1624 4569 1797 4605 κεκοι-

1910 4551 2115 4602 nicavit
2137 4549 2458 4620 naufragiis,
2493 4553 2682 4605 volens
2711 4555 2936 4606 omnino
2966 4560 3238 4626 particeps
3291 4563 3476 4615 det-la-

227 4650 436 4717 νώνηκε
475 4649 768 4716 ναυαγίων,
801 4648 1144 4714 συμμέτοχος
1192 4645 1532 4714 ἀναφανῆναι
1582 4646 1798 4706 παντως

227 4744 322 4794 καὶ
353 4742 460 4794 τῶν
486 4744 577 4793 ἐπὶ
613 4741 873 4800 τοιούτοις
915 4740 1093 4800 πόνοις
1142 4741 1420 4808 στεφάνων
1461 4737 1797 4808 βουλόμενος.

229 4833 388 4887 Οὕτω
417 4832 703 4900 τοιγαροῦν
728 4833 1032 4895 πολυτελῶς
1079 4834 1173 4883 σὺν
1215 4832 1292 4900 τῷ
1351 4832 1545 4901 Παύλῳ
1591 4831 1653 4882 τὸ
1706 4830 1798 4882 τοῦ

228 4928 586 4997 κηρύγματος
622 4928 1110 4996 ἐμπορευσάμενος
1143 4926 1536 4983 τάλαντον,καὶ
1565 4924 1801 4975 τοσαῦτα

227 5019 563 5089 παραγαγὼν
584 5024 675 5069 καί
697 5020 1036 5086 σαγηιεύσας
1055 5019 1178 5085 ἔθνη
1194 5021 1258 5087 τῇ
1279 5018 1546 5086 εὐσεῦεῖα,
1563 5019 1658 5084 τῆς
1675 5016 1800 5082 ὅλης

225 5114 320 5167 τοῦ
341 5113 665 5165 διδασκάλου
690 5112 1001 5176 οἰκονομίας
1027 5114 1054 5163 ό
1078 5109 1356 5178 καὶφιλῶν
1373 5110 1446 5178 τῷ
1468 5112 1578 5160 om
1607 5113 1699 5158 καὶ
1718 5125 1802 5172 ιρι-

224 5207 484 5275 λούμενος
520 5207 788 5274 μαθητὴς,
839 5204 1160 5272 ἱερογράφος
1195 5202 1329 5271 ὁμοῦ
1363 5204 1455 5252 καὶ
1506 5201 1797 5267 Εὑαγγελι-

228 5304 361 5371 στῆς
387 5299 682 5359 δείκνυται,
715 5297 808 5348 az:
843 5298 936 5348 καὶ
965 5296 1225 5364 πρότερον
1278 5293 1797 5362 παρηκολουθηκὼς,

228 5397 322 5447 καὶ
354 5393 502 5464 παρὰ
537 5390 644 5441 τῶν
675 5391 926 5460 ἀπαρχῆς
952 5388 1236 5457 ὑπηρετῶν
1262 5389 1430 5440 ταῦτα
1454 5387 1797 5455 γνωρισθεὶς,

223 5487 259 5555 ἢ
296 5488 390 5536 καὶ
454 5486 908 5553 μυσταγωγηθείς
960 5484 1184 5532 ἄνωθεν.
1239 5481 1309 5530 ἰο
1340 5483 1444 5549 γὰρ
1478 5481 1568 5532 τοῦ
1601 5495 1803 5546 νυμφο-

228 5577 419 5629 στόλου
472 5575 712 5642 Γαϐριὴλ
767 5576 898 5642 πρὸς
933 5576 1029 5642 τὴν
1067 5571 1339 5642 Παρθένον
1396 5566 1547 5631 οὗτος
1594 5571 1802 5639 μυστή-

229 5687 347 5745 ριον
381 5668 677 5731 ἀντετάξατο
710 5670 736 5719 ὁ
768 5665 1196 5732 Εὐαγγελιστὴς,
1224 5666 1316 5716 τοῦ
1355 5664 1545 5732 κοινὴν
1577 5664 1804 5729 εὐαγγε-

230 5761 525 5829 λισαμένου
710 5760 898 5830 κόσμῳ
957 5761 1152 5828 χαράν.
1217 5754 1388 5821 (λῦτος
1433 5760 1522 5809 καὶ
1574 5758 1671 5823 τὴν
1707 5756 1803 5808 τοῦ

235 5849 470 5924 Χριστοῦ
502 5854 753 5921 γέννησιν
786 5853 1027 5921 ἐναργῶς
1084 5850 1422 5920 διεχὰραξεν,
1458 5849 1648 5919 ῶσπερ
1679 5847 1802 5917 ἄρτι

1905 4646 2010 4699 rari
2044 4645 2206 4699 etiam
2233 4659 2557 4696 coronarum
2598 4653 2817 4712 propter
2843 4646 2939 4700 hos
2967 4646 3178 4703 labores
3202 4652 3472 4722 recipien—

1905 4741 2119 4792 darum.
2152 4737 2227 4790 Ita
2258 4751 2387 4806 ergo
2412 4736 2500 4789 ubi
2526 4737 2689 4791 variis
2729 4739 2907 4793 modis
2943 4741 2994 4792 in
3027 4743 3230 4796 talento
3279 4748 3475 4812 ιιι-καί-

1903 4831 2310 4886 cationissimul
2340 4846 2462 4883 cum
2521 4829 2686 4884 Paulo
2734 4833 3040 4900 negotiatus
3084 4844 3249 4896 esset,
3307 4847 3472 4908 atque

1906 4937 1985 4979 tot
2013 4934 2204 4994 gentes
2234 4923 2544 4976 adduxisset
2597 4939 2657 4976 ac
2731 4924 3018 4980 irretiisset
3064 4927 3126 4980 ad
3195 4930 3472 4998 pietatem.

1906 5017 2072 5070 totius
2111 5014 2532 5084 dispensationis
2567 5018 2920 5084 prmceptoris
2983 5028 3037 5070 et
3095 5034 3221 5073 vere
3263 5033 3474 5076 amator

1904 5119 1963 5163 et
2010 5117 2222 5160 amatus
2283 5107 2603 5173 discipulus,
2696 5120 2866 5161 sacrae
2933 5109 3164 5176 scriptor
3232 5110 3470 5167 historia

1904 5201 2065 5252 simul
2107 5207 2160 5251 et
2208 5193 2551 5265 Evangelista
2602 5200 2929 5262 ostenditur,
2983 5210 3042 5252 ut
3071 5200 3163 5268 qui
3210 5210 3266 5255 et
3320 5205 3471 5272 prius

1905 5300 2185 5347 assecutus
2213 5299 2383 5352 esset,
2425 5299 2478 5346 et
2526 5292 2593 5343 ab
2650 5292 2733 5344 his
2781 5292 2870 5360 qui
2919 5293 2985 5343 ab
3045 5293 3199 5346 initio
3240 5295 3472 5350 ministri

1905 5387 2121 5440 fuerant
2168 5385 2279 5437 haec
2337 5382 2697 5452 cognovisset,
2747 5395 2841 5437 aut
2901 5385 3063 5438 etiam
3117 5402 3353 5453 superne
3415 5389 3470 5444 in

1906 5481 2077 5534 sacris
2123 5477 2350 5531 edoctus
2411 5486 2578 5529 esset.
2640 5474 2918 5544 Siquidem
2987 5478 3073 5530 liic
3141 5480 3470 5550 evangelista

1909 5570 2221 5640 mysterium
2258 5567 2489 5620 retexuit
2517 5566 2781 5620 Gabrielis
2824 5569 3180 5638 paranympbi
3235 5571 3472 5625 delatum

1907 5663 1974 5715 ad
2006 5660 2280 5728 Virginem
2339 5657 2429 5728 qui
2461 5673 2806 5710 communem
2868 5660 3069 5713 mtmdo
3113 5662 3338 5730 gratiam
3381 5676 3477 5715 an-

1908 5757 2272 5812 nuntiaverat.
2311 5752 2405 5806 Hic
2435 5753 2596 5804 etiam
2633 5751 2831 5804 Christi
2891 5753 3231 5808 nativitatem
3290 5765 3477 5822 aperte

1909 5851 2151 5908 exaravit
2185 5890 2197 5913 ,
2256 5859 2508 5914 tanquam
2557 5858 2746 5897 recens
2801 5845 2851 5896 in
2917 5846 3145 5916 praesepi
3202 5846 3472 5916 iacentem
