  <div class='ocr_page' id='page_1' title='image "/cluster/home/n/w/nwhite01/storage/ocr_20150623/115/nnc1.0046980261/585.png"; bbox 0 0 4188 6432; ppageno 0'>
   <div class='ocr_carea' id='block_1_1' title="bbox 747 364 880 429">
    <p class='ocr_par' dir='ltr' id='par_1_1' title="bbox 747 364 880 429">
     <span class='ocr_line' id='line_1_1' title="bbox 747 364 880 429; baseline 0 -1"><span class='ocrx_word' id='word_1_1' title='bbox 747 364 880 429; x_wconf 79' lang='lat'><strong>1135</strong></span> 
     </span>
    </p>
   </div>
   <div class='ocr_carea' id='block_1_2' title="bbox 739 478 1940 548">
    <p class='ocr_par' dir='ltr' id='par_1_2' title="bbox 739 478 1940 548">
     <span class='ocr_line' id='line_1_2' title="bbox 739 478 1940 548; baseline -0.002 -16"><span class='ocrx_word' id='word_1_2' title='bbox 739 479 1120 538; x_wconf 82' lang='lat' dir='ltr'><strong>manifestans.</strong></span> <span class='ocrx_word' id='word_1_3' title='bbox 1179 489 1230 532; x_wconf 86' lang='lat' dir='ltr'><strong>et</strong></span> <span class='ocrx_word' id='word_1_4' title='bbox 1293 478 1485 532; x_wconf 62' lang='grc' dir='ltr'>(εει-ἱείς</span> <span class='ocrx_word' id='word_1_5' title='bbox 1548 495 1608 532; x_wconf 88' lang='lat' dir='ltr'><strong>ac</strong></span> <span class='ocrx_word' id='word_1_6' title='bbox 1675 488 1940 548; x_wconf 76' lang='lat' dir='ltr'><strong>pastores,</strong></span> 
     </span>
    </p>
   </div>
   <div class='ocr_carea' id='block_1_3' title="bbox 739 571 2307 642">
    <p class='ocr_par' dir='ltr' id='par_1_3' title="bbox 739 571 2307 642">
     <span class='ocr_line' id='line_1_3' title="bbox 739 571 2307 642; baseline 0.001 -19"><span class='ocrx_word' id='word_1_7' title='bbox 739 585 1014 640; x_wconf 69' lang='lat' dir='ltr'><strong>prteeones</strong></span> <span class='ocrx_word' id='word_1_8' title='bbox 1066 571 1287 642; x_wconf 75' lang='lat' dir='ltr'><strong>angelos</strong></span> <span class='ocrx_word' id='word_1_9' title='bbox 1343 571 1678 626; x_wconf 81' lang='lat' dir='ltr'><strong>describens.</strong></span> <span class='ocrx_word' id='word_1_10' title='bbox 1734 571 1831 626; x_wconf 84' lang='lat' dir='ltr'><strong>Hic</strong></span> <span class='ocrx_word' id='word_1_11' title='bbox 1901 573 2198 626; x_wconf 71' lang='lat' dir='ltr'><strong>sententias</strong></span> <span class='ocrx_word' id='word_1_12' title='bbox 2245 588 2307 626; x_wconf 88' lang='lat' dir='ltr'><strong>ac</strong></span> 
     </span>
    </p>
   </div>
   <div class='ocr_carea' id='block_1_4' title="bbox 740 663 2306 725">
    <p class='ocr_par' dir='ltr' id='par_1_4' title="bbox 740 663 2306 725">
     <span class='ocr_line' id='line_1_4' title="bbox 740 663 2306 725; baseline 0.001 -9"><span class='ocrx_word' id='word_1_13' title='bbox 740 663 1012 718; x_wconf 77' lang='lat' dir='ltr'><strong>doctrinas</strong></span> <span class='ocrx_word' id='word_1_14' title='bbox 1035 678 1253 716; x_wconf 84' lang='lat' dir='ltr'><strong>omnem</strong></span> <span class='ocrx_word' id='word_1_15' title='bbox 1295 675 1528 718; x_wconf 79' lang='lat' dir='ltr'><strong>mentem</strong></span> <span class='ocrx_word' id='word_1_16' title='bbox 1577 664 1928 725; x_wconf 85' lang='lat' dir='ltr'><strong>excedentes,</strong></span> <span class='ocrx_word' id='word_1_17' title='bbox 1991 667 2104 718; x_wconf 79' lang='lat' dir='ltr'><strong>veri</strong></span> <span class='ocrx_word' id='word_1_18' title='bbox 2146 666 2306 718; x_wconf 84' lang='lat' dir='ltr'><strong>simul</strong></span> 
     </span>
    </p>
   </div>
   <div class='ocr_carea' id='block_1_5' title="bbox 737 756 2304 820">
    <p class='ocr_par' dir='ltr' id='par_1_5' title="bbox 737 756 2304 820">
     <span class='ocr_line' id='line_1_5' title="bbox 737 756 2304 820; baseline 0 -13"><span class='ocrx_word' id='word_1_19' title='bbox 737 770 799 808; x_wconf 91' lang='lat' dir='ltr'><strong>ac</strong></span> <span class='ocrx_word' id='word_1_20' title='bbox 859 756 1072 809; x_wconf 75' lang='lat' dir='ltr'><strong>honesti</strong></span> <span class='ocrx_word' id='word_1_21' title='bbox 1136 771 1320 809; x_wconf 89' lang='lat' dir='ltr'><strong>amore</strong></span> <span class='ocrx_word' id='word_1_22' title='bbox 1397 756 1789 820; x_wconf 77' lang='lat' dir='ltr'><strong>manifestavit,</strong></span> <span class='ocrx_word' id='word_1_23' title='bbox 1842 772 2021 810; x_wconf 91' lang='lat' dir='ltr'><strong>rerum</strong></span> <span class='ocrx_word' id='word_1_24' title='bbox 2089 757 2304 810; x_wconf 79' lang='lat' dir='ltr'><strong>veritati</strong></span> 
     </span>
    </p>
   </div>
   <div class='ocr_carea' id='block_1_6' title="bbox 737 849 2306 916">
    <p class='ocr_par' dir='ltr' id='par_1_6' title="bbox 737 849 2306 916">
     <span class='ocr_line' id='line_1_6' title="bbox 737 849 2306 916; baseline 0.001 -15"><span class='ocrx_word' id='word_1_25' title='bbox 737 864 1048 902; x_wconf 76' lang='lat' dir='ltr'><strong>sermonum</strong></span> <span class='ocrx_word' id='word_1_26' title='bbox 1085 849 1475 916; x_wconf 91' lang='lat' dir='ltr'><strong>ingenuitatem</strong></span> <span class='ocrx_word' id='word_1_27' title='bbox 1516 850 1911 912; x_wconf 86' lang='lat' dir='ltr'><strong>commiscens,</strong></span> <span class='ocrx_word' id='word_1_28' title='bbox 1961 859 2018 903; x_wconf 92' lang='lat' dir='ltr'><strong>ut</strong></span> <span class='ocrx_word' id='word_1_29' title='bbox 2064 858 2116 902; x_wconf 83' lang='lat' dir='ltr'><strong>et</strong></span> <span class='ocrx_word' id='word_1_30' title='bbox 2152 864 2306 902; x_wconf 84' lang='lat' dir='ltr'><strong>men-</strong></span> 
     </span>
    </p>
   </div>
   <div class='ocr_carea' id='block_1_7' title="bbox 740 940 2304 1010">
    <p class='ocr_par' dir='ltr' id='par_1_7' title="bbox 740 940 2304 1010">
     <span class='ocr_line' id='line_1_7' title="bbox 740 940 2304 1010; baseline 0.002 -19"><span class='ocrx_word' id='word_1_31' title='bbox 740 940 808 993; x_wconf 89' lang='lat' dir='ltr'><strong>tis</strong></span> <span class='ocrx_word' id='word_1_32' title='bbox 851 942 1006 993; x_wconf 88' lang='lat' dir='ltr'><strong>simul</strong></span> <span class='ocrx_word' id='word_1_33' title='bbox 1049 957 1113 996; x_wconf 91' lang='lat' dir='ltr'><strong>ac</strong></span> <span class='ocrx_word' id='word_1_34' title='bbox 1161 942 1354 1010; x_wconf 79' lang='lat' dir='ltr'><strong>linguae</strong></span> <span class='ocrx_word' id='word_1_35' title='bbox 1405 942 1655 994; x_wconf 75' lang='lat' dir='ltr'><strong>virtutem</strong></span> <span class='ocrx_word' id='word_1_36' title='bbox 1710 940 1778 994; x_wconf 92' lang='lat' dir='ltr'><strong>ob</strong></span> <span class='ocrx_word' id='word_1_37' title='bbox 1812 943 1996 995; x_wconf 90' lang='lat' dir='ltr'><strong>oculos</strong></span> <span class='ocrx_word' id='word_1_38' title='bbox 2054 953 2304 1009; x_wconf 88' lang='lat' dir='ltr'><strong>poneret.</strong></span> 
     </span>
    </p>
   </div>
   <div class='ocr_carea' id='block_1_8' title="bbox 737 1032 2305 1103">
    <p class='ocr_par' dir='ltr' id='par_1_8' title="bbox 737 1032 2305 1103">
     <span class='ocr_line' id='line_1_8' title="bbox 737 1032 2305 1103; baseline 0 -17"><span class='ocrx_word' id='word_1_39' title='bbox 737 1032 792 1086; x_wconf 88' lang='lat' dir='ltr'><strong>In</strong></span> <span class='ocrx_word' id='word_1_40' title='bbox 827 1033 1097 1102; x_wconf 82' lang='lat' dir='ltr'><strong>parabolis</strong></span> <span class='ocrx_word' id='word_1_41' title='bbox 1128 1049 1344 1103; x_wconf 85' lang='lat' dir='ltr'><strong>quoque</strong></span> <span class='ocrx_word' id='word_1_42' title='bbox 1387 1034 1666 1088; x_wconf 82' lang='lat' dir='ltr'><strong>doctrinas</strong></span> <span class='ocrx_word' id='word_1_43' title='bbox 1725 1035 1990 1088; x_wconf 88' lang='lat' dir='ltr'><strong>salutares</strong></span> <span class='ocrx_word' id='word_1_44' title='bbox 2051 1037 2305 1097; x_wconf 86' lang='lat' dir='ltr'><strong>retexuit,</strong></span> 
     </span>
    </p>
   </div>
   <div class='ocr_carea' id='block_1_9' title="bbox 738 1121 2308 1194">
    <p class='ocr_par' dir='ltr' id='par_1_9' title="bbox 738 1121 2308 1194">
     <span class='ocr_line' id='line_1_9' title="bbox 738 1121 2308 1194; baseline 0.002 -18"><span class='ocrx_word' id='word_1_45' title='bbox 738 1121 792 1177; x_wconf 89' lang='lat' dir='ltr'><strong>in</strong></span> <span class='ocrx_word' id='word_1_46' title='bbox 854 1126 956 1179; x_wconf 91' lang='lat' dir='ltr'><strong>hoc</strong></span> <span class='ocrx_word' id='word_1_47' title='bbox 999 1125 1161 1178; x_wconf 88' lang='lat' dir='ltr'><strong>etiam</strong></span> <span class='ocrx_word' id='word_1_48' title='bbox 1214 1129 1485 1194; x_wconf 85' lang='lat' dir='ltr'><strong>copiosior</strong></span> <span class='ocrx_word' id='word_1_49' title='bbox 1533 1128 1766 1181; x_wconf 59' lang='lat' dir='ltr'><strong>caeteris.</strong></span> <span class='ocrx_word' id='word_1_50' title='bbox 1834 1128 2008 1194; x_wconf 89' lang='lat' dir='ltr'><strong>thue</strong></span> <span class='ocrx_word' id='word_1_51' title='bbox 2072 1127 2308 1180; x_wconf 78' lang='lat' dir='ltr'><strong>breviter</strong></span> 
     </span>
    </p>
   </div>
   <div class='ocr_carea' id='block_1_10' title="bbox 738 1217 2305 1286">
    <p class='ocr_par' dir='ltr' id='par_1_10' title="bbox 738 1217 2305 1286">
     <span class='ocr_line' id='line_1_10' title="bbox 738 1217 2305 1286; baseline 0.001 -16"><span class='ocrx_word' id='word_1_52' title='bbox 738 1218 935 1277; x_wconf 89' lang='lat' dir='ltr'><strong>dicam,</strong></span> <span class='ocrx_word' id='word_1_53' title='bbox 973 1218 1429 1286; x_wconf 85' lang='lat' dir='ltr'><strong>quemadmodum</strong></span> <span class='ocrx_word' id='word_1_54' title='bbox 1466 1217 1623 1271; x_wconf 84' lang='lat' dir='ltr'><strong>Verbi</strong></span> <span class='ocrx_word' id='word_1_55' title='bbox 1656 1219 1978 1271; x_wconf 86' lang='lat' dir='ltr'><strong>descensum</strong></span> <span class='ocrx_word' id='word_1_56' title='bbox 2008 1218 2058 1270; x_wconf 92' lang='lat' dir='ltr'><strong>in</strong></span> <span class='ocrx_word' id='word_1_57' title='bbox 2107 1229 2305 1272; x_wconf 90' lang='lat' dir='ltr'><strong>terram</strong></span> 
     </span>
    </p>
   </div>
   <div class='ocr_carea' id='block_1_11' title="bbox 735 1310 2301 1379">
    <p class='ocr_par' dir='ltr' id='par_1_11' title="bbox 735 1310 2301 1379">
     <span class='ocr_line' id='line_1_11' title="bbox 735 1310 2301 1379; baseline -0.001 -16"><span class='ocrx_word' id='word_1_58' title='bbox 735 1310 969 1365; x_wconf 79' lang='lat' dir='ltr'><strong>dilucide</strong></span> <span class='ocrx_word' id='word_1_59' title='bbox 1007 1311 1452 1379; x_wconf 84' lang='lat' dir='ltr'><strong>cognoscendum</strong></span> <span class='ocrx_word' id='word_1_60' title='bbox 1487 1311 1657 1372; x_wconf 83' lang='lat' dir='ltr'><strong>dedit.</strong></span> <span class='ocrx_word' id='word_1_61' title='bbox 1698 1312 1769 1364; x_wconf 90' lang='lat' dir='ltr'><strong>ita</strong></span> <span class='ocrx_word' id='word_1_62' title='bbox 1809 1319 1862 1363; x_wconf 89' lang='lat' dir='ltr'><strong>et</strong></span> <span class='ocrx_word' id='word_1_63' title='bbox 1899 1325 2184 1364; x_wconf 88' lang='lat' dir='ltr'><strong>ascensum</strong></span> <span class='ocrx_word' id='word_1_64' title='bbox 2250 1311 2301 1363; x_wconf 90' lang='lat' dir='ltr'><strong>in</strong></span> 
     </span>
    </p>
   </div>
   <div class='ocr_carea' id='block_1_12' title="bbox 735 1401 2306 1470">
    <p class='ocr_par' dir='ltr' id='par_1_12' title="bbox 735 1401 2306 1470">
     <span class='ocr_line' id='line_1_12' title="bbox 735 1401 2306 1470; baseline 0 -14"><span class='ocrx_word' id='word_1_65' title='bbox 735 1402 920 1463; x_wconf 75' lang='lat' dir='ltr'><strong>emlos,</strong></span> <span class='ocrx_word' id='word_1_66' title='bbox 981 1409 1035 1454; x_wconf 90' lang='lat' dir='ltr'><strong>et</strong></span> <span class='ocrx_word' id='word_1_67' title='bbox 1080 1401 1314 1454; x_wconf 90' lang='lat' dir='ltr'><strong>reditum</strong></span> <span class='ocrx_word' id='word_1_68' title='bbox 1374 1401 1438 1454; x_wconf 90' lang='lat' dir='ltr'><strong>ad</strong></span> <span class='ocrx_word' id='word_1_69' title='bbox 1490 1402 1746 1455; x_wconf 78' lang='lat' dir='ltr'><strong>thronum</strong></span> <span class='ocrx_word' id='word_1_70' title='bbox 1809 1413 2117 1470; x_wconf 88' lang='lat' dir='ltr'><strong>paternum,</strong></span> <span class='ocrx_word' id='word_1_71' title='bbox 2165 1404 2306 1456; x_wconf 80' lang='lat' dir='ltr'><strong>sient</strong></span> 
     </span>
    </p>
   </div>
   <div class='ocr_carea' id='block_1_13' title="bbox 734 1491 2295 1562">
    <p class='ocr_par' dir='ltr' id='par_1_13' title="bbox 734 1491 2295 1562">
     <span class='ocr_line' id='line_1_13' title="bbox 734 1491 2295 1562; baseline 0.001 -18"><span class='ocrx_word' id='word_1_72' title='bbox 734 1491 1001 1562; x_wconf 82' lang='lat' dir='ltr'><strong>quispiam</strong></span> <span class='ocrx_word' id='word_1_73' title='bbox 1029 1507 1058 1545; x_wconf 89' lang='lat' dir='ltr'><strong>e</strong></span> <span class='ocrx_word' id='word_1_74' title='bbox 1087 1492 1223 1545; x_wconf 65' lang='lat' dir='ltr'><strong>caelo</strong></span> <span class='ocrx_word' id='word_1_75' title='bbox 1257 1493 1502 1557; x_wconf 89' lang='lat' dir='ltr'><strong>veniens,</strong></span> <span class='ocrx_word' id='word_1_76' title='bbox 1539 1493 1920 1546; x_wconf 83' lang='lat' dir='ltr'><strong>manifestavit.</strong></span> <span class='ocrx_word' id='word_1_77' title='bbox 1961 1493 2073 1546; x_wconf 86' lang='lat' dir='ltr'><strong>Hoc</strong></span> <span class='ocrx_word' id='word_1_78' title='bbox 2113 1505 2295 1547; x_wconf 87' lang='lat' dir='ltr'><strong>autem</strong></span> 
     </span>
    </p>
   </div>
   <div class='ocr_carea' id='block_1_14' title="bbox 736 1584 2303 1654">
    <p class='ocr_par' dir='ltr' id='par_1_14' title="bbox 736 1584 2303 1654">
     <span class='ocr_line' id='line_1_14' title="bbox 736 1584 2303 1654; baseline 0.001 -17"><span class='ocrx_word' id='word_1_79' title='bbox 736 1585 878 1638; x_wconf 90' lang='lat' dir='ltr'><strong>inter</strong></span> <span class='ocrx_word' id='word_1_80' title='bbox 905 1594 1100 1638; x_wconf 66' lang='lat' dir='ltr'><strong>caetera</strong></span> <span class='ocrx_word' id='word_1_81' title='bbox 1129 1584 1488 1654; x_wconf 86' lang='lat' dir='ltr'><strong>gratissimum</strong></span> <span class='ocrx_word' id='word_1_82' title='bbox 1517 1594 1600 1638; x_wconf 89' lang='lat' dir='ltr'><strong>est</strong></span> <span class='ocrx_word' id='word_1_83' title='bbox 1642 1584 1785 1652; x_wconf 87' lang='lat' dir='ltr'><strong>quod</strong></span> <span class='ocrx_word' id='word_1_84' title='bbox 1846 1584 2022 1652; x_wconf 89' lang='lat' dir='ltr'><strong>ipsum</strong></span> <span class='ocrx_word' id='word_1_85' title='bbox 2088 1600 2303 1654; x_wconf 89' lang='lat' dir='ltr'><strong>quoque</strong></span> 
     </span>
    </p>
   </div>
   <div class='ocr_carea' id='block_1_15' title="bbox 737 1675 2305 1746">
    <p class='ocr_par' dir='ltr' id='par_1_15' title="bbox 737 1675 2305 1746">
     <span class='ocr_line' id='line_1_15' title="bbox 737 1675 2305 1746; baseline 0.003 -17"><span class='ocrx_word' id='word_1_86' title='bbox 737 1686 918 1746; x_wconf 81' lang='lat' dir='ltr'><strong>typum</strong></span> <span class='ocrx_word' id='word_1_87' title='bbox 987 1686 1276 1744; x_wconf 65' lang='lat' dir='ltr'><strong>assumpta:</strong></span> <span class='ocrx_word' id='word_1_88' title='bbox 1347 1677 1701 1731; x_wconf 84' lang='lat' dir='ltr'><strong>humanitatis</strong></span> <span class='ocrx_word' id='word_1_89' title='bbox 1784 1675 1987 1730; x_wconf 88' lang='lat' dir='ltr'><strong>Christi</strong></span> <span class='ocrx_word' id='word_1_90' title='bbox 2051 1679 2178 1742; x_wconf 86' lang='lat' dir='ltr'><strong>mei,</strong></span> <span class='ocrx_word' id='word_1_91' title='bbox 2243 1696 2305 1734; x_wconf 90' lang='lat' dir='ltr'><strong>ac</strong></span> 
     </span>
    </p>
   </div>
   <div class='ocr_carea' id='block_1_16' title="bbox 735 1767 2300 1837">
    <p class='ocr_par' dir='ltr' id='par_1_16' title="bbox 735 1767 2300 1837">
     <span class='ocr_line' id='line_1_16' title="bbox 735 1767 2300 1837; baseline -0.001 -16"><span class='ocrx_word' id='word_1_92' title='bbox 735 1767 947 1837; x_wconf 82' lang='lat' dir='ltr'><strong>signum</strong></span> <span class='ocrx_word' id='word_1_93' title='bbox 981 1768 1096 1836; x_wconf 81' lang='lat' dir='ltr'><strong>ejus</strong></span> <span class='ocrx_word' id='word_1_94' title='bbox 1165 1783 1283 1835; x_wconf 66' lang='lat' dir='ltr'><strong>quae</strong></span> <span class='ocrx_word' id='word_1_95' title='bbox 1325 1767 1476 1820; x_wconf 90' lang='lat' dir='ltr'><strong>illum</strong></span> <span class='ocrx_word' id='word_1_96' title='bbox 1530 1777 1818 1835; x_wconf 83' lang='lat' dir='ltr'><strong>pepererat</strong></span> <span class='ocrx_word' id='word_1_97' title='bbox 1877 1774 1930 1818; x_wconf 91' lang='lat' dir='ltr'><strong>et</strong></span> <span class='ocrx_word' id='word_1_98' title='bbox 1966 1777 2300 1837; x_wconf 88' lang='lat' dir='ltr'><strong>assumptam</strong></span> 
     </span>
    </p>
   </div>
   <div class='ocr_carea' id='block_1_17' title="bbox 735 1858 2304 1926">
    <p class='ocr_par' dir='ltr' id='par_1_17' title="bbox 735 1858 2304 1926">
     <span class='ocr_line' id='line_1_17' title="bbox 735 1858 2304 1926; baseline 0 -13"><span class='ocrx_word' id='word_1_99' title='bbox 735 1861 1129 1913; x_wconf 78' lang='lat' dir='ltr'><strong>humanitatem</strong></span> <span class='ocrx_word' id='word_1_100' title='bbox 1162 1861 1410 1916; x_wconf 86' lang='lat' dir='ltr'><strong>dederat.</strong></span> <span class='ocrx_word' id='word_1_101' title='bbox 1446 1861 1654 1926; x_wconf 80' lang='lat' dir='ltr'><strong>primus</strong></span> <span class='ocrx_word' id='word_1_102' title='bbox 1707 1858 1794 1912; x_wconf 85' lang='lat' dir='ltr'><strong>hic</strong></span> <span class='ocrx_word' id='word_1_103' title='bbox 1851 1874 1973 1912; x_wconf 87' lang='lat' dir='ltr'><strong>cera</strong></span> <span class='ocrx_word' id='word_1_104' title='bbox 2022 1875 2085 1914; x_wconf 89' lang='lat' dir='ltr'><strong>ac</strong></span> <span class='ocrx_word' id='word_1_105' title='bbox 2133 1861 2304 1915; x_wconf 82' lang='lat' dir='ltr'><strong>linea-</strong></span> 
     </span>
    </p>
   </div>
   <div class='ocr_carea' id='block_1_18' title="bbox 734 1948 2299 2019">
    <p class='ocr_par' dir='ltr' id='par_1_18' title="bbox 734 1948 2299 2019">
     <span class='ocr_line' id='line_1_18' title="bbox 734 1948 2299 2019; baseline 0.001 -18"><span class='ocrx_word' id='word_1_106' title='bbox 734 1950 934 2004; x_wconf 83' lang='lat' dir='ltr'><strong>mentis</strong></span> <span class='ocrx_word' id='word_1_107' title='bbox 997 1951 1250 2019; x_wconf 83' lang='lat' dir='ltr'><strong>tingens.</strong></span> <span class='ocrx_word' id='word_1_108' title='bbox 1310 1958 1366 2002; x_wconf 90' lang='lat' dir='ltr'><strong>ut</strong></span> <span class='ocrx_word' id='word_1_109' title='bbox 1409 1948 1473 2002; x_wconf 90' lang='lat' dir='ltr'><strong>ad</strong></span> <span class='ocrx_word' id='word_1_110' title='bbox 1533 1949 1645 2001; x_wconf 74' lang='lat' dir='ltr'><strong>hzec</strong></span> <span class='ocrx_word' id='word_1_111' title='bbox 1707 1964 1878 2017; x_wconf 90' lang='lat' dir='ltr'><strong>usque</strong></span> <span class='ocrx_word' id='word_1_112' title='bbox 1927 1960 2207 2018; x_wconf 88' lang='lat' dir='ltr'><strong>tempora,</strong></span> <span class='ocrx_word' id='word_1_113' title='bbox 2247 1951 2299 2003; x_wconf 93' lang='lat' dir='ltr'><strong>in</strong></span> 
     </span>
    </p>
   </div>
   <div class='ocr_carea' id='block_1_19' title="bbox 735 2039 2303 2110">
    <p class='ocr_par' dir='ltr' id='par_1_19' title="bbox 735 2039 2303 2110">
     <span class='ocr_line' id='line_1_19' title="bbox 735 2039 2303 2110; baseline 0.001 -18"><span class='ocrx_word' id='word_1_114' title='bbox 735 2040 967 2110; x_wconf 77' lang='lat' dir='ltr'><strong>imagine</strong></span> <span class='ocrx_word' id='word_1_115' title='bbox 1008 2039 1422 2101; x_wconf 87' lang='lat' dir='ltr'><strong>honorarentur,</strong></span> <span class='ocrx_word' id='word_1_116' title='bbox 1455 2039 1676 2092; x_wconf 87' lang='lat' dir='ltr'><strong>tradidit</strong></span> <span class='ocrx_word' id='word_1_117' title='bbox 1702 2049 1958 2107; x_wconf 85' lang='lat' dir='ltr'><strong>tanquam</strong></span> <span class='ocrx_word' id='word_1_118' title='bbox 1999 2056 2108 2094; x_wconf 88' lang='lat' dir='ltr'><strong>non</strong></span> <span class='ocrx_word' id='word_1_119' title='bbox 2170 2043 2303 2095; x_wconf 88' lang='lat' dir='ltr'><strong>satis</strong></span> 
     </span>
    </p>
   </div>
   <div class='ocr_carea' id='block_1_20' title="bbox 733 2123 2300 2202">
    <p class='ocr_par' dir='ltr' id='par_1_20' title="bbox 733 2123 2300 2202">
     <span class='ocr_line' id='line_1_20' title="bbox 733 2123 2300 2202; baseline 0.001 -18"><span class='ocrx_word' id='word_1_120' title='bbox 733 2144 850 2184; x_wconf 84' lang='lat' dir='ltr'><strong>esse</strong></span> <span class='ocrx_word' id='word_1_121' title='bbox 879 2130 1222 2194; x_wconf 80' lang='lat' dir='ltr'><strong>existimans,</strong></span> <span class='ocrx_word' id='word_1_122' title='bbox 1258 2130 1361 2182; x_wconf 87' lang='lat' dir='ltr'><strong>nisi</strong></span> <span class='ocrx_word' id='word_1_123' title='bbox 1394 2130 1557 2183; x_wconf 87' lang='lat' dir='ltr'><strong>etiam</strong></span> <span class='ocrx_word' id='word_1_124' title='bbox 1585 2123 1998 2200; x_wconf 49' lang='lat' dir='ltr'><strong>perimaginem&#39;</strong></span> <span class='ocrx_word' id='word_1_125' title='bbox 2021 2149 2084 2186; x_wconf 89' lang='lat' dir='ltr'><strong>ae</strong></span> <span class='ocrx_word' id='word_1_126' title='bbox 2119 2141 2300 2202; x_wconf 84' lang='lat' dir='ltr'><strong>typum</strong></span> 
     </span>
    </p>
   </div>
   <div class='ocr_carea' id='block_1_21' title="bbox 734 2220 2301 2293">
    <p class='ocr_par' dir='ltr' id='par_1_21' title="bbox 734 2220 2301 2293">
     <span class='ocr_line' id='line_1_21' title="bbox 734 2220 2301 2293; baseline 0.004 -21"><span class='ocrx_word' id='word_1_127' title='bbox 734 2230 1047 2277; x_wconf 80' lang='lat' dir='ltr'><strong>versaretur</strong></span> <span class='ocrx_word' id='word_1_128' title='bbox 1075 2235 1198 2272; x_wconf 92' lang='lat' dir='ltr'><strong>cum</strong></span> <span class='ocrx_word' id='word_1_129' title='bbox 1234 2221 1316 2274; x_wconf 92' lang='lat' dir='ltr'><strong>his</strong></span> <span class='ocrx_word' id='word_1_130' title='bbox 1347 2235 1482 2289; x_wconf 90' lang='lat' dir='ltr'><strong>quos</strong></span> <span class='ocrx_word' id='word_1_131' title='bbox 1509 2220 1865 2284; x_wconf 82' lang='lat' dir='ltr'><strong>desiderabat,</strong></span> <span class='ocrx_word' id='word_1_132' title='bbox 1903 2225 2046 2293; x_wconf 87' lang='lat' dir='ltr'><strong>quod</strong></span> <span class='ocrx_word' id='word_1_133' title='bbox 2084 2222 2301 2279; x_wconf 83' lang='lat' dir='ltr'><strong>ferven-</strong></span> 
     </span>
    </p>
   </div>
   <div class='ocr_carea' id='block_1_22' title="bbox 735 2313 2303 2382">
    <p class='ocr_par' dir='ltr' id='par_1_22' title="bbox 735 2313 2303 2382">
     <span class='ocr_line' id='line_1_22' title="bbox 735 2313 2303 2382; baseline 0.003 -16"><span class='ocrx_word' id='word_1_134' title='bbox 735 2313 930 2367; x_wconf 88' lang='lat' dir='ltr'><strong>tissimi</strong></span> <span class='ocrx_word' id='word_1_135' title='bbox 962 2313 1163 2367; x_wconf 91' lang='lat' dir='ltr'><strong>amoris</strong></span> <span class='ocrx_word' id='word_1_136' title='bbox 1190 2315 1405 2382; x_wconf 89' lang='lat' dir='ltr'><strong>sigmun</strong></span> <span class='ocrx_word' id='word_1_137' title='bbox 1443 2324 1545 2368; x_wconf 88' lang='lat' dir='ltr'><strong>est.</strong></span> <span class='ocrx_word' id='word_1_138' title='bbox 1594 2313 1778 2382; x_wconf 85' lang='lat' dir='ltr'><strong>Neque</strong></span> <span class='ocrx_word' id='word_1_139' title='bbox 1810 2317 1860 2368; x_wconf 91' lang='lat' dir='ltr'><strong>id</strong></span> <span class='ocrx_word' id='word_1_140' title='bbox 1898 2317 2095 2380; x_wconf 89' lang='lat' dir='ltr'><strong>solum,</strong></span> <span class='ocrx_word' id='word_1_141' title='bbox 2127 2318 2218 2371; x_wconf 91' lang='lat' dir='ltr'><strong>sed</strong></span> <span class='ocrx_word' id='word_1_142' title='bbox 2249 2327 2303 2371; x_wconf 92' lang='lat' dir='ltr'><strong>et</strong></span> 
     </span>
    </p>
   </div>
   <div class='ocr_carea' id='block_1_23' title="bbox 735 2405 2302 2478">
    <p class='ocr_par' dir='ltr' id='par_1_23' title="bbox 735 2405 2302 2478">
     <span class='ocr_line' id='line_1_23' title="bbox 735 2405 2302 2478; baseline 0.002 -18"><span class='ocrx_word' id='word_1_143' title='bbox 735 2405 987 2460; x_wconf 77' lang='lat' dir='ltr'><strong>fidelibus</strong></span> <span class='ocrx_word' id='word_1_144' title='bbox 1028 2405 1280 2458; x_wconf 86' lang='lat' dir='ltr'><strong>omnibus</strong></span> <span class='ocrx_word' id='word_1_145' title='bbox 1310 2405 1620 2473; x_wconf 80' lang='lat' dir='ltr'><strong>Christique</strong></span> <span class='ocrx_word' id='word_1_146' title='bbox 1645 2407 1979 2461; x_wconf 85' lang='lat' dir='ltr'><strong>amatoribus</strong></span> <span class='ocrx_word' id='word_1_147' title='bbox 2014 2408 2128 2462; x_wconf 77' lang='lat' dir='ltr'><strong>haec</strong></span> <span class='ocrx_word' id='word_1_148' title='bbox 2184 2425 2302 2478; x_wconf 71' lang='lat' dir='ltr'><strong>quae</strong></span> 
     </span>
    </p>
   </div>
   <div class='ocr_carea' id='block_1_24' title="bbox 735 2499 1689 2569">
    <p class='ocr_par' dir='ltr' id='par_1_24' title="bbox 735 2499 1689 2569">
     <span class='ocr_line' id='line_1_24' title="bbox 735 2499 1689 2569; baseline 0 -17"><span class='ocrx_word' id='word_1_149' title='bbox 735 2499 967 2553; x_wconf 77' lang='lat' dir='ltr'><strong>maxima</strong></span> <span class='ocrx_word' id='word_1_150' title='bbox 999 2506 1156 2552; x_wconf 87' lang='lat' dir='ltr'><strong>erant</strong></span> <span class='ocrx_word' id='word_1_151' title='bbox 1178 2499 1414 2569; x_wconf 78' lang='lat' dir='ltr'><strong>gratiose</strong></span> <span class='ocrx_word' id='word_1_152' title='bbox 1447 2499 1689 2553; x_wconf 89' lang='lat' dir='ltr'><strong>donavit.</strong></span> 
     </span>
    </p>
   </div>
   <div class='ocr_carea' id='block_1_25' title="bbox 809 2589 2303 2665">
    <p class='ocr_par' dir='ltr' id='par_1_25' title="bbox 809 2589 2303 2665">
     <span class='ocr_line' id='line_1_25' title="bbox 809 2589 2303 2665; baseline 0.004 -20"><span class='ocrx_word' id='word_1_153' title='bbox 809 2589 912 2645; x_wconf 73' lang='grc' dir='ltr'><strong>νη.</strong></span> <span class='ocrx_word' id='word_1_154' title='bbox 965 2592 1035 2645; x_wconf 84' lang='lat' dir='ltr'><strong>At</strong></span> <span class='ocrx_word' id='word_1_155' title='bbox 1064 2607 1172 2645; x_wconf 90' lang='lat' dir='ltr'><strong>non</strong></span> <span class='ocrx_word' id='word_1_156' title='bbox 1205 2593 1258 2645; x_wconf 94' lang='lat' dir='ltr'><strong>in</strong></span> <span class='ocrx_word' id='word_1_157' title='bbox 1303 2593 1385 2646; x_wconf 89' lang='lat' dir='ltr'><strong>his</strong></span> <span class='ocrx_word' id='word_1_158' title='bbox 1423 2593 1553 2646; x_wconf 89' lang='lat' dir='ltr'><strong>solis</strong></span> <span class='ocrx_word' id='word_1_159' title='bbox 1592 2591 1768 2647; x_wconf 88' lang='lat' dir='ltr'><strong>Lucas</strong></span> <span class='ocrx_word' id='word_1_160' title='bbox 1808 2593 2032 2664; x_wconf 80' lang='lat' dir='ltr'><strong>gratiam</strong></span> <span class='ocrx_word' id='word_1_161' title='bbox 2064 2594 2303 2665; x_wconf 86' lang='lat' dir='ltr'><strong>Spiritus</strong></span> 
     </span>
    </p>
   </div>
   <div class='ocr_carea' id='block_1_26' title="bbox 732 2684 2301 2758">
    <p class='ocr_par' dir='ltr' id='par_1_26' title="bbox 732 2684 2301 2758">
     <span class='ocr_line' id='line_1_26' title="bbox 732 2684 2301 2758; baseline 0.004 -21"><span class='ocrx_word' id='word_1_162' title='bbox 732 2698 852 2752; x_wconf 61' lang='lat' dir='ltr'><strong>qua</strong></span> <span class='ocrx_word' id='word_1_163' title='bbox 875 2684 926 2736; x_wconf 89' lang='lat' dir='ltr'><strong>in</strong></span> <span class='ocrx_word' id='word_1_164' title='bbox 950 2701 1008 2737; x_wconf 86' lang='lat' dir='ltr'><strong>se</strong></span> <span class='ocrx_word' id='word_1_165' title='bbox 1021 2693 1136 2738; x_wconf 90' lang='lat' dir='ltr'><strong>erat</strong></span> <span class='ocrx_word' id='word_1_166' title='bbox 1153 2685 1464 2748; x_wconf 86' lang='lat' dir='ltr'><strong>coarctavit,</strong></span> <span class='ocrx_word' id='word_1_167' title='bbox 1488 2700 1661 2752; x_wconf 91' lang='lat' dir='ltr'><strong>neque</strong></span> <span class='ocrx_word' id='word_1_168' title='bbox 1680 2687 1744 2739; x_wconf 91' lang='lat' dir='ltr'><strong>ad</strong></span> <span class='ocrx_word' id='word_1_169' title='bbox 1763 2687 1934 2739; x_wconf 89' lang='lat' dir='ltr'><strong>solum</strong></span> <span class='ocrx_word' id='word_1_170' title='bbox 1955 2688 2301 2758; x_wconf 83' lang='lat' dir='ltr'><strong>Evangelium</strong></span> 
     </span>
    </p>
   </div>
   <div class='ocr_carea' id='block_1_27' title="bbox 737 2772 2301 2844">
    <p class='ocr_par' dir='ltr' id='par_1_27' title="bbox 737 2772 2301 2844">
     <span class='ocr_line' id='line_1_27' title="bbox 737 2772 2301 2844; baseline 0.001 -18"><span class='ocrx_word' id='word_1_171' title='bbox 737 2775 822 2826; x_wconf 90' lang='lat' dir='ltr'><strong>hic</strong></span> <span class='ocrx_word' id='word_1_172' title='bbox 853 2774 1257 2829; x_wconf 88' lang='lat' dir='ltr'><strong>ministrantem</strong></span> <span class='ocrx_word' id='word_1_173' title='bbox 1284 2772 1472 2826; x_wconf 87' lang='lat' dir='ltr'><strong>habuit</strong></span> <span class='ocrx_word' id='word_1_174' title='bbox 1521 2772 1776 2844; x_wconf 86' lang='lat' dir='ltr'><strong>linguam,</strong></span> <span class='ocrx_word' id='word_1_175' title='bbox 1833 2774 1928 2828; x_wconf 91' lang='lat' dir='ltr'><strong>sed</strong></span> <span class='ocrx_word' id='word_1_176' title='bbox 1979 2784 2100 2844; x_wconf 88' lang='lat' dir='ltr'><strong>post</strong></span> <span class='ocrx_word' id='word_1_177' title='bbox 2142 2775 2301 2830; x_wconf 86' lang='lat' dir='ltr'><strong>finem</strong></span> 
     </span>
    </p>
   </div>
   <div class='ocr_carea' id='block_1_28' title="bbox 735 2864 2304 2934">
    <p class='ocr_par' dir='ltr' id='par_1_28' title="bbox 735 2864 2304 2934">
     <span class='ocr_line' id='line_1_28' title="bbox 735 2864 2304 2934; baseline 0.001 -16"><span class='ocrx_word' id='word_1_178' title='bbox 735 2866 1116 2919; x_wconf 86' lang='lat' dir='ltr'><strong>miraculorum</strong></span> <span class='ocrx_word' id='word_1_179' title='bbox 1158 2864 1383 2929; x_wconf 86' lang='lat' dir='ltr'><strong>Christi,</strong></span> <span class='ocrx_word' id='word_1_180' title='bbox 1437 2864 1598 2918; x_wconf 87' lang='lat' dir='ltr'><strong>etiam</strong></span> <span class='ocrx_word' id='word_1_181' title='bbox 1663 2868 2034 2934; x_wconf 88' lang='lat' dir='ltr'><strong>apostolorum</strong></span> <span class='ocrx_word' id='word_1_182' title='bbox 2079 2867 2304 2934; x_wconf 84' lang='lat' dir='ltr'><strong>exponit</strong></span> 
     </span>
    </p>
   </div>
   <div class='ocr_carea' id='block_1_29' title="bbox 733 2955 2300 3024">
    <p class='ocr_par' dir='ltr' id='par_1_29' title="bbox 733 2955 2300 3024">
     <span class='ocr_line' id='line_1_29' title="bbox 733 2955 2300 3024; baseline 0.003 -16"><span class='ocrx_word' id='word_1_183' title='bbox 733 2957 980 3010; x_wconf 79' lang='lat' dir='ltr'><strong>actiones</strong></span> <span class='ocrx_word' id='word_1_184' title='bbox 1010 2975 1024 3022; x_wconf 85' lang='lat'><strong>;</strong></span> <span class='ocrx_word' id='word_1_185' title='bbox 1053 2967 1105 3009; x_wconf 90' lang='lat' dir='ltr'><strong>et</strong></span> <span class='ocrx_word' id='word_1_186' title='bbox 1141 2959 1372 3024; x_wconf 89' lang='lat' dir='ltr'><strong>primum</strong></span> <span class='ocrx_word' id='word_1_187' title='bbox 1406 2957 1640 3009; x_wconf 87' lang='lat' dir='ltr'><strong>divinam</strong></span> <span class='ocrx_word' id='word_1_188' title='bbox 1677 2955 1974 3010; x_wconf 69' lang='lat' dir='ltr'><strong>Sali-atoris</strong></span> <span class='ocrx_word' id='word_1_189' title='bbox 2020 2960 2072 3010; x_wconf 88' lang='lat' dir='ltr'><strong>in</strong></span> <span class='ocrx_word' id='word_1_190' title='bbox 2105 2959 2300 3012; x_wconf 67' lang='lat' dir='ltr'><strong>coelum</strong></span> 
     </span>
    </p>
   </div>
   <div class='ocr_carea' id='block_1_30' title="bbox 735 3048 2302 3120">
    <p class='ocr_par' dir='ltr' id='par_1_30' title="bbox 735 3048 2302 3120">
     <span class='ocr_line' id='line_1_30' title="bbox 735 3048 2302 3120; baseline 0.001 -17"><span class='ocrx_word' id='word_1_191' title='bbox 735 3052 1169 3117; x_wconf 86' lang='lat' dir='ltr'><strong>assumptionem</strong></span> <span class='ocrx_word' id='word_1_192' title='bbox 1209 3065 1222 3100; x_wconf 86' lang='lat'><strong>:</strong></span> <span class='ocrx_word' id='word_1_193' title='bbox 1253 3049 1449 3102; x_wconf 89' lang='lat' dir='ltr'><strong>deinde</strong></span> <span class='ocrx_word' id='word_1_194' title='bbox 1477 3063 1640 3117; x_wconf 88' lang='lat' dir='ltr'><strong>super</strong></span> <span class='ocrx_word' id='word_1_195' title='bbox 1675 3048 1820 3117; x_wconf 91' lang='lat' dir='ltr'><strong>ipsos</strong></span> <span class='ocrx_word' id='word_1_196' title='bbox 1848 3050 1899 3100; x_wconf 90' lang='lat' dir='ltr'><strong>in</strong></span> <span class='ocrx_word' id='word_1_197' title='bbox 1937 3049 2075 3118; x_wconf 83' lang='lat' dir='ltr'><strong>ignis</strong></span> <span class='ocrx_word' id='word_1_198' title='bbox 2104 3050 2302 3120; x_wconf 79' lang='lat' dir='ltr'><strong>linguis</strong></span> 
     </span>
    </p>
   </div>
   <div class='ocr_carea' id='block_1_31' title="bbox 736 3141 2300 3212">
    <p class='ocr_par' dir='ltr' id='par_1_31' title="bbox 736 3141 2300 3212">
     <span class='ocr_line' id='line_1_31' title="bbox 736 3141 2300 3212; baseline 0.001 -16"><span class='ocrx_word' id='word_1_199' title='bbox 736 3142 972 3211; x_wconf 83' lang='lat' dir='ltr'><strong>Spiritus</strong></span> <span class='ocrx_word' id='word_1_200' title='bbox 1005 3142 1330 3196; x_wconf 86' lang='lat' dir='ltr'><strong>descensum</strong></span> <span class='ocrx_word' id='word_1_201' title='bbox 1365 3142 1609 3196; x_wconf 66' lang='lat' dir='ltr'><strong>{deliine</strong></span> <span class='ocrx_word' id='word_1_202' title='bbox 1655 3142 1728 3196; x_wconf 87' lang='lat' dir='ltr'><strong>ita</strong></span> <span class='ocrx_word' id='word_1_203' title='bbox 1774 3141 2032 3211; x_wconf 85' lang='lat' dir='ltr'><strong>Stephani</strong></span> <span class='ocrx_word' id='word_1_204' title='bbox 2095 3144 2300 3212; x_wconf 87' lang='lat' dir='ltr'><strong>lapida-</strong></span> 
     </span>
    </p>
   </div>
   <div class='ocr_carea' id='block_1_32' title="bbox 736 3206 2373 3302">
    <p class='ocr_par' dir='ltr' id='par_1_32' title="bbox 736 3206 2373 3302">
     <span class='ocr_line' id='line_1_32' title="bbox 736 3206 2373 3302; baseline 0.001 -15"><span class='ocrx_word' id='word_1_205' title='bbox 736 3237 964 3302; x_wconf 82' lang='lat' dir='ltr'><strong>tionem,</strong></span> <span class='ocrx_word' id='word_1_206' title='bbox 991 3233 1142 3288; x_wconf 87' lang='lat' dir='ltr'><strong>Pauli</strong></span> <span class='ocrx_word' id='word_1_207' title='bbox 1169 3235 1605 3297; x_wconf 81' lang='lat' dir='ltr'><strong>conversionem,</strong></span> <span class='ocrx_word' id='word_1_208' title='bbox 1646 3250 1843 3302; x_wconf 84' lang='lat' dir='ltr'><strong>nempe</strong></span> <span class='ocrx_word' id='word_1_209' title='bbox 1882 3252 1976 3302; x_wconf 89' lang='lat' dir='ltr'><strong>per</strong></span> <span class='ocrx_word' id='word_1_210' title='bbox 2025 3236 2301 3289; x_wconf 90' lang='lat' dir='ltr'><strong>Christum</strong></span> <span class='ocrx_word' id='word_1_211' title='bbox 2330 3206 2373 3266; x_wconf 66' lang='grc' dir='ltr'><strong>Ο</strong></span> 
     </span>
    </p>
   </div>
   <div class='ocr_carea' id='block_1_33' title="bbox 735 3325 2302 3386">
    <p class='ocr_par' dir='ltr' id='par_1_33' title="bbox 735 3325 2302 3386">
     <span class='ocr_line' id='line_1_33' title="bbox 735 3325 2302 3386; baseline 0 -6"><span class='ocrx_word' id='word_1_212' title='bbox 735 3331 931 3382; x_wconf 84' lang='lat' dir='ltr'><strong>factam</strong></span> <span class='ocrx_word' id='word_1_213' title='bbox 963 3327 1030 3381; x_wconf 90' lang='lat' dir='ltr'><strong>de</strong></span> <span class='ocrx_word' id='word_1_214' title='bbox 1062 3325 1216 3380; x_wconf 61' lang='lat' dir='ltr'><strong>caelis</strong></span> <span class='ocrx_word' id='word_1_215' title='bbox 1246 3326 1605 3386; x_wconf 87' lang='lat' dir='ltr'><strong>vocationem,</strong></span> <span class='ocrx_word' id='word_1_216' title='bbox 1643 3335 1697 3378; x_wconf 95' lang='lat' dir='ltr'><strong>et</strong></span> <span class='ocrx_word' id='word_1_217' title='bbox 1736 3326 2019 3380; x_wconf 85' lang='lat' dir='ltr'><strong>transitum</strong></span> <span class='ocrx_word' id='word_1_218' title='bbox 2053 3343 2080 3378; x_wconf 89' lang='lat' dir='ltr'><strong>a</strong></span> <span class='ocrx_word' id='word_1_219' title='bbox 2128 3327 2302 3380; x_wconf 87' lang='lat' dir='ltr'><strong>littera</strong></span> 
     </span>
    </p>
   </div>
   <div class='ocr_carea' id='block_1_34' title="bbox 731 3417 2305 3487">
    <p class='ocr_par' dir='ltr' id='par_1_34' title="bbox 731 3417 2305 3487">
     <span class='ocr_line' id='line_1_34' title="bbox 731 3417 2305 3487; baseline -0.001 -15"><span class='ocrx_word' id='word_1_220' title='bbox 731 3419 797 3472; x_wconf 82' lang='lat' dir='ltr'><strong>ad</strong></span> <span class='ocrx_word' id='word_1_221' title='bbox 841 3417 1092 3487; x_wconf 88' lang='lat' dir='ltr'><strong>spiritum</strong></span> <span class='ocrx_word' id='word_1_222' title='bbox 1131 3435 1142 3470; x_wconf 91' lang='lat'><strong>:</strong></span> <span class='ocrx_word' id='word_1_223' title='bbox 1173 3417 1333 3484; x_wconf 88' lang='lat' dir='ltr'><strong>lmjus</strong></span> <span class='ocrx_word' id='word_1_224' title='bbox 1365 3417 1419 3469; x_wconf 91' lang='lat' dir='ltr'><strong>in</strong></span> <span class='ocrx_word' id='word_1_225' title='bbox 1453 3417 1678 3485; x_wconf 77' lang='lat' dir='ltr'><strong>singulis</strong></span> <span class='ocrx_word' id='word_1_226' title='bbox 1711 3418 1844 3472; x_wconf 89' lang='lat' dir='ltr'><strong>locis</strong></span> <span class='ocrx_word' id='word_1_227' title='bbox 1880 3419 2090 3471; x_wconf 79' lang='lat' dir='ltr'><strong>vincula</strong></span> <span class='ocrx_word' id='word_1_228' title='bbox 2115 3457 2130 3483; x_wconf 90' lang='lat'><strong>,</strong></span> <span class='ocrx_word' id='word_1_229' title='bbox 2189 3433 2305 3471; x_wconf 86' lang='lat' dir='ltr'><strong>ear-</strong></span> 
     </span>
    </p>
   </div>
   <div class='ocr_carea' id='block_1_35' title="bbox 731 3508 2304 3579">
    <p class='ocr_par' dir='ltr' id='par_1_35' title="bbox 731 3508 2304 3579">
     <span class='ocr_line' id='line_1_35' title="bbox 731 3508 2304 3579; baseline 0 -18"><span class='ocrx_word' id='word_1_230' title='bbox 731 3524 907 3574; x_wconf 70' lang='lat' dir='ltr'><strong>CEJ‘CS,</strong></span> <span class='ocrx_word' id='word_1_231' title='bbox 941 3509 1144 3578; x_wconf 77' lang='lat' dir='ltr'><strong>plagas,</strong></span> <span class='ocrx_word' id='word_1_232' title='bbox 1179 3508 1590 3575; x_wconf 83' lang='lat' dir='ltr'><strong>ﬂagellationes,</strong></span> <span class='ocrx_word' id='word_1_233' title='bbox 1637 3511 1816 3563; x_wconf 80' lang='lat' dir='ltr'><strong>varias</strong></span> <span class='ocrx_word' id='word_1_234' title='bbox 1867 3510 2109 3579; x_wconf 86' lang='lat' dir='ltr'><strong>gentium</strong></span> <span class='ocrx_word' id='word_1_235' title='bbox 2173 3511 2304 3562; x_wconf 84' lang='lat' dir='ltr'><strong>insi-</strong></span> 
     </span>
    </p>
   </div>
   <div class='ocr_carea' id='block_1_36' title="bbox 731 3601 2301 3672">
    <p class='ocr_par' dir='ltr' id='par_1_36' title="bbox 731 3601 2301 3672">
     <span class='ocr_line' id='line_1_36' title="bbox 731 3601 2301 3672; baseline -0.003 -13"><span class='ocrx_word' id='word_1_236' title='bbox 731 3604 877 3669; x_wconf 83' lang='lat' dir='ltr'><strong>dias;</strong></span> <span class='ocrx_word' id='word_1_237' title='bbox 906 3603 1180 3672; x_wconf 82' lang='lat' dir='ltr'><strong>quomodo</strong></span> <span class='ocrx_word' id='word_1_238' title='bbox 1211 3602 1277 3655; x_wconf 89' lang='lat' dir='ltr'><strong>ab</strong></span> <span class='ocrx_word' id='word_1_239' title='bbox 1311 3602 1695 3672; x_wconf 82' lang='lat' dir='ltr'><strong>Hierosolymis</strong></span> <span class='ocrx_word' id='word_1_240' title='bbox 1730 3601 1951 3652; x_wconf 81' lang='lat' dir='ltr'><strong>Romam</strong></span> <span class='ocrx_word' id='word_1_241' title='bbox 1979 3603 2301 3668; x_wconf 78' lang='lat' dir='ltr'><strong>pervenerit,</strong></span> 
     </span>
    </p>
   </div>
   <div class='ocr_carea' id='block_1_37' title="bbox 732 3692 2301 3762">
    <p class='ocr_par' dir='ltr' id='par_1_37' title="bbox 732 3692 2301 3762">
     <span class='ocr_line' id='line_1_37' title="bbox 732 3692 2301 3762; baseline -0.001 -14"><span class='ocrx_word' id='word_1_242' title='bbox 732 3696 946 3749; x_wconf 86' lang='lat' dir='ltr'><strong>labores</strong></span> <span class='ocrx_word' id='word_1_243' title='bbox 978 3695 1033 3747; x_wconf 89' lang='lat' dir='ltr'><strong>in</strong></span> <span class='ocrx_word' id='word_1_244' title='bbox 1069 3693 1225 3756; x_wconf 84' lang='lat' dir='ltr'><strong>mari,</strong></span> <span class='ocrx_word' id='word_1_245' title='bbox 1256 3692 1597 3756; x_wconf 83' lang='lat' dir='ltr'><strong>amictiones,</strong></span> <span class='ocrx_word' id='word_1_246' title='bbox 1637 3692 1896 3762; x_wconf 88' lang='lat' dir='ltr'><strong>pericula,</strong></span> <span class='ocrx_word' id='word_1_247' title='bbox 1943 3693 2301 3757; x_wconf 87' lang='lat' dir='ltr'><strong>calamitates,</strong></span> 
     </span>
    </p>
   </div>
   <div class='ocr_carea' id='block_1_38' title="bbox 730 3783 2304 3853">
    <p class='ocr_par' dir='ltr' id='par_1_38' title="bbox 730 3783 2304 3853">
     <span class='ocr_line' id='line_1_38' title="bbox 730 3783 2304 3853; baseline -0.001 -16"><span class='ocrx_word' id='word_1_248' title='bbox 730 3783 1058 3853; x_wconf 81' lang='lat' dir='ltr'><strong>naufragia:</strong></span> <span class='ocrx_word' id='word_1_249' title='bbox 1088 3799 1322 3850; x_wconf 84' lang='lat' dir='ltr'><strong>quorum</strong></span> <span class='ocrx_word' id='word_1_250' title='bbox 1362 3799 1472 3835; x_wconf 90' lang='lat' dir='ltr'><strong>non</strong></span> <span class='ocrx_word' id='word_1_251' title='bbox 1514 3791 1790 3850; x_wconf 87' lang='lat' dir='ltr'><strong>spectator</strong></span> <span class='ocrx_word' id='word_1_252' title='bbox 1832 3793 2061 3845; x_wconf 88' lang='lat' dir='ltr'><strong>tantum,</strong></span> <span class='ocrx_word' id='word_1_253' title='bbox 2108 3785 2201 3836; x_wconf 90' lang='lat' dir='ltr'><strong>sed</strong></span> <span class='ocrx_word' id='word_1_254' title='bbox 2251 3792 2304 3836; x_wconf 88' lang='lat' dir='ltr'><strong>et</strong></span> 
     </span>
    </p>
   </div>
   <div class='ocr_carea' id='block_1_39' title="bbox 733 3871 2302 3943">
    <p class='ocr_par' dir='ltr' id='par_1_39' title="bbox 733 3871 2302 3943">
     <span class='ocr_line' id='line_1_39' title="bbox 733 3871 2302 3943; baseline -0.001 -15"><span class='ocrx_word' id='word_1_255' title='bbox 733 3875 1004 3943; x_wconf 83' lang='lat' dir='ltr'><strong>particeps</strong></span> <span class='ocrx_word' id='word_1_256' title='bbox 1039 3873 1259 3927; x_wconf 89' lang='lat' dir='ltr'><strong>fuerat:</strong></span> <span class='ocrx_word' id='word_1_257' title='bbox 1291 3881 1453 3942; x_wconf 91' lang='lat' dir='ltr'><strong>atque</strong></span> <span class='ocrx_word' id='word_1_258' title='bbox 1501 3871 1570 3925; x_wconf 91' lang='lat' dir='ltr'><strong>ob</strong></span> <span class='ocrx_word' id='word_1_259' title='bbox 1604 3872 1655 3926; x_wconf 91' lang='lat' dir='ltr'><strong>id</strong></span> <span class='ocrx_word' id='word_1_260' title='bbox 1695 3872 1925 3942; x_wconf 79' lang='lat' dir='ltr'><strong>diligens</strong></span> <span class='ocrx_word' id='word_1_261' title='bbox 1983 3884 2065 3927; x_wconf 87' lang='lat' dir='ltr'><strong>est</strong></span> <span class='ocrx_word' id='word_1_262' title='bbox 2111 3873 2302 3928; x_wconf 82' lang='lat' dir='ltr'><strong>borum</strong></span> 
     </span>
    </p>
   </div>
   <div class='ocr_carea' id='block_1_40' title="bbox 728 3961 2301 4034">
    <p class='ocr_par' dir='ltr' id='par_1_40' title="bbox 728 3961 2301 4034">
     <span class='ocr_line' id='line_1_40' title="bbox 728 3961 2301 4034; baseline -0.003 -12"><span class='ocrx_word' id='word_1_263' title='bbox 728 3976 1040 4022; x_wconf 85' lang='lat' dir='ltr'><strong>enarrator.</strong></span> <span class='ocrx_word' id='word_1_264' title='bbox 1076 3965 1179 4019; x_wconf 86' lang='lat' dir='ltr'><strong>Sed</strong></span> <span class='ocrx_word' id='word_1_265' title='bbox 1205 3964 1372 4020; x_wconf 88' lang='lat' dir='ltr'><strong>Paulo</strong></span> <span class='ocrx_word' id='word_1_266' title='bbox 1401 3964 1622 4034; x_wconf 80' lang='lat' dir='ltr'><strong>quidem</strong></span> <span class='ocrx_word' id='word_1_267' title='bbox 1664 3961 1849 4018; x_wconf 67' lang='lat' dir='ltr'><strong>Romae</strong></span> <span class='ocrx_word' id='word_1_268' title='bbox 1903 3965 2115 4029; x_wconf 89' lang='lat' dir='ltr'><strong>relicto,</strong></span> <span class='ocrx_word' id='word_1_269' title='bbox 2179 3982 2301 4019; x_wconf 88' lang='lat' dir='ltr'><strong>rur-</strong></span> 
     </span>
    </p>
   </div>
   <div class='ocr_carea' id='block_1_41' title="bbox 729 4057 2300 4127">
    <p class='ocr_par' dir='ltr' id='par_1_41' title="bbox 729 4057 2300 4127">
     <span class='ocr_line' id='line_1_41' title="bbox 729 4057 2300 4127; baseline 0 -14"><span class='ocrx_word' id='word_1_270' title='bbox 729 4077 849 4115; x_wconf 85' lang='lat' dir='ltr'><strong>sum</strong></span> <span class='ocrx_word' id='word_1_271' title='bbox 900 4061 986 4114; x_wconf 77' lang='lat' dir='ltr'><strong>hic</strong></span> <span class='ocrx_word' id='word_1_272' title='bbox 1015 4059 1081 4112; x_wconf 86' lang='lat' dir='ltr'><strong>ad</strong></span> <span class='ocrx_word' id='word_1_273' title='bbox 1117 4057 1396 4112; x_wconf 90' lang='lat' dir='ltr'><strong>Orientem</strong></span> <span class='ocrx_word' id='word_1_274' title='bbox 1444 4059 1695 4120; x_wconf 88' lang='lat' dir='ltr'><strong>discedit,</strong></span> <span class='ocrx_word' id='word_1_275' title='bbox 1761 4065 2033 4125; x_wconf 88' lang='lat' dir='ltr'><strong>totamque</strong></span> <span class='ocrx_word' id='word_1_276' title='bbox 2083 4058 2300 4127; x_wconf 84' lang='lat' dir='ltr'><strong>Libyam</strong></span> 
     </span>
    </p>
   </div>
   <div class='ocr_carea' id='block_1_42' title="bbox 730 4147 2301 4220">
    <p class='ocr_par' dir='ltr' id='par_1_42' title="bbox 730 4147 2301 4220">
     <span class='ocr_line' id='line_1_42' title="bbox 730 4147 2301 4220; baseline -0.001 -16"><span class='ocrx_word' id='word_1_277' title='bbox 730 4164 1062 4220; x_wconf 84' lang='lat' dir='ltr'><strong>percurrens</strong></span> <span class='ocrx_word' id='word_1_278' title='bbox 1094 4150 1147 4203; x_wconf 88' lang='lat' dir='ltr'><strong>in</strong></span> <span class='ocrx_word' id='word_1_279' title='bbox 1175 4147 1467 4218; x_wconf 63' lang='lat' dir='ltr'><strong>IEgyptum</strong></span> <span class='ocrx_word' id='word_1_280' title='bbox 1501 4147 1750 4216; x_wconf 62' lang='lat' dir='ltr'><strong>pervenit</strong></span> <span class='ocrx_word' id='word_1_281' title='bbox 1784 4167 1794 4201; x_wconf 94' lang='lat'><strong>:</strong></span> <span class='ocrx_word' id='word_1_282' title='bbox 1823 4156 2020 4201; x_wconf 87' lang='lat' dir='ltr'><strong>etcum</strong></span> <span class='ocrx_word' id='word_1_283' title='bbox 2054 4149 2301 4217; x_wconf 90' lang='lat' dir='ltr'><strong>superio-</strong></span> 
     </span>
    </p>
   </div>
   <div class='ocr_carea' id='block_1_43' title="bbox 731 4238 2303 4306">
    <p class='ocr_par' dir='ltr' id='par_1_43' title="bbox 731 4238 2303 4306">
     <span class='ocr_line' id='line_1_43' title="bbox 731 4238 2303 4306; baseline 0.001 -11"><span class='ocrx_word' id='word_1_284' title='bbox 731 4258 845 4296; x_wconf 90' lang='lat' dir='ltr'><strong>rem</strong></span> <span class='ocrx_word' id='word_1_285' title='bbox 876 4240 1152 4296; x_wconf 85' lang='lat' dir='ltr'><strong>Thebaida</strong></span> <span class='ocrx_word' id='word_1_286' title='bbox 1177 4241 1317 4294; x_wconf 85' lang='lat' dir='ltr'><strong>intra</strong></span> <span class='ocrx_word' id='word_1_287' title='bbox 1350 4255 1502 4294; x_wconf 87' lang='lat' dir='ltr'><strong>suam</strong></span> <span class='ocrx_word' id='word_1_288' title='bbox 1532 4238 1838 4293; x_wconf 91' lang='lat' dir='ltr'><strong>doctrinam</strong></span> <span class='ocrx_word' id='word_1_289' title='bbox 1883 4239 2197 4306; x_wconf 87' lang='lat' dir='ltr'><strong>recepisset,</strong></span> <span class='ocrx_word' id='word_1_290' title='bbox 2242 4256 2303 4296; x_wconf 87' lang='lat' dir='ltr'><strong>ac</strong></span> 
     </span>
    </p>
   </div>
   <div class='ocr_carea' id='block_1_44' title="bbox 731 4329 2278 4404">
    <p class='ocr_par' dir='ltr' id='par_1_44' title="bbox 731 4329 2278 4404">
     <span class='ocr_line' id='line_1_44' title="bbox 731 4329 2278 4404; baseline -0.001 -17"><span class='ocrx_word' id='word_1_291' title='bbox 731 4334 797 4388; x_wconf 87' lang='lat' dir='ltr'><strong>ad</strong></span> <span class='ocrx_word' id='word_1_292' title='bbox 837 4331 1154 4404; x_wconf 80' lang='lat' dir='ltr'><strong>Magistrum</strong></span> <span class='ocrx_word' id='word_1_293' title='bbox 1184 4347 1281 4401; x_wconf 89' lang='lat' dir='ltr'><strong>per</strong></span> <span class='ocrx_word' id='word_1_294' title='bbox 1317 4330 1668 4400; x_wconf 86' lang='lat' dir='ltr'><strong>Evangelium</strong></span> <span class='ocrx_word' id='word_1_295' title='bbox 1711 4329 2046 4396; x_wconf 83' lang='lat' dir='ltr'><strong>adduxisset,</strong></span> <span class='ocrx_word' id='word_1_296' title='bbox 2085 4331 2278 4387; x_wconf 82' lang='lat' dir='ltr'><strong>inferio</strong></span> 
     </span>
    </p>
   </div>
   <div class='ocr_carea' id='block_1_45' title="bbox 730 4423 2299 4493">
    <p class='ocr_par' dir='ltr' id='par_1_45' title="bbox 730 4423 2299 4493">
     <span class='ocr_line' id='line_1_45' title="bbox 730 4423 2299 4493; baseline -0.001 -14"><span class='ocrx_word' id='word_1_297' title='bbox 730 4441 844 4481; x_wconf 90' lang='lat' dir='ltr'><strong>rem</strong></span> <span class='ocrx_word' id='word_1_298' title='bbox 871 4424 1146 4479; x_wconf 82' lang='lat' dir='ltr'><strong>Thebaida</strong></span> <span class='ocrx_word' id='word_1_299' title='bbox 1175 4434 1383 4493; x_wconf 87' lang='lat' dir='ltr'><strong>septem</strong></span> <span class='ocrx_word' id='word_1_300' title='bbox 1406 4433 1686 4491; x_wconf 83' lang='lat' dir='ltr'><strong>portarum</strong></span> <span class='ocrx_word' id='word_1_301' title='bbox 1739 4423 2013 4477; x_wconf 81' lang='lat' dir='ltr'><strong>civitatem</strong></span> <span class='ocrx_word' id='word_1_302' title='bbox 2070 4425 2299 4491; x_wconf 89' lang='lat' dir='ltr'><strong>accedit,</strong></span> 
     </span>
    </p>
   </div>
   <div class='ocr_carea' id='block_1_46' title="bbox 731 4513 2301 4587">
    <p class='ocr_par' dir='ltr' id='par_1_46' title="bbox 731 4513 2301 4587">
     <span class='ocr_line' id='line_1_46' title="bbox 731 4513 2301 4587; baseline -0.001 -18"><span class='ocrx_word' id='word_1_303' title='bbox 731 4520 785 4572; x_wconf 89' lang='lat' dir='ltr'><strong>in</strong></span> <span class='ocrx_word' id='word_1_304' title='bbox 820 4532 924 4587; x_wconf 89' lang='lat' dir='ltr'><strong>qua</strong></span> <span class='ocrx_word' id='word_1_305' title='bbox 958 4521 1120 4570; x_wconf 80' lang='lat' dir='ltr'><strong>etiam</strong></span> <span class='ocrx_word' id='word_1_306' title='bbox 1151 4513 1396 4583; x_wconf 82' lang='lat' dir='ltr'><strong>pontifex</strong></span> <span class='ocrx_word' id='word_1_307' title='bbox 1423 4529 1485 4569; x_wconf 92' lang='lat' dir='ltr'><strong>ac</strong></span> <span class='ocrx_word' id='word_1_308' title='bbox 1517 4524 1703 4584; x_wconf 90' lang='lat' dir='ltr'><strong>pastor</strong></span> <span class='ocrx_word' id='word_1_309' title='bbox 1735 4529 1763 4567; x_wconf 92' lang='lat' dir='ltr'><strong>a</strong></span> <span class='ocrx_word' id='word_1_310' title='bbox 1791 4513 1993 4583; x_wconf 89' lang='lat' dir='ltr'><strong>Spiritu</strong></span> <span class='ocrx_word' id='word_1_311' title='bbox 2029 4518 2301 4583; x_wconf 67' lang='lat' dir='ltr'><strong>prmponi-</strong></span> 
     </span>
    </p>
   </div>
   <div class='ocr_carea' id='block_1_47' title="bbox 733 4606 2302 4676">
    <p class='ocr_par' dir='ltr' id='par_1_47' title="bbox 733 4606 2302 4676">
     <span class='ocr_line' id='line_1_47' title="bbox 733 4606 2302 4676; baseline 0.001 -15"><span class='ocrx_word' id='word_1_312' title='bbox 733 4611 845 4661; x_wconf 86' lang='lat' dir='ltr'><strong>tur.</strong></span> <span class='ocrx_word' id='word_1_313' title='bbox 910 4607 1112 4662; x_wconf 87' lang='lat' dir='ltr'><strong>Statnis</strong></span> <span class='ocrx_word' id='word_1_314' title='bbox 1162 4606 1500 4676; x_wconf 86' lang='lat' dir='ltr'><strong>impurisque</strong></span> <span class='ocrx_word' id='word_1_315' title='bbox 1574 4609 1883 4661; x_wconf 75' lang='lat' dir='ltr'><strong>daemonum</strong></span> <span class='ocrx_word' id='word_1_316' title='bbox 1940 4607 2181 4662; x_wconf 89' lang='lat' dir='ltr'><strong>delubris</strong></span> <span class='ocrx_word' id='word_1_317' title='bbox 2248 4608 2302 4662; x_wconf 90' lang='lat' dir='ltr'><strong>in</strong></span> 
     </span>
    </p>
   </div>
   <div class='ocr_carea' id='block_1_48' title="bbox 735 4701 2301 4770">
    <p class='ocr_par' dir='ltr' id='par_1_48' title="bbox 735 4701 2301 4770">
     <span class='ocr_line' id='line_1_48' title="bbox 735 4701 2301 4770; baseline -0.001 -14"><span class='ocrx_word' id='word_1_318' title='bbox 735 4707 934 4756; x_wconf 83' lang='lat' dir='ltr'><strong>terram</strong></span> <span class='ocrx_word' id='word_1_319' title='bbox 966 4703 1193 4768; x_wconf 64' lang='lat' dir='ltr'><strong>deiectis</strong></span> <span class='ocrx_word' id='word_1_320' title='bbox 1230 4702 1303 4770; x_wconf 71' lang='lat' dir='ltr'><strong>(id</strong></span> <span class='ocrx_word' id='word_1_321' title='bbox 1336 4702 1481 4752; x_wconf 89' lang='lat' dir='ltr'><strong>enim</strong></span> <span class='ocrx_word' id='word_1_322' title='bbox 1508 4701 1688 4752; x_wconf 86' lang='lat' dir='ltr'><strong>studio</strong></span> <span class='ocrx_word' id='word_1_323' title='bbox 1721 4701 1822 4752; x_wconf 91' lang='lat' dir='ltr'><strong>sibi</strong></span> <span class='ocrx_word' id='word_1_324' title='bbox 1855 4710 1993 4763; x_wconf 89' lang='lat' dir='ltr'><strong>erat,</strong></span> <span class='ocrx_word' id='word_1_325' title='bbox 2027 4712 2085 4754; x_wconf 92' lang='lat' dir='ltr'><strong>ut</strong></span> <span class='ocrx_word' id='word_1_326' title='bbox 2146 4718 2301 4756; x_wconf 88' lang='lat' dir='ltr'><strong>erro-</strong></span> 
     </span>
    </p>
   </div>
   <div class='ocr_carea' id='block_1_49' title="bbox 735 4791 2304 4862">
    <p class='ocr_par' dir='ltr' id='par_1_49' title="bbox 735 4791 2304 4862">
     <span class='ocr_line' id='line_1_49' title="bbox 735 4791 2304 4862; baseline 0.001 -16"><span class='ocrx_word' id='word_1_327' title='bbox 735 4808 848 4846; x_wconf 90' lang='lat' dir='ltr'><strong>rem</strong></span> <span class='ocrx_word' id='word_1_328' title='bbox 877 4794 1001 4847; x_wconf 83' lang='lat' dir='ltr'><strong>totis</strong></span> <span class='ocrx_word' id='word_1_329' title='bbox 1032 4793 1176 4862; x_wconf 82' lang='lat' dir='ltr'><strong>quod</strong></span> <span class='ocrx_word' id='word_1_330' title='bbox 1212 4792 1361 4845; x_wconf 90' lang='lat' dir='ltr'><strong>aiunt</strong></span> <span class='ocrx_word' id='word_1_331' title='bbox 1395 4792 1620 4861; x_wconf 89' lang='lat' dir='ltr'><strong>pedibus</strong></span> <span class='ocrx_word' id='word_1_332' title='bbox 1650 4791 1943 4861; x_wconf 79' lang='lat' dir='ltr'><strong>fugientem</strong></span> <span class='ocrx_word' id='word_1_333' title='bbox 1967 4793 2304 4847; x_wconf 87' lang='lat' dir='ltr'><strong>demonstra-</strong></span> 
     </span>
    </p>
   </div>
   <div class='ocr_carea' id='block_1_50' title="bbox 733 4884 2307 4953">
    <p class='ocr_par' dir='ltr' id='par_1_50' title="bbox 733 4884 2307 4953">
     <span class='ocr_line' id='line_1_50' title="bbox 733 4884 2307 4953; baseline 0.001 -17"><span class='ocrx_word' id='word_1_334' title='bbox 733 4886 858 4952; x_wconf 91' lang='lat' dir='ltr'><strong>ret),</strong></span> <span class='ocrx_word' id='word_1_335' title='bbox 917 4900 1069 4939; x_wconf 83' lang='lat' dir='ltr'><strong>sacra</strong></span> <span class='ocrx_word' id='word_1_336' title='bbox 1133 4885 1331 4953; x_wconf 88' lang='lat' dir='ltr'><strong>templa</strong></span> <span class='ocrx_word' id='word_1_337' title='bbox 1385 4894 1575 4938; x_wconf 88' lang='lat' dir='ltr'><strong>contra</strong></span> <span class='ocrx_word' id='word_1_338' title='bbox 1635 4884 1735 4937; x_wconf 87' lang='lat' dir='ltr'><strong>soli</strong></span> <span class='ocrx_word' id='word_1_339' title='bbox 1783 4884 1889 4938; x_wconf 89' lang='lat' dir='ltr'><strong>Deo</strong></span> <span class='ocrx_word' id='word_1_340' title='bbox 1945 4885 2144 4952; x_wconf 82' lang='lat' dir='ltr'><strong>erigit,</strong></span> <span class='ocrx_word' id='word_1_341' title='bbox 2199 4888 2307 4939; x_wconf 85' lang='lat' dir='ltr'><strong>eis-</strong></span> 
     </span>
    </p>
   </div>
   <div class='ocr_carea' id='block_1_51' title="bbox 731 4972 2304 5043">
    <p class='ocr_par' dir='ltr' id='par_1_51' title="bbox 731 4972 2304 5043">
     <span class='ocr_line' id='line_1_51' title="bbox 731 4972 2304 5043; baseline -0.001 -16"><span class='ocrx_word' id='word_1_342' title='bbox 731 4989 838 5043; x_wconf 90' lang='lat' dir='ltr'><strong>que</strong></span> <span class='ocrx_word' id='word_1_343' title='bbox 882 4975 971 5043; x_wconf 88' lang='lat' dir='ltr'><strong>qui</strong></span> <span class='ocrx_word' id='word_1_344' title='bbox 1031 4975 1082 5027; x_wconf 90' lang='lat' dir='ltr'><strong>in</strong></span> <span class='ocrx_word' id='word_1_345' title='bbox 1156 4972 1439 5041; x_wconf 88' lang='lat' dir='ltr'><strong>profundis</strong></span> <span class='ocrx_word' id='word_1_346' title='bbox 1496 4975 1814 5040; x_wconf 77' lang='lat' dir='ltr'><strong>ignorantiae</strong></span> <span class='ocrx_word' id='word_1_347' title='bbox 1867 4974 2105 5026; x_wconf 86' lang='lat' dir='ltr'><strong>tenebris</strong></span> <span class='ocrx_word' id='word_1_348' title='bbox 2155 4983 2304 5027; x_wconf 88' lang='lat' dir='ltr'><strong>tene-</strong></span> 
     </span>
    </p>
   </div>
   <div class='ocr_carea' id='block_1_52' title="bbox 733 5061 2302 5133">
    <p class='ocr_par' dir='ltr' id='par_1_52' title="bbox 733 5061 2302 5133">
     <span class='ocr_line' id='line_1_52' title="bbox 733 5061 2302 5133; baseline -0.001 -14"><span class='ocrx_word' id='word_1_349' title='bbox 733 5067 950 5126; x_wconf 87' lang='lat' dir='ltr'><strong>bantur.</strong></span> <span class='ocrx_word' id='word_1_350' title='bbox 980 5079 1074 5133; x_wconf 91' lang='lat' dir='ltr'><strong>per</strong></span> <span class='ocrx_word' id='word_1_351' title='bbox 1107 5063 1460 5133; x_wconf 85' lang='lat' dir='ltr'><strong>Evangelium</strong></span> <span class='ocrx_word' id='word_1_352' title='bbox 1493 5062 1560 5115; x_wconf 89' lang='lat' dir='ltr'><strong>ad</strong></span> <span class='ocrx_word' id='word_1_353' title='bbox 1599 5061 1691 5116; x_wconf 88' lang='lat' dir='ltr'><strong>Dei</strong></span> <span class='ocrx_word' id='word_1_354' title='bbox 1726 5062 2089 5131; x_wconf 86' lang='lat' dir='ltr'><strong>cognitionem</strong></span> <span class='ocrx_word' id='word_1_355' title='bbox 2149 5078 2302 5133; x_wconf 85' lang='lat' dir='ltr'><strong>rege-</strong></span> 
     </span>
    </p>
   </div>
   <div class='ocr_carea' id='block_1_53' title="bbox 732 5155 1658 5220">
    <p class='ocr_par' dir='ltr' id='par_1_53' title="bbox 732 5155 1658 5220">
     <span class='ocr_line' id='line_1_53' title="bbox 732 5155 1658 5220; baseline -0.008 -6"><span class='ocrx_word' id='word_1_356' title='bbox 732 5161 955 5220; x_wconf 84' lang='lat' dir='ltr'><strong>neratis,</strong></span> <span class='ocrx_word' id='word_1_357' title='bbox 989 5160 1126 5212; x_wconf 88' lang='lat' dir='ltr'><strong>lueis</strong></span> <span class='ocrx_word' id='word_1_358' title='bbox 1159 5157 1297 5210; x_wconf 84' lang='lat' dir='ltr'><strong>filios</strong></span> <span class='ocrx_word' id='word_1_359' title='bbox 1321 5155 1456 5208; x_wconf 85' lang='lat' dir='ltr'><strong>effici</strong></span> <span class='ocrx_word' id='word_1_360' title='bbox 1485 5165 1658 5210; x_wconf 89' lang='lat' dir='ltr'><strong>curat.</strong></span> 
     </span>
    </p>
   </div>
   <div class='ocr_carea' id='block_1_54' title="bbox 733 5249 2043 5321">
    <p class='ocr_par' dir='ltr' id='par_1_54' title="bbox 733 5249 2043 5321">
     <span class='ocr_line' id='line_1_54' title="bbox 733 5249 2043 5321; baseline -0.002 -18"><span class='ocrx_word' id='word_1_361' title='bbox 733 5252 1150 5321; x_wconf 76' lang='grc' dir='ltr'><strong>κατεχομένους,</strong></span> <span class='ocrx_word' id='word_1_362' title='bbox 1199 5249 1288 5300; x_wconf 80' lang='grc' dir='ltr'>διὰ</span> <span class='ocrx_word' id='word_1_363' title='bbox 1353 5249 1444 5301; x_wconf 77' lang='grc' dir='ltr'><strong>τοῦ</strong></span> <span class='ocrx_word' id='word_1_364' title='bbox 1508 5249 1841 5316; x_wconf 78' lang='grc' dir='ltr'>Εὑαγγελίου</span> <span class='ocrx_word' id='word_1_365' title='bbox 1907 5250 2043 5319; x_wconf 81' lang='grc' dir='ltr'>πρὸς</span> 
     </span>
    </p>
   </div>
   <div class='ocr_carea' id='block_1_55' title="bbox 730 5346 1004 5409">
    <p class='ocr_par' dir='ltr' id='par_1_55' title="bbox 730 5346 1004 5409">
     <span class='ocr_line' id='line_1_55' title="bbox 730 5346 1004 5409; baseline -0.007 -9"><span class='ocrx_word' id='word_1_366' title='bbox 730 5346 1004 5409; x_wconf 76' lang='grc' dir='ltr'>σκευάζει.</span> 
     </span>
    </p>
   </div>
   <div class='ocr_carea' id='block_1_56' title="bbox 803 5433 2296 5506">
    <p class='ocr_par' dir='ltr' id='par_1_56' title="bbox 803 5433 2296 5506">
     <span class='ocr_line' id='line_1_56' title="bbox 803 5433 2296 5506; baseline 0.002 -17"><span class='ocrx_word' id='word_1_367' title='bbox 803 5435 942 5489; x_wconf 80' lang='lat' dir='ltr'><strong>V&#39;lll.</strong></span> <span class='ocrx_word' id='word_1_368' title='bbox 976 5435 1291 5506; x_wconf 83' lang='lat' dir='ltr'><strong>Hujusmodi</strong></span> <span class='ocrx_word' id='word_1_369' title='bbox 1313 5434 1474 5503; x_wconf 86' lang='lat' dir='ltr'><strong>igitur</strong></span> <span class='ocrx_word' id='word_1_370' title='bbox 1501 5433 1768 5488; x_wconf 86' lang='lat' dir='ltr'><strong>fructibus</strong></span> <span class='ocrx_word' id='word_1_371' title='bbox 1789 5435 2047 5505; x_wconf 80' lang='lat' dir='ltr'><strong>magistro</strong></span> <span class='ocrx_word' id='word_1_372' title='bbox 2081 5438 2296 5498; x_wconf 86' lang='lat' dir='ltr'><strong>oblatis.</strong></span> 
     </span>
    </p>
   </div>
   <div class='ocr_carea' id='block_1_57' title="bbox 730 5527 2297 5600">
    <p class='ocr_par' dir='ltr' id='par_1_57' title="bbox 730 5527 2297 5600">
     <span class='ocr_line' id='line_1_57' title="bbox 730 5527 2297 5600; baseline -0.001 -14"><span class='ocrx_word' id='word_1_373' title='bbox 730 5530 1006 5600; x_wconf 87' lang='lat' dir='ltr'><strong>impietate</strong></span> <span class='ocrx_word' id='word_1_374' title='bbox 1034 5530 1099 5582; x_wconf 91' lang='lat' dir='ltr'><strong>de</strong></span> <span class='ocrx_word' id='word_1_375' title='bbox 1137 5527 1313 5581; x_wconf 89' lang='lat' dir='ltr'><strong>medio</strong></span> <span class='ocrx_word' id='word_1_376' title='bbox 1343 5529 1575 5590; x_wconf 86' lang='lat' dir='ltr'><strong>sublata,</strong></span> <span class='ocrx_word' id='word_1_377' title='bbox 1612 5530 1810 5582; x_wconf 84' lang='lat' dir='ltr'><strong>erectis</strong></span> <span class='ocrx_word' id='word_1_378' title='bbox 1872 5529 2109 5597; x_wconf 90' lang='lat' dir='ltr'><strong>templis,</strong></span> <span class='ocrx_word' id='word_1_379' title='bbox 2164 5530 2297 5584; x_wconf 84' lang='lat' dir='ltr'><strong>alta-</strong></span> 
     </span>
    </p>
   </div>
   <div class='ocr_carea' id='block_1_58' title="bbox 731 5622 2297 5692">
    <p class='ocr_par' dir='ltr' id='par_1_58' title="bbox 731 5622 2297 5692">
     <span class='ocr_line' id='line_1_58' title="bbox 731 5622 2297 5692; baseline -0.002 -13"><span class='ocrx_word' id='word_1_380' title='bbox 731 5628 880 5679; x_wconf 79' lang='lat' dir='ltr'><strong>ribus</strong></span> <span class='ocrx_word' id='word_1_381' title='bbox 936 5622 1186 5676; x_wconf 78' lang='lat' dir='ltr'><strong>stabilius</strong></span> <span class='ocrx_word' id='word_1_382' title='bbox 1243 5638 1305 5676; x_wconf 92' lang='lat' dir='ltr'><strong>ac</strong></span> <span class='ocrx_word' id='word_1_383' title='bbox 1347 5622 1699 5682; x_wconf 89' lang='lat' dir='ltr'><strong>consecratis,</strong></span> <span class='ocrx_word' id='word_1_384' title='bbox 1732 5631 1785 5674; x_wconf 87' lang='lat' dir='ltr'><strong>et</strong></span> <span class='ocrx_word' id='word_1_385' title='bbox 1837 5622 1888 5674; x_wconf 91' lang='lat' dir='ltr'><strong>in</strong></span> <span class='ocrx_word' id='word_1_386' title='bbox 1950 5623 2032 5675; x_wconf 84' lang='lat' dir='ltr'><strong>lus</strong></span> <span class='ocrx_word' id='word_1_387' title='bbox 2073 5623 2297 5692; x_wconf 88' lang='lat' dir='ltr'><strong>presby-</strong></span> 
     </span>
    </p>
   </div>
   <div class='ocr_carea' id='block_1_59' title="bbox 729 5715 2295 5786">
    <p class='ocr_par' dir='ltr' id='par_1_59' title="bbox 729 5715 2295 5786">
     <span class='ocr_line' id='line_1_59' title="bbox 729 5715 2295 5786; baseline -0.002 -12"><span class='ocrx_word' id='word_1_388' title='bbox 729 5719 858 5774; x_wconf 88' lang='lat' dir='ltr'><strong>teris</strong></span> <span class='ocrx_word' id='word_1_389' title='bbox 886 5735 947 5772; x_wconf 90' lang='lat' dir='ltr'><strong>ae</strong></span> <span class='ocrx_word' id='word_1_390' title='bbox 976 5715 1217 5772; x_wconf 84' lang='lat' dir='ltr'><strong>diaconis</strong></span> <span class='ocrx_word' id='word_1_391' title='bbox 1242 5718 1371 5782; x_wconf 74' lang='lat' dir='ltr'><strong>apud</strong></span> <span class='ocrx_word' id='word_1_392' title='bbox 1422 5716 1707 5769; x_wconf 85' lang='lat' dir='ltr'><strong>credentes</strong></span> <span class='ocrx_word' id='word_1_393' title='bbox 1763 5718 1979 5780; x_wconf 83' lang='lat' dir='ltr'><strong>creatis,</strong></span> <span class='ocrx_word' id='word_1_394' title='bbox 2031 5727 2295 5786; x_wconf 62' lang='lat' dir='ltr'><strong>rectaeque</strong></span> 
     </span>
    </p>
   </div>
   <div class='ocr_carea' id='block_1_60' title="bbox 729 5807 2294 5879">
    <p class='ocr_par' dir='ltr' id='par_1_60' title="bbox 729 5807 2294 5879">
     <span class='ocr_line' id='line_1_60' title="bbox 729 5807 2294 5879; baseline -0.002 -13"><span class='ocrx_word' id='word_1_395' title='bbox 729 5810 849 5866; x_wconf 76' lang='lat' dir='ltr'><strong>fidei</strong></span> <span class='ocrx_word' id='word_1_396' title='bbox 883 5807 1236 5879; x_wconf 66' lang='lat' dir='ltr'><strong>praelinitione</strong></span> <span class='ocrx_word' id='word_1_397' title='bbox 1273 5808 1399 5877; x_wconf 88' lang='lat' dir='ltr'><strong>ipsis</strong></span> <span class='ocrx_word' id='word_1_398' title='bbox 1430 5808 1662 5863; x_wconf 83' lang='lat' dir='ltr'><strong>tradita:</strong></span> <span class='ocrx_word' id='word_1_399' title='bbox 1714 5817 1767 5862; x_wconf 89' lang='lat' dir='ltr'><strong>et</strong></span> <span class='ocrx_word' id='word_1_400' title='bbox 1802 5823 1942 5862; x_wconf 92' lang='lat' dir='ltr'><strong>nunc</strong></span> <span class='ocrx_word' id='word_1_401' title='bbox 1991 5809 2206 5877; x_wconf 89' lang='lat' dir='ltr'><strong>quidem</strong></span> <span class='ocrx_word' id='word_1_402' title='bbox 2267 5825 2294 5862; x_wconf 82' lang='lat' dir='ltr'><strong>a</strong></span> 
     </span>
    </p>
   </div>
   <div class='ocr_carea' id='block_1_61' title="bbox 2025 365 2710 427">
    <p class='ocr_par' dir='ltr' id='par_1_61' title="bbox 2025 365 2710 427">
     <span class='ocr_line' id='line_1_61' title="bbox 2025 365 2710 427; baseline 0 0"><span class='ocrx_word' id='word_1_403' title='bbox 2025 366 2306 427; x_wconf 80' lang='lat' dir='ltr'><strong>MENSIS</strong></span> <span class='ocrx_word' id='word_1_404' title='bbox 2347 365 2710 427; x_wconf 78' lang='lat' dir='ltr'><strong>OCTOBEH.</strong></span> 
     </span>
    </p>
   </div>
   <div class='ocr_carea' id='block_1_62' title="bbox 2017 477 3997 552">
    <p class='ocr_par' dir='ltr' id='par_1_62' title="bbox 2017 477 3997 552">
     <span class='ocr_line' id='line_1_62' title="bbox 2017 477 3997 552; baseline 0.004 -21"><span class='ocrx_word' id='word_1_405' title='bbox 2017 477 2308 548; x_wconf 80' lang='lat' dir='ltr'><strong>gaudiique</strong></span> <span class='ocrx_word' id='word_1_406' title='bbox 2339 487 2381 543; x_wconf 79' lang='grc' dir='ltr'><strong>Α</strong></span> <span class='ocrx_word' id='word_1_407' title='bbox 2414 477 2666 548; x_wconf 74' lang='grc' dir='ltr'>κείμενον</span> <span class='ocrx_word' id='word_1_408' title='bbox 2697 481 2762 550; x_wconf 82' lang='grc' dir='ltr'><strong>τῆ</strong></span> <span class='ocrx_word' id='word_1_409' title='bbox 2803 481 2981 552; x_wconf 74' lang='grc' dir='ltr'>φάτνῃ</span> <span class='ocrx_word' id='word_1_410' title='bbox 3025 482 3407 552; x_wconf 65' lang='grc' dir='ltr'>παραδεικνῦς,</span> <span class='ocrx_word' id='word_1_411' title='bbox 3431 483 3524 535; x_wconf 75' lang='grc' dir='ltr'><strong>καὶ</strong></span> <span class='ocrx_word' id='word_1_412' title='bbox 3554 487 3876 552; x_wconf 68' lang='grc' dir='ltr'>σπάργανα,</span> <span class='ocrx_word' id='word_1_413' title='bbox 3904 491 3997 539; x_wconf 68' lang='grc' dir='ltr'><strong>καὶ</strong></span> 
     </span>
    </p>
   </div>
   <div class='ocr_carea' id='block_1_63' title="bbox 3859 376 3997 442">
    <p class='ocr_par' dir='ltr' id='par_1_63' title="bbox 3859 376 3997 442">
     <span class='ocr_line' id='line_1_63' title="bbox 3859 376 3997 442; baseline 0.043 -6"><span class='ocrx_word' id='word_1_414' title='bbox 3859 376 3997 442; x_wconf 82' lang='grc'><strong>1136</strong></span> 
     </span>
    </p>
   </div>
   <div class='ocr_carea' id='block_1_64' title="bbox 2413 572 3995 646">
    <p class='ocr_par' dir='ltr' id='par_1_64' title="bbox 2413 572 3995 646">
     <span class='ocr_line' id='line_1_64' title="bbox 2413 572 3995 646; baseline 0.004 -23"><span class='ocrx_word' id='word_1_415' title='bbox 2413 572 2704 640; x_wconf 72' lang='grc' dir='ltr'><strong>ποιμένας,</strong></span> <span class='ocrx_word' id='word_1_416' title='bbox 2737 575 2986 636; x_wconf 71' lang='grc' dir='ltr'>καὶτοὺς</span> <span class='ocrx_word' id='word_1_417' title='bbox 3033 576 3130 644; x_wconf 80' lang='grc' dir='ltr'>τῆς</span> <span class='ocrx_word' id='word_1_418' title='bbox 3183 577 3359 644; x_wconf 83' lang='grc' dir='ltr'>χαρᾶς</span> <span class='ocrx_word' id='word_1_419' title='bbox 3415 577 3662 646; x_wconf 74' lang='grc' dir='ltr'>κήρυκας</span> <span class='ocrx_word' id='word_1_420' title='bbox 3719 579 3995 641; x_wconf 75' lang='grc' dir='ltr'><strong>ἀγγέλους</strong></span> 
     </span>
    </p>
   </div>
   <div class='ocr_carea' id='block_1_65' title="bbox 2412 659 3997 738">
    <p class='ocr_par' dir='ltr' id='par_1_65' title="bbox 2412 659 3997 738">
     <span class='ocr_line' id='line_1_65' title="bbox 2412 659 3997 738; baseline 0.004 -23"><span class='ocrx_word' id='word_1_421' title='bbox 2412 667 2858 736; x_wconf 70' lang='grc' dir='ltr'>συνεπιγράφων.</span> <span class='ocrx_word' id='word_1_422' title='bbox 2902 659 3071 730; x_wconf 76' lang='grc' dir='ltr'>Οὗτος</span> <span class='ocrx_word' id='word_1_423' title='bbox 3111 668 3208 730; x_wconf 78' lang='grc' dir='ltr'><strong>τας</strong></span> <span class='ocrx_word' id='word_1_424' title='bbox 3253 671 3434 720; x_wconf 87' lang='grc' dir='ltr'>πάντα</span> <span class='ocrx_word' id='word_1_425' title='bbox 3489 669 3614 721; x_wconf 78' lang='grc' dir='ltr'>νοῦν</span> <span class='ocrx_word' id='word_1_426' title='bbox 3650 671 3997 738; x_wconf 70' lang='grc' dir='ltr'>ὑπερϐαλλο-</span> 
     </span>
    </p>
   </div>
   <div class='ocr_carea' id='block_1_66' title="bbox 2413 756 3995 830">
    <p class='ocr_par' dir='ltr' id='par_1_66' title="bbox 2413 756 3995 830">
     <span class='ocr_line' id='line_1_66' title="bbox 2413 756 3995 830; baseline 0.006 -25"><span class='ocrx_word' id='word_1_427' title='bbox 2413 756 2582 824; x_wconf 80' lang='grc' dir='ltr'><strong>μένοις</strong></span> <span class='ocrx_word' id='word_1_428' title='bbox 2619 757 3073 825; x_wconf 78' lang='grc' dir='ltr'>παραδοξοποιίας</span> <span class='ocrx_word' id='word_1_429' title='bbox 3104 759 3411 828; x_wconf 69' lang='grc' dir='ltr'>φιλαληῦὼς</span> <span class='ocrx_word' id='word_1_430' title='bbox 3443 778 3501 812; x_wconf 83' lang='grc' dir='ltr'><strong>τε</strong></span> <span class='ocrx_word' id='word_1_431' title='bbox 3540 761 3673 828; x_wconf 86' lang='grc' dir='ltr'>ὁμοῦ</span> <span class='ocrx_word' id='word_1_432' title='bbox 3713 765 3808 814; x_wconf 74' lang='grc' dir='ltr'><strong>καὶ</strong></span> <span class='ocrx_word' id='word_1_433' title='bbox 3839 764 3995 830; x_wconf 76' lang='grc' dir='ltr'>φιλο-</span> 
     </span>
    </p>
   </div>
   <div class='ocr_carea' id='block_1_67' title="bbox 2410 849 3998 922">
    <p class='ocr_par' dir='ltr' id='par_1_67' title="bbox 2410 849 3998 922">
     <span class='ocr_line' id='line_1_67' title="bbox 2410 849 3998 922; baseline -0.011 -10"><span class='ocrx_word' id='word_1_434' title='bbox 2410 849 2590 910; x_wconf 75' lang='grc' dir='ltr'>κάλως</span> <span class='ocrx_word' id='word_1_435' title='bbox 2623 849 2875 919; x_wconf 71' lang='grc' dir='ltr'>ἐδήλωσε,</span> <span class='ocrx_word' id='word_1_436' title='bbox 2921 852 3259 918; x_wconf 73' lang='grc' dir='ltr'><strong>πραγμάτων</strong></span> <span class='ocrx_word' id='word_1_437' title='bbox 3323 852 3550 922; x_wconf 76' lang='grc' dir='ltr'>ἀληθεία</span> <span class='ocrx_word' id='word_1_438' title='bbox 3608 853 3784 918; x_wconf 82' lang='grc' dir='ltr'>λόγων</span> <span class='ocrx_word' id='word_1_439' title='bbox 3841 855 3998 920; x_wconf 68' lang='grc' dir='ltr'>εύγέ.</span> 
     </span>
    </p>
   </div>
   <div class='ocr_carea' id='block_1_68' title="bbox 2410 939 3995 1011">
    <p class='ocr_par' dir='ltr' id='par_1_68' title="bbox 2410 939 3995 1011">
     <span class='ocr_line' id='line_1_68' title="bbox 2410 939 3995 1011; baseline 0.004 -22"><span class='ocrx_word' id='word_1_440' title='bbox 2410 955 2557 990; x_wconf 87' lang='grc' dir='ltr'>νειαν</span> <span class='ocrx_word' id='word_1_441' title='bbox 2583 939 2946 1008; x_wconf 82' lang='grc' dir='ltr'>συγκεράσας,</span> <span class='ocrx_word' id='word_1_442' title='bbox 2977 939 3064 991; x_wconf 80' lang='grc' dir='ltr'><strong>ἵνα</strong></span> <span class='ocrx_word' id='word_1_443' title='bbox 3099 941 3192 991; x_wconf 73' lang='grc' dir='ltr'>καὶ</span> <span class='ocrx_word' id='word_1_444' title='bbox 3222 940 3446 1009; x_wconf 81' lang='grc' dir='ltr'>γνώμης</span> <span class='ocrx_word' id='word_1_445' title='bbox 3475 941 3588 1009; x_wconf 71' lang='grc' dir='ltr'><strong>ἅμα</strong></span> <span class='ocrx_word' id='word_1_446' title='bbox 3619 944 3712 993; x_wconf 74' lang='grc' dir='ltr'><strong>καὶ</strong></span> <span class='ocrx_word' id='word_1_447' title='bbox 3745 943 3995 1011; x_wconf 73' lang='grc' dir='ltr'>γλώττης</span> 
     </span>
    </p>
   </div>
   <div class='ocr_carea' id='block_1_69' title="bbox 2410 1030 3997 1100">
    <p class='ocr_par' dir='ltr' id='par_1_69' title="bbox 2410 1030 3997 1100">
     <span class='ocr_line' id='line_1_69' title="bbox 2410 1030 3997 1100; baseline 0.005 -21"><span class='ocrx_word' id='word_1_448' title='bbox 2410 1030 2611 1099; x_wconf 79' lang='grc' dir='ltr'>ἀρετὴν</span> <span class='ocrx_word' id='word_1_449' title='bbox 2662 1031 3011 1100; x_wconf 75' lang='grc' dir='ltr'>παραστήσῃ.</span> <span class='ocrx_word' id='word_1_450' title='bbox 3047 1031 3132 1082; x_wconf 86' lang='grc' dir='ltr'>Ἐν</span> <span class='ocrx_word' id='word_1_451' title='bbox 3183 1032 3520 1098; x_wconf 70' lang='grc' dir='ltr'>παραϐολαῖς</span> <span class='ocrx_word' id='word_1_452' title='bbox 3549 1051 3606 1084; x_wconf 90' lang='grc' dir='ltr'><strong>τε</strong></span> <span class='ocrx_word' id='word_1_453' title='bbox 3638 1033 3997 1092; x_wconf 78' lang='grc' dir='ltr'>διδασκαλίας</span> 
     </span>
    </p>
   </div>
   <div class='ocr_carea' id='block_1_70' title="bbox 2412 1120 3993 1191">
    <p class='ocr_par' dir='ltr' id='par_1_70' title="bbox 2412 1120 3993 1191">
     <span class='ocr_line' id='line_1_70' title="bbox 2412 1120 3993 1191; baseline 0.006 -20"><span class='ocrx_word' id='word_1_454' title='bbox 2412 1120 2800 1188; x_wconf 85' lang='grc' dir='ltr'>σωτηριώδεις,</span> <span class='ocrx_word' id='word_1_455' title='bbox 2863 1123 2964 1174; x_wconf 82' lang='grc' dir='ltr'>κὰν</span> <span class='ocrx_word' id='word_1_456' title='bbox 3025 1121 3200 1191; x_wconf 84' lang='grc' dir='ltr'>τούτῳ</span> <span class='ocrx_word' id='word_1_457' title='bbox 3256 1123 3363 1174; x_wconf 81' lang='grc' dir='ltr'>τῶν</span> <span class='ocrx_word' id='word_1_458' title='bbox 3393 1123 3567 1176; x_wconf 81' lang='grc' dir='ltr'>ἄλλων</span> <span class='ocrx_word' id='word_1_459' title='bbox 3626 1127 3993 1190; x_wconf 67' lang='grc' dir='ltr'>πλεονεκτῶν,</span> 
     </span>
    </p>
   </div>
   <div class='ocr_carea' id='block_1_71' title="bbox 2411 1210 3998 1288">
    <p class='ocr_par' dir='ltr' id='par_1_71' title="bbox 2411 1210 3998 1288">
     <span class='ocr_line' id='line_1_71' title="bbox 2411 1210 3998 1288; baseline 0.005 -25"><span class='ocrx_word' id='word_1_460' title='bbox 2411 1210 2733 1279; x_wconf 71' lang='grc' dir='ltr'>ὲξυφήνατο.</span> <span class='ocrx_word' id='word_1_461' title='bbox 2791 1212 2900 1264; x_wconf 73' lang='grc' dir='ltr'>Καὶ</span> <span class='ocrx_word' id='word_1_462' title='bbox 2975 1213 3268 1265; x_wconf 73' lang='grc' dir='ltr'>συνελόντα</span> <span class='ocrx_word' id='word_1_463' title='bbox 3335 1218 3538 1282; x_wconf 76' lang='grc' dir='ltr'>φάναι,</span> <span class='ocrx_word' id='word_1_464' title='bbox 3599 1217 3859 1286; x_wconf 77' lang='grc' dir='ltr'>καθάπερ</span> <span class='ocrx_word' id='word_1_465' title='bbox 3904 1220 3998 1288; x_wconf 70' lang='grc' dir='ltr'>τὴν</span> 
     </span>
    </p>
   </div>
   <div class='ocr_carea' id='block_1_72' title="bbox 2409 1301 3993 1378">
    <p class='ocr_par' dir='ltr' id='par_1_72' title="bbox 2409 1301 3993 1378">
     <span class='ocr_line' id='line_1_72' title="bbox 2409 1301 3993 1378; baseline 0.004 -26"><span class='ocrx_word' id='word_1_466' title='bbox 2409 1301 2500 1352; x_wconf 74' lang='grc' dir='ltr'>ἐπὶ</span> <span class='ocrx_word' id='word_1_467' title='bbox 2551 1301 2655 1370; x_wconf 81' lang='grc' dir='ltr'>γῆς</span> <span class='ocrx_word' id='word_1_468' title='bbox 2716 1302 2940 1356; x_wconf 75' lang='grc' dir='ltr'>κάθοδον</span> <span class='ocrx_word' id='word_1_469' title='bbox 2985 1304 3078 1356; x_wconf 88' lang='grc' dir='ltr'><strong>τοῦ</strong></span> <span class='ocrx_word' id='word_1_470' title='bbox 3135 1305 3311 1372; x_wconf 82' lang='grc' dir='ltr'>Λόγου</span> <span class='ocrx_word' id='word_1_471' title='bbox 3370 1310 3584 1376; x_wconf 78' lang='grc' dir='ltr'>τρανῶς</span> <span class='ocrx_word' id='word_1_472' title='bbox 3653 1307 3993 1378; x_wconf 80' lang='grc' dir='ltr'>ἐγνώρισεν,</span> 
     </span>
    </p>
   </div>
   <div class='ocr_carea' id='block_1_73' title="bbox 2409 1392 3998 1470">
    <p class='ocr_par' dir='ltr' id='par_1_73' title="bbox 2409 1392 3998 1470">
     <span class='ocr_line' id='line_1_73' title="bbox 2409 1392 3998 1470; baseline 0.006 -27"><span class='ocrx_word' id='word_1_473' title='bbox 2409 1392 2554 1445; x_wconf 71' lang='grc' dir='ltr'>οὕτω</span> <span class='ocrx_word' id='word_1_474' title='bbox 2601 1395 2695 1446; x_wconf 68' lang='grc' dir='ltr'>καὶ</span> <span class='ocrx_word' id='word_1_475' title='bbox 2745 1395 2843 1463; x_wconf 79' lang='grc' dir='ltr'><strong>τὴν</strong></span> <span class='ocrx_word' id='word_1_476' title='bbox 2905 1399 2984 1458; x_wconf 77' lang='grc' dir='ltr'>εἰς</span> <span class='ocrx_word' id='word_1_477' title='bbox 3031 1397 3289 1464; x_wconf 76' lang='grc' dir='ltr'>οὐρανὸν,</span> <span class='ocrx_word' id='word_1_478' title='bbox 3331 1398 3519 1452; x_wconf 79' lang='grc' dir='ltr'>ἄνοδον</span> <span class='ocrx_word' id='word_1_479' title='bbox 3579 1401 3675 1452; x_wconf 77' lang='grc' dir='ltr'><strong>καὶ</strong></span> <span class='ocrx_word' id='word_1_480' title='bbox 3727 1403 3870 1470; x_wconf 69' lang='grc' dir='ltr'>πρὸς</span> <span class='ocrx_word' id='word_1_481' title='bbox 3911 1402 3998 1453; x_wconf 72' lang='grc' dir='ltr'><strong>τὸν</strong></span> 
     </span>
    </p>
   </div>
   <div class='ocr_carea' id='block_1_74' title="bbox 2410 1484 3996 1565">
    <p class='ocr_par' dir='ltr' id='par_1_74' title="bbox 2410 1484 3996 1565">
     <span class='ocr_line' id='line_1_74' title="bbox 2410 1484 3996 1565; baseline 0.008 -31"><span class='ocrx_word' id='word_1_482' title='bbox 2410 1484 2664 1554; x_wconf 80' lang='grc' dir='ltr'>πατρῷον</span> <span class='ocrx_word' id='word_1_483' title='bbox 2719 1485 2907 1553; x_wconf 83' lang='grc' dir='ltr'>θρόνον</span> <span class='ocrx_word' id='word_1_484' title='bbox 2967 1488 3244 1551; x_wconf 76' lang='grc' dir='ltr'>ἐπάνοδον,</span> <span class='ocrx_word' id='word_1_485' title='bbox 3299 1486 3386 1542; x_wconf 75' lang='grc' dir='ltr'>οἷα</span> <span class='ocrx_word' id='word_1_486' title='bbox 3418 1509 3500 1554; x_wconf 86' lang='grc' dir='ltr'><strong>τις</strong></span> <span class='ocrx_word' id='word_1_487' title='bbox 3542 1493 3694 1562; x_wconf 74' lang='grc' dir='ltr'>ἥκων</span> <span class='ocrx_word' id='word_1_488' title='bbox 3732 1494 3791 1557; x_wconf 72' lang='grc' dir='ltr'><strong>ἐξ</strong></span> <span class='ocrx_word' id='word_1_489' title='bbox 3830 1497 3996 1565; x_wconf 72' lang='grc' dir='ltr'>ούρα-</span> 
     </span>
    </p>
   </div>
   <div class='ocr_carea' id='block_1_75' title="bbox 2411 1575 4002 1657">
    <p class='ocr_par' dir='ltr' id='par_1_75' title="bbox 2411 1575 4002 1657">
     <span class='ocr_line' id='line_1_75' title="bbox 2411 1575 4002 1657; baseline 0.006 -29"><span class='ocrx_word' id='word_1_490' title='bbox 2411 1575 2501 1629; x_wconf 90' lang='grc' dir='ltr'><strong>νοῦ</strong></span> <span class='ocrx_word' id='word_1_491' title='bbox 2577 1577 2930 1644; x_wconf 67' lang='grc' dir='ltr'>διεσάφησεν.</span> <span class='ocrx_word' id='word_1_492' title='bbox 2991 1578 3055 1628; x_wconf 89' lang='grc' dir='ltr'><em>Ὃ</em></span> <span class='ocrx_word' id='word_1_493' title='bbox 3104 1579 3158 1632; x_wconf 79' lang='grc' dir='ltr'>δὲ</span> <span class='ocrx_word' id='word_1_494' title='bbox 3215 1581 3323 1631; x_wconf 85' lang='grc' dir='ltr'><strong>τών</strong></span> <span class='ocrx_word' id='word_1_495' title='bbox 3384 1583 3560 1634; x_wconf 81' lang='grc' dir='ltr'>ἄλλων</span> <span class='ocrx_word' id='word_1_496' title='bbox 3615 1586 3737 1637; x_wconf 77' lang='grc' dir='ltr'>ἐστὶ</span> <span class='ocrx_word' id='word_1_497' title='bbox 3815 1587 4002 1657; x_wconf 79' lang='grc' dir='ltr'>χαριέ-</span> 
     </span>
    </p>
   </div>
   <div class='ocr_carea' id='block_1_76' title="bbox 2410 1669 3993 1745">
    <p class='ocr_par' dir='ltr' id='par_1_76' title="bbox 2410 1669 3993 1745">
     <span class='ocr_line' id='line_1_76' title="bbox 2410 1669 3993 1745; baseline 0.007 -26"><span class='ocrx_word' id='word_1_498' title='bbox 2410 1672 2728 1730; x_wconf 85' lang='grc' dir='ltr'>στατον,ὂτι</span> <span class='ocrx_word' id='word_1_499' title='bbox 2765 1669 2856 1721; x_wconf 69' lang='grc' dir='ltr'><strong>καὶ</strong></span> <span class='ocrx_word' id='word_1_500' title='bbox 2889 1671 3054 1724; x_wconf 72' lang='grc' dir='ltr'>αὐτὸν</span> <span class='ocrx_word' id='word_1_501' title='bbox 3101 1671 3192 1723; x_wconf 80' lang='grc' dir='ltr'>τὸν</span> <span class='ocrx_word' id='word_1_502' title='bbox 3250 1673 3346 1725; x_wconf 74' lang='grc' dir='ltr'><strong>τοῦ</strong></span> <span class='ocrx_word' id='word_1_503' title='bbox 3397 1675 3844 1745; x_wconf 77' lang='grc' dir='ltr'>προσλήμματος</span> <span class='ocrx_word' id='word_1_504' title='bbox 3905 1682 3993 1731; x_wconf 79' lang='grc' dir='ltr'><strong>τοῦ</strong></span> 
     </span>
    </p>
   </div>
   <div class='ocr_carea' id='block_1_77' title="bbox 2411 1761 3996 1840">
    <p class='ocr_par' dir='ltr' id='par_1_77' title="bbox 2411 1761 3996 1840">
     <span class='ocr_line' id='line_1_77' title="bbox 2411 1761 3996 1840; baseline 0.008 -29"><span class='ocrx_word' id='word_1_505' title='bbox 2411 1761 2546 1826; x_wconf 77' lang='grc' dir='ltr'>ἐμοῦ</span> <span class='ocrx_word' id='word_1_506' title='bbox 2579 1761 2813 1830; x_wconf 79' lang='grc' dir='ltr'>Χριστοῦ</span> <span class='ocrx_word' id='word_1_507' title='bbox 2846 1761 3041 1823; x_wconf 83' lang='grc' dir='ltr'>τύπον.</span> <span class='ocrx_word' id='word_1_508' title='bbox 3078 1766 3169 1817; x_wconf 88' lang='grc' dir='ltr'><strong>τόν</strong></span> <span class='ocrx_word' id='word_1_509' title='bbox 3225 1781 3285 1816; x_wconf 88' lang='grc' dir='ltr'><strong>τε</strong></span> <span class='ocrx_word' id='word_1_510' title='bbox 3342 1765 3439 1834; x_wconf 78' lang='grc' dir='ltr'>τῆς</span> <span class='ocrx_word' id='word_1_511' title='bbox 3497 1768 3663 1820; x_wconf 73' lang='grc' dir='ltr'>αὑτὸν</span> <span class='ocrx_word' id='word_1_512' title='bbox 3723 1772 3996 1840; x_wconf 68' lang='grc' dir='ltr'>τεκούσης</span> 
     </span>
    </p>
   </div>
   <div class='ocr_carea' id='block_1_78' title="bbox 2340 1847 3996 1926">
    <p class='ocr_par' dir='ltr' id='par_1_78' title="bbox 2340 1847 3996 1926">
     <span class='ocr_line' id='line_1_78' title="bbox 2340 1847 3996 1926; baseline 0.007 -25"><span class='ocrx_word' id='word_1_513' title='bbox 2340 1847 2379 1901; x_wconf 84' lang='grc' dir='ltr'><strong>Β</strong></span> <span class='ocrx_word' id='word_1_514' title='bbox 2413 1851 2505 1902; x_wconf 65' lang='grc' dir='ltr'><strong>καὶ</strong></span> <span class='ocrx_word' id='word_1_515' title='bbox 2539 1852 2731 1920; x_wconf 80' lang='grc' dir='ltr'>δούσης</span> <span class='ocrx_word' id='word_1_516' title='bbox 2761 1853 2819 1903; x_wconf 52' lang='lat' dir='ltr'><strong>ea</strong></span> <span class='ocrx_word' id='word_1_517' title='bbox 2850 1853 3190 1922; x_wconf 82' lang='grc' dir='ltr'>πρόσλημμα</span> <span class='ocrx_word' id='word_1_518' title='bbox 3220 1858 3571 1926; x_wconf 73' lang='grc' dir='ltr'><strong>χαρακτῆρα,</strong></span> <span class='ocrx_word' id='word_1_519' title='bbox 3625 1859 3854 1923; x_wconf 72' lang='grc' dir='ltr'>πρῶτος</span> <span class='ocrx_word' id='word_1_520' title='bbox 3906 1856 3996 1913; x_wconf 81' lang='grc' dir='ltr'>οῦ-</span> 
     </span>
    </p>
   </div>
   <div class='ocr_carea' id='block_1_79' title="bbox 2409 1941 3997 2019">
    <p class='ocr_par' dir='ltr' id='par_1_79' title="bbox 2409 1941 3997 2019">
     <span class='ocr_line' id='line_1_79' title="bbox 2409 1941 3997 2019; baseline 0.008 -25"><span class='ocrx_word' id='word_1_521' title='bbox 2409 1959 2500 2004; x_wconf 88' lang='grc' dir='ltr'><strong>τος</strong></span> <span class='ocrx_word' id='word_1_522' title='bbox 2532 1941 2687 2011; x_wconf 77' lang='grc' dir='ltr'><strong>κηρῴ</strong></span> <span class='ocrx_word' id='word_1_523' title='bbox 2730 1944 2823 1994; x_wconf 75' lang='grc' dir='ltr'><strong>καὶ</strong></span> <span class='ocrx_word' id='word_1_524' title='bbox 2863 1942 3120 2010; x_wconf 77' lang='grc' dir='ltr'>χρώμασι</span> <span class='ocrx_word' id='word_1_525' title='bbox 3166 1945 3363 2014; x_wconf 53' lang='grc' dir='ltr'>βάψας,</span> <span class='ocrx_word' id='word_1_526' title='bbox 3415 1950 3470 1999; x_wconf 83' lang='grc' dir='ltr'>ὲν</span> <span class='ocrx_word' id='word_1_527' title='bbox 3504 1948 3674 2000; x_wconf 76' lang='grc' dir='ltr'>εἰκόνι</span> <span class='ocrx_word' id='word_1_528' title='bbox 3729 1954 3997 2019; x_wconf 74' lang='grc' dir='ltr'>τιμᾶσθαι</span> 
     </span>
    </p>
   </div>
   <div class='ocr_carea' id='block_1_80' title="bbox 2413 2034 3997 2108">
    <p class='ocr_par' dir='ltr' id='par_1_80' title="bbox 2413 2034 3997 2108">
     <span class='ocr_line' id='line_1_80' title="bbox 2413 2034 3997 2108; baseline 0.005 -20"><span class='ocrx_word' id='word_1_529' title='bbox 2413 2036 2576 2106; x_wconf 80' lang='grc' dir='ltr'>μέχρι</span> <span class='ocrx_word' id='word_1_530' title='bbox 2605 2037 2695 2088; x_wconf 75' lang='grc' dir='ltr'><strong>καὶ</strong></span> <span class='ocrx_word' id='word_1_531' title='bbox 2719 2034 2810 2088; x_wconf 91' lang='grc' dir='ltr'><strong>νῦν</strong></span> <span class='ocrx_word' id='word_1_532' title='bbox 2836 2036 3241 2105; x_wconf 82' lang='grc' dir='ltr'>παραδέδωκεν,</span> <span class='ocrx_word' id='word_1_533' title='bbox 3261 2037 3448 2108; x_wconf 79' lang='grc' dir='ltr'>ὥσπερ</span> <span class='ocrx_word' id='word_1_534' title='bbox 3482 2041 3582 2091; x_wconf 77' lang='grc' dir='ltr'><strong>οὐκ</strong></span> <span class='ocrx_word' id='word_1_535' title='bbox 3609 2042 3818 2108; x_wconf 75' lang='grc' dir='ltr'>ἀρκοῦν</span> <span class='ocrx_word' id='word_1_536' title='bbox 3860 2041 3997 2096; x_wconf 80' lang='grc' dir='ltr'>εἶναι</span> 
     </span>
    </p>
   </div>
   <div class='ocr_carea' id='block_1_81' title="bbox 2412 2127 3996 2204">
    <p class='ocr_par' dir='ltr' id='par_1_81' title="bbox 2412 2127 3996 2204">
     <span class='ocr_line' id='line_1_81' title="bbox 2412 2127 3996 2204; baseline -0.007 -14"><span class='ocrx_word' id='word_1_537' title='bbox 2412 2128 2669 2196; x_wconf 76' lang='grc' dir='ltr'>νομίζων,</span> <span class='ocrx_word' id='word_1_538' title='bbox 2699 2129 2744 2180; x_wconf 72' lang='grc' dir='ltr'>εὶ</span> <span class='ocrx_word' id='word_1_539' title='bbox 2783 2127 2857 2196; x_wconf 80' lang='grc' dir='ltr'>μὴ</span> <span class='ocrx_word' id='word_1_540' title='bbox 2901 2130 2995 2180; x_wconf 78' lang='grc' dir='ltr'>καὶ</span> <span class='ocrx_word' id='word_1_541' title='bbox 3025 2128 3092 2180; x_wconf 86' lang='grc' dir='ltr'>δι’</span> <span class='ocrx_word' id='word_1_542' title='bbox 3122 2129 3331 2192; x_wconf 77' lang='grc' dir='ltr'>εἰκόνος</span> <span class='ocrx_word' id='word_1_543' title='bbox 3375 2133 3467 2184; x_wconf 50' lang='grc' dir='ltr'><strong>καὶ⁸</strong></span> <span class='ocrx_word' id='word_1_544' title='bbox 3501 2133 3678 2185; x_wconf 76' lang='grc' dir='ltr'>τύπου</span> <span class='ocrx_word' id='word_1_545' title='bbox 3726 2136 3996 2204; x_wconf 68' lang='grc' dir='ltr'>ἐντυγχά.</span> 
     </span>
    </p>
   </div>
   <div class='ocr_carea' id='block_1_82' title="bbox 2411 2219 3996 2296">
    <p class='ocr_par' dir='ltr' id='par_1_82' title="bbox 2411 2219 3996 2296">
     <span class='ocr_line' id='line_1_82' title="bbox 2411 2219 3996 2296; baseline 0.005 -26"><span class='ocrx_word' id='word_1_546' title='bbox 2411 2235 2490 2271; x_wconf 87' lang='grc' dir='ltr'><strong>νει</strong></span> <span class='ocrx_word' id='word_1_547' title='bbox 2529 2221 2640 2281; x_wconf 82' lang='grc' dir='ltr'>τοῖς</span> <span class='ocrx_word' id='word_1_548' title='bbox 2672 2219 3053 2290; x_wconf 83' lang='grc' dir='ltr'>ποθουμένοις,</span> <span class='ocrx_word' id='word_1_549' title='bbox 3082 2221 3219 2290; x_wconf 85' lang='grc' dir='ltr'>ὅπερ</span> <span class='ocrx_word' id='word_1_550' title='bbox 3259 2221 3442 2288; x_wconf 79' lang='grc' dir='ltr'>φιλίας</span> <span class='ocrx_word' id='word_1_551' title='bbox 3479 2223 3834 2296; x_wconf 78' lang='grc' dir='ltr'>Οερμοτάτης</span> <span class='ocrx_word' id='word_1_552' title='bbox 3884 2231 3996 2280; x_wconf 71' lang='grc' dir='ltr'>ἐστὶ</span> 
     </span>
    </p>
   </div>
   <div class='ocr_carea' id='block_1_83' title="bbox 2410 2312 3996 2383">
    <p class='ocr_par' dir='ltr' id='par_1_83' title="bbox 2410 2312 3996 2383">
     <span class='ocr_line' id='line_1_83' title="bbox 2410 2312 3996 2383; baseline 0.006 -20"><span class='ocrx_word' id='word_1_553' title='bbox 2410 2314 2710 2383; x_wconf 80' lang='grc' dir='ltr'>τεκμήριον</span> <span class='ocrx_word' id='word_1_554' title='bbox 2747 2329 2760 2341; x_wconf 76' lang='grc'><strong>⁸</strong></span> <span class='ocrx_word' id='word_1_555' title='bbox 2788 2313 2846 2366; x_wconf 77' lang='grc' dir='ltr'>οὐ</span> <span class='ocrx_word' id='word_1_556' title='bbox 2878 2313 3037 2382; x_wconf 88' lang='grc' dir='ltr'>μόνον</span> <span class='ocrx_word' id='word_1_557' title='bbox 3062 2313 3140 2374; x_wconf 79' lang='grc' dir='ltr'><strong>δὲ,</strong></span> <span class='ocrx_word' id='word_1_558' title='bbox 3175 2312 3310 2366; x_wconf 81' lang='grc' dir='ltr'>ἀλλὰ</span> <span class='ocrx_word' id='word_1_559' title='bbox 3356 2317 3447 2366; x_wconf 72' lang='grc' dir='ltr'><strong>καὶ</strong></span> <span class='ocrx_word' id='word_1_560' title='bbox 3483 2321 3696 2380; x_wconf 80' lang='grc' dir='ltr'>πιστοῖς</span> <span class='ocrx_word' id='word_1_561' title='bbox 3731 2321 3870 2372; x_wconf 73' lang='grc' dir='ltr'>πᾶσι</span> <span class='ocrx_word' id='word_1_562' title='bbox 3905 2321 3996 2372; x_wconf 71' lang='grc' dir='ltr'>καὶ</span> 
     </span>
    </p>
   </div>
   <div class='ocr_carea' id='block_1_84' title="bbox 2411 2403 3568 2476">
    <p class='ocr_par' dir='ltr' id='par_1_84' title="bbox 2411 2403 3568 2476">
     <span class='ocr_line' id='line_1_84' title="bbox 2411 2403 3568 2476; baseline 0.007 -23"><span class='ocrx_word' id='word_1_563' title='bbox 2411 2403 2781 2473; x_wconf 82' lang='grc' dir='ltr'>φιλοχρίστοις</span> <span class='ocrx_word' id='word_1_564' title='bbox 2813 2403 2883 2455; x_wconf 75' lang='grc' dir='ltr'>τὰ</span> <span class='ocrx_word' id='word_1_565' title='bbox 2917 2404 3152 2474; x_wconf 83' lang='grc' dir='ltr'>μέγιστα</span> <span class='ocrx_word' id='word_1_566' title='bbox 3185 2405 3568 2476; x_wconf 77' lang='grc' dir='ltr'>χαριζόμενος.</span> 
     </span>
    </p>
   </div>
   <div class='ocr_carea' id='block_1_85' title="bbox 2481 2583 3995 2663">
    <p class='ocr_par' dir='ltr' id='par_1_85' title="bbox 2481 2583 3995 2663">
     <span class='ocr_line' id='line_1_85' title="bbox 2481 2583 3995 2663; baseline 0.001 -24"><span class='ocrx_word' id='word_1_567' title='bbox 2481 2583 2556 2640; x_wconf 89' lang='lat' dir='ltr'><strong>Z&#39;.</strong></span> <span class='ocrx_word' id='word_1_568' title='bbox 2601 2584 2740 2639; x_wconf 82' lang='grc' dir='ltr'>Ἀλλ’</span> <span class='ocrx_word' id='word_1_569' title='bbox 2776 2586 2876 2638; x_wconf 82' lang='grc' dir='ltr'><strong>οὐκ</strong></span> <span class='ocrx_word' id='word_1_570' title='bbox 2932 2586 2988 2637; x_wconf 75' lang='grc' dir='ltr'>ἐν</span> <span class='ocrx_word' id='word_1_571' title='bbox 3025 2584 3239 2648; x_wconf 86' lang='grc' dir='ltr'>τούτοις</span> <span class='ocrx_word' id='word_1_572' title='bbox 3303 2586 3488 2654; x_wconf 85' lang='grc' dir='ltr'>μόνοις</span> <span class='ocrx_word' id='word_1_573' title='bbox 3534 2588 3753 2654; x_wconf 79' lang='grc' dir='ltr'>Λουκᾶς</span> <span class='ocrx_word' id='word_1_574' title='bbox 3806 2593 3905 2663; x_wconf 76' lang='grc' dir='ltr'><strong>τὴν</strong></span> <span class='ocrx_word' id='word_1_575' title='bbox 3941 2594 3995 2646; x_wconf 73' lang='grc' dir='ltr'>ὲν</span> 
     </span>
    </p>
   </div>
   <div class='ocr_carea' id='block_1_86' title="bbox 2410 2678 3994 2754">
    <p class='ocr_par' dir='ltr' id='par_1_86' title="bbox 2410 2678 3994 2754">
     <span class='ocr_line' id='line_1_86' title="bbox 2410 2678 3994 2754; baseline 0.002 -22"><span class='ocrx_word' id='word_1_576' title='bbox 2410 2678 2558 2749; x_wconf 81' lang='grc' dir='ltr'>αὐτῷ</span> <span class='ocrx_word' id='word_1_577' title='bbox 2583 2680 2744 2748; x_wconf 84' lang='grc' dir='ltr'>χάριν</span> <span class='ocrx_word' id='word_1_578' title='bbox 2778 2678 2869 2730; x_wconf 86' lang='grc' dir='ltr'><strong>τοῦ</strong></span> <span class='ocrx_word' id='word_1_579' title='bbox 2909 2678 3225 2744; x_wconf 85' lang='grc' dir='ltr'>Πνεύματος</span> <span class='ocrx_word' id='word_1_580' title='bbox 3268 2680 3669 2748; x_wconf 69' lang='grc' dir='ltr'>περιέγραψεν,</span> <span class='ocrx_word' id='word_1_581' title='bbox 3703 2683 3827 2734; x_wconf 80' lang='grc' dir='ltr'>οὐδὲ</span> <span class='ocrx_word' id='word_1_582' title='bbox 3857 2684 3994 2754; x_wconf 79' lang='grc' dir='ltr'>πρὸς</span> 
     </span>
    </p>
   </div>
   <div class='ocr_carea' id='block_1_87' title="bbox 2414 2768 3994 2846">
    <p class='ocr_par' dir='ltr' id='par_1_87' title="bbox 2414 2768 3994 2846">
     <span class='ocr_line' id='line_1_87' title="bbox 2414 2768 3994 2846; baseline 0.004 -25"><span class='ocrx_word' id='word_1_583' title='bbox 2414 2771 2575 2840; x_wconf 87' lang='grc' dir='ltr'>μόνον</span> <span class='ocrx_word' id='word_1_584' title='bbox 2623 2771 2834 2832; x_wconf 74' lang='grc' dir='ltr'>ἐκεῖνος</span> <span class='ocrx_word' id='word_1_585' title='bbox 2890 2768 2950 2820; x_wconf 86' lang='grc' dir='ltr'><strong>τδ</strong></span> <span class='ocrx_word' id='word_1_586' title='bbox 3003 2769 3340 2836; x_wconf 73' lang='grc' dir='ltr'>Εὐαγγέλιον</span> <span class='ocrx_word' id='word_1_587' title='bbox 3387 2771 3661 2842; x_wconf 79' lang='grc' dir='ltr'>ὑπουργὸν</span> <span class='ocrx_word' id='word_1_588' title='bbox 3708 2773 3837 2843; x_wconf 77' lang='grc' dir='ltr'>ἔσχε</span> <span class='ocrx_word' id='word_1_589' title='bbox 3897 2779 3994 2846; x_wconf 82' lang='grc' dir='ltr'>τὴν</span> 
     </span>
    </p>
   </div>
   <div class='ocr_carea' id='block_1_88' title="bbox 2410 2860 3993 2937">
    <p class='ocr_par' dir='ltr' id='par_1_88' title="bbox 2410 2860 3993 2937">
     <span class='ocr_line' id='line_1_88' title="bbox 2410 2860 3993 2937; baseline 0.004 -23"><span class='ocrx_word' id='word_1_590' title='bbox 2410 2862 2683 2930; x_wconf 86' lang='grc' dir='ltr'>γλῶτταν,</span> <span class='ocrx_word' id='word_1_591' title='bbox 2736 2861 2874 2914; x_wconf 75' lang='grc' dir='ltr'>ἀλλὰ</span> <span class='ocrx_word' id='word_1_592' title='bbox 2919 2861 3055 2930; x_wconf 75' lang='grc' dir='ltr'>πρὸς</span> <span class='ocrx_word' id='word_1_593' title='bbox 3101 2860 3178 2932; x_wconf 84' lang='grc' dir='ltr'>τῷ</span> <span class='ocrx_word' id='word_1_594' title='bbox 3234 2862 3376 2915; x_wconf 69' lang='grc' dir='ltr'>τέλει</span> <span class='ocrx_word' id='word_1_595' title='bbox 3433 2865 3542 2916; x_wconf 81' lang='grc' dir='ltr'>τῶν</span> <span class='ocrx_word' id='word_1_596' title='bbox 3607 2864 3704 2918; x_wconf 91' lang='grc' dir='ltr'><strong>τοῦ</strong></span> <span class='ocrx_word' id='word_1_597' title='bbox 3750 2868 3993 2937; x_wconf 79' lang='grc' dir='ltr'>Χριστοῦ</span> 
     </span>
    </p>
   </div>
   <div class='ocr_carea' id='block_1_89' title="bbox 2411 2953 3991 3029">
    <p class='ocr_par' dir='ltr' id='par_1_89' title="bbox 2411 2953 3991 3029">
     <span class='ocr_line' id='line_1_89' title="bbox 2411 2953 3991 3029; baseline 0.003 -23"><span class='ocrx_word' id='word_1_598' title='bbox 2411 2953 2705 3022; x_wconf 78' lang='grc' dir='ltr'>θαυμάτων</span> <span class='ocrx_word' id='word_1_599' title='bbox 2753 2955 2848 3006; x_wconf 81' lang='grc' dir='ltr'><strong>καὶ</strong></span> <span class='ocrx_word' id='word_1_600' title='bbox 2881 2953 2975 3016; x_wconf 69' lang='grc' dir='ltr'><strong>τὰς</strong></span> <span class='ocrx_word' id='word_1_601' title='bbox 3009 2953 3117 3004; x_wconf 84' lang='grc' dir='ltr'><strong>τών</strong></span> <span class='ocrx_word' id='word_1_602' title='bbox 3166 2956 3479 3007; x_wconf 80' lang='grc' dir='ltr'>ἀποστόλων</span> <span class='ocrx_word' id='word_1_603' title='bbox 3529 2956 3809 3010; x_wconf 72' lang='grc' dir='ltr'>ἐκτίθεται</span> <span class='ocrx_word' id='word_1_604' title='bbox 3849 2961 3991 3029; x_wconf 74' lang='grc' dir='ltr'>πρά-</span> 
     </span>
    </p>
   </div>
   <div class='ocr_carea' id='block_1_90' title="bbox 2411 3046 3992 3120">
    <p class='ocr_par' dir='ltr' id='par_1_90' title="bbox 2411 3046 3992 3120">
     <span class='ocr_line' id='line_1_90' title="bbox 2411 3046 3992 3120; baseline 0.022 -47"><span class='ocrx_word' id='word_1_605' title='bbox 2411 3046 2522 3113; x_wconf 54' lang='grc' dir='ltr'><strong>ξας</strong></span> <span class='ocrx_word' id='word_1_606' title='bbox 2548 3064 2560 3076; x_wconf 92' lang='grc'><strong>.</strong></span> <span class='ocrx_word' id='word_1_607' title='bbox 2616 3049 2708 3098; x_wconf 60' lang='grc' dir='ltr'><strong>καὶ</strong></span> <span class='ocrx_word' id='word_1_608' title='bbox 2771 3046 2964 3115; x_wconf 76' lang='grc' dir='ltr'>πρῶτά</span> <span class='ocrx_word' id='word_1_609' title='bbox 3019 3062 3083 3112; x_wconf 84' lang='grc' dir='ltr'><strong>γε</strong></span> <span class='ocrx_word' id='word_1_610' title='bbox 3131 3048 3229 3117; x_wconf 79' lang='grc' dir='ltr'>τὴν</span> <span class='ocrx_word' id='word_1_611' title='bbox 3263 3047 3414 3101; x_wconf 82' lang='grc' dir='ltr'>θείαν</span> <span class='ocrx_word' id='word_1_612' title='bbox 3449 3052 3586 3120; x_wconf 74' lang='grc' dir='ltr'>πρὸς</span> <span class='ocrx_word' id='word_1_613' title='bbox 3625 3051 3863 3120; x_wconf 68' lang='grc' dir='ltr'>οὐρανὸν</span> <span class='ocrx_word' id='word_1_614' title='bbox 3897 3054 3992 3106; x_wconf 85' lang='grc' dir='ltr'><strong>τοῦ</strong></span> 
     </span>
    </p>
   </div>
   <div class='ocr_carea' id='block_1_91' title="bbox 2411 3132 3994 3213">
    <p class='ocr_par' dir='ltr' id='par_1_91' title="bbox 2411 3132 3994 3213">
     <span class='ocr_line' id='line_1_91' title="bbox 2411 3132 3994 3213; baseline 0.003 -24"><span class='ocrx_word' id='word_1_615' title='bbox 2411 3137 2664 3208; x_wconf 77' lang='grc' dir='ltr'>Σωτῆρος</span> <span class='ocrx_word' id='word_1_616' title='bbox 2731 3136 3023 3206; x_wconf 72' lang='grc' dir='ltr'>ἀνάληψιν,</span> <span class='ocrx_word' id='word_1_617' title='bbox 3055 3132 3176 3191; x_wconf 77' lang='grc' dir='ltr'>εἶτα</span> <span class='ocrx_word' id='word_1_618' title='bbox 3235 3140 3323 3191; x_wconf 77' lang='grc' dir='ltr'><strong>ἐπ’</strong></span> <span class='ocrx_word' id='word_1_619' title='bbox 3375 3140 3574 3204; x_wconf 73' lang='grc' dir='ltr'>αὐτοὺς</span> <span class='ocrx_word' id='word_1_620' title='bbox 3619 3145 3677 3194; x_wconf 81' lang='grc' dir='ltr'>ὲν</span> <span class='ocrx_word' id='word_1_621' title='bbox 3733 3144 3994 3213; x_wconf 78' lang='grc' dir='ltr'>πυρὶναις</span> 
     </span>
    </p>
   </div>
   <div class='ocr_carea' id='block_1_92' title="bbox 2407 3229 3992 3306">
    <p class='ocr_par' dir='ltr' id='par_1_92' title="bbox 2407 3229 3992 3306">
     <span class='ocr_line' id='line_1_92' title="bbox 2407 3229 3992 3306; baseline 0.004 -26"><span class='ocrx_word' id='word_1_622' title='bbox 2407 3230 2682 3296; x_wconf 82' lang='grc' dir='ltr'>γλώσσαις</span> <span class='ocrx_word' id='word_1_623' title='bbox 2731 3230 2824 3281; x_wconf 88' lang='grc' dir='ltr'><strong>τοῦ</strong></span> <span class='ocrx_word' id='word_1_624' title='bbox 2877 3230 3191 3296; x_wconf 85' lang='grc' dir='ltr'>Πνεύματος</span> <span class='ocrx_word' id='word_1_625' title='bbox 3229 3229 3624 3285; x_wconf 73' lang='grc' dir='ltr'>κάθοδον·εἶο⁹</span> <span class='ocrx_word' id='word_1_626' title='bbox 3681 3235 3828 3287; x_wconf 85' lang='grc' dir='ltr'>οῦτω</span> <span class='ocrx_word' id='word_1_627' title='bbox 3893 3239 3992 3306; x_wconf 71' lang='grc' dir='ltr'><strong>τὴν</strong></span> 
     </span>
    </p>
   </div>
   <div class='ocr_carea' id='block_1_93' title="bbox 2406 3318 3992 3394">
    <p class='ocr_par' dir='ltr' id='par_1_93' title="bbox 2406 3318 3992 3394">
     <span class='ocr_line' id='line_1_93' title="bbox 2406 3318 3992 3394; baseline 0.004 -19"><span class='ocrx_word' id='word_1_628' title='bbox 2406 3318 2499 3376; x_wconf 84' lang='grc' dir='ltr'><strong>τοῦ</strong></span> <span class='ocrx_word' id='word_1_629' title='bbox 2547 3320 2819 3389; x_wconf 85' lang='grc' dir='ltr'>Στεφάνου</span> <span class='ocrx_word' id='word_1_630' title='bbox 2855 3322 3208 3386; x_wconf 72' lang='grc' dir='ltr'>κατάλευσιν,</span> <span class='ocrx_word' id='word_1_631' title='bbox 3241 3323 3338 3393; x_wconf 79' lang='grc' dir='ltr'><strong>τὴν</strong></span> <span class='ocrx_word' id='word_1_632' title='bbox 3371 3323 3466 3376; x_wconf 85' lang='grc' dir='ltr'><strong>τοῦ</strong></span> <span class='ocrx_word' id='word_1_633' title='bbox 3505 3327 3721 3378; x_wconf 78' lang='grc' dir='ltr'>Παύλου</span> <span class='ocrx_word' id='word_1_634' title='bbox 3759 3330 3992 3394; x_wconf 69' lang='grc' dir='ltr'>μεταϐα-</span> 
     </span>
    </p>
   </div>
   <div class='ocr_carea' id='block_1_94' title="bbox 2406 3413 3993 3488">
    <p class='ocr_par' dir='ltr' id='par_1_94' title="bbox 2406 3413 3993 3488">
     <span class='ocr_line' id='line_1_94' title="bbox 2406 3413 3993 3488; baseline 0.009 -26"><span class='ocrx_word' id='word_1_635' title='bbox 2406 3413 2524 3482; x_wconf 79' lang='grc' dir='ltr'>λὴν,</span> <span class='ocrx_word' id='word_1_636' title='bbox 2556 3413 2654 3482; x_wconf 75' lang='grc' dir='ltr'><strong>τὴν</strong></span> <span class='ocrx_word' id='word_1_637' title='bbox 2691 3414 2748 3477; x_wconf 77' lang='grc' dir='ltr'><strong>ἐξ</strong></span> <span class='ocrx_word' id='word_1_638' title='bbox 2772 3415 3017 3484; x_wconf 73' lang='grc' dir='ltr'>οὐρανῶν</span> <span class='ocrx_word' id='word_1_639' title='bbox 3050 3433 3191 3484; x_wconf 80' lang='grc' dir='ltr'>φημι</span> <span class='ocrx_word' id='word_1_640' title='bbox 3220 3416 3308 3470; x_wconf 80' lang='grc' dir='ltr'><strong>διά</strong></span> <span class='ocrx_word' id='word_1_641' title='bbox 3349 3417 3588 3487; x_wconf 77' lang='grc' dir='ltr'>Χριστοῦ</span> <span class='ocrx_word' id='word_1_642' title='bbox 3643 3419 3868 3488; x_wconf 79' lang='grc' dir='ltr'>κλῆσιν,</span> <span class='ocrx_word' id='word_1_643' title='bbox 3903 3426 3993 3477; x_wconf 77' lang='grc' dir='ltr'>καὶ</span> 
     </span>
    </p>
   </div>
   <div class='ocr_carea' id='block_1_95' title="bbox 2405 3505 3988 3581">
    <p class='ocr_par' dir='ltr' id='par_1_95' title="bbox 2405 3505 3988 3581">
     <span class='ocr_line' id='line_1_95' title="bbox 2405 3505 3988 3581; baseline 0.006 -26"><span class='ocrx_word' id='word_1_644' title='bbox 2405 3505 2502 3571; x_wconf 86' lang='grc' dir='ltr'>τὴν</span> <span class='ocrx_word' id='word_1_645' title='bbox 2543 3507 2650 3556; x_wconf 74' lang='grc' dir='ltr'><strong>ἀπὸ</strong></span> <span class='ocrx_word' id='word_1_646' title='bbox 2687 3506 2783 3556; x_wconf 86' lang='grc' dir='ltr'><strong>τοῦ</strong></span> <span class='ocrx_word' id='word_1_647' title='bbox 2811 3509 3138 3574; x_wconf 84' lang='grc' dir='ltr'>γράμματος</span> <span class='ocrx_word' id='word_1_648' title='bbox 3171 3509 3263 3558; x_wconf 77' lang='grc' dir='ltr'><strong>ἐπὶ</strong></span> <span class='ocrx_word' id='word_1_649' title='bbox 3311 3510 3369 3560; x_wconf 81' lang='grc' dir='ltr'><strong>τὸ</strong></span> <span class='ocrx_word' id='word_1_650' title='bbox 3397 3511 3613 3580; x_wconf 87' lang='grc' dir='ltr'>πνεῦμα</span> <span class='ocrx_word' id='word_1_651' title='bbox 3669 3515 3988 3581; x_wconf 48' lang='grc' dir='ltr'>μετάθεσιν·</span> 
     </span>
    </p>
   </div>
   <div class='ocr_carea' id='block_1_96' title="bbox 2407 3595 3991 3667">
    <p class='ocr_par' dir='ltr' id='par_1_96' title="bbox 2407 3595 3991 3667">
     <span class='ocr_line' id='line_1_96' title="bbox 2407 3595 3991 3667; baseline 0.008 -22"><span class='ocrx_word' id='word_1_652' title='bbox 2407 3596 2473 3648; x_wconf 74' lang='grc' dir='ltr'><strong>τὰ</strong></span> <span class='ocrx_word' id='word_1_653' title='bbox 2522 3596 2663 3649; x_wconf 80' lang='grc' dir='ltr'><strong>κατὰ</strong></span> <span class='ocrx_word' id='word_1_654' title='bbox 2697 3596 2863 3648; x_wconf 81' lang='grc' dir='ltr'>τόπον</span> <span class='ocrx_word' id='word_1_655' title='bbox 2901 3595 3094 3648; x_wconf 86' lang='grc' dir='ltr'>τούτου</span> <span class='ocrx_word' id='word_1_656' title='bbox 3155 3597 3351 3665; x_wconf 79' lang='grc' dir='ltr'>δεσμὰ,</span> <span class='ocrx_word' id='word_1_657' title='bbox 3401 3602 3497 3660; x_wconf 75' lang='grc' dir='ltr'><strong>τὰς</strong></span> <span class='ocrx_word' id='word_1_658' title='bbox 3566 3602 3842 3666; x_wconf 69' lang='grc' dir='ltr'>φυλακὰς,</span> <span class='ocrx_word' id='word_1_659' title='bbox 3893 3607 3991 3667; x_wconf 74' lang='grc' dir='ltr'><strong>τας</strong></span> 
     </span>
    </p>
   </div>
   <div class='ocr_carea' id='block_1_97' title="bbox 2408 3689 3988 3765">
    <p class='ocr_par' dir='ltr' id='par_1_97' title="bbox 2408 3689 3988 3765">
     <span class='ocr_line' id='line_1_97' title="bbox 2408 3689 3988 3765; baseline 0.005 -25"><span class='ocrx_word' id='word_1_660' title='bbox 2408 3689 2643 3758; x_wconf 80' lang='grc' dir='ltr'>πληγάς,</span> <span class='ocrx_word' id='word_1_661' title='bbox 2674 3689 2801 3752; x_wconf 82' lang='grc' dir='ltr'>τους</span> <span class='ocrx_word' id='word_1_662' title='bbox 2869 3689 3219 3759; x_wconf 66' lang='grc' dir='ltr'>ραϐδισμοὶλς,</span> <span class='ocrx_word' id='word_1_663' title='bbox 3247 3691 3345 3754; x_wconf 70' lang='grc' dir='ltr'><strong>τὰς</strong></span> <span class='ocrx_word' id='word_1_664' title='bbox 3378 3691 3487 3744; x_wconf 84' lang='grc' dir='ltr'><strong>τῶν</strong></span> <span class='ocrx_word' id='word_1_665' title='bbox 3516 3691 3688 3743; x_wconf 83' lang='grc' dir='ltr'>ὲΟνῶν</span> <span class='ocrx_word' id='word_1_666' title='bbox 3721 3693 3988 3765; x_wconf 75' lang='grc' dir='ltr'>πολυτρὸ-</span> 
     </span>
    </p>
   </div>
   <div class='ocr_carea' id='block_1_98' title="bbox 2409 3780 3985 3856">
    <p class='ocr_par' dir='ltr' id='par_1_98' title="bbox 2409 3780 3985 3856">
     <span class='ocr_line' id='line_1_98' title="bbox 2409 3780 3985 3856; baseline 0.005 -26"><span class='ocrx_word' id='word_1_667' title='bbox 2409 3796 2540 3841; x_wconf 77' lang='grc' dir='ltr'>ττους</span> <span class='ocrx_word' id='word_1_668' title='bbox 2569 3780 2881 3841; x_wconf 68' lang='grc' dir='ltr'>ἑπιδουλάς,</span> <span class='ocrx_word' id='word_1_669' title='bbox 2908 3782 3004 3849; x_wconf 80' lang='grc' dir='ltr'>τὴν</span> <span class='ocrx_word' id='word_1_670' title='bbox 3045 3782 3102 3845; x_wconf 77' lang='grc' dir='ltr'>ἐξ</span> <span class='ocrx_word' id='word_1_671' title='bbox 3150 3782 3542 3853; x_wconf 72' lang='grc' dir='ltr'>Ἰεροσολύμων</span> <span class='ocrx_word' id='word_1_672' title='bbox 3583 3785 3676 3836; x_wconf 79' lang='grc' dir='ltr'><strong>ἐπὶ</strong></span> <span class='ocrx_word' id='word_1_673' title='bbox 3704 3784 3806 3856; x_wconf 82' lang='grc' dir='ltr'>τὴν</span> <span class='ocrx_word' id='word_1_674' title='bbox 3851 3787 3985 3838; x_wconf 81' lang='grc' dir='ltr'><strong>Ῥώο</strong></span> 
     </span>
    </p>
   </div>
   <div class='ocr_carea' id='block_1_99' title="bbox 2409 3869 3984 3938">
    <p class='ocr_par' dir='ltr' id='par_1_99' title="bbox 2409 3869 3984 3938">
     <span class='ocr_line' id='line_1_99' title="bbox 2409 3869 3984 3938; baseline 0.007 -21"><span class='ocrx_word' id='word_1_675' title='bbox 2409 3885 2517 3937; x_wconf 82' lang='grc' dir='ltr'>μην</span> <span class='ocrx_word' id='word_1_676' title='bbox 2557 3869 2763 3937; x_wconf 76' lang='grc' dir='ltr'>ἄφιξιν,</span> <span class='ocrx_word' id='word_1_677' title='bbox 2796 3869 2920 3931; x_wconf 76' lang='grc' dir='ltr'>τοὺς</span> <span class='ocrx_word' id='word_1_678' title='bbox 2962 3870 3100 3923; x_wconf 73' lang='grc' dir='ltr'>κατὰ</span> <span class='ocrx_word' id='word_1_679' title='bbox 3143 3869 3414 3922; x_wconf 78' lang='grc' dir='ltr'>θάλατταν</span> <span class='ocrx_word' id='word_1_680' title='bbox 3476 3875 3823 3938; x_wconf 73' lang='grc' dir='ltr'>πόνους,τάς</span> <span class='ocrx_word' id='word_1_681' title='bbox 3873 3875 3984 3928; x_wconf 71' lang='grc' dir='ltr'><strong>θλί-</strong></span> 
     </span>
    </p>
   </div>
   <div class='ocr_carea' id='block_1_100' title="bbox 2404 3964 3987 4037">
    <p class='ocr_par' dir='ltr' id='par_1_100' title="bbox 2404 3964 3987 4037">
     <span class='ocr_line' id='line_1_100' title="bbox 2404 3964 3987 4037; baseline 0.016 -24"><span class='ocrx_word' id='word_1_682' title='bbox 2404 3964 2546 4032; x_wconf 68' lang='grc' dir='ltr'>ψεις,</span> <span class='ocrx_word' id='word_1_683' title='bbox 2589 3967 2714 4026; x_wconf 70' lang='grc' dir='ltr'>τοὺς</span> <span class='ocrx_word' id='word_1_684' title='bbox 2773 3964 3076 4030; x_wconf 77' lang='grc' dir='ltr'>κινδύνους,</span> <span class='ocrx_word' id='word_1_685' title='bbox 3107 3965 3206 4028; x_wconf 78' lang='grc' dir='ltr'><strong>τὰς</strong></span> <span class='ocrx_word' id='word_1_686' title='bbox 3272 3966 3582 4036; x_wconf 71' lang='grc' dir='ltr'>συμφορὰς.</span> <span class='ocrx_word' id='word_1_687' title='bbox 3610 3969 3678 4019; x_wconf 75' lang='grc' dir='ltr'><strong>τά</strong></span> <span class='ocrx_word' id='word_1_688' title='bbox 3727 3971 3987 4037; x_wconf 53' lang='lat'><strong>“9&amp;7”-</strong></span> 
     </span>
    </p>
   </div>
   <div class='ocr_carea' id='block_1_101' title="bbox 2409 4051 3990 4130">
    <p class='ocr_par' dir='ltr' id='par_1_101' title="bbox 2409 4051 3990 4130">
     <span class='ocr_line' id='line_1_101' title="bbox 2409 4051 3990 4130; baseline 0.004 -21"><span class='ocrx_word' id='word_1_689' title='bbox 2409 4051 2506 4109; x_wconf 84' lang='grc' dir='ltr'>Ὧν</span> <span class='ocrx_word' id='word_1_690' title='bbox 2544 4057 2605 4109; x_wconf 84' lang='grc' dir='ltr'>οὺ</span> <span class='ocrx_word' id='word_1_691' title='bbox 2644 4058 2842 4126; x_wconf 78' lang='grc' dir='ltr'>θεατὴς</span> <span class='ocrx_word' id='word_1_692' title='bbox 2899 4059 3080 4125; x_wconf 86' lang='grc' dir='ltr'>μόνον,</span> <span class='ocrx_word' id='word_1_693' title='bbox 3130 4057 3265 4111; x_wconf 81' lang='grc' dir='ltr'>ἀλλὰ</span> <span class='ocrx_word' id='word_1_694' title='bbox 3317 4062 3412 4111; x_wconf 73' lang='grc' dir='ltr'>καὶ</span> <span class='ocrx_word' id='word_1_695' title='bbox 3462 4060 3720 4122; x_wconf 78' lang='grc' dir='ltr'>κοινωνὸς</span> <span class='ocrx_word' id='word_1_696' title='bbox 3753 4055 3826 4130; x_wconf 77' lang='grc' dir='ltr'>ἦν</span> <span class='ocrx_word' id='word_1_697' title='bbox 3852 4077 3866 4090; x_wconf 87' lang='grc'><strong>·</strong></span> <span class='ocrx_word' id='word_1_698' title='bbox 3896 4067 3990 4116; x_wconf 73' lang='grc' dir='ltr'>καὶ</span> 
     </span>
    </p>
   </div>
   <div class='ocr_carea' id='block_1_102' title="bbox 2404 4148 3990 4220">
    <p class='ocr_par' dir='ltr' id='par_1_102' title="bbox 2404 4148 3990 4220">
     <span class='ocr_line' id='line_1_102' title="bbox 2404 4148 3990 4220; baseline 0.005 -20"><span class='ocrx_word' id='word_1_699' title='bbox 2404 4149 2492 4200; x_wconf 67' lang='grc' dir='ltr'><strong>διὰ</strong></span> <span class='ocrx_word' id='word_1_700' title='bbox 2545 4148 2706 4201; x_wconf 85' lang='grc' dir='ltr'>τοῦτο</span> <span class='ocrx_word' id='word_1_701' title='bbox 2744 4153 2834 4200; x_wconf 72' lang='grc' dir='ltr'><strong>καὶ</strong></span> <span class='ocrx_word' id='word_1_702' title='bbox 2890 4151 3123 4220; x_wconf 79' lang='grc' dir='ltr'>ἀκριϐὴς</span> <span class='ocrx_word' id='word_1_703' title='bbox 3186 4152 3404 4204; x_wconf 71' lang='grc' dir='ltr'>πάντων</span> <span class='ocrx_word' id='word_1_704' title='bbox 3459 4152 3754 4220; x_wconf 76' lang='grc' dir='ltr'><strong>ἐξηγητής.</strong></span> <span class='ocrx_word' id='word_1_705' title='bbox 3829 4155 3990 4208; x_wconf 68' lang='grc' dir='ltr'>Ἀλλὰ</span> 
     </span>
    </p>
   </div>
   <div class='ocr_carea' id='block_1_103' title="bbox 2407 4238 3982 4312">
    <p class='ocr_par' dir='ltr' id='par_1_103' title="bbox 2407 4238 3982 4312">
     <span class='ocr_line' id='line_1_103' title="bbox 2407 4238 3982 4312; baseline 0.005 -22"><span class='ocrx_word' id='word_1_706' title='bbox 2407 4238 2614 4291; x_wconf 79' lang='grc' dir='ltr'>Παῦλον</span> <span class='ocrx_word' id='word_1_707' title='bbox 2649 4239 2745 4308; x_wconf 82' lang='grc' dir='ltr'>μὲν</span> <span class='ocrx_word' id='word_1_708' title='bbox 2791 4243 2848 4292; x_wconf 82' lang='grc' dir='ltr'>ἐν</span> <span class='ocrx_word' id='word_1_709' title='bbox 2910 4239 3094 4310; x_wconf 80' lang='grc' dir='ltr'>Ῥώμῃ</span> <span class='ocrx_word' id='word_1_710' title='bbox 3127 4241 3462 4306; x_wconf 79' lang='grc' dir='ltr'>καταλιπὼν,</span> <span class='ocrx_word' id='word_1_711' title='bbox 3497 4244 3628 4312; x_wconf 85' lang='grc' dir='ltr'>πρὸς</span> <span class='ocrx_word' id='word_1_712' title='bbox 3665 4244 3783 4295; x_wconf 81' lang='grc' dir='ltr'><strong>Ἕω</strong></span> <span class='ocrx_word' id='word_1_713' title='bbox 3821 4247 3982 4299; x_wconf 67' lang='grc' dir='ltr'>πάλιν</span> 
     </span>
    </p>
   </div>
   <div class='ocr_carea' id='block_1_104' title="bbox 2404 4324 3983 4404">
    <p class='ocr_par' dir='ltr' id='par_1_104' title="bbox 2404 4324 3983 4404">
     <span class='ocr_line' id='line_1_104' title="bbox 2404 4324 3983 4404; baseline 0.005 -22"><span class='ocrx_word' id='word_1_714' title='bbox 2404 4324 2554 4393; x_wconf 79' lang='grc' dir='ltr'>οὗτος</span> <span class='ocrx_word' id='word_1_715' title='bbox 2593 4331 2840 4403; x_wconf 82' lang='grc' dir='ltr'>ἀπαίρει,</span> <span class='ocrx_word' id='word_1_716' title='bbox 2862 4333 2990 4402; x_wconf 79' lang='grc' dir='ltr'>ὃλην</span> <span class='ocrx_word' id='word_1_717' title='bbox 3027 4351 3085 4386; x_wconf 82' lang='grc' dir='ltr'><strong>τε</strong></span> <span class='ocrx_word' id='word_1_718' title='bbox 3130 4334 3340 4404; x_wconf 81' lang='grc' dir='ltr'>Λιϐύην</span> <span class='ocrx_word' id='word_1_719' title='bbox 3402 4335 3868 4404; x_wconf 81' lang='grc' dir='ltr'>διαδραμὼντοῖς</span> <span class='ocrx_word' id='word_1_720' title='bbox 3898 4341 3983 4390; x_wconf 74' lang='grc' dir='ltr'><strong>ἐπ’</strong></span> 
     </span>
    </p>
   </div>
   <div class='ocr_carea' id='block_1_105' title="bbox 2404 4421 3985 4496">
    <p class='ocr_par' dir='ltr' id='par_1_105' title="bbox 2404 4421 3985 4496">
     <span class='ocr_line' id='line_1_105' title="bbox 2404 4421 3985 4496; baseline 0.005 -22"><span class='ocrx_word' id='word_1_721' title='bbox 2404 4421 2681 4488; x_wconf 74' lang='grc' dir='ltr'>Αἰγύπτου</span> <span class='ocrx_word' id='word_1_722' title='bbox 2706 4424 2960 4490; x_wconf 72' lang='grc' dir='ltr'>ἐπιδημεῖ</span> <span class='ocrx_word' id='word_1_723' title='bbox 2983 4440 2996 4452; x_wconf 91' lang='grc'><strong>·</strong></span> <span class='ocrx_word' id='word_1_724' title='bbox 3025 4427 3119 4477; x_wconf 74' lang='grc' dir='ltr'><strong>καὶ</strong></span> <span class='ocrx_word' id='word_1_725' title='bbox 3147 4425 3245 4495; x_wconf 81' lang='grc' dir='ltr'>τὴν</span> <span class='ocrx_word' id='word_1_726' title='bbox 3276 4426 3388 4478; x_wconf 79' lang='grc' dir='ltr'><strong>ἄνω</strong></span> <span class='ocrx_word' id='word_1_727' title='bbox 3413 4426 3786 4496; x_wconf 77' lang='grc' dir='ltr'>Θηὸαἲδα’τῆς</span> <span class='ocrx_word' id='word_1_728' title='bbox 3820 4431 3985 4482; x_wconf 84' lang='grc' dir='ltr'>αὑτοῦ</span> 
     </span>
    </p>
   </div>
   <div class='ocr_carea' id='block_1_106' title="bbox 2330 4512 3980 4609">
    <p class='ocr_par' dir='ltr' id='par_1_106' title="bbox 2330 4512 3980 4609">
     <span class='ocr_line' id='line_1_106' title="bbox 2330 4512 3980 4609; baseline 0.005 -44"><span class='ocrx_word' id='word_1_729' title='bbox 2330 4547 2382 4609; x_wconf 77' lang='lat' dir='ltr'><strong>D</strong></span> <span class='ocrx_word' id='word_1_730' title='bbox 2407 4512 2758 4577; x_wconf 76' lang='grc' dir='ltr'>διδασκαλίας</span> <span class='ocrx_word' id='word_1_731' title='bbox 2798 4517 2932 4567; x_wconf 76' lang='grc' dir='ltr'>εἰσιν</span> <span class='ocrx_word' id='word_1_732' title='bbox 2984 4514 3184 4582; x_wconf 73' lang='grc' dir='ltr'>λαϐὼν,</span> <span class='ocrx_word' id='word_1_733' title='bbox 3212 4516 3291 4588; x_wconf 79' lang='grc' dir='ltr'>τῷ</span> <span class='ocrx_word' id='word_1_734' title='bbox 3331 4516 3637 4588; x_wconf 80' lang='grc' dir='ltr'>διδασκάλῳ</span> <span class='ocrx_word' id='word_1_735' title='bbox 3669 4536 3727 4570; x_wconf 88' lang='grc' dir='ltr'><strong>τε</strong></span> <span class='ocrx_word' id='word_1_736' title='bbox 3766 4521 3856 4572; x_wconf 74' lang='grc' dir='ltr'>διὰ</span> <span class='ocrx_word' id='word_1_737' title='bbox 3885 4521 3980 4574; x_wconf 85' lang='grc' dir='ltr'><strong>τοῦ</strong></span> 
     </span>
    </p>
   </div>
   <div class='ocr_carea' id='block_1_107' title="bbox 2408 4609 3983 4681">
    <p class='ocr_par' dir='ltr' id='par_1_107' title="bbox 2408 4609 3983 4681">
     <span class='ocr_line' id='line_1_107' title="bbox 2408 4609 3983 4681; baseline 0.004 -21"><span class='ocrx_word' id='word_1_738' title='bbox 2408 4609 2742 4675; x_wconf 82' lang='grc' dir='ltr'>Εὑαγγελίου</span> <span class='ocrx_word' id='word_1_739' title='bbox 2770 4610 3158 4678; x_wconf 81' lang='grc' dir='ltr'>προσαγαγὼν,</span> <span class='ocrx_word' id='word_1_740' title='bbox 3178 4613 3243 4679; x_wconf 77' lang='grc' dir='ltr'>τῇ</span> <span class='ocrx_word' id='word_1_741' title='bbox 3279 4612 3431 4665; x_wconf 86' lang='grc' dir='ltr'>κάτω</span> <span class='ocrx_word' id='word_1_742' title='bbox 3455 4613 3682 4681; x_wconf 75' lang='grc' dir='ltr'>Θηϐαΐδι</span> <span class='ocrx_word' id='word_1_743' title='bbox 3713 4616 3781 4681; x_wconf 80' lang='grc' dir='ltr'>τῇ</span> <span class='ocrx_word' id='word_1_744' title='bbox 3815 4616 3983 4667; x_wconf 80' lang='grc' dir='ltr'>ἑπτα-</span> 
     </span>
    </p>
   </div>
   <div class='ocr_carea' id='block_1_108' title="bbox 2403 4696 3982 4772">
    <p class='ocr_par' dir='ltr' id='par_1_108' title="bbox 2403 4696 3982 4772">
     <span class='ocr_line' id='line_1_108' title="bbox 2403 4696 3982 4772; baseline 0.006 -22"><span class='ocrx_word' id='word_1_745' title='bbox 2403 4699 2555 4768; x_wconf 80' lang='grc' dir='ltr'>πύλῳ</span> <span class='ocrx_word' id='word_1_746' title='bbox 2621 4700 2925 4766; x_wconf 71' lang='grc' dir='ltr'>ἐφίσταται,</span> <span class='ocrx_word' id='word_1_747' title='bbox 2999 4700 3086 4767; x_wconf 62' lang='grc' dir='ltr'><strong>ἐφ’</strong></span> <span class='ocrx_word' id='word_1_748' title='bbox 3216 4705 3309 4754; x_wconf 75' lang='grc' dir='ltr'>καὶ</span> <span class='ocrx_word' id='word_1_749' title='bbox 3364 4704 3655 4772; x_wconf 71' lang='grc' dir='ltr'>ἀρχιερεῦς</span> <span class='ocrx_word' id='word_1_750' title='bbox 3706 4705 3814 4756; x_wconf 82' lang='grc' dir='ltr'>ὑπὸ</span> <span class='ocrx_word' id='word_1_751' title='bbox 3891 4709 3982 4760; x_wconf 83' lang='grc' dir='ltr'><strong>τοῦ</strong></span> 
     </span>
    </p>
   </div>
   <div class='ocr_carea' id='block_1_109' title="bbox 2404 4791 3982 4867">
    <p class='ocr_par' dir='ltr' id='par_1_109' title="bbox 2404 4791 3982 4867">
     <span class='ocr_line' id='line_1_109' title="bbox 2404 4791 3982 4867; baseline 0.005 -23"><span class='ocrx_word' id='word_1_752' title='bbox 2404 4791 2718 4858; x_wconf 81' lang='grc' dir='ltr'>Πνεύματος</span> <span class='ocrx_word' id='word_1_753' title='bbox 2758 4793 2854 4845; x_wconf 78' lang='grc' dir='ltr'><strong>καὶ</strong></span> <span class='ocrx_word' id='word_1_754' title='bbox 2891 4795 3096 4864; x_wconf 72' lang='grc' dir='ltr'>ποιμὴν</span> <span class='ocrx_word' id='word_1_755' title='bbox 3139 4795 3573 4864; x_wconf 72' lang='grc' dir='ltr'>προχειρίζεται.</span> <span class='ocrx_word' id='word_1_756' title='bbox 3604 4796 3904 4867; x_wconf 80' lang='grc' dir='ltr'>Ἰδρύματα</span> <span class='ocrx_word' id='word_1_757' title='bbox 3928 4801 3982 4852; x_wconf 66' lang='grc' dir='ltr'>δὲ</span> 
     </span>
    </p>
   </div>
   <div class='ocr_carea' id='block_1_110' title="bbox 2406 4884 3983 4955">
    <p class='ocr_par' dir='ltr' id='par_1_110' title="bbox 2406 4884 3983 4955">
     <span class='ocr_line' id='line_1_110' title="bbox 2406 4884 3983 4955; baseline 0.004 -18"><span class='ocrx_word' id='word_1_758' title='bbox 2406 4884 2499 4937; x_wconf 83' lang='grc' dir='ltr'>καὶ</span> <span class='ocrx_word' id='word_1_759' title='bbox 2532 4889 2734 4952; x_wconf 83' lang='grc' dir='ltr'>τεμένη</span> <span class='ocrx_word' id='word_1_760' title='bbox 2767 4887 2939 4952; x_wconf 71' lang='grc' dir='ltr'>μιαρὰ</span> <span class='ocrx_word' id='word_1_761' title='bbox 2965 4885 3233 4954; x_wconf 84' lang='grc' dir='ltr'>δαιμόνων</span> <span class='ocrx_word' id='word_1_762' title='bbox 3281 4889 3359 4948; x_wconf 80' lang='grc' dir='ltr'>εἰς</span> <span class='ocrx_word' id='word_1_763' title='bbox 3400 4887 3595 4955; x_wconf 70' lang='grc' dir='ltr'>ἔδαφος</span> <span class='ocrx_word' id='word_1_764' title='bbox 3645 4894 3983 4953; x_wconf 75' lang='grc' dir='ltr'>κατασείσας</span> 
     </span>
    </p>
   </div>
   <div class='ocr_carea' id='block_1_111' title="bbox 2403 4976 3982 5051">
    <p class='ocr_par' dir='ltr' id='par_1_111' title="bbox 2403 4976 3982 5051">
     <span class='ocr_line' id='line_1_111' title="bbox 2403 4976 3982 5051; baseline 0.003 -23"><span class='ocrx_word' id='word_1_765' title='bbox 2403 4976 2582 5048; x_wconf 82' lang='grc' dir='ltr'>(τοῦτο</span> <span class='ocrx_word' id='word_1_766' title='bbox 2637 4977 2746 5046; x_wconf 85' lang='grc' dir='ltr'>γὰρ</span> <span class='ocrx_word' id='word_1_767' title='bbox 2780 4980 2810 5045; x_wconf 84' lang='grc' dir='ltr'><strong>ή</strong></span> <span class='ocrx_word' id='word_1_768' title='bbox 2842 4977 3046 5046; x_wconf 78' lang='grc' dir='ltr'>σπουδὴ</span> <span class='ocrx_word' id='word_1_769' title='bbox 3085 4977 3159 5046; x_wconf 84' lang='grc' dir='ltr'><strong>τῷ</strong></span> <span class='ocrx_word' id='word_1_770' title='bbox 3188 4979 3365 5049; x_wconf 73' lang='grc' dir='ltr'>ἀνδρὶ,</span> <span class='ocrx_word' id='word_1_771' title='bbox 3419 4982 3637 5051; x_wconf 78' lang='grc' dir='ltr'>ἀπάτην</span> <span class='ocrx_word' id='word_1_772' title='bbox 3701 4983 3811 5051; x_wconf 79' lang='grc' dir='ltr'><strong>ὅλῳ</strong></span> <span class='ocrx_word' id='word_1_773' title='bbox 3861 4984 3982 5035; x_wconf 76' lang='grc' dir='ltr'>ποδὶ</span> 
     </span>
    </p>
   </div>
   <div class='ocr_carea' id='block_1_112' title="bbox 2401 5069 3981 5144">
    <p class='ocr_par' dir='ltr' id='par_1_112' title="bbox 2401 5069 3981 5144">
     <span class='ocr_line' id='line_1_112' title="bbox 2401 5069 3981 5144; baseline 0.004 -24"><span class='ocrx_word' id='word_1_774' title='bbox 2401 5069 2709 5139; x_wconf 76' lang='grc' dir='ltr'>φεύγουσαν</span> <span class='ocrx_word' id='word_1_775' title='bbox 2766 5069 3088 5139; x_wconf 78' lang='grc' dir='ltr'>ἀποδεῖξαι),</span> <span class='ocrx_word' id='word_1_776' title='bbox 3146 5073 3323 5141; x_wconf 71' lang='grc' dir='ltr'>ἱερούς</span> <span class='ocrx_word' id='word_1_777' title='bbox 3349 5073 3423 5141; x_wconf 81' lang='grc' dir='ltr'><strong>τῷ</strong></span> <span class='ocrx_word' id='word_1_778' title='bbox 3459 5075 3602 5144; x_wconf 83' lang='grc' dir='ltr'>μόνῳ</span> <span class='ocrx_word' id='word_1_779' title='bbox 3660 5074 3782 5141; x_wconf 72' lang='grc' dir='ltr'><strong>Θεῲ</strong></span> <span class='ocrx_word' id='word_1_780' title='bbox 3824 5076 3981 5132; x_wconf 74' lang='grc' dir='ltr'>ναοὺς</span> 
     </span>
    </p>
   </div>
   <div class='ocr_carea' id='block_1_113' title="bbox 2399 5163 3984 5236">
    <p class='ocr_par' dir='ltr' id='par_1_113' title="bbox 2399 5163 3984 5236">
     <span class='ocr_line' id='line_1_113' title="bbox 2399 5163 3984 5236; baseline 0.001 -20"><span class='ocrx_word' id='word_1_781' title='bbox 2399 5163 2778 5232; x_wconf 83' lang='grc' dir='ltr'>ἀντανίστησι.</span> <span class='ocrx_word' id='word_1_782' title='bbox 2821 5165 2912 5216; x_wconf 72' lang='grc' dir='ltr'>καὶ</span> <span class='ocrx_word' id='word_1_783' title='bbox 2943 5166 3066 5225; x_wconf 84' lang='grc' dir='ltr'>τοὺς</span> <span class='ocrx_word' id='word_1_784' title='bbox 3099 5165 3201 5216; x_wconf 81' lang='grc' dir='ltr'>ὑπὸ</span> <span class='ocrx_word' id='word_1_785' title='bbox 3232 5164 3387 5234; x_wconf 80' lang='grc' dir='ltr'>βαθεῖ</span> <span class='ocrx_word' id='word_1_786' title='bbox 3416 5166 3595 5234; x_wconf 85' lang='grc' dir='ltr'>σκότῳ</span> <span class='ocrx_word' id='word_1_787' title='bbox 3626 5168 3724 5236; x_wconf 82' lang='grc' dir='ltr'>τῆς</span> <span class='ocrx_word' id='word_1_788' title='bbox 3758 5168 3984 5236; x_wconf 80' lang='grc' dir='ltr'>ἀγνοίας</span> 
     </span>
    </p>
   </div>
   <div class='ocr_carea' id='block_1_114' title="bbox 2131 5251 3981 5329">
    <p class='ocr_par' dir='ltr' id='par_1_114' title="bbox 2131 5251 3981 5329">
     <span class='ocr_line' id='line_1_114' title="bbox 2131 5251 3981 5329; baseline 0.005 -25"><span class='ocrx_word' id='word_1_789' title='bbox 2131 5251 2460 5324; x_wconf 77' lang='grc' dir='ltr'>θεογνωσίαν</span> <span class='ocrx_word' id='word_1_790' title='bbox 2524 5257 2918 5324; x_wconf 75' lang='grc' dir='ltr'>ἀναγεννήσας,</span> <span class='ocrx_word' id='word_1_791' title='bbox 2979 5257 3126 5318; x_wconf 79' lang='grc' dir='ltr'>υἱοὺς</span> <span class='ocrx_word' id='word_1_792' title='bbox 3206 5258 3416 5327; x_wconf 77' lang='grc' dir='ltr'>ἡμέρας</span> <span class='ocrx_word' id='word_1_793' title='bbox 3494 5257 3750 5323; x_wconf 81' lang='grc' dir='ltr'>γενέσθαι</span> <span class='ocrx_word' id='word_1_794' title='bbox 3813 5275 3981 5329; x_wconf 78' lang='grc' dir='ltr'>παρα-</span> 
     </span>
    </p>
   </div>
   <div class='ocr_carea' id='block_1_115' title="bbox 2472 5438 3974 5510">
    <p class='ocr_par' dir='ltr' id='par_1_115' title="bbox 2472 5438 3974 5510">
     <span class='ocr_line' id='line_1_115' title="bbox 2472 5438 3974 5510; baseline 0.001 -17"><span class='ocrx_word' id='word_1_795' title='bbox 2472 5438 2554 5494; x_wconf 84' lang='lat' dir='ltr'><strong>H&#39;.</strong></span> <span class='ocrx_word' id='word_1_796' title='bbox 2577 5439 2864 5500; x_wconf 82' lang='grc' dir='ltr'>Τοιούτους</span> <span class='ocrx_word' id='word_1_797' title='bbox 2876 5438 3162 5508; x_wconf 77' lang='grc' dir='ltr'>τοιγαροῦν</span> <span class='ocrx_word' id='word_1_798' title='bbox 3179 5439 3254 5508; x_wconf 82' lang='grc' dir='ltr'>τῷ</span> <span class='ocrx_word' id='word_1_799' title='bbox 3269 5439 3575 5508; x_wconf 78' lang='grc' dir='ltr'>διδασκάλῳ</span> <span class='ocrx_word' id='word_1_800' title='bbox 3595 5443 3974 5510; x_wconf 64' lang='grc' dir='ltr'>προσενεγκὼν</span> 
     </span>
    </p>
   </div>
   <div class='ocr_carea' id='block_1_116' title="bbox 2399 5529 3973 5598">
    <p class='ocr_par' dir='ltr' id='par_1_116' title="bbox 2399 5529 3973 5598">
     <span class='ocr_line' id='line_1_116' title="bbox 2399 5529 3973 5598; baseline 0.006 -24"><span class='ocrx_word' id='word_1_801' title='bbox 2399 5535 2522 5592; x_wconf 75' lang='grc' dir='ltr'>τοὺς</span> <span class='ocrx_word' id='word_1_802' title='bbox 2559 5531 2826 5597; x_wconf 80' lang='grc' dir='ltr'>καρποὺς,</span> <span class='ocrx_word' id='word_1_803' title='bbox 2875 5533 2938 5580; x_wconf 81' lang='grc' dir='ltr'>ἐκ</span> <span class='ocrx_word' id='word_1_804' title='bbox 2993 5532 3158 5598; x_wconf 83' lang='grc' dir='ltr'>μέσου</span> <span class='ocrx_word' id='word_1_805' title='bbox 3192 5545 3250 5579; x_wconf 87' lang='grc' dir='ltr'><strong>τε</strong></span> <span class='ocrx_word' id='word_1_806' title='bbox 3281 5529 3506 5596; x_wconf 82' lang='grc' dir='ltr'>θέμενος</span> <span class='ocrx_word' id='word_1_807' title='bbox 3558 5531 3658 5598; x_wconf 78' lang='grc' dir='ltr'>τὴν</span> <span class='ocrx_word' id='word_1_808' title='bbox 3697 5529 3973 5598; x_wconf 73' lang='grc' dir='ltr'>ἀσιόειαν,</span> 
     </span>
    </p>
   </div>
   <div class='ocr_carea' id='block_1_117' title="bbox 2399 5621 3971 5692">
    <p class='ocr_par' dir='ltr' id='par_1_117' title="bbox 2399 5621 3971 5692">
     <span class='ocr_line' id='line_1_117' title="bbox 2399 5621 3971 5692; baseline -0.002 -16"><span class='ocrx_word' id='word_1_809' title='bbox 2399 5626 2557 5684; x_wconf 70' lang='grc' dir='ltr'>ναοὺς</span> <span class='ocrx_word' id='word_1_810' title='bbox 2587 5625 2895 5692; x_wconf 77' lang='grc' dir='ltr'>ἀνεγείρας,</span> <span class='ocrx_word' id='word_1_811' title='bbox 2928 5621 3293 5690; x_wconf 79' lang='grc' dir='ltr'>θυσιαστήρια</span> <span class='ocrx_word' id='word_1_812' title='bbox 3328 5621 3661 5691; x_wconf 76' lang='grc' dir='ltr'>πηξάμενος,</span> <span class='ocrx_word' id='word_1_813' title='bbox 3683 5623 3778 5673; x_wconf 78' lang='grc' dir='ltr'><strong>καὶ</strong></span> <span class='ocrx_word' id='word_1_814' title='bbox 3805 5626 3971 5678; x_wconf 75' lang='grc' dir='ltr'>ταῦτα</span> 
     </span>
    </p>
   </div>
   <div class='ocr_carea' id='block_1_118' title="bbox 2401 5712 3966 5783">
    <p class='ocr_par' dir='ltr' id='par_1_118' title="bbox 2401 5712 3966 5783">
     <span class='ocr_line' id='line_1_118' title="bbox 2401 5712 3966 5783; baseline -0.001 -19"><span class='ocrx_word' id='word_1_815' title='bbox 2401 5714 2768 5783; x_wconf 68' lang='grc' dir='ltr'>καθιερώσας,</span> <span class='ocrx_word' id='word_1_816' title='bbox 2801 5716 2894 5765; x_wconf 85' lang='grc' dir='ltr'>καί</span> <span class='ocrx_word' id='word_1_817' title='bbox 2945 5713 3048 5764; x_wconf 76' lang='grc' dir='ltr'>ὑπὸ</span> <span class='ocrx_word' id='word_1_818' title='bbox 3077 5712 3184 5763; x_wconf 85' lang='grc' dir='ltr'><strong>τών</strong></span> <span class='ocrx_word' id='word_1_819' title='bbox 3219 5716 3630 5765; x_wconf 74' lang='grc' dir='ltr'>πιστευσάντων</span> <span class='ocrx_word' id='word_1_820' title='bbox 3673 5715 3966 5780; x_wconf 71' lang='grc' dir='ltr'>πρεσσυτέ-</span> 
     </span>
    </p>
   </div>
   <div class='ocr_carea' id='block_1_119' title="bbox 2404 5802 3966 5876">
    <p class='ocr_par' dir='ltr' id='par_1_119' title="bbox 2404 5802 3966 5876">
     <span class='ocr_line' id='line_1_119' title="bbox 2404 5802 3966 5876; baseline -0.004 -18"><span class='ocrx_word' id='word_1_821' title='bbox 2404 5823 2526 5876; x_wconf 77' lang='grc' dir='ltr'>ρους</span> <span class='ocrx_word' id='word_1_822' title='bbox 2569 5807 2661 5859; x_wconf 62' lang='grc' dir='ltr'>καὶ</span> <span class='ocrx_word' id='word_1_823' title='bbox 2691 5806 2967 5868; x_wconf 77' lang='grc' dir='ltr'>διακόνους</span> <span class='ocrx_word' id='word_1_824' title='bbox 2999 5807 3055 5856; x_wconf 80' lang='grc' dir='ltr'>ἐν</span> <span class='ocrx_word' id='word_1_825' title='bbox 3082 5804 3293 5869; x_wconf 85' lang='grc' dir='ltr'>τούτοις</span> <span class='ocrx_word' id='word_1_826' title='bbox 3319 5802 3732 5873; x_wconf 79' lang='grc' dir='ltr'>χειροτονήσας,</span> <span class='ocrx_word' id='word_1_827' title='bbox 3767 5808 3854 5859; x_wconf 76' lang='grc' dir='ltr'><strong>καὶ</strong></span> <span class='ocrx_word' id='word_1_828' title='bbox 3883 5805 3966 5852; x_wconf 63' lang='grc' dir='ltr'>τὴν</span> 
     </span>
    </p>
   </div>
  </div>
