4188 6432
745 384 878 448 1139

2021 374 2304 434 MENSIS
2346 375 2709 436 OCTOBER.

3838 368 3989 432 1140

735 497 1062 552 intermedio
1093 495 1255 548 etiam
1289 493 1636 545 Timotheum
1669 491 1760 560 qui
1816 491 1868 543 in
1912 490 2079 544 choro
2133 491 2300 543 disci-

2413 496 2619 562 μόθεον,
2643 497 2735 549 τὸν
2762 498 2838 564 τῷ
2870 496 3014 567 χορῷ
3043 498 3150 550 τῶν
3196 496 3292 548 τοῦ
3327 493 3561 564 Χριστοῦ
3602 491 3868 562 μαθητῶν
3898 488 3991 544 οἷά

737 592 988 660 pulorum
1055 587 1252 640 Christi
1313 586 1460 639 velut
1510 587 1792 654 perspicua
1851 584 2093 651 quaedam
2145 584 2299 636 stella

738 680 1107 748 splenduerat,
1177 692 1243 731 ex
1305 674 1521 744 Epheso
1576 672 1742 728 refert
1799 674 1983 737 loniaz,
2055 674 2302 726 ministro

738 787 952 841 quoque
977 784 1191 824 rursum
1223 768 1289 820 ad
1323 768 1423 821 hoc
1451 782 1582 819 usus
1634 765 1896 818 Artemio.
1952 763 2056 817 Sed
2116 764 2304 817 habuit

737 875 786 916 et
833 867 1006 928 ipsum
1048 877 1215 915 sacra:
1250 875 1451 912 mensa:
1479 858 1736 917 ambitus,
1769 856 1934 908 veluti
1985 856 2302 908 reddentem

737 956 984 1008 debitum
1014 954 1285 1022 quoddam
1320 953 1540 1022 pietatis
1566 952 1680 1004 suis
1728 949 2164 1005 anxiliatoribus.
2200 948 2302 1002 Vc-

742 1064 858 1100 rum
895 1048 1214 1099 Timotheus
1243 1045 1459 1113 quidem
1487 1043 1794 1113 huiusmodi
1818 1042 2010 1096 habuit
2059 1041 2304 1110 corporis

739 1139 1134 1190 reductioncm.

807 1233 896 1285 XI.
929 1231 1097 1284 Porro
1132 1232 1183 1284 in
1224 1231 1332 1284 divi
1385 1231 1544 1283 Lucae
1597 1229 1916 1282 reductione
1974 1227 2078 1281 tale
2126 1226 2303 1280 editur

738 1323 1060 1378 miraculum
1093 1337 1345 1377 sermone
1376 1337 1438 1376 ac
1482 1322 1745 1375 memoria
1780 1322 2028 1385 dignum.
2095 1319 2304 1370 Anato-

741 1419 845 1470 lius
907 1415 1125 1483 quidam
1187 1418 1471 1468 eunuchus
1529 1427 1668 1466 unus
1721 1428 1912 1465 eorum
1959 1412 2048 1479 qui
2109 1421 2239 1463 tunc
2277 1425 2306 1462 e

741 1510 887 1577 regio
916 1508 1366 1567 erantcubiculo,
1417 1507 1616 1559 misero
1678 1505 1923 1573 corporis
1982 1503 2173 1555 morbo
2215 1502 2308 1553 de-

741 1613 921 1656 tentus
943 1609 1081 1655 erat.
1111 1600 1217 1656 Ubi
1244 1615 1368 1669 ergo
1401 1599 1665 1664 maiorem
1697 1597 1851 1650 novit
1880 1610 2001 1648 esse
2059 1595 2305 1647 morbum

739 1712 900 1765 quam
944 1696 1034 1764 qui
1097 1694 1429 1747 medicorum
1474 1702 1654 1760 posset
1704 1699 1823 1743 arte
1871 1690 2096 1755 curari,
2141 1687 2306 1756 probe

741 1791 922 1842 sciens
953 1788 1041 1842 ille
1067 1787 1207 1856 quod
1233 1803 1351 1854 qua:
1381 1784 1733 1854 impossibilia
1771 1791 1894 1837 sunt
1928 1783 2071 1849 apud
2127 1782 2304 1834 homi-

743 1896 863 1941 nes,
903 1880 1014 1931 l)eo
1070 1879 1352 1946 possibilia
1412 1888 1559 1940 sunt,
1630 1875 1883 1927 omnibus
1919 1874 2040 1927 aliis
2082 1873 2304 1934 relictis,

742 1970 807 2023 ad
857 1970 1056 2022 Lucam
1092 1967 1295 2020 Ghristi
1343 1966 1668 2033 discipulum
1723 1961 2002 2030 confugit,
2087 1973 2143 2016 et
2203 1964 2305 2016 hoc

741 2064 1069 2122 auxiliatore
1116 2061 1287 2115 utitur
1350 2062 1612 2114 adversus
1669 2059 1942 2112 morbum.
2001 2058 2101 2116 Ubi
2161 2060 2306 2111 enim

747 2173 882 2210 urna
919 2173 1037 2224 qua
1086 2156 1383 2223 pretiosum
1425 2155 1937 2224 continebatipsius
2001 2170 2202 2226 corpus
2245 2153 2309 2205 ad

746 2262 959 2299 sacrum
999 2245 1391 2312 tcmplumjam
1421 2257 1566 2298 esset
1597 2246 1794 2306 delata,
1831 2245 1974 2314 quod
2031 2262 2059 2298 a
2119 2244 2307 2298 funda-

746 2337 948 2389 mentis
972 2334 1326 2389 Constantius
1352 2345 1601 2388 crcxerat
1627 2377 1640 2397 ,
1675 2339 1941 2391 accedens
1991 2336 2080 2390 hic
2131 2337 2309 2391 dictus

745 2429 1048 2488 Anatolius,
1103 2429 1374 2495 simulque
1429 2428 1679 2492 baiulans
1738 2445 1858 2482 cum
1913 2429 1998 2482 his
2028 2431 2116 2495 qui
2167 2430 2310 2481 illam

741 2522 1050 2590 portabant,
1081 2521 1370 2574 confestim
1397 2523 1737 2589 deprimente
1766 2523 1954 2575 morbo
1974 2520 2306 2575 absolvitur:

745 2623 797 2666 et
823 2613 1007 2665 vivens
1037 2627 1100 2665 ex
1136 2625 1350 2664 mortuo
1375 2613 1477 2664 tale
1529 2613 1756 2681 adeptus
1809 2613 2157 2676 beneﬁcium,
2201 2623 2311 2667 tota

743 2722 839 2759 sua
876 2707 982 2759 vita
1015 2722 1121 2759 non
1155 2706 1452 2760 intermisit
1485 2709 1687 2771 gratias
1729 2722 1888 2774 agere
1948 2707 2198 2773 apostolo
2251 2721 2314 2758 ac

748 2799 857 2851 Deo
883 2799 974 2865 qui
1008 2813 1102 2864 per
1137 2798 1312 2863 ipsum
1345 2797 1659 2862 huiusmodi
1684 2798 1882 2850 edebat
1906 2798 2190 2852 miracula.

819 2889 935 2943 XII.
957 2889 1029 2943 Ita
1063 2891 1221 2959 igitur
1252 2889 1481 2958 primum
1510 2906 1570 2942 ex
1607 2890 1808 2943 Thebis
1836 2892 2063 2943 relatum
2094 2891 2314 2946 divinis-

746 2983 868 3037 simi
899 2981 1055 3034 Luem
1078 2995 1294 3045 corpus,
1320 2983 1614 3036 honoriﬁce
1633 2984 1926 3036 admodum
1943 2999 2003 3036 ac
2029 2985 2312 3054 magniﬁce

749 3089 852 3126 una
887 3088 1008 3128 cum
1034 3072 1247 3124 Andrea
1277 3087 1337 3125 ac
1364 3071 1647 3127 Timotheo
1676 3073 1731 3126 in
1759 3075 1958 3142 templo
2003 3075 2310 3142 reponitur,

743 3166 887 3234 quod
939 3181 967 3217 a
1025 3166 1346 3219 Constantio
1404 3166 1726 3218 aediﬁcatum
1778 3175 1939 3218 erat:

745 3271 1024 3310 sacrarum
1062 3257 1413 3323 reliquiarum
1457 3257 1844 3325 repositionem
1879 3257 2002 3311 ﬁdei
2035 3274 2197 3327 opera
2244 3274 2311 3314 ac

745 3349 1010 3403 fervidum
1036 3348 1339 3404 Constantii
1372 3349 1703 3403 desiderium
1739 3350 2029 3417 plurimum
2084 3354 2310 3404 demon-

746 3448 911 3501 strata
935 3449 1080 3492 sunt.
1114 3439 1438 3504 Quanquam
1476 3439 1564 3491 hic
1594 3450 1781 3506 postea
1841 3440 2062 3507 maligni
2105 3441 2312 3508 laqueis

746 3531 1145 3599 aliquantulum
1175 3538 1363 3599 captus
1398 3532 1452 3601 (ο
1487 3547 1670 3585 casum
1703 3533 1988 3586 miserum!
2035 3534 2138 3587 heu
2196 3547 2311 3588 tur-

746 3623 1022 3675 bulentam
1047 3622 1505 3688 subversionem!)
1537 3623 1861 3674 Arianorum
1899 3623 2092 3692 dogma
2123 3625 2310 3679 ebibit.

743 3713 927 3768 Multis
959 3722 1138 3767 autem
1168 3713 1513 3782 postmodum
1548 3715 1908 3783 temporibus,
1941 3715 2305 3781 Justinianus,

745 3807 1286 3874 assumptisimpcrii
1321 3810 1576 3874 sceptris,
1637 3808 1808 3882 multo
1845 3809 2024 3862 adhuc
2081 3810 2314 3876 ampliﬁ-

745 3899 957 3951 centius
985 3899 1128 3950 circa
1164 3899 1279 3952 lure
1310 3913 1460 3951 sacra
1494 3899 1864 3968 apostolorqu
1896 3915 2125 3969 corpora
2144 3900 2311 3955 affici-

748 3998 855 4052 tur',
889 3999 944 4042 et
965 3989 1120 4044 theca
1149 4002 1403 4058 argentea
1436 3991 1547 4044 haec
1574 3993 1928 4056 concludens,
1959 3994 2103 4047 circa
2137 3996 2311 4063 ipsum

749 4081 918 4135 altare
948 4080 1257 4135 vehementi
1298 4081 1601 4135 Deiamore
1654 4084 1890 4148 reponit,
1948 4099 2146 4151 nempe
2197 4101 2316 4153 pre-

750 4176 884 4227 tiosa
920 4174 972 4225 in
1001 4173 1240 4242 pretioso
1267 4173 1592 4228 conditorio.
1629 4172 1927 4242 thuidem
1957 4174 2096 4228 sacri
2131 4176 2315 4231 altaris

753 4280 997 4318 mensam
1031 4264 1188 4317 theca
1213 4267 1505 4319 constituit
1531 4282 1544 4318 :
1576 4281 1741 4334 porro
1766 4268 2046 4322 communi
2094 4279 2316 4338 aposto-

750 4358 924 4410 lorum
963 4354 1185 4410 nomine
1229 4357 1484 4425 templum
1518 4357 1818 4426 appellatur
1845 4377 1867 4412 ‘:
1917 4357 1986 4409 ad
2017 4357 2161 4424 quod
2186 4373 2318 4412 sane

751 4463 942 4500 omnes
971 4448 1060 4516 qui
1100 4449 1437 4503 conveniunt
1490 4450 1678 4502 ﬁdeles
1725 4450 1947 4504 laudant
1996 4449 2142 4504 hunc
2199 4458 2317 4502 tan-

2404 607 2522 642 τινα
2553 591 2786 660 διαφανῆ
2834 591 3038 662 ἀστέρα
3071 592 3444 658 ἐκλάμψαντα,
3471 589 3529 650 ἐξ
3577 587 3803 655 Ἐφέσου
3855 586 3994 637 ἀνα·

2406 687 2559 750 φέρει
2594 686 2688 752 τῆς
2748 684 2974 747 Ἰωνίας,
3019 681 3281 752 ὑπουργῷ
3317 683 3410 734 καὶ
3442 680 3597 739 αὖθις
3634 682 3773 750 πρὸς
3822 676 3991 730 τοῦτο

2404 775 2482 843 τῷ
2528 776 2798 845 Ἀρτεμίῳ
2838 776 3205 845 χρησάμενος.
3266 772 3404 826 Ἀλλ’
3436 772 3561 840 ἔσχε
3614 771 3709 823 καὶ
3763 770 3930 822 αὑτὸν
3961 771 3990 821 ὀ

2405 872 2503 938 τῆς
2557 871 2707 939 ἱερᾶς
2763 871 3040 940 τραπέζης
3092 868 3235 921 θεῖος
3289 865 3592 934 περίῦο).ος,
3640 863 3900 929 καθάπερ
3933 879 3988 912 τι

2404 964 2561 1034 χρέος
2589 966 2700 1025 τοῖς
2744 963 3103 1030 συνεργάταις
3142 959 3306 1011 αὑτοῦ
3334 960 3429 1026 τῆς
3465 956 3754 1014 εὐσεϐείας
3782 953 3989 1004 inuria-

2406 1058 2584 1109 θέντα.
2627 1056 2788 1108 mm
2824 1055 3086 1122 Τιμῦθεος
3120 1053 3217 1121 μὲν
3257 1049 3515 1114 τοιαύτην
3544 1049 3665 1116 ἔσχε
3719 1045 3822 1110 τὴν
3851 1045 3989 1094 ἁνα-

2405 1149 2638 1218 κομιδῆν
2663 1147 2754 1200 τοῦ
2794 1148 3067 1215 σώματος.

2477 1242 2542 1293 lA
2563 1280 2578 1294 .
2611 1241 2732 1292 Ἐπὶ
2762 1240 2815 1292 δὲ
2839 1242 2902 1307 τῇ
2939 1237 3033 1290 τοῦ
3066 1237 3212 1289 θείου
3262 1235 3446 1286 Λουκᾶ
3475 1223 3989 1298 θαυματουργεῖταί

2406 1353 2457 1385 τι
2492 1333 2728 1386 τοιοῦτον
2754 1333 2911 1397 λόγου
2949 1331 3042 1382 καὶ
3077 1330 3294 1398 μνήμης
3327 1328 3494 1390 ἄξιονο
3536 1322 3850 1379 ’Δνατόλιός
3881 1335 3992 1379 τις,

2408 1424 2662 1492 εὐνοῦχος
2691 1419 2768 1484 εἷς
2795 1422 2904 1473 τῶν
2930 1422 2994 1472 ἐκ
3045 1420 3139 1471 τοῦ
3199 1413 3481 1487 βασιλικοῦ
3535 1415 3801 1473 κοιτῶνος
3833 1428 3991 1474 τηνι-

2407 1515 2583 1567 καῦτα
2628 1513 2725 1576 ῶν,
2762 1512 2926 1564 πάθει
2979 1509 3153 1563 δεινοῦ
3200 1510 3452 1576 σώματος
3502 1508 3844 1576 κατάσχετος
3901 1499 3988 1572 ἦν.

2420 1607 2511 1668 Ὡς·
2535 1603 2626 1659 οὖν
2667 1604 2848 1674 μεῖζον
2873 1603 2987 1672 ᾔδει
3014 1603 3072 1653 τδ
3093 1603 3264 1662 πάθος
3291 1603 3323 1670 ἢ
3354 1600 3495 1652 κατᾶ
3520 1599 3614 1667 τὴν
3639 1600 3753 1648 τῶν
3782 1595 3989 1662 ἰατρῶν

2407 1701 2599 1768 τέχνην
2629 1698 2823 1758 ἐδόκει,
2859 1693 2916 1746 εὖ
2959 1694 3165 1754 ἐκεῖνος
3193 1691 3347 1754 εἰδὼς
3386 1693 3464 1743 ὅτι
3504 1690 3571 1741 τὰ
3597 1690 3748 1756 παρᾶ
3778 1686 3994 1754 ἀνθρώ-

2412 1811 2531 1852 ποις
2556 1791 2817 1852 ἀδύνατα,
2848 1791 2924 1859 τῷ
2952 1788 3070 1856 Θεῷ
3090 1785 3310 1848 δυνατὰ,
3335 1783 3443 1836 τῶν
3486 1782 3662 1833 ἄλλων
3711 1782 3990 1845 ἀφέμενος

2414 1885 2650 1948 πάντων,
2674 1885 2766 1934 ἐπὶ
2795 1882 2884 1934 τὸν
2909 1880 3002 1931 τοῦ
3039 1876 3274 1948 Χριστοῦ
3323 1873 3573 1945 μαθητὴν
3628 1872 3852 1923 Λουκὶν
3887 1885 3988 1919 ια-

2411 1975 2690 2043 ταφεύγει,
2734 1976 2826 2028 καὶ
2856 1973 3029 2041 τούτῳ
3060 1970 3240 2039 βοηθῷ
3291 1971 3485 2038 χρῆται
3512 1965 3652 2018 κατὰ
3677 1965 3778 2031 τῆς
3805 1964 3993 2016 νόσου.

2412 2071 2521 2136 Τῆς
2555 2073 2664 2134 γὰρ
2697 2065 2881 2134 σοροῦ,
2907 2066 2939 2132 ἢ
2972 2063 3061 2114 τὸν
3088 2063 3268 2129 τίμιον
3320 2059 3484 2112 αὑτοῦ
3526 2060 3741 2126 συνεῖχε
3768 2057 3991 2125 νεκρὸν,

2416 2161 2506 2210 ἐπὶ
2535 2158 2624 2210 τὸν
2647 2157 2801 2223 ἆγιον
2832 2155 2932 2224 ἤδη
2984 2152 3355 2221 κομιζομένης
3414 2152 3562 2216 ναὸν,
3582 2151 3640 2202 ὃν
3671 2153 3735 2201 ἐκ
3771 2149 3996 2216 βάθρων

2412 2252 2591 2305 αὐτῶν
2616 2249 2994 2306 Κωνστάντιος
3020 2245 3262 2315 ἦγειρεν,
3284 2237 3436 2305 οὗτος
3455 2244 3482 2294 ὀ
3506 2241 3724 2311 λεχθεὶς
3767 2240 3993 2291 Ἀνατό-

2411 2347 2520 2407 λιος
2549 2341 2884 2412 προσελθὼν,
2944 2341 3036 2392 καὶ
3094 2337 3563 2396 συνδιαεαστάσας
3609 2335 3724 2386 τοῖς
3758 2334 3992 2399 φέρουσι

2411 2437 2638 2503 ταύτην,
2669 2436 3013 2505 παραχρῆμα
3051 2431 3144 2484 τοῦ
3199 2429 3481 2491 πιέζοντος
3531 2426 3836 2477 ἀπολύεται
3890 2419 3994 2472 πά-

2412 2528 2558 2589 θους.
2591 2528 2698 2579 Καὶ
2724 2529 2751 2578 ὁ
2787 2526 2895 2586 ζῶν
2919 2524 3024 2575 απὸ
3052 2523 3143 2574 τοῦ
3168 2519 3363 2588 νεκροῦ
3385 2516 3643 2583 τοιαύτης
3669 2513 3996 2598 ἀπολαύσας

2414 2619 2756 2686 εὐεργεσίας,
2791 2618 2850 2667 οὐ
2887 2616 3091 2666 διέλιπε
3148 2613 3277 2681 παρ’
3317 2611 3446 2677 ὅλην
3498 2605 3662 2659 αὑτοῦ
3702 2604 3996 2673 τὴφζωὴν

2412 2714 2488 2782 τῷ
2519 2730 2575 2763 τε
2603 2709 2883 2777 ἁποστόλῳ
2940 2708 3038 2772 τὴν
3085 2706 3245 2776 χάριν
3311 2701 3614 2771 ὁμολογῶν,
3669 2699 3766 2750 καὶ
3819 2697 3896 2765 τῷ
3925 2695 3994 2748 δι’

2414 2802 2578 2859 αὑτοῦ
2613 2801 2836 2856 τοιαῦτα
2866 2799 3376 2869 θαυματουργοῦντι
3414 2797 3551 2863 Θεῷ.

2483 2894 2761 2950 ΙΒ’.Οῦτω
2829 2893 2928 2962 μὲν
2974 2891 3066 2944 οὖν
3135 2893 3200 2941 ὲκ
3251 2887 3446 2955 Θηϐῶν
3501 2882 3875 2948 ἀνακομισθὲν
3933 2883 3993 2935 τὸ

2419 2991 2630 3057 πρῶτον
2683 2989 2741 3039 τὸ
2793 2987 2886 3038 τοῦ
2957 2983 3232 3034 θειοτάτου
3288 2981 3448 3048 σῶμα
3496 2978 3701 3036 Λουκᾶ,
3751 2977 3993 3044 ἐντίμως

2416 3081 2555 3144 ἄγαν
2590 3079 2685 3129 καὶ
2729 3075 3182 3145 μεγαλοπρεπῶς,
3213 3074 3353 3142 μετὰ
3400 3072 3672 3140 Ἀνδρέου,
3704 3069 3872 3136 φημὶ,
3899 3069 3993 3120 καὶ

1997 3181 2120 3218 cutn
2169 3166 2309 3220 circa
2339 3176 2380 3233 ε
2415 3168 2699 3238 Τιμοθέου,
2734 3169 2809 3236 τῷ
2845 3167 2996 3236 παρὰ
3032 3166 3412 3218 Κωνσταντίου
3433 3161 3844 3228 οἰκοδομηθέντι
3883 3157 3993 3225 ναῷ

2416 3261 2789 3321 κατατίθεται,
2821 3260 2989 3310 πολλὰ
3036 3259 3162 3324 περὶ
3205 3257 3302 3324 τὴν
3351 3255 3458 3306 τῶν
3509 3253 3670 3321 ἱερῶν
3717 3251 3992 3320 λειψάνων

2416 3351 2710 3402 κατάθεσιν
2776 3349 3010 3409 πίστεως
3066 3347 3203 3413 ἔργα
3261 3349 3357 3397 καὶ
3417 3344 3581 3396 πόθου
3622 3343 3841 3406 ζέοντος
3897 3340 3992 3392 τοῦ

2416 3442 2799 3496 Κωνσταντίου
2834 3439 3235 3506 ὲνδειξαμένου,
3280 3438 3326 3487 εί
3353 3435 3447 3487 καὶ
3469 3435 3588 3495 ταῖς
3615 3432 3710 3482 τοῦ
3749 3429 3993 3497 πονηροῦ

2416 3537 2623 3600 πάγαις
2673 3530 2828 3593 οὗτος
2883 3531 3074 3599 μικρδν
3115 3529 3344 3597 ὕστερον
3401 3524 3565 3586 ἁλοὺς
3598 3523 3662 3594 (ῶ
3695 3521 3991 3589 πτώματος

2416 3625 2687 3696 ὀλεθρίουι
2729 3623 2828 3695 τὴν
2880 3622 3121 3694 θολερὶιν,
3175 3623 3314 3692 φεῦὶ
3349 3618 3707 3687 ἀνατροπὴ-ἠ·
3747 3615 3845 3667 τοῦ
3881 3614 3991 3665 τῶν

2430 3719 2724 3788 ’Λρειανῶν
2785 3717 2968 3782 ἐξέπιε
3032 3715 3321 3783 δόγματος.
3369 3715 3595 3782 Χρόνοις
3656 3713 3714 3764 δὲ
3783 3711 3996 3770 ἱκανοῖς

2420 3811 2647 3879 ὕστερον
2709 3808 3088 3866 Ἰουστινιανὺς
3132 3807 3199 3857 τὰ
3252 3807 3505 3872 σκῆπτρα
3554 3805 3655 3872 τῆς
3709 3804 3997 3872 βασιλείας

2418 3900 2773 3970 παραλαϐὼν,
2807 3900 3217 3969 φιλοτιμότερον
3262 3898 3386 3948 ὅσον
3416 3896 3542 3964 περὶ
3571 3896 3639 3946 τὰ
3677 3897 3800 3961 ἱερὰ
3839 3897 3992 3946 ταυτὶ

2418 3994 2528 4046 τῶν
2555 3994 2868 4043 ἀποστόλων
2927 3990 3227 4043 διατίθεται
3288 3987 3556 4057 σώματα,
3605 3988 3702 4038 καὶ
3741 3988 3994 4056 ἀργυρέῃ

2420 4086 2562 4155 θήκῃ
2595 4082 2764 4136 ταῦτα
2797 4082 3107 4147 περιλαϐὼν
3143 4083 3268 4151 παρ’
3319 4080 3464 4150 αὐτῷ
3499 4080 3577 4149 τῷ
3625 4078 3756 4149 Θείῳ
3802 4078 3991 4131 θυσια-

2420 4176 2647 4247 στηρίῳ,
2674 4175 2816 4243 μάλα
2835 4171 3097 4242 θεοφιλῶς
3122 4172 3496 4236 κατατίθεται,
3524 4175 3588 4225 τὰ
3613 4173 3796 4241 τίμια,
3827 4174 3999 4242 φημὶ,

2419 4270 2475 4319 ὲν
2506 4267 2686 4335 τιμίῳ.
2723 4266 2832 4316 Καὶ
2870 4263 3118 4334 τράπεζα
3155 4260 3254 4331 μὲν
3285 4261 3391 4311 -τοῦ
3419 4261 3562 4328 ἱεροῦ
3598 4263 3993 4332 θυσιαστηρίου

2420 4359 2453 4424 ὴ
2497 4357 2636 4422 θήκη
2671 4356 2835 4422 τελεῖ,
2879 4355 3038 4425 κοινῷ
3065 4355 3121 4407 δὲ
3161 4353 3268 4406 τῶν
3320 4351 3636 4407 ἀποστόλων
3690 4352 3926 4419 ὀνόματι
3967 4357 3993 4405 ὁ

2422 4447 2555 4510 νεὼς
2585 4441 2737 4508 οὗτος
2769 4448 3263 4516 προσαγορεύεται.
3292 4446 3365 4498 Οὐ
3394 4445 3457 4515 δὴ
3489 4443 3690 4501 πάντες
3725 4443 3772 4493 οἱ
3811 4445 3993 4494 πιστοὶ

751 4553 912 4607 quant
949 4539 1299 4609 discipulum,
1331 4541 1609 4596 celebrant
1659 4551 1717 4595 ut
1746 4541 2157 4612 evangelistam,
2183 4543 2313 4596 bea-

2420 4539 3020 4602 συνιόντες,ὲπαινοῦσι
3076 4537 3262 4591 τοῦτον
3297 4541 3372 4601 ὡς
3434 4538 3705 4608 μαθητὴν,
3751 4536 3994 4606 ἀνευφη-

753 4632 955 4685 tiﬁcant
1017 4641 1272 4701 tanquam
1302 4650 1426 4689 eum
1453 4637 1545 4703 qui
1584 4637 1636 4688 in
1678 4636 1850 4689 sacris
1893 4635 2186 4689 sudoribus
2249 4649 2313 4688 ac

754 4723 1029 4778 laboribus
1062 4725 1247 4781 divino
1280 4727 1445 4781 Paulo
1470 4743 1685 4796 semper
1721 4727 1824 4782 fuit
1855 4728 2037 4782 socius
2071 4736 2165 4782 :et
2188 4726 2316 4782 inde

753 4815 1238 4870 sanctiﬁcationem
1269 4820 1680 4888 participantes,
1709 4819 1974 4886 spirituali
2017 4817 2316 4885 implentur

755 4906 985 4974 gaudio:
1017 4907 1179 4977 idque
1217 4910 1390 4980 gratia
1426 4926 1488 4964 ac
1518 4906 1848 4979 benignitate
1889 4908 2100 4963 Domini
2144 4909 2314 4961 nostri

750 4998 879 5051 Jesu
906 4999 1129 5064 Christi,
1161 5017 1250 5057 cm
1278 5012 1361 5056 est
1411 5001 1576 5071 gloria
1639 5001 1693 5053 in
1723 5000 1918 5054 saecula
1964 5000 2307 5054 saeculorum.

753 5088 944 5144 Amen.

2416 4633 2610 4702 μοῦσιν
2660 4633 2734 4694 ὡς
2769 4631 3190 4699 εὐαγγελιστὴν,
3233 4632 3308 4693 ὡς
3374 4631 3535 4699 ιερῶν
3595 4630 3841 4700 ἱδρώτων
3903 4631 3992 4683 καὶ

2415 4725 2593 4777 πόνων
2625 4724 2702 4794 τῷ
2741 4724 3016 4788 θεσπεσίῳ
3043 4723 3439 4790 κοινωνήσαντι
3473 4720 3670 4789 Παύλῳ
3693 4722 3992 4782 διαπαντὸς

2418 4819 2802 4888 μακαρίζουσιο
2854 4819 2948 4869 καὶ
3022 4817 3115 4869 τοῦ
3196 4816 3410 4869 ἐκεῖθεν
3474 4816 3990 4886 μεταλαμϐάνοντες

2417 4911 2712 4980 ἁγιασμοῦ,
2775 4912 2947 4980 χαρᾶς
3002 4909 3341 4980 πληροῦνται
3381 4910 3764 4976 πνευματικῆς
3811 4910 3990 4978 χάριτι

2419 5007 2510 5057 καὶ
2547 5003 2927 5074 φιλανθρωπίᾳ
2948 5002 3042 5055 τοῦ
3068 5003 3272 5069 Κυρίου
3305 5003 3462 5071 ἡμῶν
3510 5001 3686 5071 Ἰησοῦ
3728 5000 3989 5072 Χριστοῦ,

2423 5088 2467 5160 ᾧ
2498 5095 2530 5162 ἡ
2559 5092 2683 5156 δόξα
2713 5094 2788 5155 εις
2822 5093 2948 5153 τοὺς
2976 5093 3175 5155 αἰῶνας
3203 5093 3311 5145 τῶν
3342 5093 3574 5147 αἰώνων.
3615 5092 3813 5160 Ἀμήν.
