4188 6432
170 410 319 468 1145

1394 401 1852 462 MARTYRlUM
1900 403 1959 464 S.
2005 406 2205 465 VARI.

3292 404 3426 467 1146

174 516 479 586 ιρώτησιν,
505 517 674 576 οὕτως
706 517 875 570 εἰπών
898 534 910 548 ·
970 518 1028 570 ⁸0
1059 516 1292 582 μάλιστά
1327 532 1382 582 γε
1424 511 1755 582 ζητούμενος

1904 518 2054 571 icens
2092 538 2103 571 :
2139 519 2239 584 Qui
2278 521 2514 573 maxime
2548 520 2808 588 quaeritur
2849 521 3108 588 septimus
3139 532 3203 572 ex
3254 521 3430 582 vobis,

173 609 414 678 ἱὸδομος
457 608 610 677 ὑμῶν
653 607 755 661 ποῦ
801 610 948 674 tam;
997 608 1200 660 Τούτου
1257 608 1538 678 ῥηθέντος,
1565 604 1761 656 αὐτίκα

180 701 468 770 δρομαίως
500 699 592 752 τοῦ
626 700 784 769 ὄχλου
821 699 1143 770 ὲξορμηθεὶς
1170 701 1196 752 ὁ
1227 701 1605 766 γενναιότατος
1623 695 1764 748 Οὔα-

186 809 311 860 ρος,
338 792 463 854 στὰς
506 795 559 844 ἐν
587 793 733 863 μέσῳ
761 793 906 858 λέγει
944 792 1020 861 τῷ
1041 792 1284 862 ἡγεμόνι·
1330 793 1557 850 Ἐκεῖνος
1584 790 1680 857 μὲν
1703 790 1764 840 ἐκ

184 887 391 940 πολλοῦ
422 889 512 940 τὸν
547 889 659 958 βίον
701 888 1058 960 μετήλλαξεν,
1079 890 1176 956 ἐμὲ
1205 888 1261 941 δὲ
1298 887 1631 956 κληρονόμον
1658 885 1764 952 τών

185 979 357 1030 αὑτοῦ
382 982 728 1050 ὲνεστήσατο.
752 983 814 1034 Et
841 999 893 1033 τι
921 977 1017 1033 οὖν’
1034 980 1225 1049 ἐκείνῳ
1250 979 1449 1048 χρέως,
1472 978 1766 1030 ἀποδώσων

188 1071 355 1133 αὐτὸς
408 1049 655 1141 πάρειμι.
1529 1049 1531 1052 ι

275 1167 346 1220 Δ’.
371 1168 640 1218 Ἤκουσεν
667 1169 692 1218 ὁ
722 1168 964 1236 ἡγεμὼν,
984 1168 1075 1220 καὶ
1097 1167 1215 1230 ὅλος
1230 1169 1320 1220 τοῦ
1346 1165 1517 1234 θυμοῦ
1543 1166 1731 1232 γέγονε
1750 1180 1763 1194 ⁸

193 1256 316 1318 καὶ,
357 1257 451 1317 Τίς
482 1253 760 1321 οὖτος,καί
784 1260 925 1319 τίνος
953 1258 1268 1328 τάγματος;
1302 1259 1332 1323 ἡ
1365 1257 1515 1322 τάξις
1540 1257 1765 1324 λεγέτω,

193 1347 359 1414 φησί.
387 1347 446 1398 '0
471 1347 548 1408 δὲ,
581 1348 872 1417 Τὰγματος
899 1348 1106 1416 μὲντοῦ
1136 1352 1197 1401 ἐκ
1223 1347 1468 1412 Τυάνων,
1504 1347 1770 1417 στρατιώ-

191 1455 298 1506 της
328 1437 384 1489 δὲ
413 1440 505 1491 καὶ
556 1439 662 1492 τῶν
704 1441 1006 1508 ἐπιφανῶν,
1041 1442 1399 1508 ἀπεκρίνατο.
1444 1441 1553 1492 Καὶ
1585 1442 1615 1490 λὸ
1647 1441 1774 1510 ἡγε-

195 1529 344 1597 μὼν,
386 1531 616 1601 πληγεὶς
661 1534 752 1585 ἐπὶ
783 1536 978 1604 τούτῳ,
1012 1535 1105 1598 Τίς
1134 1553 1191 1587 σε
1216 1533 1444 1604 πονηρὸς
1466 1530 1774 1600 δαίμωνεεξς

192 1620 469 1682 κίνδυνον,
507 1617 677 1685 εἶπεν,
701 1621 843 1674 οὕτω
870 1624 1038 1689 σαφῆ,
1066 1624 1290 1677 σεαυτὸν
1321 1623 1529 1689 ὡθῆσαι
1552 1622 1776 1686 πεποίη-

193 1726 316 1770 κεν,
343 1709 416 1771 ώς
448 1711 540 1763 καὶ
579 1709 636 1760 τὸ
663 1710 758 1778 τῆς
815 1709 1121 1779 προσούσης
1158 1726 1241 1760 σοι
1289 1708 1570 1778 περιδόξου
1609 1724 1774 1767 στρα-

194 1801 354 1864 τείας
406 1801 641 1870 ἀξίωμα,
693 1801 761 1852 τὰ
796 1801 1007 1853 ἐκεῖθέν
1038 1818 1097 1852 τε
1128 1800 1436 1869 σιτηρέσια,
1463 1798 1594 1868 παρ’
1619 1799 1772 1850 οὐδὲν

203 1891 534 1954 θέσθαι,κα“ι
580 1894 851 1956 τοσούτοις
901 1894 998 1962 τὴν
1051 1893 1183 1946 ίδίαν
1230 1893 1406 1964 ψυχὴν
1459 1890 1776 1961 περιϐαλεῖν

203 1983 502 2050 χαλεποῖςς
532 1983 640 2035 Καὶ
672 1985 698 2034 ὁ
724 1984 1017 2052 μακάριος,
1037 1984 1141 2034 Τὸν
1169 1985 1351 2052 ἄρτον,
1383 1981 1522 2050 εἷπε,
1571 1984 1663 2037 τὸν
1721 1984 1778 2046 ἐξ

201 2076 439 2145 οὐρανοῦ
481 2075 760 2136 καθιόντα,
784 2078 874 2128 καὶ
904 2079 963 2132 τὸ
992 2079 1131 2130 θεῖον
1178 2081 1438 2148 ποτήριον
1470 2077 1564 2129 τοῦ
1594 2076 1778 2146 τιμίου

202 2169 442 2238 αἵματος
471 2169 705 2240 Χριστοῦ
739 2169 830 2221 τοῦ
862 2170 1066 2239 Κυρίου
1085 2188 1209 2238 μου,
1229 2172 1337 2223 τῶν
1359 2172 1465 2224 σῶν
1490 2172 1784 2241 προέκρινα

201 2262 389 2329 τιμῶν
439 2279 496 2314 τε
537 2263 629 2314 καὶ
672 2261 939 2329 ὀψωνίων,
997 2263 1153 2321 δόξαν
1209 2266 1295 2315 ἀεὶ
1361 2266 1629 2332 μένουσαν
1687 2263 1784 2330 τῆς

210 2351 463 2419 ῥεούσης,
496 2351 588 2403 καὶ
622 2352 768 2421 ζωὴν
793 2352 1028 2422 ἄληκτον
1076 2353 1326 2423 φθαρτῆς
1372 2357 1465 2406 καὶ
1526 2355 1788 2424 προσκαί-

211 2459 334 2510 ρου.
366 2439 499 2494 Εἶτα
526 2441 686 2510 δῆλος
709 2444 800 2496 ἐπὶ
831 2443 907 2513 τῷ
935 2444 1094 2497 πάθει
1151 2446 1440 2515 γενόμενος
1469 2447 1493 2497 ὁ
1524 2445 1783 2507 δικάζων,

208 2533 532 2603 ἀποϐλέψας
580 2537 716 2606 πρὸς
759 2538 882 2599 τοὺς
930 2538 1116 2606 ἁγίους
1169 2541 1225 2590 ὲν
1278 2538 1456 2608 πολλῷ
1514 2539 1660 2609 σάλῳ
1695 2541 1787 2590 καὶ

211 2629 415 2700 πικρίᾳ
448 2630 624 2698 ψυχῆς
660 2629 803 2683 εἴπεο
851 2633 1076 2701 Μάρτυς
1109 2635 1140 2704 ἡ
1170 2634 1278 2686 τῶν
1333 2635 1606 2705 μεγίστων
1651 2634 1788 2687 θεῶν

212 2720 466 2788 δύναμις,
507 2723 650 2789 ὑμᾶς
707 2725 970 2792 πρότερον
1015 2727 1070 2776 ἐν
1119 2729 1307 2788 κακοῖς
1349 2726 1639 2795 ἀφέλωμαι
1693 2727 1791 2794 τὴν

216 2813 389 2882 ζωὴν,
415 2813 651 2866 τοιοῦτον
684 2816 780 2884 ἐμὲ
826 2817 1214 2884 ζημιώσαντας
1255 2821 1618 2889 στρατιώτην·
1655 2823 1790 2887 ὑμέ-

211 2922 376 2973 τερον
407 2907 514 2976 γὰρ
547 2905 612 2959 ἂν
640 2908 726 2976 εἴη
765 2911 921 2962 τοῦτο
958 2912 1049 2964 καὶ
1076 2913 1173 2979 οὐχ
1223 2913 1435 2981 ἐτέρου.
1467 2913 1529 2964 Oi
1559 2913 1614 2964 δὲ
1648 2913 1791 2982 μάρ-

211 3016 379 3069 τυρες
413 3003 470 3051 ὲν
503 3003 693 3070 μηδενὶ
719 3003 844 3066 τοὺς
875 3004 1066 3069 λόγους
1099 3004 1265 3057 αὑτοῦ
1312 3005 1646 3073 ποιούμενοι,
1689 3007 1795 3059 Μι-

213 3093 372 3161 κρὸν,
397 3087 571 3159 εἷπον,
597 3097 914 3165 ἀνάμεινον,
933 3097 1183 3162 δικαστά,
1210 3097 1303 3150 καὶ
1321 3098 1387 3150 τὰ
1409 3098 1548 3150 ὅπλα
1571 3099 1668 3167 τῆς
1700 3098 1795 3150 νῦν

1870 612 1958 665 ubi
1999 613 2127 665 est?
2175 612 2284 666 Hoc
2332 614 2502 674 dicto,
2543 613 2744 667 cursim
2775 615 2956 666 statim
2999 629 3027 666 e
3062 612 3214 664 turba
3251 627 3432 681 egres-

1867 720 1960 758 sus
2001 705 2450 772 praeclarissimus
2488 706 2656 760 Varus
2683 745 2696 768 ,
2751 714 2912 759 stans
2963 705 3014 758 in
3058 705 3235 757 medio
3304 704 3435 756 dicit

1869 797 2082 867 praesidi
2122 816 2133 850 :
2175 797 2266 850 Ille
2294 798 2517 865 quidem
2559 799 2668 867 jam
2699 798 2792 851 diu
2831 797 3027 851 abhinc
3077 809 3138 847 ex
3181 795 3283 848 hac
3328 795 3433 846 vita

1869 891 2126 950 excessit,
2167 907 2253 945 me
2283 899 2462 943 autem
2514 905 2670 942 suum
2731 889 3002 944 haeredem
3067 888 3322 941 instituit.
3379 885 3435 940 Si

1870 986 1995 1055 quid
2051 1000 2180 1056 ergo
2240 984 2307 1038 ab
2361 984 2450 1038 illo
2514 983 2837 1044 debebatur,
2875 981 3063 1035 adsum
3118 980 3230 1048 ipse
3261 976 3439 1031 reddi-

1875 1089 2043 1134 IUI‘US.

1944 1173 2033 1227 IV.
2070 1173 2290 1228 Audivit
2324 1187 2542 1242 praeses,
2587 1178 2641 1224 et
2700 1178 2844 1222 totus
2869 1167 2933 1221 ad
2982 1166 3115 1220 iram
3166 1173 3248 1218 est
3308 1178 3442 1216 con-

1875 1281 2069 1320 versus
2103 1286 2116 1320 :
2151 1267 2285 1331 Quis
2319 1266 2404 1320 hic
2431 1265 2522 1325 sit,
2554 1261 2752 1332 inquit,
2809 1261 2974 1323 dicat,
3035 1270 3087 1312 et
3122 1274 3150 1310 e
3207 1270 3442 1325 quanam

1873 1359 1943 1413 sit
1997 1359 2231 1429 legione.
2267 1358 2362 1411 Ille
2394 1365 2574 1410 autem
2609 1373 2621 1408 :
2655 1354 2731 1408 Ex
2785 1354 2999 1422 legione
3053 1351 3270 1420 quidem
3310 1348 3448 1417 Tya-

1875 1450 2050 1510 nensi,
2085 1450 2241 1503 miles
2269 1464 2397 1503 vero
2427 1448 2626 1508 clarus,
2667 1446 2966 1516 respondit.
3000 1446 3207 1500 Praeses
3231 1453 3441 1506 autem,

1877 1561 1939 1600 ea
1993 1546 2059 1599 de
2116 1559 2280 1599 causa
2331 1543 2757 1610 obstupefactus,
2811 1541 2944 1607 Quis
2992 1539 3169 1593 malus
3213 1539 3446 1597 daemon,

1881 1640 2075 1707 inquit,
2111 1636 2312 1697 effecit,
2346 1645 2403 1689 ut
2437 1645 2487 1688 te
2515 1637 2566 1687 in
2600 1634 2948 1687 manifestum
3000 1630 3307 1698 impelleres
3352 1643 3446 1694 pe-

1880 1731 2136 1792 riculum,
2181 1738 2316 1785 utet
2344 1730 2634 1798 gloriosam
2683 1738 2830 1781 tuam
2879 1723 3151 1783 militiam,
3182 1732 3236 1774 et
3289 1735 3448 1788 quam

1811 1853 1850 1905 Β
1878 1836 1938 1873 ex
1975 1835 2038 1873 ea
2068 1821 2234 1873 habes
2292 1830 2552 1873 tesseram
2587 1816 3021 1877 frumentariam,
3069 1812 3223 1865 nihili
3262 1810 3449 1866 facias.

1881 1923 1936 1968 et
1965 1925 2108 1966 tuam
2170 1913 2402 1966 animam
2442 1912 2496 1963 in
2547 1920 2693 1964 tanta
2734 1909 2870 1962 mala
2935 1907 3190 1976 injicias?
3256 1903 3454 1956 Beatus

1883 2012 2061 2060 autem
2103 2007 2276 2060 Varus
2310 2021 2323 2057 :
2355 2005 2583 2064 Panem,
2618 2002 2811 2070 inquit,
2848 2003 2938 2069 qui
2967 2001 3033 2053 de
3059 1999 3197 2052 cmlo
3229 1998 3457 2049 descen-

1885 2100 1984 2159 dit,
2023 2106 2074 2151 et
2111 2097 2358 2151 divinum
2391 2097 2614 2151 calicem
2662 2093 2878 2165 pretiosi
2924 2090 3202 2160 sanguinis
3251 2086 3455 2142 Christi

1886 2191 2097 2244 Domini
2131 2189 2233 2242 mei
2266 2189 2477 2256 praetuli
2520 2189 2625 2240 tuis
2673 2186 2973 2239 honoribus
3015 2197 3068 2236 et
3121 2180 3407 2249 stipendiis
3442 2196 3456 2232 :

1890 2282 2111 2350 gloriam
2159 2297 2276 2349 qute
2305 2292 2519 2346 semper
2545 2285 2748 2336 manet,
2783 2278 2829 2329 ei
2862 2292 2979 2343 quae
3019 2275 3154 2335 fluit,
3192 2283 3245 2326 et
3295 2273 3457 2325 vitam

1888 2391 2007 2444 quae
2061 2389 2335 2442 nunquam
2364 2371 2596 2430 desinit,
2630 2371 2678 2424 ei
2726 2370 2778 2422 in
2815 2384 2975 2436 quam
3026 2366 3165 2419 cadit
3208 2365 3459 2416 interitus

1892 2476 1946 2519 et
1976 2474 2056 2519 est
2081 2468 2145 2518 ad
2184 2467 2347 2519 breve
2382 2475 2613 2532 tempus.
2646 2462 2802 2516 Tunc
2843 2460 3008 2528 judex
3057 2468 3241 2526 aperte
3279 2464 3462 2507 osten-

1891 2557 2025 2610 dens
2081 2571 2138 2609 se
2188 2571 2308 2608 esse
2359 2557 2540 2608 animo
2609 2553 3000 2622 perturbatum,
3065 2551 3336 2617 aspiciens
3397 2547 3462 2599 ad

1894 2659 2141 2713 sanctos,
2179 2648 2445 2702 concitate
2473 2656 2527 2700 et
2558 2645 2752 2699 acerbe
2794 2643 2930 2697 dixit
2961 2660 2973 2695 :
3017 2641 3193 2694 Testis
3226 2641 3293 2693 sit
3333 2638 3461 2690 mihi

1896 2746 2069 2798 virtus
2125 2742 2486 2796 maximorum
2541 2740 2792 2798 deorum,
2829 2737 2981 2790 vobis
3036 2733 3184 2800 prius
3234 2731 3467 2784 adimam

1897 2841 1951 2893 in
2008 2839 2162 2892 malis
2212 2839 2401 2896 vitam,
2465 2835 2556 2904 qui
2601 2850 2685 2887 me
2747 2832 2837 2886 tali
2885 2829 3055 2883 milite
3106 2824 3464 2889 privaveritis.

1899 2935 2011 2984 Hoc.
2043 2933 2187 2983 enim
2225 2929 2389 2982 fuerit
2419 2938 2678 2986 vestrum,
2709 2937 2763 2978 et
2793 2942 2898 2978 non
2933 2923 3178 2978 alterius.
3209 2919 3469 2986 Martyres

1899 3035 2078 3080 autem
2137 3023 2298 3077 verba
2360 3021 2479 3088 ejus
2542 3017 2989 3077 nihilifacientes,
3052 3016 3316 3082 Exspecta
3369 3027 3468 3080 pa-

1902 3135 2146 3187 rumper,
2178 3118 2458 3177 dixerunt,
2489 3129 2520 3167 ο
2551 3113 2739 3182 judex,
2787 3120 2841 3164 et
2890 3109 3099 3164 videbis
3139 3107 3318 3176 qualia
3363 3107 3472 3160 sint

435 3190 512 3210 ἔκ.-
572 3183 650 3210 -1’-
688 3207 809 3210 “Me,
851 3192 1046 3210 ._,Q,,._
1095 3192 1176 3210 In"
1270 3194 1278 3206 ι
1421 3193 1444 3204 -ι
1554 3196 1563 3208 ν
1668 3194 1701 3210 μ

220 3190 532 3257 στρατείας,
566 3189 655 3241 οἷα
687 3192 1067 3258 κατανοήσεις.
1095 3192 1186 3260 Τῷ
1220 3194 1328 3261 γὰρ
1379 3193 1486 3245 τῶν
1542 3194 1791 3258 ἀγγέλων

1902 3226 2044 3263 arma
2075 3209 2239 3276 hujus
2289 3207 2515 3259 militia}.
2550 3205 2629 3257 Ad
2667 3204 2912 3256 ordinem
2957 3202 3100 3254 enim
3157 3201 3472 3268 angelorum

215 3282 463 3349 τάγματι
501 3283 590 3333 τὸν
621 3281 789 3353 ἄνδρα
834 3285 1339 3353 προσενηνόχαμεν.
1368 3287 1568 3337 Τούτου
1597 3286 1792 3356 ρηθέν-

215 3391 335 3435 τος,
377 3378 403 3425 ὁ
436 3376 534 3444 μὲν
567 3375 779 3429 πείθειν
811 3377 1086 3447 ἐπεχείρει
1122 3379 1246 3444 τοὺς
1291 3380 1479 3447 ἁγίους
1509 3380 1796 3434 συνθέσθαι

219 3472 289 3540 τῆ
322 3470 570 3541 ἀσεϐείᾳ,
596 3475 690 3523 καὶ
724 3473 913 3525 Θυσίαν
940 3476 1052 3537 τοῖς
1093 3475 1346 3543 ματαίοις
1403 3479 1798 3544 προσενεγκεῖν

223 3563 251 3612 ὁ
305 3561 556 3628 μάταιος⁸
588 3566 635 3614 οἱ
673 3564 730 3616 δὲ
791 3566 923 3633 μηδὲ
968 3567 1028 3617 τὸ
1092 3565 1178 3626 οὓς
1233 3567 1367 3627 ὅλως
1425 3568 1658 3630 διδόντες
1690 3572 1801 3630 τοῖς

231 3654 398 3706 αὐτοῦ
420 3655 683 3723 ῥήμασιν,
711 3658 1082 3724 ἀνθυπέςοερον
1119 3673 1132 3686 ·
1168 3676 1184 3709 ι
1214 3658 1336 3712 Θεοὶ
1363 3659 1410 3712 οἳ
1452 3661 1540 3712 τὸν
1574 3662 1803 3730 οὐρανὸν

234 3745 329 3796 καὶ
361 3744 456 3811 τὴν
486 3747 588 3814 γῆν
614 3746 711 3798 οὐκ
741 3748 1024 3818 ἐποίησαν,
1057 3749 1464 3805 ἁπολέσθωσαν.
1494 3773 1510 3802 ι
1544 3754 1680 3804 Μεθ’
1711 3751 1803 3813 οὓς

225 3839 252 3888 ὁ
289 3837 557 3906 μακάριος
591 3838 823 3910 Οὔαρος,
846 3842 1072 3910 μείζονα
1101 3843 1196 3910 τὴν
1235 3843 1406 3909 ὀργὴν
1447 3844 1700 3907 ἐξάπτων
1727 3844 1802 3914 τῷ

231 3932 480 3999 δικαστῇ,
511 3929 573 3982 Τί
605 3934 905 3998 πράγματα
939 3934 1221 4002 παρέχεις,
1254 3932 1432 4001 ἔλεγε,
1467 3938 1579 3996 τοῖς
1607 3936 1804 4002 ἁγίοις,

237 4030 398 4095 μωρὰ
415 4027 587 4092 λέγων
610 4025 703 4076 καὶ
721 4026 800 4091 εἰς
827 4025 976 4078 οὐδὲν
1001 4029 1281 4097 χρήσιμα;
1318 4046 1335 4079 ι
1377 4031 1434 4081 '0
1466 4029 1573 4094 γὰρ
1598 4030 1802 4097 μωρὸς,

237 4123 399 4189 φησὶ,
419 4119 575 4189 μωρὰ
599 4120 845 4190 λαλήσει.
869 4140 887 4172 ›
915 4122 1172 4190 (Ἡσαΐας
1195 4123 1221 4173 ὁ
1245 4122 1416 4191 μέγας
1436 4139 1513 4173 σοι
1530 4121 1686 4175 τοῦτο
1715 4123 1808 4175 καὶ

238 4217 340 4269 οὐκ
370 4215 500 4283 ἐγὼ)
537 4216 630 4268 καὶ
660 4216 830 4268 ταῦτα
862 4215 1428 4302 μηδὲ-ἁντοφθαλμεῖν
1455 4217 1663 4280 αὐτοῖς,
1700 4234 1808 4288 μη-

231 4309 289 4360 δὲ
326 4311 404 4370 εἰς
434 4307 624 4374 λόγους
650 4309 784 4370 ὅλως
823 4308 957 4360 ίέναι
983 4307 1301 4376 δυνάμενος.

309 4493 384 4544 Ε⁹.
411 4490 627 4543 Τούτων
677 4491 917 4554 ἀκούσας
948 4495 1150 4552 ἐκεῖνος
1189 4493 1286 4542 ούκ
1317 4490 1397 4541 ἔτι
1429 4489 1693 4550 καθεκτὸς
1719 4487 1806 4562 ἦν,
1845 4519 1886 4572 D

238 4581 376 4638 ἁλλὰ
426 4580 600 4651 θυμοῦ
632 4581 874 4641 πλείονος
907 4581 1196 4648 πλησθεὶς,
1242 4581 1334 4632 ἐπὶ
1367 4580 1526 4642 ξύλου
1569 4583 1665 4651 μὲν
1718 4583 1810 4634 τὸν

238 4675 455 4745 Οὔαρον
513 4672 866 4740 μετεωρίζειν
919 4672 1161 4724 ἐκέλευε.
1189 4672 1328 4741 Πρὸς
1361 4673 1418 4725 δὲ
1445 4675 1568 4736 τοὺς
1599 4674 1809 4740 ἁγίους,

251 4771 378 4821 Ἐάν
407 4767 506 4835 τῆς
547 4765 722 4834 ὑμῶν,
767 4759 938 4827 εἶπεν,
969 4765 1272 4826 ἐπιστάσεως
1329 4765 1566 4833 ἡττηθῶ,
1593 4767 1814 4833 ἔξαρνος

240 4861 460 4920 πάντως
502 4859 595 4911 καὶ
645 4862 742 4927 τῆς
776 4858 883 4909 τῶν
919 4857 1054 4910 θεῶν
1104 4858 1298 4925 ἔσομαι
1329 4858 1605 4928 λατρείας.
1631 4858 1813 4920 Οὕτως

245 4954 467 5021 ἰσχυρόν
495 4970 544 5004 τι
573 4951 670 5004 καὶ
719 4951 995 5018 αὐστηρὸν
1034 4955 1063 5021 ἡ
1101 4951 1350 5020 ἀλήθεια,
1397 4955 1489 5005 καὶ
1527 4953 1815 5004 ἀσθένειαν

242 5045 502 5106 πολλάκις
556 5045 835 5114 διελέγχον
888 5043 1086 5113 ψυχῆς,
1117 5046 1302 5113 φέρειν
1347 5045 1515 5116 αὐτῆς
1549 5046 1644 5112 τὴν
1676 5049 1818 5096 ἐλευ-

245 5135 432 5206 θερίαν
469 5136 528 5187 ού
565 5135 970 5204 δυναμένης.οἰ
1003 5137 1056 5186 δὲ
1093 5136 1182 5187 τοῦ
1219 5136 1453 5203 Χριστοῦ
1515 5137 1813 5204 μάρτυρες,

244 5229 551 5297 Δοκίμασόν
584 5245 674 5279 σου
711 5229 845 5290 τέως
872 5227 968 5296 τὴν
1015 5229 1353 5288 δυναστείαν,
1381 5231 1687 5300 εἰρήκασιν,
1725 5229 1818 5280 ἐπὶ

245 5322 342 5374 τοῦ
377 5321 643 5390 παρόντος
673 5320 827 5389 ήμῶν
859 5321 1088 5388 ἁδελφοῦ
1112 5338 1123 5349 ·
1153 5319 1245 5373 κά).
1272 5322 1384 5387 εἴγε
1418 5321 1606 5374 τούτου
1641 5322 1820 5393 κρείτ-

248 5430 356 5466 των
384 5414 576 5482 ὀφθῇς,
631 5414 752 5464 τότε
786 5415 922 5481 τάχα
959 5416 1050 5464 καὶ
1101 5414 1185 5478 ἐφ’
1237 5414 1386 5480 ἡμᾶς
1444 5414 1695 5482 χρηστῶν
1722 5415 1822 5466 οὐκ

253 5505 579 5577 ἁμοιρήσεις
622 5505 872 5560 ἐλπίδων.
926 5507 1064 5574 Πρὸς
1120 5505 1292 5558 ταῦτα
1329 5508 1356 5557 ὁ
1402 5506 1664 5573 δικαστὴς
1711 5509 1822 5565 τοῖς

257 5597 356 5668 μὶν
388 5599 567 5662 ἁγίοις
618 5598 706 5676 τὰ,
734 5597 1095 5666 χαλεπώτατα
1148 5597 1473 5667 ἀπειλήσας,
1517 5598 1608 5649 τοῦ
1665 5598 1821 5662 ξύλου

1901 3301 2175 3355 hominem
2210 3297 2553 3352 adduximus.
2583 3294 2697 3348 Hoc
2727 3293 2895 3357 dicto,
2926 3292 3012 3345 ille
3053 3291 3269 3360 quidem
3309 3288 3474 3344 cona-

1903 3395 2061 3452 batur
2102 3389 2425 3460 persuadere
2458 3387 2686 3448 sanctis,
2724 3395 2782 3438 ut
2833 3385 3237 3438 assentirentur
3287 3382 3476 3449 impie-

1904 3485 2023 3547 tati,
2076 3492 2129 3536 et
2177 3481 2339 3534 rebus
2391 3479 2548 3531 vanis
2607 3474 2870 3529 oﬂ'errent
2952 3470 3303 3531 sacriﬁcium,
3363 3470 3477 3536 ipse

1903 3577 2062 3645 plane
2100 3586 2268 3625 vanus
2299 3580 2350 3622 et
2383 3569 2633 3622 stolidus.
2669 3567 2746 3619 llli
2790 3574 2969 3619 autem
3009 3578 3079 3617 ne
3111 3575 3299 3615 auerm
3353 3559 3474 3628 qui-

1906 3670 2028 3724 dem
2058 3667 2177 3735 ejus
2233 3661 2414 3717 verbis
2476 3660 2808 3730 prmbenles,
2860 3665 3050 3709 contra
3111 3651 3477 3705 referebant:

1913 3781 1929 3813 ι
1993 3760 2091 3819 Dii,
2153 3757 2243 3823 qui
2273 3757 2471 3808 coelum
2527 3761 2580 3805 el
2633 3762 2831 3803 terram
2887 3763 2994 3799 non
3066 3745 3332 3807 fecerunt,
3388 3756 3483 3811 pe-

1909 3853 2098 3909 reaut‘
2134 3853 2180 3905 ἱ»
2212 3851 2340 3906 Post
2378 3860 2514 3915 quos
2568 3844 2761 3897 beatus
2797 3840 2970 3892 \‘arus
3020 3837 3152 3889 iram
3191 3835 3359 3902 magis
3390 3848 3482 3885 ac—

1910 3949 2170 4009 cendens,
2203 3942 2394 4009 judici,
2427 3937 2594 4003 Quid,
2643 3936 2798 3997 dixit,
2857 3933 3060 3986 sanctis
3106 3930 3329 3984 exhibes
3365 3939 3482 3979 mo-

1910 4035 2140 4095 lestiam,
2190 4030 2353 4082 stulta
2386 4027 2595 4085 dicens,
2628 4032 2681 4076 et
2714 4023 2778 4074 ad
2826 4021 2962 4072 nihil
3003 4017 3194 4070 utilia?
3225 4035 3242 4065 ι
3277 4013 3487 4072 Stultus

1911 4137 2091 4181 autem
2125 4123 2289 4177 stulta
2318 4119 2632 4188 loquetur'.
2669 4135 2685 4167 ι
2750 4113 2996 4185 (Magnus
3049 4109 3212 4162 Isaias
3250 4107 3352 4159 hoc
3387 4106 3484 4158 tibi

1913 4221 2065 4280 dicit,
2098 4225 2151 4269 et
2184 4230 2291 4267 non
2324 4220 2444 4282 ego)
2475 4211 2636 4279 idque
2665 4223 2789 4262 cum
2825 4220 2924 4259 nec
2950 4219 3046 4259 eos
3089 4201 3306 4271 quidem
3358 4213 3488 4251 con-

1917 4325 1996 4366 tra
2032 4308 2258 4370 intueri,
2291 4321 2394 4358 ncc
2427 4318 2550 4356 cum
2581 4303 2661 4353 eis
2708 4299 2933 4351 omnino
2974 4293 3225 4349 conferre
3275 4303 3484 4343 sermo-

1917 4420 2042 4459 nem
2076 4401 2229 4462 velis,
2261 4396 2342 4450 vel
2375 4395 2557 4464 potius
2583 4407 2692 4445 non
2727 4389 2920 4458 possis.

1987 4499 2049 4551 ν.
2091 4494 2215 4548 Haec
2241 4507 2362 4546 cum
2401 4489 2488 4543 ille
2523 4485 2803 4546 audiisset,
2850 4497 2959 4534 non
3007 4487 3220 4550 poterat
3259 4474 3488 4544 amplius

1909 4589 2176 4651 cohiberi,
2227 4585 2318 4639 sed
2369 4583 2572 4651 majore
2633 4579 2714 4630 ira
2777 4575 3010 4644 plenus,
3057 4570 3217 4638 jussit
3269 4565 3488 4634 quidem

1913 4687 2107 4740 Varum
2164 4680 2214 4730 in
2270 4677 2414 4745 ligno
2462 4672 2746 4726 sublimem
2799 4665 3002 4719 extolli.
3040 4660 3253 4714 Sanctis
3306 4664 3485 4709 autem

1911 4775 2046 4832 dixit
2080 4791 2091 4824 :
2121 4773 2174 4826 Si
2213 4772 2364 4824 fuero
2397 4784 2426 4820 ιι
2456 4774 2634 4818 vestra
2667 4767 2955 4831 superatus
3000 4751 3304 4809 constantia
3327 4793 3340 4815 ,
3375 4749 3489 4802 cul—

1915 4881 2024 4922 tum
2061 4877 2276 4934 quoque
2306 4861 2529 4914 deorum
2582 4855 2806 4909 omnino
2858 4848 3156 4917 abnegabo.
3204 4845 3353 4898 Adeo
3407 4856 3491 4894 res

1917 4933 2091 5012 valida
2142 4965 2194 5007 et
2237 4950 2376 5004 acris
2432 4957 2514 5002 est
2580 4945 2800 5005 veritas,
2860 4947 2913 4994 et
2945 4954 3066 5008 quae
3116 4951 3257 5002 saepe
3317 4933 3494 5001 arguit

1917 5051 2083 5106 animi
2141 5043 2592 5101 imbecillitatem,
2649 5035 2741 5104 qui
2798 5048 2905 5086 non
2948 5035 3126 5099 potest
3175 5026 3294 5091 ejus
3352 5025 3491 5079 ferre

1918 5145 2242 5198 libertatem.
2275 5133 2475 5190 Christi
2511 5141 2689 5183 autem
2728 5137 2987 5192 martyres
3016 5158 3030 5181 ,
3074 5117 3335 5187 Experire
3359 5155 3372 5175 .
3411 5114 3494 5168 di-

1923 5241 2136 5294 xerunt,
2171 5232 2222 5282 in
2259 5230 2361 5282 hoc
2406 5235 2591 5277 nostro
2636 5220 2796 5274 fratre
2841 5214 2967 5283 quid
3008 5214 3217 5283 possis;
3256 5220 3309 5261 et
3352 5209 3393 5260 si
3429 5222 3493 5260 eo

1926 5327 2089 5382 fueris
2130 5322 2376 5393 superior
2428 5315 2698 5377 fortassis,
2741 5321 2799 5364 ut
2846 5323 3054 5377 speras,
3099 5305 3150 5355 in
3205 5302 3362 5356 nobis
3407 5314 3495 5354 res

1922 5432 2135 5488 quoque
2173 5423 2314 5468 recte
2360 5407 2636 5462 succedet.
2671 5406 2751 5459 Ad
2794 5403 2908 5456 hinc
2950 5398 3114 5469 judex
3142 5411 3263 5449 cum
3292 5392 3495 5448 sanctis

1921 5484 2139 5578 quidem
2175 5509 2316 5558 esset
2341 5501 2575 5553 minatus
2608 5493 2947 5565 gravissima,
2979 5487 3134 5557 jubet
3177 5487 3230 5538 in
3275 5484 3502 5551 cippum-

1925 5600 2045 5654 duci
2097 5608 2425 5666 martyrem:
2483 5601 2535 5644 et
2577 5587 2799 5658 perinde
2850 5598 2911 5635 ac
2952 5583 2995 5635 si
3021 5580 3355 5635 existimaret
3389 5591 3497 5627 non

258 5691 649 5760 κατενεχθῆναι
707 5691 1027 5762 προστάττει
1055 5692 1143 5742 τὸν
1171 5691 1442 5761 μάρτυρα·
1480 5692 1573 5742 καὶ
1631 5691 1818 5762 ὥσπερ
1875 5713 1972 5762 oux
2025 5691 2213 5760 ἱκανὴν
2265 5687 2512 5753 νομίσας.
2568 5682 2700 5749 πρδς
2724 5677 2959 5731 τοιῢῦτον
2982 5673 3196 5740 εὐγενὲς
3227 5673 3496 5740 φρόνημα.

331 5834 571 5891 'Jerern.
616 5850 665 5896 ιι,
701 5837 786 5888 11.
868 5837 883 5865 ²
909 5835 1011 5889 lsa.
1048 5851 1214 5891 xxx“,
1251 5835 1300 5885 6.
