4188 6432
165 379 307 441 1149

1377 379 1478 438 MA
1491 377 1836 438 H'I‘YRIUM
1886 379 1944 442 S.
1981 379 2184 441 VARI.

3276 375 3418 441 1150

165 494 448 565 μενουσῶν
477 497 502 548 ὁ
533 495 661 561 ἐμὸς
687 495 920 560 ἐξέλοι-τό
952 512 1017 563 με
1045 495 1298 564 Χριστὸς,
1317 496 1378 548 σὲ
1418 495 1475 549 δὲ
1514 496 1608 549 καὶ
1638 494 1736 566 τὴν
1761 514 1780 556 λ

1882 509 2010 563 ent;
2050 513 2202 552 meus
2251 513 2335 552 me
2363 497 2610 553 Christus
2653 496 2987 563 liberaverit,
3039 505 3093 558 te
3136 505 3323 564 autem
3369 496 3425 550 et

165 589 268 657 σὴν
299 589 556 657 ὠμότητα
586 589 862 649 τοιαύταις
895 588 1060 652 ἀξίως
1095 590 1435 659 κατακρινεῖ.

233 683 308 735 Z'.
336 681 536 733 Τοῦτον
589 681 950 751 ἀμειϐόμενος
1001 681 1150 750 ἔργῳ
1200 681 1484 748 τὸνλόγον
1534 683 1562 734 ὁ
1594 681 1746 734 δικα-

169 773 300 839 στὴς
335 771 459 832 τοὺς
493 770 766 839 ξυστῆρας
790 768 930 822 κατὰ
969 769 1075 821 τῶν
1096 768 1190 820 τοῦ
1217 768 1492 838 μάρτυρος
1509 772 1745 837 ἐπέφερε

171 865 518 934 σπλάγχνων,
540 864 765 933 Ὀράτω,
792 863 982 928 λέγων,
1009 862 1112 928 πρὸ
1131 862 1238 912 τῶν
1259 861 1552 930 ὀφθαλμῶν
1575 864 1601 914 ὁ
1622 878 1748 914 κατ-

173 960 379 1026 άρατος
413 956 665 1024 καθάπερ
728 955 873 1023 ὕδωρ
901 953 1066 1008 αὐτοῦ
1119 957 1463 1024 προχεόμενοι
1506 953 1574 1006 τά
1611 954 1751 1006 ἐνδό-

172 1050 324 1104 σθια.
370 1050 532 1101 Ἀλλά
581 1049 669 1100 τὸν
702 1047 793 1100 τοῦ
849 1046 1088 1116 Χριστοῦ
1122 1047 1376 1117 μάρτυρα
1425 1047 1545 1098 ούδέ
1588 1043 1750 1114 ἡτῆς

174 1145 413 1214 βασάνου
448 1143 648 1205 ταύτης
712 1141 1270 1211 πικρότηςὲνδοῦναί
1297 1158 1349 1193 τι
1387 1139 1479 1193 τοῦ
1521 1140 1753 1206 πάσχειν

172 1239 266 1291 διά
325 1238 560 1305 Χριστὸν
618 1234 1142 1304 ςταρεσκεύασεν,ού
1209 1234 1360 1301 ῥῆμα
1417 1229 1755 1299 φθέγξασθαι

174 1330 543 1396 ἀγεννὲς,οὑκ
585 1330 712 1382 ἄλλο
753 1346 803 1380 τι
857 1327 1052 1397 μικρὸν
1105 1327 1137 1398 ἢ
1207 1328 1393 1396 μεῖζον
1437 1323 1757 1385 ύποσταλεὶς

175 1423 340 1487 ἔργον
367 1421 726 1486 ἐνδείξασθαι,
749 1423 796 1472 εί
825 1423 898 1489 μὴ
933 1418 1026 1472 καὶ
1060 1420 1284 1488 μείζονα
1323 1418 1524 1486 μᾶλλον
1557 1418 1648 1470 τὸν
1680 1418 1758 1477 είς

176 1511 420 1579 Χριστὸν
450 1512 747 1578 ἁνέφλεγεν
781 1511 977 1578 ἔρωτα,
1009 1511 1102 1560 καὶ
1143 1509 1280 1577 πρὸς
1309 1512 1404 1570 τὰς
1427 1508 1762 1577 δριμυτέρας

176 1602 300 1652 τῶν
354 1602 627 1653 κολάσεων
687 1601 1040 1669 δριμυτέραις
1091 1600 1182 1651 τὸν
1237 1600 1501 1669 δικαστὴν
1551 1600 1764 1670 βάλλειν

180 1693 364 1746 ἐποίει
410 1699 529 1757 ταῖς
588 1695 934 1762 ἀποκρίσεσι.
977 1693 1047 1744 Σὺ
1104 1693 1201 1760 μὲν
1234 1695 1364 1762 γὰρ,
1391 1692 1519 1761 ἔφη,
1561 1691 1766 1760 πονηρὲ

183 1789 447 1858 πονηρῶν
502 1787 778 1855 δαιμόνων
828 1786 1072 1856 ὑπουργέ
1129 1787 1222 1838 καὶ
1271 1784 1766 1855 μισάνθρωπε,και

1845 604 1987 645 luam
2025 591 2404 646 crudelitatem
2439 589 2636 646 talibus
2662 591 2856 645 merito
2888 589 3297 645 condemnabit.

1914 685 2023 739 νη.
2053 685 2202 739 Hanc
2228 683 2390 755 iudex
2429 684 2546 752 ipso
2580 684 2722 738 facto
2769 683 3040 737 ulciscens
3092 681 3424 741 orationem,

1846 778 1899 832 in
1956 779 2162 832 viscera
2221 776 2476 847 martyris
2536 776 2721 830 intulit
2780 772 3147 828 novaculam:
3207 771 3422 833 Videat,

1846 873 2054 934 dicens,
2092 870 2454 924 exsecrandus
2503 879 2629 923 ante
2663 868 2870 930 oculos,
2915 876 3170 932 tanquam
3208 878 3428 931 aquam,

1850 981 1945 1018 sua
1979 964 2180 1018 eli‘undi
2220 963 2497 1017 intestina.
2561 959 2665 1015 Sed
2714 977 2784 1014 ne
2832 958 2994 1022 huius
3029 955 3246 1025 quidem
3305 966 3422 1008 tor-

1853 1058 2018 1109 menti
2056 1055 2321 1108 acerbitas
2367 1054 2565 1112 elTecit.
2613 1062 2673 1106 ut
2719 1051 2918 1104 Christi
2968 1059 3172 1117 martyr
3210 1045 3414 1113 aliquid

1854 1152 2153 1203 remitteret
2189 1147 2256 1201 dc
2292 1162 2386 1200 sua
2426 1146 2478 1199 in
2514 1144 2770 1214 patiendo
2795 1158 2890 1211 pro
2937 1141 3152 1196 Christo
3176 1154 3308 1193 cons
3335 1153 3432 1190 an-

1857 1239 1952 1302 tia,
2001 1254 2103 1292 nec
2161 1247 2218 1291 ut
2265 1237 2425 1292 molle
2475 1249 2565 1288 aut
2617 1234 2870 1302 ignavum
2929 1230 3141 1299 aliquod
3208 1229 3429 1284 verbum

1858 1332 2189 1400 loqueretur,
2221 1330 2304 1382 vel
2335 1328 2550 1396 aliquod
2581 1341 2800 1395 parvum
2849 1334 2942 1377 attt
2971 1337 3221 1392 magnum
3254 1330 3434 1373 osten-

1859 1424 2031 1486 deret,
2080 1438 2188 1492 quo
2241 1421 2573 1491 significaret
2618 1435 2676 1472 se
2724 1417 2961 1474 cedere:
3015 1415 3122 1468 imo
3177 1413 3434 1479 majorem

1862 1531 2100 1569 amorem
2161 1515 2210 1567 ei
2272 1514 2325 1566 itt
2379 1513 2658 1567 Christum
2717 1507 2998 1576 accendit,
3072 1515 3126 1558 et
3173 1504 3438 1556 adversus

1865 1623 2057 1680 graves
2085 1607 2362 1659 cruciatus
2393 1604 2522 1658 fecit
2552 1618 2674 1657 eum
2705 1588 2866 1654 ferire
2890 1598 3125 1666 iudicem
3164 1594 3443 1662 responsis

1866 1698 2221 1772 gravioribus.
2275 1696 2430 1758 Nam,
2485 1693 2562 1748 Tu
2595 1693 2833 1762 quidem,
2889 1689 3083 1757 inquit,
3143 1702 3176 1739 ο
3215 1685 3445 1753 maligne

1867 1792 2130 1846 maiorum
2177 1788 2482 1841 daemonum
2534 1781 2878 1844 administer,
2935 1787 2989 1832 et
3033 1775 3206 1831 hostis
3265 1773 3448 1826 homi-

179 1880 307 1931 λίαν
338 1882 446 1940 τοῖς
477 1876 700 1943 ἀγαθοῖς
734 1877 1101 1940 aut-malasve,
1147 1874 1452 1942 ἐξενεγκεῖν
1506 1876 1634 1938 ίσως
1680 1874 1768 1926 δυ-

1882 1899 2023 1944 num,
2055 1889 2110 1937 et
2142 1878 2234 1948 qui
2279 1878 2436 1932 bonis
2481 1875 2654 1930 valide
2694 1871 3020 1933 adversaris,
3069 1882 3188 1921 mea
3220 1868 3447 1920 fortasse

180 1974 327 2041 νήσῃ
381 1987 479 2038 μου
514 1971 580 2022 τά
603 1968 849 2022 ἐνδόσθια
888 1987 902 2000 ⁸
929 1971 962 2038 ὴ
1013 1970 1067 2022 δὲ
1115 1969 1212 2036 τῆς
1262 1967 1398 2036 ἐμῆς
1430 1966 1656 2035 καρδίας
1688 1967 1768 2026 είς

183 2064 428 2132 Χριστὸν
481 2063 666 2126 πίστις
713 2061 912 2124 ἄσυλος
965 2061 1117 2114 ἔσται
1155 2061 1246 2112 καὶ
1301 2058 1769 2127 ἀναφαίρετος.οί

185 2158 243 2210 δὲ
279 2154 447 2221 ἅγιοι,
491 2156 556 2208 τά
602 2154 692 2206 τοῦ
729 2154 1002 2224 μάρτυρος
1033 2153 1313 2222 σπλάγχνα
1368 2150 1679 2223 ῥηγνύμενά
1711 2167 1770 2202 τε

185 2246 290 2296 καὶ
321 2247 398 2306 εἰς
427 2246 527 2313 γῆν
553 2244 696 2298 οὕτω
725 2243 1157 2312 διασπειρόμενα
1205 2243 1567 2311 θεασάμενοι,
1587 2241 1774 2310 φιλάν-

187 2336 415 2406 θρωπόν
462 2352 512 2386 τι
565 2334 658 2386 καὶ
717 2333 836 2386 λίαν
889 2331 1194 2402 περιπαθὲς
1243 2332 1620 2402 δακρύσαντες
1679 2333 1772 2384 τὸν

184 2426 450 2497 Χριστὸν,
487 2427 626 2494 ὑπὲρ
655 2420 713 2479 οὗ
735 2424 906 2478 ταῦτα
925 2424 1155 2494 ἔπασχε,
1189 2423 1380 2493 βοηθὸν
1400 2423 1647 2476 ἐκάλουν.
1679 2421 1772 2487 Οἷς

190 2519 468 2574 ἐπιϐαλὼν
493 2520 590 2581 τὰς
627 2517 781 2586 ὄψεις
819 2518 844 2569 ὁ
873 2513 1157 2584 δικαστὴς,
1203 2514 1301 2566 καὶ
1350 2515 1410 2567 τὸ
1440 2515 1542 2584 τῆς
1587 2515 1776 2583 φιλαν-

191 2612 447 2682 θρωπίας
476 2611 508 2680 ἢ
541 2610 895 2681 φιλαδελφίας
936 2608 1136 2678 μᾶλλον
1186 2609 1310 2662 ἰδὼν
1367 2606 1656 2676 σύμῦολον.
1708 2605 1776 2658 τά

193 2709 254 2758 ἐν
285 2703 581 2772 ὀφθαλμοῖς
613 2703 847 2772 δάκρυα,
872 2704 964 2754 καὶ
996 2697 1080 2753 οἷά
1111 2720 1253 2764 τινος
1276 2699 1532 2768 πλησθεὶς
1557 2700 1772 2768 ἡδονῆς,

196 2796 472 2865 Ἠττησθε
500 2797 735 2856 πάντως,
764 2791 882 2845 εἷπε
906 2793 1045 2862 μετὰ
1064 2793 1214 2862 βοῆς,
1243 2794 1502 2863 ἥττησθε.
1531 2795 1638 2847 Καὶ
1658 2793 1779 2845 τού.

194 2906 295 2944 του
316 2890 514 2958 δεῖγμα
536 2890 567 2957 ἡ
592 2886 759 2953 πολλὴ
785 2884 922 2954 αὕτη
951 2889 1220 2954 κατήφεια
1248 2887 1339 2936 καὶ
1364 2885 1432 2937 τὰ
1457 2886 1686 2954 δάκρυα.
1715 2886 1778 2938 Et

199 2989 314 3056 γὰρ
340 2985 589 3053 ἠδύνατο,
615 2985 801 3052 φησὶν,
833 2984 859 3035 ὁ
889 2982 1156 3051 ὑμέτερος
1186 2979 1319 3042 Θεὸς
1344 2978 1440 3049 τὴν
1479 2978 1782 3047 μυθευομέ-

203 3096 305 3145 νην
341 3078 544 3146 ταύτην
582 3079 711 3144 ὑμῖν
758 3076 1022 3129 ἀθάνατον
1068 3075 1214 3144 ζωὴν
1248 3071 1578 3142 παρασχεῖν,
1635 3072 1779 3134 τίνος

1872 1975 2128 2031 intestina
2185 1971 2418 2025 educere
2469 1967 2690 2037 poteris.
2746 1965 2850 2019 mei
2899 1974 3078 2017 autem
3152 1959 3332 2013 cordis
3391 1957 3447 2011 in

1870 2066 2145 2121 Christum
2204 2061 2336 2115 ﬁdes
2398 2059 2533 2113 mihi
2593 2057 2726 2126 eripi
2795 2071 2931 2126 non,
2984 2051 3201 2123 poterit.
3261 2050 3450 2104 Sancti

1872 2169 2051 2213 autem
2084 2169 2205 2210 cum
2251 2153 2516 2207 vidissent
2556 2147 2813 2203 intestina
2859 2119 3113 2215 m/artytis
3160 2142 3449 2210 disrumpi,

1875 2261 1930 2305 et
1973 2266 2070 2320 per
2120 2257 2317 2302 terram
2371 2242 2647 2312 dispergi,
2710 2250 2899 2294 tenere
2963 2248 3016 2292 et
3067 2235 3454 2294 miScrabiliter

1875 2343 2087 2405 ﬂentes,
2120 2339 2323 2396 Christi
2355 2337 2679 2390 invocabant
2727 2331 3012 2393 auxilium,
3049 2344 3149 2399 pro
3185 2345 3294 2397 quo
3336 2327 3454 2381 haec

1877 2435 2200 2505 patiebatur.
2221 2431 2290 2483 -ln
2323 2442 2459 2497 quos
2505 2441 2629 2480 eum
2678 2423 2844 2491 iudex
2887 2419 3214 2490 coniecisset
3244 2417 3454 2475 oculos.

1876 2536 1930 2580 et
1983 2519 2357 2585 humanitatis,
2450 2525 2544 2571 aut
2594 2514 2774 2586 potius
2837 2514 3040 2566 amoris
3117 2510 3171 2565 in
3235 2508 3454 2563 fratrem

1879 2619 2090 2687 signum
2145 2611 2370 2665 vidisset
2427 2609 2722 2677 lacrymas,
2775 2618 2896 2672 qua:
2949 2611 3107 2656 erant
3160 2605 3213 2654 in
3259 2600 3457 2660 oculis,

1879 2684 2046 2765 veluti
2109 2705 2341 2776 quadam
2405 2700 2644 2769 repletus
2716 2695 2948 2752 laetitia:
3006 2691 3259 2762 Superati
3327 2684 3459 2744 estis

1879 2801 2102 2854 omnino
2128 2837 2141 2858 ,
2186 2794 2424 2864 superati
2464 2792 2633 2854 estis,
2688 2788 2865 2857 inquit
2903 2783 3234 2839 vociferans.
3289 2779 3461 2848 Huius

1881 2904 2058 2949 autem
2088 2889 2348 2944 iudicium
2376 2895 2456 2940 est
2485 2887 2602 2939 hzcc
2634 2896 2826 2953 magna
2857 2878 3073 2932 tristitia
3102 2887 3154 2930 et
3183 2875 3460 2944 lacrytnze.

1883 2990 1938 3044 Si
1981 2986 2125 3041 enim
2177 2989 2376 3051 posset,
2435 2978 2634 3044 inquit,
2688 2983 2867 3026 vester
2899 2970 3038 3025 Deus
3084 2970 3248 3029 hanc,
3297 2980 3462 3035 quam

1881 3093 1985 3133 vos
2035 3073 2267 3144 lingitis,
2329 3068 2696 3125 immortalem
2757 3063 2923 3116 vitam
2989 3057 3146 3112 vobis
3196 3055 3460 3125 prmbere,

201 3172 366 3240 χάριν
398 3169 539 3220 οὕτω
575 3171 666 3219 τὸν
717 3168 902 3229 κακῶς
953 3167 1326 3235 ἀπολούμενον
1378 3168 1595 3234 ἑταῖρον
1623 3165 1779 3235 ὑμῶν

1883 3183 2114 3243 quanam
2147 3169 2211 3219 de
2241 3178 2401 3217 causa
2433 3159 2686 3231 lugeretis
2707 3155 2962 3213 amicum,
2995 3150 3085 3218 qui
3121 3147 3276 3202 vobis
3322 3145 3466 3199 male

202 3260 486 3314 ἐπενθεῖἰε
511 3279 525 3326 ;
551 3262 613 3314 Οἱ
639 3260 697 3312 δὲ
721 3259 856 3327 πρὸς
891 3257 1053 3310 αὐτόν
1087 3274 1100 3288 ο
1122 3257 1186 3310 '11
1212 3256 1321 3310 τῶν
1372 3256 1622 3324 δακρύων
1645 3257 1783 3326 αὕτη

205 3353 424 3421 σταγὼν
443 3355 540 3424 τὴν
571 3350 805 3422 φυσικὴν
841 3349 1033 3420 μηνύει
1077 3349 1447 3420 συμπάθειαν.
1487 3348 1646 3401 Ἐπεὶ
1689 3349 1787 3401 οὐκ

205 3452 272 3504 ἄν
316 3465 443 3501 ποτε
469 3450 624 3518 ἡμεῖς
644 3445 837 3516 γνώμῃ
858 3445 946 3497 τὸν
969 3444 1196 3510 ἀδελφὸν
1217 3443 1545 3510 κλαύσωμεν
1563 3441 1788 3508 τοιούτῳ

206 3542 552 3597 τελευτῶντα
576 3541 810 3608 θανάτῳο
847 3537 1046 3605 μᾶλλον
1077 3537 1186 3604 γὰρ
1209 3534 1300 3588 καὶ
1329 3534 1597 3606 μακάριον
1628 3533 1791 3586 αὑτὸν

206 3635 306 3689 τοῦ
341 3636 526 3695 τέλους
559 3630 842 3699 ἡγούμεθα
897 3627 994 3680 καὶ
1055 3623 1347 3696 ζηλοῦμεν,
1410 3626 1586 3690 ὅτιτῇ
1630 3639 1793 3692 προσ·

211 3728 394 3796 καίρῳ
447 3727 619 3792 ταύτῃ
677 3720 896 3790 βασάνῳ
954 3717 1052 3785 τὴν
1087 3717 1166 3779 εἰς
1201 3715 1288 3767 ἀεὶ
1339 3713 1610 3783 μένουσαν
1643 3711 1794 3778 βασι-

211 3819 368 3871 λείαν
405 3811 921 3887 ἐπραγματεύσατο.
955 3811 1030 3863 Οὔ
1058 3808 1246 3862 τοῦτον
1276 3804 1390 3870 οὖν,
1439 3806 1629 3876 ὥσπερ
1653 3805 1790 3876 ἐφη-

216 3930 348 3978 μεν,
379 3911 517 3965 ἀλλὰ
558 3911 619 3963 σέ
659 3908 861 3978 μᾶλλον
904 3903 1210 3974 θρηνοῦμεν
1245 3900 1345 3970 τῆς
1377 3900 1670 3961 ἀπωλείας,
1701 3899 1792 3948 καὶ

213 4003 293 4061 ὧν
331 4005 544 4076 μέλλεις
589 4001 949 4070 κληρονομεῖν
979 3993 1233 4066 χαλεπῶν
1269 3992 1616 4044 ἀντιδόσεων.
1663 3989 1795 4058 Χρι-

214 4099 352 4157 στοῦ
382 4099 490 4168 γάρ
518 4097 679 4164 νόμος
707 4095 800 4147 καὶ
822 4092 961 4159 ὺπέρ
987 4085 1142 4156 ὑμῶν
1159 4082 1421 4152 δακρύειν
1445 4080 1552 4134 τῶν
1583 4081 1793 4150 ἐχθρῶν

215 4194 298 4263 τῷ
324 4193 422 4259 τῆς
464 4190 684 4256 ἀγάπης
735 4185 880 4254 μόνῳ
921 4183 1015 4237 καὶ
1049 4182 1146 4251 τῆς
1190 4179 1580 4254 χρηστότητος.

293 4287 377 4338 Η’.
432 4283 520 4334 Ἐν
553 4282 663 4348 ὅσῳ
698 4277 954 4331 δὲταῦτα
995 4275 1235 4343 ἐλέγετο,
1287 4272 1414 4334 τοὺς
1462 4270 1560 4340 μέν
1608 4264 1796 4334 ἁγίους

219 4379 322 4434 καὶ
340 4371 496 4437 αὖθις
527 4374 585 4425 τὸ
612 4370 988 4438 δεσμωτήριον
1017 4365 1331 4434 ὑπεδέχετο,
1354 4364 1458 4424 ἓως
1489 4363 1516 4413 ὁ
1539 4356 1796 4424 δικαστὴς

223 4468 494 4531 σκέψαιτο
563 4464 746 4522 ποίαις
791 4460 900 4512 τῶν
935 4457 1209 4508 κολάσεων
1249 4455 1446 4513 αὐτοὺς
1475 4451 1793 4520 παραδόσει.

1890 3241 2071 3334 perit?
2099 3259 2175 3313 llli
2207 3267 2386 3312 autent
2422 3254 2468 3308 ei
2505 3252 2801 3306 dixerunt:
2841 3244 2968 3298 llaec
2996 3251 3147 3312 gutta
3193 3241 3464 3308 lacryma-

1894 3369 2013 3410 rum
2051 3350 2352 3406 naturalem
2408 3345 2675 3414 signiﬁcat
2726 3335 3278 3393 commiserationem.
3331 3327 3465 3382 Nam

1891 3463 1995 3502 nos
2043 3455 2226 3500 nostra
2278 3435 2549 3495 sententia
2596 3443 2876 3501 nunquam
2921 3425 3307 3481 defleverimus
3358 3421 3470 3474 fra-

1894 3549 2051 3604 trem,
2111 3535 2202 3604 qui
2244 3533 2336 3586 tali
2386 3537 2561 3583 morte
2612 3525 2828 3579 decedit
2867 3541 2880 3576 :
2919 3524 3029 3575 imo
3071 3532 3200 3572 vero
3247 3521 3470 3585 propter

1896 3631 2056 3684 talem
2105 3603 2391 3682 decessum
2425 3632 2549 3674 eum
2592 3615 2811 3671 beatum
2852 3611 3124 3672 ducimus,
3159 3615 3214 3660 et
3255 3603 3469 3658 felicem

1892 3733 2170 3778 vocamus,
2198 3714 2344 3783 quod
2376 3713 2498 3775 hoc,
2539 3707 2684 3776 quod
2705 3715 2791 3760 est
2827 3701 2892 3757 ad
2922 3713 3138 3770 tempus
3170 3703 3469 3752 tormento.

1895 3809 2048 3872 illud,
2075 3805 2218 3876 quod
2245 3815 2460 3873 semper
2493 3807 2699 3861 manet,
2734 3809 2960 3862 regnum
2993 3787 3324 3844 conciliavit.
3351 3783 3469 3837 Non

1899 3903 2041 3955 hunc
2080 3911 2229 3966 ergo,
2271 3902 2328 3948 ut
2360 3872 2619 3953 diximus,
2645 3885 2739 3942 sed
2790 3894 2941 3938 tuum
2983 3878 3164 3948 potius
3210 3872 3476 3930 deﬂemus

1896 3991 2195 4049 interitum,
2228 3996 2282 4038 et
2311 3981 2493 4052 gravia
2525 3978 2687 4040 mala,
2719 3990 2839 4043 quae
2883 3973 2977 4026 tibi
3024 3979 3152 4023 sunt
3177 3974 3472 4022 eventura.

1895 4081 2095 4139 Christi
2127 4077 2272 4132 enim
2301 4075 2384 4128 lex
2419 4061 2693 4140 nosiubet
2744 4065 2873 4118 ﬂere
2901 4063 3082 4116 etiam
3127 4071 3228 4130 pro
3275 4056 3477 4118 nostris

1896 4172 2155 4234 inimicis,
2185 4166 2466 4222 charitatis
2499 4163 2615 4232 lege
2645 4169 2699 4214 et
2727 4154 3097 4227 benignitatis.

1971 4258 2103 4316 Vill.
2139 4257 2361 4312 Interim
2392 4264 2573 4310 autem
2623 4252 2750 4306 dum
2811 4252 2924 4302 haec
2971 4245 3311 4309 dicebantur,
3354 4257 3480 4295 san-

1899 4368 2017 4413 ctos
2038 4355 2257 4425 quidem
2287 4361 2475 4404 rursus
2508 4343 2726 4414 excepit
2767 4356 2977 4401 carcer,
3010 4339 3189 4393 donec
3229 4335 3482 4390 conside-

1899 4459 2046 4505 raret
2101 4447 2289 4518 iudex,
2345 4442 2674 4511 quibusnam
2730 4449 2828 4490 eos
2883 4430 3124 4486 traderet
3173 4425 3475 4496 suppliciis.

233 4565 300 4615 Ὀ
332 4518 388 4615 δέ
422 4560 690 4627 μακάριος
724 4518 934 4620 ὸῦαρος
965 4549 1058 4602 ἐπὶ
1099 4549 1192 4601 τοῦ
1227 4543 1384 4612 ξύλου
1420 4518 1568 4615 ἦρτο
1596 4543 1690 4595 καὶ
1721 4542 1777 4594 ἔτ

1906 4544 2101 4596 Beatus
2133 4549 2316 4591 autem
2351 4534 2521 4587 Varus
2572 4525 2823 4582 sublimis
2871 4519 3050 4578 adhuc
3104 4520 3374 4590 pendebat
3426 4518 3481 4570 in

228 4653 528 4723 μετέωρος,
561 4645 702 4700 οὕτω
734 4639 1092 4713 προσταχθὲν,
1126 4638 1286 4706 ἄχρις
1316 4636 1426 4704 ἁφή
1463 4652 1546 4687 σοι
1581 4633 1671 4686 καὶ
1704 4631 1801 4702 τὴν

226 4743 434 4816 ψυχήν.
475 4740 564 4802 Ὠς
615 4731 674 4791 οὗ
713 4737 837 4796 τοὺς
876 4734 1062 4802 ἁγίους
1106 4731 1211 4784 ὑπὸ
1247 4730 1463 4798 δεσμοῖς
1499 4728 1592 4780 καὶ
1642 4741 1805 4796 φρου-

235 4842 358 4908 ραῖς
395 4835 530 4901 πρὸς
567 4831 666 4900 τὴν
688 4828 910 4897 εἱρκτὴν
940 4824 1241 4892 ἀγομένους
1270 4821 1549 4881 ἐθεάσατο,
1593 4817 1802 4888 μεγάλῃ

230 4933 300 5004 τῇ
338 4929 512 4998 φωνῇ,
536 4916 976 4994 Θαρσεῖτε,εἷπε,
1014 4910 1248 4984 πατέρες
1282 4915 1429 4983 ἐμοὶ,
1461 4913 1803 4984 θαρσεῖτε....

233 5023 388 5077 οὐδὲν
428 5017 538 5086 ἐγὼ
570 5015 858 5084 λογίζομαι
892 5011 988 5074 τὰς
1017 5010 1361 5077 ἐπαγομένας
1397 5024 1486 5075 μοι
1515 5003 1806 5074 τιμωρίας,

233 5112 378 5168 ἀλλά
409 5128 476 5182 με
506 5109 584 5177 τῷ
625 5106 739 5176 ὲμῷ
796 5099 1028 5174 Χριστῷ
1060 5099 1369 5170 παράθεσθε
1421 5101 1516 5152 καὶ
1569 5096 1808 5164 Σωτῆρι,

235 5209 334 5260 καὶ
371 5201 648 5263 πεποιθὼς
692 5197 1030 5268 πορεύσομαι
1078 5193 1213 5263 πρὸς
1251 5191 1414 5245 αὑτὸν
1460 5192 1578 5251 ταῖς
1614 5186 1812 5257 ὑμετέ-

241 5315 367 5372 ραις
401 5296 587 5364 εὐχαῖς
619 5290 1046 5362 φρουρούμενος,
1081 5288 1172 5339 ἐπὶ
1206 5285 1364 5337 πέντε
1401 5282 1530 5352 γοῦν
1557 5281 1723 5352 ὥραις
1745 5282 1809 5350 τῇ

241 5393 463 5460 βασάνῳ
511 5387 946 5455 ἐγκαρτερήσας,
1006 5381 1062 5432 ἐν
1122 5379 1315 5447 εἰρήνῃ
1368 5377 1427 5428 τὸ
1473 5373 1691 5442 πνεῦμα
1738 5372 1814 5440 τῷ

240 5483 500 5539 δεδωκότι
543 5479 660 5549 Θεῷ
708 5476 993 5545 παρέθετο.
1031 5474 1152 5525 Ἔτι
1185 5471 1240 5522 δὲ
1275 5471 1373 5539 ζῇν
1423 5467 1588 5520 αὐτὸν
1626 5466 1676 5518 οἱ
1722 5464 1815 5515 ἐπ”.

241 5579 352 5631 τῶν
408 5575 658 5647 βασάνων
715 5573 969 5638 οίέμενοι,
1023 5567 1142 5620 οὐδὲ
1196 5563 1256 5616 τὸ
1304 5562 1490 5614 λοιπὸν
1535 5559 1814 5626 μεθίεσαν,

245 5669 382 5722 ἀλλὰ
444 5666 696 5737 κοράκων
755 5663 955 5731 τρόπον
1009 5659 1101 5711 καὶ
1157 5656 1292 5726 μετὰ
1331 5653 1560 5707 θάνατον
1604 5649 1815 5720 ἦκιζον,

249 5756 379 5816 insi.
413 5762 469 5815 δὲ
516 5760 608 5812 καὶ
653 5759 838 5820 αὐτοῖς
869 5754 962 5806 καὶ
993 5751 1067 5819 τῷ
1105 5750 1350 5820 τυράννῳ
1393 5742 1691 5812 διεγνὼσθη
1736 5743 1818 5793 ὅτι

253 5853 462 5924 Obsipat;
512 5851 757 5919 τέθνηκε,
806 5848 892 5899 τὸν
957 5841 1143 5912 νεκρὸν
1168 5837 1587 5908 καταγαγὲυτες,
1613 5833 1702 5886 καὶ
1735 5834 1820 5887 διὰ

1911 4635 2056 4704 ligno
2091 4649 2104 4686 :
2139 4629 2217 4684 sic
2241 4625 2388 4683 enim
2428 4623 2641 4692 iussum
2694 4617 2872 4672 fuerat
2918 4622 2977 4666 ut
3010 4618 3274 4672 maneret,
3308 4608 3484 4661 donec

1911 4701 2182 4781 emitteret
2226 4721 2483 4774 animam.
2531 4713 2823 4778 Postquam
2869 4714 3051 4760 antem
3097 4701 3235 4756 vidit
3266 4708 3485 4754 sanctos

1912 4819 2152 4880 vinctos',
2203 4821 2257 4866 et
2301 4823 2424 4865 eum
2488 4802 2810 4861 cuStodibus
2864 4798 2990 4854 duci
3047 4795 3103 4849 in
3165 4806 3483 4854 carcerem,

1915 4926 2108 4980 magna
2157 4921 2334 4961 voce:
2395 4904 2544 4958 Bono
2595 4901 2801 4961 animo,
2857 4892 3058 4964 inquit,
3117 4899 3302 4961 patres
3356 4885 3485 4950 mei,

1915 5005 2057 5058 bono
2083 5001 2265 5055 animo
2298 5005 2469 5052 estote
2499 5011 2514 5047 :
2544 5005 2644 5063 ego
2672 4989 2817 5044 enim
2846 4983 3150 5040 nihilifacio
3196 4994 3316 5051 qua:
3349 4978 3486 5032 mihi

1917 5095 2222 5150 inferuntur
2278 5085 2563 5159 supplicia,
2613 5083 2707 5138 sed
2761 5095 2850 5134 me
2899 5091 3022 5132 meo
3073 5075 3294 5131 Christo
3337 5087 3488 5126 com-

1918 5188 2190 5253 mendate,
2245 5194 2300 5237 et
2349 5179 2636 5240 Salvatori,
2692 5177 2746 5228 et
2801 5170 3138 5227 confidenter
3189 5166 3256 5220 ad
3305 5164 3485 5233 ipsum

1920 5283 2108 5336 vadam
2167 5287 2473 5332 vestrarum
2532 5268 2839 5324 orationum
2907 5261 3152 5316 munitus
3210 5254 3486 5326 prasidio.

1919 5375 2054 5429 Cum
2085 5387 2212 5435 ergo
2261 5368 2503 5438 quinque
2558 5363 2710 5417 horis
2741 5374 2798 5413 se
2855 5355 3070 5411 fortiter
3121 5348 3381 5421 gessisset
3435 5347 3485 5397 in

1925 5467 2025 5520 hoc
2076 5435 2370 5519 tormento,
2421 5450 2474 5510 in
2523 5467 2654 5524 pace
2700 5447 2949 5520 Spiritum
3014 5438 3124 5497 Deo
3175 5435 3484 5493 committit.

1927 5557 2054 5611 Eum
2088 5563 2270 5610 autem
2318 5551 2494 5605 adhuc
2547 5547 2732 5600 vivere
2786 5545 3037 5608 putantes
3079 5532 3170 5602 qui
3222 5535 3490 5599 preerant

1926 5646 2233 5710 tormentis,
2274 5657 2344 5696 ne
2402 5640 2468 5695 de
2525 5645 2718 5692 czetero
2765 5626 2985 5697 quidem
3047 5628 3349 5681 cessarunt,
3396 5616 3487 5670 sed

1928 5743 2098 5796 instar
2131 5749 2417 5794 corvorum
2465 5725 2787 5796 torquebant
2837 5719 2999 5772 etiam
3061 5721 3188 5783 post
3233 5716 3488 5764 mortem.

1926 5840 2214 5915 {’ostquam
2243 5844 2368 5887 vero
2397 5825 2463 5879 ab
2492 5821 2624 5896 ipsis
2645 5815 2917 5884 cngnitum
2949 5808 3066 5871 fuit,
3107 5813 3158 5860 et
3181 5816 3210 5857 a
3244 5810 3499 5870 tyrannoo
