4188 6432
733 409 871 475 1151

2028 400 2313 464 MENSIS
2355 400 2720 464 OCTOBEB.

3854 402 4023 467 1159

732 542 1002 588 mortuum
1030 546 1151 585 esse
1190 530 1407 595 Varum,
1439 543 1638 598 corpus
1666 526 2055 596 deposuerunt,
2088 530 2145 577 et
2183 535 2306 574 cum

2416 523 2582 591 μέσου
2631 526 2723 578 τοῦ
2784 528 2974 587 ἄστεος
3014 525 3417 591 ἐφελκύσαντες
3462 566 3475 589 ,
3526 527 3683 579 κυσὶν
3724 527 3777 578 oi
3825 526 4024 585 κύνες

730 639 828 693 per
883 623 1116 678 mediam
1168 624 1458 676 traxissent
1503 620 1802 680 civitatem,
1861 616 2087 671 canibus
2138 626 2303 668 canes

730 716 1071 771 exedendum
1132 714 1491 769 tradiderunt.
1550 714 1723 779 Atque
1751 706 1925 761 Varus
1970 706 2186 776 quidem
2220 715 2303 758 ta-

734 808 837 861 lem
913 815 970 862 et
1019 816 1127 860 tam
1184 805 1407 859 felicem
1476 802 1685 857 invenit
1745 799 1972 854 exitum.
2036 796 2303 850 Postridie

731 909 913 953 autem
958 913 1080 951 cum
1114 897 1385 951 sistendos
1423 903 1683 965 martyres
1717 899 1964 948 curasset
2012 889 2302 960 parricida,

733 1006 910 1060 neque
958 999 1141 1059 posset
1183 988 1506 1058 persuadere
1567 986 1804 1059 (volebat
1854 985 2022 1047 enim,
2069 991 2122 1036 et
2157 981 2302 1035 omni

733 1099 835 1153 Ope
868 1082 1232 1136 contendebat
1260 1080 1498 1148 conspici
1532 1079 1703 1132 victor
1724 1077 1776 1130 in
1808 1074 2187 1145 persuadendo
2220 1074 2304 1131 iis,

732 1171 825 1240 qui
865 1181 1022 1225 erant
1052 1179 1158 1224 tam
1189 1176 1547 1235 constantes),
1579 1176 1703 1234 post
1732 1166 1896 1219 multa
1931 1174 1982 1218 et
2008 1162 2153 1215 varia
2178 1177 2305 1231 sup-

732 1265 892 1334 plicia
932 1277 1028 1316 eos
1056 1262 1406 1323 condemnat,
1451 1268 1510 1314 ut
1553 1258 1730 1330 gladio
1777 1267 2006 1311 mortem
2054 1255 2305 1309 subeant.

733 1353 1058 1422 Martyribus
1084 1355 1266 1405 autem
1298 1352 1421 1404 laeto
1462 1359 1518 1403 et
1547 1348 1708 1401 alacri
1746 1346 1927 1400 animo
1963 1361 2309 1400 consumma-

733 1447 824 1510 tis,
877 1461 1000 1499 cum
1054 1458 1235 1498 sacras
1289 1458 1478 1496 eorum
1531 1440 1790 1510 reliquias
1856 1449 2022 1493 noctu
2088 1439 2306 1507 quidam

734 1538 1028 1592 Christiani
1078 1535 1452 1598 sustulissent,
1495 1535 1548 1588 in
1591 1532 1786 1603 insigni
1832 1532 1949 1585 loco
1985 1539 2173 1585 sancte
2222 1530 2313 1594 ὀρ,

735 1638 1056 1699 posuerunt.

808 1718 897 1772 IX.
936 1718 1193 1784 Quaedam
1222 1727 1402 1772 autem
1441 1715 1634 1769 mulier
1672 1730 1736 1768 ex
1798 1714 1864 1769 iis
1916 1730 2036 1783 qua
2081 1715 2134 1769 in
2195 1716 2310 1769 solo

737 1807 847 1864 Deo
886 1824 1036 1875 spem
1075 1818 1388 1877 posuerant,
1440 1815 1557 1860 orta
1610 1806 1663 1858 in
1723 1804 2031 1866 Palaestina,
2085 1806 2308 1861 nomine

734 1902 1041 1968 Cleopatra,
1065 1915 1186 1969 qua:
1224 1915 1392 1968 prope
1425 1899 1635 1958 aderat.
1658 1913 1780 1952 cum
1835 1899 2138 1953 decertaret
2171 1915 2312 1953 mar-

738 2005 819 2063 tyr
854 1993 1042 2055 Varus,
1086 2003 1142 2046 et
1203 1992 1417 2046 videbat
1458 1990 1653 2044 acerba
1710 1989 1799 2043 illa
1850 1998 2142 2051 tormenta,
2192 2007 2312 2060 qua

736 2083 962 2138 suberat
1015 2091 1237 2151 propter
1293 2081 1591 2141 Christum,
1655 2088 1711 2133 et
1765 2079 1818 2132 in
1884 2080 2049 2134 corde
2093 2097 2310 2151 gravem

738 2175 950 2245 plagam
992 2174 1317 2242 accipiebat,
1358 2180 1412 2226 et
1444 2188 1634 2241 magna
1667 2171 2000 2225 afﬁciebatur
2044 2172 2311 2233 molestia,

738 2267 1018 2334 Deumque
1060 2265 1397 2329 obsecrabat,
1427 2264 1636 2332 jejunio
1683 2280 1883 2318 vacans
1944 2274 1997 2319 et
2054 2264 2313 2327 orationi,

739 2366 800 2412 ut
834 2373 986 2411 snam
1015 2359 1262 2410 visitaret
1287 2356 1660 2409 haereditatem
1690 2356 1755 2407 ad
1791 2355 2055 2409 malorum
2089 2370 2313 2409 revoca-

741 2450 983 2503 tionem:
1016 2450 1161 2516 Ipsa,
1192 2447 1433 2515 inquam,
1464 2460 1586 2500 cum
1635 2461 1791 2500 suum
1837 2446 2029 2507 tilium,
2069 2448 2157 2514 qui
2202 2448 2313 2515 pri-

744 2550 885 2588 mam
921 2534 1111 2603 agebat
1136 2542 1370 2596 astatem,
1405 2544 1567 2587 noctu
1597 2549 1721 2587 eum
1758 2533 1877 2586 aliis
1906 2536 2312 2602 assumpsisset,

744 2640 802 2683 et
830 2630 1067 2682 venisset
1129 2628 1179 2679 in
1217 2628 1391 2680 locum
1427 2626 1483 2684 in
1529 2639 1636 2694 quo
1671 2624 1881 2692 jacebat
1932 2640 2127 2694 corpus
2171 2641 2315 2678 mar-

746 2718 895 2788 tyris,
932 2717 981 2769 id
1016 2716 1173 2778 tollit,
1228 2730 1289 2768 ac
1348 2714 1602 2785 pretiosis
1656 2715 1809 2768 unxit
1859 2716 2214 2779 aromatihus,
2264 2723 2318 2766 et

745 2806 1045 2875 splendidis
1074 2806 1250 2859 induit
1297 2806 1556 2858 vestibus.
1610 2805 1678 2858 Et
1720 2804 1974 2872 quoniam
2024 2805 2318 2859 vehemens

744 2909 862 2951 erat
918 2894 1113 2949 ﬂuctus
1172 2894 1463 2962 impietatis
1525 2894 1787 2947 adversus
1847 2893 2221 2959 Christianos,
2264 2906 2317 2951 et

743 2988 924 3057 gravia
966 2995 1095 3039 tunc
1144 2984 1310 3053 capiti
1354 2984 1737 3049 imminebant,
1782 2986 1978 3040 timens
2024 2985 2078 3039 in
2130 2998 2316 3056 aperto

745 3079 1036 3131 ostendere
1069 3077 1349 3146 pietatem,
1387 3094 1509 3130 eum
1545 3079 1645 3130 sub
1675 3094 1831 3131 suum
1865 3079 2065 3133 lectum
2106 3081 2314 3135 tulisset

2408 615 2577 687 βορὰν
2611 617 2940 687 παρέδοσαν.
2982 616 3041 669 '0
3079 618 3179 686 μὲν
3207 613 3299 671 οὖν
3326 618 3537 687 Οὔαρος
3562 616 3805 671 τοιοῦτον
3865 609 4020 683 εὗρε

2406 710 2468 762 τὸ
2514 710 2688 774 τέλος,
2737 709 2829 763 καὶ
2867 708 3008 762 οὕτω
3060 710 3257 780 κομιδῆ
3316 710 3607 780 μακάριον,
3651 714 3715 779 τῇ
3768 710 3828 762 δὲ
3871 711 4021 777 ἑξῆς

2408 803 2534 862 τοὺς
2577 802 2864 870 μάρτυρας
2896 804 2924 853 ὁ
2959 804 3242 869 μιαιφόνος
3295 802 3794 871 παραστησόμενος
3820 840 3836 863 ,
3877 801 4025 853 ἐπεὶ

2413 895 2490 964 μὴ
2528 895 2735 947 πείθειν
2768 888 2878 956 οἷός
2905 911 2963 947 τε
2998 889 3102 964 ἦν*
3138 893 3391 947 ἐϐούλετο
3415 894 3524 964 γὰρ
3553 894 3649 946 καὶ
3681 896 3794 946 πᾶν
3822 894 4021 943 ito-fet

2410 987 2635 1055 νικητὴς
2668 985 3001 1057 ὁφθῆναι,τῷ
3033 988 3357 1055 μεταπεῖσαι
3382 987 3509 1049 τοὺς
3539 986 3683 1039 οὕτω
3714 984 4022 1053 βεϐαίους,

2412 1081 2553 1150 μετὰ
2609 1080 2809 1155 πολλὰς
2865 1081 2957 1133 καὶ
3014 1079 3271 1142 ποικίλας
3306 1081 3402 1142 τὰς
3434 1081 3730 1150 τιμωρίας,
3788 1080 3889 1129 τον
3924 1078 4023 1130 διὰ

2418 1171 2607 1238 ξίφους
2634 1170 2813 1223 αὐτῶν
2839 1170 3069 1223 θάνατον
3095 1171 3439 1238 κατακρίνει,
3475 1172 3569 1224 καὶ
3596 1171 3661 1240 δὴ
3696 1170 3816 1222 τῶν
3863 1186 4023 1239 μαρ-

2416 1260 2599 1330 τύρων
2654 1262 2743 1329 ὑφ’
2795 1262 2957 1332 ἡδονῇ
3008 1263 3104 1314 καὶ
3136 1260 3421 1331 προθυμία
3458 1262 3895 1326 τελειωθέντων,
3948 1262 4019 1312 τε

2413 1354 2536 1422 ἱερὰ
2583 1351 2789 1405 τούτων
2828 1352 3056 1422 λείψανα
3119 1354 3313 1416 νυκτὸς
3347 1354 3664 1424 Χριστιανοί
3706 1372 3865 1418 τινες
3914 1355 4023 1420 ὐφ-

2414 1443 2684 1513 ελόμενοι,
2712 1442 2876 1506 ὁσίως
2908 1446 2964 1496 ἐν
2999 1445 3257 1516 ἐπισήμῳ
3294 1444 3585 1498 κατέθεντο
3618 1446 3799 1515 τόπῳ.

2484 1717 2561 1771 Θ’.
2617 1717 2755 1786 Γυνὴ
2807 1716 2865 1769 δέ
2912 1734 2994 1779 τις
3040 1718 3148 1770 τῶν
3197 1716 3287 1769 ἐπὶ
3337 1715 3483 1785 μόνῳ
3515 1713 3635 1779 Θεῷ
3666 1717 3769 1784 τὴν
3804 1716 4013 1767 ἐλπίδα

2414 1809 2654 1878 θεμένων
2674 1809 2771 1877 τῆς
2793 1804 3180 1875 Παλαιστηνῶν
3197 1806 3494 1875 ὁρμωμένη
3520 1804 3646 1872 γῆς,
3664 1804 4010 1875 Κλεοπάτρα

2413 1901 2586 1972 ταύτῃ
2629 1901 2689 1953 τὸ
2739 1900 2928 1969 ὄνομα,
2974 1897 3265 1960 ἀθλοῦντος
3310 1898 3404 1951 τοῦ
3436 1898 3715 1967 μάρτυρος
3751 1898 4009 1967 Οὐᾶρον,

2413 1993 2577 2059 ἐγγύς
2608 2009 2711 2044 που
2753 1990 3030 2062 παροῦσα,
3067 1990 3286 2053 καὶτὰς
3327 1991 3530 2061 πικρὰς
3572 1990 3797 2050 ἐκείνας
3831 1988 4012 2057 βασα-

2415 2100 2563 2147 νους,
2609 2080 2673 2143 ἃς
2716 2082 2920 2148 ὑπέστη
2952 2080 3040 2133 διὰ
3085 2080 3320 2147 Χριστὸν
3354 2080 3652 2148 βλέπουσα,
3690 2080 3916 2149 βαρέως
3946 2097 4005 2134 τε

2415 2173 2515 2243 τὴν
2550 2172 2779 2240 καρδίαν
2811 2172 3095 2233 ἐτύπτετο,
3119 2172 3214 2223 καὶ
3242 2171 3419 2239 δεινῆς
3452 2171 3764 2240 ἐπληροῦτο
3797 2172 4004 2237 λύπης,

2415 2264 2665 2333 ἐλιπάρει
2723 2280 2781 2315 τε
2837 2262 2899 2314 τὸ
2949 2261 3123 2325 Θεῖον,
3175 2261 3393 2332 νηστεία
3449 2262 3863 2331 προστετηκυῖα
3910 2266 4007 2315 καὶ

2414 2358 2715 2427 προσευχῇ,
2770 2355 2859 2408 τὸν
2919 2353 3086 2408 αὐτοῦ
3150 2354 3351 2423 κλῆρον
3396 2354 3485 2407 ἐπ’
3537 2355 3842 2425 ἀνακλήσει
3893 2354 4009 2407 τῶν

2416 2448 2600 2500 κακῶν
2642 2446 3064 2515 ἐπισκέψασθαι.
3102 2444 3248 2514 Αὕτη
3280 2446 3370 2498 τδν
3398 2447 3597 2497 οἰκεῖον
3619 2446 3815 2509 παῖδα,
3850 2446 4009 2513 πρώ-

2412 2557 2513 2607 την
2557 2539 2756 2605 ἄγοντα
2784 2538 2881 2606 τὴν
2908 2537 3150 2605 ἠλικίαν,
3193 2536 3310 2603 μεθ’
3340 2537 3541 2603 ἐτέρων
3568 2535 3792 2604 νύκτωρ
3821 2553 4009 2602 παρα-

2415 2630 2681 2693 λαϐοῦσα,
2738 2631 2859 2681 ὅποι
2897 2645 2955 2679 τε
2994 2631 3021 2680 ὁ
3057 2627 3251 2697 νεκρὸς
3298 2626 3393 2679 τοῦ
3442 2627 3722 2697 μάρτυρος
3770 2629 4008 2698 Ερῤιπτο

2417 2720 2807 2774 καταλαϐοῦσα
2842 2736 2856 2783 ;
2890 2721 3081 2772 τοῦτον
3128 2720 3460 2790 ἀναιρεῖται,
3510 2720 3774 2789 ἀρώμασί
3809 2739 3869 2771 τε
3912 2738 4008 2773 πο-

2416 2812 2659 2865 λυτελέσι
2688 2812 2965 2880 μυρίσασα
2991 2811 3084 2864 καὶ
3109 2812 3389 2881 λαμπραῖς
3411 2811 3599 2881 ἐσθῆσι
3622 2812 4006 2879 περιϐαλοῦσα

2416 2905 2511 2956 καὶ
2565 2905 2795 2972 ἐπείπερ
2826 2904 2980 2970 ὁτῆς
3033 2905 3291 2964 ἀσεϐείας
3344 2904 3553 2954 κλύδων
3598 2904 3856 2969 ἐκράτει,
3910 2905 4004 2956 καὶ

2417 2996 2558 3066 ὑπὲρ
2594 2996 2840 3063 κεφαλῆς
2875 2997 3041 3064 ἤρετο
3089 2994 3159 3044 τὰ
3205 2993 3351 3045 δεινὰ
3388 2995 3444 3045 ἐν
3475 2995 3698 3063 φανερῷ
3728 2995 4004 3047 δεδοικυῖα

3864 3106 3873 3121 ﬁ

2417 3088 2755 3155 προαγαγεῖν
2781 3084 2876 3153 τὴν
2908 3083 3190 3134 εὐσέϐειαν
3216 3122 3231 3146 ,
3283 3084 3386 3136 ὑπὸ
3414 3085 3510 3153 τὴν
3548 3086 3715 3152 αὐτῆς
3770 3087 3963 3154 κλίνην
3986 3127 4003 3148 ,

745 3180 1003 3239 quantum
1034 3178 1191 3223 terra:
1218 3168 1537 3231 sufﬁciebat,
1574 3184 1698 3223 eum
1730 3172 1954 3240 deponit
1998 3181 2311 3226 reverenter

2423 3176 2530 3244 γῆν
2564 3178 2686 3227 ὅσον
2717 3174 2920 3245 ἀρκοῦν
2960 3169 3027 3245 ἦν
3079 3176 3455 3246 ἐκφορήσασα,
3494 3176 3813 3245 σεϐασμίως
3841 3178 4003 3229 αὑτὲν

747 3261 1053 3316 accendens
1082 3260 1278 3322 lucem,
1316 3269 1370 3314 et
1396 3260 1684 3327 sumtibus,
1720 3270 1775 3314 ut
1821 3262 2017 3328 potuit,
2053 3262 2101 3315 ci
2142 3262 2317 3318 hono-

747 3368 863 3406 rem
919 3352 1183 3405 tribuens.
1243 3349 1578 3405 Procedente
1645 3360 1825 3407 autem
1896 3364 2140 3424 tempore
2195 3372 2316 3411 cum

750 3445 1018 3501 idolorum
1053 3453 1416 3498 marcesceret
1442 3445 1692 3511 impietas
1713 3484 1727 3505 ,
1761 3446 1909 3496 venit
1932 3447 1980 3497 ei
2010 3447 2061 3497 in
2087 3458 2317 3500 mentem

749 3538 977 3591 alienam
1014 3536 1288 3590 dimittere
1342 3532 1641 3603 regionem,
1692 3544 1747 3588 et
1778 3534 1953 3591 redire
1983 3536 2034 3590 in
2066 3537 2315 3606 patriam.

748 3628 885 3684 Cum
914 3637 1093 3681 autem
1127 3643 1233 3681 non
1267 3637 1451 3695 posset
1493 3644 1691 3694 corpus
1726 3630 2017 3684 transferre
2051 3633 2319 3701 martyris,

748 3721 854 3775 nisi
890 3720 943 3773 id
988 3721 1141 3787 prius
1186 3717 1518 3787 signiﬁcaret
1558 3718 1804 3787 praesidi,
1859 3722 2020 3778 rebus
2068 3725 2320 3780 omnibus

750 3811 864 3866 suis
896 3811 1033 3865 bene
1078 3810 1419 3878 compositis,
1476 3825 1571 3879 per
1632 3811 1922 3878 quemdam
1963 3828 2026 3867 ex
2086 3814 2173 3879 iis,
2228 3816 2317 3885 qui

748 3901 974 3969 ascripti
1036 3910 1190 3953 erant
1220 3899 1273 3951 in
1323 3913 1607 3951 numerum
1650 3907 1947 3963 oratorum,
2000 3904 2207 3957 accedit
2255 3907 2320 3961 ad

751 3992 856 4046 loci
885 3988 1189 4057 praesidem,
1216 3994 1270 4039 et
1294 4000 1418 4040 eum
1443 3988 1686 4055 pecuniis
1717 3990 2038 4059 aggrediens
2064 3991 2316 4061 rogabat,

754 4092 813 4137 ut
844 4068 945 4135 sibi
978 4095 1175 4149 corpus
1204 4090 1477 4132 mortuum
1519 4077 1715 4132 efferre
1758 4082 2100 4136 concederet.
2137 4082 2321 4148 Quod;

754 4188 875 4229 nam
929 4182 1111 4226 autem
1179 4180 1325 4224 esset
1382 4185 1625 4237 corpus,
1694 4181 1749 4224 et
1813 4172 2066 4241 quisnam
2127 4175 2321 4231 modus

752 4264 946 4319 mortis
1010 4260 1323 4329 eXplicans,
1394 4259 1608 4313 dicebat
1674 4275 1831 4313 suum
1898 4264 2177 4329 maritum,
2229 4269 2318 4336 qui

753 4357 958 4426 primas
1005 4352 1317 4407 obtinuerat
1368 4359 1549 4418 partes
1606 4350 1661 4404 in
1710 4352 1975 4416 exercitu,
2032 4357 2309 4427 multaque

752 4451 1012 4521 praeclara
1100 4454 1153 4498 et
1235 4444 1465 4514 insignia
1530 4453 1727 4513 tropaea
1800 4447 2060 4502 adversus
2135 4447 2321 4505 hostes

2425 3266 2768 3336 κατατίθησι,
2804 3266 2919 3334 φῶς
2950 3283 3008 3318 τε
3045 3266 3309 3320 ἄσϐεστον
3349 3269 3494 3338 αὖτῷ
3525 3270 3870 3337 ὑφάπτουσα,
3908 3272 4002 3322 καὶ

2423 3358 2785 3424 Θυμιάμασιν,
2811 3357 2883 3415 ὡς
2912 3351 3049 3423 εἶχε,
3076 3359 3321 3422 νέμουσα
3366 3359 3463 3425 τὴν
3498 3363 3688 3428 τιμήν.
3721 3361 3919 3430 Χρόνῳ
3946 3362 4000 3413 δὲ

2424 3449 2650 3518 ὕστερον
2694 3450 2790 3520 τῆς
2830 3447 3114 3517 εἰδωλικῆς
3165 3447 3422 3511 ἀσεϐείας
3473 3451 4000 3519 ἀπομαραινομένης

2423 3542 2548 3595 νοῦν
2581 3542 2704 3609 ἔσχε
2761 3541 2857 3609 τὴν
2899 3540 3187 3607 ἀλλοτρίαν
3214 3542 3434 3607 ἀφεῖναι
3476 3541 3571 3593 καὶ
3604 3540 3703 3608 τῆς
3740 3542 3999 3612 πατρίδος

2423 3630 2577 3693 αὖθις
2606 3629 2895 3698 γενέσθαι*
2932 3631 3053 3682 ἐπεὶ
3088 3632 3142 3683 δὲ
3170 3631 3266 3700 οὐχ
3318 3633 3405 3685 οἵα
3442 3649 3501 3685 τε
3530 3630 3595 3702 ἦν
3624 3635 3722 3686 καὶ
3760 3633 3855 3686 τὸν
3907 3650 3997 3685 νε.

2425 3723 2553 3792 κρδν
2608 3722 2976 3791 μετακομίσαι
3035 3721 3127 3775 τοῦ
3183 3724 3485 3793 μάρτυρος,
3534 3726 3582 3776 εί
3618 3726 3695 3792 μὴ
3729 3726 3996 3794 πρότερον

2422 3814 2682 3879 γνωρίσοι
2727 3812 2806 3879 τῷ
2842 3812 3089 3878 ἡγεμόνι,
3123 3812 3187 3862 τὰ
3236 3813 3357 3864 κατ’
3400 3814 3560 3864 αὑτὸν
3602 3813 3661 3865 εὖ
3706 3817 3883 3867 πάντα
3915 3816 3997 3867 es-

2427 3904 2586 3973 μένη,
2612 3903 2700 3954 διά
2738 3918 2880 3965 τινος
2905 3904 3012 3956 τῶν
3040 3904 3095 3954 ἐν
3126 3905 3232 3965 τοῖς
3267 3906 3490 3973 ῥήτορσι
3525 3908 3887 3974 γραμμένων,
3921 3908 3995 3978 τῷ

2418 3994 2511 4050 ἐπὶ
2562 3992 2656 4046 τοῦ
2729 3995 2898 4046 τόπου
2969 3992 3355 4062 ἡγεμονεύοντι
3393 3997 3721 4064 προσφοιτᾷ,
3765 3999 3860 4048 καὶ
3907 4001 3993 4052 τὸν

2422 4084 2589 4153 ἄνδρα
2620 4085 2900 4153 χρήμασιν
2934 4085 3262 4149 ὑπελθοῦσα,
3296 4086 3463 4138 ἐδεῖτο
3490 4088 3627 4155 αὐτῇ
3661 4088 3993 4155 χαρίσασθαι

2421 4177 2519 4245 τὴν
2550 4176 2643 4228 τοῦ
2672 4175 2864 4242 νεκροῦ
2896 4179 3161 4245 ἐκφοράν.
3191 4180 3285 4241 Τίς
3314 4180 3369 4231 δὲ
3404 4183 3430 4233 ὸ
3464 4178 3659 4250 νεκρὸς
3714 4183 3811 4233 καὶ
3847 4184 3989 4245 ὅστις

2420 4266 2447 4317 ὁ
2505 4265 2701 4335 τρόπος
2747 4265 2846 4333 τῆς
2891 4264 3146 4333 τελευτῆς
3189 4268 3603 4336 ἐρμηνεύουσα,
3643 4272 3736 4325 τὸν
3794 4276 3991 4326 οἰκεῖον

2421 4355 2660 4432 ἔφασκεν
2689 4356 2879 4425 ἄνδρα,
2912 4356 3003 4408 τὸν
3031 4357 3089 4409 ἐν
3113 4358 3177 4427 τῇ
3210 4360 3469 4428 στρατεία
3502 4362 3567 4413 τὰ
3600 4363 3795 4431 πρῶτα
3828 4365 3991 4417 815v:-

2421 4448 2641 4510 γκόντα,
2668 4449 2896 4518 λαμπρὰ
2921 4466 2979 4501 τε
3015 4449 3109 4503 καὶ
3146 4449 3421 4519 περιφανῆ
3449 4451 3731 4516 πολλάκις,
3756 4456 3825 4505 τὰ
3850 4458 3986 4509 κατὰ

752 4549 1019 4603 erexerat,
1075 4552 1200 4590 cum
1252 4537 1307 4590 in
1366 4550 1459 4591 eos
1513 4536 1676 4591 multa
1742 4550 1963 4594 strenue
2010 4551 2063 4594 et
2107 4542 2311 4598 fortiter

2426 4539 2532 4590 τῶν
2571 4538 2847 4605 πολεμίων
2879 4541 3153 4608 στήσαντα
3204 4542 3462 4611 τρόπαια,
3506 4543 3598 4594 καὶ
3631 4543 3849 4606 πολλοῖς
3879 4550 3985 4609 τοῖς

753 4633 1033 4704 gessisset,
1067 4645 1130 4683 ex
1178 4629 1281 4681 hac
1331 4637 1441 4680 vita
1497 4628 1818 4693 excessisse,
1858 4645 1926 4683 ne
1981 4633 2317 4700 sepulturam

751 4723 970 4791 quidem
1004 4736 1166 4789 quam
1205 4734 1301 4788 par
1322 4728 1458 4785 erat,
1488 4730 1864 4775 consecutum.
1896 4720 2089 4792 Hujus,
2127 4725 2319 4794 inquit,

752 4829 854 4884 ego
881 4827 1082 4880 corpus
1118 4810 1271 4865 valde
1296 4811 1489 4864 studeo
1524 4810 1577 4863 in
1611 4826 1762 4866 suam
1814 4814 2110 4869 transferre
2141 4818 2320 4886 regio-

752 4922 899 4961 nem.
944 4903 1103 4957 Cedit
1147 4903 1328 4971 itaque
1375 4903 1667 4971 provincia:
1709 4920 1909 4972 pra:ses
1957 4907 2229 4975 petitioni,
2267 4919 2322 4962 et

753 4994 1024 5066 permittit
1062 4995 1110 5047 ei
1156 4991 1333 5047 facere
1399 4994 1541 5062 quod
1602 4995 1927 5063 postulabat.
1991 4995 2083 5049 Illa
2134 5007 2313 5051 autem

753 5084 836 5141 sui
878 5086 1094 5154 quidem
1134 5084 1311 5139 mariti
1364 5100 1589 5152 corpus,
1638 5086 1738 5153 qui
1792 5086 1845 5138 in
1897 5087 2069 5141 aliena
2105 5088 2319 5159 regione

752 5177 843 5231 diu
878 5188 1003 5230 ante
1027 5191 1056 5229 e
1089 5177 1223 5229 vivis
1249 5188 1579 5243 excesserat,
1629 5186 1981 5232 monumento
2026 5181 2316 5235 mandave-

754 5277 858 5331 rat,
889 5269 942 5321 in
969 5267 1022 5322 id
1055 5267 1255 5337 injecto
1286 5267 1527 5336 pulvere.

824 5446 888 5499 Χ.
931 5445 1066 5498 Cum
1092 5445 1255 5513 igitur
1294 5445 1543 5516 martyris
1578 5459 1773 5514 corpus
1804 5448 2133 5508 sustulisset,
2181 5458 2229 5501 et
2265 5449 2312 5502 id

752 5553 941 5591 rursus
976 5538 1240 5601 unxisset,
1273 5547 1327 5592 et
1356 5538 1694 5607 splendidius
1720 5540 2137 5609 composuisset,
2159 5550 2212 5594 et
2247 5558 2314 5594 ne

752 5629 855 5683 boc
909 5629 1256 5683 Christianus
1304 5631 1573 5700 quispiam
1628 5630 1769 5684 scire
1826 5642 2032 5700 posset,
2087 5632 2139 5683 in
2190 5647 2310 5687 arca

752 5720 996 5790 oleagina
1055 5722 1434 5789 imposuisset,
1484 5730 1537 5776 et
1582 5723 1952 5778 abscondisset
2008 5724 2151 5790 (nam
2200 5725 2311 5793 pri-

754 5825 899 5865 mum
939 5809 1153 5880 quidem
1205 5811 1424 5867 timebat
1472 5812 1707 5881 gentium
1758 5813 2055 5878 insaniam,
2113 5812 2306 5870 deinde

2423 4630 2544 4683 κατ’
2595 4628 2773 4680 αὐτῶν
2828 4630 3384 4696 ὲγκαλλωπισάμενον
3450 4636 3841 4704 ὰριστεύμασι,
3900 4639 3985 4691 τὸν

2424 4721 2536 4792 βίον
2566 4718 2679 4771 ὦδε
2713 4721 3052 4791 μεταλαχεῖν,
3104 4723 3241 4792 μηδὲ
3268 4724 3367 4790 τῆς
3405 4726 3576 4792 ταφῆς
3606 4730 3985 4797 προσηκούσης

2422 4812 2737 4876 ἀξιωθέντα.
2761 4814 2983 4877 Τούτου,
3013 4814 3168 4881 φησι,
3201 4813 3293 4867 τδν
3327 4802 3516 4887 νεκρὸν
3551 4817 3664 4885 ἐγὼ
3692 4820 3781 4873 διὰ
3828 4838 3983 4875 σπον-

2420 4903 2515 4969 δῆς
2545 4903 2667 4972 ἄρτι
2695 4903 2910 4971 τίθεμαι
2928 4904 3061 4974 πρὶς
3079 4904 3175 4974 τὴν
3192 4906 3401 4959 οἰκείαν
3430 4914 3803 4976 μετενεγκεῖν.
3826 4894 3982 4971 ⁵Εἴκει

2419 4994 2708 5062 τοιγαροῦν
2735 4997 2761 5045 ὁ
2790 4995 2887 5061 τῆς
2914 4996 3180 5065 ἐπαρχίας
3204 4999 3425 5066 ἡγεμὼν
3454 5000 3593 5070 πρὸς
3621 5003 3725 5068 τὴν
3751 5007 3977 5073 αἴτησιν,

2422 5085 2514 5137 καὶ
2547 5088 2806 5155 πράττειν
2830 5087 2969 5157 αὐτῇ
2994 5087 3053 5138 τὸ
3085 5095 3489 5159 παριστάμενον
3528 5093 3837 5163 ἐπιτρέπει·
3869 5100 3897 5163 ἡ
3928 5098 3977 5148 δὲ

2419 5178 2509 5231 τὸν
2540 5179 2636 5245 μὲν
2665 5178 2759 5230 τοῦ
2789 5181 2985 5247 ἑαυτῆς
3015 5180 3205 5246 ἀνδρὸς
3236 5182 3429 5251 νεκρὸν
3476 5183 3564 5234 τὸν
3601 5185 3717 5252 βίον
3760 5189 3978 5240 ἐπάλλε-

2419 5270 2480 5321 δα
2493 5271 2589 5337 πῆς
2617 5269 2795 5335 πολλῷ
2818 5272 3079 5340 πρότερον
3102 5272 3501 5334 καταλύσαντος
3532 5279 3779 5344 μνήματι
3812 5296 3975 5345 παρα-

2419 5360 2639 5414 δεδώκει
2673 5362 2820 5413 κόνιν
2858 5362 3121 5414 ἐπιϐαλοῦ
3133 5380 3223 5415 σα.

2490 5450 2541 5503 l'.
2580 5452 2681 5503 Τὸν
2708 5452 2761 5504 δὲ
2789 5452 2879 5504 τοῦ
2912 5457 3191 5524 μάρτυρος
3226 5453 3348 5522 ἄρτι
3374 5454 3670 5529 ἀνελομένη
3706 5462 3975 5531 μυρίσασα

2416 5559 2473 5594 τε
2507 5542 2680 5609 αὖθις,
2730 5544 3085 5617 λαμπρότερα
3117 5564 3178 5598 τε
3217 5547 3603 5617 περ;ὅαλοῦσα,
3644 5554 3739 5603 καὶ
3783 5553 3853 5616 ὡς
3912 5557 3971 5608 ἂν

2420 5634 2603 5701 μήτινι
2652 5631 2809 5685 τοῦτο
2859 5634 3047 5701 μαθεῖν
3081 5633 3311 5702 ὕπαρξοι
3354 5636 3805 5705 Χριστιανῶν.ἑν
3848 5644 3970 5713 tul-in

2417 5726 2574 5794 ἐρέας
2609 5725 2872 5793 ἐνθεμένη
2908 5727 2999 5777 καὶ
3032 5727 3394 5795 ὑποκρὺψασα
3424 5770 3434 5789 ,
3471 5729 3658 5783 ἐδεδίει
3701 5734 3805 5801 γὰρ

2417 5836 2569 5889 τερον
2607 5818 2700 5889 μὲν
2737 5819 2841 5871 τῶν
2875 5818 3198 5891 ἑλληνιστὼν
3233 5820 3326 5886 τὴν
3362 5823 3580 5888 μανίαν,
3624 5827 3765 5893 μιτά
3807 5829 3963 5887 ταὺτα
