4188 6432
168 423 344 486 1153

1438 421 1900 483 MARTYRIUM
1945 423 2000 483 S.
2045 425 2252 484 VARI.

3310 429 3450 495 1154

168 540 242 591 δὲ
309 541 487 611 πολλῷ
534 542 692 595 πλέον
723 543 831 596 τῶν
872 541 1111 595 εῦσεόῶν
1140 542 1237 610 τὴν
1271 542 1602 613 θερμότητα,
1649 543 1771 596 πάν-

1887 549 2091 602 autem,
2144 552 2195 595 et
2237 541 2406 595 multo
2457 543 2626 612 magis
2671 543 2878 612 piorum
2936 544 3228 612 fervorem,
3274 551 3454 604 omni-

169 650 312 685 των
336 635 412 697 ὼς
456 639 515 687 τὸ
548 637 694 697 είκος
738 635 896 704 ἔργον
946 636 1102 688 τοῦτο
1135 637 1554 689 σπουδαιότατον
1585 655 1772 689 ποιου-

178 725 385 792 μένων
420 727 760 795 ἀναιρεῖσθαι
797 727 904 779 τῶν
934 729 1072 798 ὑπὲρ
1112 728 1349 797 Χριστοῦ
1383 730 1661 782 παθόντων
1706 730 1773 781 τὰ

169 815 456 885 λείψανα,
491 818 697 870 τούτων
741 817 834 871 οῦν
865 819 939 880 ὡς
977 819 1171 888 ἥδιστα
1200 821 1328 890 περὶ
1365 818 1539 873 ταῦτα
1586 821 1773 872 διαπο-

173 907 498 975 νουμένων,
553 909 732 978 ἐκείνη
781 911 879 976 τὴν
931 910 1294 982 Παλαιστίνην
1339 911 1772 980 καταλαμϐάνει.

173 996 378 1048 Αὑτοῦ
413 997 465 1048 δὲ
505 1001 768 1067 γενομένη
813 998 947 1050 κατά
998 1015 1115 1050 τινα
1159 999 1352 1066 κώμην
1383 998 1533 1066 παρὰ
1561 997 1638 1066 τῷ
1668 993 1774 1048 Θα-

175 1085 389 1153 ῢωρίῳ
434 1089 714 1155 κειμένην,
753 1088 917 1155 Ἕδρα
952 1087 1008 1140 δὲ
1052 1088 1463 1156 κατωνόμαστο,
1514 1089 1577 1139 τὸ
1631 1087 1773 1139 θεῖον

177 1179 364 1247 σῶμα
429 1179 520 1230 τοῦ
574 1182 846 1250 μάρτυρος
903 1180 1296 1242 κατατίθεται,
1365 1179 1655 1246 λαμπάδας
1715 1195 1772 1234 τε

179 1271 548 1338 ὑφάπτουσα,
584 1275 680 1322 καὶ
713 1271 882 1322 πολλὰ
917 1272 1023 1322 τῶν
1071 1272 1320 1339 εῦόσμων
1366 1270 1624 1329 καίουσα,
1681 1273 1772 1324 καὶ

171 1363 284 1412 διὰ
325 1362 494 1429 τιμῆς
548 1365 725 1429 πάσης
781 1363 1005 1428 ἄγουσα,
1068 1355 1142 1423 ὦς
1184 1358 1276 1414 οὖν
1309 1363 1442 1414 πολύ
1477 1380 1529 1412 τι
1570 1361 1773 1430 πλῆθος

171 1453 500 1522 ἀνθρώπων
547 1449 679 1522 ἧκον
730 1457 822 1508 ἐπὶ
861 1457 958 1525 τὴν
1001 1456 1157 1525 σηρὸν
1186 1456 1352 1524 ἐώρα,
1384 1458 1627 1526 πανταχῆ
1666 1457 1772 1524 γὰρ

175 1543 297 1612 ἤδη
343 1544 503 1595 τοῦτο
545 1544 885 1614 διαῦεϐὐητο,
924 1547 1016 1602 καὶ
1045 1546 1252 1608 πάντας
1285 1547 1316 1614 ἡ
1349 1547 1491 1615 ὀσμὴ
1538 1547 1644 1598 τῶν
1677 1549 1770 1598 αὐο

175 1633 290 1685 τοῦ
325 1636 564 1702 χαρίτων
604 1635 770 1698 ὀξέως
811 1638 1021 1702 ἐκάλει,
1056 1638 1150 1691 καὶ
1179 1638 1270 1703 οὓς
1307 1640 1516 1709 χαλεπή
1551 1656 1632 1700 τις
1655 1640 1773 1690 ἐπι-

178 1725 442 1776 πεσοῦσα
477 1728 632 1788 νόσος
675 1729 882 1792 ὲπίεζε,
925 1730 1019 1783 καὶ
1065 1730 1154 1792 οὓς
1191 1732 1428 1800 πονηροῦ
1465 1731 1773 1798 πνεύματος

179 1818 447 1884 συνεῖχεν
483 1819 753 1888 ἐνέργεια,
795 1821 996 1882 πάντες
1024 1821 1131 1891 γὰρ
1159 1824 1223 1892 τῇ
1255 1821 1352 1889 τῆς
1387 1820 1544 1890 σοροῦ
1600 1837 1773 1888 προσ-

179 1905 407 1958 ιὶεύσει
435 1909 542 1960 τῶν
591 1910 954 1978 ἐνοχλούντων
989 1913 1150 1975 εὐθὺς
1196 1913 1625 1983 ἀπηλλάττοντο,
1659 1912 1774 1965 δέον

179 1997 353 2070 ᾠήθη
389 2002 480 2052 καὶ
505 2003 633 2054 ναὸν
666 2004 874 2073 ἐγεῖραι
922 2005 999 2074 τῷ
1046 2007 1281 2077 μάρτυρι
1313 2007 1507 2059 σεπτὸν
1546 2008 1578 2076 ἡ
1627 2007 1775 2075 φιλό·

185 2105 437 2157 μάρτυς,
477 2094 597 2144 ἐπεὶ
647 2093 702 2146 δὲ
744 2097 920 2164 εἴχετο
959 2097 1058 2165 τῆς
1114 2097 1422 2166 οίκοδομῆς,
1469 2098 1776 2161 πολυτελῶς

187 2178 345 2244 ἄγαν
403 2185 493 2235 καὶ
529 2185 847 2254 φιλοτίμως,
898 2188 1064 2238 ποίων
1099 2188 1197 2256 μὲν
1229 2189 1487 2256 χαρίτων,
1534 2189 1689 2248 ποίας
1719 2189 1774 2239 δὲ

187 2272 299 2324 σὺν
383 2274 540 2345 ἡδονῇ
612 2276 761 2345 ὥράς
822 2278 1003 2348 ἐκείνῃ
1062 2280 1520 2348 προσμειδιώσης,
1598 2280 1773 2349 χαρᾶς

182 2361 450 2429 ἔμπλεως
483 2369 774 2438 γενομένη,
817 2369 996 2438 χαίρει
1050 2369 1159 2439 γὰρ
1216 2369 1361 2440 ψυχὴ
1413 2369 1580 2423 καλοῦ
1631 2370 1771 2440 πρά-

181 2469 405 2520 γματος
435 2459 861 2530 ἐπιμελουμένη,
884 2459 1042 2514 τοῦτο
1097 2462 1216 2531 μὲν,
1246 2463 1328 2516 ὅτι
1363 2462 1597 2532 φύσειτὸ
1632 2467 1772 2533 ἁγα-

184 2547 288 2598 θὸν
323 2551 498 2617 χαρᾶς
528 2551 787 2618 πρόξενον
820 2556 932 2614 τοίς
968 2553 1359 2622 ἐργαζομένοις
1390 2559 1474 2610 διὰ
1522 2560 1620 2628 τὴν
1665 2561 1771 2613 ἀπὸ

185 2638 290 2690 τοῦ
326 2641 627 2703 συνειδότος
678 2642 1072 2714 πληροφορίαν,
1121 2647 1278 2698 τοῦτο
1319 2647 1375 2698 δὲ
1411 2651 1504 2701 καὶ
1541 2650 1627 2702 διὰ
1674 2651 1772 2720 τὴν

186 2728 562 2804 ἐλπιζομένην
597 2735 885 2800 ἀντίδοσιν,
926 2738 1104 2805 χαρᾶς
1134 2736 1226 2790 οὖν
1257 2737 1628 2808 πληρωθεῖσα,
1660 2745 1770 2804 τοῖς

187 2825 466 2890 κρατοῦσι
503 2829 759 2896 χρήματα
805 2829 1013 2898 πέμπει
1035 2831 1200 2900 τιμῆς
1219 2831 1450 2897 ἀξιῶσαι
1484 2832 1573 2884 τὸν
1605 2835 1770 2886 παῖδα

187 2914 296 2981 τῆς
324 2919 456 2984 παρ’
483 2920 663 2980 αὐτοῖς
683 2921 1030 2990 αἱτουμένης,
1075 2925 1168 2976 καὶ
1201 2925 1538 2995 παραχρῆμα
1566 2925 1770 2994 βασιλι-

186 3006 296 3059 καὶ
348 3011 479 3080 παρ’
536 3012 669 3079 αὐτῇ
707 3011 990 3077 συλλαϐαὶ,
1044 3015 1359 3083 βεδαιοῦσαι
1401 3018 1479 3085 τῷ
1527 3019 1673 3069 παιδὶ
1713 3021 1771 3072 τὸ

190 3100 438 3170 ἀξίωμα.

1883 631 2003 693 bus,
2045 644 2102 683 ut
2136 647 2231 700 par
2266 643 2405 693 erat,
2459 633 2693 689 maximo
2737 636 2917 690 studio
2970 639 3453 704 contendentibus,

1883 738 1949 775 rte
1984 724 2305 778 tollerentur
2337 726 2579 794 reliquiae
2613 743 2827 792 eorum,
2862 730 2951 798 qui
2983 731 3122 799 passi
3161 741 3327 785 erant
3355 749 3454 800 pro

1880 814 2143 883 Christo),
2183 818 2330 870 venit
2362 818 2413 870 in
2457 817 2973 874 Palaestinam.Cum
3023 823 3129 876 illic
3163 823 3351 876 fuisset
3397 825 3453 877 in

1879 906 2110 972 quodam
2139 908 2258 960 viro
2298 909 2389 974 qui
2449 910 2589 963 situs
2631 921 2746 964 erat
2785 912 2934 980 juxta
2968 913 3324 972 Thaborium,
3363 913 3449 967 cui

1879 1011 2076 1053 nomen
2111 1006 2225 1050 erat
2253 998 2410 1059 Edra,
2446 1000 2669 1068 deponit
2700 1001 2940 1054 divinum
2990 1017 3191 1069 corpus
3241 1012 3452 1071 marty-

1879 1088 1989 1148 ris.
2055 1089 2438 1157 lampadesque
2502 1092 2843 1153 accendens,
2925 1103 2980 1144 et
3053 1107 3218 1146 urens
3281 1093 3453 1146 multa

1878 1180 2169 1244 odorifera,
2229 1182 2280 1236 id
2329 1182 2565 1236 habebat
2625 1183 2676 1235 in
2751 1182 2899 1237 omni
2963 1183 3191 1238 honore.
3260 1182 3451 1241 Postea

1881 1272 2068 1324 videns
2100 1288 2346 1342 magnam
2384 1274 2666 1328 hominum
2695 1274 3101 1328 multitudinem
3137 1275 3450 1328 venientem

1877 1366 1941 1418 ad
1985 1367 2217 1419 loculum
2275 1366 2429 1435 (erat
2482 1367 2629 1421 enim
2681 1366 2727 1420 is
2765 1365 2875 1435 jam
2910 1365 3153 1418 omnium
3201 1380 3455 1418 sermone

1877 1456 2202 1517 celebratus,
2263 1468 2316 1510 et
2370 1459 2504 1510 odor
2561 1458 2679 1524 ejus
2738 1458 3028 1527 gratiarum
3094 1471 3286 1510 omnes
3342 1457 3451 1509 cito

1879 1549 2124 1614 vocabat,
2177 1558 2286 1602 tam
2332 1549 2420 1618 qui
2461 1550 2607 1620 gravi
2644 1549 2826 1618 aliquo
2863 1550 3052 1603 morbo
3103 1549 3451 1615 laborabant,

1877 1657 2037 1709 quam
2093 1658 2230 1710 quos
2290 1643 2510 1712 maligni
2573 1642 2794 1711 spiritus
2859 1643 3084 1696 vexabat
3148 1644 3448 1712 Operatio:

1876 1748 2065 1786 omnes
2105 1733 2250 1795 enim
2288 1750 2384 1802 per
2415 1749 2696 1787 accessum
2733 1732 2799 1787 ad
2831 1734 3092 1799 loculum,
3133 1749 3255 1788 mox
3317 1735 3454 1789 Iibe-

1879 1823 2138 1876 rabantur
2197 1823 2262 1876 ab
2323 1823 2388 1876 iis
2437 1839 2556 1892 qua:
2611 1824 2690 1879 eis
2749 1824 3052 1878 molestiam
3097 1823 3452 1895 allerebant),

1881 1914 2213 1967 existimavit
2271 1924 2525 1985 oportere
2591 1917 2816 1986 martyri
2883 1916 3143 1985 templum
3211 1918 3452 1973 excitate

1881 2008 2273 2070 venerandum,
2305 2008 2502 2062 mulier
2529 2024 2718 2062 amans
2752 2019 3066 2078 martyrum.
3100 2011 3234 2062 Cum
3264 2021 3447 2062 autem

1881 2112 2075 2166 magno
2141 2105 2393 2167 sumptu,
2453 2109 2507 2152 et
2564 2114 2758 2169 magna
2818 2101 3173 2153 contentione
3234 2111 3450 2169 urgeret

1878 2188 2295 2242 aedificationem
2352 2189 2698 2259 (quibusnam
2731 2193 2949 2260 quidem
2975 2193 3184 2262 gratiis,
3215 2208 3447 2260 quanam

1875 2288 2056 2331 autem
2088 2295 2211 2331 cum
2246 2282 2540 2348 voluptate,
2578 2282 2847 2350 elegantia
2877 2295 2931 2337 et
2981 2284 3163 2354 specie
3201 2285 3309 2338 illic
3340 2300 3445 2337 non

1875 2370 2204 2440 arridente)
2270 2370 2384 2439 ipsa
2447 2370 2642 2426 referta
2728 2373 2934 2427 laetitiae
2999 2378 3253 2442 (laetatur
3301 2376 3445 2429 enim

1877 2464 2080 2528 anima,
2111 2464 2188 2519 rei
2219 2463 2458 2533 pulchrae
2485 2479 2670 2519 curam
2705 2481 2920 2537 gerens,
2956 2468 3150 2537 partim
3202 2467 3448 2535 quidem,

1875 2559 2020 2628 quod
2059 2559 2199 2611 bono
2247 2566 2437 2609 natura
2473 2559 2544 2609 sit
2589 2559 2839 2618 insitum,
2877 2571 2935 2610 ut
2970 2559 3055 2621 iis,
3090 2558 3180 2626 qui
3231 2559 3283 2612 id
3314 2573 3452 2626 0pc-

1876 2657 2083 2710 rantur,
2143 2647 2404 2701 conciliet
2469 2647 2747 2712 laetitiam;
2809 2648 3001 2716 partim
3053 2657 3232 2702 autem
3285 2655 3447 2702 etiam

1875 2746 2096 2807 propter
2157 2754 2316 2801 eam,
2377 2755 2496 2807 quae
2554 2749 2837 2809 speratur,
2878 2739 3448 2806 remunerationem),

1876 2831 2162 2898 pecuniam
2199 2831 2362 2883 mittit
2419 2833 2486 2885 ad
2545 2849 2662 2894 eos,
2710 2834 2800 2901 qui
2846 2849 3024 2885 rerum
3075 2833 3449 2900 potiebantur,

1873 2933 2064 2987 petens
2096 2931 2152 2974 ut
2195 2921 2399 2976 honore
2432 2938 2591 2974 suurn
2625 2924 2983 2992 dignarentur
3011 2924 3204 2975 tilium.
3250 2924 3444 2978 Statim

1873 3019 2055 3070 autem
2101 3015 2165 3066 ad
2224 3031 2343 3068 eam
2391 3024 2518 3068 sunt
2563 3013 2744 3068 missae
2804 3014 2995 3067 litterae
3052 3013 3442 3084 imperatoriae,

1873 3107 2193 3174 dignitatem
2221 3107 2330 3161 lilio
2355 3107 2678 3160 tribuentes.

265 3194 370 3250 IA'.
413 3197 474 3250 Ἠ
495 3198 548 3251 δὲ
577 3199 717 3263 τέως
755 3202 853 3270 μὲν
902 3203 1140 3274 ἀναϐολῇ
1184 3205 1242 3256 τὸ
1288 3206 1522 3277 πρᾶγμα
1559 3206 1763 3270 δίδωσι,

1938 3198 2028 3250 XI.
2069 3199 2161 3250 IIIa
2185 3213 2315 3250 vero
2343 3214 2456 3251 rem
2491 3200 2711 3266 quidem
2755 3197 2936 3252 diﬂ'ert
2961 3196 3200 3261 interim,
3239 3207 3298 3251 ut
3328 3213 3448 3266 quae

192 3289 479 3361 περὶ-τὴν
546 3294 836 3364 οἰκοδομὴν
892 3298 1275 3366 ἐμμελέστατα
1328 3301 1766 3370 διαπονουμένη,

187 3382 321 3434 ἐπεὶ
348 3383 402 3435 δὲ
437 3385 503 3439 τὰ
534 3385 627 3437 τοῦ
665 3387 792 3440 ναοῦ
824 3389 996 3458 πέρας
1030 3386 1163 3456 εἶχε,
1197 3392 1388 3451 καὶείς
1418 3389 1584 3458 τιμὴν
1618 3387 1770 3452 οὗτος

190 3475 444 3545 εἱστήκει
484 3476 562 3542 τῷ
601 3477 860 3545 μάρτυρι,
884 3478 1146 3544 συγκαλεί
1179 3478 1278 3547 μὲν
1311 3480 1433 3541 τοὺς
1469 3481 1563 3548 τῆς
1597 3483 1770 3550 ἐπαρ-

192 3566 324 3635 χίας
358 3568 690 3630 ἐπισκόπους
726 3571 817 3621 καὶ
841 3569 1268 3639 πρεσϐυτέρους,
1301 3571 1395 3624 ἐπὶ
1425 3574 1488 3642 τῇ
1517 3571 1612 3626 τοῦ
1640 3572 1768 3625 ναοῦ

193 3656 560 3724 καθιερώσει.
593 3659 869 3728 Συγκαλεῖ
897 3661 954 3714 δὲ
987 3663 1079 3714 καὶ
1110 3663 1222 3715 ὅσοι
1250 3663 1359 3715 τῶν
1397 3664 1652 3733 μοναχῶν
1680 3664 1773 3716 ἐπὶ

193 3746 274 3815 τῷ
310 3748 431 3799 κατ’
461 3750 661 3821 ἀρετὴν
697 3750 796 3821 βίῳ
826 3753 1148 3820 διέλαμπον,
1204 3755 1297 3804 καὶ
1350 3754 1448 3822 τῆς
1501 3755 1660 3824 σοροῦ
1710 3755 1772 3805 τὸ

198 3840 350 3907 ἱερὸν
404 3841 561 3910 σῶμα
612 3843 705 3894 τοῦ
758 3843 1033 3912 μάρτυρος
1079 3844 1442 3913 ἐκκομίσασα,
1503 3842 1772 3915 λαμπρῶς

191 3932 292 3979 ἐπὶ
324 3931 644 3994 πολυτέλοῦς
678 3933 938 3989 κατέθετο
973 3934 1181 4003 κλίνης,
1218 3934 1454 4002 ἐπέθηκέ
1487 3951 1544 3986 τε
1578 3936 1672 3986 καὶ
1706 3937 1772 4002 ἣν

198 4024 226 4071 ό
286 4025 415 4086 παῖς
446 4024 695 4096 χλαμύδα
739 4028 833 4080 καὶ
877 4027 1053 4096 ζώνην
1092 4026 1302 4078 ὲνδύναι
1333 4025 1425 4079 τοῦ
1462 4026 1772 4097 ἀξιώματος

189 4115 440 4190 ἔμελλεν,
489 4118 849 4185 εὐλογηθῆναί
911 4134 970 4169 τε
1031 4116 1249 4185 πρῶτον
1297 4118 1450 4191 παρὰ
1500 4118 1610 4171 τῶν
1656 4120 1773 4170 ἐκεῖ

195 4209 588 4274 συνελθόντων,
627 4205 724 4262 εἷθ’
755 4209 923 4272 οὓτως
961 4209 1388 4279 περιϐαλλέσθαι
1421 4209 1615 4262 τοῦτον
1640 4210 1768 4261 ἐκά-

192 4317 332 4370 τερα
391 4302 845 4382 παρεσκεύασεν,
881 4301 1075 4354 ἔπειτα
1137 4301 1408 4370 πάννυχον
1461 4300 1772 4368 δοξολογίαν

192 4393 336 4464 ὁμοῦ
377 4396 451 4462 τῷ
489 4397 652 4447 παντὶ
688 4395 880 4464 πλήθει
911 4397 1285 4463 ποιησαμένη,
1325 4395 1463 4462 αὐτῆ
1516 4410 1574 4447 τε
1611 4397 1704 4445 καὶ
1745 4396 1773 4446 ό

191 4486 328 4546 παῖς
380 4485 704 4549 ὑπελθόντες
742 4486 949 4555 πρῶτοι
997 4487 1058 4538 τὸ
1099 4484 1259 4554 σῶμα
1306 4485 1397 4537 τοῦ
1466 4485 1762 4554 μάρτυρος,

198 4578 298 4630 καὶ
340 4577 498 4632 τοῦτο
550 4579 1037 4643 διαϐαστάσαντες,
1087 4580 1145 4630 ὲν
1190 4577 1269 4648 τῷ
1311 4577 1406 4630 τοῦ
1456 4577 1586 4630 ναοῦ
1636 4576 1765 4646 ἱερῷ

195 4671 573 4740 θυσιαστηρίῳ
604 4672 642 4720 ἱε
655 4671 759 4739 ρῶς
783 4673 1188 4733 κατατίθενται,
1218 4672 1284 4721 τὰ
1309 4671 1353 4721 δ’
1386 4669 1480 4721 ἐπὶ
1503 4667 1712 4730 τούτοις
1736 4668 1769 4736 ὴ

196 4761 537 4831 φιλόμαρτυς
592 4761 950 4833 Κλεοπάτρα,
1003 4761 1372 4831 προσκειμένη
1415 4759 1634 4830 θερμῶς
1677 4761 1772 4812 καὶ

193 4857 531 4926 δακρύουσα,
556 4855 634 4926 τῷ
657 4856 807 4909 παιδί
832 4873 890 4908 τε
919 4859 1014 4909 καὶ
1048 4857 1214 4924 ἑαυτῇ
1243 4855 1309 4906 τὰ
1341 4854 1521 4922 ἀγαθὰ
1561 4852 1771 4914 πιστῶς

195 4944 320 5012 ᾔτει
379 4943 528 5011 παρὰ
579 4945 672 4995 τοῦ
741 4947 1039 5017 μάρτυρος,
1092 4947 1151 4996 ἐν
1197 4944 1371 5013 τούτῳ
1425 4943 1483 4996 δὲ
1535 4943 1642 5012 ἄρα
1670 4941 1770 5010 τῆς

197 5034 350 5094 θείας
394 5032 736 5101 λειτουργίας
783 5038 941 5107 ἱερῶς
983 5037 1350 5106 τελεσθείσης,
1406 5035 1626 5106 ποικίλῃ
1672 5035 1771 5105 μὲν

199 5124 296 5175 καὶ
335 5123 564 5193 λαμπρᾷ
611 5129 679 5194 τη
722 5130 958 5198 ιραττέζῃ
989 5127 1116 5190 τοῦς
1158 5132 1273 5180 ἐκεῖ
1305 5129 1654 5190 συνελθόντας
1690 5129 1770 5179 ει-

204 5213 350 5280 στία,
394 5215 462 5268 τὰ
514 5215 570 5267 δὲ
616 5219 744 5284 περὶ
788 5219 886 5286 τὴν
938 5219 1212 5272 διακονίαν
1242 5219 1446 5288 ταύτην
1475 5220 1551 5289 τῷ
1581 5235 1638 5270 τε
1669 5218 1770 5286 υίῷ

206 5307 297 5360 καὶ
328 5309 494 5379 ἑαυτῇ
531 5307 783 5362 ἀνετίθει.
813 5305 918 5361 Ἦν
945 5311 1000 5362 δὲ
1030 5311 1482 5385 παρηγγελμένον
1513 5309 1590 5378 τῷ
1621 5309 1771 5362 παιδὶ

205 5400 354 5469 παρὰ
385 5401 480 5469 τῆς
509 5401 741 5470 μητέρος
774 5399 892 5470 μηδ’
924 5401 1150 5453 ὁποσοῦν
1187 5400 1397 5470 βρωτοῦ
1431 5416 1574 5462 τινος
1611 5399 1643 5470 ἦ
1673 5415 1767 5452 που

203 5492 295 5544 τοῦ
330 5494 594 5561 πρότερον
626 5491 975 5562 μεταλαϐεῖν,
1013 5493 1140 5562 πρὶν
1185 5495 1241 5544 δὲ
1273 5492 1342 5544 τὰ
1390 5492 1486 5560 τῆς
1539 5491 1771 5559 εὐωχίας

203 5587 282 5647 εἰς
310 5584 482 5652 πέρας
515 5583 709 5637 ἐλθεῖν.
740 5585 897 5638 οῦτω
919 5584 1025 5637 τῶν
1052 5588 1179 5653 περὶ
1206 5585 1303 5653 τὴν
1336 5584 1569 5652 εὐωχίαν
1596 5585 1771 5653 πέρας

206 5679 458 5747 ἑχόντων,
491 5677 587 5744 τῆς
634 5679 847 5747 ἡμέρας
876 5695 935 5730 τε
969 5678 1066 5747 ήδη
1101 5676 1382 5746 κλινάσης,
1416 5675 1552 5728 ἀλλὰ
1585 5676 1646 5727 τὸ
1675 5675 1771 5729 νῦν

208 5769 541 5839 ῥηθήσεσθαι
609 5767 802 5837 μέλλον
855 5771 1204 5839 μικροψῠχων
1251 5771 1349 5837 μὲν
1398 5767 1620 5836 ταράξει
1677 5769 1771 5821 καὶ

202 5864 368 5921 ἀκοὰς
404 5864 496 5916 καὶ
525 5863 720 5931 ψυχὰς,
757 5862 864 5916 τῶν
890 5862 945 5914 δὲ
972 5864 1105 5916 Θεοῦ
1124 5863 1356 5930 τρόπους
1387 5863 1509 5915 ὅσον
1537 5863 1762 5925 ἐφικτὸν

1873 3293 1926 3346 in
1953 3289 2270 3345 aediﬁcando
2301 3288 2569 3341 laboraret
2605 3288 3040 3355 diligentissime.
3083 3288 3216 3341 Cum
3264 3299 3444 3342 autem

1874 3385 2085 3441 ﬁnitum
2113 3393 2260 3437 esset
2296 3382 2578 3450 templum,
2611 3381 2769 3450 idque
2802 3390 2975 3435 staret
3005 3388 3346 3435 exstructum
3390 3381 3443 3434 in

1874 3479 2139 3530 honorem
2196 3478 2468 3543 martyris,
2541 3481 2806 3527 convocat
2863 3473 3081 3541 quidem
3155 3473 3449 3539 provinciae

1873 3568 2158 3636 episcopos
2192 3573 2245 3617 et
2274 3564 2620 3631 presbyteros
2644 3563 2708 3614 ad
2742 3561 2922 3628 templi
2955 3561 3443 3614 consecrationem.

1873 3659 2149 3715 Convocat
2175 3666 2356 3710 autem
2390 3655 2692 3710 monachos
2735 3653 2921 3715 etiam,
2957 3651 3048 3721 qui
3092 3651 3297 3706 virtute
3360 3666 3450 3706 re-

1877 3751 2267 3818 splendebant.
2291 3748 2355 3800 Et
2384 3763 2508 3802 cum
2556 3762 2585 3801 e
2617 3746 2795 3800 loculo
2823 3760 3036 3799 sacrum
3079 3758 3272 3813 corpus
3308 3757 3452 3798 mar-

1874 3843 2008 3914 tyris
2061 3840 2381 3903 extulisset,
2441 3838 2494 3890 id
2546 3837 2602 3890 in
2661 3839 2953 3905 magnilieo
3001 3837 3142 3890 lecto
3190 3835 3449 3905 praeclare

1873 3937 2148 4005 deposuit.
2201 3931 2466 4002 Imposuit
2530 3931 2694 3985 etiam
2748 3930 3091 3999 clamydem,
3145 3937 3200 3982 et
3257 3943 3449 3982 zonam

1874 4025 2170 4095 dignitatis,
2203 4037 2362 4092 quam
2391 4021 2533 4073 ﬁlius
2576 4034 2708 4072 suus
2746 4029 2863 4071 erat
2911 4019 3227 4084 indutui-us,
3262 4019 3452 4072 volens

1875 4130 1934 4175 ut
1967 4119 2201 4190 primum
2234 4115 2693 4171 benedicerentur
2714 4111 2789 4165 ab
2829 4112 2914 4176 iis,
2961 4112 3053 4181 qui
3086 4112 3212 4167 illuc
3256 4126 3451 4166 com-eo

1873 4220 2089 4271 nerant,
2121 4209 2317 4262 deinde
2341 4217 2633 4273 utrumque
2665 4204 2936 4257 indueret.
2978 4203 3166 4271 Itaque
3201 4218 3321 4256 cuiu
3352 4218 3450 4272 per

1874 4302 2088 4359 noctem
2133 4301 2291 4353 simul
2326 4313 2451 4350 cum
2495 4306 2609 4350 toto
2653 4295 2852 4363 populo
2904 4295 3126 4347 fecisset
3176 4294 3447 4362 glorifica-

1875 4397 2098 4455 tionem,
2131 4393 2245 4462 ipsa
2270 4402 2324 4445 et
2358 4389 2498 4442 Iilius
2532 4387 2695 4442 simul
2727 4386 3023 4440 subeuntes
3058 4385 3212 4452 primi
3245 4399 3449 4455 corpus

1876 4485 2152 4554 martyris,
2184 4490 2238 4534 et
2277 4483 2330 4534 id
2368 4480 2627 4541 ferentes,
2678 4485 3024 4530 sacrosancte
3072 4475 3352 4544 deponunt
3385 4475 3442 4530 in

1873 4592 2024 4633 sacra
2056 4590 2146 4629 ara
2175 4571 2380 4640 templi.
2406 4568 2532 4624 Post
2557 4568 2672 4620 haec
2711 4579 2890 4620 autem
2923 4581 3111 4620 amans
3142 4577 3439 4636 martyrum

1871 4675 2183 4740 CleOpatra,
2218 4665 2473 4716 ardenter
2499 4661 2708 4711 instans
2732 4667 2786 4711 et
2830 4660 3159 4725 lacrymans,
3198 4657 3307 4709 lilio
3347 4672 3448 4711 suo

1872 4775 1926 4819 et
1959 4762 2064 4820 sibi
2099 4761 2237 4812 bona
2279 4753 2511 4808 tideliter
2557 4750 2778 4820 petebat
2827 4763 2859 4800 a
2913 4758 3170 4818 martyre.
3222 4747 3444 4802 Interim

1872 4866 2052 4910 autem
2078 4851 2265 4908 divino
2292 4847 2600 4902 ministerio
2645 4850 2994 4897 sacrosancte
3023 4853 3264 4909 peracto,
3296 4842 3445 4895 varia

1873 4950 2092 5021 quidem
2117 4955 2170 4999 et
2200 4937 2480 5011 splendida
2529 4949 2726 4992 mensa
2779 4933 2990 5001 accepit
3029 4946 3147 4994 eos,
3194 4931 3286 5001 qui
3323 4933 3450 4987 illuc

1874 5046 2266 5097 convenerant.
2301 5034 2431 5098 Quae
2457 5038 2639 5084 autem
2667 5025 3012 5095 pertinebant
3044 5025 3110 5078 ad
3157 5025 3258 5079 hoc
3289 5026 3448 5079 mini-

1873 5128 2120 5192 sterium,
2151 5125 2259 5178 tilio
2290 5132 2343 5176 ct
2375 5118 2480 5175 sibi
2527 5116 2859 5184 imponebat.
2914 5112 3049 5166 Filio
3093 5129 3223 5167 vero
3265 5124 3442 5168 mater

1869 5219 2141 5289 iusserat,
2209 5222 2266 5264 ut
2317 5226 2418 5263 nec
2477 5207 2694 5268 cibum,
2760 5220 2862 5258 nec
2917 5214 3102 5271 potum
3167 5213 3442 5267 sumeret,

1873 5311 2185 5379 priusquam
2222 5301 2440 5355 ﬁnitum
2482 5305 2628 5353 esset
2667 5295 2997 5350 convivium.
3054 5293 3256 5347 Deinde
3293 5293 3444 5346 ﬁnito

1873 5401 2142 5461 convivio,
2199 5405 2252 5450 et
2305 5394 2391 5448 die
2443 5392 2551 5462 jam
2599 5390 2896 5444 inclinante
2977 5386 3121 5454 (Sed
3172 5388 3246 5454 id,
3299 5384 3444 5454 quod

1874 5507 2018 5546 nunc
2047 5489 2334 5543 dicendum
2373 5493 2474 5546 est,
2510 5479 2751 5535 turbabit
2780 5479 2994 5547 quidem
3025 5492 3184 5530 aures
3236 5489 3290 5530 et
3324 5477 3442 5530 ani-

1875 5600 1992 5641 mos
2044 5596 2234 5636 eorum
2284 5580 2373 5647 qui
2438 5584 2564 5629 sunt
2636 5570 2815 5642 pusilli
2873 5580 2928 5623 et
2984 5569 3178 5637 abiecti
3234 5569 3442 5621 animi:

1872 5691 2062 5730 eorum
2108 5683 2311 5734 autem,
2361 5670 2474 5739 qui,
2523 5665 2700 5735 quoad
2759 5665 2876 5732 ejus
2929 5661 3041 5714 ﬁeri
3100 5663 3298 5729 potest,
3353 5659 3445 5711 Dei

1875 5767 2091 5821 modum
2120 5771 2338 5819 norunt.
2375 5771 2428 5814 et
2457 5773 2662 5828 magna:
2685 5757 2826 5809 illius
2849 5751 3124 5822 sapientia:
3149 5750 3444 5819 providen-

1872 5859 1997 5914 tiam
2029 5856 2422 5916 admirabilem,
2456 5856 2623 5915 magis
2650 5848 2885 5902 movebit
2918 5847 3150 5908 linguam
3179 5837 3244 5897 ad
3278 5845 3445 5898 bene-
