4188 6432
768 409 902 473 1155

2048 399 2327 459 MENSIS
2365 395 2731 455 OCTOBER.

3897 392 4052 456 1156

762 517 1074 574 dicendum,
1101 520 1153 565 et
1186 508 1383 564 factum
1410 507 1803 562 admittendum
1835 516 2047 576 propter
2068 523 2206 568 eam,
2227 520 2339 574 quae

2449 525 2687 589 εἰδότων,
2736 524 2826 576 καὶ
2858 524 2955 591 τῆς
2995 523 3234 592 μεγάλης
3279 522 3488 574 ἐκείνου
3541 523 3729 592 σοφίας
3791 524 4058 590 παραὸό·

762 624 831 661 ex
862 621 926 658 eo
956 604 1156 665 evenit,
1190 602 1672 669 utilitatem),puer
1698 598 1943 651 defessus
1980 599 2029 650 in
2065 614 2162 651 suo
2203 597 2344 650 lecto

764 698 1312 753 recunibehatzmater
1335 703 1511 747 autem
1541 693 1632 746 lilli
1652 692 1887 745 osculata
1911 691 2126 745 oculos:
2149 688 2340 757 Surge,

763 793 858 854 fili,
905 790 1136 850 dicebat,
1168 798 1219 840 ct
1269 802 1389 839 cum
1425 797 1597 839 matre
1636 785 1812 837 cibum
1853 799 2022 836 sume.
2059 783 2342 846 Quomodo

765 882 909 935 enim
939 880 1154 933 defesso
1183 887 1234 930 et
1255 879 1440 945 jejuno
1465 875 1628 928 fuerit
1652 888 1872 926 somnus
1903 871 2180 939 jucundus
2205 870 2225 922 ?
2249 871 2338 923 llle

763 985 942 1025 autem
970 985 1089 1024 cum
1116 986 1144 1022 a
1183 968 1489 1020 vehementi
1515 975 1568 1019 et
1599 974 1751 1018 acuta
1787 965 1933 1016 febre
1969 964 2327 1025 detineretur,

764 1077 832 1115 ne
863 1063 1020 1115 matri
1062 1061 1281 1129 quidem
1315 1067 1526 1126 poterat
1557 1056 1903 1125 respondere.
1940 1053 2075 1107 Tum
2115 1064 2285 1105 mater
2315 1068 2329 1104 :

761 1156 948 1217 Certe,
980 1153 1177 1222 inquit,
1228 1165 1328 1204 nec
1375 1164 1472 1218 ego
1504 1149 1718 1216 quidem
1763 1148 1966 1209 cibum,
2009 1156 2100 1197 aut
2133 1142 2334 1212 aliquid

761 1246 904 1300 aliud
939 1244 1185 1313 gustabo,
1222 1243 1318 1295 nisi
1352 1243 1502 1309 prius
1539 1239 1876 1300 intellexero,
1913 1237 2184 1305 quomodo
2221 1237 2334 1289 haec

763 1353 850 1390 res
895 1334 1139 1388 evenerit
1171 1333 1299 1389 filio.
1345 1333 1402 1386 Ei
1458 1332 1623 1399 igitur
1673 1329 1917 1381 assidens
1963 1327 2244 1388 insomnis,
2282 1337 2336 1381 ct

763 1430 934 1482 morbi
974 1428 1248 1488 ardorem,
1288 1435 1347 1477 ut
1387 1433 1612 1492 poterat,
1643 1420 1984 1489 refrigeratis,
2033 1427 2126 1470 aut
2158 1419 2336 1485 potius

761 1522 863 1574 sibi
896 1522 1071 1589 ignem
1113 1517 1420 1571 accendens
1463 1531 1491 1568 e
1539 1515 1857 1573 visceribus.
1915 1513 2057 1566 circa
2104 1513 2336 1564 mediam

762 1621 975 1664 noctem
1043 1611 1262 1678 (qualia
1319 1617 1443 1658 sunt
1503 1607 1593 1660 Dei
1654 1605 1930 1672 judicia!)
1991 1602 2123 1654 vidit
2172 1602 2338 1654 filium

760 1704 948 1756 morbo
977 1701 1306 1758 confectum,
1338 1707 1391 1751 et
1413 1699 1685 1765 jacentem
1729 1704 2025 1748 mortuum.

2447 616 2572 682 ξους
2619 617 2953 684 οἰκονομίας,
3001 618 3212 684 κινήσει
3264 615 3464 682 μᾶλλον
3514 617 3612 685 τὴν
3653 616 3918 682 γλᾷτταν
3971 618 4056 675 εἰς

2443 707 2757 776 εὐφημίαν.
2798 709 2892 760 καὶ
2919 708 2978 760 τὸ
3007 708 3227 775 γεγονὸς
3269 707 3618 769 ἁποδέξονται
3668 706 3766 773 τῆς
3800 706 3953 774 πρὸς
3993 706 4055 756 τὸ

2443 800 2726 867 συμφέρον
2761 799 3063 860 ἐκϐάσεως·
3097 800 3234 868 Ἤδη
3287 797 3417 864 γοῦν
3469 798 3601 865 πρὸς
3651 795 3911 862 ἑσπέραν
3947 795 4051 856 ὢν.

2441 893 2751 952 κατάκοπος
2780 892 2807 940 ὁ
2859 895 2985 954 παῖς
3030 891 3270 956 γεγονὼς
3321 893 3388 958 τῇ
3431 888 3624 940 ἑαυτοῦ
3659 889 3822 955 κοίτῃ
3861 903 4050 952 προσ-

2437 983 2746 1033 ανεκλίνετο
2783 997 2800 1013 ο
2836 984 2866 1051 ἡ
2915 983 2970 1033 δὲ
3005 986 3182 1051 μήτηρ
3234 981 3526 1050 προσφῦσα
3557 982 3669 1041 τοῖς
3699 979 3798 1030 τοῦ
3841 979 4050 1037 παιδος

2432 1073 2751 1142 ὀφθαλμοῖς,
2770 1074 3070 1139 Ἀνίστασο,
3092 1075 3300 1138 τέκνον,
3318 1074 3492 1138 ἔλεγε,
3513 1073 3605 1124 καὶ
3624 1072 3721 1122 σὺν
3738 1075 3809 1140 τῇ
3835 1071 4047 1139 μητέρι

2434 1164 2677 1217 κοινώνει
2733 1166 2936 1234 τροφῆς
2967 1183 2981 1196 ·
3012 1166 3130 1228 πῶς
3183 1168 3294 1235 γὰρ
3334 1165 3398 1217 ἂν
3435 1166 3597 1225 ῦπνος
3631 1164 3762 1232 ἡδὺς
3820 1181 4049 1230 κεκμη-

2437 1257 2553 1308 κότι
2580 1259 2672 1309 καὶ
2697 1258 2866 1327 ἀσίτῳ
2887 1259 3113 1324 γένοιτο,
3147 1261 3173 1310 ὁ
3195 1259 3272 1323 δὲ,
3293 1258 3477 1326 λάϐρῳ
3507 1275 3562 1308 τε
3594 1258 3687 1306 καὶ
3707 1256 3827 1319 ὀξεῖ
3863 1269 4046 1322 πυρε-

2434 1348 2511 1418 τῷ
2549 1351 2781 1420 κάτοχος
2827 1351 2922 1413 ὢν,
2951 1353 3070 1404 οὐδὲ
3110 1351 3265 1416 λόγον
3298 1351 3422 1419 ἔσχε
3451 1353 3516 1419 τῇ
3558 1350 3760 1417 μητέρι
3797 1349 4046 1412 ἀποκρί-

2435 1443 2645 1506 νασθαι,
2671 1450 2760 1494 καὶ
2781 1445 2917 1513 αὑτὴ
2944 1459 2956 1473 ·
2987 1447 3053 1496 "H
3091 1444 3220 1514 μὴν,
3251 1443 3378 1512 ἔφη,
3403 1443 3521 1493 οὐδὲ
3550 1440 3659 1508 ἐγὼ
3689 1441 3911 1507 τροφῆς
3947 1438 4045 1486 οὖν’

2435 1532 2492 1583 δέ
2549 1550 2692 1593 τινος
2751 1534 3153 1602 ἀπογεύσομαι,
3217 1536 3265 1585 εί
3329 1532 3405 1601 μὴ
3455 1534 3724 1600 πρότερον
3769 1530 3907 1597 περὶ
3943 1527 4043 1577 τοῦ

2436 1625 2782 1692 πράγματος,
2811 1629 2957 1689 ὅπως
2991 1627 3054 1680 ἂν
3073 1626 3251 1695 ἀποϐῇ
3282 1626 3356 1693 τῷ
3390 1626 3490 1692 υἱῷ
3518 1625 3771 1691 μάθοιμι,
3817 1624 3915 1673 καὶ
3945 1619 4043 1685 δῆ-

2437 1733 2503 1770 τα
2535 1719 2973 1789 παρακαθημένη
3005 1720 3082 1788 τῷ
3117 1719 3266 1770 παιδὶ
3301 1720 3525 1780 ἄϋπνος,
3571 1716 3788 1777 καὶτὸν
3827 1717 3894 1764 ὲκ
3939 1716 4039 1776 τῆς

759 1813 913 1865 νόσου
970 1807 1226 1877 φλογμὸν.
1283 1808 1471 1876 ὥσπερ
1530 1803 1594 1876 ἦν
1660 1804 1880 1856 δυνατὸν
1931 1801 2300 1870 ἀναψύχουσα,
2353 1805 2383 1874 ἢ
2447 1809 2649 1878 μᾶλλον
2703 1814 2868 1883 ἑαυτῇ
2906 1812 2967 1864 τὸ
3017 1812 3124 1881 πῦρ
3165 1811 3324 1865 πλέον
3387 1811 3493 1862 ἀπὸ
3540 1809 3646 1859 τῶν
3696 1810 4037 1874 σπλάγχνων

759 1906 1093 1965 ἀνάπτουσα,
1156 1904 1284 1972 περὶ
1334 1903 1504 1971 μέσας
1548 1899 1750 1957 νύκτας
1805 1891 1912 1965 (οἷα
1949 1895 2014 1946 τὰ
2059 1895 2151 1946 τοῦ
2192 1895 2326 1948 Θεοῦ
2369 1904 2701 1970 κρίματαί),
2735 1905 2839 1973 ὁρᾶ
2873 1905 2963 1956 τὸν
3014 1907 3176 1957 παῖδα
3229 1908 3292 1974 τῇ
3352 1905 3492 1972 νόσῳ
3551 1901 4034 1970 κατεργασθέντα,

759 1998 850 2047 καὶ
883 1994 1076 2059 νεκρὸν
1109 1992 1321 2060 ἄφωνον
1352 2007 1409 2040 τε
1436 1989 1532 2040 καὶ
1560 1990 1763 2040 ἄπνουν
1801 1984 2072 2055 κείμενον.

829 2090 946 2143 Χ11.
987 2087 1120 2140 Cum
1155 2099 1289 2155 crgo—
1316 2085 1570 2136 acerbum
1602 2082 1743 2134 hunc
1789 2081 2008 2134 vidisset
2049 2091 2325 2145 eventum,
2363 2104 2402 2157 Β

760 2183 996 2252 primum
1056 2179 1276 2247 quidem
1329 2177 1570 2244 caligatis
1632 2175 1781 2226 humi
1830 2173 2054 2235 decidit,
2104 2188 2333 2242 eamque

757 2279 936 2330 statim
978 2292 1082 2328 vox
1114 2274 1329 2332 defecit,
1383 2286 1506 2323 eum
1557 2269 1882 2336 repentinus
1933 2267 2088 2320 dolor
2140 2270 2335 2320 fuisset

760 2371 958 2440 linguae
989 2369 1158 2422 instar
1190 2363 1407 2417 vinculi.
1437 2361 1540 2414 Sed
1571 2377 1690 2413 cum
1725 2374 1912 2427 parum
1946 2359 2011 2411 ad
2053 2375 2109 2412 se
2139 2361 2336 2412 rediis-

761 2471 870 2523 set,
903 2472 957 2512 et
1003 2456 1252 2511 nonnihil
1310 2455 1650 2522 resipuisset,
1695 2451 1936 2504 humeris
1963 2452 2154 2504 tollens
2191 2467 2335 2503 mor—

763 2561 916 2605 tuum
948 2563 1144 2617 corpus
1175 2547 1290 2608 lilii,
1323 2554 1376 2597 et
1415 2544 1482 2596 ad
1513 2559 1718 2596 sacram
1759 2542 1809 2594 id
1842 2557 1989 2592 aram
2034 2542 2231 2604 ferens,
2266 2543 2338 2595 ibi

763 2642 1008 2711 deponit,
1035 2650 1090 2694 et
1130 2639 1354 2708 capillos
1385 2637 1610 2698 vellens,
1645 2636 1789 2704 luget
1820 2633 1988 2686 filium
2034 2651 2047 2689 :
2091 2632 2334 2696 Perdidi,

763 2735 973 2794 dicens,
1028 2749 1060 2785 ο
1105 2732 1214 2793 fili,
1247 2744 1444 2791 meam,
1508 2743 1626 2796 qua:
1677 2727 1728 2778 in
1782 2736 1830 2780 te
1887 2725 2151 2778 collocata
2196 2734 2336 2786 erat,

764 2840 938 2892 spem.
974 2822 1070 2876 llei
1105 2823 1255 2874 mihi!
1295 2836 1325 2879 ο
1371 2820 1464 2881 1111,
1501 2821 1582 2872 hei
1625 2818 1776 2869 mihi!
1814 2831 1845 2868 o
1882 2816 2046 2868 chare
2095 2815 2212 2877 flos,
2247 2816 2336 2883 qui

764 2917 842 2968 sic
867 2927 992 2967 ante
1027 2927 1244 2981 tempus
1278 2911 1556 2964 marcuisti
1590 2907 2004 2961 miserabiliter!
2056 2906 2150 2959 Hei
2182 2907 2336 2970 mihi,

766 3017 918 3059 tuum
957 3022 1057 3074 ego
1090 3005 1250 3058 finem
1289 3003 1468 3063 video,
1525 3016 1645 3068 qua:
1699 3002 1980 3067 Sperabam
2030 3014 2148 3052 esse
2205 3013 2232 3050 a
2289 3009 2339 3050 te

765 3099 1010 3151 alendam
1053 3097 1108 3149 in
1157 3097 1469 3149 senectutel
1507 3093 1688 3144 Talem
1728 3106 1901 3152 nunc,
1936 3106 1967 3143 ο
1999 3091 2338 3151 charissime,

767 3191 1146 3242 alimentorum
1178 3187 1312 3240 mihi
1347 3188 1518 3238 vicem
1552 3183 1763 3238 reddis!
1801 3181 1956 3235 Tales
2005 3198 2103 3251 ego
2144 3183 2340 3235 misera

767 3281 880 3348 spei
911 3295 1041 3332 mea:
1067 3280 1258 3348 colligo
1289 3278 1525 3331 fructus!
1568 3277 1684 3341 Quo
1721 3291 1836 3340 ore,
1869 3290 2101 3343 quanam
2136 3274 2339 3343 lingua,

766 3372 964 3440 quibus
993 3371 1202 3424 deﬂebo
1232 3371 1403 3423 oculis
1429 3373 1441 3422 l
1481 3370 1695 3423 Utinam
1723 3384 1896 3419 meam
1935 3383 2031 3433 pro
2064 3376 2150 3418 tua
2186 3382 2334 3417 mor-

2509 2084 2606 2139 IB'.
2641 2085 2748 2137 Τοῦ
2769 2085 2899 2153 γοῦν
2931 2085 3129 2155 πικροῦ
3159 2086 3349 2138 τούτου
3373 2085 3650 2154 δράματος
3693 2088 4033 2158 αἰσθομένη,

2439 2179 2630 2247 πρῶτα
2673 2179 2770 2246 μὲν
2804 2180 2906 2229 ὑπὸ
2939 2179 3141 2244 ίλίγγου
3175 2179 3314 2246 πρὸς
3358 2178 3459 2243 γῆν
3492 2179 3859 2239 καταπίπτει,
3934 2184 4030 2231 καὶ

2437 2271 2606 2338 αὐτὴν
2638 2273 2740 2338 πρὸ
2766 2273 2860 2337 τῆς
2886 2271 3060 2338 ψυχῆς
3086 2271 3351 2322 ἀπέλιπεν
3379 2272 3411 2338 ἡ
3449 2273 3624 2340 φωνή.
3655 2273 3769 2340 Τῆς
3817 2273 4032 2344 ἀθρόας

2437 2362 2614 2432 λύπης
2651 2365 2774 2414 ἀντὶ
2817 2363 3033 2431 δεσμῶν
3068 2367 3133 2432 τῇ
3185 2362 3399 2432 γλώττῃ
3452 2367 3859 2432 γεγενημένης,
3913 2365 4032 2416 εἶτα

2440 2457 2631 2523 μικρὸν
2658 2455 3046 2520 ἀνενεγκοῦσι,
3086 2455 3179 2506 καὶ
3202 2455 3382 2520 ὀλίγου
3417 2471 3468 2506 τι
3527 2457 3886 2525 ἀνανήψασα,
3940 2462 4032 2509 τὶν

2438 2545 2532 2596 τοῦ
2574 2546 2760 2607 παιδὸς
2816 2545 3008 2613 νεκρὸν
3073 2547 3165 2598 ἐπὶ
3216 2543 3324 2596 τῶν
3377 2546 3545 2611 ὤμων
3607 2547 3914 2617 ἀνελομένη
3974 2549 4033 2600 ὃν

2439 2636 2688 2704 ἐδείματο
2719 2635 2798 2704 τῷ
2836 2637 3072 2704 μάρτυρι
3112 2635 3528 2703 καταλαμϐάνει
3577 2637 3726 2698 ναὶν,
3775 2638 3852 2706 τῷ
3898 2639 4033 2706 legi;

2439 2743 2498 2778 τε
2541 2727 2731 2778 τοῦτον
2799 2725 3173 2794 Θυσιαοτηρίῳ
3221 2729 3466 2793 φέρουσα
3504 2728 3897 2794 παρατίθεται,
3938 2733 4031 2779 καὶ

2440 2821 2548 2870 τῶν
2580 2819 2783 2888 τριχῶν
2812 2820 3110 2888 λαϐομένη,
3169 2821 3309 2887 πρὸς
3353 2819 3446 2869 τὸν
3487 2819 3654 2871 παῖδα
3697 2820 4029 2885 ἀνῴμωξεν,

2453 2903 2730 2966 ’Λπώλεὰς
2753 2925 2874 2975 μου,
2892 2909 3140 2974 λέγουσα,
3160 2906 3256 2967 τὰς
3285 2906 3377 2957 ἐπὶ
3398 2907 3498 2971 σοὶ,
3527 2907 3740 2971 τέκνον,
3779 2912 4025 2970 ἐλπίδας·

2441 3001 2606 3066 οἴμοι,
2639 2992 2682 3052 ὦ
2714 3002 2834 3064 παῖ,
2856 2999 2999 3068 οἴμοι
3033 2999 3181 3067 φίλον
3208 3000 3384 3061 ἄνθος,
3412 3002 3517 3069 πρὸ
3538 3001 3634 3068 τῆς
3663 3000 3816 3070 ὧρας
3849 3002 4023 3062 οὕτως

2443 3090 2689 3152 ἐλεεινῶς
2717 3091 3124 3158 ἀπομαρανθείς
3155 3092 3165 3142 !
3210 3091 3314 3143 Φεῦ
3347 3094 3358 3144 1
3401 3094 3481 3144 ὅτι
3513 3093 3574 3143 τὸ
3599 3095 3690 3144 σὺν
3727 3093 3842 3159 ἐγὼ
3871 3095 4024 3155 τέλος

2442 3181 2574 3252 ὁρῶ,
2626 3183 2746 3251 ἥτις
2773 3182 2877 3235 ὑπὸ
2914 3182 2997 3233 σοὶ
3026 3183 3224 3250 μᾶλλον
3256 3185 3350 3237 καὶ
3377 3187 3498 3246 ταῖς
3543 3187 3663 3247 σαῖς
3690 3187 3875 3239 ἐλπίσι
3920 3204 4020 3255 γη-

2449 3273 2944 3344 ροτροφηοήσεσοαι
2972 3273 3218 3342 ἦλπιξον,
3251 3274 3472 3326 τοιαῦτὰ
3502 3292 3590 3342 μοι
3619 3275 3715 3326 νῦν
3753 3279 4010 3338 ἐκτίνεις,

2447 3367 2474 3416 ὸ
2493 3365 2764 3430 φίλτατος,
2791 3365 2856 3415 τὲι
2879 3366 3099 3432 τροφεῖα
3123 3381 3138 3431 ;
3170 3365 3457 3427 Τοιούτους
3489 3367 3518 3435 ἠ
3544 3365 3757 3418 δειλαία
3797 3368 3908 3418 τῶν
3940 3370 4026 3418 ιλ.

764 3473 873 3517 tem
916 3463 1269 3531 aspexissem.
1301 3473 1355 3515 et
1389 3463 1480 3513 lilii
1511 3461 1640 3511 mihi
1670 3458 1850 3511 charis
1894 3457 2143 3510 manibus
2187 3472 2339 3508 inan-

2445 3455 2612 3507 πίδων
2643 3453 2755 3522 ἐγὼ
2779 3453 3051 3524 δρέπομαι
3103 3455 3228 3518 τοὺς
3256 3457 3501 3524 καρπούς
3530 3474 3544 3523 ;
3585 3457 3728 3526 Ποίῳ
3764 3461 4015 3525 στόματι,

765 3555 890 3608 data
929 3569 1103 3606 essent
1160 3552 1523 3607 monimento!
1560 3549 1772 3604 Utinam
1819 3550 1932 3618 ipsa
1968 3548 2062 3601 tibi
2093 3549 2328 3616 jaceretn

765 3648 946 3714 potius
986 3656 1218 3709 mortua,
1263 3654 1318 3698 et.
1363 3647 1656 3698 lionorarer
1700 3654 1790 3695 tuo
1846 3657 2102 3709 processu
2139 3643 2202 3693 ad
2239 3657 2329 3693 sc-

768 3738 1052 3804 pulcrum!
1093 3735 1182 3789 Sic
1235 3737 1378 3788 enim
1428 3751 1529 3804 ego
1580 3748 1756 3786 essem
1815 3733 1965 3785 felix.
2018 3730 2107 3786 Sic
2148 3733 2201 3784 in
2250 3746 2334 3784 me

768 3830 956 3896 utique
991 3839 1311 3882 conservata
1345 3837 1490 3880 esset
1523 3827 1606 3878 lex
1644 3836 1877 3894 patrum.

772 3920 879 3984 κρα
903 3917 1021 3978 ταῖς
1073 3917 1192 3976 σαῖς
1243 3917 1333 3966 ἐπὶ
1372 3915 1461 3964 τὸν
1507 3915 1678 3980 τάφον
1713 3913 1992 3981 τιμωμένη
2030 3912 2270 3982 προόδοις
2294 3928 2308 3941 ⁸

772 4009 974 4062 πουθεν
1017 4008 1044 4057 ὁ
1081 4007 1187 4059 τῶν
1217 4005 1468 4073 πατέρων
1505 4006 1747 4073 ἐτηρεῖτο
1773 4005 1954 4072 νόμος.

837 4102 981 4153 Χ111.
1023 4100 1114 4153 Sic
1145 4099 1388 4156 dicebat,
1423 4106 1476 4147 et
1510 4097 1798 4162 procidens
1858 4111 2045 4148 rursus
2095 4097 2333 4164 lugebat,

770 4203 823 4245 et
855 4176 1110 4259 tanquam
1148 4189 1327 4242 adhuc
1358 4188 1661 4242 animatum
1713 4187 2088 4254 alloquebatur
2135 4203 2335 4256 corpus

769 4283 1065 4352 martyris:
1133 4280 1412 4342 Quodnam
1470 4289 1710 4342 tantum,
1772 4279 1979 4340 dicens,
2039 4293 2072 4331 ο
2133 4278 2332 4332 Christi

770 4383 994 4443 martyr,
1027 4372 1247 4425 sceleris
1279 4369 1620 4426 admisimus.
1661 4369 1804 4420 utin
1840 4369 1982 4421 hanc
2031 4377 2138 4419 tam
2180 4382 2331 4419 acer-

771 4467 892 4519 bam
955 4466 1318 4518 incideremus
1362 4460 1766 4515 calamitatem?
1818 4460 1975 4523 Non,
2027 4458 2223 4510 marito
2282 4460 2335 4510 in

767 4571 988 4612 externa
1024 4558 1244 4626 regione
1280 4556 1486 4617 relicto,
1520 4553 1690 4620 pluris
1721 4567 1882 4620 quant
1921 4553 2123 4620 reliqua
2155 4549 2338 4603 omnia

769 4652 869 4703 feci
904 4660 1056 4702 tuum
1107 4657 1392 4716 exportare
1427 4644 1658 4715 corpus?
1706 4643 1821 4696 Non
1868 4645 1934 4696 ab
1973 4645 2102 4711 ipsis
2147 4643 2338 4694 funda-

2441 3547 2566 3615 πόίᾳ
2594 3545 2814 3616 γλώσσῃ
2859 3546 2927 3597 τὰ
2954 3547 3020 3598 σὰ
3051 3545 3384 3614 φθέγξομαι,
3417 3550 3587 3609 ποίοις
3615 3549 3862 3615 ὄμμασιν
3887 3550 4016 3600 ἁνα-

2443 3637 2750 3704 κλαύσομαι
2779 3652 2794 3699 ς
2839 3635 3069 3700 Ὄφελον
3095 3635 3185 3687 τὸν
3215 3637 3344 3704 ὲμὺν
3379 3637 3606 3689 Θάνατον
3639 3639 3880 3700 ὲπείδον,’
3927 3640 4019 3691 καὶ

2441 3732 2561 3791 ταῖς
2596 3730 2691 3781 τοῦ
2721 3729 2910 3790 παιδὸς
2941 3728 3068 3798 ἐμοὶ
3097 3728 3277 3798 φίλαις
3306 3732 3462 3798 χερσὶ
3493 3728 3570 3797 τῷ
3599 3732 3848 3799 μνήματι
3873 3749 4014 3798 παρ-

2445 3821 2654 3888 εδόθην.
2692 3821 2926 3887 Ὄφελον
2983 3823 3124 3891 αὐτή
3179 3840 3260 3875 σοι
3309 3823 3646 3893 προεκείμην
3681 3825 3885 3893 μᾶλλον
3935 3841 4016 3876 νι-

2349 3910 2492 3964 οῦτω
2543 3916 2649 3980 γὰρ
2691 3908 2758 3983 ἦν
2801 3912 3075 3981 εὐδαίμων
3124 3915 3235 3982 ἐγώ
3265 3930 3278 3944 ⁶
3315 3915 3487 3978 οὕτως
3513 3917 3579 3969 ἂν
3605 3917 3694 3966 ἐπ’
3746 3918 3873 3985 ἐμοὶ
3919 3918 4011 3985 δη-

2519 4098 2616 4149 1Γ’.
2654 4096 2839 4158 Οὕτως
2875 4097 3048 4163 ελεγι,
3083 4097 3170 4150 καὶ
3194 4099 3576 4152 καταπεσοῦσα
3605 4100 3766 4153 πάλιν
3805 4103 4010 4160 ἔστενε.

2444 4190 2535 4241 καὶ
2559 4189 2633 4250 ὡς
2664 4190 2892 4259 ἐμψύχῳ
2937 4190 3020 4242 ἐτι
3045 4190 3120 4258 τῷ
3163 4191 3254 4242 τοῦ
3289 4192 3557 4259 μάρτυρος
3587 4192 3802 4260 σώματι
3844 4197 4010 4246 διελέ-

2440 4297 2589 4347 γετο”
2613 4282 2678 4332 Τί
2696 4280 3035 4349 τηλικοῦτον,
3056 4277 3098 4332 ὦ
3119 4280 3209 4332 τοῦ
3227 4280 3463 4348 Χριστοῦ
3495 4284 3724 4350 μάρτυς.
3749 4286 4014 4352 ὴδῑκήκα·

2443 4389 2543 4439 μεν
2566 4373 2820 4438 λέγουσα,
2851 4372 2924 4433 ὠς
2952 4374 3124 4442 πικρᾷ
3139 4374 3363 4441 τοιαύτῃ
3388 4381 3704 4444 περιπεσεῖν
3732 4383 4007 4448 συμφορᾷ,

2436 4466 2534 4514 οὐκ
2591 4467 2646 4513 ἐν
2675 4465 2930 4532 ἀλλοτρίᾳ
2981 4466 3071 4516 τὸν
3119 4469 3289 4534 ἄνδρα
3339 4468 3733 4531 καταλιποῦσα,
3763 4473 3864 4539 τὴν
3919 4475 4008 4524 τοῦ

2440 4551 2694 4620 σώματος
2736 4553 2979 4618 ἐκφορὰν
3038 4553 3166 4623 περὶ
3211 4555 3409 4614 παντὸς
3454 4556 3658 4624 ἐθέμην
3707 4558 3804 4609 τοῦ
3871 4563 4006 4622 eo};

2441 4645 2556 4702 Οὐκ
2599 4643 2657 4707 ἐξ
2679 4643 2854 4696 αὐτῶν
2906 4645 3182 4713 κρηπίδων
3231 4646 3532 4715 ἑδειμάμην
3565 4665 3656 4699 σου
3699 4649 3793 4702 τὸν
3825 4653 3954 4704 ναόν
3995 4672 4007 4718 ς

770 4741 970 4793 mentis
1009 4740 1106 4792 tibi
1136 4739 1392 4804 templum
1425 4736 1711 4791 exstruxi?
1750 4735 1885 4795 Non,
1919 4733 1962 4785 si
2006 4733 2138 4784 nihil
2169 4732 2333 4788 aliud.

2442 4738 2582 4800 Οὐκ,
2611 4705 2656 4788 εί
2701 4741 2775 4806 μή
2807 4755 2858 4788 τι
2895 4705 3042 4801 ἄλλο,
3067 4739 3164 4806 τὴν
3196 4705 3464 4803 xciv-atro
3489 4705 3684 4808 ’ψυχῆς
3716 4705 4009 4812 εἰσήνεγκα

769 4835 861 4885 tibi
899 4832 1068 4885 obtuli
1117 4845 1295 4882 meum
1354 4827 1517 4880 animi
1563 4825 1934 4895 propositum?
1976 4823 2116 4888 Quid
2163 4833 2340 4879 autem

775 4925 888 4973 haec
941 4922 1040 4974 sibi
1103 4919 1329 4974 volunt?
1380 4919 1518 4984 Non,
1563 4919 1708 4989 quod
1767 4934 1862 4989 pro
1917 4919 1981 4971 iis
2035 4917 2337 4987 petebatur,

768 5013 966 5064 bonum
1017 5022 1158 5072 erat,
1205 5012 1349 5063 salus
1397 5012 1528 5063 filii?
1576 5011 1714 5073 Non,
1769 5021 1826 5062 ut
1873 5025 2044 5076 usque
2080 5009 2148 5061 ad
2181 5022 2335 5060 sene-

767 5114 968 5157 ctutem
1005 5101 1165 5156 simul
1221 5111 1464 5154 Inanerct
1508 5116 1629 5153 eum
1685 5097 1944 5166 parente?
1982 5098 2072 5150 llei
2119 5099 2274 5151 mihi!
2307 5115 2334 5153 a

769 5204 966 5261 quanta
998 5208 1092 5260 spe
1127 5192 1334 5246 decidi!
1373 5207 1470 5261 pro
1493 5191 1741 5260 qualibus
1772 5190 1948 5255 qualia
1985 5190 2122 5242 vidi!
2158 5188 2340 5252 Sed,o

770 5297 968 5355 martyr
996 5286 1217 5346 Christi,
1253 5286 1333 5337 vel
1378 5285 1504 5338 mihi
1559 5285 1728 5336 filium
1759 5283 1924 5335 redde
1971 5283 2338 5349 superstitem,

771 5381 913 5431 sicut
945 5378 1170 5432 Elisaeus
1207 5377 1556 5437 Sunamitidi,
1593 5377 1679 5430 vel
1718 5391 1785 5428 ne
1823 5375 1954 5427 mihi
1990 5384 2216 5427 nturtem
2255 5373 2339 5425 in-

772 5473 958 5523 videas
999 5472 1215 5535 utilem,
1261 5472 1352 5523 sed
1417 5485 1536 5538 qua:
1584 5479 1688 5520 tam
1744 5468 2032 5520 infeliciter
2065 5482 2250 5536 peperi
2285 5476 2339 5519 et

767 5565 918 5629 alui,
968 5562 1050 5615 fac
1105 5579 1188 5618 me
1239 5565 1400 5618 etiam
1460 5563 1680 5614 interire
1731 5578 1853 5614 cum
1915 5563 2048 5613 lilio.
2113 5559 2331 5614 Interim

771 5665 948 5707 autem
982 5653 1107 5706 dum
1143 5653 1425 5721 Cleopatra
1459 5650 1623 5702 filium
1651 5652 1843 5703 acerbe
1868 5649 2104 5710 dellcrct,
2135 5658 2188 5700 et
2218 5663 2330 5708 eos,

771 5746 859 5814 qui
894 5746 1410 5808 aderant,moveret,
1439 5753 1496 5796 nt
1524 5752 1575 5796 et
1598 5742 1716 5810 ejus
1737 5754 1892 5792 casus
1922 5740 2332 5798 misererentur,

771 5845 825 5886 et
861 5835 1178 5904 profundam
1224 5832 1314 5887 Dei
1344 5835 1672 5902 iudiciorum
1707 5831 1954 5901 abyssum
1997 5832 2336 5886 admiraren-

2439 4830 2739 4898 πρόϐεσιν;
2799 4830 2862 4881 Τί
2917 4828 2974 4879 δέ
3008 4844 3100 4898 μοι
3131 4827 3302 4882 ταῦτα
3363 4829 3632 4895 ὲόούλετο,
3663 4832 3728 4883 Τί
3776 4836 3839 4884 τὸ
3899 4840 4007 4887 ἀντ’

2437 4920 2601 4976 αὑτοῦ
2636 4919 2954 4987 αἰτούμενον
2989 4920 3218 4988 ἀγαθὸν,
3257 4921 3355 4990 οὐχ
3401 4924 3432 4990 ἡ
3463 4922 3559 4974 τοῦ
3597 4926 3785 4988 mea;
3840 4945 4009 4998 σωτη-

2437 5012 2557 5080 ρία;
2589 5011 2664 5062 Οὑ
2700 5012 2759 5061 τὸ
2795 5012 2958 5078 μέχρι
3003 5013 3189 5078 γήρως
3219 5013 3311 5064 καὶ
3357 5016 3646 5083 πρεσϐείου
3679 5020 3743 5084 τῇ
3776 5022 4006 5090 τεκούσῃ

2437 5103 2928 5171 συμπαραμεῖναις
2970 5100 3075 5152 Φεῦ
3117 5102 3246 5158 οἴων
3281 5107 3522 5172 ἐσφάλην
3582 5107 3693 5158 τῶν
3749 5110 4002 5172 ἐλπίδων,

2434 5189 2522 5245 οἶα
2543 5194 2658 5245 ἀνθ’
2686 5193 2814 5246 οἴων
2846 5191 2986 5245 εἶδον
3013 5193 3144 5260 ἐγώ.
3194 5195 3360 5264 Ἀλλ’,
3398 5199 3426 5247 ὁ
3455 5197 3548 5250 τοῦ
3581 5199 3824 5266 Χριστοῦ
3869 5206 4004 5272 μαρ-

2434 5285 2616 5354 τυς,ῆ
2661 5301 2762 5353 μοι
2798 5285 2888 5336 τὸν
2943 5286 3108 5338 παῖδα
3141 5289 3283 5339 κατὰ
3323 5288 3416 5338 τὸν
3464 5289 3767 5340 Ἐλισσαῖον
3820 5293 4004 5352 ἀνάδος

2436 5377 2696 5445 περιόντα
2741 5379 2804 5443 τῇ
2841 5374 3213 5440 Σουναμίτιδι,
3255 5379 3287 5448 ἢ
3327 5377 3558 5433 θανάτου
3619 5381 3696 5446 μὴ
3735 5381 4004 5452 φθονήσῃς

2435 5465 2767 5529 λυσιτελοῦς,
2819 5466 2954 5518 ἀλλὰ
2998 5468 3095 5538 τὴν
3134 5468 3278 5521 οὕτω
3318 5473 3409 5522 καί
3433 5470 3712 5538 δυστυχῶς
3741 5474 4002 5525 τεκοῦσαν

2442 5561 2534 5612 καὶ
2566 5558 2918 5628 Θρεψαμένην
2966 5560 3086 5628 ἐμὲ,
3125 5563 3470 5630 συνοίχεσθαι
3510 5562 3589 5622 τῷ
3629 5567 3784 5618 παιδὶ
3833 5582 4002 5634 παρα-

2444 5651 2728 5704 σκεύασον.
2775 5649 2864 5702 Ἐν
2896 5653 3067 5722 τούτῳ
3107 5654 3199 5706 τὸν
3242 5653 3401 5706 παξδα
3448 5657 3662 5725 πικρῶς
3719 5657 4002 5709 ἀνακλαιο-

2449 5741 2615 5809 μένης
2674 5741 2773 5809 τῆς
2834 5741 3219 5811 Κλεοπατρας,
3255 5746 3346 5799 καὶ
3402 5747 3527 5808 τοὺς
3566 5749 3840 5816 παρόντας
3893 5744 3997 5797 λίαν

2447 5834 2774 5900 περιπαθεῖς
2822 5837 3174 5906 ποιουμένης,
3234 5838 3308 5899 ὠς
3361 5842 3454 5892 καὶ
3509 5841 3682 5908 αὐτῆς
3738 5837 3905 5892 ἐλεεῖν
3951 5842 4002 5892 τὺ
