4188 6432
197 412 348 477 1157

1433 414 1894 501 MARTYRIUM
1929 413 1989 474 s.
2032 416 2240 476 vlint.

3335 416 3472 485 1158

189 532 412 595 πάθος,
441 532 534 585 καὶ
567 532 662 600 τὴν
715 532 913 603 πολλὴν
952 534 1188 587 ἄϐυσσον
1233 534 1339 585 τῶν
1371 534 1464 586 τοῦ
1508 533 1641 586 Θεοῦ
1678 551 1799 602 κρι-

1909 540 2014 591 tur.
2049 545 2275 584 somnus
2309 527 2384 582 illi
2421 543 2612 599 parum
2649 529 2940 598 obrepens,
2983 544 3100 582 eam
3151 529 3278 583 fecit
3321 533 3475 601 quie-

197 623 406 690 μάτων
465 623 790 691 Θαυμὰζειν,
849 625 1043 694 μικρὸν
1091 625 1259 695 αὐτὴν
1313 624 1476 686 ὕπνος
1545 626 1789 678 ὑπελθὼν

193 714 502 774 ἁνέπαισε.
541 719 632 767 καὶ
666 718 842 769 πάντα
886 714 952 788 ἦν
982 721 1007 770 ὁ
1035 721 1325 787 παῖςιαύτῇ
1359 719 1548 786 φανεὶς
1574 721 1670 770 σὺν
1710 717 1789 786 τῷ

199 807 482 880 μάρτυρι.
521 810 909 877 Παρεστηκότα
947 828 1004 860 τε
1059 811 1165 877 γὰρ
1209 811 1383 861 ἐδόκει
1422 809 1668 877 βλέπτειν
1706 810 1794 860 τὸν

197 895 484 965 ἀθλητήν,
528 898 621 949 καὶ⁹
661 898 734 959 ὡς
773 902 886 950 υἱὸν
920 901 1048 951 ἴδιον
1078 900 1165 951 τὸν
1200 902 1364 967 αὐτῆς
1399 902 1511 952 υἱὸν
1541 902 1789 968 ἐγκεκολο

201 993 561 1059 πωμὲνον,ἡ
618 991 852 1061 ἀναϐολὴ
883 993 936 1042 δὲ
991 993 1322 1060 ἀμφοτέροις
1369 992 1429 1057 ἐξ
1479 994 1795 1061 ὑπερφυοῦς

203 1079 360 1145 ἄταν
384 1083 475 1135 καὶ
509 1083 927 1151 ὑπερλάμπρου’
969 1085 1225 1150 στέφανοί
1258 1102 1316 1136 τε
1350 1087 1446 1146 τὰς
1474 1088 1652 1138 αὐτῶν
1676 1089 1794 1137 ἐκό-

207 1186 398 1235 σμουν
457 1173 650 1240 ἥδιστα
707 1171 968 1237 κεφαλάς.
1037 1174 1145 1226 Καὶ
1197 1177 1243 1226 cl
1315 1176 1593 1240 στέφανοι,
1655 1176 1795 1227 θεῖον

208 1262 407 1314 αὐτῶν
464 1261 618 1325 εἶπες
656 1264 715 1318 τὸ
763 1263 978 1326 καλλος,
1040 1268 1133 1317 καὶ
1172 1267 1372 1336 ἥκιστα
1429 1267 1646 1338 γλώσσῃ
1701 1271 1797 1338 ρη-

210 1353 334 1407 τόν.

299 1443 394 1496 1Δ’.
427 1445 536 1496 Καὶ
571 1447 709 1496 ἱνατί
742 1446 816 1514 μὴ
847 1445 1073 1515 χαίρεις,
1105 1441 1148 1499 ὦ
1185 1446 1363 1512 γύναι.
1393 1447 1570 1512 λέγειν
1603 1450 1630 1500 ὁ
1659 1448 1795 1515 μάρ-

213 1553 322 1597 τυς
385 1535 569 1603 ἐῴκει,
617 1537 749 1595 ἀλλὰ
781 1557 873 1590 σου
909 1541 1052 1608 λύπη
1103 1542 1248 1609 δεινὴ
1289 1542 1517 1593 διέσεισε
1545 1540 1642 1608 τὴν
1674 1558 1800 1609 κτρα

214 1627 345 1678 δίαν
392 1644 404 1655 ·
454 1632 524 1695 μή
569 1630 676 1696 γαρ
733 1631 903 1692 οὕτως
936 1618 1207 1700 ἁγνώμιον
1257 1631 1388 1697 ἐγὼ,
1444 1633 1537 1682 καὶ
1575 1632 1800 1700 μηδενὸς

217 1717 339 1766 τῶν
371 1716 474 1767 ὑπὸ
514 1720 604 1769 σοῦ
633 1723 939 1787 γενομένων
974 1725 1123 1791 ἥκων
1172 1723 1249 1789 εἰς
1284 1721 1556 1789 αἴσθησιν,
1610 1722 1640 1789 ἢ
1701 1723 1797 1782 τὰς

221 1805 372 1874 ὑπὲρ
425 1809 603 1859 αὐτῶν
649 1813 886 1876 ἀμοιῦας
941 1813 1232 1879 φιλοτίμως
1270 1815 1368 1863 οὐκ
1438 1812 1795 1876 ἁποδέδωκα;

219 1897 337 1965 Οὐχ
384 1896 514 1969 ὁρᾷς
548 1901 661 1961 οἵας
696 1903 816 1963 ὀσὸς
847 1908 972 1965 παῖς
1001 1905 1225 1970 ἠξίωται
1259 1905 1453 1972 δόξηςς
1491 1906 1592 1956 Οἴα
1637 1907 1793 1973 χάρις
1835 1885 1872 1938 Β

218 1987 534 2056 ἀστράπτει
571 1995 699 2058 περὶ
729 1993 895 2042 αὐτόν
924 2009 938 2057 ;
982 1989 1049 2044 Τί
1079 1990 1169 2046 οὖν
1197 1997 1253 2046 οὐ
1291 1997 1348 2046 τὸ
1369 1998 1593 2062 στυγνὸν
1643 1996 1795 2049 τοῦτο

218 2079 482 2143 λιποῦσα,
518 2081 606 2131 καὶ
650 2081 786 2151 αὑτὴ
843 2088 1182 2152 μ.εταχωρεῖς
1241 2086 1374 2154 ’πρὸς
1433 2086 1493 2136 τὸ
1540 2085 1798 2154 εὔθυμον.

235 2165 403 2233 ³Αλλ“,
434 2171 480 2220 εί
507 2172 673 2232 δοκεῖ,
709 2176 985 2240 ὲγγισὰτω
1011 2179 1100 2228 καὶ
1127 2178 1205 2228 ἐτι
1256 2177 1454 2244 μᾶλλον
1476 2180 1501 2228 ὁ
1525 2180 1670 2240 παῖς,
1707 2177 1798 2228 καί

226 2276 315 2312 σοι
345 2262 464 2312 κατ’
499 2263 812 2332 ὀφθαλμοὺς
841 2266 1086 2336 ακριὸῶς
1137 2266 1399 2334 γενέσὺω,
1428 2268 1514 2318 ἵνα.
1538 2271 1629 2319 καὶ
1662 2270 1798 2336 αὐτη

223 2353 410 2416 καλῶς
439 2356 544 2424 ἄρα
590 2357 782 2424 μάθοις
811 2360 879 2410 τὰ
927 2359 1046 2411 κατ’
1076 2362 1266 2424 αὐτὸν,
1313 2358 1497 2420 Οὕτως
1542 2361 1669 2426 ἔψη,
1706 2361 1800 2410 καὶ

223 2447 390 2516 ἐῴκει
420 2452 508 2501 τον
543 2450 705 2501 παῖδα
741 2451 945 2514 καλεῖν,
982 2452 1162 2513 ιἐνου,
1200 2453 1392 2517 λέγων,
1432 2447 1475 2503 ὦ
1501 2456 1618 2516 παῖ,
1653 2454 1800 2519 παρὰ.

227 2545 297 2610 τῇ
335 2545 551 2611 μητέρι,
584 2544 653 2594 τά
685 2560 739 2593 τε
773 2543 912 2596 ἄλλα
951 2549 1044 2594 καὶ
1078 2543 1142 2594 ἵν’
1171 2542 1358 2614 ὥσπερ
1391 2545 1532 2611 ἔχεις
1591 2546 1798 2613 ὀιροεὶς,

224 2637 630 2704 ’παρηγορήσης
667 2637 797 2703 αὐτῇ
851 2637 910 2685 το
957 2635 1290 2703 πολύδακρυ.
1362 2637 1419 2686 Ὀ
1444 2638 1498 2687 δὲ
1547 2642 1673 2699 mai;
1711 2639 1801 2688 ἐπὶ

237 2724 440 2792 μᾶλλον
477 2726 566 2777 τοῦ
627 2729 899 2794 μάρτυρος
954 2727 1152 2796 εἴχετο,
1194 2729 1268 2796 μὴ
1317 2727 1602 2779 ἀπολιπεῖν
1639 2729 1802 2780 αὐτον

231 2816 392 2880 ὅλως,
432 2818 563 2885 μηδὲ
594 2819 886 2886 ἀφικέσθαι
913 2821 1045 2889 πρὸς
1071 2818 1166 2888 τὴν
1202 2821 1411 2890 μητέρα
1446 2820 1505 2870 τὸ
1542 2822 1801 2890 παράπαν

236 2907 577 2976 βουλόμενον.
598 2910 756 2972 Ἀλλ’,
788 2913 997 2975 Ἄπιθι,
1026 2913 1194 2995 μῆτερ
1216 2910 1343 2979 ἐμὴ,
1368 2912 1522 2964 ἄπιθι
1542 2913 1674 2980 πρὸς
1704 2913 1802 2964 αὺ-

227 2998 354 3067 τὴν,
393 2998 579 3065 ελεγεν
609 3003 941 3062 ἀντιτείνων,
967 3004 1050 3065 ἐφ’
1088 3004 1283 3069 ἑαυτῆς
1309 3004 1561 3069 μένουσα,
1582 3006 1799 3065 καιτοῖς

230 3091 449 3160 θρήνοις
479 3091 686 3153 τούτοις
715 3093 866 3143 οὐδὲν
897 3094 1238 3167 προσέχουσα
1260 3110 1273 3123 ·
1295 3098 1350 3144 εν
1383 3096 1479 3166 ἴσῳ
1503 3097 1609 3165 γὰρ
1635 3098 1796 3166 ἡγοῦ.

1897 637 2095 677 scere:
2131 633 2180 674 et
2215 621 2358 675 titius
2404 623 2452 674 ei
2498 621 2720 676 omnino
2755 622 3007 689 apparuit
3052 637 3174 675 cum
3220 633 3476 694 martyre.

1896 711 2027 765 Nam
2062 723 2116 766 et
2149 723 2416 766 astantem
2452 714 2736 768 videbatur
2769 713 2968 766 intueri
3011 713 3264 767 athletam
3291 755 3306 776 ,
3357 716 3479 784 ejus

1898 806 2065 859 lilium
2111 822 2211 859 suo
2254 809 2399 865 sinu,
2438 816 2691 874 tanquam
2748 805 3049 873 proprium,
3101 807 3478 874 complecten-

1901 906 2027 950 tem.
2064 896 2311 949 Amictus
2348 906 2530 948 autem
2584 903 2700 949 erat
2747 895 2993 961 utriSque
3053 895 3473 964 pulcherrimus,

1897 998 1953 1045 et
1994 990 2492 1058 splendidissimus,
2529 998 2584 1041 et
2629 1002 2842 1041 coronae
2875 1002 3061 1041 eorum
3109 989 3286 1056 Capita
3321 1005 3483 1042 urnae

1898 1085 2028 1137 bant
2074 1083 2416 1137 suavissime.
2466 1081 2804 1135 Coronarum
2857 1089 3035 1133 autem
3080 1082 3313 1134 dixisses
3357 1096 3477 1135 esse

1899 1177 2134 1229 divinam
2171 1176 2482 1242 quamdam,
2525 1181 2579 1226 et
2617 1188 2734 1241 qua:
2764 1172 2944 1242 lingua
2987 1188 3093 1228 non
3147 1184 3326 1242 potest
3378 1189 3478 1227 ex-

1899 1269 2081 1337 primi,
2127 1265 2612 1337 pulchritudmem.

1971 1448 2109 1502 XIV.
2148 1447 2446 1508 Videbatur
2494 1457 2676 1501 autem
2732 1458 2934 1515 martvr
2961 1448 3141 1502 dicere
3176 1448 3324 1502 :Cur
3368 1463 3476 1501 non

1900 1543 2120 1600 laetaris.
2150 1542 2418 1605 omulier,
2449 1542 2541 1594 sed
2584 1551 2708 1594 tuus
2754 1542 2932 1608 gravis
2977 1540 3151 1592 luctus
3195 1556 3284 1593 cor
3327 1526 3478 1593 tuum

1901 1630 2129 1690 amixit?
2157 1634 2291 1688 Num
2328 1651 2448 1687 sum
2481 1635 2616 1688 adeo
2645 1633 2912 1704 ingratus,
2948 1644 3004 1685 ut
3040 1633 3131 1700 qui
3181 1627 3318 1684 nihil
3354 1649 3478 1686 sen-

1906 1729 2066 1782 serim
2116 1743 2329 1786 eorum,
2366 1743 2485 1794 quae
2541 1744 2569 1779 a
2612 1737 2662 1781 te
2714 1727 2851 1782 facta
2900 1726 3069 1778 sunt?
3112 1724 3249 1776 Num
3285 1741 3382 1794 pro
3416 1726 3478 1777 iis

1904 1837 2011 1872 non
2059 1836 2180 1873 sum
2244 1829 2294 1872 te
2355 1819 2610 1887 praeclare
2665 1817 3079 1871 remuneratus?
3149 1815 3262 1868 Non
3331 1818 3479 1870 vides

1903 1915 2113 1982 qualem
2161 1913 2383 1982 gieriam
2441 1913 2510 1964 sit
2556 1921 2681 1964 tuus
2718 1913 2856 1963 ﬁlius
2906 1912 3270 1963 consecutus?
3304 1911 3479 1977 qualis

1901 2021 2022 2058 eum
2054 2003 2432 2072 circumlulget
2463 2003 2669 2069 gratia?
2699 2003 2808 2055 Cur
2839 2018 2946 2055 non
2979 2020 3126 2074 ergo,
3167 2006 3263 2058 hac
3292 2003 3477 2056 relicta

1903 2097 2136 2158 tristitia,
2173 2097 2369 2148 transis
2423 2095 2487 2146 ad
2539 2095 2701 2146 animi
2755 2098 3242 2164 tranquillitatem?
3286 2099 3388 2150 Sed
3430 2097 3474 2147 si

1902 2191 2145 2253 videtur,
2194 2189 2301 2242 tuis
2344 2191 2518 2242 oculis
2560 2189 2732 2257 magis
2785 2191 3183 2258 appropinquet
3233 2191 3394 2254 filius,
3424 2201 3478 2243 et

1902 2297 2020 2334 eum
2052 2281 2339 2349 diligenter
2391 2283 2784 2347 contemplare,
2831 2291 2887 2334 ut
2919 2283 3030 2349 ipsa
3063 2299 3278 2351 quoque
3333 2294 3479 2336 recte

1903 2368 2200 2438 intelligas,
2260 2369 2534 2436 quomodo
2588 2369 2632 2422 is
2684 2385 2741 2423 se
2803 2371 3018 2424 habeat.
3084 2372 3172 2424 Sic
3215 2373 3371 2436 dixit,
3424 2383 3478 2425 et

1905 2463 2050 2514 visus
2077 2470 2159 2514 est
2188 2475 2380 2514 vocare
2407 2475 2633 2528 puerum
2671 2479 2682 2514 :
2717 2462 2952 2526 Accede,
2985 2478 3016 2515 ο
3052 2478 3206 2530 puer,
3248 2464 3314 2516 ad
3365 2479 3480 2516 ma-

1905 2565 2064 2619 trem,
2100 2563 2157 2606 ut
2191 2569 2312 2606 cum
2345 2569 2405 2605 ea
2457 2554 2672 2613 viderit.
2725 2556 2995 2621 quomodo
3042 2565 3091 2608 te
3144 2557 3368 2620 habeas,
3419 2565 3476 2608 tu

1903 2647 2022 2713 ejus
2056 2647 2253 2699 multas
2285 2645 2583 2699 consoleris
2610 2645 2891 2714 lacrymas.
2923 2647 3062 2698 Puer
3088 2657 3269 2700 autem
3308 2649 3479 2715 magis

1904 2739 2211 2793 adhaerebat
2239 2740 2480 2805 martyri,
2516 2739 2704 2790 nolens
2737 2754 2860 2791 eum
2891 2740 3114 2793 omnino
3145 2741 3474 2808 relinquere,

1904 2846 2006 2884 nec
2036 2831 2222 2883 volens
2258 2831 2482 2882 omnino
2523 2829 2709 2882 venire
2749 2831 2814 2883 ad
2864 2841 3092 2883 matrem
3131 2850 3141 2883 :
3180 2832 3298 2894 sed,
3352 2833 3476 2890 Abi,

1906 2930 2075 2974 mater
2106 2935 2247 2986 mea,
2279 2920 2388 2982 abi,
2435 2919 2648 2972 diccbat
2697 2920 2998 2973 resistens:
3027 2921 3166 2986 apud
3201 2930 3251 2974 te
3294 2936 3474 2988 mane,

1907 3019 1960 3063 et
1984 3009 2204 3062 minime
2235 3017 2284 3060 te.
2310 3009 2474 3060 dedas
2501 3007 2586 3060 his
2622 3008 2883 3062 luctibus.
2921 3007 3077 3061 Malle
3124 3010 3266 3062 enim
3313 3010 3476 3063 vitam

1907 3109 2179 3161 vestram,
2232 3113 2394 3166 quam
2433 3100 2587 3151 lianc
2640 3107 2906 3158 mortem,
2965 3113 3118 3166 aeque
3172 3098 3476 3152 absurdum

234 3201 336 3252 μαι
385 3183 584 3236 ἄτοπον
634 3181 797 3248 εἶναι,
851 3183 992 3252 ζωῆς
1053 3183 1382 3247 ἀλλάξασθαι
1431 3187 1659 3238 Θάνατον
1710 3190 1800 3240 καὶ

1908 3190 2181 3253 existimo,
2227 3199 2388 3257 atque
2438 3189 2678 3240 dolorem
2722 3190 2973 3255 prazferre
3020 3189 3307 3256 voluptati,
3357 3205 3479 3258 quae

232 3275 432 3343 λύπην,
478 3277 672 3344 ὴδοντης
702 3277 963 3344 ἁλήκτου,
999 3277 1090 3328 καὶ
1121 3278 1321 3338 παντὸς
1381 3277 1601 3339 αἰῶνος,
1656 3278 1799 3347 ζωὴν

233 3369 576 3437 πρόσκαιρον
625 3371 983 3436 προτιμῆσαι.
1029 3369 1246 3420 Τούτων
1301 3370 1452 3435 ’παρὰ
1481 3370 1574 3421 τοῦ
1614 3370 1801 3432 παιδὸς

228 3462 263 3528 ὴ
309 3463 490 3528 μήτηρ
526 3459 832 3521 ἀκούσασα,
883 3457 976 3509 καὶ
1024 3459 1132 3508 τῶν
1164 3459 1375 3527 θρήνων
1424 3461 1611 3526 ὧσπερ
1643 3463 1803 3512 ἐκλα-

228 3552 461 3619 Θομένη,
517 3550 931 3618 προσληφθήναι
993 3553 1085 3602 καὶ
1146 3550 1312 3619 αὐτὴν
1353 3550 1428 3618 τῷ
1483 3551 1652 3614 παιδί,
1709 3553 1802 3603 καὶ

232 3642 658 3712 ’παρακληθῆναι
709 3645 844 3711 πρὸς
884 3645 951 3696 τὰ
1016 3642 1291 3713 ὁρώμενα,
1353 3645 1587 3712 ἰσχυρῶς
1632 3645 1801 3696 ἐδεῖτο

227 3736 328 3789 τοῦ
364 3739 664 3805 μάρτυρος,
723 3739 812 3789 καὶ
844 3739 900 3792 ὃς
939 3737 1037 3802 τῆς
1098 3737 1188 3785 ἐπὶ
1250 3739 1544 3804 σωτηρίαν,
1563 3737 1802 3805 ἀγούσης

228 3832 324 3881 ἐπὶ
350 3829 508 3881 πλέον
536 3833 673 3896 αὐτῇ
711 3829 930 3894 ἔχεσθαι
963 3830 1218 3897 παρῃνει,
1251 3841 1348 3880 και
1393 3829 1539 3892 τέλος
1578 3832 1802 3899 εἰρήνην

227 3921 357 3979 δοὺς
382 3920 515 3988 πρὸς
546 3921 645 3981 τὰς
673 3921 878 3982 οίκείας
912 3922 1050 3988 μετά
1079 3921 1172 3972 τοῦ
1207 3922 1393 3984 παιδος
1430 3922 1668 3993 ἐχώρουν
1688 3923 1809 3976 δια-

227 4011 445 4082 τριόας,
482 4015 576 4066 καὶ
621 4015 728 4067 τῶν
758 4014 1052 4082 ὀφθαλμῶν
1075 4017 1288 4082 ἐκείνης
1328 4015 1622 4068 διίσταντο.

308 4187 408 4241 1Ε⁹.
456 4187 519 4239 Ἦ
555 4187 609 4240 δὲ
637 4189 837 4250 εὐθέως
869 4188 1246 4241 διυπνισοείσα
1308 4189 1404 4242 καὶ
1444 4191 1576 4260 ’πρὸς
1606 4191 1802 4261 ἑαυτὴν

229 4280 576 4349 ἑπανήξασα,
618 4284 737 4344 οἵας
774 4284 866 4335 ἐπὶ
896 4285 960 4350 τῇ
1017 4282 1109 4333 τοῦ
1147 4283 1423 4351 μάρτυρός
1470 4300 1528 4333 τε
1565 4287 1659 4336 καὶ
1710 4285 1801 4336 τοῦ

229 4375 422 4436 παιδὸς
489 4376 780 4443 παρουσία,
839 4374 935 4442 τῆς
1009 4374 1270 4441 εὐθυμίας
1340 4375 1637 4436 ἀπέλαυσε,
1692 4379 1802 4439 τοῖς

231 4467 502 4535 παροῦσιν
531 4468 603 4528 ὡς
637 4468 824 4536 ἣδιστα
855 4464 1080 4536 διεξήει,
1125 4467 1219 4518 καὶ
1264 4467 1450 4534 θαῦμα
1486 4470 1580 4530 τὰς
1630 4470 1801 4522 ἁπάν-

227 4577 343 4613 των
382 4559 494 4629 εἶχε
537 4563 735 4629 ψυχὰς,
761 4562 836 4630 τῷ
867 4562 1158 4630 παραδόξῳ
1185 4541 1279 4628 τῆς
1309 4560 1634 4628 διηγήσεως.
1672 4558 1800 4612 Εἶτα

232 4659 328 4705 καὶ
366 4655 428 4706 τὸ
484 4651 579 4703 τοῦ
641 4653 898 4719 παιδὸςή
962 4652 1255 4719 μσκαρίτις
1323 4651 1568 4702 ποθεινὸν
1628 4655 1803 4702 ἐκεῖνο

233 4747 529 4814 σωμάτιον,
557 4743 814 4815 λαμπρὰς
844 4741 1179 4811 ἀλειψαμένη
1241 4743 1334 4793 καὶ
1408 4739 1800 4810 περιϐαλοῦσα,

232 4837 312 4908 τῷ
355 4840 592 4908 μάρτυρι
642 4837 1027 4904 παρατίθεται,
1099 4836 1368 4904 ’πάννυχόν
1430 4852 1489 4887 τε
1540 4838 1635 4887 σὺν
1690 4838 1803 4897 τοῖς

233 4933 576 4998 προσήκουσι
607 4931 697 4980 καὶ
730 4930 901 4990 ἄλλως
936 4927 1262 4994 ἐπιτηδείοις
1302 4930 1424 4994 τῆν’
1451 4927 1802 4996 εὐχαριστίαν

235 5025 606 5095 ποιησαμένη.
642 5023 776 5089 πρὸς
808 5025 862 5076 δὲ
916 5023 1010 5075 καὶ
1039 5022 1137 5088 τὴν
1168 5023 1433 5090 μυστικὴν
1471 5020 1798 5097 ἱερουργίαν,

237 5119 297 5172 ἑν
325 5109 370 5184 ᾧ
408 5115 729 5184 τελεσθῆναι
763 5115 868 5166 ἔδει
904 5115 1188 5177 τελέσασα,
1227 5112 1319 5164 ἐπὶ
1377 5113 1571 5180 δαψιλῆ
1620 5129 1802 5179 παρα-

233 5209 393 5263 καλεῖ
439 5209 505 5260 τὰ
533 5208 743 5267 δεῖπνα,
776 5207 901 5266 τοὺς
942 5206 1047 5256 τῶν
1091 5207 1253 5275 ἱερῶν
1286 5205 1468 5274 ῦμνων
1509 5207 1647 5272 αὐτῇ
1687 5221 1798 5255 κοι-

231 5305 607 5373 νωνήσαντας,
671 5294 986 5360 Εἴθόῦτως
1056 5298 1242 5366 μακρὰ
1295 5298 1372 5365 τῷ
1427 5297 1525 5366 βίῳ
1591 5295 1801 5365 χαίρεὶν

229 5395 483 5455 εἰποῦσα,
512 5398 587 5456 εἰς
621 5393 850 5454 ἀσύλους
877 5409 932 5444 τε
958 5391 1286 5460 Θησαυρους,
1305 5391 1402 5451 τὰς
1420 5391 1528 5440 τῶν
1551 5390 1802 5458 πενήτων

233 5493 380 5560 φημὶ
423 5493 701 5559 γαστέρας
744 5490 832 5540 τὸν
865 5485 1092 5537 πλοῦτον
1138 5484 1310 5551 αὐτῆς
1347 5485 1521 5535 πάντα
1567 5479 1800 5532 καταθε-

235 5588 399 5658 μένη,
433 5586 524 5638 καὶ
562 5583 708 5636 λιτὸν
749 5582 947 5634 ἐνδῦσα
1008 5577 1231 5646 χιτῶναι
1270 5577 1346 5646 τῷ
1379 5577 1533 5644 ταφῳ
1565 5574 1799 5645 διηκόνει

232 5683 326 5732 τοῦ
354 5679 654 5748 μάρτυρος,
693 5674 833 5726 οὕτω
875 5691 932 5726 τε
981 5673 1266 5741 νηστείαις
1319 5670 1654 5738 σχολάζουσαι
1709 5667 1800 5718 καὶ

233 5773 564 5843 προσευχαῖς
589 5766 677 5842 ἦν,
713 5768 807 5822 καὶ
860 5767 949 5818 τὸν
1003 5766 1150 5826 ἐντὸς
1188 5763 1439 5815 τοσοῦτον
1493 5761 1800 5830 ἐκαθήρατο

236 5866 544 5936 ἄνθρωπον,
595 5865 706 5934 ὅσῳ
739 5863 833 5916 καὶ
870 5861 990 5913 καθ’
1016 5859 1251 5928 ἑκάστην
1283 5859 1419 5927 αὐτῇ
1452 5855 1648 5928 κυρίαν
1694 5855 1800 5908 τῶν

1904 3299 2011 3337 non
2043 3283 2263 3342 desinit,
2298 3292 2352 3335 et
2390 3281 2556 3334 vitam
2600 3280 2842 3342 brevem,
2876 3289 2930 3334 et
2959 3296 3077 3349 quae
3108 3290 3188 3334 cst
3224 3282 3287 3334 ad
3337 3290 3477 3335 tem-

1902 3387 2023 3440 pus,
2054 3389 2170 3424 aevo
2195 3373 2548 3440 sempiterno.
2594 3371 2717 3425 Hac
2743 3386 2866 3424 cum
2909 3383 3083 3423 mater
3107 3370 3404 3425 audivisset
3446 3389 3475 3426 a

1903 3463 2032 3525 filio,
2070 3471 2290 3516 etesset
2331 3464 2490 3514 veluti
2522 3464 2687 3514 oblita
2726 3463 3212 3524 lamentationem,
3258 3474 3314 3515 ut
3358 3463 3476 3531 ipsa

1901 3571 2115 3624 quoque
2149 3564 2526 3609 assumeretur
2555 3553 2624 3608 ad
2655 3553 2848 3612 lilium.
2878 3563 2932 3607 et
2967 3569 3030 3608 ex
3074 3554 3161 3618 iis,
3198 3571 3317 3623 qua
3357 3573 3478 3611 cer-

1904 3649 2194 3703 nebantur,
2252 3645 2525 3713 acciperet
2585 3645 3055 3710 consolationem,
3120 3647 3478 3701 vehementer

1905 3724 2128 3806 rogabat
2158 3749 2471 3806 martyrem.
2520 3734 2611 3790 Ille
2648 3744 2828 3788 autem
2877 3737 3159 3802 suadebat,
3203 3748 3262 3791 ut
3308 3742 3479 3809 magis

1902 3843 2019 3881 cam
2045 3827 2183 3878 viain
2216 3835 2558 3892 sequeretur,
2600 3841 2719 3892 qua:
2749 3827 2902 3880 ducit
2931 3827 2995 3881 ad
3040 3829 3290 3882 salutem.
3329 3825 3476 3882 Tan-

1904 3917 2025 3972 dem
2063 3926 2269 3977 autem,
2318 3916 2436 3969 data
2487 3929 2643 3984 pace,
2697 3915 2834 3968 abiit
2911 3915 2997 3968 ille
3042 3933 3162 3969 cum
3211 3933 3380 3987 puero
3409 3923 3476 3973 ad

1905 4025 2056 4062 suam
2089 4009 2476 4061 habitationem
2509 4025 2524 4061 :
2561 4015 2618 4059 et
2657 4015 2885 4076 uterque
2924 4007 3175 4062 discessit
3218 4010 3285 4061 ab
3333 4010 3478 4065 illius

1903 4100 2092 4154 oculis.

1975 4191 2089 4245 XV.
2135 4193 2223 4245 Ilia
2265 4201 2443 4245 autem
2495 4192 2679 4245 statim
2723 4201 3061 4261 experrecta,
3093 4202 3148 4247 et
3189 4195 3256 4248 ad
3303 4211 3360 4249 se.
3390 4211 3476 4248 rc-

1905 4302 2084 4345 versa,
2117 4297 2372 4353 quautam
2408 4286 2477 4338 ob
2512 4285 2759 4352 martyris
2785 4295 2838 4339 et
2868 4286 2958 4337 lilii
2987 4288 3277 4339 adventqu
3322 4304 3476 4341 asse-

1905 4389 2027 4432 cuta
2068 4390 2213 4432 esset.
2255 4379 2418 4431 animi
2460 4381 2904 4445 tranquillitatem
2957 4397 3016 4435 ac
3060 4381 3322 4440 laetitiam.
3354 4399 3478 4435 nar-

1908 4473 2044 4525 ravit
2076 4473 2138 4527 iis
2182 4474 2271 4540 qui
2302 4473 2545 4527 aderant.
2582 4470 2834 4523 Omnium
2866 4484 3044 4524 autem
3073 4475 3284 4526 animos
3323 4476 3474 4525 inva-

1841 4553 1879 4606 ί)
1909 4566 1978 4619 sit
2019 4565 2304 4620 admiratio
2344 4566 2413 4618 ob
2454 4564 2850 4620 admirabilem.
2906 4573 2958 4616 et
2999 4579 3116 4631 qua:
3160 4566 3471 4631 opinionem

1906 4656 2216 4720 superabat,
2245 4655 2633 4704 narrationem.
2676 4651 2880 4706 Deinde
2914 4669 3035 4705 cum
3075 4654 3166 4705 [illi
3200 4657 3279 4707 sui
3324 4657 3472 4708 desi-

1906 4741 2144 4795 derabile
2193 4740 2322 4794 illud
2394 4741 2776 4810 corpusculum
2838 4743 2991 4798 beata
3050 4745 3134 4795 illa
3191 4745 3472 4812 Splendide

1908 4835 2151 4888 uuxisset
2200 4844 2255 4889 et
2284 4835 2700 4902 composuisset,
2750 4834 2800 4892 id
2846 4836 3188 4889 commendat
3227 4843 3469 4906 martyri,

1905 4938 2015 4982 tuta
2046 4941 2203 4982 nocte
2230 4945 2350 4981 cum
2381 4929 2816 4996 consanguineis,
2838 4939 2888 4980 et
2909 4933 2972 4981 iis
2993 4931 3077 4996 qui
3113 4931 3176 4982 ad
3205 4947 3319 4984 eam
3347 4935 3474 4986 atti-

1904 5023 2127 5083 nebant,
2161 5019 2363 5074 faciens
2395 5022 2689 5090 gratiarum
2718 5021 3010 5074 actionem.
3057 5021 3260 5077 Deinde
3303 5028 3468 5081 etiam

1904 5125 2024 5163 cum
2062 5114 2344 5181 mysticum
2391 5120 2635 5164 curasset
2678 5113 3042 5180 peragendum
3093 5114 3417 5165 sacriﬁcium
3450 5152 3466 5179 ,

1905 5205 1956 5256 in
1986 5218 2092 5271 quo
2124 5219 2240 5255 eam
2295 5195 2585 5270 oportebat
2626 5203 2850 5262 initiari,
2896 5203 2960 5254 ad
3015 5203 3211 5256 lautam
3274 5206 3469 5260 invitat

1904 5309 2113 5351 cumam
2149 5310 2265 5356 eos,
2301 5296 2394 5364 qui
2427 5311 2705 5349 sacrorum
2749 5297 3068 5365 hymnorum
3099 5298 3312 5352 fuerant
3341 5317 3460 5353 cum

1903 5405 1965 5443 ea
2032 5390 2344 5458 participes.
2398 5389 2596 5441 Deinde
2651 5404 2773 5442 eum
2827 5395 2904 5444 sic
2965 5392 3224 5443 mundum
3287 5394 3468 5446 valere

1900 5484 2170 5553 jussisset,
2207 5493 2260 5534 et
2307 5481 2358 5532 in
2398 5479 2700 5539 thesauros,
2740 5481 2831 5548 qui
2881 5497 2988 5533 non
3043 5492 3275 5550 possunt
3308 5485 3469 5553 eripi,

1906 5577 1956 5628 in
1984 5590 2304 5643 pauperum,
2333 5575 2575 5641 inquam,
2616 5583 2853 5634 ventres,
2887 5589 3077 5628 omnes
3109 5590 3233 5627 suas
3274 5587 3473 5629 contu-

1902 5667 2053 5719 lisset
2079 5667 2314 5728 divitias,
2349 5675 2402 5717 et
2435 5679 2492 5717 se
2525 5665 2671 5717 tenui
2694 5664 2958 5718 induisset
2992 5665 3193 5731 tunica,
3221 5667 3472 5733 sepulcro

1905 5759 2246 5811 ministrabat
2298 5758 2579 5826 martyris;
2646 5767 2702 5809 et
2752 5756 2828 5809 sic
2879 5757 3103 5824 jejuniis
3167 5771 3365 5810 vacans
3418 5766 3470 5809 et

1905 5852 2267 5918 roationibus,
2308 5853 2575 5907 internum
2627 5859 2837 5904 tantum
2875 5850 3136 5920 purgabat
3170 5848 3469 5912 hominem,
