4188 6432
740 419 875 481 1159

2012 408 2059 468 Μ
2077 407 2235 466 ENSl
2252 409 2289 466 S
2326 406 2690 465 OCTOBER.

3863 404 4015 471 1160

738 545 797 590 ut
821 528 1048 598 singulis
1076 525 1364 581 Dominicis
1404 524 1449 579 ei
1485 534 1684 593 martyr
1719 533 2006 591 appareret
2047 538 2167 574 cum
2198 521 2305 574 tilio

2423 518 2632 588 inepth
2664 518 2754 569 τὸν
2814 514 3071 585 μάρτυρα
3133 514 3224 567 τοῦ
3282 515 3465 577 παιδὸς
3507 516 3562 568 ὲν
3613 517 3773 587 ὁμοία
3832 512 3874 589 ἧ
3915 521 4023 572 καὶ

736 624 791 677 in
833 623 1047 681 eodem,
1092 620 1144 673 in
1201 633 1307 686 quo
1359 617 1547 685 prius.
1599 614 1833 671 amictu.
1894 614 2011 682 ejus
2067 612 2308 665 dolorem

2423 611 2675 680 πρότερον
2732 606 3059 660 ἐπίστασθαι
3094 609 3157 675 τῇ
3192 607 3450 677 ἀναϐολῇ,
3501 608 3652 675 παρά
3688 609 3892 679 ψυχὴν
3943 613 4021 679 τῇ

741 717 1109 770 consolantes.
1154 710 1395 780 Septimo
1451 721 1630 762 autem
1680 724 1821 761 anno
1868 723 1980 760 suae
2023 706 2074 759 in
2122 706 2314 758 melius

740 810 861 860 vita:
908 804 1242 867 mutationis,
1288 819 1407 856 eum
1445 804 1602 870 plena
1639 808 1781 854 esset
1824 800 2015 854 diebus
2068 799 2313 865 spiritus,

738 898 789 950 in
824 914 953 967 pace
980 896 1125 964 pacis
1178 895 1391 961 quidem
1439 893 1530 945 Dei
1573 892 1851 961 spiritum,
1888 906 2088 959 corpus
2136 899 2313 941 autem

739 989 1083 1044 commendat
1116 988 1246 1049 lilio,
1294 996 1347 1039 ut
1394 999 1531 1053 quos
1562 1000 1665 1037 una
1699 984 1932 1037 habebat
1965 983 2181 1044 domus,
2221 995 2315 1034 eos

740 1080 897 1132 etiam
957 1094 1098 1131 unus
1151 1077 1407 1130 conderet
1452 1075 1683 1137 loculus,
1740 1083 1794 1127 et
1834 1089 1901 1127 ne
1945 1075 2059 1141 ipse
2097 1070 2313 1138 quidem

741 1169 1022 1220 amborum
1070 1167 1247 1234 p'nlvis
1307 1165 1730 1233 disjungeretur.
1777 1164 1907 1215 Cum
1968 1161 2167 1229 quibus
2228 1160 2317 1215 det

741 1274 955 1328 quoque
984 1258 1141 1310 nobis
1180 1256 1319 1309 Deus
1355 1270 1477 1309 esse
1511 1257 1683 1323 partis
1724 1270 1935 1311 eorum.
1975 1252 2063 1319 qui
2097 1266 2316 1304 servan-

743 1359 850 1413 tur,
878 1361 931 1403 et
958 1350 1133 1403 videre
1166 1350 1441 1417 regionem
1470 1348 1765 1400 viventium
1806 1362 1817 1396 :
1855 1344 2107 1413 quoiiiam
2136 1345 2306 1410 ipsum

742 1442 897 1495 decet
929 1442 1106 1494 omnis
1138 1441 1305 1510 gloria
1347 1451 1398 1493 et
1445 1439 1690 1493 adoratio
1746 1453 1888 1492 nunc
1936 1446 1988 1489 et
2021 1450 2232 1502 semper
2259 1445 2309 1488 et

743 1536 797 1587 in
841 1534 1034 1587 saecula
1082 1535 1421 1587 smculornm.
1454 1536 1645 1587 Amen.

1399 1797 1511 1805 -ο

760 1793 1934 1825 mm

2413 700 2560 770 λύπῃ
2596 700 2857 759 διδόντας,
2890 698 3010 757 ἔτος
3051 696 3282 766 ἕϐδομον
3320 698 3376 761 ἐξ
3412 699 3540 750 ὅτου
3573 700 3639 751 τὰ
3680 700 3781 769 τῆς
3830 717 4023 769 μετα.-

2413 792 2572 859 ϐολῆς
2608 792 2740 858 πρδς
2761 789 2822 841 τὸ
2861 788 3098 856 βέλτιον,
3132 790 3225 840 καὶ
3260 790 3470 859 πλήρης
3503 792 3728 862 ἡμερῶν
3764 792 3893 845 τῶν
3912 790 4019 845 τοῦ

2418 884 2736 953 Πνεύματος
2760 881 3053 951 γενομένη,
3088 883 3143 933 ὲν
3162 883 3377 952 εἰρήνῃ,
3405 882 3480 950 τῷ
3501 883 3601 950 μὲν
3632 886 3733 951 τῆς
3761 886 4020 954 εἰρήνης

2417 974 2533 1042 Θεῴ
2568 975 2626 1026 τὸ
2659 972 2896 1041 πνεῦμα,
2927 972 2987 1024 τὸ
3012 971 3169 1040 σῶμα
3206 971 3262 1024 δὲ
3297 970 3374 1041 τῷ
3411 972 3565 1024 παιδὶ
3608 972 4013 1043 παρατίθεται,

2412 1068 2483 1118 ‘i'v‘
2516 1065 2607 1128 υῦς
2682 1066 2775 1136 μία
2829 1060 2975 1133 εῖχεν
3039 1064 3206 1125 οἰκία,
3269 1064 3491 1126 τούτους
3547 1066 3640 1117 καὶ
3699 1065 3800 1134 μία
3844 1066 4018 1136 σορὸς

2415 1157 2701 1223 πιστευθῆ,
2760 1155 2852 1208 καὶ
2888 1154 3024 1223 μηδὲ
3070 1155 3209 1207 αὗτά
3269 1155 3455 1225 διαστῇ
3512 1156 3581 1208 τὰ
3631 1157 3733 1224 τῆς
3769 1157 4017 1218 κόνεως.

2414 1249 2546 1302 Μεθ’
2576 1242 2648 1299 ὧν
2690 1247 2808 1315 δώῃ
2851 1246 2943 1297 καὶ
2986 1247 3118 1314 ἡμῖν
3148 1245 3327 1305 sese;
3353 1246 3448 1311 τῆς
3505 1245 3612 1297 τῶν
3669 1246 4019 1313 σωζομένων

2416 1340 2671 1407 γενέσθαι
2716 1337 2954 1407 μερίδος,
2994 1339 3086 1389 καὶ
3116 1337 3213 1407 τὴν
3242 1337 3349 1388 τῶν
3373 1336 3589 1398 ζώντως
3620 1336 3807 1405 χώραν
3853 1334 4017 1395 ἰδεῖν.

2416 1432 2497 1484 ὅτι
2536 1430 2683 1498 αὐτῷ
2727 1429 2929 1498 πρέπει
2962 1430 3112 1481 πᾶσα
3136 1428 3284 1493 δόξα,
3307 1429 3438 1497 τιμὴ
3471 1428 3565 1481 καὶ
3596 1425 4014 1497 προσκύνησις,

2418 1525 2515 1575 νῦν
2565 1524 2660 1575 καὶ
2716 1522 2805 1574 ἀεὶ
2869 1522 2964 1574 καὶ
3024 1523 3103 1584 εἰς
3160 1522 3285 1583 τοὺς
3337 1520 3535 1583 αἰῶνας
3597 1519 3707 1572 τῶν
3760 1517 4015 1571 αἰώνων.

2430 1616 2487 1666 Ἀ
2495 1616 2619 1684 μήν.

1519 1793 2799 1821 W—“wmﬂ”
2592 1792 3854 1818 mm”.
3257 1808 3332 1817 ..-
3340 1812 3350 1815 -
3364 1805 3717 1817 ...φ-...κη
3724 1810 3781 1816 ._
3789 1810 3847 1817 --
3860 1789 3993 1820 2:1:

2254 1809 2582 1820 __.———-—-—-

1921 1956 2789 2077 ΜΑΡΤΥΡΙΟΝ

1492 2184 1717 2267 ΤΟΥ
1797 2180 2131 2265 ΑΓΙΟΥ
2203 2179 3247 2271 ΜΕΓΑΛΟΜΑΡΤΥΡΟΣ

1827 2394 2899 2527 ΑΡΤΕΜΙΟΥ.

2014 2821 2737 2909 MABTYRIUM

1304 3039 1817 3155 SANCTI
1898 3044 2077 3152 ΕΤ
2168 3040 2620 3158 MAGNI
2700 3037 3442 3155 MARTYRIS

1939 3288 2804 3443 ARTEMII.

1280 3562 1473 3620 (Graece
1507 3572 1568 3608 ex
1606 3561 1716 3610 cod.
1744 3574 1833 3611 ms.
1874 3560 2029 3612 Paris.
2056 3574 2106 3610 n.
2134 3560 2282 3620 “80;
2309 3561 2481 3610 Latine
2514 3561 2640 3621 apud
2663 3560 2860 3609 Surium
2889 3559 2947 3607 ad
2980 3526 3112 3608 diem
3134 3559 3194 3608 20
3220 3558 3486 3618 Octobris.)

829 3877 865 3934 Ι.
910 3877 1036 3932 Post
1092 3877 1305 3935 Domini
1357 3894 1409 3940 et
1467 3884 1793 3944 Salvatoris.
1825 3889 1999 3942 nostri
2054 3889 2111 3942 in
2162 3888 2325 3943 caelos

2506 3885 2588 3939 A’.
2634 3887 2789 3941 Μετά
2822 3885 2922 3955 τὴν
2955 3887 3049 3939 τοῦ
3087 3885 3293 3956 Κυρίου
3335 3885 3432 3937 καὶ
3458 3886 3713 3957 Σωτῆρος
3745 3888 3910 3957 ἡμῶν
3939 3889 4017 3953 εἰς

756 3985 1065 4034 ascensum,
1094 3986 1216 4024 cum
1252 3974 1369 4042 ejus
1392 3974 1642 4044 discipuli
1677 3986 1731 4030 et
1752 3978 1979 4047 apostoli
2010 3978 2323 4032 universum

758 4065 941 4116 orbem
992 4073 1151 4116 terra:
1200 4064 1490 4137 Evangelia
1542 4071 2111 4135 comprehendissent,
2169 4080 2224 4124 et
2269 4071 2324 4124 in

758 4171 947 4210 omnes
994 4156 1211 4224 quidem
1264 4169 1446 4225 partes
1485 4160 1595 4226 jam
1632 4160 1919 4214 distributa
1949 4171 2093 4215 esset
2137 4162 2327 4231 pradi-

759 4248 899 4300 catio
924 4246 1165 4314 pietatis,
1194 4246 1238 4298 is
1277 4256 1481 4310 autem,
1516 4248 1604 4315 qui
1639 4252 1707 4303 ab
1737 4250 1892 4304 initio
1923 4252 2109 4320 generi
2152 4251 2328 4304 horni-

762 4353 886 4389 num
945 4338 1281 4401 adversatur,
1336 4338 1688 4396 intolerandis
1737 4345 2022 4397 tormentis
2068 4359 2165 4414 per
2208 4358 2325 4409 eos,

761 4427 847 4497 qui
900 4438 1028 4482 tunc
1093 4445 1268 4483 rerum
1326 4432 1692 4500 potiebantur,
1766 4435 2061 4503 subjiceret
2119 4436 2324 4501 ﬁdeles,

761 4522 1045 4589 oportebat
1084 4522 1376 4590 aliquando
1423 4521 1770 4580 Christianos
1814 4528 1946 4581 solvi
1992 4542 2023 4582 α
2070 4528 2230 4582 malis
2276 4538 2330 4582 et

764 4613 1047 4677 molestiis,
1100 4621 1154 4666 et
1222 4628 1342 4667 cum
1392 4615 1587 4668 acerba
1647 4617 1791 4671 nube
1849 4618 2140 4689 impietatis
2194 4618 2326 4673 solvi

764 4705 926 4756 etiam
990 4713 1364 4772 tempestatem
1414 4716 1827 4773 tormentorum,
1880 4712 2079 4778 quibus
2132 4709 2330 4765 allicie-

765 4795 986 4858 bantur,
1031 4803 1085 4845 et
1125 4793 1239 4845 sisti
1274 4794 1474 4863 virgam
1509 4807 1881 4864 peccatorum,
1919 4814 2038 4867 qua:
2072 4799 2329 4852 immitte-

766 4886 922 4939 batur
955 4886 1216 4940 adversus
1242 4885 1611 4941 lizereditatem
1650 4890 1951 4959 justornm.
1980 4888 2113 4945 Cum
2147 4902 2327 4945 autem

765 4979 827 5030 ad
860 4980 960 5031 hoc
990 4986 1132 5031 esset
1158 4994 1292 5047 opus
1322 4980 1439 5033 viro
1492 4981 1582 5049 qui
1616 4981 1841 5036 haberet
1868 4984 2133 5053 insignem
2162 4985 2329 5038 animi

767 5069 1103 5122 nobilitatem
1137 5109 1151 5132 ,
1189 5072 1310 5124 talis
1345 5080 1525 5125 autem
1561 5084 1676 5126 erat
1697 5073 1997 5128 Constantii
2031 5085 2085 5128 et
2116 5074 2333 5131 Helena:

768 5160 931 5216 iilius.
980 5158 1374 5213 Constantinus
1426 5160 1652 5231 Magnus
1700 5167 2162 5233 cognominatus:
2214 5167 2259 5219 is
2300 5181 2329 5218 a

767 5253 939 5321 patrio
979 5252 1197 5320 quidem
1240 5252 1444 5306 recedit
1489 5270 1694 5319 errore,
1745 5272 1946 5313 arcano
1994 5260 2227 5327 quodam
2274 5246 2399 5313 etC

768 5346 949 5399 divino
1004 5344 1250 5408 consilio,
1305 5356 1359 5399 et
1408 5347 1615 5400 accedit
1670 5349 1735 5402 ad
1799 5352 2100 5403 veritatem.
2158 5350 2334 5404 Vincit

769 5437 934 5500 enim,
964 5446 1021 5489 ut
1047 5452 1236 5490 omnes
1264 5437 1462 5501 sciunt,
1492 5438 1740 5494 inimicos
1768 5454 1865 5508 per
1898 5443 2074 5495 crucis
2107 5443 2157 5496 in
2195 5443 2333 5497 caalo

770 5530 1161 5598 apparitionem
1206 5546 1221 5582 ι
1280 5541 1330 5584 et
1394 5531 1618 5599 Magnus
1667 5535 1847 5586 statim
1899 5535 2224 5604 appellatur,
2279 5548 2333 5590 et

770 5633 988 5691 propter
1018 5620 1234 5689 pietatis
1272 5622 1724 5690 magnitudinem,
1762 5632 1817 5677 et
1852 5624 1905 5677 in
1941 5626 2124 5679 hostes
2158 5627 2333 5680 victo-

769 5717 924 5767 riam.
958 5712 1162 5765 Deinde
1194 5715 1354 5767 etiam
1407 5729 1600 5783 magno
1630 5713 1784 5785 Regi,
1823 5723 1877 5767 et
1906 5720 2177 5770 communi
2216 5733 2331 5772 om-

772 5806 911 5857 nium
949 5804 1172 5858 Domino
1210 5804 1448 5861 victoriae
1485 5806 1716 5859 reddens
1758 5808 1978 5878 gratias,
2030 5809 2191 5864 mittit
2236 5826 2332 5879 per

2426 3980 2695 4047 οὐρανοὺς
2741 3979 3014 4050 ἀνάληψιν
3043 4019 3059 4047 ,
3102 3980 3211 4031 τῶν
3264 3977 3430 4032 αὑτοῦ
3495 3978 3761 4045 μαθητῶν
3817 3998 3877 4034 τε
3924 3984 4014 4035 ut

2413 4073 2744 4127 ’ἀποστόλων
2786 4074 2887 4144 τὴν
2939 4073 3269 4144 οἰκουμένην
3316 4074 3497 4125 πᾶσαν
3549 4070 3629 4140 τῷ
3685 4072 4012 4144 Εὑαγγελίῳ

2428 4166 2872 4233 περιλαϐόντων,
2917 4167 3013 4216 καὶ
3060 4163 3339 4231 πανταχοῦ
3383 4163 3483 4233 μὶν
3515 4161 3867 4227 διαδοθέντος
3917 4167 4010 4234 ’ἤδη

2426 4256 2524 4308 τοῦ
2553 4256 2651 4325 τῆς
2685 4255 2971 4318 εὐσεϐείας
2999 4256 3356 4324 κηρύγματος
3410 4254 3505 4306 τοῦ
3542 4254 3598 4306 δὲ
3637 4256 3892 4325 ἀρχῆθεν
3926 4262 4012 4312 ἀν-

2426 4349 2742 4419 τικειμένου
2782 4347 2860 4416 τῷ
2890 4348 3000 4402 τῶν
3030 4346 3341 4417 ἀνθρώπων
3373 4345 3543 4414 γένει,
3577 4345 3860 4416 βασάνους
3889 4352 4013 4417 ἀφο-

2432 4443 2613 4511 ρήτοις
2638 4439 2728 4492 διὰ
2780 4440 2891 4493 τῶν
2920 4440 3039 4493 τότε
3078 4439 3426 4509 κρατούντων
3456 4440 3861 4503 ὑποϐάλλοντος
3892 4444 4008 4503 τοὺς

2429 4533 2798 4593 πιστεύοντας
2832 4532 2940 4583 ἔδει
2989 4531 3123 4582 ποτὲ
3156 4530 3313 4581 λύσιν
3353 4534 3610 4597 γενέσθαι
3658 4534 4009 4601 Χριστιανῶς

2428 4622 2538 4676 τῶν
2598 4622 2868 4693 ἀνιαρῶν,
2934 4622 3027 4675 καὶ
3100 4621 3241 4690 μετὰ
3294 4620 3389 4673 τοῦ
3441 4621 3643 4692 πικροῦ
3676 4626 3881 4691 νέφους
3921 4625 4006 4692 τῆς

2428 4716 2685 4780 ἀσεϐείας
2725 4716 2957 4787 λυθῆναι
2990 4716 3199 4769 καὶτὸν
3252 4715 3501 4785 χειμῶνα
3538 4718 3637 4785 τῆς
3674 4720 3805 4769 κατ’
3836 4718 4009 4771 αὐτῶν

2430 4808 2721 4877 τιμωρίας,
2757 4810 2851 4860 καὶ
2876 4809 3071 4877 στῆναι
3103 4807 3299 4876 ῥάϐδον
3332 4808 3680 4877 ἁμαρτωλῶν
3709 4813 3860 4862 κατά
3889 4810 4008 4879 κλή-

2433 4916 2526 4970 ρου
2552 4901 2774 4954 δικαίων
2804 4902 3132 4971 ἀφιεμένην,
3171 4900 3325 4953 Ἐπεὶ
3357 4901 3410 4953 δὲ
3434 4901 3625 4968 ἀνδρὸς
3660 4903 3841 4955 ἐδείσο
3880 4903 4007 4969 πρὸς

2430 4994 2612 5058 τοῦτο,
2664 4993 2946 5063 περιφανῆ
2992 4994 3093 5063 τὴν
3135 4995 3236 5060 τῆς
3265 4993 3449 5061 ψυχῆς
3480 4993 3777 5060 εὐγένειαν
3818 5011 4008 5061 κεκτῃο

2435 5088 2622 5157 μένου,
2662 5085 2903 5147 τοιοῦτος
2949 5085 3004 5137 δὲ
3036 5086 3063 5136 ὁ
3094 5084 3451 5148 Κιῦνσταντος
3499 5086 3592 5137 καὶ
3642 5085 3867 5154 Ἑλένης
3902 5085 4005 5145 υίὸς

2436 5177 2842 5235 Κωνσταντῐνος
2890 5176 2917 5224 ὁ
2963 5173 3150 5239 Μέγας
3200 5173 3540 5241 ἐπικληθεὶς,
3572 5172 3878 5241 ἀφίσταται
3915 5173 4005 5240 μὲν

2433 5266 2530 5332 τῆς
2569 5265 2802 5334 πατρίου
2858 5264 3067 5333 πλάνης
3106 5265 3412 5335 ἀπορρήτῳ
3461 5266 3569 5316 τινὶ
3612 5267 3712 5317 καὶ
3762 5266 4004 5333 θειοτέρα

2431 5356 2717 5424 οἰκονομίᾳ
2758 5354 2849 5406 καὶ
2878 5356 2941 5423 τῇ
2970 5355 3198 5421 ἀληθεία
3238 5353 3613 5423 προστίθεται,
3643 5356 3778 5422 νικᾷ
3820 5354 3902 5419 δι,
3935 5353 4002 5412 ὡς

2431 5450 2634 5509 πάντες
2674 5448 2845 5513 ἴσασι,
2878 5449 3005 5508 τοὺς
3038 5447 3266 5516 ἐχθροὺς
3299 5446 3387 5500 διὰ
3434 5447 3535 5515 τῆς
3570 5449 3627 5498 ὲν
3664 5447 3884 5516 οὐρανῷ
3916 5445 4001 5497 τοῦ

2435 5540 2670 5609 σταυροῦ
2715 5541 3037 5607 ἐμφανείας,
3080 5542 3175 5592 καὶ
3219 5541 3410 5607 Μέγας
3457 5541 3619 5604 εὐθὺς
3667 5546 3732 5611 τῇ
3775 5558 3834 5593 τε
3885 5540 4003 5608 περὶ

2430 5633 2530 5701 τὴν
2582 5632 2866 5683 εὐσέϐειαν
2927 5632 3313 5700 μεγαλειότητι
3372 5633 3467 5685 καὶ
3512 5636 3581 5702 τῇ
3644 5636 3770 5684 κατ’
3829 5632 3994 5684 αὐτῶν

2430 5722 2575 5793 νίκη,
2613 5722 3111 5791 προσαγορεύεται,
3148 5717 3268 5774 εἶτα
3303 5726 3394 5774 καὶ
3422 5723 3499 5791 τῷ
3542 5725 3767 5794 μεγάλῳ
3798 5720 4002 5775 Βασιλεῖ

2431 5816 2524 5868 καί
2556 5814 2712 5884 κοινᾷ
2747 5815 2965 5867 πάντων
2994 5815 3241 5886 Δεσπότῃ
3276 5818 3507 5886 χάριτας
3550 5818 3647 5886 τῆς
3691 5816 3846 5883 νίκης
3884 5816 3998 5867 ἀπο-
