4188 6432
201 410 342 486 1161

1368 408 1470 466 MA
1485 405 1771 464 RTYIUM
1807 404 1868 461 S.
1911 401 2259 462 ARTEMII.

3313 396 3450 462 1162

193 529 410 590 διδοὺς,
443 524 692 594 δόγματα
721 524 832 584 τοῖς
869 520 976 589 πρὸ
1009 521 1098 574 τοῦ
1135 517 1444 591 βασιλεῦσιν
1475 517 1780 586 ἀντίρροπα

1887 527 2075 567 omnes
2107 519 2290 580 partes
2325 509 2472 564 orbis
2508 519 2663 564 terrae
2697 509 2938 572 decreta,
2973 522 3090 576 quae
3133 519 3292 563 erant
3322 523 3451 563 cou-

200 624 310 690 σιῆς
359 617 687 686 οἰκουμένης
735 614 1012 682 πανταχοῦ
1065 613 1460 678 διαπέμπεται,
1505 609 1632 671 τοὺς
1680 607 1779 677 μὲν

197 712 315 765 τῶν
375 708 609 761 εἰδώλων
661 705 1046 774 καθαιρεῖσθαι
1095 703 1253 764 ναοὺς
1301 704 1393 754 καὶ
1456 701 1538 764 είς
1587 701 1780 766 ἔδαφος

199 797 710 872 καταστρέφεσθαι,
743 796 1218 865 ἀνοικοδομείσθαι
1257 795 1312 848 δὲ
1349 793 1511 845 πάλιν
1538 791 1626 844 ἐπ’
1659 792 1782 843 ὀνό-

202 909 340 959 ματι
372 887 604 958 Χριστοῦ
641 889 734 940 καὶ
774 888 882 939 τῶν
913 885 1074 938 αὐτοῦ
1120 885 1379 955 μαθητῶν
1426 885 1517 936 καὶ
1569 881 1779 951 μαρτύ-

201 1001 337 1052 ρων,
378 984 562 1043 οἴκους
597 980 919 1049 περιφανεῖς
951 1018 965 1038 ,
1001 977 1096 1032 καὶ
1142 976 1207 1038 ἃς
1249 974 1440 1046 πρώην
1469 973 1780 1043 ,ἐκκλησίας

201 1077 254 1125 οἱ
278 1073 560 1135 δυσσεὸεἰς
590 1071 987 1140 κατέστρεψαν,
1017 1069 1114 1138 τὴν
1152 1068 1427 1138 προτέραν
1457 1062 1611 1129 αὖθις
1645 1068 1781 1120 ἀπο-

198 1166 506 1231 λαμϐάνειν
534 1165 890 1233 εὐπρέπειαν.

277 1258 353 1313 B'.
385 1261 449 1312 Τί
489 1255 581 1312 οὖν
631 1259 658 1307 0
715 1258 828 1318 τοῖς
872 1257 1099 1323 ἀγαθοῖς
1136 1254 1444 1324 βασκαίνων
1484 1252 1776 1319 διάϐολος;

197 1355 308 1406 οὐκ
342 1351 581 1419 ἐνεγκὼν
608 1351 707 1419 τὴν
737 1348 1013 1418 τοσαύτην
1045 1347 1372 1416 μεταϐολὴν,
1435 1345 1608 1408 ἄλλως
1640 1362 1698 1396 τε
1725 1344 1780 1396 δὲ

199 1449 302 1499 καὶ
339 1447 432 1498 τὸν
466 1447 592 1497 τότε
650 1442 966 1512 κρατοῦντα
1013 1440 1190 1503 εἰδὼς,
1243 1441 1341 1509 οὐχ
1385 1435 1495 1491 οἷόν
1531 1456 1590 1490 τε
1637 1434 1780 1490 εἶναι

201 1541 342 1608 πρὸς
375 1539 475 1605 τὴν
521 1538 764 1606 ματαίαν
805 1534 966 1587 πάλιν
1021 1535 1128 1584 τῶν
1187 1533 1423 1585 εἰδώλων
1483 1531 1780 1602 θρησκείαν

197 1631 544 1692 ἐπανελθεῖν,
576 1629 799 1682 ἄλλοθεν
832 1631 964 1698 ἡμῖν
991 1627 1195 1695 ἐγείρει
1232 1627 1322 1677 τὸν
1365 1625 1603 1692 πόλεμον
1629 1664 1642 1686 ,
1687 1622 1781 1699 καὶ

196 1730 267 1794 τῇ
303 1727 421 1777 κατ’
440 1722 844 1792 ’Λλεξάνδρειαν
887 1719 1180 1787 Ἐκκλησία
1207 1718 1297 1769 τὸν
1320 1716 1781 1784 δυσσεϐῆἈρειον

195 1814 557 1884 παρενείρας,
634 1815 727 1865 καὶ
787 1810 976 1878 ὥσπερ
1038 1811 1255 1876 ὀργάνῳ
1318 1809 1424 1858 τινι
1488 1809 1552 1876 τῇ
1614 1803 1778 1857 αὑτοῦ

199 1910 422 1980 γλώττῃ
465 1909 835 1978 χρησάμενος,
883 1904 1089 1970 κτίσμα
1137 1903 1222 1955 τὸν
1259 1902 1351 1970 τοῦ
1391 1899 1524 1952 Θεοῦ
1569 1901 1777 1968 ἀνακη-

201 2005 424 2074 ρύττειν
457 2005 586 2064 Υίὸν
616 2000 813 2068 τολμᾷ,
849 1996 943 2049 καὶ
984 1997 1083 2066 τῆς
1117 1995 1208 2047 τοῦ
1244 1993 1378 2048 Θεοῦ
1416 1996 1508 2046 καὶ
1567 1995 1779 2062 Πατρὶς

197 2097 392 2158 οὐσίας
433 2092 782 2161 δογματίζειν
816 2090 1116 2159 ἀλλότριον.
1149 2089 1256 2158 Τῆς
1284 2089 1530 2157 πονηρᾶς
1562 2088 1616 2138 δὲ
1647 2087 1779 2141 ταύ-

204 2206 296 2255 της
335 2188 553 2253 Ἀρείου
598 2185 755 2254 δόξης
787 2181 1196 2251 διαδονηθείσης
1223 2182 1283 2232 τὸ
1314 2181 1474 2250 τάχος
1506 2179 1602 2231 καὶ
1641 2182 1778 2232 ἀπο-

200 2279 551 2347 σϐεσθείσης.
580 2277 674 2328 ἆτε
708 2275 802 2328 τοῦ
838 2273 1094 2336 εὐσεϐοῦς
1131 2272 1400 2342 βασιλέως
1432 2273 1530 2341 τὴν
1573 2274 1630 2324 ἐν
1681 2271 1779 2325 Νι-

194 2372 335 2440 καία
369 2370 478 2422 τῶν
521 2370 680 2421 θείων
719 2368 982 2437 Πατέρων
1019 2366 1496 2434 συγκροτήσαντος
1538 2364 1774 2426 σύνοδον,

197 2466 296 2515 καὶ
323 2463 488 2514 αὑτὸν
517 2463 614 2530 μὲν
647 2463 866 2528 ’Ἄρειον
910 2459 1002 2512 τοῦ
1035 2459 1140 2510 τῶν
1167 2459 1354 2526 ἱερέων
1376 2457 1780 2524 ἀπεληλακότος

197 2557 584 2624 συστήματος,
633 2555 723 2605 τὸν
766 2553 821 2604 δὲ
867 2551 1041 2619 ἀληθῆ
1083 2550 1214 2602 Θεὸν
1252 2549 1344 2601 καὶ
1384 2551 1589 2618 Κύριον
1621 2550 1778 2616 ἡμῶν

211 2646 422 2715 Ἰησοῦν
455 2645 689 2716 Χριστὸν
722 2644 1008 2715 ὸμοούσιον
1059 2643 1134 2712 τῷ
1169 2644 1343 2712 Πατρὶ
1376 2641 1470 2694 καὶ
1507 2642 1778 2694 συναῖδιον

195 2739 651 2807 ἀνακηρῦξαντος
709 2739 783 2801 ῶς
841 2739 902 2790 τὸ
956 2737 1248 2805 πρότερον,
1309 2731 1463 2797 αὖθις
1519 2734 1547 2785 0
1587 2733 1777 2803 ἐχθρὸς

198 2830 444 2889 ελύσσα,
499 2827 594 2877 καὶ
641 2827 736 2894 τὴν
777 2826 1047 2896 προτέραν
1088 2824 1252 2876 αὑτοῦ
1294 2824 1592 2894 θρησκείαν
1635 2830 1781 2875 επειι

198 2920 338 2989 ρᾶτο
375 2917 534 2970 πάλιν
580 2917 904 2984 ἀνακινῆσαι
929 2957 942 2980 ,
1003 2919 1096 2968 καὶ
1129 2917 1220 2968 τὸν
1250 2917 1418 2980 ἀξίως
1452 2917 1602 2984 αὐτῷ
1644 2916 1779 2985 πρὸς

196 3010 361 3062 τοῦτο
389 3010 807 3079 ὑπηρετήσοντα
872 3008 992 3061 λίαν
1024 3009 1298 3076 ἐπιμελῶς
1329 3008 1630 3078 ἀνηρεῦνα.
1672 3008 1778 3061 Τοῦ

196 3103 382 3154 τοίνυν
417 3101 654 3170 μεγάλου
695 3101 787 3152 καὶ
820 3098 1038 3169 πρώτου
1078 3100 1424 3170 Χριστιανῶν
1487 3099 1776 3168 βασιλέως,

1884 605 2046 660 traria
2093 604 2329 658 decretis
2380 604 2620 673 priorum
2659 603 3087 670 imperatorum:
3133 617 3348 671 nempe,
3395 611 3453 658 ut

1883 697 2231 749 diruerentur
2267 694 2469 764 templa
2507 694 2793 752 idolorum,
2841 703 2894 746 et
2949 693 3192 748 funditus
3236 704 3454 748 everte-

1885 797 2114 842 rentur:
2152 787 2208 840 in
2246 787 2454 840 Christi
2487 796 2667 840 autem
2721 785 2943 840 nomine
2989 801 3176 840 rursus
3221 785 3454 840 aediﬁca-

1886 889 2092 943 rentur,
2132 889 2185 933 et
2216 880 2335 948 ejus
2365 879 2759 946 discipulorum
2791 888 2844 931 et
2877 888 3169 948 martyrum
3196 879 3340 931 aedes
3371 877 3456 930 in-

1883 972 2084 1042 signes,
2122 983 2176 1026 et
2206 987 2342 1041 quas
2371 976 2523 1042 prius
2553 972 2702 1040 impii
2729 980 3041 1024 everterant
3077 971 3357 1036 ecclesias,
3379 986 3456 1024 ea

1882 1077 2072 1116 rursus
2114 1062 2350 1131 priorem
2385 1063 2637 1116 decorem
2669 1063 2996 1132 reciperent.

1956 1262 2023 1317 ll.
2049 1263 2187 1328 Quid
2219 1280 2370 1336 ergo,
2397 1266 2486 1334 qui
2509 1264 2666 1319 bonis
2697 1263 2920 1327 invidet,
2944 1265 3228 1319 diabolus?
3252 1266 3366 1319 Non
3383 1267 3458 1322 fe-

1883 1373 2009 1410 rens
2043 1367 2247 1411 tantam
2280 1360 2660 1422 mutationem,
2687 1370 2739 1411 et
2767 1360 2966 1427 alioqui
2993 1359 3171 1413 sciens
3208 1360 3319 1412 fieri
3346 1377 3457 1414 non

1885 1465 2067 1518 posse,
2095 1459 2152 1503 ut
2181 1451 2271 1518 qui
2296 1460 2426 1504 tunc
2459 1451 2677 1504 tenebat
2704 1451 3018 1518 imperium,
3052 1449 3255 1505 rediret
3276 1453 3340 1505 ad
3367 1468 3459 1505 va-

1881 1535 2012 1594 num
2063 1544 2266 1596 cultum
2299 1543 2737 1606 simulacrorum,
2776 1544 2997 1596 aliunde
3033 1543 3084 1596 in
3123 1559 3221 1596 nos
3255 1540 3454 1597 bellum

1884 1631 2081 1683 excitat
2108 1649 2121 1683 :
2151 1643 2205 1685 et
2236 1648 2357 1685 cum
2383 1633 2434 1685 in
2469 1633 2763 1686 Ecclesiam
2790 1633 3208 1687 Alexandrinam
3235 1633 3455 1702 impium

1883 1722 2072 1774 Arium
2111 1724 2440 1790 induxisset,
2478 1735 2530 1779 et
2568 1736 2819 1794 tanquam
2872 1729 3234 1778 instrumento
3279 1727 3460 1795 aliquo

1885 1813 2002 1880 ejus
2027 1814 2204 1885 lingua
2231 1827 2375 1869 esset
2409 1832 2559 1880 usus,
2594 1819 2757 1870 audet
2798 1818 3088 1885 praedicare
3115 1817 3207 1871 Dei
3257 1817 3457 1872 Filium

1883 1921 2006 1960 esse
2039 1917 2303 1971 creatum,
2336 1921 2388 1960 et
2418 1907 2669 1976 dogmate
2702 1919 2961 1973 statuere,
3008 1925 3133 1963 eum
3169 1925 3293 1963 esse
3325 1911 3458 1964 alie-

1884 2013 2012 2049 num
2047 2014 2074 2050 a
2115 1997 2203 2051 Dei
2238 2008 2292 2051 et
2320 1998 2495 2051 Patris
2531 2000 2790 2052 essentia.
2828 1999 2938 2053 Hae
2962 2011 3142 2053 autem
3175 2003 3310 2055 mala
3345 2003 3457 2056 Arii

1882 2088 2142 2155 opinione
2167 2088 2275 2141 cito
2307 2089 2599 2152 exstincta,
2633 2098 2818 2159 utpote
2847 2091 2990 2160 quod
3016 2093 3138 2160 pius
3164 2092 3459 2161 imperator

1884 2178 2075 2232 Nicaea:
2104 2179 2411 2233 divinorum
2433 2179 2654 2234 Patrum
2681 2194 3064 2251 congregasset
3095 2186 3379 2252 synodum,
3403 2195 3458 2238 et

1883 2269 2059 2339 ipsum
2089 2272 2306 2340 quidem
2337 2272 2528 2326 Arium
2564 2275 2827 2328 movisset
2852 2290 2882 2328 e
2919 2285 3062 2329 coetu
3090 2279 3455 2344 sacerdotum,

1882 2377 2070 2415 verum
2118 2374 2299 2417 autem
2350 2363 2517 2417 Deum
2567 2376 2620 2418 et
2653 2365 2942 2421 Dominum
2988 2379 3237 2422 nostrum
3271 2371 3456 2424 Jesum

1882 2454 2161 2510 Christum
2209 2456 2453 2525 ejusdem
2507 2473 2627 2511 esse
2694 2475 2817 2511 cum
2877 2460 3034 2513 Patre
3076 2463 3353 2526 essentne,
3405 2478 3462 2517 et

1885 2556 2239 2611 coaeternum,
2265 2549 2405 2602 sicut
2433 2550 2585 2617 prius
2611 2551 2996 2619 praedicasset,
3032 2552 3287 2607 inimicus
3333 2572 3456 2609 rur-

1882 2654 1975 2692 sus
2026 2639 2174 2694 rabie
2209 2641 2536 2707 agitabatur,
2570 2651 2624 2694 et
2658 2643 2895 2710 priorem
2942 2657 3091 2696 suam
3138 2646 3452 2714 religionem

1882 2746 2073 2784 rursus
2103 2733 2405 2786 certabatur
2439 2749 2678 2796 movere,
2729 2743 2783 2787 et
2835 2736 2923 2803 qui
2963 2752 3059 2804 pro
3108 2737 3371 2805 dignitate
3407 2741 3458 2791 ei

1885 2819 1961 2872 rei
2007 2819 2320 2886 inserviret,
2357 2822 2646 2890 diligenter
2699 2825 3028 2892 inquirebat.
3061 2825 3194 2880 Cum
3234 2844 3458 2896 magnus

1883 2926 2012 2982 ergo
2043 2922 2096 2965 et
2130 2914 2342 2981 primus
2366 2915 2799 2971 Christianorum
2827 2920 3143 2986 imperator,
3178 2921 3264 2988 pic
3295 2921 3459 2974 simul

1882 3013 1936 3057 et
1968 3004 2194 3072 pulchre
2239 3005 2516 3060 tricesimo
2550 3009 2791 3061 secundo
2823 3025 2967 3062 anno
2999 3010 3082 3063 sui
3127 3011 3362 3078 imperii,
3403 3012 3456 3064 in

1882 3096 2162 3161 provincia
2190 3095 2569 3165 Bithynorum,
2606 3098 2823 3164 quando
2866 3098 3268 3166 expeditionem
3305 3099 3459 3152 ince-

199 3194 448 3256 εὐσεϐῶς
483 3211 541 3246 τε
569 3195 685 3263 ἅμα
716 3197 810 3246 καὶ
845 3194 1025 3256 καλῶς
1061 3194 1200 3246 κατά
1235 3193 1295 3245 τὸ
1332 3193 1657 3261 τριακοστὸν
1684 3192 1777 3243 καί

1885 3186 1960 3252 pit
1987 3185 2168 3239 facere
2198 3199 2386 3240 contra
2418 3188 2631 3251 Persas,
2681 3190 3025 3258 deposuiSset
3057 3191 3368 3258 imperium,
3402 3201 3458 3245 et

196 3286 453 3354 δεύτερον
508 3285 608 3353 τῆς
658 3287 834 3353 ἀρχῆς
889 3286 1005 3343 ἔτος
1067 3285 1173 3335 ὑπὸ
1231 3285 1330 3353 τὴν
1379 3286 1487 3337 τῶν
1533 3284 1777 3338 Βιθυνῶν

199 3377 499 3444 ἐπαρχίαν,
553 3375 714 3444 ἡνίκα
765 3376 860 3442 τῆς
918 3374 1055 3442 πρὸς
1139 3374 1354 3443 Πέρσας
1423 3377 1776 3444 ἐκστρατείας

198 3471 505 3537 απηρχετο,
536 3468 637 3536 τὴν
670 3467 946 3536 βασιλείαν
978 3465 1340 3535 ἀποθεμένου,
1363 3468 1778 3521 Κωνσταντίνου

200 3580 263 3614 τε
309 3563 423 3631 μετ’
452 3562 616 3614 αὑτὸν
644 3560 737 3612 τοῦ
772 3561 985 3625 παιδὸς,
1041 3560 1139 3628 τὴν
1183 3561 1278 3612 τοῦ
1326 3564 1561 3632 πατέρος
1605 3563 1780 3630 ἀρχὴν

202 3657 620 3725 διαδεξαμένου,
653 3657 776 3707 ἐπεὶ
803 3655 858 3707 δὲ
882 3651 1037 3717 οὗτος
1066 3657 1285 3708 ἀπέτισε
1314 3656 1370 3706 τὸ
1400 3655 1596 3724 χρεῶν,
1628 3656 1655 3704 0
1688 3655 1780 3706 τοῦ

205 3751 454 3820 μεγάλου
511 3749 925 3800 Κωνσταντίνου
985 3738 1302 3816 ἀδελφιδοῦς
1365 3748 1673 3813 Ἰουλιανὸς,
1725 3747 1782 3811 0;

207 3843 307 3892 atati.
335 3840 684 3909 παραϐάτης,
720 3838 804 3890 διὰ
834 3837 932 3906 τὴν
975 3839 1069 3907 τῆς
1117 3840 1347 3908 ἀληθοῦς
1387 3840 1644 3908 ἀθέτησιν
1695 3840 1784 3890 πί-

210 3950 379 3993 στεως
436 3934 528 3984 καὶ
564 3933 698 4000 πρὸς
738 3930 798 3983 τὸ
843 3929 1160 3998 Ἑλληνικὸν
1217 3931 1380 3993 σέϐας
1453 3931 1780 4001 μετάθεσιν,

211 4027 440 4085 δικαίως
485 4024 724 4094 ἐκλήθη,
780 4023 1124 4093 τυραννικῶς
1169 4024 1277 4075 τῶν
1327 4026 1628 4096 σκήπτρων
1660 4028 1783 4077 ἐπι-

213 4115 579 4185 λαμϐάνεται.
637 4115 980 4183 Ἀδελφιδοῦν
1029 4115 1085 4166 δὲ
1160 4116 1322 4167 αὑτὸν
1372 4119 1784 4168 Κωνσταντίνου

210 4209 367 4262 είπεν
398 4214 423 4262 0
455 4208 634 4276 λογος,
661 4208 781 4260 καθ’
834 4207 861 4257 0
912 4207 970 4270 ἐξ
1019 4206 1368 4275 ἐτερογενοῦς
1418 4206 1649 4274 ἀδελφοῦ
1688 4208 1784 4262 τοῦ

210 4304 594 4355 Κωνσταντίου
616 4300 877 4368 ἐτύγχανε
903 4299 1180 4366 γεννηθείς
1209 4314 1222 4326 '
1245 4300 1335 4350 καὶ
1369 4300 1475 4370 γὰρ
1495 4301 1787 4372 ἐξἘλένης

212 4395 316 4462 μὲν
349 4396 446 4462 τῆ,
475 4392 690 4460 ἀληθῶς
720 4392 994 4460 μακαρίας
1028 4393 1186 4455 αὐτὸς
1224 4394 1380 4461 μόνος
1435 4397 1462 4446 0
1503 4397 1792 4448 Κωνσταν-

214 4487 362 4546 τίνος
408 4487 704 4550 γεγέννητο
735 4483 810 4550 τῷ
840 4485 1029 4550 πατρὶ,
1064 4485 1126 4535 ἐκ
1162 4483 1444 4552 Θεοδώρας
1486 4485 1542 4537 δὲ
1569 4489 1664 4554 τῇς
1695 4485 1788 4536 θυ-

207 4577 417 4645 γατρὸς
479 4573 830 4644 Μαξιμιανοῦ
883 4575 978 4626 τοῦ
1045 4577 1137 4626 καὶ
1207 4576 1566 4646 Ἐρκουλίου,
1636 4584 1782 4647 τρεῖς

208 4663 386 4732 οὗτοι,
420 4668 748 4735 Δαλμάτιος,
790 4666 1204 4729 ’Λναόαλλιανὺς
1238 4670 1332 4720 καὶ
1383 4670 1784 4732 Κωνστάντιος.

222 4761 320 4812 Ἐκ
371 4759 757 4813 Ιίωνσταντίου
807 4759 862 4811 δὲ
892 4759 1112 4822 Γάλλος,
1159 4767 1251 4811 καί
1306 4765 1332 4813 0
1393 4759 1586 4830 παρὼν
1635 4760 1788 4826 οὗτος

1883 3275 2236 3332 Constantius
2269 3278 2412 3333 illius
2445 3282 2613 3349 patris
2645 3283 3001 3335 successisset
3034 3285 3281 3350 itnpcrio,
3310 3295 3458 3351 post-

1882 3386 2043 3435 quam
2098 3372 2143 3424 is
2176 3387 2393 3440 quoque
2430 3373 2661 3426 exsolvit
2689 3373 2952 3438 debitum,
2978 3376 3151 3442 ipsius
3200 3375 3457 3442 patruelis

1880 3459 2152 3521 Julianus,
2202 3462 2295 3530 qui
2340 3464 2500 3515 etiam
2539 3474 2931 3534 transgressor,
2981 3477 3264 3534 propterea
3315 3471 3458 3536 quod

1857 3561 2067 3629 _verant
2121 3551 2281 3605 tidem
2334 3561 2479 3606 esset
2513 3563 2856 3622 aspernatus,
2906 3563 2960 3607 et
2997 3569 3055 3606 se
3086 3557 3150 3605 ad
3204 3557 3458 3623 gentilem

1886 3643 2214 3696 traduxisset
2241 3645 2579 3714 religionem,
2607 3645 2732 3713 jure
2759 3646 2858 3698 l'uit
2887 3647 3210 3715 appellatus,
3246 3655 3457 3714 seeptra

1889 3736 2171 3804 tyranuice
2206 3736 2588 3805 apprehendit.
2622 3736 2921 3790 Consnantii
2950 3750 3128 3792 autem
3163 3742 3460 3807 patruelem

1889 3841 2011 3878 eum
2047 3827 2302 3890 diximus,
2361 3830 2619 3894 quoniam
2661 3839 2820 3882 natus
2873 3831 2974 3883 fuit
3026 3847 3090 3882 ex
3138 3832 3461 3888 Constantio

1886 3918 2234 3972 Constantini
2264 3920 2450 3982 fratre,
2492 3921 2692 3973 diversi
2749 3931 2927 3975 tamen
2978 3924 3211 3993 gent-ris.
3246 3923 3460 3978 Etenim

1887 4029 1954 4067 ex
1991 4030 2120 4068 vere
2170 4014 2325 4068 beata
2364 4014 2564 4069 Helena
2599 4019 2715 4086 ipse
2755 4014 3150 4070 Constantinus
3182 4021 3330 4072 solus
3367 4037 3465 4073 na-

1890 4115 1977 4157 tus
2007 4113 2091 4157 est
2139 4105 2301 4173 patri.
2332 4107 2410 4158 Ex
2441 4105 2728 4160 Theodora
2773 4118 2955 4161 autem
2989 4110 3092 4162 tilia
3121 4097 3460 4177 Maximiani,

1889 4196 1978 4261 qui
2010 4196 2168 4249 etiam
2207 4197 2385 4250 diClUS
2416 4206 2499 4250 est
2548 4198 2858 4262 Herculius,
2902 4200 2954 4251 lii
3007 4210 3117 4251 tres
3167 4203 3275 4255 nati
3314 4212 3461 4263 sunt.

1899 4284 2218 4351 Dalmatius,
2248 4289 2634 4343 Anaballianns
2682 4299 2733 4344 et
2783 4289 3153 4345 Constantius.
3195 4293 3360 4346 Porro
3397 4311 3462 4347 ex

1891 4380 2211 4434 Constantio
2241 4380 2444 4444 Gallus,
2474 4390 2528 4434 et
2575 4382 2642 4445 is,
2693 4383 2759 4435 de
2791 4399 2897 4451 quo
2940 4383 2990 4436 in
3029 4385 3313 4451 praesentia
3352 4386 3465 4455 agi-

1894 4483 2004 4535 tur,
2027 4471 2376 4536 turpissimus
2397 4472 2664 4526 Julianus.
2694 4475 2794 4537 Qui
2822 4475 3041 4540 quidem
3071 4493 3216 4539 cum,
3247 4485 3303 4528 ut
3329 4478 3467 4529 dixi-

1891 4577 2032 4625 mus,
2072 4578 2140 4615 ex
2177 4564 2460 4631 tyrannide
2494 4566 2793 4633 accepisset
2848 4567 3156 4634 imperium,
3213 4570 3468 4636 gravissi-

1891 4668 2037 4707 tnum
2070 4670 2259 4707 rursus
2286 4656 2484 4708 bellum
2513 4658 2802 4722 excitatur,
2828 4668 2884 4712 et
2910 4674 3226 4727 gravissima
3253 4674 3463 4726 earum,

1890 4763 2119 4816 quarum
2157 4763 2391 4817 unquam
2427 4752 2517 4802 tiat
2553 4751 2779 4813 mentio,
2819 4753 2992 4804 oritur
3026 4753 3356 4818 persecutio.

213 4845 492 4926 αἴσχιστος
547 4854 860 4916 Ἰουλιανός.
925 4848 999 4906 Ui;
1058 4869 1203 4912 τινος
1263 4854 1360 4922 τὴν
1416 4855 1709 4924 βασίλειον,
1762 4859 1836 4923 ὡς
1874 4862 2107 4930 ἔφημεν,
2142 4865 2204 4914 ἐκ
2258 4866 2574 4932 τυραννίδος
2629 4866 2914 4933 εἰληφότος
2980 4867 3177 4936 ἀρχὴν,
3233 4864 3387 4931 αὖθις
3439 4869 3468 4920 ὁ

211 4957 356 5008 κατὰ
415 4950 760 5023 Χριστιανῶν
816 4951 1241 5020 ἀναρριπίζεται
1292 4950 1566 5020 πόλεμος,
1624 4957 1718 5007 καὶ
1768 4958 2072 5029 βαρύτατος
2121 4960 2229 5011 τῶν
2270 4958 2491 5012 πώποτε
2570 4962 3063 5031 μνημονευομένων
3124 4964 3466 5031 ἀνεγείρεται

208 5051 474 5118 διωγμός.

295 5144 369 5195 Γ’.
413 5141 552 5193 Καθ’
581 5140 640 5192 ὃν
668 5140 768 5210 ἤδη
798 5139 989 5207 καιρὸν
1031 5141 1125 5190 καὶ
1157 5141 1184 5192 0
1213 5139 1388 5210 μέγας
1425 5141 1520 5193 καὶ
1556 5159 1793 5212 περιςα-

212 5243 312 5305 νηί
346 5238 443 5305 ’τὴν
468 5234 770 5299 εὐσέϐειαν,
808 5235 834 5285 0
860 5234 1022 5296 θεῖος,
1061 5236 1226 5302 φημὶ,
1268 5235 1549 5304 Ἀρτέμιος
1575 5238 1664 5289 τὸν
1701 5236 1796 5289 τοῦ

219 5330 531 5402 μαρτυρίου
570 5330 835 5396 στέφανον
864 5327 1186 5395 ἀνεδήσατο.
1230 5328 1438 5390 Διδάξει
1488 5330 1542 5380 δὲ
1594 5330 1798 5400 προῖὼν

213 5429 244 5478 0
275 5427 430 5491 λόγος
459 5424 810 5491 σαφέστερον.
856 5424 1017 5489 Ἀρτι
1049 5421 1142 5472 τοῦ
1179 5423 1414 5489 μεγάλου
1457 5423 1800 5474 Κωνσταντί-

217 5535 313 5571 νου
357 5517 450 5588 τὸν
488 5516 604 5585 βίον
632 5514 997 5576 ἀπολιπόντος
1024 5556 1037 5577 ,
1082 5514 1154 5576 ὡς
1186 5516 1211 5564 ὁ
1243 5513 1399 5581 λόγος
1434 5515 1645 5582 φθάσας
1680 5517 1799 5584 ἐδη-

217 5609 411 5672 λωσεν,
456 5611 534 5670 είς
588 5610 734 5675 τρεῖς
775 5607 946 5676 ἀρχὰς
998 5609 1029 5674 ἡ
1079 5607 1185 5658 τῶν
1242 5605 1534 5674 Ῥωμαίων
1581 5607 1798 5670 ἐξουσία

217 5701 567 5770 διεμερίσθη,
596 5699 704 5749 τῶν
745 5701 876 5750 υἱῶν
922 5697 1107 5761 αὐτοῦ,
1151 5697 1586 5764 Κωνσταντίνου,
1643 5702 1796 5750 Κων-

226 5794 477 5847 σταντίου
531 5812 587 5845 τε
643 5795 735 5845 καὶ
775 5792 1156 5851 Κώνσταντος,
1200 5791 1398 5853 ταύτας
1445 5791 1793 5860 διελομένων,

547 5891 814 5949 ΡΑτειοι..
857 5889 971 5945 Ca.
1003 5884 1171 5944 CXV.

1965 5146 2051 5198 ΙΙΙ.
2093 5146 2211 5208 Quo
2242 5147 2462 5214 quidem
2494 5154 2738 5215 tempore
2771 5162 2996 5215 magnus
3019 5155 3075 5198 et
3100 5148 3301 5216 pietate
3333 5149 3468 5204 insi-

1895 5239 2035 5308 guis,
2074 5239 2310 5298 divinus,
2341 5240 2587 5306 inquam,
2625 5240 2901 5292 Artemius
2949 5238 3052 5292 fuit
3096 5241 3342 5310 martyrii
3377 5258 3467 5295 co-

1899 5345 2029 5382 rona
2063 5329 2368 5382 redimitus.
2402 5329 2454 5381 Id
2486 5345 2612 5381 vero
2643 5330 2883 5396 apertius
2916 5331 3136 5384 docebit
3169 5332 3468 5399 procedens

1899 5425 2089 5475 oratio.
2121 5420 2254 5472 Cum
2284 5437 2510 5490 magnus
2536 5420 2934 5476 Constantinus
2959 5424 3067 5489 jam
3094 5438 3122 5475 e
3152 5423 3257 5473 vita
3284 5438 3472 5477 exces-

1901 5515 2082 5573 sisset,
2124 5520 2180 5563 ut
2211 5523 2297 5565 est
2325 5514 2691 5580 praemissum,
2729 5515 2782 5565 in
2832 5524 2938 5566 tres
2970 5523 3150 5581 partes
3204 5515 3303 5567 l'uit
3334 5515 3470 5568 diri-

1903 5622 2018 5658 sum
2069 5605 2371 5658 Romanum
2423 5608 2734 5674 imperium,
2764 5622 2888 5660 cum
2922 5608 3037 5674 ejus
3071 5607 3164 5660 tilii
3200 5609 3474 5661 Constan-

1905 5697 2073 5759 tinus,
2123 5693 2495 5757 Constantius,
2531 5705 2587 5747 et
2631 5694 2899 5747 Constans
2936 5695 2985 5745 id
3022 5694 3353 5748 divisissent.
3410 5699 3474 5751 Et

1906 5791 2079 5859 primo
2135 5790 2375 5856 quidem,
2449 5803 2644 5857 nempe
2711 5787 3091 5849 Constantino,
3164 5789 3476 5857 superiores

3083 5880 3148 5938 37
