4188 6432
739 391 876 454 1163
2009 385 2288 445 MENSIS
2318 384 2334 441 (

2428 384 2683 444 l‘OBER.
3844 376 3996 442 1164

739 499 944 560 Gallia,
977 506 1026 551 et
1062 512 1180 566 quae
1223 507 1350 550 sunt
1384 497 1521 550 ultra
1555 495 1733 566 Alpes,
1785 507 1838 551 et
1874 495 2060 550 insula:
2096 495 2309 547 Britan—

2428 496 2502 546 ιαὶ
2551 495 2630 565 τῷ
2686 496 2782 564 μὲν
2836 494 3037 565 πρώτῳ
3089 493 3488 562 Κωνσταντίνῳ
3521 494 3573 545 αί
3612 493 3722 544 ἄνω
3769 493 4011 543 Γαλλίαι

741 588 874 640 nica:
926 603 1099 656 usque
1159 588 1221 641 ad
1272 585 1582 640 Occidentis
1637 586 1910 641 Oceanum
1975 588 2304 654 obtigerunt.

2428 588 2507 640 cal.
2548 587 2618 639 τὰ
2648 587 2903 639 ἐπέκεινα
2949 587 3203 638 ’Λλπεων
3248 587 3307 637 αῖ
3339 603 3396 636 τε
3439 585 3767 653 Βρετανικαὶ
3803 583 3998 648 νῆσοι.

739 680 1026 734 Constanti
1063 689 1266 742 autem,
1301 689 1359 731 ut
1398 689 1695 747 postremo,
1729 678 1950 732 inferior
1985 677 2177 741 Gallia,
2211 694 2304 731 seu

2428 681 2505 730 ιαὶ
2537 679 2639 739 ἕως
2679 678 2771 729 τοῦ
2820 676 3110 746 Ἑσπερίσι)
3156 675 3433 737 Ὠκεανοῦ,
3466 674 3666 743 κλῆρος
3697 673 3998 739 ἐδόθησαν,

745 769 918 831 Italia,
955 779 1009 822 et
1051 769 1165 837 ipsa
1197 771 1389 823 Roma.
1423 768 1774 823 Constantius
1807 779 1986 822 autem
2038 768 2308 822 secundus

742 878 806 914 ex
836 861 959 915 filiis
986 861 1348 925 Constantini,
1391 862 1483 930 qui
1520 871 1646 915 tunc
1677 862 1838 914 rebus
1866 871 2094 930 pragerat
2119 859 2310 913 Orien-

745 955 832 1017 tis,
884 955 1171 1008 decertans
1217 955 1474 1008 adversus
1537 953 1749 1018 Persas,
1810 963 2016 1022 partem
2073 951 2310 1006 Orientis

743 1047 957 1114 accipit,
991 1057 1041 1098 et
1081 1045 1419 1113 Byzantium,
1455 1045 1670 1098 nomine
1707 1054 1914 1097 mutato
1952 1044 2004 1096 in
2038 1042 2307 1096 Constan-

743 1140 1048 1208 tinOpolim,
1081 1148 1133 1191 et
1180 1154 1373 1191 novam
1413 1137 1662 1202 Romam,
1718 1137 1843 1190 facit
1892 1137 2128 1205 regiam;
2161 1134 2311 1188 etab

745 1233 953 1303 lllyrico
1003 1246 1171 1300 usque
1220 1231 1285 1283 ad
1335 1229 1721 1300 PrOponlidcm
1777 1244 1994 1281 omnem
2057 1238 2310 1290 tractum,

743 1324 926 1374 Asiam
967 1321 1185 1385 deinde,
1237 1319 1578 1389 Syriamque,
1615 1332 1668 1373 et
1703 1319 2066 1382 Palaestinam,
2119 1329 2169 1371 et
2202 1315 2313 1370 Me-

743 1414 1121 1481 sOpotamiam,
1179 1423 1232 1466 et
1286 1412 1572 1482 {Egyptum
1626 1428 1923 1482 omnesque
1977 1412 2200 1475 insulas,
2265 1422 2316 1462 et

744 1521 1084 1574 qua-cunque
1120 1503 1374 1558 Romanis
1427 1504 1711 1571 parebant,
1747 1503 2023 1572 vectigalia
2060 1518 2157 1556 suo
2191 1502 2314 1554 red—

745 1599 827 1650 dit
865 1598 1112 1664 imperio.
1163 1595 1385 1665 Magnus
1435 1604 1614 1647 autem
1664 1593 1960 1658 Artemius,
2002 1610 2124 1646 cum
2175 1603 2316 1647 esset

2411 770 2487 839 τῷ
2517 769 2573 821 δέ
2600 786 2661 837 γε
2692 770 3062 837 Κωνσταντίῳ
3088 768 3377 821 ὑπεστάτω
3406 808 3420 830 ,
3465 769 3519 818 αἱ
3555 769 3701 819 κάτω
3740 767 3997 830 Γαλλῐαι,

2413 864 2585 932 ἦγουν
2616 864 2669 912 αἱ
2716 860 2936 913 Ἰταλίαι
2971 861 3066 911 καὶ
3104 859 3240 928 αὑτὴ
3281 862 3310 927 ἡ
3359 857 3568 926 Ῥώμη.
3621 857 3680 909 Ὀ
3730 858 3786 908 δὲ
3842 859 4004 909 Κων-

2416 952 2689 1014 στάντιος,
2742 955 2767 1002 ὁ
2817 951 3074 1018 δεύτερος
3113 952 3222 1002 τῶν
3267 949 3682 1001 Κωνσταντίνου
3741 951 3901 1006 υἱῶν,
3945 949 4004 1009 ὃς

2413 1039 2481 1112 ἦν
2515 1045 2608 1095 ἐπὶ
2643 1044 2750 1094 τῶν
2785 1044 2884 1108 τῆς
2921 1043 3093 1110 Ἐᾡας
3123 1042 3183 1093 τό
3215 1060 3272 1093 τε
3310 1043 3658 1110 πραγμάτων
3698 1040 3838 1107 πρὸς
3873 1042 3998 1100 τοὺς

2415 1139 2632 1207 Πέρσας
2672 1136 3099 1202 ἀγωνιζόμενον,
3139 1135 3198 1186 τὸ
3222 1135 3319 1202 τῆς
3357 1133 3653 1201 Ἀνατολῆς
3685 1133 4002 1193 ἀσπάζεται

2420 1231 2607 1302 μέρος,
2655 1232 2750 1282 καὶ
2806 1228 2866 1282 τὸ
2924 1229 3221 1290 Βυζάντιον
3261 1225 3667 1294 μετονομασθὲν
3719 1225 3802 1285 είς
3849 1225 4008 1275 Κων-

2419 1320 2862 1372 σταντινούττολιν
2895 1323 2986 1371 καὶ
3017 1318 3399 1386 νέανῬώμην,
3431 1318 3664 1368 ποιεῖται
3695 1314 4004 1383 βασίλειον,

2420 1413 2516 1465 καὶ
2552 1415 2618 1465 τὰ
2660 1414 2770 1464 ἀπὸ
2806 1411 2900 1464 τοῦ
2944 1411 3243 1479 Ἰλλυρικοῦ
3299 1411 3461 1479 μέχρι
3503 1410 3602 1476 τῆς
3641 1405 4013 1475 Προποντίδος

2418 1509 2593 1560 ὁπόσα
2631 1506 2851 1576 ὑπήκοα
2898 1505 3216 1572 Ῥωμαίοις,
3252 1505 3351 1571 τήν
3388 1521 3445 1555 τε
3482 1504 3687 1570 Συρίαν
3738 1502 3835 1551 καὶ
3901 1499 4012 1548 [ια-

2420 1597 2699 1667 λαιστίνην
2728 1598 2921 1666 αὐτὴν,
2955 1596 3050 1648 καὶ
3085 1594 3534 1660 Μεσοποταμίαν,
3576 1594 3670 1643 καὶ
3701 1592 4008 1653 Αἴγυπτον,

744 1689 899 1743 valde
951 1697 1114 1740 notus
1167 1687 1479 1755 imperatori
1523 1685 1862 1748 Constantio,
1907 1685 1958 1738 in
1998 1685 2142 1738 omni
2179 1691 2316 1738 tem-

2428 1689 2634 1752 καὶτὰς
2668 1692 2867 1758 νήσους
2903 1688 3145 1749 ἁπάσας,
3178 1688 3241 1754 τῇ
3273 1684 3435 1735 αὑτοῦ
3473 1683 3721 1751 βασιλεία
3766 1683 3862 1730 καὶ
3909 1697 4006 1730 ποο

749 1796 901 1850 pore,
933 1793 983 1833 et
1018 1781 1162 1833 omni
1220 1781 1439 1849 negotio
1485 1788 1746 1847 perpetuo
1785 1795 1904 1832 cum
1945 1795 2008 1831 eo
2065 1778 2314 1832 versaba-

2428 1780 2600 1850 λιτεία
2628 1779 2867 1846 ὑποτελῆ
2899 1778 3244 1846 καθίστησιν.
3289 1775 3346 1826 'O
3376 1775 3430 1826 δὲ
3466 1775 3639 1843 μέγας
3685 1774 4002 1838 Ἀρτέειιος,

747 1885 852 1937 tur,
901 1884 956 1926 ut
991 1874 1081 1944 qui
1132 1884 1275 1926 esset
1315 1872 1522 1926 amicus
1572 1873 1830 1940 optimus,
1885 1880 1936 1925 et
1980 1887 2047 1924 ex
2099 1871 2188 1932 iis,
2221 1870 2312 1937 qui

2428 1876 2696 1945 γνώριμος
2745 1873 2818 1924 ῶν
2841 1875 2970 1925 ἐστὰ
3001 1873 3236 1942 μάλιστα
3262 1871 3339 1939 τῷ
3365 1869 3576 1938 βασιλεί
3611 1869 4013 1932 Κωνσταυτίιίι,

746 1979 900 2020 erant
933 1968 1131 2019 Virtute
1185 1976 1238 2019 et
1270 1965 1516 2019 doctrina
1545 1964 1813 2033 insignes,
1857 1971 1911 2017 et
1946 1964 2139 2016 ardens
2166 1980 2314 2016 ama-

750 2071 832 2114 tor
862 2060 979 2113 fidei
1016 2059 1481 2121 Christianorum,
1520 2073 1626 2125 quo
1659 2059 1881 2109 nomine
1913 2057 2030 2125 ejus
2062 2057 2316 2110 amicitiae

745 2162 801 2205 et
834 2150 1215 2204 familiaritatis
1245 2149 1638 2219 agnoscebatur
1673 2149 1832 2219 longe
1861 2149 2313 2203 studiosissimus.

746 2245 876 2311 Ejus
903 2253 1083 2296 autem
1131 2243 1362 2312 patriam
1397 2254 1450 2297 et
1485 2257 1653 2314 genus
1706 2257 1865 2295 nemo
1901 2242 2120 2311 scriptis
2154 2258 2314 2295 man—

747 2337 913 2399 davit,
951 2335 1052 2388 nisi
1090 2335 1233 2403 quod
1284 2344 1400 2387 erat
1450 2350 1644 2404 magno
1693 2335 1962 2388 ctillustri
2009 2335 2126 2388 loco
2159 2345 2317 2387 natus

754 2428 834 2481 vir
880 2427 1245 2490 beatissimus,
1281 2436 1332 2480 et
1371 2441 1436 2479 ex
1471 2425 1783 2481 horninibus
1816 2442 2012 2496 genere
2045 2427 2316 2481 nobilibus

750 2535 920 2590 genus
959 2518 1211 2582 ducebat,
1261 2519 1568 2588 virtuteque
1619 2528 1673 2572 et
1721 2519 2092 2590 magnitudine
2147 2523 2316 2574 animi

751 2620 867 2663 erat
896 2610 1141 2678 insignis.
1177 2608 1331 2662 Unde
1381 2612 1541 2664 etiam
1582 2612 1696 2664 haec
1726 2611 1793 2665 de
1825 2626 1889 2664 eo
1917 2614 2115 2680 scripta
2165 2622 2310 2677 sunt,

750 2703 892 2769 quod
930 2710 1236 2756 sanctarum
1276 2701 1626 2769 reliquiarum
1675 2701 1871 2756 Christi
1922 2704 2310 2772 apostolorum,

750 2795 1001 2854 Andreae,
1036 2794 1275 2862 inquam,
1320 2804 1375 2848 et
1419 2794 1592 2858 Luca},
1625 2804 1680 2850 et
1713 2793 2006 2858 Timothei,
2056 2796 2172 2864 ipse
2214 2806 2316 2859 est,

752 2885 845 2954 qui
907 2902 933 2937 a
989 2884 1306 2941 Constantio
1347 2888 1532 2957 jussus
1596 2888 1698 2942 fuit
1757 2889 1933 2941 facere
1991 2888 2322 2952 exportatio-

2432 2893 2600 2947 αὐτοῦ
2638 2895 3085 2962 ἀναγέγραπται,
3130 2893 3210 2944 ὅτι
3244 2892 3352 2943 τῶν
3387 2890 3562 2956 ἁγίων
3602 2887 3874 2950 λειψάνων
3910 2885 4024 2932 τῶν

752 2991 876 3030 nem
908 2977 1007 3046 (1),
1045 2987 1100 3030 ut
1133 2994 1232 3031 suo
1263 2989 1504 3047 tempore
1535 2979 1865 3049 significabit
1891 2979 2084 3034 oratio.

2428 2986 2517 3039 τοῦ
2547 2985 2787 3055 Χριστοῦ
2839 2987 3200 3048 Ἀποστόλων,
3241 2982 3492 3050 Ἀνδρέου
3525 2980 3670 3047 φημὶ
3705 2979 3798 3028 καὶ
3827 2978 4027 3030 Λουκὶ

755 3074 849 3127 καίὶ
896 3071 1187 3140 Τιμοθέου.
1241 3072 1404 3132 αὐτὸς
1456 3074 1607 3125 ἐστιν
1645 3076 1671 3127 ὁ
1706 3073 1806 3144 τὴν
1851 3074 2185 3145 ἀνακομιδὴν
2236 3075 2341 3130 ὑπὸ
2398 3079 2788 3132 Κωνσταντίου
2836 3077 3172 3144 ποιήσασθαι
3225 3074 3564 3136 κελευσθεὶς,
3597 3071 3671 3133 ὡς
3701 3070 3842 3122 κατὰ
3893 3088 4021 3119 και-

757 3169 847 3243 ρὸν
886 3169 912 3218 ὁ
946 3165 1104 3231 λόγος
1125 3165 1405 3234 γνωρίσει.

826 3254 914 3308 ιν.
958 3256 1090 3310 Cum
1126 3272 1250 3326 ergo
1278 3268 1461 3312 essent
1491 3269 1600 3316 tres
1632 3267 2004 3331 imperatores,
2041 3277 2100 3321 ut
2123 3268 2324 3322 dictum
2355 3270 2414 3326 C'
2501 3259 2574 3316 έὶό

759 3349 856 3410 est,
893 3357 947 3402 et
976 3348 1347 3415 unusquisque
1370 3365 1556 3402 eorum
1585 3366 1697 3406 sua:
1727 3355 1892 3422 partis
1920 3366 2125 3412 teneret
2156 3359 2329 3428 impe-

758 3441 918 3503 rium,
955 3439 1161 3508 primus
1183 3437 1573 3497 Constantinus
1599 3459 1628 3497 a
1653 3460 1748 3499 sua
1782 3458 1933 3514 parte
1965 3449 2250 3505 discedens
2276 3460 2329 3505 et

2421 1969 2582 2036 συνῆν
2638 1967 2814 2034 τούτῳ
2864 1967 3157 2026 διαπαντὸς
3224 1967 3281 2015 ἐν
3340 1965 3500 2016 παντὶ
3553 1961 3733 2028 καιρῷ
3795 1977 3854 2011 τε
3919 1961 4020 2010 καὶ

2424 2060 2734 2128 πράγματι,
2783 2059 2878 2109 ατε
2920 2058 3017 2108 καὶ
3051 2056 3202 2124 φίλος
3235 2054 3310 2106 ῶν
3350 2056 3596 2124 ἄριστος,
3643 2053 3734 2103 καὶ
3778 2050 3890 2100 τῶν
3929 2053 3997 2096 ἐπ

2419 2155 2592 2221 ἀρετῇ
2649 2153 2746 2202 καὶ
2801 2148 3023 2218 παιδείᾳ
3075 2148 3551 2217 λαμπρυνομένων
3598 2147 3692 2196 καὶ
3734 2146 3832 2211 τῆς
3875 2143 4018 2207 Χρι-

2421 2244 2655 2295 στιανῶν
2686 2243 2920 2299 πίστεως
2954 2240 3217 2307 διάπυρος
3250 2241 3507 2309 ἐραστής.
3544 2238 3631 2307 Τῷ
3659 2255 3740 2288 τοι
3784 2238 3882 2286 καὶ
3915 2237 4019 2302 τῆς

2427 2341 2555 2408 περὶ
2599 2341 2762 2392 αὐτὸν
2807 2339 3057 2405 ἑταιρίας
3106 2336 3205 2387 εἴτ’
3248 2334 3344 2387 οὖν
3402 2335 3618 2402 φιλίας,
3662 2332 4017 2398 σπουδαστὴς

2423 2433 2825 2503 ἀκριϐέστατος
2897 2429 3230 2500 ἐγνωρίζετο
3266 2469 3279 2492 ,

2426 2527 2652 2595 μνήμην
2692 2526 2788 2578 καὶ
2826 2525 2983 2590 γένος
3043 2525 3220 2584 οὐδεὶς
3246 2522 3601 2589 ἀνάγραπτον
3628 2517 4019 2586 παραδέδωκε,

3357 2427 3618 2497 πατρίδος
3672 2425 3726 2475 δὲ
3814 2424 4018 2475 τούτου

2423 2620 2563 2690 πλὴν
2601 2620 2685 2672 ὅτι
2724 2619 2830 2671 τῶν
2883 2615 3230 2682 εὐπατριδῶν
3290 2613 3382 2664 καὶ
3439 2611 3692 2678 μεγάλων
3755 2607 4023 2674 ὑπῆρχεν

2422 2715 2448 2765 ὁ
2477 2712 2990 2780 τρισμακάριστος,
3032 2707 3090 2769 ἐξ
3121 2705 3361 2773 εὐγενῶν
3404 2719 3461 2754 τε
3498 2704 3555 2753 τὸ
3611 2698 3766 2766 γένος
3813 2700 4020 2758 ἕλκων,

2428 2803 2523 2855 καὶ
2555 2802 2653 2870 τὴν
2681 2800 2939 2868 ἀνδρείαν
2975 2799 3369 2868 περίϐλεπτος,
3395 2794 3452 2859 ἐξ
3474 2790 3548 2847 ὧν
3579 2795 3673 2848 καὶ
3719 2793 3842 2845 τάδε
3884 2793 4024 2856 περὶ

2630 3261 2718 3322 Ὠς
2759 3257 2850 3314 οὖν
2874 3261 3116 3331 εἴρηται,
3165 3259 3276 3311 τῶν
3311 3259 3580 3329 βασιλέων
3617 3261 3783 3330 τριῶν
3811 3277 4023 3327 τυγχα-

2434 3352 2657 3414 νόντων,
2691 3353 2786 3404 καὶ
2833 3354 2933 3421 τῆς
2977 3351 3142 3404 αὑτοῦ
3183 3353 3381 3420 μοίρας
3420 3352 3656 3404 ἑκάστου
3704 3354 3890 3404 αὐτῶν
3937 3355 4035 3420 βα-

2433 3445 2743 3505 σιλεύοντος
2774 3483 2787 3503 ,
2843 3448 2869 3496 ὁ
2922 3446 3143 3511 πρῶτος
3194 3444 3376 3495 αὐτῶν
3428 3447 3852 3509 Κωνσταντῖνος
3927 3452 4024 3512 τῆς

759 3532 930 3586 ultimi
968 3532 1168 3597 fratris,
1203 3549 1322 3602 quae
1352 3536 1398 3588 ei
1445 3537 1736 3605 obtigerat,
1787 3549 1993 3606 partem
2033 3543 2326 3606 invadens,

759 3640 881 3679 cum
926 3625 1015 3678 ille
1071 3625 1296 3678 Romam
1347 3636 1490 3679 esset
1557 3629 1856 3697 profectus,
1916 3647 2202 3703 aggressus
2248 3647 2330 3690 est

760 3716 1014 3782 quiddam
1042 3717 1301 3784 injustum
1332 3717 1511 3773 facere
1539 3731 1726 3776 contra
1765 3723 2010 3786 fratrem,
2045 3728 2330 3796 ipsumque

760 3808 1038 3860 absentem
1085 3817 1168 3862 est
1216 3808 1558 3876 criminatus,
1609 3814 1750 3881 quod
1799 3831 1884 3870 res
1936 3832 2044 3870 non
2103 3817 2330 3872 fuissent

763 3910 913 3953 recto
940 3899 1145 3960 divisae,
1184 3911 1236 3952 et
1263 3902 1407 3968 quod
1442 3904 1675 3972 imperii,
1708 3907 1850 3971 quod
1883 3907 1947 3958 ad
1997 3909 2169 3974 ipsum
2206 3925 2328 3975 per-

766 3987 990 4050 tinebat,
1019 4003 1264 4057 magnam
1293 3997 1498 4057 partem
1527 3990 1694 4042 frater
1721 4002 2053 4060 usurpasset.
2076 3993 2331 4062 Regionis

763 4079 942 4128 autem
991 4076 1156 4129 duces
1203 4085 1257 4128 et
1311 4078 1584 4137 custodes.
1643 4095 1777 4147 quos
1823 4080 2089 4135 Constans
2125 4084 2329 4136 consti-

767 4177 963 4228 tuerat,
999 4167 1250 4220 dixerunt
1277 4182 1333 4223 se
1366 4169 1497 4223 citra
1524 4171 1662 4225 illius
1697 4173 2024 4227 sententiam
2060 4184 2114 4228 et
2141 4172 2330 4228 Volun-

766 4266 931 4311 tatem
966 4259 1098 4312 nihil
1140 4275 1295 4328 posse
1328 4262 1552 4314 omnino
1588 4276 1847 4316 movere:
1881 4272 2024 4316 esset
2051 4264 2194 4316 enim
2229 4265 2330 4315 im-

765 4350 932 4418 piuin.
963 4349 1053 4403 llle
1077 4360 1257 4403 autem
1285 4365 1341 4404 se
1366 4351 1546 4404 statim
1574 4359 1730 4420 parat
1756 4351 1821 4405 ad
1852 4351 2075 4413 bellum,
2110 4361 2163 4406 et
2184 4368 2331 4406 arma

766 4448 948 4491 movet
983 4437 1244 4494 adversus
1275 4455 1421 4503 eum,
1455 4443 1546 4507 qui
1580 4441 1780 4495 nullam
1812 4441 2018 4496 fecerat
2049 4442 2329 4512 injuriam.

764 4528 919 4583 Cadit
950 4528 1130 4598 itaque
1156 4530 1547 4587 Constantinus
1580 4534 1635 4586 in
1668 4534 1805 4587 bello
1837 4549 2100 4603 pugnans,
2129 4544 2182 4587 et
2207 4552 2329 4604 par-

2431 3536 2640 3597 οίκείας
2709 3534 2928 3604 μερίδος
2988 3535 3335 3596 ἀπαναστὰς,
3405 3537 3502 3586 καὶ
3572 3539 3709 3604 πρὸς
3767 3541 3871 3605 τὴν
3927 3542 4024 3592 τοῦ

2433 3626 2663 3693 ἐσχάτου
2722 3624 2957 3692 ἀδελφοῦ
3010 3625 3368 3696 κληροδοσίαν
3419 3627 3760 3693 ἐπανελθὼν,
3807 3631 4023 3683 ἐκείνου

2433 3718 2569 3785 πρὸς
2605 3717 2701 3787 τὴν
2738 3717 2957 3788 Ῥώμην
2995 3720 3476 3788 ἀποδημήσαντος,
3508 3721 3788 3791 ἐπεχείρει
3828 3739 3880 3772 τι
3917 3724 4024 3775 τῶν

2431 3812 2634 3865 ἀδίκων
2669 3813 2812 3864 κατὰ
2843 3813 2935 3864 τοῦ
2963 3813 3198 3880 ἀδελφοῦ
3236 3813 3673 3882 διαπράξασθαι,
3715 3817 3815 3867 καὶ
3858 3817 4024 3867 αὐτὴν

2431 3905 2490 3954 οὐ
2524 3906 2769 3970 παρόντα
2797 3903 3095 3962 διέϐαλλεν,
3126 3905 3198 3965 ῶς
3223 3905 3283 3955 οὐ
3312 3905 3490 3966 καλῶς
3523 3905 3631 3955 τῶν
3668 3912 4025 3975 πραγμάτων

2432 3993 2916 4061 διανεμηθέντων,
2957 3999 3050 4044 καὶ
3080 3994 3160 4044 ὅτι
3208 3994 3460 4046 πλεῖστον
3511 3997 3681 4063 μέρος
3724 3999 3830 4064 τῆς
3875 4001 4023 4067 αὐτῷ

2435 4085 2821 4154 προσηκούσης
2851 4085 3024 4154 ἀρχῆς
3061 4085 3476 4153 ἐσφετερίσατο.
3509 4086 3572 4136 Ol
3603 4086 3659 4136 δὲ
3691 4088 3790 4155 τῆς
3841 4091 4024 4159 χώρας

2435 4177 2733 4247 στρατηγοί
2766 4194 2824 4230 τε
2851 4178 2944 4229 καὶ
2978 4174 3216 4244 φύλακες
3241 4219 3254 4241 ,
3303 4175 3395 4238 οὒς
3442 4179 3468 4229 ὁ
3505 4177 3772 4239 Κώνστας
3813 4182 4022 4250 ἐχειρο-

2433 4267 2676 4335 τόνησεν,
2707 4267 2806 4319 οὐκ
2838 4266 3044 4334 ἔφασαν
3074 4265 3247 4334 χωρὶς
3294 4268 3392 4334 τῆς
3431 4267 3644 4320 ἐκείνου
3681 4267 3919 4338 γνώμης
3971 4287 4022 4319 τε

2436 4359 2529 4409 καὶ
2573 4358 2773 4425 βουλῆς
2799 4358 3063 4410 δύνασθαί
3096 4376 3149 4408 τι
3191 4359 3388 4427 μικρὸν
3423 4360 3455 4426 ἢ
3495 4362 3634 4426 μέγα
3678 4365 4022 4425 μετακινεῖν.

2435 4449 2649 4501 ἀνόσιον
2679 4447 2810 4517 γὰρ,
2848 4449 2874 4499 ὀ
2905 4448 2961 4499 δὲ
3000 4448 3202 4501 αὐτίκα
3243 4449 3380 4516 πρὸς
3412 4449 3652 4515 πόλεμον
3698 4453 4020 4515 ἀποδύεται,

2437 4545 2530 4594 καὶ
2562 4541 2701 4593 ὅπλα
2745 4542 2885 4594 κινεῖ
2925 4541 3064 4594 κατᾶ
3099 4539 3192 4593 τοῦ
3227 4541 3392 4610 μηδὲν
3415 4541 3801 4610 ἀδικήσαντος.
3830 4545 4024 4596 [lix-.2;

768 4630 873 4674 t-em
930 4622 1165 4676 alienam
1220 4625 1467 4692 cupiens,
1530 4640 1648 4678 eam
1699 4628 1860 4679 etiam
1915 4627 2113 4688 amisit,
2171 4643 2334 4695 quam

2441 4632 2614 4684 τοίνυν
2645 4625 2803 4694 οὗτος
2825 4636 2852 4685 ὀ
2877 4635 3287 4695 Κωνσταντίνος
3318 4634 3381 4685 ὲκ
3416 4631 3492 4702 τῷ
3520 4633 3744 4702 πολέμῳ
3783 4637 4027 4703 μαχόμε-

763 4711 906 4779 juste
946 4710 1226 4765 videbatur
1284 4723 1488 4769 tenere.
1543 4713 1701 4768 Unde
1737 4716 1900 4769 etiam
1938 4717 2056 4785 cjus
2108 4717 2338 4786 p0pulus

766 4802 948 4855 deﬁcit
979 4803 1044 4857 ad
1071 4802 1444 4870 Constantem,
1478 4814 1529 4859 et
1565 4806 1616 4857 in
1649 4807 1790 4859 illius
1817 4809 2075 4878 redigitur
2103 4818 2338 4877 potesta-

769 4904 876 4946 tem
910 4893 1193 4963 imperium
1227 4894 1553 4960 Occidentis,
1603 4914 1723 4951 cum
1763 4898 1829 4952 ad
1877 4897 1928 4952 id
1975 4899 2182 4950 nullum
2220 4909 2334 4952 stu-

767 4986 914 5039 dium
947 4987 1234 5056 posuisset,
1287 4988 1427 5041 Deus
1459 5004 1588 5042 vero
1623 4991 1677 5042 in
1706 4990 1854 5057 justa
1887 5001 2087 5044 statera
2117 4991 2334 5044 uniter-

768 5092 884 5129 sum
924 5078 1267 5146 iudicasset:
1305 5081 1396 5148 qui
1447 5081 1609 5134 etiam
1663 5096 1771 5134 non
1826 5096 2041 5134 movere
2082 5082 2341 5136 terminos

769 5177 1003 5236 patrum,
1057 5185 1232 5240 neque
1270 5171 1334 5224 de
1388 5173 1538 5226 sulco
1572 5173 1858 5242 propinqui
1915 5172 2118 5240 aliquid
2159 5175 2340 5225 detra-

773 5266 896 5312 here
947 5261 1051 5314 lata
1081 5263 1194 5332 lege
1242 5263 1409 5316 semel
1441 5263 1744 5328 constituit,
1784 5279 1871 5328 ne,
1922 5266 2048 5316 dum
2099 5263 2345 5331 improbe

771 5369 827 5406 se
860 5356 995 5423 gerit
1047 5357 1168 5423 quis
1205 5357 1253 5408 in
1295 5357 1681 5424 propinquum,
1720 5355 2039 5424 imprudens
2069 5356 2218 5424 justa
2251 5355 2343 5409 Dei

773 5445 848 5496 ira
880 5448 1289 5502 condemnetur.
1326 5446 1545 5501 Obtinet
1593 5462 1719 5517 ergo
1750 5448 2018 5503 Constans
2066 5449 2346 5517 imperium

2437 4740 2544 4786 νος,
2577 4724 2803 4792 καὶτῆς
2845 4725 3062 4791 μερίδος
3107 4724 3215 4776 τῶν
3259 4726 3560 4793 ἀλλοτρίων
3588 4726 3881 4794 ἐπιθυμῶν
3927 4745 4024 4778 κα-

2436 4816 2589 4864 κεῖνα
2639 4807 2713 4865 ὧν
2773 4814 2947 4866 ἐδόκει
2998 4814 3233 4884 βεϐαίως
3284 4818 3529 4883 κρατεῖν,
3561 4819 4018 4885 προσαπώλεςεν,

2448 4904 2628 4956 Ἔνθεν
2659 4920 2740 4955 τοι
2791 4906 2883 4956 καὶ
2914 4907 2941 4957 ὁ
2967 4904 3154 4956 τούτου
3201 4904 3325 4966 λαὸς
3380 4906 3538 4968 εὐθὺς
3571 4907 3866 4974 ἀποκρίνει
3896 4911 4027 4977 πρὸς

2434 4995 2788 5058 Κώνστ-αντα,
2839 4997 2930 5048 καὶ
2975 4996 3183 5062 γίνεται
3230 4997 3391 5065 ήτῆς
3429 4997 3699 5086 Ἐσπέρας
3750 5000 3900 5068 ἁρχὴ
3943 4997 4026 5050 ἐπ’

2440 5086 2656 5153 ἐκείνῳ,
2696 5086 2863 5153 μηδὲν
2893 5088 3017 5156 περὶ
3057 5087 3260 5156 ταύτης
3305 5090 3692 5149 σπουδάσαντι,
3737 5089 3835 5140 τοῦ
3887 5089 4020 5142 Θεοῦ

2441 5176 2497 5226 δὲ
2529 5176 2588 5225 τὸ
2613 5176 2720 5226 πᾶν
2763 5177 2820 5228 ὲν
2855 5179 3080 5246 σταθμῷ
3115 5178 3311 5247 δικαίῳ
3343 5179 3691 5243 δικάσαντος,
3727 5181 3786 5242 ὃς
3830 5186 3926 5232 καὶ
3957 5182 4021 5248 μὴ

2444 5269 2613 5318 κινεῖν
2638 5267 2762 5337 ὅρια
2788 5268 3060 5338 πατέρων,
3097 5270 3171 5341 μὴ
3193 5270 3248 5322 δὲ
3276 5270 3373 5337 τῆς
3402 5271 3495 5322 τοῦ
3524 5271 3752 5340 πλησίον
3785 5271 4023 5331 αὕλακὲς

2445 5377 2497 5411 τι
2566 5361 2870 5430 παρασπᾷν
2944 5361 3092 5426 ἅπαξ
3159 5364 3620 5432 νενομοθέτηκε-λ,
3684 5364 3772 5416 ἶνα
3838 5366 3916 5433 μὴ
3961 5363 4023 5430 τῷ

2462 5451 2685 5519 πλησίον
2735 5453 3190 5522 πονηρευόμενος,
3249 5454 3428 5521 ἐαυτῷ
3490 5454 3626 5523 λάθῃ
3683 5457 3783 5524 τὴν
3813 5456 4022 5506 δικαίαν

842 5695 916 5766 (Ι)
951 5691 1272 5769 Vitlevitam
1302 5697 1357 5748 S.
1399 5695 1552 5751 Luem
1582 5710 1646 5749 ex
1691 5693 2054 5764 Metaphraste
2110 5696 2173 5750 ad
2214 5693 2274 5751 18
2312 5691 2528 5765 Octob.,
2572 5712 2692 5766 cap.
2731 5697 2802 5764 5;
2840 5695 3068 5767 Niceph.
3104 5698 3196 5753 lib.
3234 5713 3262 5750 x
3303 5698 3471 5763 HisL,
3506 5712 3628 5769 cap.
3683 5699 3738 5753 ll
3770 5715 3784 5763 ;
3829 5700 4018 5757 Baron.

774 5770 828 5822 in
861 5776 966 5819 not.
1004 5766 1227 5819 ibidem.
