4188 6432
228 445 370 510 1165

1365 444 1833 505 ΜΑΒἸῪΗΙΗΜ
1877 449 1937 509 S.
1988 451 2181 509 AR'lL
2212 450 2312 508 ~‘ilt

3344 445 3478 509 1166

219 552 398 625 ὀργὴν
430 551 968 622 καταψηφιζόμενος.
990 553 1274 606 Βασιλεύει
1294 554 1473 606 τοίνυν
1497 556 1525 606 6
1548 556 1803 617 Κώνστας

1920 558 2081 613 totius
2103 559 2321 614 Occidet
2349 561 2436 625 tis,
2471 562 2603 617 duas
2637 572 2815 631 partes
2842 563 2897 614 in
2932 573 3089 614 unam
3122 558 3477 626 conjitngenso

221 641 316 707 ἐφ’
349 640 479 708 ὅλης
525 644 623 709 τῆς
653 642 912 710 ἑσπερίου
944 643 1117 711 ἀρχῆς
1140 681 1154 706 ,
1194 643 1289 704 τὰς
1321 643 1414 695 δύο
1444 643 1804 712 κληροδοσίας

218 736 306 793 εἰς
367 731 425 783 ἓν
489 733 755 801 συνάψας,
807 733 901 786 καὶ
962 735 1093 802 μίαν
1145 733 1321 802 ἀρχὴν
1374 734 1659 803 ἀμφότερα
1716 734 1803 785 Οὲ·

222 840 407 892 μενος.

299 912 371 966 Ε’.
414 917 489 967 Οὐ
530 915 696 978 πολὺς
736 916 861 985 ἐνῆν
905 915 1125 986 καιρὸς,
1178 917 1269 968 καὶ
1334 919 1361 969 ό
1412 916 1669 977 Κώνστας
1721 916 1800 978 εἰς

222 1006 452 1073 κώμους
521 1008 617 1060 καὶ
672 1007 842 1077 μέθας
902 1009 1297 1071 ἐναποκλίνας,
1349 1007 1444 1059 καὶ
1480 1007 1799 1068 ἀλλοκότους

221 1096 460 1165 ἔρωτας,
501 1098 758 1168 ῥαθύμως
784 1100 885 1168 τὴν
917 1099 1046 1169 ὃλην
1089 1099 1612 1169 ἀρχὴνδιεπέττευε,
1666 1113 1796 1151 τοσ-

218 1189 383 1242 οῦτον
434 1190 709 1258 βασιλείας
744 1191 973 1258 μέγεοος
1006 1190 1416 1261 ἐξορχούμενος.
1454 1188 1799 1241 Ἐπιϐουλεύ-

220 1298 345 1334 εται
375 1280 665 1350 τοιγαροῦν
692 1281 786 1333 καὶ
804 1282 965 1343 αὐτὸς
999 1284 1295 1350 παράτινος
1316 1281 1423 1335 τῶν
1452 1278 1794 1347 στρατηγῶν,

224 1372 454 1441 ὀνόματι
481 1372 845 1437 Μαγνεντίου,
876 1375 970 1424 καὶ
1007 1373 1146 1441 μετὰ
1175 1374 1273 1441 τῆς
1326 1372 1601 1441 βασιλείας
1630 1389 1798 1441 προσ-

221 1462 526 1515 απόλλυσιν
560 1465 656 1514 καὶ
685 1463 743 1515 τὸ
774 1462 896 1533 ζῇν.
934 1464 1136 1516 Τούτου
1158 1464 1438 1528 πεσόντος,
1472 1467 1661 1534 κρατεῖ
1697 1464 1797 1531 τῆς

217 1556 396 1624 ἀρχῆς
423 1556 451 1607 6
482 1556 845 1622 Μαγνὲντιος,
886 1557 1007 1625 μεθ’
1049 1551 1110 1610 οὗ
1151 1557 1250 1627 τῆς
1298 1558 1613 1626 τυραννίδος
1678 1576 1799 1610 συν-

224 1647 562 1700 επελάϐοντο
639 1649 992 1711 Νεπωτιανος
1042 1652 1133 1702 καὶ
1196 1651 1550 1719 Βρεττανίων.
1615 1650 1797 1704 Ταῦτα

223 1737 413 1805 μαθὼν
444 1741 471 1791 6
504 1739 882 1801 Κωνστάντιος
915 1742 978 1792 ὲκ
1004 1741 1113 1792 τῶν
1142 1740 1240 1808 τῆς
1268 1739 1504 1807 ἀδελφῆς
1534 1742 1799 1808 γραμμά-

220 1847 354 1890 των,
419 1832 637 1898 ἀπάρας
690 1832 755 1883 ἐκ
815 1832 915 1899 τῆς
984 1832 1297 1903 Ἀνατολῆς,
1358 1834 1447 1885 καὶ
1505 1833 1640 1902 πρὸς
1696 1833 1795 1903 τὴν

1912 658 1964 699 et
1996 664 2058 701 ex
2095 652 2361 719 ambobus
2389 668 2554 706 unum
2591 652 2792 707 faciens
2820 652 3126 721 imperium.

1980 915 2040 965 γ.
2083 916 2198 968 Non
2230 918 2456 970 multum
2488 919 2792 975 intcscessit
2826 920 3106 989 temporis,
3134 928 3187 972 et
3211 917 3479 971 Constans

1908 1007 1972 1057 ad
2006 1011 2430 1062 comessationes
2461 1010 2742 1064 declinans
2769 1020 2822 1065 et
2848 1012 3159 1073 ebrietates,
3194 1019 3245 1062 et
3272 1009 3477 1062 alienos

1908 1108 2140 1152 amores.
2181 1097 2416 1165 segniter
2458 1098 2766 1151 universum
2791 1100 3011 1167 gerebat
3045 1097 3353 1165 imperium.
3380 1111 3478 1163 per

1910 1182 2088 1235 ludum
2118 1196 2171 1237 et
2192 1186 2530 1240 saltationem
2555 1198 2756 1241 tantam
2784 1190 2977 1241 molem
3012 1190 3309 1241 sustinens.
3337 1188 3477 1254 Ergo

1906 1273 1955 1325 ei
1990 1286 2250 1341 parantur
2280 1278 2486 1332 insidia:
2517 1296 2545 1332 a
2578 1280 2810 1349 quodam
2846 1281 2985 1335 duce
3034 1281 3322 1339 exercitus.
3374 1295 3476 1331 no-

1906 1365 2050 1419 mine
2080 1367 2406 1436 Magnentio,
2437 1382 2639 1426 etcum
2674 1374 2899 1442 imperio
2940 1375 3100 1427 simul
3133 1388 3348 1441 quoque
3392 1374 3472 1425 vi-

1908 1467 2011 1511 tam
2046 1460 2264 1515 atnittit.
2310 1462 2443 1515 Cum
2499 1465 2542 1517 is
2576 1466 2882 1528 cecidisset,
2921 1466 3203 1534 imperium
3249 1474 3477 1532 occupat

1906 1547 2262 1615 Magnentius,
2295 1568 2417 1605 cum
2453 1571 2562 1623 quo
2592 1555 2752 1609 simul
2785 1557 3101 1610 invaserunt
3131 1557 3471 1626 tyrannidem

1905 1639 2237 1710 Nepotianus
2304 1655 2359 1699 et
2414 1646 2752 1701 Drettanion.
2815 1650 2937 1701 Ilaec
2992 1664 3115 1702 cum
3178 1647 3475 1713 accepisset

1905 1726 2253 1783 Constantius
2277 1749 2339 1785 ex
2370 1733 2561 1787 litteris
2582 1736 2785 1790 sororis
2814 1746 2867 1788 et
2900 1737 2965 1788 ali
2990 1735 3212 1788 Oriente
3236 1737 3474 1788 venisset

1906 1818 1970 1871 ad
2003 1818 2376 1884 Occidentem,
2408 1824 2548 1877 bello
2575 1841 2768 1877 manus
2789 1825 3028 1878 conserit
3060 1841 3180 1878 cum
3212 1827 3313 1877 illis
3341 1837 3389 1877 et
3421 1823 3470 1877 vi

244 1921 515 1989 Ἑσπέραν
563 1923 855 1992 γενόμενος
884 1964 898 1988 ,
960 1926 1223 1977 συνάπτει
1278 1925 1413 1996 πρὸς
1457 1924 1800 1994 ἀμφοτέρους

1905 1908 2054 1971 vicit,
2088 1926 2209 1963 cum
2248 1913 2560 1967 Brettanion
2592 1913 2656 1967 ad
2694 1930 2815 1966 eum
2850 1915 3158 1967 defecisset.
3193 1912 3312 1976 Quo
3348 1914 3473 1981 qui-

224 2010 466 2083 πόλεμον
512 2015 603 2067 καὶ
655 2016 797 2068 κατὰ
851 2016 1056 2089 κράτος
1085 2020 1231 2089 νικᾷ,
1268 2019 1358 2071 τοῦ
1397 2019 1799 2089 Βρεττανίωνος

220 2108 363 2176 πρὸς
397 2109 561 2160 αὑτὸν
594 2109 989 2173 ἀποκλίναντος
1011 2156 1025 2175 ,
1075 2112 1163 2163 ὅτε
1200 2113 1295 2163 καὶ
1330 2111 1391 2163 τὸ
1428 2112 1521 2162 τοῦ
1561 2110 1796 2180 σταυροῦ

219 2204 450 2269 σημεῖον
486 2202 742 2271 μέγιστόν
769 2220 825 2254 τε
858 2207 949 2254 καὶ
984 2204 1171 2265 δεινῶς
1223 2203 1454 2272 ἑκφανὲν
1500 2203 1663 2267 ἅπαν,
1722 2203 1798 2264 ὼς

218 2293 705 2363 ὑπεραστράπτειν
748 2296 824 2361 τῷ
870 2295 1305 2365 καταπληκτικῷ
1351 2295 1451 2362 τῆς
1499 2295 1694 2365 αἴγλης
1737 2294 1798 2347 τὸ

220 2383 324 2451 τῆς
357 2383 575 2451 ἡμέρας
609 2382 723 2450 φῶς
755 2383 847 2434 ἐπὶ
888 2382 997 2434 τῶν
1058 2384 1447 2454 Ἰεροσολύμων
1478 2384 1635 2454 ὤφθη
1672 2387 1799 2454 περὶ

222 2472 421 2541 τρίτην
470 2472 621 2542 ὥραν
671 2473 908 2542 μάλιστα
943 2474 1042 2543 τῆς
1082 2475 1297 2543 ἡμέρας
1324 2479 1421 2545 τῆς
1453 2478 1647 2547 ἑορτῆς
1700 2479 1799 2545 τῆς

217 2564 523 2632 λεγομένης
562 2564 943 2634 Πεντηκοστῆς
988 2567 1307 2632 ἑστηκυίας,
1339 2566 1523 2634 διῆκον
1554 2568 1659 2617 ἀπὸ
1702 2568 1795 2619 τοῦ

218 2656 462 2726 Κρανίου
496 2657 831 2726 καλουμένου
862 2660 1050 2719 τόπου,
1095 2658 1222 2727 ἄχρι
1254 2658 1346 2710 καὶ
1384 2657 1477 2709 τοῦ
1512 2658 1797 2721 Ἐλαιῶνος

222 2749 409 2817 ὅρους,
446 2750 568 2802 ὅθεν
601 2752 845 2821 ὑπῆρχεν
876 2751 902 2802 6
926 2752 1116 2821 Σωτὴρ
1147 2752 1245 2821 τὴν
1278 2751 1545 2821 ἀνάληψιν
1570 2752 1800 2818 ποιησά-

226 2856 411 2908 μενος.
456 2844 662 2908 Κρατεῖ
698 2844 877 2894 τοίνυν
914 2842 1015 2911 τῆς
1059 2843 1339 2911 βασιλείας
1396 2842 1799 2910 Κωνστάντιος,

223 2933 333 2983 τῶν
379 2931 473 2983 τοῦ
525 2933 763 3001 μεγάλου
816 2935 1230 2987 Κωνσταντίνου
1286 2936 1416 2987 υἱῶν
1474 2940 1632 3005 μόνος
1665 2939 1799 2988 ὑπο-

220 3025 483 3093 λειφθεὶς.
525 3028 799 3089 Ἀτενίσας
831 3026 921 3079 οὖν
958 3028 1093 3096 πρὸς
1128 3029 1187 3079 τὸ
1220 3028 1316 3097 τῆς
1339 3028 1513 3100 ἀρχῆς
1546 3028 1797 3096 μέγεθος,

223 3119 317 3169 καὶ
358 3118 669 3184 ἰλιγγιάσας
709 3120 804 3172 ἆτε
835 3119 898 3190 δὴ
938 3120 1224 3188 ἄνθρωπος
1257 3119 1353 3185 ὦνι
1406 3122 1498 3173 καὶ
1555 3124 1627 3193 μὴ
1661 3124 1797 3192 ἔχων

219 3215 313 3263 τὸν
362 3216 424 3264 ἐκ
471 3212 564 3266 τοῦ
610 3214 801 3281 γένους
838 3215 985 3281 αὑτῴ
1026 3214 1429 3277 συνασπίζοντα
1463 3230 1474 3241 ·
1506 3214 1627 3267 οὔτε
1686 3219 1793 3285 γὰρ
1826 3254 1867 3313 c

220 3305 375 3374 αὐτῴ
405 3310 533 3367 παῖς
565 3306 831 3373 ἐγεγόνει,
866 3304 989 3356 οὔτε
1025 3321 1108 3366 τις
1139 3307 1248 3356 τῶν
1276 3307 1522 3372 ἀδελςτῶν
1576 3311 1798 3361 κατελέ-

220 3401 411 3452 λειπτο
442 3416 455 3430 ⁸
496 3401 591 3452 καὶ
643 3401 829 3460 δείσας
867 3400 941 3468 μή
972 3416 1054 3461 τις
1083 3398 1231 3466 αὺτῷ
1262 3400 1423 3450 πάλιν
1456 3400 1796 3466 ἐπανασταίη

222 3493 509 3561 τύραννος,
577 3495 871 3544 σκέπτεται
929 3492 1040 3543 τῶν
1101 3492 1378 3560 συγγενῶν
1433 3509 1553 3544 τινα
1609 3492 1796 3546 λαϐεῖν

226 3586 561 3655 σύγκληρον,
597 3586 689 3638 καὶ
717 3586 815 3653 τῆς
851 3585 1133 3656 βασιλείας
1168 3588 1541 3655 ὑπασπιστὴν,
1566 3588 1593 3639 ὅ
1617 3587 1680 3657 δὴ
1705 3590 1798 3640 καὶ

225 3679 521 3747 πεποίηκε,
556 3678 754 3731 Γάλλον
784 3678 874 3730 τὸν
916 3676 1208 3730 Ἰουλιανοῦ
1264 3678 1489 3742 ἀδελφὸν
1544 3678 1798 3745 Καίσαρα

225 3772 601 3840 ποιησάμενος
636 3770 898 3837 ’ἀνεψιὸς
957 3769 1013 3820 δὲ
1070 3769 1209 3839 πρὸς
1272 3769 1477 3839 πατρὸς
1524 3770 1551 3821 6
1601 3770 1803 3832 Γάλλος

226 3863 379 3930 αὐτῷ
415 3877 428 3890 ·
460 3861 840 3925 Κωνστάντιος
890 3861 1000 3931 γάρ
1053 3864 1079 3915 ὁ
1125 3861 1330 3916 Γάλλου
1365 3861 1460 3914 καὶ
1506 3862 1799 3914 Ἰουλιανοῦ

226 3954 433 4024 πατὴρ,
503 3953 727 4023 ἀδελφὸς
787 3950 855 4024 ἦν
912 3952 1325 4007 Κωνσταντίνου
1380 3951 1474 4003 τοῦ
1538 3952 1799 4019 μεγάλου.

226 4046 430 4098 Τοῦτον
459 4042 553 4099 οὖν
587 4048 642 4097 ὲν
669 4045 746 4114 τῷ
773 4045 983 4114 Σιρμίῳ
1020 4044 1538 4113 προχειρισάμενος,
1570 4047 1806 4113 γυναῖκά

229 4156 291 4191 τε
333 4139 483 4208 αὑτῷ
524 4137 780 4205 ζεύγνυσι
826 4137 923 4207 τὴν
972 4135 1169 4190 ἑαυτοῦ
1220 4135 1455 4207 ἀδελφὴν
1504 4139 1799 4191 Κωνσταν-

225 4232 373 4293 τίαν,
409 4231 643 4293 πίστεως
675 4232 768 4283 καὶ
799 4230 1149 4301 βεϐαιότητος
1185 4230 1343 4300 χάριν
1369 4269 1382 4291 ,
1413 4229 1508 4282 καὶ
1534 4229 1800 4297 ἄρχοντας

225 4325 379 4394 αὑτῷ
408 4326 620 4377 δίδωσιν
654 4324 815 4384 αὐτὸς
851 4325 1198 4390 καταστήσας
1228 4338 1240 4350 ·
1275 4322 1337 4374 οὐ
1373 4322 1480 4392 γάρ
1512 4323 1705 4392 ἐκείνῳ
1736 4343 1799 4393 γε

1903 2000 2025 2054 dem
2063 2011 2302 2071 tempore
2352 2006 2566 2073 signum
2600 2007 2775 2059 erucis
2819 2008 3134 2067 maximum,
3166 2015 3217 2058 et
3246 2006 3470 2057 tniriﬁce

1900 2104 2189 2157 apparens,
2222 2094 2360 2144 adeo
2409 2104 2465 2146 ut
2502 2095 2805 2146 admirabili
2852 2094 3141 2160 splendore
3191 2100 3471 2160 superaret

1900 2181 2071 2234 lucem
2106 2182 2232 2243 diei,
2281 2185 2453 2235 visum
2491 2186 2575 2237 est
2621 2183 3006 2253 Hierosolymis
3057 2183 3202 2236 circa
3258 2185 3467 2234 tertiam

1902 2273 2088 2327 horam
2117 2274 2248 2339 diei,
2283 2291 2405 2330 cum
2440 2286 2586 2330 esset
2614 2278 2731 2330 dies
2758 2278 2949 2336 festus,
2976 2274 3068 2344 qui
3102 2274 3303 2328 dicitur
3328 2274 3470 2326 Pen-

1905 2371 2126 2433 tecoste,
2188 2371 2556 2439 pertingensa
2596 2371 2735 2433 loco,
2790 2370 2881 2438 qui
2932 2368 3136 2422 dicitur
3184 2367 3468 2429 Calvariae,

1901 2475 2071 2529 usque
2101 2462 2165 2513 ad
2199 2474 2438 2519 montem
2470 2461 2685 2526 Oliveti,
2714 2464 2856 2515 unde
2887 2462 2987 2515 fuit
3016 2471 3328 2530 assumptus
3372 2475 3471 2513 n0-

1901 2562 2013 2603 ster
2067 2551 2337 2605 Salvator.
2398 2552 2686 2620 Imperium
2738 2568 2864 2621 ergo
2918 2562 3065 2605 tenet
3099 2552 3469 2613 Constantius,

1900 2644 2119 2696 relictus
2141 2645 2285 2697 solus
2312 2658 2376 2696 ex
2408 2644 2587 2711 magni
2619 2643 2961 2697 Constantini
3000 2643 3145 2695 ﬁliis.
3173 2642 3309 2696 Cum
3342 2658 3473 2710 ergo

1898 2736 1962 2788 ad
1998 2736 2204 2803 imperii
2241 2736 2675 2806 magnitudinem
2708 2736 2981 2790 defixisset
3012 2737 3220 2796 oculos,
3251 2746 3305 2788 et
3340 2736 3472 2789 cali-

1900 2838 2098 2899 gasset,
2140 2837 2199 2880 ut
2239 2829 2329 2896 qui
2366 2839 2512 2880 esset
2540 2830 2723 2892 homo,
2770 2839 2820 2883 et
2872 2843 2980 2881 non
3017 2827 3242 2881 haberet
3280 2842 3344 2881 ex
3376 2842 3473 2881 Sun

1900 2937 2120 2992 genere,
2154 2920 2243 2989 qui
2294 2936 2418 2974 cum
2448 2920 2769 2973 defenderet
2804 2923 3002 2989 (neque
3047 2925 3193 2975 enim
3224 2924 3271 2974 ei
3312 2931 3472 2974 natus

1899 3011 2077 3063 fuerat
2112 3011 2272 3071 ﬁlius,
2307 3026 2481 3078 neque
2506 3018 2839 3063 remanserat
2863 3009 3056 3077 aliquis
3080 3026 3142 3062 ex
3171 3010 3472 3073 fratribus),

1899 3111 1954 3155 et
1985 3104 2221 3165 timeret,
2254 3118 2323 3156 ne
2360 3103 2410 3155 in
2444 3119 2568 3155 eum
2601 3118 2787 3155 rursus
2823 3102 3016 3171 aliquis
3049 3102 3354 3170 insurgeret
3392 3114 3474 3173 ty-

1900 3211 2124 3257 rannus,
2158 3195 2345 3247 statuit
2384 3210 2445 3246 ex
2478 3195 2721 3263 cognatis
2757 3195 2991 3261 aliquem
3026 3197 3273 3263 accipere
3302 3197 3483 3251 cohae-

1903 3288 2109 3350 redem,
2146 3296 2201 3341 et
2234 3286 2445 3355 imperii
2501 3285 2843 3339 defensorem
2879 3303 2890 3338 :
2927 3287 3071 3353 quod
3122 3287 3287 3340 etiam
3323 3288 3471 3341 fecit.

1898 3381 2033 3434 Nam
2077 3396 2199 3433 cum
2227 3377 2439 3431 Gallum
2467 3378 2664 3431 Juliani
2699 3378 2929 3431 fratrem
2982 3376 3169 3432 Sirmti
3202 3380 3472 3432 Caesarem

1896 3480 2134 3523 creasset
2168 3472 2307 3537 (erat
2363 3480 2543 3521 autem
2577 3470 2624 3521 ei
2666 3470 2848 3524 Gallus
2877 3473 3173 3539 patruelis:
3208 3472 3476 3525 Constan-

1899 3562 2005 3613 tius
2026 3560 2195 3621 enini,
2225 3558 2361 3611 Galli
2394 3568 2448 3612 et
2474 3559 2675 3612 .Inliani
2701 3571 2870 3628 pater,
2902 3562 3069 3614 frater
3096 3563 3271 3617 fuerat
3294 3567 3473 3633 magni

1896 3650 2282 3720 Constantini),
2308 3650 2354 3704 ei
2381 3652 2472 3706 dat
2501 3668 2744 3713 uxorem,
2768 3667 2919 3706 suam
2943 3668 3185 3707 sororem
3209 3654 3476 3708 Constan-

1902 3747 2054 3807 tiam,
2089 3753 2271 3799 utres
2300 3754 2448 3798 esset
2477 3745 2689 3796 ﬁrmior
2721 3755 2775 3797 et
2820 3747 3051 3810 cautior,
3092 3756 3145 3798 et
3192 3748 3397 3813 prtebet
3428 3748 3476 3801 ei

1902 3841 2270 3909 magistratus,
2300 3854 2436 3907 quos
2460 3839 2573 3906 ipse
2600 3837 2956 3891 constituerat
3004 3844 3135 3907 (non
3158 3840 3303 3893 enim
3327 3838 3478 3892 Callo

1902 3932 2097 3985 licebat
2127 3931 2180 3983 id
2219 3931 2320 3984 sibi
2365 3945 2664 3989 assumere,
2694 3946 2820 3982 cum
2848 3942 3000 3984 esset
3032 3933 3256 3999 Ctesar),
3291 3933 3479 3985 Domi-

1906 4023 2113 4076 tianum
2162 4021 2378 4090 quidem
2412 4030 2467 4073 et
2515 4018 2859 4075 Thalassium
2902 4019 3155 4074 emittens
3192 4022 3479 4089 praefectos

1907 4116 2191 4189 prtetorios
2212 4159 2225 4180 ,
2264 4114 2525 4169 Montium
2557 4128 2737 4168 autem
2773 4115 3141 4184 imperatoriis
3172 4116 3478 4184 prmﬁcietts

1909 4211 2233 4270 rationibus,
2262 4222 2422 4277 quem
2452 4206 2613 4260 etiam
2647 4207 2883 4260 solemus
2912 4222 3102 4261 vocare
3130 4219 3476 4277 quzestorcm,

1908 4314 1963 4359 et
1989 4304 2147 4359 simul
2179 4318 2303 4356 eum
2332 4300 2495 4355 etiam
2534 4315 2737 4354 ornans
2765 4300 2969 4354 honore
3001 4299 3240 4356 Patricii.

225 4422 412 4488 ἐφεῖτο
466 4416 707 4487 Καίσαρι
761 4415 910 4469 ὅντιο
959 4415 1260 4469 Θαλάσσιον
1320 4414 1419 4485 μὲν
1470 4417 1795 4483 ἀποστείλας
1858 4422 2097 4489 ἔπαρχον
2120 4417 2491 4489 πραιτωρίων,
2540 4416 2771 4469 Μόντιον
2817 4416 2873 4469 δὲ
2905 4418 2999 4469 ἐπὶ
3046 4418 3153 4472 τῶν
3186 4420 3481 4490 βασιλικῶν

226 4509 602 4578 πραγμάτων,
636 4506 695 4561 ὃν
738 4508 834 4560 καὶ
869 4505 1213 4574 κοιαίστωρα
1253 4506 1438 4557 καλεῖν
1472 4503 1612 4558 οἳδεν
1645 4510 1671 4559 6
1705 4508 1881 4575 λόγος,
1921 4510 2035 4579 ἅμα
2079 4512 2169 4562 καὶ
2200 4510 2490 4577 πατρίκιον
2526 4508 2714 4561 τοῦτον
2750 4512 3011 4579 τιμήσας.

305 4609 397 4674 ς’.
444 4604 502 4660 '0
531 4606 587 4658 δὲ
613 4605 812 4668 Γάλλος
838 4604 912 4667 ὡς
946 4605 1068 4655 τότε
1115 4601 1267 4670 παρὰ
1299 4602 1394 4654 τοῦ
1423 4604 1806 4657 Κωνσταντίου
1841 4614 1889 4671 ι)

228 4699 506 4769 πεμφθεὶς
540 4700 630 4751 ἐπὶ
665 4700 760 4765 τῆς
791 4695 983 4765 Ἐῲας,
1021 4698 1197 4763 εἴχετο
1227 4693 1331 4745 τῶν
1356 4695 1714 4765 πραγμάτων,
1747 4696 1802 4747 ὃν

228 4791 434 4843 αὐτίκα
466 4788 729 4856 μαθόντες
755 4787 802 4838 οἱ
837 4788 1041 4856 Πέρσαι
1071 4786 1205 4856 πρὸς
1230 4787 1562 4855 Ἀντιόχειαν
1595 4788 1792 4854 ἀφικό-

232 4900 421 4955 μενον,
461 4878 925 4952 κατωρῤώδησαν,
966 4882 1083 4933 νέον
1114 4897 1172 4932 τε
1216 4880 1377 4933 αὑτὸν
1410 4881 1504 4932 καὶ
1531 4880 1805 4949 Οερῖιουρ-

230 4978 329 5044 γὸν
351 4977 429 5039 είς
454 4976 525 5028 τά
556 4974 695 5044 ἔργα
732 4976 1052 5045 πυθόμενοι,
1080 4975 1175 5028 καὶ
1216 4976 1314 5028 οὐκ
1352 4974 1433 5027 ἔτι
1478 4976 1805 5044 ἐποιήσαντο

228 5070 331 5139 τὴν
368 5071 459 5122 ἐπὶ
490 5071 614 5133 τοὺς
650 5066 955 5136 Ῥωμαίους
990 5066 1254 5130 ἐξέλασιν,
1290 5068 1382 5119 καὶ
1433 5069 1460 5120 6
1501 5068 1597 5135 μὲν
1637 5069 1692 5120 ὲν
1739 5070 1803 5138 τῇ

245 5163 547 5231 Ἀντιοχείᾳ
571 5161 666 5230 τῆς
702 5161 899 5227 Συρίας
932 5156 999 5229 ἦν
1034 5158 1108 5219 ὡς
1144 5158 1476 5228 δεδήλωται,
1512 5160 1803 5212 Κωνστάν·

230 5274 345 5319 τιος
380 5255 434 5307 δὲ
472 5258 526 5305 εν
555 5258 621 5325 τῇ
664 5254 903 5324 Ἐσπὲρα
946 5256 1177 5322 καθίστη
1226 5251 1293 5305 τὰ
1337 5247 1660 5321 πράγματα,
1713 5255 1807 5306 καὶ

233 5348 355 5401 τότε
392 5348 455 5416 δὴ
504 5347 763 5416 μάλιστα,
820 5345 1076 5413 καθαρῶς
1124 5344 1398 5413 ἡσύχασεν
1430 5345 1463 5413 ἡ
1512 5342 1807 5412 Ῥωμαίων

235 5441 381 5510 ἀρχὴ
415 5442 548 5510 πρὸς
572 5441 895 5509 ἀμφοτέρων
929 5439 1328 5507 φυλαττομένη.
1359 5438 1467 5489 Καὶ
1499 5436 1667 5489 ταῦτα
1710 5436 1809 5503 μὲν

237 5533 428 5586 τοῦτον
482 5535 605 5603 ἔσχε
663 5533 753 5584 τὸν
810 5535 1030 5602 τρόπον.
1079 5531 1137 5583 ’0
1198 5531 1255 5583 δὲ
1306 5530 1539 5590 Γάλλος,
1577 5528 1673 5599 τὴν
1712 5527 1808 5580 τοῦ

238 5626 521 5695 Καίσαρος
574 5628 991 5695 ἀμφιασάμενος
1044 5624 1360 5693 ἁλουργίδα,
1410 5623 1503 5673 καὶ
1552 5621 1652 5690 ἤδη
1703 5621 1810 5673 τῶν

236 5716 466 5785 πρώτων
490 5722 588 5786 τῆς
613 5717 887 5788 βασιλείας
907 5718 1212 5787 ἀρξάμενος
1235 5714 1534 5767 ἐπιϐαίνειν
1560 5713 1805 5781 βαθμῶν,

234 5812 335 5864 οὐκ
359 5809 549 5878 ἔμενεν
582 5812 675 5863 ἐπὶ
712 5812 809 5881 τῆς
847 5811 1108 5878 τοιαύτης
1155 5808 1380 5877 γνώμης
1424 5806 1515 5858 καὶ
1550 5804 1806 5869 πίστεως,

238 5900 303 5974 ἧς
333 5904 467 5974 πρὸς
498 5903 587 5955 τὸν
617 5906 993 5959 Κωνστάντιον
1030 5903 1344 5969 ἐποιήσατο,
1385 5895 1807 5966 βασιλικώτερον

1991 4607 2072 4661 γι.
2134 4607 2320 4663 Gallus
2370 4619 2575 4670 autem,
2632 4619 2691 4662 ut
2742 4608 2833 4677 qui
2889 4618 3018 4663 tunc
3071 4624 3100 4662 a
3158 4611 3481 4665 Constantio

1909 4701 2108 4753 missus
2144 4710 2290 4753 esset
2317 4699 2381 4751 ad
2413 4698 2717 4763 Orientem,
2744 4712 2863 4754 erat
2915 4700 3155 4754 intentus
3197 4701 3359 4753 rebus
3387 4718 3479 4769 ge-

1910 4795 2115 4848 rendis.
2151 4793 2322 4859 Quem
2364 4811 2485 4849 eum
2537 4796 2771 4862 primum
2818 4796 3152 4861 accepissent
3182 4794 3359 4849 Persae
3388 4814 3479 4849 ve-

1909 4886 2058 4940 nisse
2092 4887 2459 4951 Antiochiam,
2495 4885 2689 4941 timore
2734 4894 2863 4941 sunt
2903 4887 3102 4948 aﬂ‘ecti,
3153 4904 3288 4942 cum-
3323 4890 3481 4942 audi-

1910 4973 2118 5026 vissent
2177 4990 2300 5028 cum
2345 4989 2464 5027 esse
2491 4975 2770 5043 juvenem,
2829 4984 2884 5029 et
2940 4977 3005 5029 ad
3068 4992 3157 5029 res
3212 4982 3478 5045 gerendas

1909 5077 2087 5116 acrem
2120 5073 2171 5116 et
2197 5064 2594 5127 vehementem,
2624 5081 2720 5118 nec.
2758 5066 3003 5119 fecerunt
3024 5066 3257 5134 amplius
3283 5083 3475 5121 excur-

1910 5154 2117 5207 sionem
2160 5156 2211 5206 in
2255 5169 2413 5224 agros
2443 5156 2832 5209 Romanorum.
2870 5158 2935 5209 Et
2971 5158 3058 5210 ille
3108 5158 3325 5226 quidem
3362 5168 3479 5211 erat

1910 5245 2214 5299 Antiochia:
2259 5245 2447 5314 Syriar,
2507 5256 2565 5299 ut
2619 5256 2901 5302 ostensum
2958 5260 3075 5313 est;
3130 5251 3478 5304 Constantius

1909 5348 2091 5391 autem
2129 5352 2216 5391 res
2250 5339 2616 5393 constituebat
2656 5340 2710 5393 in
2740 5341 3035 5395 Occidente
3066 5360 3079 5394 :
3122 5355 3174 5395 et
3202 5352 3333 5397 tune
3362 5355 3478 5397 erat

1911 5430 2143 5481 maxime
2176 5430 2424 5497 quietum
2477 5429 2843 5485 Romanorum
2890 5431 3200 5503 imperium,
3240 5443 3296 5486 ut
3333 5435 3479 5502 quod

1911 5523 1977 5574 ab
1997 5519 2238 5588 utrisque
2254 5522 2637 5576 custodiretur.
2664 5523 2731 5576 Et
2762 5524 2873 5577 haec
2898 5524 3114 5593 quidem
3135 5525 3296 5580 modo
3318 5526 3479 5579 modo

1913 5628 1972 5666 se
2013 5612 2302 5666 habebant.
2332 5611 2515 5667 Gallus
2553 5624 2731 5667 autem
2772 5632 2895 5669 cum
2938 5617 3169 5674 Caesaris
3216 5621 3481 5672 induisset

1916 5718 2231 5772 purpuram,
2292 5715 2346 5758 et
2391 5706 2500 5773 jam
2582 5708 2839 5774 ccepisset
2917 5710 3217 5763 ascendere
3275 5709 3479 5777 primos

1914 5796 2111 5867 gradus
2152 5794 2385 5865 imperii,
2420 5814 2527 5851 non
2564 5799 2762 5852 mansit
2797 5800 2851 5853 in
2896 5802 3082 5854 eadem
3130 5804 3397 5853 sententia
3427 5811 3482 5855 et

1916 5891 2037 5953 ﬁde,
2066 5906 2223 5959 quam
2257 5891 2479 5943 dederat
2509 5890 2849 5957 Constantio,
2890 5894 3050 5947 nimis
3107 5909 3202 5957 pro
3248 5893 3478 5954 imperio
