4216 6432
202 366 344 432 1173

1358 367 1825 429 MARTYRIUM
1874 370 1934 431 S.
1978 369 2329 431 ARTEMII.

3322 358 3458 425 1174

196 482 374 554 ἀρχὴν
402 481 658 550 ἐφαίνετο
684 480 751 534 ἐκ
777 479 888 534 τῶν
908 480 1078 534 αὐτοῦ
1107 480 1367 534 διαϐολῶν
1386 521 1400 545 ,
1446 482 1539 536 τὸν
1567 482 1782 535 ἅπαντα

1901 494 2158 540 ηιινοοιιιε.
2209 483 2411 539 Ambos
2457 497 2691 551 namque
2735 480 3130 536 Chalcedonem
3183 478 3353 541 misit,
3404 488 3460 534 et

192 577 277 646 τῷ
305 574 494 644 Γάλλῳ
544 574 704 641 φόνον
749 574 1254 644 συγκειρασάμενος
1286 591 1299 605 ·
1347 575 1558 628 Παῦλον
1597 575 1653 628 δέ
1688 575 1778 628 τὸν

195 667 413 720 Σπανδν
468 668 549 727 είς
601 665 729 728 τοὺς
792 665 1145 733 ὑπογραφέας
1202 665 1296 718 τοῦ
1362 665 1629 735 βασιλέως
1692 683 1782 719 τε·

194 758 421 822 λοῦντα,
461 758 601 828 πυρὶ
648 757 1041 828 παραδίδωσιν,
1100 757 1176 820 ὡς
1202 758 1373 812 πολλὰ
1415 759 1480 827 δὴ
1522 757 1671 827 μάλα
1702 758 1783 828 τῷ

199 852 395 921 Γάλλῳ
423 850 931 919 ἐμπικρανάμενον.
982 848 1224 914 Τούτους
1269 850 1368 921 μὲν
1414 848 1509 903 οὖν
1541 852 1785 921 ἀμφοτέ-

206 961 335 1013 ρους
372 944 452 1004 εἱς
485 943 587 1014 τὴν
619 942 940 1010 Χαλκηδόνα
962 942 1281 1011 διαπέμψας
1304 982 1317 1004 ,
1350 943 1468 994 ἐκεῖ
1498 945 1563 1011 τῇ
1596 944 1787 1013 οἰκείᾳ

202 1032 330 1101 δίκῃ
367 1032 567 1098 ὑπάγει
627 1032 935 1101 ἑκάτερον,
989 1032 1168 1084 ἀνεῖλε
1223 1031 1278 1083 δὲ
1328 1033 1425 1084 καὶ¹
1459 1032 1788 1087 Γαυδέντιον

216 1122 532 1193 στρατηγὸν
554 1124 656 1192 τῆς
690 1123 969 1192 Ἀφρικῆς
995 1163 1011 1189 ,
1048 1125 1139 1176 καὶ
1171 1122 1366 1186 ἄλλους
1405 1124 1557 1186 τινας
1602 1124 1789 1177 ὁπόσοι

201 1233 259 1269 τι
287 1219 367 1279 εἰς
397 1217 560 1268 αὑτὸν
592 1216 1063 1287 πεπαρῳνήκεσαν
1086 1232 1099 1245 ·
1142 1215 1276 1269 ἀλλὰ
1309 1215 1534 1279 τούτους
1562 1217 1660 1284 μὲν
1704 1216 1792 1269 διὰ

206 1309 561 1377 γραμμάτων
591 1307 840 1372 ἐκόλασε,
882 1307 973 1360 τὸν
1020 1308 1079 1359 δὲ
1134 1308 1228 1361 τοῦ
1257 1308 1495 1378 Χριστοῦ
1540 1309 1793 1378 μάρτυρα

206 1400 304 1452 καὶ
352 1401 600 1465 γενναῖον
651 1399 891 1470 ἀθλητὴν
934 1400 1219 1470 Ἀρτέμιον
1292 1402 1453 1463 αὐτὸς
1500 1400 1568 1452 δι’
1598 1399 1794 1453 ἑαυτοῦ

212 1492 276 1544 ἐν
303 1491 611 1562 Ἀντιοχείᾳ
655 1490 849 1560 παρὼν
898 1492 993 1545 καὶ
1026 1493 1271 1563 παρόντα
1300 1492 1387 1545 διὰ
1417 1494 1516 1559 τὴν
1551 1495 1629 1555 εἰς
1660 1495 1798 1560 Χρι-

211 1583 340 1636 στδν
368 1583 688 1654 ὁμολογίαν,
720 1582 1105 1652 ἀπανθρώπως
1128 1584 1376 1648 ἐκόλασε,
1403 1585 1497 1635 καὶ
1523 1585 1620 1653 τῆς
1643 1602 1797 1652 παρ-

211 1674 385 1743 ούσης
442 1675 605 1727 αὑτὸν
638 1676 1037 1743 άπεγύμνωσεν
1069 1675 1341 1737 ἐξουσῖας,
1382 1675 1455 1743 μὴ
1495 1674 1676 1743 φέρων
1702 1674 1799 1744 τὴν

213 1766 385 1818 αὑτοῦ
424 1766 739 1836 παρρησίαν
775 1770 867 1819 καὶ
912 1766 1184 1820 ἔνστασιν.
1243 1766 1302 1818 '0
1339 1767 1446 1834 γὰρ
1490 1765 1795 1831 Ἰουλιανὸς,

214 1857 289 1917 ὡς
316 1857 631 1925 δεδήλωται,
663 1859 761 1927 τὴν
783 1859 893 1911 τῶν
933 1858 1222 1928 Ῥωμαίων
1252 1858 1617 1930 περιθέμενος
1650 1859 1801 1929 βασι-

214 1948 390 2013 λείαν,
424 1947 724 2013 ἐσπούδαζε
755 1950 993 2019 μάλιστα
1035 1952 1127 2003 τὸν
1172 1950 1532 2021 Ἐλληνισμὸν
1573 1953 1804 2022 ἐπανορ-

222 2036 377 2092 θοῦν.
413 2040 707 2110 Πανταχοῦ
738 2043 923 2094 τοίνυν
956 2043 1263 2112 γράμματα
1308 2042 1759 2110 διαπεμπόμενος
1785 2082 1799 2107 ,

216 2132 442 2186 ἐκέλευε
501 2134 569 2185 τὰ
617 2133 824 2187 τούτων
875 2136 1080 2205 τεμένη
1129 2135 1223 2187 καὶ
1259 2130 1383 2197 τοῦς
1426 2136 1644 2205 βωμοὺς
1703 2138 1799 2189 άν-

225 2225 422 2292 ιστᾷν,
465 2225 602 2293 μετά
639 2226 843 2295 πολλῆς
885 2228 1018 2295 ὅσης
1048 2226 1145 2299 τῆς
1178 2226 1412 2295 σπουδῆς
1451 2245 1509 2278 τε
1541 2231 1633 2280 καὶ
1667 2244 1802 2296 προ-

218 2313 447 2381 θυμίας,
492 2317 586 2368 καί
622 2318 755 2378 ὅσας
796 2320 824 2371 ὀ
870 2318 1045 2387 μέγας
1095 2320 1510 2383 Κωνσταντῖνος
1545 2321 1665 2383 ταῖς
1711 2322 1803 2373 ἐκ·

1886 574 1992 629 illic
2023 588 2315 643 utrumque
2348 589 2448 629 suo
2474 574 2657 629 affecit
2681 572 2965 643 supplicio.
2993 569 3266 625 Interfecit
3294 572 3458 625 etiam

1886 666 2251 724 Gaudentium
2310 667 2503 723 ducem
2549 667 2821 722 exercitus
2863 665 3079 727 Africae,
3106 674 3157 720 et
3197 663 3458 733 quosdam

1885 763 2040 826 alios,
2080 761 2174 831 qui
2205 761 2255 816 ei
2290 761 2702 815 insultaverant.
2740 757 2845 814 Sed
2892 774 2986 812 eos
3033 750 3252 827 quidem
3283 756 3462 826 puniit

1886 870 1985 927 per
2041 854 2284 919 litteras;
2342 853 2543 909 Christi
2589 860 2771 908 autem
2821 861 3109 921 martyrem
3167 858 3221 904 et
3269 848 3463 904 fortem

1887 948 2147 1001 athletam
2174 946 2499 1012 Artemium,
2527 944 2644 1015 ipse
2680 961 2777 1014 per
2806 959 2867 1000 se
2897 942 3195 998 Antiochiae
3225 957 3466 1011 praesens

1888 1048 2213 1109 praesentem
2248 1046 2471 1110 propter
2496 1037 2698 1094 Christi
2725 1036 3130 1093 confessionem
3164 1036 3466 1089 inhumane

1892 1132 2092 1202 puniit,
2149 1141 2205 1185 et
2238 1147 2324 1195 ea,
2360 1144 2521 1200 quam
2581 1129 2838 1195 habebat,
2888 1129 3125 1199 privavit
3176 1135 3465 1199 potestate,

1893 1240 2003 1279 non
2040 1223 2219 1277 ferens
2248 1223 2367 1292 ejus
2398 1222 2611 1277 dicendi
2643 1222 2948 1277 libertatem
2982 1230 3037 1276 et
3082 1220 3467 1275 constantiam.

1894 1315 2143 1370 Julianus
2182 1314 2349 1377 enim,
2384 1329 2529 1376 eum,
2564 1324 2623 1368 ut
2653 1322 2931 1368 ostensum
2958 1321 3062 1376 est,
3095 1313 3467 1365 Romanorum

1898 1416 2215 1476 usurpasset
2262 1405 2575 1476 imperium,
2625 1405 2862 1458 maxime
2932 1403 3183 1458 studebat
3230 1402 3473 1473 gentium

1899 1513 2141 1553 errorem
2176 1498 2227 1549 in
2256 1509 2415 1549 suum
2444 1496 2622 1549 locum
2652 1495 2964 1549 restituere.
2996 1493 3051 1547 In
3080 1508 3268 1547 omnes
3294 1492 3475 1561 itaque

1899 1601 2077 1659 partes
2115 1588 2343 1647 mittens
2381 1587 2592 1641 litteras
2635 1586 2861 1656 iubebat
2907 1586 3132 1640 deorum
3190 1584 3389 1655 templa
3423 1592 3477 1637 et

1902 1682 2090 1734 altaria
2120 1689 2372 1749 prompto
2403 1690 2459 1733 et
2500 1678 2664 1731 alacri
2715 1678 2883 1732 animi
2940 1678 3121 1731 studio
3160 1677 3385 1740 exStrui,
3425 1684 3479 1729 et

1904 1787 2254 1843 quoscunque
2294 1773 2503 1827 reditus
2556 1786 2784 1840 magnus
2808 1769 3201 1825 Constantinus
3232 1768 3481 1823 attribuit

1904 1866 2175 1929 ecclesiis,
2210 1873 2264 1919 et
2294 1866 2414 1935 ejus
2440 1864 2579 1918 filius
2618 1861 2989 1926 Constantius,
3032 1876 3127 1915 eos
3156 1861 3381 1926 ademit,
3426 1869 3480 1914 et

1904 1952 2119 2022 templis
2145 1951 2490 2007 consecravit
2524 1949 2813 2013 idolorum,
2844 1964 2942 2018 pro
2988 1946 3281 2018 episcopis,
3330 1960 3482 2015 pres-

1903 2044 2103 2114 byteris
2129 2052 2183 2095 et
2213 2042 2484 2103 diaconis,
2534 2040 2882 2093 constituens
2926 2039 3180 2101 aedituos,
3231 2049 3482 2104 asperso-

1900 2151 2007 2196 res,
2060 2133 2335 2189 sacrificos
2365 2140 2421 2185 et
2465 2132 2844 2200 canephoros,
2893 2138 2947 2184 et
2977 2140 3314 2197 quaecunque
3377 2139 3483 2178 no-

1903 2229 2048 2282 mina
2097 2243 2255 2296 nuga:
2291 2226 2583 2295 imponunt
2626 2222 2931 2293 gentilium.
2982 2221 3106 2275 Haec
3156 2218 3374 2289 quidem
3431 2224 3486 2269 et

1909 2319 2011 2373 alia
2052 2319 2258 2373 fiebant
2286 2314 2783 2384 ConstantinOpoli.

219 2402 480 2471 κλησίαις
533 2405 831 2475 προσόδους
889 2406 1182 2475 ἀπένειμε,
1240 2407 1334 2459 καὶ
1372 2410 1401 2460 ὁ
1438 2407 1630 2460 τούτου
1712 2408 1827 2470 υίὸς
1890 2408 2286 2472 Κωνστάντιος,
2352 2407 2560 2468 ταύτας
2614 2403 2853 2472 ἀφελὼν,
2909 2405 3024 2464 τοῖς
3077 2401 3187 2453 τῶν
3243 2397 3483 2453 εἰδώλων

218 2499 374 2558 ναοῖς
399 2496 725 2567 άφιέρωσεν,
757 2496 873 2550 ἀντ’
899 2497 1215 2550 ἐπισκόπων
1262 2500 1352 2550 καὶ
1405 2498 1799 2567 πρεσϐυτέρων
1862 2503 1957 2553 καὶ
1992 2500 2258 2552 διακόνων
2306 2500 2656 2568 καταστήσας
2705 2496 2993 2565 ζακόρους,
3030 2493 3125 2546 καὶ
3158 2492 3485 2560 νεωκόρους,

223 2589 326 2643 καὶ
371 2590 595 2659 ράντας,
631 2589 726 2642 καὶ
762 2587 927 2653 θύτας
950 2629 965 2654 ,
1029 2590 1124 2643 καὶ
1154 2591 1499 2659 κανηφόρους
1524 2630 1538 2655 ,
1570 2590 1662 2641 καὶ
1690 2590 1821 2654 ὅσας
1852 2593 1879 2644 ὁ
1934 2590 2215 2660 ἐλληνικὸς
2255 2588 2412 2650 ὕθλος
2452 2588 2775 2659 ἐπιφημίζει
2830 2587 3243 2659 προσωνυμίας.
3288 2583 3481 2640 Ταῦτα

227 2681 334 2751 μὲν
370 2684 464 2734 καὶ
498 2682 663 2751 ἐτερα
710 2681 1065 2753 διεπράττετο
1102 2682 1244 2735 κατὰ
1289 2681 1391 2752 τὴν
1449 2683 2047 2737 Κωνσταντινούπολιν.

304 2774 405 2827 IB'.
430 2776 586 2827 Μετὰ
619 2777 675 2828 δὲ
700 2777 874 2830 ταῦτα
909 2777 1147 2845 μητέρος
1184 2775 1349 2829 αὑτοῦ
1392 2776 1619 2845 ἀδελφὸν
1648 2776 1807 2848 ἔχων,

228 2867 524 2924 Ὶουλιανδν
555 2869 821 2937 τοῦνομα.
867 2870 966 2938 τὴν
1011 2868 1105 2922 τοῦ
1159 2870 1598 2939 Χριστιανισμοῦ
1627 2872 1810 2925 πίστιν

229 2962 325 3014 διὰ
382 2962 481 3031 τὴν
524 2960 735 3013 ἐκείνου
792 2963 951 3032 χάριν
1000 2962 1432 3032 ἐξομοσάμενον,
1471 2965 1565 3016 καὶ
1606 2964 1811 3031 πολλὴν

233 3053 379 3121 ὑπὲρ
432 3052 527 3104 τοῦ
576 3053 1296 3125 Ἑλληνισμοῦνπροθυμίαν
1339 3054 1809 3117 ἐπιδεικνύμενον,

1988 2779 2102 2833 XII.
2137 2778 2264 2833 Post
2297 2779 2415 2832 haec
2464 2787 2645 2831 autem
2692 2790 2812 2829 cum
2867 2773 3057 2827 matris
3104 2786 3216 2825 sua:
3269 2769 3491 2824 haberet

1920 2872 2165 2936 fratrem,
2197 2872 2414 2926 nomine
2451 2870 2744 2930 Julianum,
2796 2866 2887 2935 qui
2927 2874 2985 2919 ut
3026 2864 3102 2917 illi
3155 2861 3491 2932 gratiﬁcare-

1922 2976 2027 3030 tur,
2059 2965 2461 3020 Christianismi
2522 2964 2678 3020 ﬁdem
2734 2962 3102 3029 abjuraverat,
3162 2967 3216 3012 et
3263 2973 3362 3027 pro
3409 2971 3494 3009 er-

1922 3075 2043 3113 rore
2108 3060 2350 3129 gentium
2413 3057 2732 3111 ostendebat
2811 3062 3121 3123 promptum
3189 3060 3243 3103 et
3318 3049 3495 3102 alacre

232 3144 475 3213 ἇρχοντα
500 3144 596 3215 τῆς
630 3144 772 3215 ἐῴας
824 3147 883 3198 ὃν
938 3146 1166 3200 καλοῦσι
1222 3148 1441 3214 κόμητα
1481 3128 1809 3213 ἐξέπεμψεν,

1921 3152 2085 3205 animi
2131 3151 2396 3216 studium,
2450 3147 2633 3203 emisit
2694 3144 2932 3199 Orientis
2990 3153 3276 3203 rectorem,
3333 3154 3494 3209 quem

235 3234 644 3303 ἐντειλάμενος,
696 3237 765 3289 τά
821 3236 919 3306 μὲν
976 3238 1084 3289 τῶν
1127 3235 1435 3304 ἐκκλησιῶν
1515 3236 1821 3307 πράγματα

234 3324 447 3378 κακοῦν
490 3343 547 3378 τε
593 3327 688 3378 καὶ
743 3327 1112 3397 διαφθείρειν,
1161 3326 1440 3396 πανταχοῦ
1470 3327 1527 3379 δὲ
1585 3329 1680 3380 καὶ
1733 3329 1821 3381 διὰ

239 3418 423 3486 πάσης
456 3418 598 3482 ίδέας
616 3419 707 3472 τὸν
745 3419 1100 3489 Ἐλληνισμὺν
1131 3419 1318 3486 αῦξειν
1346 3438 1405 3473 τε
1429 3422 1522 3474 καὶ
1547 3421 1820 3493 ἐπαίρειν.

251 3506 315 3560 '0
343 3508 398 3562 δὲ
422 3512 762 3581 ἀφικόμενος
791 3515 848 3565 ἐν
880 3513 1180 3585 Ἀντιοχείᾳ
1198 3517 1458 3585 ἐπειρᾶτο
1479 3516 1680 3584 μείζων
1715 3515 1823 3569 τῶν

240 3603 650 3670 ἐντεταλμένων
676 3606 788 3665 τοῖς
838 3604 1021 3674 ἔργοις
1056 3606 1364 3672 φαίνεσθαι,
1398 3607 1493 3659 καὶ
1539 3608 1602 3675 δὴ
1649 3624 1821 3675 προσ-

238 3695 565 3762 αφαιρεῖται
615 3693 717 3761 μὲν
782 3696 976 3749 πασῶν
1011 3697 1120 3751 τῶν
1156 3697 1467 3768 ἐκκλησιῶν
1506 3701 1725 3755 ἅπαντα
1754 3701 1823 3754 τὰ

242 3785 529 3855 κειμήλια,
562 3787 663 3840 ὅσα
681 3788 738 3841 ἐν
761 3790 987 3860 ἀργύρῳ
1017 3808 1075 3843 τε
1103 3792 1196 3845 καὶ
1228 3791 1416 3861 χρυσῷ
1451 3794 1547 3844 καὶ
1574 3795 1825 3862 σηρικοῖς

241 3880 535 3949 ὑφάσμασι
563 3882 808 3948 διετέλει,
843 3884 1127 3937 ἀποκλείει
1162 3882 1218 3937 δὲ
1252 3884 1345 3937 καὶ
1379 3885 1477 3946 τὰς
1509 3884 1821 3955 ἐκκλησίας,

240 3972 341 4025 τοῦ
386 3974 458 4043 μή
529 3992 653 4029 τινα
706 3977 986 4046 εἰσφοιτᾷν
1030 3978 1087 4028 ἐν
1140 3976 1335 4039 αὐταῖς
1394 3976 1563 4047 εὐχῆς
1615 3976 1824 4041 ἕνεκα,

244 4067 473 4136 κλεῖθρα
518 4069 613 4121 καὶ
657 4070 909 4139 μυχχοῦς
954 4072 1064 4131 τοῖς
1099 4068 1334 4121 πολῶσιν
1359 4069 1656 4121 ἐπιϐαλών.
1711 4069 1824 4120 Καὶ

244 4157 421 4212 ταῦτα
455 4161 558 4229 μὲν
608 4161 751 4214 κατὰ
798 4162 896 4231 τὴν
923 4162 1199 4244 Ἀντιόχου
1248 4162 1404 4212 πόλιν
1434 4178 1445 4190 ·
1490 4161 1515 4212 ὀ
1541 4161 1637 4228 τῆς
1673 4160 1829 4213 Ἀνα-

243 4247 410 4314 τολῆς
471 4247 654 4316 ἄρχων
706 4250 1011 4316 εἰργάζετο,
1072 4252 1099 4300 ὁ
1142 4248 1198 4299 δὲ
1243 4247 1491 4316 βασιλεὺς
1521 4247 1826 4313 Ἰουλιανὸς,

247 4339 332 4388 ἔτι
378 4338 521 4390 κατὰ
551 4336 649 4408 τὴν
676 4338 1253 4393 Κωνσταντινούπολιν
1289 4339 1489 4393 διεῖλκέ
1532 4358 1654 4393 τινα
1704 4343 1830 4412 χρό-

248 4448 365 4493 νον,
389 4430 456 4482 τὰ
478 4431 534 4482 ἐν
555 4430 729 4501 ταύτῃ
758 4431 1056 4500 κρατύνεις,
1084 4436 1162 4495 είς
1185 4435 1322 4500 ὅπερ
1353 4432 1567 4501 ἐνόμιζε
1595 4435 1830 4502 μάλιστα

246 4529 316 4593 τῇ
350 4523 598 4593 βασιλεία
613 4524 933 4595 συμφέρειν,
962 4526 1055 4577 καὶ
1084 4526 1211 4587 ὅπος
1241 4527 1265 4576 ὁ
1304 4524 1654 4595 Ἑλληνισμὸς
1683 4527 1830 4596 αὐτῷ
1863 4518 1905 4571 D

250 4620 394 4687 πρὸς
464 4620 524 4671 τὸ
588 4618 1006 4687 μεγαλειότερον
1065 4618 1266 4688 ἐξαρθῇ
1336 4618 1559 4669 σκοπῶν
1617 4635 1673 4669 τε
1737 4621 1828 4670 καὶ

254 4712 806 4782 πραγματευόμενος.
845 4712 1017 4781 *Αρας
1046 4706 1137 4763 οὖν
1168 4713 1231 4764 ἐκ
1263 4712 1358 4779 τῆς
1392 4714 1830 4764 Κωνσταντινουο

256 4806 466 4866 πόλεως
502 4804 597 4855 σὺν
623 4807 787 4857 παντὶ
835 4804 912 4873 τῷ
962 4804 1179 4875 στρατῴ
1225 4805 1322 4876 τὴν
1365 4804 1457 4857 ἐπὶ
1487 4804 1584 4871 τῆς
1634 4804 1831 4874 Συρίας

252 4903 278 4951 ὲ
294 4900 498 4950 πιειεῖτο
524 4897 662 4949 ὀδόν.

334 4991 428 5044 II".
458 4989 696 5043 Διελθὼν
711 4989 892 5043 τοίνυν
916 4991 1135 5044 ἃπασαν
1167 4990 1263 5058 τὴν
1288 4990 1552 5057 Φρυγίαν,
1580 4990 1673 5043 καὶ
1699 4989 1833 5058 πρὸς

253 5084 355 5152 τὴν
384 5083 618 5152 ἐσχάτην
646 5082 816 5149 αὐτῆς
842 5084 996 5136 πόλιν
1022 5084 1081 5135 τὸ
1104 5083 1438 5146 καλούμενον
1458 5081 1672 5134 Ἰκόνιον
1700 5098 1833 5133 κατ-

255 5176 529 5243 αντήσας,
607 5176 844 5239 ἐξέκλινε
882 5176 979 5246 τὴν
1037 5177 1309 5244 Ἰσαυρὶαν
1353 5171 1688 5227 καταλιπών.
1730 5173 1835 5226 Καὶ

254 5270 351 5317 τὸν
388 5266 682 5335 λεγόμενον
709 5269 923 5338 Ταῦρον
960 5268 1316 5339 ὑπεραναϐὰς
1356 5285 1368 5297 ·
1415 5264 1578 5337 ἦλθεν
1608 5266 1698 5317 ἐπὶ
1735 5267 1837 5328 τὰς

258 5358 449 5419 πόλεις
479 5356 579 5424 τῆς
609 5359 883 5424 Κιλικίας,
920 5359 1011 5411 καὶ
1052 5360 1128 5427 τῷ
1176 5358 1402 5427 σταθμῷ
1444 5355 1835 5426 προσπελάσας

257 5449 341 5517 τῷ
373 5450 431 5500 ἐν
465 5447 621 5517 Ἰσσῷ
654 5450 821 5503 αὑτοῦ
856 5468 959 5503 που
988 5454 1328 5519 κατασκηνοῖ
1350 5490 1364 5513 ,
1414 5450 1505 5501 τὸν
1550 5449 1612 5500 ἐκ
1650 5451 1837 5501 Maxe-

258 5541 442 5602 ὃονίας
493 5539 843 5608 Ἀλέξανδρον
877 5544 1255 5613 μιμησάμενος
1291 5559 1305 5573 ο
1348 5540 1535 5594 αὐτόθι
1583 5540 1692 5608 γὰρ
1739 5542 1836 5595 κὰ-

263 5633 439 5692 κεῖνος
475 5634 532 5684 ἐν
569 5632 723 5704 Ἰσσῷ
775 5633 865 5685 τὸν
903 5636 1032 5703 πρὸς
1063 5637 1285 5705 Δαρεῖον
1310 5634 1399 5687 τὸν
1435 5632 1837 5702 Περσῶνβασια

264 5722 362 5775 λέα
394 5725 759 5795 συνεκρότησε
789 5724 1045 5794 πόλεμον,
1075 5731 1169 5777 καὶ
1200 5724 1385 5778 τοῦτον
1412 5725 1662 5795 νικήσας,
1723 5727 1839 5778 ἐπί-

268 5829 445 5885 σημον
492 5814 583 5870 τὸν
636 5820 799 5874 τόπον
834 5817 1127 5885 εἰργάσατο
1212 5818 1418 5871 ἐκεῖθεν
1472 5818 1559 5871 τὸν
1605 5817 1837 5873 Ἰσσικὸν

1922 3254 2119 3299 vocant
2149 3242 2424 3302 comitem,
2452 3240 2651 3310 jubens
2682 3246 2741 3292 ut
2759 3252 2843 3291 res
2872 3234 3089 3305 quidem
3143 3231 3494 3288 ecclesiarum

1923 3344 2145 3388 vexaret
2178 3344 2233 3387 et
2259 3334 2532 3401 perderet,
2568 3331 2768 3399 ubique
2794 3338 2972 3383 autem
3013 3335 3066 3379 et
3109 3326 3257 3379 omni
3290 3322 3499 3376 ratione

1923 3440 2163 3479 errorem
2196 3424 2437 3494 gentium
2477 3432 2701 3492 augeret
2729 3430 2785 3473 et
2834 3419 3137 3473 extolleret.
3191 3414 3283 3469 Ille
3337 3413 3498 3484 igitur

1925 3534 2046 3574 cum
2073 3517 2314 3572 venisset
2348 3513 2718 3577 Antiochiam,
2771 3512 3074 3565 conabatur
3114 3509 3290 3576 reipsa
3344 3506 3499 3575 plura

1925 3620 2201 3679 praestare,
2268 3623 2428 3675 quam
2479 3607 2525 3660 ei
2591 3605 2769 3659 fuerat
2814 3604 3158 3672 imperatum.
3208 3599 3274 3653 Et
3327 3597 3501 3653 eccle-

1925 3704 2023 3756 siis
2053 3700 2269 3771 quidem
2304 3700 2480 3755 aufert
2511 3711 2853 3767 queecunque
2904 3694 3180 3748 habebant
3233 3690 3495 3760 pretiosa,

1930 3805 2034 3848 tam
2068 3797 2118 3848 iu
2156 3805 2377 3864 argento
2412 3802 2462 3848 et
2489 3808 2640 3853 auro,
2681 3806 2842 3858 quam
2879 3790 2934 3842 in
2987 3788 3177 3842 sericis
3210 3786 3501 3841 vestimen-

1928 3888 2014 3941 tis.
2049 3886 2374 3951 Quinetiam
2415 3885 2615 3939 claudit
2643 3881 2923 3941 ecclesias,
2965 3896 3035 3933 ne
3060 3880 3181 3950 quis
3206 3881 3258 3934 in
3294 3894 3387 3933 eas
3412 3879 3498 3931 in-

1930 3980 2245 4051 grederetur
2304 3977 2565 4047 precandi
2624 3990 2806 4037 causa,
2858 3972 3110 4027 claustris
3163 3981 3217 4026 et
3256 3971 3504 4025 vectibus

1926 4077 2107 4146 januis
2132 4074 2413 4143 impositis.
2446 4072 2510 4125 Et
2541 4074 2657 4127 haec
2684 4070 2903 4141 quidem
2929 4068 3235 4124 Antiochiae
3268 4068 3505 4122 faciebat

1932 4181 2114 4221 comes
2163 4164 2426 4218 Orientis.
2483 4163 2780 4232 Imperator
2834 4172 3015 4214 autem
3064 4161 3313 4215 Julianus
3359 4162 3501 4214 (οη-

1934 4254 2288 4326 stantinopoli
2328 4255 2550 4322 aliquod
2580 4254 2758 4308 adhuc
2799 4246 3116 4307 morabatur
3154 4262 3388 4321 tempus,
3418 4266 3505 4305 res

1933 4350 2260 4405 confirmans
2286 4357 2337 4402 et
2372 4348 2753 4411 corroborans,
2789 4356 2951 4416 prout
2988 4345 3037 4401 ei
3082 4343 3317 4399 maxime
3339 4358 3505 4411 expc-

1934 4441 2047 4494 dire
2085 4438 2363 4493 videbatur
2387 4436 2615 4508 imperio
2650 4455 2662 4490 :
2694 4444 2747 4491 et
2797 4446 2855 4490 ut
2903 4451 3060 4490 er.or
3102 4433 3343 4505 gentium
3393 4448 3507 4487 ma-

1936 4532 2131 4601 gnifice
2194 4531 2584 4593 extolleretur,
2652 4528 3007 4583 considerans
3080 4535 3133 4581 et
3186 4540 3503 4595 procurans.

1934 4623 2125 4677 Postea
2188 4638 2315 4675 vero
2363 4621 2647 4676 discedens
2686 4618 3163 4688 Constantinopoli
3217 4632 3340 4672 cum
3387 4615 3508 4670 uui-

1935 4728 2093 4767 verso
2131 4714 2396 4775 exercitu,
2435 4713 2537 4765 iter
2560 4711 2790 4766 faciebat
2825 4712 2880 4763 in
2908 4709 3141 4779 Syriam.

2006 4985 2148 5042 XIII.
2198 4984 2331 5037 Cum
2378 4983 2560 5052 itaque
2608 4982 2915 5037 universam
2970 4980 3297 5048 pervasisset
3342 4977 3509 5047 Phry-

1936 5080 2095 5149 giam,
2126 5085 2179 5130 et
2216 5076 2280 5130 ad
2314 5076 2431 5145 ejus
2473 5074 2716 5129 ultimam
2751 5072 2990 5127 venisset
3047 5070 3346 5132 civitatem,
3388 5084 3509 5138 quae

1938 5181 2162 5225 vocatur
2187 5169 2449 5231 Iconium,
2480 5166 2773 5221 declinavit
2803 5164 2989 5221 relicta
3028 5163 3255 5218 Isauria.
3285 5163 3349 5216 Et
3383 5177 3506 5216 cum

1939 5263 2200 5326 Taurum,
2228 5263 2317 5329 qui
2344 5259 2565 5319 dicitur,
2600 5264 2932 5328 superasset,
2968 5255 3117 5310 venit
3163 5254 3228 5306 ad
3261 5252 3510 5306 civitates

1937 5355 2159 5411 Ciliciae.
2198 5354 2334 5408 Cum
2368 5366 2495 5405 vero
2545 5350 2871 5405 accessisset
2919 5348 2986 5402 ad
3030 5347 3343 5408 stationem,
3391 5360 3512 5411 quae

1938 5458 2023 5503 est
2054 5451 2106 5501 in
2139 5448 2268 5505 Isso.
2301 5444 2409 5498 illic
2435 5452 2871 5505 castrametatur,
2900 5437 3250 5493 Macedonem
3284 5437 3512 5490 Alexan-

1939 5543 2095 5599 drum
2127 5540 2393 5593 imitatus.
2439 5536 2572 5590 Nam
2616 5536 2706 5588 ille
2743 5550 2961 5604 quoque
2990 5531 3040 5584 in
3095 5530 3206 5586 Isso
3240 5544 3364 5583 cum
3409 5528 3514 5582 Da-

1942 5631 2024 5685 rio
2058 5646 2180 5699 rege
2216 5628 2502 5682 Persarum
2552 5625 2827 5679 connnisit
2878 5621 3146 5692 praelium.
3196 5620 3314 5684 Quo
3345 5618 3509 5680 victo,

1944 5722 2119 5776 locum
2156 5719 2390 5775 reddidit
2425 5717 2710 5788 insignem.
2765 5713 2915 5767 Illinc
2969 5714 3149 5767 sinum
3214 5709 3515 5764 transmisit

1944 5816 2190 5881 Issicum,
2219 5821 2273 5869 et
2305 5810 2449 5868 venit
2486 5807 2847 5873 Antiochiam,
2882 5808 3013 5860 iram
3064 5804 3279 5879 spirans
3320 5802 3512 5856 adver-
