4216 6432
759 413 898 475 1179

2022 396 2302 458 MENSIS
2340 394 2702 455 OCTOBEH.

3907 385 4037 455 118³3

766 523 902 574 curii
936 517 1133 582 verbis,
1164 534 1286 587 qua:
1323 534 1352 571 a
1383 519 1532 571 vobis
1563 518 1781 587 quidem
1816 519 1869 571 in
1899 519 2106 572 honore
2137 514 2335 568 haben-

2453 513 2670 581 σαπρῶν
2693 529 2750 564 τε
2781 513 2871 563 καὶ
2902 509 3175 564 ὀδωδὸτων
3197 507 3395 580 Ἑρμοῦ
3432 509 3718 577 ῥημάτων,
3753 505 3876 557 τῶν
3915 505 4042 573 παρ’

766 628 873 674 tur,
901 614 1010 679 jam
1043 621 1224 666 autem
1259 613 1349 666 diu
1381 621 1504 666 ante
1540 618 1869 679 putruerunt
1899 621 1951 665 et
1978 606 2344 663 ellluxerunt?

761 702 951 770 Neque
987 704 1133 756 enim
1168 703 1234 757 de
1265 703 1401 756 vivis
1427 701 1504 757 fas
1530 711 1614 756 est
1647 718 1836 772 rogare
1867 712 2110 756 mortuos
2141 700 2226 762 iis,
2250 696 2340 765 qui

763 812 829 849 ex
864 797 1063 849 divinis
1094 796 1325 865 eloquiis
1355 798 1558 850 habent
1607 811 1763 850 veros
1803 806 2086 865 martyres,
2118 793 2210 862 qui
2244 792 2339 846 ad-

763 899 987 943 ventum
1020 889 1218 942 Christi
1257 899 1312 943 et
1347 889 1684 942 divinitatem
1716 888 2171 958 praenuntiarunt.

833 1068 995 1121 XVII.
1041 1069 1370 1139 Pythagoras
1421 1080 1623 1132 autem,
1656 1072 1746 1138 qui
1799 1082 1958 1124 secta:
2011 1071 2208 1123 italiae
2242 1068 2340 1123 fuit

759 1169 950 1212 auctor
981 1169 1032 1212 et
1069 1161 1345 1229 princeps,
1377 1163 1506 1231 quid
1561 1179 1813 1231 magnum
1858 1173 1913 1215 et
1960 1163 2334 1214 admirandum

761 1247 910 1309 fecit,
944 1257 1025 1301 ter
1055 1249 1106 1301 in
1146 1251 1305 1302 vitam
1341 1252 1682 1318 productus?
1707 1253 1786 1305 An
1821 1252 1962 1319 quod
1986 1268 2107 1305 cum
2143 1252 2336 1305 fuisset

759 1337 1042 1407 Olympim,
1077 1348 1133 1391 ut
1159 1356 1254 1392 vos
1280 1341 1480 1400 dicitis,
1519 1357 1743 1393 aureum
1775 1358 1930 1395 suum
1961 1341 2136 1395 femur
2159 1352 2338 1395 osten-

761 1433 838 1484 dit
875 1432 1280 1486 llellanodicis?
1325 1432 1416 1485 Vel
1452 1433 1595 1501 quod
1643 1434 1979 1504 mugientem
2025 1434 2217 1487 bovem
2251 1448 2338 1486 sa-

762 1523 1141 1578 criﬁcaturus:
1185 1525 1380 1589 Habet,
1413 1527 1608 1595 inquit,
1643 1529 1879 1581 animam
1905 1528 2002 1580 viri
2042 1527 2169 1579 mihi
2202 1527 2338 1580 ami-

761 1617 989 1682 cissimi,
1038 1628 1090 1672 et
1140 1635 1235 1687 per
1285 1622 1548 1687 mugitum
1599 1637 1682 1674 me
1726 1622 1923 1676 salutat
1972 1621 2196 1674 infelix?
2230 1621 2334 1673 Seu

761 1710 906 1775 quod
960 1713 1214 1778 aquilam,
1255 1729 1375 1780 qua:
1427 1715 1655 1767 sublime
1687 1715 1919 1778 volabat,
1955 1732 2050 1783 per
2088 1716 2338 1768 incanta—

765 1805 966 1857 tionem
999 1805 1124 1859 fecit
1156 1807 1349 1859 cadere
1383 1807 1434 1858 in
1464 1810 1705 1860 terram?
1737 1809 1860 1861 llzec
1891 1808 2150 1861 miracula
2186 1806 2310 1860 fecit

763 1911 886 1948 cum
918 1907 1061 1949 esset
1109 1895 1365 1966 Olympiae
1399 1909 1478 1952 ter
1509 1901 1724 1968 genitus
1754 1899 2103 1970 Pythagoras,
2146 1901 2337 1953 insano

765 1989 946 2054 gloriae
976 2004 1159 2042 amore
1193 2001 1404 2058 captus.
1443 2003 1496 2046 et
1533 1993 1743 2046 visione
1772 1995 1884 2047 haec
1926 1997 2340 2063 apprehendens

767 2089 848 2131 ter
883 2081 1089 2148 infelix,
1121 2083 1210 2151 qui
1240 2086 1658 2153 quaternionem
1709 2087 2089 2154 jusjurandum
2135 2089 2342 2142 consti.

765 2173 968 2237 tuebat,
1004 2185 1054 2228 et
1085 2191 1207 2228 eum
1243 2177 1459 2231 dicebat
1491 2178 1691 2232 fontem
1731 2191 1952 2233 aeternae
1985 2195 2214 2246 naturae,
2250 2183 2342 2250 qui

764 2265 916 2320 fabas
944 2269 1154 2321 colebat
1209 2280 1432 2338 prepter
1479 2286 1614 2338 quas
1653 2273 1834 2340 periit,
1873 2290 1994 2325 cum
2026 2275 2138 2327 suis
2182 2275 2339 2328 fami-

764 2358 990 2411 liaribus
1013 2360 1174 2411 simul
1199 2363 1456 2424 expulsus
1478 2379 1505 2412 a
1538 2362 1872 2416 Tarentinis.
1905 2363 2040 2415 Nam
2069 2379 2189 2416 cum
2222 2365 2341 2416 nol-

765 2450 836 2502 let
874 2451 1086 2504 calcare
1116 2453 1310 2514 locum,
1344 2454 1392 2505 in
1425 2471 1530 2522 quo
1564 2456 1696 2510 fabae
1734 2465 1891 2510 erant
1928 2457 2204 2523 dispersae,
2243 2458 2343 2511 ibi-

763 2539 885 2592 dem
919 2541 1248 2594 interﬁcitur
1299 2560 1421 2596 eum
1457 2544 1817 2598 familiaribus
1853 2556 1906 2599 et
1939 2546 2242 2616 discipulis,
2288 2558 2343 2602 et

765 2638 1106 2692 consumitur
1144 2641 1211 2693 ab
1262 2642 1518 2695 inimicis.
1558 2642 1780 2696 Theano
1826 2653 2008 2699 autem
2057 2647 2171 2713 ejus
2207 2661 2343 2699 uxor

764 2733 818 2778 et
865 2726 1148 2796 discipula,
1201 2746 1322 2785 cum
1379 2732 1545 2786 nollet
1593 2735 1775 2787 dicere
1823 2751 2065 2800 causam,
2118 2745 2342 2804 propter

765 2833 926 2885 quam
965 2820 1082 2873 faba
1116 2839 1224 2875 non
1259 2835 1576 2890 vescuntur,
1631 2828 1744 2896 ipsa
1794 2843 2033 2896 quoque,
2077 2830 2122 2880 ei
2160 2827 2341 2895 lingua

767 2920 1066 2978 amputata,
1110 2913 1418 2981 perimitur.

836 3093 1021 3147 XVIII.
1073 3094 1195 3148 Haec
1222 3106 1350 3149 sunt
1389 3100 1698 3166 sapientum
1746 3098 2195 3166 philosophorum
2236 3099 2344 3167 pri-

2321 1844 2334 1866 ’
2377 1848 2416 1901 Β

2446 604 2576 671 ὑμῖν
2625 605 2989 672 τιμωμένων,
3034 603 3133 673 ἤδη
3178 603 3286 670 πρὸ
3321 600 3516 652 πολλοῦ
3564 599 3907 667 σεσηπότων
3949 598 4042 649 καὶ

2445 694 2909 764 ἁπεῤῥυηκότωνς
2975 696 3096 746 οὑδέ
3145 694 3255 762 γὰρ
3289 695 3435 746 ὅσιον
3482 693 3602 760 περὶ
3642 690 3756 742 τῶν
3808 691 4043 752 ζώντων

2443 788 2658 856 ἐρωτᾷν
2694 789 2820 847 τοὺς
2847 788 3094 856 νεκροὺς,
3129 786 3442 855 ἔχοντας-ἐκ
3477 785 3584 834 τῶν
3615 782 3920 847 θεοσόφων
3949 781 4038 830 λο-

2443 882 2579 944 γίων
2612 881 2739 940 τοὺς
2778 877 3003 943 ἀληθεῖς
3048 878 3328 946 μάρτυρας
3355 918 3368 939 ,
3427 877 3474 928 οἳ
3513 875 3610 943 τὴν
3641 874 3742 926 τοῦ
3786 872 4040 940 Χριστοῦ

2443 972 2746 1042 παρουσίαν
2782 989 2840 1023 τε
2878 970 2973 1022 καὶ
3013 969 3244 1037 θεότητα
3288 967 3802 1035 προκατήγγειλσν.

2518 1063 2614 1117 lZ'.
2655 1061 3063 1133 [luBay-dpa;,6é
3091 1063 3118 1114 ὁ
3144 1060 3244 1126 τῆς
3285 1059 3552 1124 Ἰταλικῆς
3593 1057 3898 1124 κατάρξας
3955 1054 4027 1106 αἱ·

2444 1158 2647 1228 ρέσεως
2695 1157 2748 1208 τί
2801 1159 2942 1225 μέγα
2989 1155 3081 1206 καὶ
3122 1153 3436 1221 θαυμαστὸν
3487 1154 3544 1202 ἐν
3579 1150 3657 1217 τῷ
3727 1147 3832 1216 βξῳ
3874 1161 4041 1214 προσ-

2444 1247 2752 1317 παραχθεὶς
2787 1246 3188 1316 ἀπειργάσατο,
3246 1244 3393 1313 ἣὸτι
3439 1246 3494 1293 ἐν
3544 1240 3835 1305 Ὀλυμπὶα
3886 1236 4038 1303 γενό-

2449 1357 2634 1408 μενος,
2667 1339 2742 1402 ὼς
2790 1341 2949 1408 ὑμεῖς
3001 1355 3159 1405 φατε,
3188 1336 3422 1407 χρυσοῦν
3467 1335 3556 1387 τὸν
3608 1331 3815 1384 ἑαυτοῦ
3859 1329 4037 1397 μηρδτ

2438 1439 2552 1496 τοῖς
2584 1435 2986 1497 Ἐλλανοδὶκαις
3017 1434 3261 1497 ὑπέδειξε
3289 1451 3302 1497 ;
3338 1431 3430 1483 καὶ
3461 1429 3590 1500 βοῦν
3628 1426 3872 1479 θύεσθαι
3915 1422 4040 1491 μέλ-

2438 1528 2598 1578 λοντα
2637 1527 3023 1595 μυκησάμενον
3050 1544 3065 1557 ·
3117 1526 3351 1594 Ἀνδρος,
3389 1522 3720 1592 ἔξαψψυχὴν
3756 1521 3889 1587 ἐμοὶ
3925 1517 4042 1583 3:1?

2438 1622 2605 1675 τάτου
2637 1621 2923 1688 κέκτηται,
2966 1622 3063 1673 καὶ
3103 1619 3189 1671 διά
3245 1619 3338 1670 τοῦ
3382 1619 3708 1685 μυκήματος
3760 1628 4042 1682 προσαγο-

2443 1712 2592 1781 ρεύει
2627 1729 2694 1780 με
2731 1714 2759 1763 ὁ
2801 1711 3168 1780 ταλαίπωρος,
3193 1709 3290 1762 καὶ
3325 1707 3482 1760 ἀετὸν
3520 1708 3578 1757 ἐν
3622 1705 3755 1772 ὕψει
3789 1721 4042 1754 καταπε-

2444 1806 2671 1874 τόμενον
2698 1806 2766 1856 δι’
2805 1805 3017 1875 ἐπῳδῆς
3051 1804 3387 1856 καταπεσεῖν
3431 1801 3521 1852 ἐπὶ
3558 1799 3660 1867 γῆς
3708 1794 3992 1862 πεποίηκε
4023 1812 4035 1856 ς

2449 1899 2636 1950 Ταῦτα
2679 1898 2705 1950 ὁ
2730 1898 2848 1966 τρὶς
2871 1897 3156 1964 γεννηθεὶς
3186 1892 3628 1961 ἐθαυματούργει
3662 1891 3724 1942 ἐν
3758 1887 4042 1952 Ὀλυμπία

2447 1994 2752 2059 γενόμενος,
2795 1988 3104 2059 δοξομκνῶν
3138 1987 3232 2040 καὶ
3285 1984 3762 2054 φαντασιο·3μενος
3806 1984 3834 2033 ὁ
3881 1997 4042 2046 τρισ-

2445 2083 2654 2148 άθλιος,
2688 2086 2715 2135 ὁ
2740 2085 2838 2152 τὴν
2868 2083 3173 2150 τετρακτὺν
3203 2081 3366 2147 ὅρκον
3404 2076 3691 2144 τιθέμενος
3765 2075 3867 2125 καὶ
3911 2073 4041 2124 ταυ-

2446 2196 2546 2244 την
2589 2177 2814 2243 φάσκων
2851 2175 3035 2243 πηγὴν
3099 2171 3327 2224 ἀεννάου
3372 2169 3608 2236 ψύσεως,
3659 2170 3686 2218 ὸ
3720 2167 3850 2226 τοὺς
3905 2167 4040 2216 κυά-

2451 2287 2585 2337 μους
2616 2269 2932 2337 σεϐόμενος,
2976 2267 3040 2318 δι’
3075 2265 3167 2327 οὓς
3208 2263 3458 2316 ἀπώλετο
3509 2260 3647 2330 μετὰ
3706 2259 3821 2312 τῶν
3869 2257 4039 2310 αὖτοῦ

2447 2361 2721 2428 ἑταίρων,
2772 2360 2877 2413 ὑπὸ
2925 2359 3034 2412 τῶν
3081 2359 3434 2426 Ταραντίνων
3501 2351 3985 2416 συνελαυνόμενος
4022 2364 4035 2378 ·

2450 2456 2523 2522 μὴ
2580 2451 2907 2520 βουλόμενος
2950 2451 3060 2520 γὰρ
3106 2450 3197 2501 τὸν
3247 2451 3410 2500 τόπον
3459 2446 3734 2512 πατῆσαι,
3783 2446 3844 2494 ἐν
3987 2441 4035 2491 οἱ

2449 2545 2651 2612 κύαμοι
2705 2543 3039 2613 ἐσπαρμένοι
3104 2541 3424 2609 ἐτύγχανον,
3491 2536 3657 2590 αὑτοῦ
3707 2536 3857 2602 μετὰ
3928 2534 4038 2583 τῶν

2447 2637 2682 2703 ἑταίρων
2741 2634 2836 2687 καὶ
2898 2632 3157 2702 μαθητῶν
3203 2630 3694 2697 κατασφάττεται,
3761 2623 3860 2676 καὶ
3927 2623 4036 2672 τῶν

2447 2728 2654 2796 ἐχθρῶν
2695 2728 2904 2795 γίνεται
2950 2726 3346 2794 παρανάλωμα.
3404 2721 3594 2772 Θεανὼ
3641 2719 3697 2768 δέ
3747 2719 3773 2785 ἡ
3829 2717 4032 2767 toi-.09

2446 2818 2660 2886 γαμετὴ
2693 2821 2786 2869 καὶ
2822 2817 3100 2886 μαθήτρια
3122 2857 3135 2875 ,
3168 2815 3242 2882 μὴ
3297 2812 3531 2865 θέλουσα
3557 2810 3653 2878 τὴν
3689 2807 3884 2860 αἱτέαν
3911 2823 4040 2857 κατι

2447 2912 2623 2962 ειπεῖν
2678 2909 2745 2961 δι’
2788 2910 2854 2979 ἢν
2884 2907 2972 2961 τὸν
3002 2906 3217 2976 κύαμον
3241 2905 3341 2956 οὐκ
3367 2903 3629 2960 ἐσθίουσι,
3654 2901 3759 2968 τὴν
3783 2900 4038 2966 γλῶττάν

2448 3000 2784 3068 ἐκτμηθεῖσα
2809 3000 3107 3068 πρότερον,
3141 3000 3233 3051 καὶ
3253 2996 3390 3065 αὑτὴ
3445 2991 3930 3063 προσαπὸλλυαται.

2523 3089 2628 3144 111⁸.
2672 3088 2863 3141 Ταῦτα
2895 3090 3003 3138 τῶν
3042 3086 3224 3152 σοφῶν
3272 3085 3579 3150 φιλοσόφων
3630 3080 3700 3132 τὰ
3758 3082 4042 3148 προτερή-

768 3186 980 3254 vilegia,
1016 3187 1105 3254 qui
1152 3187 1234 3240 bis
1270 3198 1325 3241 et
1377 3197 1459 3246 ter
1510 3200 1637 3243 sunt
1682 3191 1871 3257 geniti,
1910 3201 1967 3243 ut
2003 3193 2116 3258 ipse
2157 3191 2337 3244 dixisti

2453 3202 2618 3253 ματα,
2654 3185 2761 3235 τῶν
2799 3183 2879 3244 δὶς
2904 3181 2999 3233 καὶ
3030 3180 3148 3248 τρὶς
3178 3177 3546 3246 γεννηθέντων
3569 3176 3645 3236 ὠς
3673 3174 3844 3234 αὐτὸς
3912 3175 4042 3240 ἐρηο

766 3279 1024 3329 oratorie.
1093 3279 1181 3330 Illa
1240 3289 1420 3331 autem
1482 3280 1737 3333 suntmei
1796 3281 1996 3335 Christi
2063 3281 2342 3346 miracula,

771 3380 994 3437 propter
1025 3373 1241 3438 generis
1273 3370 1497 3424 humani
1543 3371 1770 3425 salutem
1815 3383 1869 3426 et
1919 3372 2339 3427 restitutionem.

771 3461 832 3513 Et
868 3461 1194 3530 Pythagoras
1226 3464 1441 3529 quidem
1477 3472 1530 3516 et
1560 3464 1860 3518 Mercurius
1907 3464 2194 3517 hominum
2222 3463 2343 3517 ani-

771 3567 884 3604 mas
915 3552 1194 3605 deducunt
1241 3554 1305 3607 ad
1352 3554 1679 3620 profundum
1727 3553 2044 3616 inferorum,
2083 3555 2345 3621 quasdam

768 3661 956 3699 earum
989 3643 1493 3715 transmigrationcs
1523 3654 1574 3699 et
1609 3645 1974 3698 traductiones
2000 3645 2347 3699 introducen-

772 3749 874 3799 tes,
910 3737 1202 3803 aliquando
1235 3737 1450 3804 quidem
1485 3739 1538 3789 in
1581 3738 1836 3789 animalia
1882 3738 2110 3790 rationis
2157 3753 2349 3805 exper-

772 3830 840 3880 tia
901 3838 952 3880 et
977 3828 1178 3881 bestias
1210 3842 1300 3880 eas
1337 3825 1719 3880 traducentes:
1756 3827 2044 3895 aliquando
2082 3837 2258 3881 autem
2291 3828 2345 3881 in

769 3919 946 3987 pisces
972 3927 1025 3972 et
1051 3920 1291 3987 plantas;
1326 3927 1377 3970 et
1409 3917 1541 3970 alias
1569 3915 1829 3985 quasdam
1862 3917 2235 3972 revocationes
2293 3927 2347 3972 et

770 4013 1008 4066 ambitus
1056 4012 1342 4081 fingentes.
1376 4010 1630 4064 Christus
1672 4019 1876 4076 autem,
1921 4020 1979 4063 ut
2017 4010 2156 4063 Deus
2190 4025 2349 4063 Verus

770 4117 828 4161 et
859 4113 1116 4168 aeternus,
1166 4118 1289 4157 cum
1326 4102 1563 4155 animam
1612 4101 1832 4156 fecisset
1877 4102 2260 4166 immortalem,
2295 4110 2351 4156 et

775 4199 911 4255 θυιιῆ
948 4205 1224 4264 expertem
1266 4195 1470 4259 divino,
1505 4193 1597 4262 qui
1626 4193 1729 4246 fuit
1754 4193 1821 4246 ab
1854 4193 2031 4256 initio,
2071 4195 2266 4263 spiritu
2296 4205 2352 4251 et

776 4289 1162 4350 insulllatione,
1197 4287 1415 4355 quando
1445 4285 1740 4340 fabricatus
1775 4285 1877 4338 fuit
1903 4284 2140 4353 primum
2176 4287 2352 4339 homi-

777 4401 900 4438 nem
931 4387 1011 4453 (ut
1056 4384 1247 4444 divini,
1301 4393 1355 4434 et
1390 4395 1528 4448 quos
1578 4395 1739 4433 nemo
1785 4388 1964 4449 potest
2009 4380 2350 4447 calumniari,

778 4477 1023 4530 referunt
1049 4474 1169 4528 libri
1201 4472 1406 4536 Musis),
1438 4485 1557 4524 eam
1594 4485 1783 4524 rursus
1806 4487 1902 4539 per
1932 4472 2350 4526 inobedientiam

782 4569 1006 4637 lapsam,
1045 4575 1098 4619 et
1128 4564 1503 4633 deceptionem
1527 4563 1821 4633 serpentis,
1849 4563 1939 4632 qui
1971 4562 2130 4617 affert
2158 4566 2354 4619 animis

783 4661 1032 4723 exitium,
1066 4659 1178 4727 ipse
1206 4657 1430 4710 veniens
1455 4658 1511 4709 in
1537 4665 1763 4720 terram,
1792 4665 1846 4710 et
1877 4655 1928 4709 in
1955 4672 2017 4711 ea
2053 4659 2276 4726 degens,
2303 4669 2355 4710 et

785 4757 925 4808 viam
958 4752 1146 4806 salutis
1177 4749 1334 4804 nobis
1363 4749 1678 4814 ostendens,
1715 4764 1810 4818 per
1829 4749 2154 4818 baptismum
2187 4758 2241 4803 et
2271 4764 2354 4802 re-

784 4845 1178 4898 surrectionem
1202 4856 1232 4893 a
1260 4840 1490 4894 mortuis
1517 4841 1583 4894 ab
1609 4839 1801 4896 inferis
1831 4841 2045 4895 reduxit
2071 4841 2135 4894 ad
2165 4840 2354 4897 caelos.

786 4935 847 4990 Et
881 4950 1064 4989 rursus
1090 4933 1316 4986 veniens
1341 4932 1406 4986 ad
1423 4933 1788 4998 .judieandum
1822 4934 1972 4987 vivos
1998 4944 2054 4988 et
2088 4943 2350 4999 mortuos,

785 5027 948 5081 faciet
979 5038 1201 5093 surgere
1235 5036 1482 5090 corpora,
1504 5021 1875 5090 etconjunget
1907 5024 2020 5079 suis
2051 5025 2359 5088 animabus,

784 5129 839 5175 et
876 5119 1065 5173 reddet
1096 5115 1391 5186 unicuique
1431 5113 1732 5168 secundum
1770 5130 1866 5170 sua
1899 5133 2063 5187 opera
2091 5119 2129 5172 ¹.

859 5411 998 5466 XIX.
1044 5411 1168 5467 Haec
1202 5429 1324 5467 cum
1355 5425 1557 5486 martyr
1581 5413 1772 5469 fuisset
1797 5415 2230 5486 phil050phatus,
2257 5416 2359 5470 ini—

789 5503 1194 5573 qunsJulianus
1221 5523 1232 5556 :
1265 5503 1685 5576 Videte,inquit,
1707 5507 1805 5560 viri
1838 5506 2065 5562 Romani
2087 5517 2142 5562 et
2165 5508 2356 5573 Graeci,

790 5593 941 5648 hunc
970 5593 1291 5646 sceleratum
1325 5603 1378 5648 et
1430 5596 1820 5652 exsecrandum
1858 5597 2154 5663 hominem,
2190 5614 2359 5667 quan-

792 5695 874 5739 tas
916 5702 980 5741 ex
1013 5685 1212 5740 Grtecis
1258 5688 1557 5759 disciplinis
1605 5689 1796 5745 ell‘udit
1828 5705 1992 5760 nugas
2034 5689 2086 5745 in
2119 5698 2357 5745 nostram

868 5851 882 5880 ¹
908 5850 945 5903 1.
984 5851 1107 5907 Cor.
1145 5872 1195 5912 γ,
1231 5851 1314 5905 10.

2446 3277 2739 3344 τόρευσας,
2773 3277 3006 3327 κάκεῖνα
3058 3271 3153 3324 τοῦ
3199 3269 3336 3341 ἐμοῦ
3375 3267 3615 3339 Χριστοῦ
3648 3267 3743 3317 ἐπὶ
3788 3264 4041 3331 σωτηρία

2449 3369 2541 3420 καὶ
2561 3367 2860 3434 ἀνακλήσει
2885 3366 2980 3418 τοῦ
3017 3365 3122 3417 τῶν
3167 3361 3471 3433 ἀνθρώπων
3514 3359 3708 3428 γένους
3734 3360 3802 3410 τά
3833 3373 4036 3428 τερατ-

2445 3462 2797 3530 ουργήματα.
2872 3459 2982 3510 Καὶ
3023 3456 3348 3525 Πυθαγόρας
3385 3456 3484 3523 μὲν
3533 3454 3625 3506 καὶ
3666 3450 3888 3520 Ἐρμῆς
3941 3449 4039 3508 τάς

2452 3555 2560 3604 τῶν
2593 3552 2904 3619 ἀνθρώπων
2927 3550 3108 3617 ψυχὰς
3164 3550 3242 3609 εἰς
3274 3548 3364 3599 τὸν
3401 3546 3528 3614 ᾅδου
3570 3543 3835 3610 πυθμένα
3873 3545 4045 3593 κατά-

2457 3663 2642 3716 γουσι,
2683 3642 3139 3715 μετεμψυχώσεις
3177 3641 3238 3711 δή
3286 3655 3446 3701 τινας
3483 3638 3578 3691 καὶ
3612 3637 4037 3706 μεταγγισμους

2452 3741 2909 3810 παρεισάγοντες,
2944 3737 3076 3788 ποτέ
3113 3737 3209 3804 μὲν
3236 3737 3316 3796 εἲς
3349 3734 3518 3800 ἄλογα
3555 3730 3672 3793 ζῶα
3713 3730 3812 3782 καὶ
3873 3729 4037 3796 θηρία

2450 3834 2652 3895 ταύτας
2684 3827 3178 3900 μεταϐιϐάζοντες,
3215 3827 3344 3877 ποτέ
3369 3826 3426 3876 δέ
3461 3827 3538 3886 εἰς
3575 3824 3732 3892 ἰχθῦς
3761 3823 3860 3873 καὶ
3895 3822 4036 3888 φυτὰ

2454 3931 2546 3984 καὶ
2607 3927 2778 3989 ἄλλας
2833 3924 2989 3987 τινὰς
3045 3920 3526 3988 ἐπανακυκλήσεις
3585 3919 3682 3969 καὶ
3746 3917 4040 3985 περιόδους

2454 4021 2845 4082 κατασπῶντες
2905 4020 3078 4080 αὑτὰς
3135 4018 3229 4070 καὶ
3289 4011 3790 4086 ἀπορραπίζοντες.
3879 4010 3938 4062 '0
3989 4010 4041 4059 οΞέ

2453 4114 2711 4185 Χριστὸς,
2745 4111 2872 4165 καθ’
2908 4112 2935 4162 ὃ
2961 4109 3092 4171 Θεὸς
3125 4110 3389 4178 ὑπάρχων
3422 4105 3630 4174 ἀληθὴς
3662 4105 3760 4157 καὶ
3793 4104 4041 4161 αἰώνιος,

2455 4208 2725 4260 ἀθάνατον
2794 4204 2966 4274 αὐτὴν
3023 4202 3117 4256 καὶ
3184 4203 3379 4270 ἀγήρω
3461 4197 3899 4252 κατασκευάσας
3969 4194 4043 4261 τῷ

2456 4300 2715 4368 ἀπαρχῆς
2773 4295 3051 4364 πνεύματι
3106 4292 3234 4362 θείῳ
3285 4292 3380 4343 καὶ
3431 4289 3825 4359 ἐμφυσήματι,
3882 4288 4044 4355 ἡνίκα

2457 4392 2546 4441 τὸν
2584 4389 2803 4457 πρῶτον
2837 4387 3277 4455 ἐδημιούργησεν
3328 4383 3641 4452 ἄνθρωπον,
3675 4384 3756 4443 ὼς
3799 4383 3859 4432 αἱ
3902 4381 4043 4432 θεῖαι

2458 4480 2556 4532 καὶ
2614 4477 2926 4546 ἀδιάϐλητοι
2987 4474 3078 4527 τοῦ
3130 4475 3378 4537 Μωσέως
3431 4473 3606 4540 βίϐλοι
3656 4471 3996 4537 διασαςοῦσι
4031 4511 4044 4529 ,

2460 4573 2736 4626 πεσοῦσαν
2765 4569 2926 4624 πάλιν
2955 4569 3044 4621 διὰ
3071 4569 3176 4636 τῆς
3209 4564 3504 4634 παρακοῆς
3546 4562 3643 4614 καὶ
3679 4563 3784 4629 τῆς
3825 4562 4046 4629 ἀπάτης

2455 4670 2548 4722 τοῦ
2585 4665 2934 4737 ψυχοφθόρου
2979 4662 3276 4733 δράκοντος
3312 4657 3484 4710 ἐλθὼν
3525 4656 3619 4708 ἐπὶ
3672 4655 3780 4723 γῆς
3810 4655 3912 4706 καὶ
3954 4671 4045 4704 πο-

2455 4760 2848 4827 λιτευσάμενος
2911 4758 3008 4810 καὶ
3075 4753 3366 4817 ὑποδείξας
3416 4753 3548 4820 ἡμῖν
3582 4751 3700 4802 ὁδὸν
3761 4746 4044 4817 σωτηρίας

2455 4855 2543 4906 διὰ
2568 4853 2661 4904 τοῦ
2695 4853 3071 4921 βαπτίσματος
3105 4847 3325 4916 καὶτῆς
3359 4847 3422 4896 ἐκ
3453 4842 3666 4911 νεκρῶν
3702 4840 3878 4893 αὐτοῦ
3917 4843 4043 4893 iv:-

2459 4946 2724 5007 στάσεως,
2769 4945 2833 4994 ἐκ
2860 4941 2978 5009 ίτῶν
3024 4939 3118 4992 τοῦ
3169 4939 3296 5008 ᾆδον
3330 4934 3628 5005 πυθμένων
3661 4935 3742 4995 εἰς
3774 4933 4043 5000 οὐρανοὺς

2458 5040 2665 5108 ταύτην
2718 5037 3061 5104 ἐπανήγαγε,
3121 5034 3217 5085 καὶ
3277 5032 3442 5085 πάλιν
3496 5028 3801 5098 ἐρχόμενος
3858 5027 4042 5094 κρῖναι

2459 5131 2671 5196 ζῶντας
2719 5128 2813 5181 καὶ
2852 5126 3102 5194 νεκροὺς,
3131 5119 3574 5188 ἐξαναστήσειτά
3619 5116 3883 5182 σώματα,
3948 5116 4034 5165 καὶ

2461 5224 2687 5292 συνάψει
2713 5225 2834 5284 ταῖς
2864 5219 3078 5272 ἐαυτῶν
3106 5217 3308 5285 ψυχαῖς
3331 5257 3344 5280 ,
3392 5213 3486 5267 καὶ
3514 5209 3790 5263 ἀποδώσει
3823 5208 4037 5274 ἑκάστῳ

2461 5316 2603 5369 κατὰ
2638 5313 2703 5366 τά
2732 5313 2870 5383 ἔργα
2903 5307 3093 5364 αὐτοῦ.

2529 5407 2612 5460 ΙΘ.
2643 5404 2830 5459 Ταῦτα
2853 5402 2949 5456 τοῦ
2987 5401 3264 5472 μάρτυρος
3302 5396 3802 5466 φιλοσοφήσαντος,
3854 5393 3884 5444 ὁ
3931 5406 4033 5442 πα·

2462 5503 2694 5570 ράνομος
2739 5495 3022 5558 Ἰουλιανός
3056 5511 3072 5527 ·
3117 5495 3337 5564 Ὁρᾶτε,
3367 5491 3488 5560 ἔφη,
3527 5489 3726 5559 ἄνδρες
3773 5486 4034 5553 Ῥωμαῖοι

2460 5593 2844 5660 καὶἝλληνες,
2865 5589 3077 5643 τουτονὶ
3100 5586 3194 5639 τὸν
3228 5585 3573 5655 παλαμναῖον
3602 5581 3697 5635 καὶ
3728 5579 4026 5647 ἀλιτήριον,

2464 5689 2626 5742 πόσον
2659 5685 2719 5738 ἐκ
2751 5684 2856 5738 τῶν
2886 5677 3181 5752 ἐλληνικῶν
3215 5676 3559 5749 μαθημάτων
3600 5671 3750 5726 κατά
3781 5672 3880 5742 τῆς
3905 5673 4031 5742 ἠμε-
