4216 6432
177 406 323 464 1181

1319 406 1783 470 ΜΛΒΤΥΒΙΠΜ
1848 411 1910 470 S.
1952 412 2308 472 ARTEMII.

3298 410 3435 477 1182

171 519 358 586 τέρας
395 516 693 590 θρησκείας
725 519 1124 573 κατεσκέδασεν
1154 520 1342 587 ’ύθλον;
1377 521 1469 575 Μὰ
1498 521 1588 574 τὸν
1637 520 1760 590 ἐμοὶ

1868 522 2201 592 religionem.
2233 522 2334 575 Per
2363 523 2532 577 solem
2577 522 2706 577 mihi
2742 521 3146 586 charissimum,
3178 537 3288 577 non
3320 537 3437 576 am-

177 606 660 674 προσῴιλέστατον
717 609 918 679 ἥλιον,
975 611 1073 663 οὐκ
1131 610 1329 680 ἔμασιν
1381 611 1643 680 ἀνέξομαι
1705 611 1762 662 τὸ

191 700 550 772 Χριστιανῶν
583 701 896 756 ἀθεώτατον
924 704 1352 759 έκπαιδεύεσθαι
1401 707 1577 772 γένος.
1631 705 1762 759 Ἰδοὺ

184 796 306 863 γὰρ
345 795 444 862 τῆς
484 796 636 865 ἱερᾶς
669 797 918 860 παιδείας
952 799 1045 850 καὶ
1089 791 1245 862 οὗτος
1275 801 1304 850 ὁ
1345 800 1492 852 κύων
1524 797 1763 866 μεταλα-

187 887 329 956 χὼν,
355 890 457 940 κᾶν
492 890 592 942 οὐκ
619 891 835 952 εὐθείας
866 891 960 944 καὶ
991 892 1218 963 ὁμαλῆς,
1249 893 1367 946 ἀλλ’
1392 897 1540 962 ὅμως
1565 893 1766 961 πολλήν

185 994 316 1030 τινα
346 979 440 1029 καὶ
463 980 676 1049 ἀτερπῆ
705 982 831 1050 περὶ
862 982 960 1049 τὴν
992 981 1239 1052 ἱστορίαν
1266 983 1611 1053 μωρολογέαν
1637 993 1770 1035 κατ-

191 1068 340 1136 έχεε.
385 1069 571 1122 Ταῦτα
607 1071 799 1133 εἰπὼν,
866 1072 1080 1123 κελεύει
1113 1074 1214 1126 ’τὸν
1247 1076 1501 1144 μάρτυρα
1535 1077 1645 1135 τοῖς
1673 1073 1768 1142 δη-

195 1159 346 1225 μίοις
383 1159 756 1227 παραδοθῆναι
811 1161 907 1212 καὶ
938 1162 1265 1230 μαστιγοῦν,
1308 1164 1436 1232 ἄχρι
1489 1164 1585 1216 καὶ
1646 1181 1771 1216 ςτεν-

189 1250 473 1301 τακοσίων
516 1250 762 1317 πληγῶν.
813 1253 874 1303 Οξ
935 1253 991 1304 δὲ
1048 1254 1323 1317 λαϐόντες,
1379 1255 1567 1324 ᾔκιζον
1602 1258 1765 1308 ἀποιν-

195 1339 440 1409 θρὼπως
459 1344 577 1403 ταῖς
602 1341 842 1410 μάστιξι,
873 1345 968 1396 καὶ
997 1347 1024 1397 ὁ
1053 1346 1230 1415 κήρυξ
1254 1347 1381 1400 ἐϐόα
1406 1362 1422 1378 ·
1454 1348 1684 1416 Ποίησον
1715 1349 1772 1398 τὸ

194 1432 295 1483 τοῦ
329 1431 593 1498 βασιλέως
626 1433 859 1502 θέλημα,
895 1434 1103 1489 παῦσαι
1126 1438 1235 1490 τῶν
1272 1440 1646 1507 μωρολογιῶν,
1678 1440 1774 1492 καὶ

196 1522 570 1594 ἀπαλλαγήσῃ
623 1525 732 1578 τῶν
791 1527 1129 1590 κολαζόντων
1191 1547 1272 1581 σε.
1337 1531 1394 1582 '0
1447 1530 1504 1582 δὲ
1562 1533 1773 1599 μάρτυς

197 1615 499 1686 ἐκαρτέρει
545 1619 927 1686 τυπτόμενος,
971 1620 1191 1672 σιωπῶν
1257 1623 1354 1673 καὶ
1412 1623 1580 1689 μηδὲν
1637 1624 1775 1684 ὅλως

196 1707 601 1776 φθεγγόμενος.
666 1710 950 1772 Ἀτενίσας
995 1712 1054 1762 δὲ
1078 1712 1214 1781 πρὸς
1261 1713 1352 1764 τὸν
1389 1712 1482 1764 τοῦ
1535 1713 1772 1783 Χριστοῦ

201 1798 460 1867 μάρτυρα
497 1799 801 1867 Μακάριοι),
845 1801 981 1868 φησὶ
1012 1800 1148 1868 πρὸς
1180 1803 1372 1854 αὐτόν·
1407 1803 1478 1856 Σὺ
1516 1803 1572 1855 δὲ
1609 1803 1663 1855 τί
1691 1803 1774 1856 λέ-

196 1907 322 1957 γεις
358 1891 486 1957 περὶ
512 1889 763 1953 σεαυτοῦ,
786 1891 1050 1962 δυστυχὲς
1086 1893 1399 1962 ἀνθρώπιον
1431 1910 1445 1959 ;
1481 1896 1770 1966 Μακάριος

195 1983 331 2048 ἔφη,
367 1982 437 2032 Σὺ
464 1975 516 2032 εἴ
538 1981 811 2052 δυστυχὴς
838 1982 916 2052 τῷ
948 1984 1063 2035 δντι
1098 1985 1193 2038 καὶ
1226 1984 1447 2039 πάντων
1473 1987 1777 2057 ἀνθρώπων

199 2071 563 2136 ἀθλιώτατος,
595 2071 706 2138 ἐγὼ
734 2073 790 2125 δὲ
822 2074 1094 2144 μακάριος
1119 2075 1356 2145 ἀληθῶς,
1378 2078 1778 2146 συμφωνοῦσαν

197 2163 345 2232 ἔχων
379 2167 489 2228 τοῖς
522 2164 814 2234 πράγμασι
849 2167 943 2219 καὶ
995 2167 1093 2237 τὴν
1128 2171 1543 2238 προσωνυμίαν,
1573 2172 1657 2223 ὅτι
1687 2171 1778 2222 τὸν

199 2256 441 2326 Χριστὸν
467 2243 742 2326 ὁμολογῶν
770 2258 1078 2328 προσκυνῶ,
1111 2260 1272 2322 αὐτὸς
1296 2260 1351 2313 δὲ
1384 2262 1573 2314 τοῦτον
1603 2263 1781 2332 ἀπηρ-

202 2352 376 2419 νήσω,
412 2349 632 2417 δαίμοσι
664 2353 758 2402 καὶ
780 2349 857 2418 τῷ
889 2351 1126 2422 διαϐόλῳ
1161 2352 1613 2422 προσκολληθεὶς,
1643 2355 1696 2406 οἶ
1719 2372 1779 2406 σε

204 2440 306 2492 καὶ
339 2439 397 2490 οὐ
428 2439 650 2490 Θέλοντα
683 2440 758 2507 τῷ
789 2441 995 2511 αἰωνίῳ
1028 2442 1162 2510 πυρὶ
1191 2444 1644 2514 παραπέμψουσι.
1674 2448 1781 2499 Καὶ

200 2537 232 2588 ὁ
255 2535 610 2603 παραϐάτης·
637 2528 750 2586 0ἷῖ
775 2536 855 2587 ὅτι
902 2538 1163 2605 θανατᾷς,
1209 2538 1364 2607 φησὶ,
1411 2542 1506 2593 καὶ
1535 2540 1668 2607 πρὸς
1694 2542 1783 2610 όρ‹

201 2628 312 2695 γὴν
357 2627 576 2694 κινῆσαί
609 2644 673 2694 με
703 2626 971 2689 σπεύδεις,
1005 2628 1088 2680 ἵνα
1120 2628 1311 2682 θᾶττον
1347 2630 1670 2694 έξαναλώσω
1700 2651 1780 2687 σε.

217 2718 361 2769 Ἀλλ’
397 2719 492 2787 οὐχ
526 2719 599 2781 ὡς
623 2720 786 2782 αὐτὸς
816 2721 1050 2789 ἤλπισας
1079 2721 1248 2784 οὕτως
1285 2723 1435 2776 ἔσται
1467 2740 1568 2777 σοι.

281 2811 364 2860 K'.
399 2811 544 2876 Πλὴν
589 2811 727 2862 ἀλλὰ
773 2813 930 2864 τοῦτο
979 2815 1196 2882 πρῶτον
1246 2815 1567 2885 ἀπόκριναι,
1627 2817 1682 2870 τί
1727 2819 1786 2870 τὸ

200 2901 364 2964 δόξαν
403 2902 552 2970 ὑμῖν,
585 2896 629 2954 ὦ
659 2903 977 2972 κατάρατοι,
1007 2906 1087 2957 ὅτι
1116 2906 1189 2974 μὴ
1220 2907 1276 2958 δὲ
1305 2911 1435 2975 μιᾶς
1465 2927 1610 2972 τινος
1634 2911 1784 2976 ἐξον-

205 2994 302 3044 of:
335 2993 462 3062 ὑμῖν
493 2994 899 3064 ἐντειλαμένης,
925 2997 1087 3048 παντὶ
1117 2997 1209 3048 καὶ
1236 3001 1511 3069 πανταχοῦ
1565 3001 1777 3070 διατρέ-

203 3102 416 3154 χοντες,
450 3086 547 3149 τὰς
577 3086 685 3138 τῶν
721 3089 974 3156 μεγάλων
1010 3089 1146 3142 θεῶν
1187 3092 1419 3154 σπονδάς
1452 3110 1511 3145 τε
1563 3096 1656 3147 καὶ
1686 3095 1782 3146 θυ-

1805 1847 1852 1906 Β

1868 611 2006 681 plius
2040 612 2210 666 feram
2239 613 2441 668 Crrecis
2468 613 2771 683 disciplinis
2803 614 3013 668 institui
3064 613 3298 668 maxime
3330 614 3434 666 im-

1868 705 2017 774 pium
2047 720 2217 774 genus
2251 705 2709 759 Christianorum.
2763 703 2899 760 Ecce
2948 704 3092 757 enim
3126 719 3293 758 saeue
3339 703 3437 757 do-

1867 800 2056 854 ctrina:
2080 801 2257 868 aliqua
2297 815 2359 853 ex
2392 811 2545 870 parte
2575 799 2804 853 eﬂ‘ectus
2839 799 3112 868 particeps
3137 798 3229 852 hic
3259 797 3429 859 canis,

1870 893 1996 944 licet
2021 906 2126 944 non
2158 898 2322 955 recte,
2353 891 2550 944 multas
2571 900 2747 944 tamen
2778 901 2830 946 et
2860 890 3182 958 injucundas
3205 888 3437 956 ineptias

1872 982 2064 1036 ell‘udit
2107 985 2250 1036 circa
2300 980 2602 1035 historiam.
2657 981 2782 1036 Haec
2819 999 2941 1038 cum
2991 982 3242 1042 dixisset,
3284 979 3438 1047 jubet

1873 1083 2162 1145 martyrem
2195 1074 2331 1128 tradi
2369 1075 2672 1136 lictoribus,
2702 1083 2754 1127 et
2788 1074 2964 1144 ﬂagris
2991 1074 3122 1127 (διειΙί
3164 1074 3230 1125 ad
3273 1071 3437 1139 quin-

1873 1174 2056 1234 gentas
2082 1179 2250 1233 usque
2275 1165 2473 1235 plagas.
2503 1165 2579 1218 illi
2604 1175 2781 1217 autem
2811 1178 2932 1216 eum
2959 1172 3238 1230 acceptum
3259 1157 3440 1227 ﬂagris

1874 1255 2149 1308 caedebant
2176 1255 2496 1308 inhumane.
2533 1255 2597 1308 Et
2631 1270 2806 1324 praeco
2831 1253 3094 1308 clamabat
3120 1272 3133 1305 :
3167 1251 3274 1304 Fac
3299 1249 3441 1318 quod

1850 1347 1989 1400 vult
2040 1348 2332 1415 imperator
2360 1367 2372 1400 :
2403 1349 2593 1403 desine
2625 1348 2787 1401 stulta
2839 1346 3006 1414 loqui,
3044 1355 3098 1399 et
3130 1342 3447 1396 liberalioris

1877 1442 1945 1496 ab
1979 1443 2062 1503 iis,
2095 1443 2184 1510 qui
2227 1452 2277 1495 te
2326 1442 2577 1509 puniunt.
2608 1439 2805 1508 Martyr
2833 1448 3013 1491 autem
3065 1435 3277 1489 fortiter
3311 1433 3447 1486 tole-

1877 1533 2050 1596 rabat,
2080 1532 2209 1586 dum
2260 1529 2661 1593 verberaretur,
2709 1539 2920 1596 tacens,
2963 1538 3018 1582 et
3060 1527 3196 1580 nihil
3225 1525 3448 1579 omnino

1877 1625 2124 1693 loquens.
2160 1625 2216 1678 in
2253 1625 2469 1679 beatum
2506 1639 2632 1677 vero
2659 1622 2954 1676 Macarium
2991 1619 3178 1673 oculos
3207 1615 3448 1685 deﬁgens

1879 1715 2197 1784 imperator,
2227 1715 2276 1769 ei
2306 1715 2475 1769 dicit:
2506 1715 2585 1767 'l‘n
2617 1725 2794 1767 autem
2832 1713 2961 1782 quid
3002 1712 3136 1765 dicis
3159 1711 3223 1764 de
3249 1708 3447 1779 teipSO.

1881 1805 2064 1859 infelix
2097 1805 2458 1859 homuncnle?
2485 1803 2683 1858 Beatus
2719 1813 2901 1856 autem
2934 1801 3069 1856 dixit
3096 1808 3338 1868 martyr:
3366 1797 3448 1850 Tu

1880 1913 1940 1953 es
1968 1913 2152 1951 revera
2179 1896 2386 1964 infelix,
2412 1907 2464 1951 et
2493 1895 2736 1949 omnium
2765 1895 3045 1948 hominum
3072 1891 3409 1945 miserrimus
3436 1905 3449 1940 :

1879 2005 1980 2058 ego
2011 1999 2192 2043 autem
2236 2003 2363 2043 vere
2401 1987 2616 2049 beatus,
2649 1986 2858 2041 habens
2905 1984 3321 2054 appellationem
3372 1980 3451 2034 rei

1878 2081 2315 2144 convenientem,
2343 2078 2599 2148 quoniam
2630 2077 2907 2132 Christum
2933 2077 3200 2131 conﬁtens
3245 2073 3452 2126 adoro:

1880 2173 1994 2242 ipse
2021 2181 2202 2226 autem
2245 2185 2370 2225 eum
2413 2169 2642 2240 negasti,
2677 2167 3019 2222 daemonibus
3062 2165 3346 2218 adhaerens
3403 2169 3457 2213 et

1881 2264 2118 2327 diabolo,
2167 2265 2258 2331 qui
2293 2273 2344 2317 te
2375 2262 2459 2317 vel
2509 2261 2740 2314 invitum
2782 2255 3245 2314 transmittentad
3279 2254 3456 2324 ignem

1882 2370 2166 2413 azternum.
2199 2355 2597 2424 Transgressor
2647 2363 2828 2407 autem
2856 2349 3102 2404 Julianus
3129 2366 3142 2400 τ
3191 2347 3344 2412 Scio,
3373 2345 3456 2398 in-

1883 2452 2018 2520 quit.
2056 2460 2106 2503 te
2129 2457 2358 2502 mortem
2380 2461 2599 2514 cupere,
2629 2454 2683 2498 et
2714 2444 2930 2497 studere
2961 2456 3046 2495 me
3076 2440 3142 2494 ad
3175 2440 3308 2492 iram
3342 2451 3455 2490 mo-

1882 2558 2035 2605 vere,
2085 2553 2144 2594 ut
2192 2550 2244 2595 tc
2288 2541 2397 2595 cito
2426 2552 2767 2593 consumam.
2827 2536 3022 2588 Verum
3064 2546 3170 2585 non
3213 2531 3282 2584 ita
3329 2529 3456 2592 erit,

1886 2649 1944 2689 ut
1976 2634 2226 2704 sperasti.

1955 2839 2074 2894 XX.
2115 2839 2220 2893 Sed
2271 2839 2374 2892 hoc
2404 2836 2539 2890 mihi
2586 2834 2819 2904 primum
2859 2828 3148 2898 responde,
3201 2823 3460 2893 quidnam

1886 2934 2039 2988 vobis
2069 2932 2241 2985 visum
2269 2931 2357 2995 sit,
2393 2946 2426 2984 ο
2457 2926 2796 2989 exsecrandi,
2828 2922 3003 2992 quod,
3048 2917 3338 2973 cumnulla
3371 2929 3464 2966 vo—

1887 3026 1971 3078 bis
2016 3024 2245 3091 jnsserit
2280 3030 2543 3092 potestas,
2578 3033 2770 3073 omnes
2801 3025 2986 3086 partes
3026 3013 3316 3069 obeuntes,
3348 3023 3462 3061 ma-

1888 3131 2117 3186 gnorum
2165 3116 2391 3169 deorum
2431 3112 2664 3166 studetis
2704 3116 2954 3163 evertere
3001 3103 3260 3158 libamina
3295 3109 3461 3166 atque

208 3180 336 3240 σίας
372 3180 702 3248 ἀνατρέπειν
735 3181 1088 3248 σπουδάζετε,
1133 3183 1479 3248 διδάσκοντες
1516 3188 1643 3250 τοὺς
1691 3189 1785 3240 ἀν-

1890 3207 2151 3262 sacriﬁcia
2217 3206 2478 3258 docentes
2529 3201 2804 3263 homines,
2842 3213 2939 3251 eos
2988 3211 3098 3248 non
3140 3208 3260 3247 esse
3307 3192 3460 3250 deos,

205 3272 485 3340 θρώπους,
523 3272 746 3332 τούτους
786 3271 858 3339 μὴ
914 3270 1052 3324 εἶναι
1099 3275 1282 3338 θεοὺς,
1324 3278 1397 3346 μὴ
1437 3279 1494 3330 δὲ
1533 3281 1787 3351 σωτῆρας

207 3370 309 3435 τῆς
348 3366 698 3436 οἰκουμένης»
760 3367 854 3418 καὶ
891 3365 986 3418 τοῦ
1035 3368 1382 3436 ἀνθρωπείου
1427 3371 1619 3437 γένους
1655 3389 1786 3441 πΡ⁰’

206 3459 407 3524 νοητάς
455 3476 513 3510 τε
552 3459 646 3511 καὶ
696 3458 1023 3529 κηδεμόνας,
1077 3460 1238 3532 οὒςή
1298 3462 1392 3515 ἀπ’
1435 3462 1631 3526 αἰῶνος
1694 3466 1787 3516 καὶ

206 3551 420 3603 ἄνωθεν
475 3551 966 3621 πατροπαράδοτος
1027 3553 1134 3605 τῶν
1183 3554 1488 3625 ἀνθρώπων
1529 3558 1787 3627 συνήθεια

207 3644 394 3696 σέϐειν
423 3661 480 3695 τε
516 3647 607 3695 καὶ
661 3647 984 3711 προσκυνεῖν
1027 3646 1396 3712 παραδέδωκεν
1440 3648 1532 3700 τὸν
1560 3650 1614 3702 δὲ
1654 3651 1787 3716 Χρι’

209 3737 339 3788 στὸν
385 3734 511 3802 χθὲς
564 3733 656 3784 τοῦ
691 3729 831 3785 εἶναι
873 3733 1180 3804 ἀρξάμενον
1217 3738 1309 3789 καὶ
1367 3739 1427 3791 οὐ
1480 3741 1786 3810 προπολλοῦ

205 3833 312 3899 τῆς
345 3828 616 3896 ἡμετέρας
648 3829 860 3893 γενεᾶς,
906 3830 1038 3881 Θεὸν
1071 3831 1399 3900 προαιὼνιον
1431 3836 1524 3886 καὶ
1561 3836 1789 3902 βασιλέα

207 3922 320 3974 τῶν
368 3919 502 3972 ὅλων
558 3921 986 3990 ἀνακηρύττετε,
1024 3923 1182 3975 Καὶό
1206 3925 1491 3991 Μακάριος
1514 3943 1525 3954 ·
1555 3927 1668 3978 Οὐκ
1699 3929 1790 3998 ηρ-

211 4014 412 4082 χὲσοης
433 4017 548 4075 ταῖς
575 4012 827 4082 Εὖγενίου
862 4015 1048 4082 σοφαῖς
1073 4016 1430 4079 ἀποδείξεσιν.
1447 4019 1785 4089 alveum-rate;

213 4107 354 4170 πλὴν
390 4107 549 4169 κάγώ
597 4123 676 4158 σοι
736 4107 1057 4173 ὁμοτρόπως
1119 4107 1270 4179 αύτῷ
1320 4110 1419 4173 τὰς
1468 4112 1789 4180 ἀποκρίσεις

210 4201 532 4266 ποιήσομαι,
555 4200 636 4250 ὅτι
669 4197 901 4266 Χριστὸς
932 4198 989 4248 ὃν
1016 4198 1102 4249 διὰ
1123 4201 1358 4265 γέλωτος
1385 4202 1448 4252 σὺ
1477 4204 1567 4253 καὶ
1596 4203 1790 4273 χλεύης

208 4292 365 4357 ποιῇ,
394 4289 552 4348 αὐτὸς
581 4290 692 4348 τοῖς
719 4287 870 4348 ἰδίοις
889 4289 1076 4356 εἴρηκε
1106 4289 1396 4361 μαθηταῖς,
1422 4293 1789 4363 Πορευθέντες

213 4383 295 4441 είς
358 4379 448 4430 τὸν
519 4378 720 4446 κόσμον
762 4378 998 4442 ἅπαντα,
1062 4380 1442 4452 μαθητεύσατε
1495 4385 1671 4438 πάντα
1721 4387 1789 4438 τὰ

209 4470 367 4537 ἔθνη,
405 4469 762 4538 βαπτίζοντες
795 4470 995 4532 αὐτοὺς
1024 4473 1104 4532 είς
1137 4473 1196 4524 τὸ
1226 4473 1400 4542 ὄνομα
1427 4475 1521 4527 τοῦ
1550 4477 1784 4544 Πατρὸς,

213 4565 312 4616 καὶ
346 4563 438 4615 τοῦ
471 4562 625 4628 Υίοῦ,
659 4565 756 4615 καὶ
784 4563 876 4616 τοῦ
892 4565 1046 4630 ἁγίου
1075 4564 1415 4632 Πνεύματος,
1448 4565 1788 4630 διδάσκοντες

213 4655 413 4716 αὐτοὺς
439 4657 628 4722 τηρεῖν
671 4655 848 4704 πάντα
882 4654 983 4706 ὅσα
1039 4654 1395 4724 ἐνετειλάμην
1430 4656 1584 4723 ὑμῖν,
1616 4658 1665 4710 οἳ
1700 4661 1795 4711 καὶ

215 4747 597 4814 πορευθέντες,
649 4744 824 4801 ταῦτα
875 4747 1144 4812 ἐδίδαξαν,
1178 4749 1409 4817 φεύγειν
1460 4767 1516 4802 τε
1551 4751 1658 4803 ἀπὸ
1687 4752 1796 4804 τῶν

218 4839 468 4905 ματαίων
501 4837 757 4899 εἰδώλων,
792 4838 885 4890 καὶ
919 4839 1269 4908 ἐπιστρέφειν
1297 4842 1389 4892 ἐπὶ
1433 4841 1568 4893 Θεὸν
1594 4841 1792 4904 ζῶντα,

213 4932 273 4992 ὃς
301 4929 486 4982 ἔκτισε
526 4931 618 4984 τὸν
649 4934 878 5000 οὐρανὸν
914 4932 1012 4984 καὶ
1065 4934 1162 5000 τὴν
1192 4931 1319 5000 γῆν,
1351 4935 1400 4983 οἰ
1443 4933 1500 4984 δὲ
1555 4933 1665 4986 θεοί
1700 4951 1794 4986 σου

214 5021 312 5082 οὓς
341 5023 502 5084 αὐτὸς
534 5026 884 5090 προσκυνεῖς,
912 5025 1185 5092 δαιμόνων
1215 5025 1322 5076 εἰσὶ
1360 5024 1658 5093 πλάσματα
1702 5026 1796 5078 καὶ

221 5113 411 5184 μύθων
458 5117 762 5186 εὐρέματα,
799 5119 892 5172 καὶ
926 5118 1238 5187 διαδολικῆς
1288 5119 1569 5189 ἐνεργείας
1601 5137 1794 5188 κυοιρο⁶

221 5214 470 5281 ρήματα.
507 5214 670 5279 Λέγει
700 5211 810 5279 γὰρ
863 5214 991 5279 περὶ
1027 5210 1206 5264 αὐτῶν
1235 5212 1266 5279 ἡ
1301 5212 1545 5282 ἡμετέρα
1579 5213 1793 5284 Γραφὴ,

216 5306 346 5356 Θεοὶ
374 5305 422 5357 οἳ
458 5303 547 5356 τὸν
585 5304 812 5373 οὐρανὸν
847 5305 940 5356 καὶ
971 5304 1070 5374 τὴν
1104 5306 1207 5374 γῆν
1241 5304 1339 5355 οὐκ
1374 5305 1634 5372 ἐποίησαν
1662 5307 1798 5358 ἀπο-

219 5396 523 5448 λέσθωσαν.
560 5395 634 5449 Οὐ
673 5396 833 5464 μόνον
862 5395 939 5455 δὲ,
975 5394 1110 5447 ἀλλά
1136 5395 1229 5448 καὶ
1260 5395 1422 5465 νόμος
1451 5398 1649 5459 αὐτοὺς
1677 5398 1794 5450 ἓτε-

225 5504 320 5554 ρος
354 5485 655 5554 βασιλικὸς,
683 5489 710 5539 δ
743 5487 891 5558 παρὰ
944 5487 1358 5540 Κωνσταντίνου
1386 5488 1480 5540 τοῦ
1518 5488 1613 5540 σοῦ
1657 5507 1791 5558 συγ-

296 5629 318 5659 ¹
345 5623 534 5679 Matth.
568 5641 757 5688 xxvnt,
790 5624 877 5690 19,
909 5625 998 5679 ‘20.
1111 5625 1130 5655 ³
1153 5624 1269 5680 Jcr.
1303 5645 1358 5693 ι,
1395 5628 1481 5683 il.

1889 3314 2065 3369 neque
2100 3306 2408 3353 servatores
2440 3294 2588 3348 orbis
2625 3302 2807 3354 terrae,
2845 3303 2946 3343 nec
2996 3285 3222 3340 humani
3249 3281 3464 3352 generis

1889 3403 2075 3440 curam
2110 3403 2316 3454 gerere,
2345 3400 2482 3453 quos
2509 3385 2575 3438 ab
2601 3397 2718 3437 aevo
2749 3390 2804 3435 et
2833 3377 3014 3434 multis
3052 3386 3196 3430 retro
3222 3371 3463 3432 saeculis,

1890 3494 1918 3530 a
1971 3476 2212 3546 patribus
2267 3475 2391 3528 data
2441 3475 2728 3527 hominum
2783 3469 3150 3532 consuetudo,
3205 3463 3464 3518 colendos

1891 3569 2109 3623 tradidit
2152 3577 2207 3619 et
2254 3565 2593 3621 adorandos:
2625 3563 2902 3618 Christum
2953 3568 3158 3623 autem,
3205 3557 3297 3626 qui
3348 3553 3464 3608 heri

1889 3661 2057 3727 coepit
2087 3674 2234 3720 esse,
2283 3667 2337 3710 et
2383 3672 2492 3708 non
2535 3657 2764 3708 multum
2797 3662 2924 3707 ante
2957 3661 3196 3704 nostram
3223 3656 3465 3709 aetatem,

1891 3753 2058 3807 Deum
2089 3759 2213 3804 ante
2249 3749 2465 3811 saecula,
2508 3758 2562 3800 et
2602 3746 2802 3814 Regem
2839 3746 3220 3797 universorum
3263 3739 3462 3808 prazdi-

1889 3848 2044 3898 catis.
2078 3843 2345 3896 Macarius
2389 3850 2569 3894 autem
2598 3858 2611 3893 :
2646 3838 2761 3892 Non
2793 3837 2888 3892 tibi
2933 3837 3291 3892 suﬂ‘eccrunt,
3327 3846 3359 3884 o
3386 3830 3468 3882 vir

1891 3935 2251 4004 iniquissime,
2305 3932 2580 4000 sapientes
2641 3929 2873 3999 Eugenii
2944 3923 3462 3983 demonstrationes,

1891 4029 2034 4099 quod
2075 4028 2259 4084 eadem
2292 4036 2346 4081 et
2385 4026 2453 4081 de
2489 4025 2677 4079 iisdem
2727 4037 2946 4091 semper
2981 4017 3318 4086 interrogas?
3347 4014 3466 4069 Cae-

1893 4135 2066 4178 terum
2099 4138 2198 4191 ego
2225 4137 2442 4188 quoque
2471 4119 2564 4173 tibi
2596 4119 2786 4172 eodem
2839 4115 3023 4178 modo,
3059 4126 3168 4181 quo
3195 4111 3313 4178 ipse.
3337 4105 3467 4160 red-

1889 4216 2012 4269 dam
2049 4227 2348 4280 responsa;
2383 4208 2540 4274 Quod
2571 4208 2844 4267 Christus,
2891 4219 3052 4272 quem
3089 4213 3140 4256 tn
3174 4199 3370 4254 irrides
3403 4211 3466 4251 ac

1891 4305 2202 4367 ludiﬁcaris,
2248 4304 2362 4370 ipse
2403 4299 2514 4355 suis
2546 4297 2684 4353 dixit
2711 4295 2989 4364 discipulis
3030 4311 3045 4348 :
3087 4310 3105 4342 ι
3146 4290 3352 4344 Euntes
3406 4290 3462 4342 in

1894 4392 2154 4444 mundum
2203 4389 2545 4447 universum,
2578 4385 2778 4438 docete
2818 4396 3010 4435 omnes
3034 4389 3243 4448 gentes,
3293 4376 3468 4446 bapti-

1893 4491 2080 4536 zantes
2110 4496 2206 4534 eos
2239 4481 2292 4532 in
2345 4477 2569 4532 nomine
2614 4475 2814 4537 Patris,
2841 4483 2898 4527 et
2929 4472 3071 4535 Filii,
3121 4479 3178 4524 et
3226 4469 3468 4538 Spiritus

1893 4575 2087 4637 sancti,
2147 4571 2409 4625 docentes
2463 4583 2559 4622 eos
2619 4581 2838 4620 servare
2891 4564 3072 4618 omnia
3127 4575 3465 4631 quaecunque

1894 4663 2148 4720 mandavi
2197 4664 2352 4717 vobis
2377 4664 2418 4715 ³.
2456 4679 2473 4710 ι
2509 4659 2612 4725 Qui
2643 4659 2805 4712 etiam
2855 4654 3082 4727 profecti
3117 4654 3229 4707 haec
3263 4653 3468 4706 docue-

1895 4767 2042 4822 runt,
2072 4755 2258 4824 fugere
2296 4770 2432 4808 vana
2464 4753 2777 4812 simulacra,
2808 4761 2863 4803 et
2893 4747 3142 4802 converti
3175 4746 3241 4798 ad
3294 4743 3466 4797 Deum

1893 4850 2099 4906 vivum,
2148 4847 2240 4912 qui
2277 4843 2484 4899 creavit
2537 4842 2737 4896 coelum
2797 4849 2850 4894 et
2912 4850 3134 4894 terram.
3167 4835 3249 4890 Dii
3285 4844 3467 4890 autent

1896 4941 1998 5004 tui,
2030 4954 2167 5007 quos
2198 4939 2314 5006 ipse
2344 4937 2563 4998 adoras,
2599 4944 2729 4989 sunt
2765 4932 3020 5001 ﬁgmenta
3052 4930 3386 4989 daemonum,
3415 4937 3473 4980 et

1895 5035 2118 5087 inventa
2164 5031 2474 5084 fabularum
2501 5027 2894 5093 diaboliczeque
2923 5021 3066 5076 fetus
3106 5018 3468 5089 Operationis.

1863 5115 1866 5117 Δ
1895 5125 1971 5178 De
2001 5126 2067 5178 iis
2097 5124 2246 5177 enim
2282 5123 2415 5177 dicit
2442 5133 2630 5175 nostra
2668 5119 2949 5187 Scriptura
2981 5132 2994 5167 :
3039 5133 3057 5166 ι
3098 5112 3201 5177 Dii,
3233 5113 3328 5181 qui
3360 5126 3472 5167 εω-

1892 5217 2002 5270 lum
2045 5225 2101 5268 et
2145 5225 2339 5267 terram
2380 5226 2490 5266 non
2523 5212 2792 5271 fecerunt,
2823 5205 3050 5277 peremit
3091 5206 3130 5259 ³.
3169 5223 3187 5255 ›
3226 5202 3337 5257 Nec
3368 5203 3474 5257 hoc

1896 5308 2094 5370 solum,
2126 5306 2221 5359 sed
2246 5305 2352 5358 alia
2382 5320 2600 5373 quoque
2637 5303 2720 5355 lex
2756 5299 3114 5367 imperatoria
3142 5312 3170 5349 a
3195 5295 3468 5350 Constan-

1905 5400 2019 5451 tino
2054 5407 2145 5449 tuo
2173 5403 2402 5464 cognato
2427 5394 2557 5457 lata,
2583 5407 2677 5447 eos
2709 5391 2931 5460 expellit
2953 5389 3021 5442 ab
3053 5387 3392 5447 adoratione,
3416 5392 3472 5437 et

1905 5489 2156 5545 dissolvit
2188 5503 2376 5544 eorum
2403 5487 2582 5542 cultus
2604 5485 2664 5537 ⁸;
2696 5484 2787 5554 qui
2816 5498 2938 5538 Clllll
2965 5480 3021 5534 in
3051 5477 3329 5534 Christum
3355 5489 3474 5532 cre-

300 5745 372 5808 (l)
411 5743 581 5810 Hujus
611 5743 769 5816 legis.
808 5743 889 5795 vel
918 5746 1097 5816 potius
1146 5745 1333 5813 harum
1379 5746 1556 5816 legum
1594 5745 1838 5800 meminit
1869 5745 2068 5800 Euseb.
2117 5743 2208 5799 lib.
2267 5759 2303 5797 ιι
2341 5741 2471 5795 Vita!
2510 5734 2850 5795 Constantini
2897 5750 3017 5804 cap.
3054 5731 3139 5798 43,
3182 5730 3250 5785 44
3299 5728 3389 5796 45,
3419 5735 3473 5783 et

225 5813 320 5866 lib.
356 5830 424 5875 Iv,
455 5819 570 5882 cap.
607 5812 708 5879 23;
743 5812 936 5867 Baron.
971 5815 1060 5867 32.
