4216 6432
184 406 363 471 1189

1368 399 1467 458 MA
1479 400 1834 462 RTYRIUM
1872 400 1931 463 S.
1980 403 2017 455 A
2034 400 2266 459 RTEMI
2282 401 2328 459 l.

3326 400 3465 491 1190

174 512 626 572 Κωνσταντῖνος
652 506 710 571 ἐξ
752 505 969 572 Ἑλένης
996 502 1204 573 φαύλης
1232 503 1375 564 τινος
1401 505 1663 570 γυναικὸς
1701 506 1793 559 καὶ
1822 524 1839 569 λ

1822 516 1866 569 Α
1898 506 2075 559 adhuc
2105 517 2287 576 ageret
2317 507 2605 575 privatam.
2654 505 3050 564 Constantinus
3076 526 3156 577 se,
3193 513 3337 570 sicut
3364 531 3462 584 pa-

172 608 456 676 ὁσήμου,
498 596 797 655 καὶταῦτα
847 597 1015 667 μήπω
1060 595 1305 662 γεγονότι
1340 596 1602 666 Καίσαρι,
1654 598 1791 652 ἀλλά

186 697 320 748 καὶ
369 692 522 762 αὐτῷ
557 691 635 744 ἔτι
673 689 765 741 τὸν
820 686 1039 756 ἰδιώτην
1071 686 1282 738 ἕλκοντι
1321 686 1456 756 βίον.
1524 688 1583 741 '0
1615 691 1794 743 τοίνυν

178 786 598 847 Κωσταντῖνος
635 781 933 850 θρασύτητι
964 779 1188 846 γνώμης
1242 777 1340 848 τὴν
1383 779 1661 848 βασιλείαν
1699 784 1797 850 ἀρ-

187 882 423 942 πάσας,
476 876 569 929 τόν
620 891 679 927 τε
731 873 943 940 πατέρα
982 869 1071 921 τὸν
1126 868 1276 938 ἐμὸν,
1332 872 1427 922 καὶ
1471 872 1595 933 τοὺς
1629 873 1793 926 αύτοῦ

183 969 483 1038 ἀδελφοὺς
537 968 739 1028 ἀδίκως
798 962 1112 1024 ἀπέκτεινε,
1145 963 1240 1016 καὶ
1275 963 1303 1014 ὁ
1354 961 1546 1015 τούτου
1582 964 1638 1016 δὲ
1678 966 1793 1027 υίὸς

185 1058 614 1119 Κωνστάντιος,
661 1054 730 1106 τὰ
756 1053 916 1121 ὃμοια
949 1050 1029 1118 τῷ
1075 1054 1426 1121 γεγεννηκότι
1462 1053 1655 1117 ποιῶν,
1701 1055 1790 1106 τὸν

189 1149 351 1216 ἐμὸν
386 1147 612 1213 ἀδελφὸν
645 1144 851 1199 Γάλλον
901 1141 1230 1212 πεφόνευκε,
1260 1146 1352 1196 καὶ¹
1381 1144 1553 1198 ταῦτα
1590 1146 1791 1213 ὅρκους

186 1238 367 1307 αὐτῷ
400 1236 688 1307 φρικώδεις
736 1237 815 1298 είς
888 1235 1188 1303 ἀσφάλειαν
1241 1237 1675 1306 παρασχόμενος,
1727 1236 1788 1289 οὐ

192 1329 324 1395 μὴν
355 1328 436 1389 δὲ,
480 1327 615 1378 ἀλλά
644 1326 739 1377 καὶ
784 1327 927 1395 ἡμᾶς
956 1328 1172 1390 αὐτοὺς,
1205 1328 1254 1379 εί
1291 1325 1367 1396 μὴ
1397 1325 1535 1378 θεῶν
1564 1328 1790 1399 προνοίᾳ

190 1417 653 1485 περιεσώθημεν,
711 1416 851 1469 οὕτω
912 1415 1161 1485 διέθηκεν
1213 1417 1301 1471 ἄν.
1344 1416 1484 1468 Ἀλλ’
1536 1416 1691 1470 αὐτοί
1723 1434 1783 1468 τε

190 1508 575 1574 διεκώλυσαν,
609 1510 704 1562 καὶ
732 1509 862 1579 ἡμῖν
886 1508 1111 1577 αύτοψεὶ
1139 1506 1238 1578 τὴν
1269 1511 1543 1578 σωτηρίαν
1574 1528 1781 1580 προμε-

1895 607 1994 662 ter,
2031 612 2249 667 gerens,
2297 597 2522 650 fratrem
2574 614 2753 651 meum
2781 599 2992 653 Gallum
3025 604 3264 657 occidit:
3302 606 3465 673 idque

1891 703 2013 742 cum
2040 686 2285 740 horribili
2314 686 2674 756 jurejurando
2706 688 2753 741 ei
2792 690 3046 746 cavisset.
3082 692 3251 746 Porro
3278 703 3463 748 autem

1893 794 1992 833 nos
2040 793 2259 849 quoque
2292 778 2439 849 ipsos
2474 780 2547 833 ita
2598 779 2890 846 affecisset,
2925 782 3028 835 nisi
3078 784 3281 838 servari
3318 801 3471 839 esseo

1893 884 2014 923 mus
2043 869 2268 922 deorum
2306 867 2674 937 providentia.
2734 868 2840 923 Sed
2890 870 2990 938 ipsi
3040 870 3461 938 prohibuerunt,

1892 962 2053 1016 nobis
2079 971 2207 1015 ante
2231 961 2422 1015 oculos
2447 961 2801 1016 ostendentes
2819 962 3071 1027 salutem,
3101 978 3221 1031 quae
3244 963 3310 1015 ab
3334 962 3464 1031 ipsis

1889 1051 2274 1122 proﬁciscitur.
2307 1050 2516 1116 Quibus
2551 1066 2651 1121 ego
2677 1051 2873 1116 fretus,
2903 1053 3153 1122 abjurato
3187 1053 3459 1106 Christia-

1889 1146 2089 1209 nismo,
2121 1144 2392 1198 declinavi
2434 1144 2502 1198 ad
2536 1142 2850 1199 Graecorum
2885 1145 3203 1213 religionem
3233 1163 3244 1197 :
3282 1156 3339 1197 ut
3370 1144 3461 1213 qui

1888 1237 2027 1292 bene
2058 1236 2250 1299 sciam,
2299 1236 2445 1305 quod
2493 1235 2806 1291 Graecorum
2856 1245 2909 1289 et
2955 1232 3321 1289 Romanorum
3354 1236 3461 1286 vita

1888 1328 2290 1396 antiquissima,
2323 1327 2482 1381 bonis
2508 1336 2666 1382 utens
2697 1328 2944 1384 moribus
2988 1338 3042 1382 et
3073 1329 3299 1398 legibus,
3330 1329 3463 1381 deos

1892 1422 2148 1489 appellat,
2174 1421 2265 1490 qui
2310 1434 2377 1473 ex
2405 1433 2587 1471 rerum
2630 1420 2868 1488 ipsarum
2902 1420 3132 1473 veritate
3164 1418 3265 1473 sibi
3301 1418 3461 1472 ﬁdem

1891 1512 2117 1568 faciunt.

196 1602 547 1669 μηνύκασιν.
590 1602 704 1671 Ἐφ’
744 1598 826 1665 οἷς
891 1603 1000 1670 ἐγὼ
1059 1603 1154 1657 καὶ
1203 1602 1561 1673 τεθαρρηκὼς
1599 1603 1689 1655 τὸν
1730 1604 2155 1676 Χριστιανισμὸν
2201 1610 2624 1679 ἐξομοσάμενος,
2676 1608 2809 1677 πρὸς
2860 1607 2919 1659 τὸ
2995 1605 3306 1674 Ἐλληνικδν
3355 1605 3462 1656 ἁττ-

212 1695 416 1747 ἑκλινα
449 1696 632 1759 σέϐας,
676 1692 735 1749 εὗ
776 1695 950 1759 εἰδὼς,
987 1696 1062 1757 ώς
1096 1696 1123 1746 6
1169 1693 1277 1747 τῶν
1338 1692 1606 1764 Ἑλλήνων
1651 1695 1744 1747 καὶ
1812 1694 2097 1766 Ῥωμαίων
2147 1701 2503 1770 ἀρχαιότατος
2544 1701 2679 1769 βίος,
2727 1699 2910 1760 καλοῖς
2948 1698 3094 1750 ἔθεσι
3131 1700 3223 1749 καὶ
3281 1698 3463 1763 νόμοις

190 1787 587 1855 χρησάμενος,
630 1787 785 1848 θεοὺς
848 1784 1269 1854 προσαγορεύει,
1320 1786 1447 1848 τοὺς
1493 1786 1554 1839 τδ
1588 1788 1780 1840 πιστὸν
1809 1789 1915 1842 ἀπὸ
1952 1792 2052 1859 τῆς
2092 1794 2199 1844 τῶν
2240 1793 2581 1863 πραγμάτων
2611 1790 2833 1859 ἔχοντας
2868 1790 3145 1859 ἀληθείας.

285 1911 435 1975 ΚΕΓ.
486 1908 583 1967 Τίς
650 1908 758 1977 γάρ
816 1905 913 1976 τὴν
979 1904 1205 1979 γνώμην
1266 1907 1589 1977 ἀμφίϐολος,
1649 1910 1876 1981 ἦλιονΒ

1798 1915 1876 1973 ’Β
1974 1913 2163 1971 XXVI.
2205 1916 2337 1981 Quis
2360 1917 2504 1970 enim
2533 1916 2699 1970 animi
2729 1916 2895 1971 fuerit
2938 1915 3156 1979 dubius,
3192 1916 3284 1984 qui
3317 1916 3463 1970 vide-

201 2002 431 2071 βλέπων
486 1999 700 2070 ούρανῷ
732 1999 1109 2065 διιππεύοντα,
1169 2000 1367 2070 ὲπίσης
1430 2001 1487 2053 δὲ
1537 2002 1632 2055 καὶ
1702 2020 1788 2055 σε-

197 2094 383 2163 λήνην
426 2093 512 2159 ἐφ’
560 2091 806 2162 ἅρματος
842 2092 1267 2162 χρυσαντύγου;
1311 2092 1368 2146 '0
1416 2092 1515 2161 μὲν
1544 2094 1654 2164 γὰρ
1689 2097 1787 2165 τὴν

201 2185 434 2254 ἡμέραν
471 2185 698 2255 φαεινὴν
727 2186 1121 2253 ἀπεργάζεται,
1152 2188 1245 2238 καὶ
1290 2186 1419 2249 τοὺς
1458 2187 1786 2257 ἀνθρώπους

205 2280 297 2340 είς
331 2277 467 2346 ἔργα
499 2279 831 2349 διανιστᾷ,ή
888 2279 943 2330 δὲ
1002 2278 1100 2346 τὴν
1158 2277 1330 2330 νύκτα
1388 2276 1784 2347 λαμπαδουχεῖ,

201 2369 557 2440 ἀγρυπνοῦσί
594 2387 652 2421 τε
712 2372 804 2421 καὶ
841 2368 1161 2437 ὁδοποροῦσι
1197 2367 1332 2422 πολύ
1387 2386 1441 2421 τι
1499 2370 1629 2439 παρ’
1661 2372 1789 2421 ἐαυ-

202 2464 329 2524 τοῖς
382 2464 648 2531 παρέσχει
702 2461 761 2513 τὸ
817 2462 1112 2530 χρήσιμον.
1156 2460 1339 2512 Ταῦτα
1396 2460 1657 2531 Ἕλληνες
1695 2465 1787 2514 καὶ

226 2551 493 2619 Ῥωμαῖοι
526 2551 799 2615 θειάζουσί
825 2566 882 2602 τε
914 2551 1005 2602 καὶ
1039 2552 1284 2615 σέϐουσι,
1312 2551 1407 2606 καὶ
1441 2553 1591 2621 αύτῷ
1616 2554 1787 2623 ἀνήρ-

204 2644 498 2713 τησαντόις
527 2644 771 2708 ἐλπίδας,
790 2642 881 2695 τὸν
909 2641 1006 2712 μὲν
1033 2642 1243 2708 Ἥλιον,
1281 2643 1591 2696 Ἀπόλλωνα
1615 2659 1787 2713 προσ-

208 2736 638 2803 αγορεύσαντες,
670 2733 769 2804 τὴν
812 2735 1049 2805 Σελήνην
1081 2735 1138 2788 δὲ
1185 2737 1474 2806 Ἄρτεμιν,
1538 2736 1630 2788 καὶ
1665 2736 1787 2795 τοὺς

211 2826 515 2898 μεγίστους
544 2824 653 2876 τῶν
708 2825 977 2893 ἀστέρων,
1009 2825 1100 2887 οὓς
1140 2830 1234 2877 καὶ
1268 2828 1545 2897 πλάνητας
1577 2828 1787 2879 ἀποκα-

207 2916 367 2970 λοῦσι
408 2916 532 2978 τοὺς
564 2914 662 2977 τὰς
711 2914 851 2966 ἑπτὰ
897 2913 1071 2977 ζώνας
1109 2915 1206 2975 τὰς
1241 2916 1525 2984 οὐρανίους
1558 2917 1788 2984 ἐπέχον-

206 3024 337 3073 τας,
369 3009 427 3060 ὃν
460 3006 557 3075 μὲν
590 3004 819 3077 Κρόνον,
855 3004 915 3056 ὃν
944 3003 1001 3054 δὲ
1030 3003 1149 3069 Δία,
1177 3004 1236 3056 δν
1281 3005 1338 3057 δὲ
1383 3003 1612 3074 Ἑρμῆν,
1642 3006 1700 3057 ὃν
1733 3006 1789 3058 δὲ

210 3101 417 3168 Ἀρεα,
464 3099 522 3151 ὃν
552 3099 606 3152 δὲ
650 3097 969 3168 Ἀφροδίτην
1011 3095 1459 3166 ἐπονομάζουσιν.
1496 3090 1656 3149 Οὗτοι
1683 3097 1789 3167 γὰρ

206 3191 389 3242 τόντε
446 3192 651 3256 κόσμον
697 3190 913 3241 ἅπαντα
961 3188 1243 3251 διοικοῦσι,
1296 3190 1387 3242 καὶ
1430 3191 1551 3251 ταῖς
1609 3190 1788 3242 αὐτῶν

204 3281 507 3350 δυνάμεσιν
543 3282 574 3350 ἠ
608 3280 701 3331 ὑπ’
731 3278 959 3346 οὐρανὸν
985 3279 1172 3331 ἅπασα
1203 3279 1533 3347 διεξάγεται.
1567 3284 1788 3335 Τούτων

205 3375 398 3428 τοίνυν
451 3373 665 3435 εἰκόνας
722 3374 1017 3441 στήσαντες
1064 3370 1317 3424 σέϐουσιν
1364 3373 1643 3443 ἄνθρωποι
1690 3374 1787 3425 καὶ

206 3465 471 3538 τιμῶσιν,
498 3466 614 3535 ἅμα
640 3464 735 3518 καὶ
762 3463 964 3534 μύθους
985 3463 1137 3528 τινάς
1161 3465 1297 3535 πρὸς
1320 3463 1519 3536 ἡδονὴν
1542 3465 1788 3519 ἀναπλά-

211 3577 433 3624 σαντες,
467 3559 567 3629 οὐχ
613 3559 687 3622 ὡς
735 3557 891 3621 θεοὺς
938 3559 995 3612 δὲ
1044 3559 1245 3629 τιμῶσι
1294 3562 1388 3613 καὶ
1438 3562 1535 3624 τὰς
1572 3562 1787 3624 εἰκόνας

217 3652 427 3716 αὐτῶν,
496 3652 701 3716 ἄπαγε,
775 3648 935 3700 τοῦτο
990 3649 1101 3719 γὰρ
1158 3650 1219 3701 τὸ
1279 3650 1644 3721 ἁπλούστερον
1695 3652 1789 3705 καὶ

216 3743 543 3812 ἀγροικικδν
570 3743 676 3795 τῶν
704 3740 1005 3812 ἀνθρώπων
1041 3741 1436 3810 ὑπολαμϐάνει,
1472 3745 1701 3816 ἐπείπερ
1739 3746 1788 3797 oi

212 3836 413 3903 σοφίας
443 3835 801 3905 ἐπιθυμηταὶ,
838 3835 929 3887 καὶ
973 3834 1041 3886 τὰ
1076 3834 1181 3886 τῶν
1232 3834 1370 3887 θεῶν
1398 3835 1639 3904 ἀκριϐῶς
1674 3837 1790 3902 ἑξε-

209 3930 495 3997 τάζοντες,
549 3929 728 3981 οἴδασι
774 3927 880 3980 τίνι
915 3924 1014 3995 τὴν
1069 3925 1237 3997 τιμὴν
1285 3928 1640 3996 ἀπονέμουσι,
1694 3929 1789 3981 καὶ

210 4020 356 4092 πρὸς
380 4021 501 4075 τίνα
531 4023 565 4092 ἠ
594 4022 703 4075 τὼν
727 4017 886 4073 θείων
912 4016 1247 4088 ἀγαλμάτων
1274 4018 1646 4090 προσκύνησις
1672 4018 1787 4074 δια-

211 4116 413 4172 ϐαίνει.

288 4254 415 4306 ΚΖ’.
436 4248 693 4320 Παραινῶ
721 4246 901 4299 τοίνυν
923 4248 989 4315 τῇ
1021 4247 1086 4313 σῇ
1115 4243 1456 4311 γενναιότητι
1489 4244 1609 4314 μεθ’
1632 4246 1661 4307 ἡ
1672 4243 1791 4315 μῶν

211 4363 277 4400 τε
309 4343 471 4410 εἷναι,
494 4341 586 4396 καὶ
618 4338 760 4393 κατὰ
799 4338 859 4392 τὸ
896 4338 1026 4407 ἡμῖν
1076 4336 1314 4407 ἀρέσκον
1369 4336 1538 4406 βιοῦν,
1573 4339 1674 4408 τήν
1728 4354 1788 4390 τε

215 4437 517 4509 θρησκείαν
577 4431 895 4502 Ελληνίζειν
920 4430 1096 4501 ὀρθῶς
1128 4430 1221 4482 καὶ
1250 4428 1358 4481 τῶν
1380 4429 1623 4500 ἀρχαίων
1651 4430 1789 4484 ἐθῶν

216 4531 312 4582 καὶ⁵
348 4525 692 4597 πραγμάτων
726 4520 1070 4589 ἀντέχεσθαι.
1132 4519 1191 4570 Ὀ
1220 4520 1329 4587 γὰρ
1381 4522 1788 4581 Κωνσταντῖνος

1891 2012 1959 2064 rit
1986 2010 2155 2063 solem
2191 2010 2245 2061 in
2284 2009 2422 2063 ccelo
2466 2009 2827 2078 equitantem,
2876 2008 3130 2061 similiter
3176 2019 3355 2061 autem
3408 2018 3462 2061 et

1888 2103 2094 2165 lunam,
2120 2116 2240 2168 qua:
2268 2101 2489 2153 vehitur
2511 2116 2674 2155 curru
2710 2101 2935 2155 aurato?
2964 2100 3097 2153 Nam
3125 2100 3215 2154 illc
3243 2101 3463 2170 quidem

1890 2195 2030 2248 diem
2068 2192 2229 2246 elﬁcit
2260 2191 2525 2254 lucidum,
2566 2201 2620 2245 et
2648 2191 2898 2245 homines
2925 2194 3123 2245 excitat
3153 2193 3218 2245 ad
3253 2209 3417 2261 opera
3446 2212 3457 2245 ι

1892 2288 2007 2342 lucc
2034 2297 2214 2340 autem
2265 2286 2410 2340 nocti
2449 2285 2673 2354 prmfert
2705 2285 2874 2347 faces,
2920 2286 3377 2355 vigilantibusque
3410 2297 3463 2338 et

1890 2379 1993 2431 iter
2023 2376 2350 2430 facientibus
2396 2391 2460 2430 ex
2507 2392 2566 2429 se
2601 2391 2851 2446 magnam
2903 2378 3107 2446 przcbet
3150 2378 3459 2430 utilitatem.

1890 2471 1963 2522 Ea
1991 2470 2163 2525 Graeci
2195 2478 2249 2523 et
2276 2467 2503 2522 Romani
2535 2468 2590 2520 in
2628 2468 2762 2521 deos
2799 2469 3064 2531 referunt,
3098 2478 3151 2522 et
3179 2469 3381 2529 colunt,
3409 2480 3463 2522 et

1889 2575 2039 2630 spem
2078 2560 2134 2613 in
2171 2559 2303 2627 ipsis
2337 2558 2699 2619 collocarunt,
2727 2559 2896 2612 solem
2926 2560 3145 2627 quidem
3180 2558 3459 2629 appellan-

1894 2660 1975 2705 tes
1993 2651 2321 2719 Apollinem,
2353 2651 2537 2704 lunam
2570 2665 2696 2705 vero
2719 2649 2964 2706 Dianam.
2988 2651 3089 2705 Sed
3123 2661 3177 2704 et
3203 2665 3267 2704 ex
3291 2651 3463 2707 stellis

1890 2743 2170 2805 maximas,
2200 2743 2447 2811 planetas
2476 2742 2730 2797 videlicet
2765 2743 3081 2811 appellatas.
3115 2758 3212 2811 pro
3241 2743 3343 2795 diis
3370 2743 3465 2795 lia-

1889 2833 2040 2897 bent,
2083 2849 2202 2903 quae
2238 2834 2470 2903 reliquas
2494 2834 2734 2903 quinque
2759 2849 2924 2887 zonas
2961 2834 3208 2887 caelestes
3234 2842 3460 2887 tenent:

1890 2926 2117 2979 ctaliam
2138 2926 2355 2995 quidem
2385 2925 2702 2989 Saturnum,
2724 2927 2882 2980 aliam
2901 2925 3111 2991 Jovem,
3130 2926 3287 2980 aliam
3322 2925 3463 2979 Mer-

1890 3017 2125 3083 curium,
2151 3019 2309 3071 aliam
2345 3018 2593 3082 Martem,
2628 3019 2789 3073 aliam
2836 3028 3017 3071 autem
3058 3018 3323 3071 Venerem
3362 3034 3462 3071 no-

1891 3109 2120 3161 minant.
2144 3110 2232 3162 Eae
2251 3113 2396 3163 enim
2424 3111 2687 3164 mundum
2715 3111 3029 3164 universum
3055 3110 3462 3175 administrant,

1891 3209 1946 3254 et
1973 3214 2160 3254 carum
2188 3200 2487 3254 virtutibus
2518 3201 2723 3281 regitur
2759 3203 3016 3257 universa
3048 3212 3208 3265 terra,
3240 3218 3359 3272 qua:
3382 3213 3464 3257 est

1896 3293 1997 3347 sub
2029 3294 2189 3347 cmlo.
2229 3292 2431 3347 Horum
2464 3308 2593 3364 ergo
2625 3303 2928 3348 statuentes
2971 3294 3256 3363 imagines,
3288 3295 3467 3349 homi-

1896 3397 1993 3434 nes
2022 3398 2112 3436 eas
2146 3385 2329 3437 colunt
2370 3394 2423 3439 et
2452 3386 2744 3451 honorant,
2796 3386 2958 3439 simul
3006 3387 3168 3440 etiam
3204 3387 3463 3454 quasdam

1897 3473 2104 3529 fabulas
2128 3475 2389 3544 ﬁngentcs
2421 3477 2486 3530 ad
2515 3478 2872 3546 voluptatem.
2906 3478 3023 3532 Non
3053 3483 3308 3548 tanquam
3335 3481 3467 3532 deos

1896 3576 2075 3621 autem
2109 3568 2295 3622 colunt
2327 3582 2517 3623 eorum
2554 3569 2819 3641 imagines
2853 3572 3057 3641 tabsit),
3090 3573 3193 3625 hoc
3217 3573 3360 3625 cnim
3393 3574 3465 3625 ita

1895 3656 2167 3724 accipiunt
2197 3661 2529 3727 agrestiores
2564 3662 2818 3718 homines
2853 3673 2908 3717 et
2938 3664 3336 3734 simpliciores:
3367 3665 3463 3718 sed

1895 3748 1987 3816 qui
2019 3749 2316 3818 cupiditate
2362 3759 2619 3807 tenentur
2662 3754 2964 3823 sapientiae,
2998 3764 3053 3811 et
3101 3770 3185 3810 res
3232 3754 3464 3810 deorum

1896 3850 2149 3893 accurate
2181 3840 2491 3910 inquirunt,
2520 3844 2700 3898 sciunt
2728 3845 2816 3899 cui
2838 3845 3103 3900 honorem
3126 3847 3386 3912 tribuant,
3410 3856 3467 3902 et

1897 3930 1963 3984 ad
1992 3946 2150 4002 quem
2179 3943 2422 3991 transeat
2449 3934 2695 3991 adoratio
2727 3937 3036 3993 divinarum
3068 3939 3388 4011 imaginum.

1966 4242 2177 4298 XXVII.
2209 4244 2379 4299 Tuam
2411 4261 2540 4321 ergo
2565 4247 2758 4304 hortor
2784 4252 3174 4321 praestantiam,
3210 4264 3269 4310 ut
3300 4264 3405 4310 stet
3432 4272 3463 4311 ιι

1894 4339 2073 4403 nobis,
2100 4348 2154 4394 et
2183 4340 2347 4407 vivat,
2381 4349 2438 4395 ut
2463 4341 2620 4396 nobis
2648 4343 2850 4412 placet,
2916 4356 2971 4399 et
3018 4356 3165 4400 recte
3220 4347 3462 4404 Grmcam

1895 4444 2154 4501 sequatur
2186 4434 2524 4504 religionem,
2553 4444 2606 4490 et
2638 4437 2870 4492 retineat
2895 4452 3077 4494 mores
3130 4448 3186 4494 et
3232 4455 3319 4495 res
3362 4457 3460 4494 ve-

1898 4526 2064 4579 teres.
2095 4524 2487 4580 Constantinus
2514 4527 2682 4590 enim,
2717 4529 2859 4582 sicut
2890 4531 3007 4600 ipse
3058 4546 3165 4585 non
3222 4531 3463 4603 ignoras,

216 4617 409 4686 ὥσπερ
444 4614 567 4667 οὐδὲ
616 4609 779 4672 αὐτὸς
837 4609 1080 4675 ἀγνοεῖς,
1131 4604 1533 4674 εύεξαπάτητος
1582 4604 1873 4674 ἀνδρῶνῦ

1820 4607 1873 4670 ὀ
1898 4624 2015 4670 erat
2038 4614 2285 4670 omnium
2304 4616 2585 4671 hominum
2614 4618 2845 4689 decepta
2868 4619 3157 4677 facillimus
3181 4639 3193 4675 :
3223 4633 3279 4677 et
3336 4638 3460 4676 cum

215 4708 439 4779 ἀμαθής
489 4721 549 4757 τε
605 4702 700 4753 καὶ
754 4700 979 4770 ἀνόητος
1018 4692 1117 4763 ὢν,
1158 4696 1289 4768 περὶ
1334 4696 1434 4765 τὴν
1495 4696 1794 4765 θρησκείαν

216 4801 556 4867 ἑνεωτέρισε,
605 4797 700 4848 καὶ
731 4794 859 4855 τοὺς
902 4789 1167 4859 Ἐλλήνων
1199 4790 1470 4859 ἀθετήσας
1514 4790 1667 4853 θεοὺς
1702 4791 1795 4842 ἐπὶ

214 4892 307 4946 τὸν
350 4887 782 4959 Χριστιανισμὺν
846 4883 1108 4948 ἐξέκλινε,
1172 4880 1272 4943 τὰς
1327 4882 1583 4944 ἀνοσίους
1626 4880 1793 4935 αὑτοῦ

218 4980 446 5051 πράξεις
476 4972 966 5043 ὲπαισχυνόμενος,
1015 4972 1108 5025 καὶ
1139 4972 1221 5025 ὅτι
1253 4973 1301 5024 ol
1333 4971 1444 5025 θεοὶ
1474 4971 1657 5035 αὑτὸν,
1692 4970 1791 5037 τῆς

217 5072 369 5139 ἱερᾶς
403 5067 582 5121 αὐτῶν
615 5065 705 5118 καί
741 5061 1159 5130 παναγεστάτης
1213 5058 1509 5131 θρησκείας
1556 5060 1629 5122 ὡς
1666 5057 1790 5122 ἐξά-

215 5178 401 5232 γιστον
430 5160 525 5213 καὶ
557 5157 816 5229 πονηρὸν,
850 5150 1039 5224 πόρρω
1088 5170 1191 5207 που
1223 5156 1319 5206 καὶ
1354 5152 1579 5223 μακρὰν
1623 5150 1782 5206 ἀπώ-

217 5268 398 5316 σαντο,
428 5250 523 5304 ἀτε
569 5250 662 5302 καὶ
692 5247 948 5317 ὁμογνίου
977 5244 1207 5314 αἵματος
1237 5245 1529 5313 γενόμενον
1560 5243 1735 5296 αἴτιον
1767 5258 1783 5276 ο

214 5342 341 5406 τούς
366 5359 425 5395 τε
456 5343 564 5410 γὰρ
592 5340 853 5409 ἀδελφοὺς
885 5339 1231 5402 ἀπέκτεινεν,
1264 5336 1418 5389 οὐδὲν
1447 5335 1648 5388 ἄτοπον
1672 5336 1785 5404 εἱρ-

215 5435 547 5505 γασμένους,
577 5435 671 5485 καὶ
698 5433 795 5501 τὴν
819 5434 1054 5499 γυναῖκα
1080 5428 1356 5495 Φαύσταν,
1385 5430 1479 5481 καὶ
1501 5428 1591 5480 τὸν
1616 5426 1785 5480 αὑτοῦ

214 5528 327 5582 υἱὸν
361 5528 618 5596 Πρίσκον,
646 5526 880 5596 χρηστόν
906 5541 963 5577 τε
995 5524 1090 5577 καὶ
1126 5523 1332 5591 ἀγαθὸν
1362 5524 1534 5595 ἄνδρα
1573 5523 1785 5593 τυγχά-

217 5637 398 5676 νονται
450 5620 548 5673 Διά
589 5620 765 5683 τοῦτο,
797 5616 1216 5685 θαυμασιώτατε
1250 5617 1481 5684 ἀνδρῶν,
1514 5617 1655 5687 ὁρῶν
1689 5633 1784 5669 σου

213 5711 311 5778 τῆς
339 5710 577 5771 διανοίας
608 5709 668 5762 τὸ
694 5708 953 5778 ἐμϐριθές
987 5724 1046 5759 τε
1078 5709 1171 5760 καὶ
1204 5706 1491 5775 στάσιμον,
1524 5705 1783 5775 βούλομαί

217 5819 273 5855 σε
309 5802 406 5871 τῆς
458 5804 731 5873 ἡμετέρας
780 5801 1023 5871 ἑταιρίας
1080 5801 1174 5855 καὶ
1232 5800 1450 5872 μερίδος
1508 5800 1782 5868 γενέσθαι.

1895 4716 2039 4761 esset
2068 4706 2320 4763 indoctus
2346 4717 2398 4764 et
2427 4723 2633 4775 amens,
2686 4712 2964 4767 innovavit
3013 4713 3351 4784 religionem,
3409 4724 3461 4769 et

1892 4799 1995 4852 diis
2021 4798 2333 4852 Graecorum
2362 4801 2602 4866 abolitis,
2645 4803 2936 4857 declinavit
2988 4805 3055 4857 ad
3102 4805 3461 4860 Christianis-

1892 4906 2064 4951 mum,
2087 4906 2211 4946 cum
2238 4892 2531 4963 impiorum
2566 4909 2788 4949 suorum
2814 4895 3079 4951 factorum
3116 4912 3242 4951 eum
3288 4900 3461 4969 pude-

1891 4991 1995 5048 ret,
2016 4990 2072 5036 et
2105 4983 2249 5051 quod
2283 4983 2355 5037 dii
2378 4999 2525 5050 eum,
2548 4993 2803 5055 tanquam
2832 4986 3105 5056 impurum
3136 4997 3191 5042 et
3223 4990 3460 5042 scelera-

1890 5082 2024 5135 tum,
2056 5088 2085 5127 a
2122 5083 2469 5129 sacrosancta
2501 5090 2599 5130 sua
2651 5076 2908 5147 religione
2964 5076 3286 5146 expulerant
3342 5080 3461 5132 lon-

1886 5166 2127 5239 gissimc,
2162 5176 2221 5220 ut
2244 5167 2333 5236 qui
2362 5177 2651 5238 cognatum
2682 5169 3000 5238 sanguinem
3036 5170 3271 5226 fuderat.
3321 5170 3454 5225 Nam

1883 5265 1941 5310 et
1968 5255 2165 5310 fratres
2187 5256 2406 5322 occidit,
2431 5258 2521 5326 qui
2550 5257 2685 5311 nihil
2717 5258 2841 5311 mali
2874 5257 3140 5325 fecerant,
3160 5270 3215 5315 et
3234 5277 3456 5316 uxorem

1884 5346 2178 5412 Faustam,
2231 5356 2286 5402 et
2327 5363 2486 5402 suum
2513 5348 2681 5402 ﬁlium
2716 5347 2958 5404 Priscum
2997 5350 3317 5424 [Crispum],
3365 5352 3458 5423 qui

1884 5447 2000 5491 erat
2026 5439 2112 5490 vir
2142 5438 2284 5507 frugi
2314 5448 2368 5493 et
2399 5438 2597 5493 bonus.
2622 5440 2938 5508 Propterea,
2972 5456 3006 5496 ο
3056 5442 3135 5494 vir
3190 5443 3456 5511 imprimis

1885 5528 2221 5592 admit-aude,
2252 5545 2375 5585 cum
2406 5532 2620 5587 videam
2654 5540 2757 5585 tua:
2794 5533 2994 5587 mentis
3043 5534 3362 5604 gravitatem
3402 5544 3458 5590 et

1884 5622 2272 5686 constantiam,
2300 5622 2423 5677 volo
2452 5631 2505 5678 te
2534 5638 2654 5679 esse
2682 5632 2990 5679 nostrarum
3020 5626 3275 5694 partium.
3309 5627 3450 5695 Age-

1886 5708 2014 5761 dum
2048 5724 2193 5778 ergo,
2223 5724 2255 5763 ο
2294 5713 2521 5775 Artemi,
2552 5714 2619 5769 ad
2646 5715 2878 5783 patriam
2920 5723 2974 5770 et
3016 5718 3452 5785 antiquissimam

1887 5809 1941 5856 et
1969 5806 2202 5860 maxime
2242 5803 2553 5861 diuturnam
2617 5804 2987 5863 Romanorum
3039 5817 3092 5864 et
3139 5808 3450 5864 Graecorum
