4216 6432
217 378 357 446 1173

1369 381 1837 444 MARTYRIUM
1886 385 1946 446 S.
1991 384 2341 445 ARTEMII.

3334 373 3471 439 1174

212 496 387 568 ἀρχὴν
415 495 671 563 ἐφαίνετο
697 494 763 547 ὲκ
789 493 900 548 τῶν
921 494 1091 548 αὐτοῦ
1120 494 1379 548 διαϐολῶν
1398 535 1412 559 ,
1459 496 1551 550 τὸν
1580 496 1795 550 ἅπαντα

1913 502 2170 554 invectus.
2221 497 2423 553 Ambos
2470 512 2704 566 namque
2748 495 3143 551 Chalcedonem
3196 493 3366 556 misit,
3417 503 3473 549 et

207 591 289 659 τῷ
319 588 507 658 Γάλλῳ
556 588 717 655 φόνον
762 588 1266 659 συγκειρασάμενος
1298 605 1312 619 ο
1360 589 1570 642 Παῦλον
1610 589 1665 643 δὲ
1700 590 1791 643 τὸν

211 680 426 734 Σπανὺν
481 681 561 741 είς
614 679 742 742 τοὺς
806 679 1158 747 ὑπογραφέας
1215 679 1309 732 τοῦ
1375 679 1642 748 βασιλέως
1704 698 1794 733 τε·

210 772 434 835 λοῦντα,
474 773 614 842 πυρὶ
660 771 1054 843 παραδίδωσιν,
1113 771 1189 834 ὠς
1215 771 1386 827 πολλὰ
1429 773 1493 841 δὴ
1535 772 1683 843 μάλα
1715 772 1795 843 τῷ

216 866 407 934 Γάλλῳ
436 864 944 932 ὲμπικρανάμενον.
995 862 1236 928 Τούτους
1282 864 1381 934 μὲν
1427 862 1521 918 οὖν
1554 867 1797 935 ἀμφοτέ-

220 974 347 1026 ρους
385 957 464 1018 εἰς
497 957 599 1028 τὴν
632 956 953 1024 Χαλκηδόνα
975 956 1293 1025 διαπέμψας
1317 996 1330 1018 ,
1363 957 1480 1008 ἐκεῖ
1511 960 1576 1026 τῇ
1609 959 1799 1027 οἰκείᾳ

217 1046 343 1114 δίκῃ
380 1045 580 1112 ὑπάγει
640 1046 948 1115 ἑκάτερον,
1002 1046 1181 1098 ἀνεῖλε
1236 1045 1291 1097 δὲ
1341 1047 1438 1098 καὶ
1471 1047 1799 1101 Γαυδέντιον

229 1136 544 1207 στρατηγὸν
567 1138 668 1206 τῆς
703 1136 981 1206 Ἀφρικῆς
1007 1177 1023 1202 ,
1060 1139 1152 1190 καλ.
1184 1137 1379 1200 ἄλλους
1418 1138 1569 1200 τινὰς
1615 1139 1800 1190 ὁπόσοι

216 1247 272 1283 τι
301 1232 380 1292 εἰς
410 1230 573 1282 αὑτὸν
605 1230 1076 1301 πεπαρῳνήκεσαν
1099 1246 1112 1258 ·
1155 1229 1289 1283 ἀλλὰ
1321 1229 1546 1293 τούτους
1574 1230 1672 1297 μὲν
1716 1230 1804 1283 διὰ

221 1322 574 1391 γραμμάτων
603 1321 853 1386 ἐκόλασε,
895 1320 986 1374 τὸν
1033 1322 1091 1374 δὲ
1146 1322 1240 1374 τοῦ
1270 1322 1507 1391 Χριστοῦ
1552 1322 1806 1393 μάρτυρα

221 1414 317 1465 καὶ
365 1414 613 1478 γενναῖον
664 1412 904 1483 ἀθλητὴν
948 1414 1232 1484 Ἀρτέμιον
1304 1415 1465 1476 αὐτὸς
1511 1414 1580 1466 δι’
1610 1412 1806 1467 ἑαυτοῦ

227 1505 290 1557 ἐν
316 1504 623 1576 Ἀντιοχείᾳ
667 1504 862 1574 παρὼν
910 1506 1007 1559 καὶ
1039 1508 1284 1577 παρόντα
1312 1506 1399 1559 διὰ
1429 1507 1529 1573 τὴν
1564 1509 1642 1569 εἰς
1673 1508 1809 1574 Χρι-

225 1596 353 1649 στὸν
380 1598 701 1667 ὁμολογίαν,
733 1596 1117 1666 ἀπανθρώπως
1141 1597 1388 1662 ἐκόλασε,
1415 1599 1509 1649 καλ⁸
1535 1598 1633 1667 τῆς
1656 1616 1808 1665 παρ-

225 1688 398 1756 ούσης
454 1688 618 1741 αὑτὸν
651 1689 1050 1756 ἀπεγύμνωσεν
1081 1688 1353 1752 ἐξουσίας,
1395 1689 1468 1757 μὴ
1508 1688 1688 1757 φέρων
1714 1688 1812 1758 τὴν

226 1779 398 1831 αὑτοῦ
436 1779 751 1849 παρρησίαν
787 1783 879 1832 καὶ
924 1780 1196 1834 ἔνστασιν.
1255 1780 1314 1832 ’0
1351 1781 1458 1848 γὰρ
1503 1779 1807 1845 Ἰουλιανὸς,

226 1870 303 1930 ὡς
329 1871 644 1937 δεδήλωται,
676 1872 773 1940 τὴν
796 1872 905 1924 τῶν
944 1872 1235 1942 Ῥωμαίων
1264 1872 1629 1944 περιθέμενος
1662 1873 1813 1943 βασι-

227 1960 402 2026 λείαν,
437 1961 736 2026 ἐσπούδαζε
768 1964 1005 2032 μάλιστα
1047 1965 1139 2017 τὸν
1184 1964 1544 2034 Ἑλληνισμδν
1585 1966 1816 2035 ἐπανορ-

235 2049 389 2104 θοῦν.
425 2053 719 2123 Πανταχοῦ
751 2057 935 2108 τοίνυν
968 2056 1276 2125 γράμματα
1320 2055 1770 2124 διαπεμπόμενος
1797 2096 1811 2121 ,

230 2145 454 2199 ἐκέλευε
514 2147 582 2199 τὰ
628 2146 837 2201 τούτων
887 2150 1091 2218 τεμένη
1141 2148 1235 2201 καὶ
1271 2144 1395 2211 τοῦς
1438 2149 1656 2219 βωμοὺς
1715 2152 1811 2203 ἅν-

238 2238 434 2305 ιστᾷν,
478 2238 615 2306 μετὰ
652 2239 855 2308 πολλῆς
897 2241 1030 2308 ὅσης
1060 2240 1157 2312 τῆς
1191 2241 1425 2309 σπουδῆς
1463 2258 1521 2293 τε
1554 2244 1645 2293 καὶ
1680 2258 1815 2309 προ-

232 2326 460 2393 θυμίας,
504 2330 598 2381 καὶ
634 2331 766 2391 ὅσας
808 2334 836 2384 ό
882 2332 1057 2401 μέγας
1107 2333 1521 2397 Κωνσταντῖνος
1557 2335 1677 2397 ταῖς
1723 2336 1815 2386 ὲκ-

1898 588 2004 643 illic
2035 602 2327 658 utrumque
2360 603 2459 643 suo
2486 588 2669 643 affecit
2694 586 2977 658 supplicio.
3007 584 3278 640 Interfecit
3307 587 3471 640 etiam

1897 680 2264 739 Gaudentium
2323 682 2515 738 ducem
2562 682 2833 736 exercitus
2876 680 3092 743 Africae,
3118 689 3170 734 et
3210 678 3471 748 quosdam

1898 777 2052 841 alios,
2093 776 2186 846 qui
2218 775 2267 830 ei
2302 775 2715 830 insultaverant.
2752 771 2858 828 Sed
2905 788 2998 827 eos
3045 766 3265 841 quidem
3296 770 3475 841 puniit

1899 885 1997 941 per
2054 870 2295 934 litteras;
2354 868 2555 923 Christi
2602 875 2783 922 autem
2833 875 3122 935 martyrem
3179 873 3233 919 et
3282 864 3476 919 fortem

1899 963 2159 1016 athletam
2186 960 2511 1027 Artemium,
2540 959 2656 1030 ipse
2692 976 2790 1029 per
2819 974 2879 1014 se
2909 957 3208 1013 Antiochiae
3238 972 3478 1027 praesens

1901 1062 2225 1123 praesentem
2260 1061 2484 1124 propter
2509 1051 2711 1108 Christi
2737 1051 3143 1107 confessionem
3177 1050 3479 1104 inhumane

1904 1147 2104 1216 puniit,
2161 1156 2217 1199 et
2250 1161 2336 1209 ea,
2372 1159 2533 1214 quam
2594 1143 2850 1209 habebat,
2901 1144 3138 1213 privavit
3188 1150 3477 1213 potestate,

1904 1254 2015 1293 non
2050 1237 2231 1292 ferens
2259 1238 2379 1307 ejus
2410 1237 2623 1291 dicendi
2656 1236 2960 1292 libertatem
2994 1245 3050 1291 et
3094 1234 3479 1290 constantiam.

1907 1329 2155 1384 Julianus
2194 1329 2360 1391 enim,
2396 1344 2541 1390 cum,
2576 1338 2636 1383 ut
2665 1337 2943 1383 ostensum
2970 1336 3074 1391 est,
3107 1327 3479 1380 Romanorum

1910 1430 2227 1491 usurpasset
2274 1420 2587 1490 imperium,
2637 1420 2874 1473 maxime
2945 1418 3195 1473 studebat
3242 1417 3485 1488 gentium

1912 1527 2152 1567 errorem
2187 1512 2238 1563 in
2268 1524 2426 1564 suum
2456 1510 2634 1563 locum
2664 1510 2976 1563 restituere.
3008 1508 3063 1562 In
3092 1523 3280 1562 omnes
3306 1507 3487 1576 itaque

1912 1614 2089 1674 partes
2127 1602 2354 1661 mittens
2392 1601 2603 1655 litteras
2647 1600 2873 1669 jubebat
2919 1601 3144 1655 deorum
3202 1599 3401 1669 templa
3434 1608 3488 1651 ct

1914 1696 2101 1748 altaria
2132 1704 2383 1764 prompto
2415 1704 2470 1748 et
2511 1692 2675 1746 alacri
2726 1692 2894 1746 animi
2952 1692 3132 1746 studio
3172 1692 3397 1753 exstrui,
3437 1699 3491 1743 et

1916 1801 2265 1857 quoscunque
2306 1787 2514 1841 reditus
2567 1801 2797 1854 magnus
2820 1784 3212 1839 Constantinus
3244 1783 3493 1838 attribuit

1916 1880 2187 1945 ecclesiis,
2222 1888 2276 1933 et
2306 1880 2425 1949 ejus
2451 1877 2591 1932 ﬁlius
2630 1876 3001 1941 Constantius,
3044 1890 3139 1930 eos
3168 1876 3393 1941 ademit,
3437 1884 3492 1929 et

1915 1966 2131 2036 templis
2156 1966 2501 2021 consecravit
2536 1964 2825 2028 idolorum,
2857 1979 2954 2032 pro
2999 1961 3292 2033 episcOpis,
3342 1975 3493 2029 pres-

1914 2058 2114 2128 byteris
2141 2066 2195 2110 et
2225 2056 2496 2117 diaconis,
2545 2054 2893 2107 constituens
2938 2054 3191 2116 mdituos,
3243 2063 3493 2119 asperso.

1912 2166 2019 2210 res,
2071 2148 2346 2204 sacriﬁcos
2377 2154 2432 2200 et
2476 2147 2855 2215 canephoros,
2904 2154 2958 2199 et
2988 2154 3326 2212 quaecunque
3388 2154 3494 2193 no-

1914 2243 2060 2295 mina
2109 2257 2267 2310 nuga:
2302 2240 2595 2309 imponunt
2637 2236 2941 2308 gentilium.
2993 2235 3117 2289 Haec
3167 2232 3385 2303 quidem
3442 2239 3497 2284 et

1921 2333 2024 2386 alia
2065 2334 2270 2388 ﬁebant
2298 2328 2794 2399 Constantinopoli.

232 2415 492 2485 κλησίαις
545 2418 844 2488 προσόδους
901 2420 1194 2488 ἀπένειμε,
1252 2421 1345 2473 καὶ
1385 2424 1413 2473 ὁ
1450 2420 1643 2474 τούτου
1725 2423 1839 2483 υίὺς
1903 2422 2298 2486 Κωνστάντιος,
2364 2423 2570 2483 ταύτας
2625 2417 2864 2487 ἀφελὼν,
2920 2420 3035 2478 τοῖς
3089 2415 3198 2468 τῶν
3255 2412 3495 2467 είδώλων

232 2512 386 2572 ναοῖς
411 2509 737 2581 ἀφιέρωσεν,
769 2510 885 2563 ἀντ’
911 2511 1227 2564 ἐπισκόπων
1274 2514 1364 2563 καί
1418 2512 1811 2581 πρεσϐυτέρων
1875 2517 1969 2567 καὶ
2003 2514 2269 2566 διακόνων
2317 2514 2667 2582 καταστήσας
2716 2510 3004 2580 ζακόρους,
3041 2508 3136 2560 καὶ
3170 2506 3497 2575 νεωκόρους,

237 2603 338 2655 καὶ
383 2603 607 2672 ρἀτας,
643 2603 738 2656 καὶ
774 2600 939 2667 θύτας
962 2642 977 2667 ,
1040 2604 1136 2656 καὶ
1166 2604 1511 2673 κανηφόρους
1536 2643 1549 2669 ,
1582 2605 1675 2655 καὶ
1702 2604 1833 2667 ὅσας
1864 2607 1892 2657 ό
1946 2604 2226 2674 ὲλληνικὸς
2266 2603 2423 2663 ὕθλος
2464 2602 2785 2672 ἐπιφημίζει
2841 2601 3253 2673 προσωνυμίας.
3300 2597 3492 2654 Ταῦτα

242 2694 345 2763 μὶν
382 2697 477 2747 καὶ
511 2695 675 2763 ἕτερα
722 2695 1077 2766 διεπράττετο
1114 2696 1256 2749 κατὰ
1301 2695 1404 2766 τὴν
1460 2696 2058 2751 Κωνσταντινούπολιν.

317 2787 417 2841 ΙΒ’.
443 2789 599 2841 Μετά
631 2790 687 2841 δὲ
712 2790 886 2843 ταῦτα
921 2790 1158 2859 μητέρος
1196 2790 1361 2842 αὐτοῦ
1404 2790 1630 2859 ἀδελφὸν
1660 2790 1819 2861 ἔχων,

243 2880 536 2937 Ἰουλιανόν
566 2883 833 2951 τοῦνομα.
879 2883 979 2951 τὴν
1023 2882 1117 2935 τοῦ
1171 2883 1609 2953 Χριστιανισμοῦ
1639 2885 1822 2938 πίστιν

244 2974 336 3027 διὰ
395 2974 494 3044 τὴν
536 2973 747 3026 ἐκείνου
804 2976 963 3045 χάριν
1012 2975 1444 3046 ἐξομοσάμενον,
1482 2978 1577 3029 καὶ
1618 2978 1822 3045 πολλὴν

246 3066 391 3134 ὑπὲρ
445 3064 539 3117 τοῦ
588 3066 953 3137 Ἑλληνισμοῦ
995 3067 1307 3138 προθυμίαν
1350 3066 1821 3130 ἐπιδεικνύμενον,

2000 2792 2113 2847 XII.
2149 2792 2275 2846 Post
2309 2793 2427 2846 haec
2476 2801 2657 2845 autem
2703 2804 2823 2843 cum
2878 2788 3068 2841 matris
3115 2800 3228 2840 suae
3280 2783 3502 2839 haberet

1932 2885 2177 2949 fratrem,
2208 2885 2425 2939 nomine
2461 2884 2756 2944 lulianum,
2806 2880 2897 2949 qui
2938 2889 2995 2933 ttt
3038 2878 3113 2931 illi
3166 2876 3502 2947 gratiﬁcare-

1933 2990 2038 3043 tur,
2070 2979 2472 3034 Christianismi
2533 2978 2689 3033 ﬁdem
2745 2976 3113 3045 abiuraverat,
3173 2982 3227 3027 el
3275 2988 3373 3041 pro
3420 2986 3506 3024 er-

1934 3089 2054 3126 rore
2119 3074 2361 3142 gentium
2425 3072 2743 3125 ostendebat
2822 3076 3132 3137 promptum
3200 3074 3254 3117 et
3329 3064 3505 3117 alacre

246 3157 487 3225 ἇρχοντα
512 3157 608 3228 τῆς
641 3158 784 3228 ἑῴας
836 3160 895 3213 όν
951 3159 1178 3213 καλοῦσι
1234 3161 1452 3227 κόμητα
1492 3142 1815 3226 ἐξέπεμψεν1

1932 3165 2097 3219 animi
2142 3164 2407 3229 studium,
2462 3161 2644 3216 emisit
2705 3158 2943 3213 Orientis
3002 3168 3287 3217 rectorem,
3344 3169 3506 3223 quem

248 3247 656 3316 ἐντειλάμενος,
707 3251 777 3303 τὰ
833 3250 931 3319 μὲν
988 3251 1096 3302 τῶν
1139 3248 1447 3317 ἐκκλησιῶν
1526 3249 1831 3320 πράγματα

250 3337 459 3391 κακοῦν
501 3357 559 3391 τε
605 3340 700 3392 καὶ
754 3340 1123 3410 διαφθείρειν,
1173 3339 1451 3409 πανταχοῦ
1482 3340 1539 3392 δὲ
1597 3343 1691 3393 καὶ
1745 3343 1832 3395 διὰ

252 3431 434 3500 πάσης
468 3431 609 3495 ἰδέας
628 3432 719 3485 τὸν
756 3432 1112 3501 Ἐλληνισμὺν
1143 3432 1330 3500 αῠξειν
1358 3451 1417 3486 τε
1440 3434 1535 3486 καὶ
1558 3433 1831 3506 ἐπαίρειν.

265 3521 325 3573 '0
354 3521 409 3575 δὲ
433 3525 774 3594 ἀφικόμενος
803 3529 860 3578 ἐν
892 3526 1192 3598 Ἀντιοχείᾳ
1210 3530 1470 3599 ἐπειρᾶτο
1491 3529 1691 3598 μείζων
1727 3529 1834 3582 τῶν

254 3617 661 3683 ἐντεταλμένων
687 3620 800 3679 τοῖς
850 3618 1032 3687 ἔργοις
1067 3620 1375 3686 φαίνεσθαι,
1409 3621 1505 3672 καὶ⁹
1551 3621 1614 3689 δὴ
1661 3637 1833 3689 προσ-

253 3708 576 3776 αφαιρεῖται
626 3706 728 3775 μὲν
794 3709 987 3763 πασῶν
1022 3711 1131 3764 τῶν
1167 3710 1479 3782 ἐκκλησιῶν
1517 3714 1737 3768 ἅπαντα
1766 3714 1834 3768 τὰ

257 3798 540 3869 κειμήλια,
573 3801 674 3854 ὅσα
692 3802 750 3855 ἐν
772 3803 999 3874 ἀργύρῳ
1028 3823 1087 3857 τε
1114 3805 1207 3858 καὶ
1239 3805 1428 3875 χρυσῷ
1462 3808 1558 3858 καὶ
1586 3808 1837 3875 σηρικοῖς

256 3893 546 3962 ὑφάσμασι
574 3895 820 3961 διετέλει,
855 3899 1138 3951 ἀποκλείει
1174 3896 1230 3950 δὲ
1263 3898 1357 3951 καὶ
1390 3898 1488 3960 τὰς
1521 3898 1833 3968 ἐκκλησίας,

254 3985 352 4038 τοῦ
396 3988 470 4057 μή
540 4005 665 4043 τινα
717 3990 997 4060 είσιροιτᾷν
1042 3992 1099 4041 ὲν
1152 3989 1347 4052 αὐταῖς
1405 3989 1575 4060 εὐχῆς
1626 3989 1835 4055 ἕνεκα,

259 4080 484 4150 κλεῖθρα
530 4082 624 4134 καὶ
669 4084 920 4153 μυχχοὺς
965 4086 1076 4144 τοῖς
1110 4082 1346 4134 πολῶσιν
1371 4083 1667 4135 ἐπιϐαλών.
1723 4082 1835 4134 Καὶ

258 4170 432 4225 ταῦτα
466 4174 569 4242 μὲν
619 4174 763 4228 κατὰ
810 4175 907 4244 τὴν
934 4176 1210 4258 Ἀντιόχου
1259 4176 1415 4226 πόλιν
1445 4191 1457 4204 ·
1501 4175 1527 4226 ό
1552 4175 1648 4242 τῆς
1684 4174 1840 4227 Ἀνα-

256 4261 421 4327 τολῆς
482 4260 666 4330 ἄρχων
717 4264 1022 4330 εἰργάζετο,
1083 4265 1110 4313 ό
1152 4263 1209 4313 δὲ
1254 4260 1503 4330 βασιλεὺς
1532 4261 1837 4328 Ἰουλιανὸς,

260 4352 344 4401 ἔτι
390 4352 532 4404 κατὰ
562 4350 660 4422 τὴν
687 4352 1501 4407 Κωνσταντινούπολινδιεῖλκέ
1543 4372 1665 4407 τινα
1714 4357 1841 4425 χρό-

261 4462 377 4506 νον,
400 4443 467 4495 τὰ
489 4444 545 4495 ὲν
566 4444 740 4515 ταύτῃ
769 4445 1067 4513 κρατύνας,
1095 4450 1173 4508 είς
1195 4449 1332 4514 ὅπερ
1364 4446 1578 4515 ἐνόμιζε
1606 4449 1841 4517 μάλιστα

259 4542 327 4606 τῇ
362 4536 609 4607 βασιλεία
624 4538 945 4607 συμφέρειν,
972 4541 1066 4591 καὶ
1095 4541 1223 4600 ὅπος
1252 4541 1277 4590 ό
1314 4538 1666 4609 Ἑλληνισμὸς
1694 4541 1841 4610 αὑτῴ

263 4633 406 4701 πρὸς
474 4633 535 4685 τὸ
599 4631 1017 4701 μεγαλειότερον
1076 4631 1277 4701 ἐξαρθῇ
1348 4632 1570 4683 σκοπῶν
1628 4649 1685 4683 τε
1748 4634 1840 4684 καὶ

268 4725 817 4795 πραγματευόμενος.
856 4725 1028 4794 ’Ἄρας
1057 4720 1149 4776 οὖν
1180 4727 1241 4777 ἐκ
1274 4725 1369 4793 τῆς
1403 4727 1842 4777 Κωνσταντινου-

268 4820 477 4880 πόλεως
512 4817 608 4868 σὺν
635 4819 798 4870 παντὶ
846 4818 923 4886 τῷ
974 4818 1190 4888 στρατῷ
1236 4818 1333 4890 τὴν
1376 4818 1467 4870 ἐπὶ
1498 4817 1595 4885 τῆς
1645 4818 1843 4888 Συρίας

265 4913 509 4964 ἐποιεῖτο
535 4910 673 4962 ὁδόν.

344 5004 439 5057 II".
469 5002 707 5056 Διελθὼν
722 5002 904 5056 τοίνυν
927 5005 1146 5057 ἃπασαν
1178 5003 1274 5072 τὴν
1298 5004 1563 5071 Φρυγίαν,
1591 5003 1684 5056 καλ⁸
1710 5003 1844 5072 πρὸς

266 5097 365 5165 τὴν
396 5096 629 5165 ἐσχάτην
657 5095 827 5163 αὐτῆς
853 5098 1007 5150 πόλιν
1034 5097 1092 5148 τὸ
1115 5096 1449 5160 καλούμενον
1469 5095 1682 5148 Ἰκόνιον
1710 5112 1845 5147 κατ-

268 5189 539 5257 αντήσας,
618 5189 855 5252 ἐξέκλινε
893 5190 990 5259 τὴν
1048 5191 1319 5257 Ἰσαυρῐαν
1365 5185 1700 5241 καταλιπών.
1741 5187 1846 5240 Καὶ

268 5285 361 5331 τὸν
400 5279 693 5348 λεγόμενον
720 5282 933 5351 Ταῦρον
971 5281 1327 5352 ὑπεραναϐὰς
1367 5299 1379 5311 ι
1426 5277 1589 5349 ἦλθεν
1618 5280 1708 5330 ἐπὶ
1746 5281 1848 5342 τὰς

270 5372 460 5433 πόλεις
490 5370 589 5437 τῆς
620 5372 894 5438 Κιλικίας,
931 5373 1022 5424 καὶ
1063 5373 1138 5442 τῷ
1187 5372 1413 5441 σταθμῴ
1454 5369 1846 5440 προσπελάσας

270 5462 351 5529 τῷ
384 5463 441 5513 ὲν
476 5461 631 5530 Ἰσσῷ
665 5463 832 5517 αὑτοῦ
866 5482 970 5517 που
998 5468 1338 5532 κατασκηνοῖ
1361 5504 1375 5527 ,
1425 5464 1515 5515 τὸν
1561 5464 1623 5513 ὲκ
1662 5464 1849 5515 Μακε-

271 5554 452 5615 δονίας
503 5552 853 5622 Ἀλέξανδρον
887 5557 1266 5626 μιμησάμενος
1301 5573 1315 5586 ·
1359 5554 1546 5607 αὐτόθι
1594 5553 1703 5622 γὰρ
1751 5556 1848 5608 κά-

276 5647 451 5706 κεῖνος
485 5647 542 5698 ἐν
580 5646 734 5717 Ἰσσῷ
785 5646 876 5698 τὸν
913 5649 1043 5715 πρὸς
1073 5651 1296 5718 Δαρεῖον
1321 5648 1410 5700 τὸν
1446 5646 1847 5716 Περσῶνβασιο

278 5735 373 5788 λέα
405 5738 769 5809 συνεκρότησε
800 5737 1055 5807 πόλεμον,
1086 5745 1179 5791 καὶ
1210 5738 1396 5792 τοῦτον
1422 5739 1673 5808 νικήσας,
1733 5740 1850 5791 ἐπί-

280 5842 455 5899 σημον
503 5828 593 5884 τὸν
646 5834 809 5887 τόπον
845 5830 1137 5899 εἰργάσατο
1222 5832 1428 5889 ἐκεῖθεν
1482 5832 1570 5885 τὸν
1617 5831 1848 5886 Ἰσσικὸν

1932 3267 2130 3312 vocant
2160 3256 2435 3316 comitem,
2463 3254 2663 3324 jubens
2694 3260 2752 3306 ut
2770 3266 2853 3306 res
2883 3248 3099 3320 quidem
3154 3246 3505 3302 ecclesiarum

1934 3358 2156 3402 vexaret
2189 3358 2244 3401 et
2271 3347 2543 3415 perderet,
2580 3344 2780 3413 ubique
2805 3353 2983 3397 autem
3024 3350 3077 3394 et
3120 3340 3268 3393 omni
3302 3337 3509 3390 ratione

1934 3454 2174 3493 errorem
2207 3438 2449 3508 gentium
2488 3446 2711 3506 augeret
2740 3444 2796 3487 et
2846 3433 3149 3488 extolleret.
3202 3430 3293 3483 Ille
3348 3428 3510 3499 igitur

1935 3548 2057 3587 cum
2084 3530 2325 3586 venisset
2360 3527 2730 3591 Antiochiam,
2782 3527 3085 3579 conabatur
3124 3523 3301 3590 rcipsa
3355 3521 3509 3590 plura

1937 3635 2213 3693 praestare,
2279 3637 2440 3689 quam
2490 3622 2536 3674 ei
2603 3619 2780 3674 fuerat
2826 3618 3169 3687 imperatum.
3219 3614 3285 3668 Et
3337 3612 3512 3667 eccle.

1937 3718 2033 3770 siis
2064 3714 2280 3784 quidem
2314 3714 2492 3769 aufert
2522 3725 2864 3781 quaecunque
2915 3709 3191 3763 habebant
3244 3705 3506 3775 pretiosa,

1941 3819 2045 3862 tam
2079 3810 2129 3862 in
2167 3819 2389 3878 argento
2423 3816 2473 3862 et
2500 3822 2651 3868 auro,
2692 3821 2853 3872 quant
2891 3804 2945 3857 in
2999 3802 3188 3856 sericis
3222 3801 3512 3855 vestimen-

1940 3901 2025 3955 tis.
2061 3900 2200 3965 Qttin
2223 3900 2385 3954 etiam
2426 3899 2627 3954 claudit
2655 3896 2933 3955 ecclesias,
2976 3910 3046 3948 ne
3071 3896 3192 3964 quis
3217 3896 3268 3948 in
3304 3909 3397 3947 eas
3423 3894 3509 3946 in-

1941 3994 2255 4064 grcderctur
2314 3992 2577 4062 precandi
2635 4004 2818 4051 causa,
2869 3987 3121 4041 claustris
3174 3996 3228 4040 et
3266 3986 3515 4040 vectibus

1938 4091 2118 4159 januis
2143 4088 2424 4157 impositis.
2458 4086 2522 4139 Et
2553 4088 2668 4141 haec
2695 4084 2915 4155 quidem
2940 4082 3245 4138 Antiochiae
3279 4082 3515 4137 faciebat

1943 4195 2125 4235 comes
2174 4178 2436 4233 Orientis.
2495 4177 2791 4246 Imperator
2845 4186 3026 4229 autem
3075 4175 3324 4230 Julianus
3369 4176 3513 4228 ('on-

1946 4269 2299 4340 stantinopoli
2339 4270 2561 4337 aliquod
2591 4268 2769 4322 adhuc
2810 4261 3127 4321 morabatur
3165 4276 3399 4334 tempus,
3428 4281 3516 4319 res

1944 4364 2271 4420 conﬁrmans
2298 4372 2348 4416 et
2383 4362 2765 4425 corroborans,
2800 4370 2962 4431 prout
2999 4359 3048 4415 ei
3093 4358 3327 4413 maxime
3350 4372 3516 4425 expe-

1945 4455 2059 4508 dire
2096 4452 2374 4507 videbatur
2398 4451 2626 4522 imperio
2661 4470 2673 4504 :
2705 4459 2759 4505 et
2808 4461 2866 4504 ut
2914 4466 3071 4505 er.or
3113 4447 3354 4520 gentium
3404 4463 3517 4502 ma—

1947 4546 2142 4615 gniﬁce
2205 4545 2595 4607 extolleretur,
2664 4542 3018 4597 considerans
3090 4549 3143 4595 et
3197 4555 3514 4609 procurans.

1945 4638 2136 4691 Postea
2199 4652 2327 4690 vero
2374 4635 2658 4690 discedens
2698 4632 3174 4702 Constantinopoli
3227 4647 3351 4686 cum
3398 4630 3518 4684 uni-

1946 4742 2104 4782 verso
2142 4727 2407 4789 exercitu,
2446 4727 2548 4779 iter
2572 4725 2801 4780 faciebat
2836 4726 2891 4777 in
2919 4723 3152 4794 Syriam.

2018 4999 2159 5056 XIII.
2209 4998 2342 5051 Cum
2389 4997 2570 5066 itaque
2619 4996 2926 5051 universam
2980 4994 3307 5062 pervasisset
3353 4991 3519 5061 Phry-

1947 5094 2106 5163 giam,
2137 5099 2190 5144 et
2226 5089 2291 5143 ad
2325 5091 2443 5159 ejus
2484 5088 2726 5143 ultimam
2763 5086 3000 5139 venisset
3058 5084 3357 5146 civitatem,
3399 5098 3519 5151 quae

1949 5194 2172 5239 vocatur
2199 5183 2460 5245 Iconium,
2491 5181 2784 5235 declinavit
2814 5179 2999 5234 relicta
3040 5176 3265 5232 Isauria.
3295 5177 3359 5230 Et
3393 5190 3516 5229 cum

1950 5277 2211 5339 Taurum,
2239 5276 2328 5343 qui
2355 5274 2575 5333 dicitur,
2611 5278 2942 5342 superasset,
2979 5269 3126 5323 venit
3173 5268 3238 5320 ad
3272 5265 3520 5320 civitates

1948 5369 2170 5425 Ciliciae.
2209 5368 2345 5422 Cum
2378 5379 2506 5419 vero
2556 5364 2881 5419 accessisset
2929 5362 2996 5416 ad
3040 5361 3353 5423 stationem,
3401 5374 3522 5426 qua:

1949 5472 2033 5517 est
2064 5464 2116 5515 in
2150 5462 2279 5519 Isso,
2311 5458 2419 5512 illic
2446 5466 2881 5519 castrametatur,
2911 5452 3260 5507 Macedonem
3294 5450 3522 5504 Alexan-

1950 5557 2106 5612 drum
2138 5554 2403 5607 imitatus.
2448 5550 2582 5604 Nam
2627 5550 2717 5602 ille
2754 5564 2971 5618 quoque
3000 5546 3050 5598 in
3105 5544 3216 5599 Isso
3251 5559 3374 5598 cum
3419 5542 3523 5596 Da-

1953 5644 2035 5698 rio
2069 5659 2191 5713 rege
2227 5642 2512 5696 Persarum
2564 5639 2837 5693 commisit
2888 5635 3156 5705 praelium.
3206 5634 3324 5698 Quo
3355 5632 3519 5694 victo,

1954 5736 2130 5789 locum
2167 5733 2401 5788 reddidit
2436 5731 2720 5802 insignem.
2776 5727 2925 5781 Illinc
2979 5728 3158 5781 sinum
3223 5723 3525 5778 transmisit

1956 5829 2201 5894 Issicum,
2230 5835 2283 5883 et
2316 5825 2459 5882 venit
2496 5821 2857 5887 Antiochiam,
2893 5822 3023 5873 iram
3074 5818 3288 5893 spirans
3330 5816 3521 5870 adver-
