4216 6432
763 411 902 474 11⁵19

2024 395 2305 457 MENSIS
2343 393 2705 455 OCTOBEH.

3890 386 4033 456 1180

769 521 905 573 Curii
939 516 1136 580 verbis,
1167 533 1288 586 qua:
1326 532 1355 570 a
1387 518 1535 570 vobis
1566 517 1784 586 quidem
1819 518 1872 569 in
1901 518 2110 571 honore
2140 513 2339 567 haben-
2375 509 2421 565 Α

2375 509 2421 565 Α
2456 512 2674 580 σαπρῶν
2696 529 2753 563 τε
2783 512 2874 562 καὶ
2905 509 3179 562 ὀδωδότων
3201 507 3399 578 Ἑρμοῦ
3436 508 3715 577 ῥημάτων,
3749 505 3861 558 τῶν
3901 505 4037 575 παρ’

769 626 876 674 tur,
905 613 1012 678 jam
1045 621 1226 665 autem
1261 612 1352 664 diu
1384 619 1508 665 ante
1543 618 1872 678 puti-uerunt
1901 619 1954 663 et
1980 605 2346 662 eIIluxerunt?

766 701 955 769 Neque
990 703 1136 755 enim
1171 702 1237 756 de
1267 702 1405 756 vivis
1430 700 1508 756 fas
1534 710 1617 755 est
1651 718 1839 771 rogare
1869 711 2113 755 mortuos
2143 699 2229 761 iis,
2253 696 2342 765 qui

767 811 832 848 ex
867 795 1066 848 divinis
1097 795 1328 864 eloquiis
1358 797 1561 850 habent
1610 811 1766 849 veros
1805 805 2088 864 martyres,
2120 792 2212 862 qui
2246 792 2342 845 ad-

766 898 990 942 ventum
1022 888 1221 941 Christi
1259 898 1314 941 et
1349 888 1686 942 divinitatem
1719 887 2174 956 pramuntiarunt.

836 1066 998 1120 XVII.
1043 1068 1374 1138 Pythagoras
1423 1079 1626 1131 autem,
1659 1072 1749 1138 qui
1803 1083 1961 1124 sectae
2014 1071 2210 1123 Italicre
2245 1068 2342 1123 fuit

762 1167 953 1211 auctor
985 1169 1035 1212 et
1072 1160 1347 1228 princcps,
1380 1162 1509 1230 quid
1564 1179 1816 1231 magnum
1861 1172 1916 1214 et
1962 1163 2337 1214 admirandum

764 1246 914 1308 fecit,
947 1256 1028 1301 ter
1058 1248 1109 1300 in
1148 1250 1308 1301 vitam
1343 1252 1641 1318 productus
1664 1253 1686 1303 ?
1709 1252 1788 1304 An
1824 1252 1965 1319 quod
1989 1268 2110 1305 cum
2145 1251 2339 1304 fuisset

762 1335 1045 1406 Olympia},
1079 1347 1135 1390 ut
1162 1355 1257 1391 vos
1283 1340 1484 1399 dicitis.
1522 1356 1746 1393 aureum
1777 1357 1933 1395 suum
1964 1340 2138 1394 femur
2161 1352 2340 1394 osten-

763 1431 842 1483 dit
879 1431 1282 1485 llellanodicis?
1327 1431 1419 1485 Vel
1456 1432 1598 1501 quod
1646 1433 1982 1503 mugientem
2028 1434 2219 1486 bovem
2253 1448 2340 1485 sa-

765 1523 1143 1578 crificaturus:
1187 1524 1383 1589 Habet,
1415 1526 1611 1594 inquit,
1646 1528 1881 1579 animam
1908 1528 2004 1579 viri
2045 1527 2172 1579 mihi
2204 1527 2340 1579 ami-

764 1617 992 1681 cissimi,
1041 1628 1092 1670 et
1144 1635 1238 1686 per
1288 1621 1551 1686 mugitum
1601 1636 1685 1673 me
1729 1622 1926 1676 salutat
1974 1620 2198 1674 infelix?
2232 1621 2336 1672 Sen

764 1709 909 1774 quod
963 1712 1218 1778 aquilam,
1258 1729 1378 1780 quae
1430 1714 1658 1767 sublime
1690 1714 1921 1778 volabat,
1957 1732 2052 1782 per
2091 1715 2340 1768 incanta-

768 1803 969 1856 tionem
1002 1804 1128 1858 fecit
1158 1806 1352 1858 cadere
1386 1807 1436 1858 in
1467 1809 1708 1859 terram?
1740 1807 1862 1860 Ilaec
1893 1807 2153 1860 miracula
2187 1805 2336 1865 fecit,

766 1911 889 1948 cum
921 1905 1064 1949 esset
1111 1896 1367 1966 Olympiae
1402 1909 1481 1952 ter
1512 1900 1727 1967 genitus
1757 1899 2106 1969 Pythagoras,
2149 1901 2339 1953 insano

767 1987 950 2054 glorise
979 2003 1162 2041 amore
1196 2000 1406 2058 captus,
1446 2002 1499 2044 et
1536 1992 1746 2045 visione
1774 1995 1888 2046 haec
1929 1996 2342 2063 apprehemlens

769 2088 851 2131 ter
885 2079 1092 2147 infelix,
1123 2083 1212 2150 qui
1243 2084 1660 2152 quaternionem
1712 2086 2092 2154 jusjurandum
2138 2089 2344 2141 consti.

767 2173 970 2236 luebat,
1007 2184 1056 2226 et
1087 2190 1209 2227 eum
1246 2177 1462 2230 dicebat
1493 2177 1694 2231 fontem
1733 2190 1956 2233 aeterna:
1987 2194 2216 2245 naturae,
2252 2183 2345 2250 qui

766 2265 918 2320 fabas
946 2268 1157 2320 colebat
1212 2279 1434 2337 propter
1482 2285 1616 2338 quas
1655 2272 1837 2339 periit,
1876 2289 1997 2325 cum
2029 2274 2141 2326 suis
2185 2274 2342 2328 fami-

767 2357 993 2410 Iiaribus
1016 2359 1177 2410 simul
1201 2362 1458 2423 expulsus
1480 2378 1507 2412 a
1541 2361 1874 2415 Tarentinis.
1908 2363 2043 2414 Nam
2073 2379 2191 2415 cum
2225 2365 2343 2416 nol-

767 2449 839 2502 let
876 2450 1088 2503 calcare
1118 2453 1312 2514 locum,
1347 2453 1395 2504 in
1427 2470 1533 2522 quo
1566 2455 1698 2510 fabae
1737 2464 1894 2509 erant
1931 2456 2206 2522 dispersae,
2245 2457 2346 2510 ibi-

766 2538 888 2591 dem
921 2541 1251 2593 interficitur
1302 2559 1424 2595 cum
1460 2543 1820 2598 familiaribus
1855 2555 1909 2598 et
1942 2545 2244 2615 discipulis,
2291 2557 2346 2601 et

767 2637 1108 2691 consumitur
1147 2640 1213 2692 ab
1265 2641 1520 2694 inimicis.
1560 2641 1783 2696 Theano
1829 2653 2011 2698 autem
2060 2646 2174 2713 ejus
2209 2660 2346 2698 uxor

767 2733 820 2777 et
868 2725 1152 2795 discipula,
1203 2745 1324 2784 cum
1381 2731 1548 2785 nollet
1596 2734 1777 2787 dicere
1825 2750 2068 2799 causam,
2120 2745 2345 2803 propter

767 2833 929 2884 quam
968 2819 1085 2872 faba
1119 2837 1227 2874 non
1263 2835 1578 2890 vescuntur,
1633 2827 1746 2895 ipsa
1797 2843 2036 2895 quoque,
2080 2828 2125 2879 ei
2163 2827 2343 2894 lingua

769 2919 1068 2977 amputata,
1115 2913 1421 2981 perimitur.

840 3092 1024 3146 XVIII.
1075 3093 1198 3146 Hac
1225 3105 1352 3147 sunt
1391 3099 1700 3164 sapientum
1748 3097 2197 3166 philosophorum
2238 3099 2346 3167 pri-

2450 604 2578 671 ὑμίν
2627 605 2992 672 τιμωμένων,
3037 603 3136 672 ήδη
3181 602 3290 670 πρὸ
3325 600 3520 651 πολλοῦ
3569 599 3894 667 σεσηπότων
3937 598 4038 650 καὶ

2448 694 2912 763 ἀπερῤυηκότωνς
2978 695 3098 746 οὐδὲ
3148 693 3258 762 γὰρ
3292 695 3440 745 ὅσιον
3485 692 3605 760 περὶ
3645 690 3753 741 τῶν
3800 691 4039 753 ζώντων

2446 788 2660 856 ἐρωτᾷν
2697 788 2824 847 τοὺς
2850 789 3098 855 νεκροὺς,
3132 786 3446 855 ἔχοντας-ἐκ
3481 784 3587 834 τῶν
3618 781 3908 848 θεοσόφων
3939 781 4034 830 λο-

2446 882 2582 944 γίων
2615 880 2742 939 τοὺς
2781 877 3006 944 ἀληθεῖς
3051 878 3332 946 μάρτυρας
3359 917 3372 938 ,
3431 877 3478 928 οἳ
3516 875 3613 943 τὴν
3644 874 3738 926 τοῦ
3782 871 4037 941 Χριστοῦ

2445 972 2749 1042 παρουσίαν
2785 989 2842 1022 τε
2881 970 2975 1022 καὶ
3016 969 3247 1037 θεότητα
3291 967 3796 1035 προκατήγγειλαν.

2521 1062 2617 1117 IZ'.
2657 1064 2982 1132 Πυθαγόρας
3010 1060 3066 1114 δὲ
3093 1063 3120 1113 ὁ
3147 1060 3247 1126 τῆς
3288 1059 3556 1124 Ἰταλικῆς
3596 1057 3889 1124 κατάρξας
3949 1055 4025 1107 αἱ-

2447 1157 2650 1227 ρέσεως
2698 1157 2750 1207 τί
2805 1159 2945 1225 μέγα
2991 1155 3084 1206 καὶ
3124 1153 3440 1221 θαυμαστὸν
3490 1154 3548 1203 ἐν
3583 1149 3660 1217 τῷ
3723 1148 3822 1216 βίῳ
3863 1163 4037 1215 προσ-

2446 1247 2754 1317 παραχθεὶς
2790 1247 3192 1316 ἀπειργάσατο,
3249 1244 3396 1312 ῆὸτι
3441 1246 3497 1292 ὲν
3548 1240 3824 1306 Ὀλυμπίᾳ
3876 1238 4036 1304 γεώ-

2451 1356 2636 1408 μενος,
2669 1339 2744 1402 ὡς
2793 1341 2951 1407 ὑμεῖς
3003 1355 3161 1405 φατε,
3191 1337 3425 1408 χρυσοῦν
3471 1336 3560 1386 τὸν
3610 1332 3807 1384 ἑαυτοῦ
3849 1331 4034 1397 μηρὸν

2440 1439 2554 1496 τοῖς
2587 1434 2989 1497 Ἑλλανοδίκαις
3020 1433 3264 1497 ὑπέδειξε
3292 1451 3305 1497 ;
3340 1431 3433 1484 καλ
3465 1430 3592 1500 βοῦν
3629 1427 3863 1479 θύεσθαι
3909 1423 4036 1492 μὲλ-

2441 1528 2601 1578 λοντα
2640 1527 3026 1595 μυκησάμενον
3053 1543 3067 1558 ο
3119 1526 3354 1594 Ἀνδρος,
3392 1521 3716 1592 ἔφη,ψυχὴν
3751 1521 3881 1588 ἐμοὶ
3920 1519 4039 1583 φίλ’

2441 1623 2608 1674 τάτου
2639 1621 2925 1689 κέκτηται,
2969 1622 3066 1673 καὶ
3105 1618 3192 1672 διὰ
3248 1618 3340 1670 τοῦ
3384 1619 3706 1686 μυκήματος
3756 1629 4038 1683 προσαγο-

2445 1712 2595 1780 ρεύει
2629 1729 2696 1780 με
2734 1714 2761 1763 ὁ
2803 1711 3170 1780 ταλαίπωρος,
3195 1709 3292 1762 καὶ
3327 1707 3485 1760 ἀετὸν
3523 1709 3581 1758 ὲν
3625 1705 3752 1772 ὕψει
3785 1721 4039 1754 καταπε-

2447 1806 2673 1873 τόμενον
2701 1806 2768 1856 δι’
2807 1806 3020 1875 ἐπῳδῆς
3053 1804 3390 1856 καταπεσεῖν
3434 1801 3524 1852 ἐπὶ
3562 1799 3663 1867 γῆς
3706 1795 4031 1863 πεποίηκε;

2451 1899 2639 1949 Ταῦτα
2681 1898 2708 1949 ὀ
2732 1898 2851 1966 τρὶς
2874 1896 3158 1964 γεννηθεὶς
3188 1893 3631 1962 ὲθαυματοὺργει
3664 1891 3721 1942 ἐν
3754 1887 4040 1954 Ὀλυμπία

2449 1994 2754 2059 γενόμενος,
2798 1988 3106 2058 δοξομσινῶν
3140 1987 3234 2040 καὶ
3287 1985 3759 2055 φαντασιούμενος
3803 1984 3829 2033 ὁ
3874 1997 4039 2046 τρισ-

2447 2083 2656 2147 άθλιος,
2690 2086 2717 2136 ὁ
2743 2083 2841 2151 τὴν
2871 2083 3176 2150 τετρακτὺν
3206 2081 3369 2147 ὅρκον
3407 2076 3691 2144 τιθέμενος
3763 2075 3862 2125 καί
3908 2073 4038 2124 ταὺ-

2449 2195 2548 2244 την
2591 2177 2816 2243 φάσκων
2854 2175 3038 2243 πηγὴν
3101 2171 3328 2224 ἀεννάου
3374 2169 3610 2236 φύσεως,
3662 2170 3688 2218 ο
3719 2167 3844 2227 τοὺς
3901 2167 4038 2217 xui-

2453 2287 2587 2337 μους
2619 2268 2935 2336 σεϐόμενος,
2978 2267 3043 2318 δι’
3077 2265 3170 2328 οὓς
3211 2263 3461 2317 ἀπώλετο
3512 2260 3650 2330 μετᾶ
3707 2259 3819 2312 τῶν
3867 2257 4038 2310 σι)τοῦ

2449 2361 2723 2428 ἑταίρων,
2774 2360 2880 2412 ὑπὸ
2927 2359 3036 2412 τῶν
3083 2359 3436 2425 Ταραντίνων
3503 2351 3986 2416 συνελαυνόμενος
4021 2365 4035 2378 ·

2453 2455 2525 2522 μὴ
2582 2452 2910 2519 βουλόμενος
2952 2451 3063 2519 γὰρ
3109 2450 3199 2500 τὸν
3248 2450 3412 2500 τόπον
3462 2446 3734 2512 πατῆσαι,
3783 2446 3842 2494 ὲν
3989 2442 4035 2491 οί

2451 2545 2653 2611 κύαμοι
2706 2543 3041 2613 ἐσπαρμένοι
3107 2540 3426 2609 ἐτύγχανον,
3493 2536 3661 2589 αὑτοῦ
3708 2535 3866 2602 μετὰΔ
3929 2534 4037 2583 τῶν

2449 2635 2684 2702 ἑταίρων
2743 2633 2838 2687 καὶ
2900 2631 3159 2702 μαθητῶν
3205 2630 3649 2697 κατασφάττεται
3685 2668 3696 2687 ,
3763 2623 3859 2676 καὶ
3928 2622 4036 2672 τῶν

2449 2727 2657 2795 ἐχθρῶν
2697 2727 2906 2794 γίνεται
2951 2725 3348 2794 παρανάλωμα.
3406 2720 3597 2772 Θεανὼ
3645 2718 3699 2768 δὲ
3747 2718 3774 2785 ἡ
3831 2716 4031 2767 τούτου

2448 2817 2662 2886 γαμετὴ
2694 2821 2788 2869 καὶ
2824 2817 3138 2885 μαθήτρια,
3171 2815 3244 2882 μὴ
3299 2812 3533 2864 θέλουσα
3561 2810 3656 2878 τὴν
3693 2807 3885 2860 αἰτίαν
3911 2823 4039 2857 κατ-

2449 2911 2626 2961 ειπεῖν
2681 2908 2748 2961 δι’
2790 2910 2856 2978 ἣν
2885 2907 2974 2960 τὸν
3004 2907 3219 2976 κύαμον
3243 2905 3343 2956 οὑκ
3369 2903 3632 2960 ἐσθίουσι,
3658 2900 3760 2968 τὴν
3785 2899 4038 2965 γλῶτταν

2450 2999 2786 3068 ἐκτμηθεῖσα
2811 2999 3109 3067 πρότερον,
3143 3000 3235 3050 καὶ
3254 2996 3392 3065 αὑτὴ
3448 2991 3931 3062 προσαπόλλυ-ται.

2525 3089 2629 3144 111'.
2674 3087 2864 3140 Ταῦτα
2897 3089 3004 3138 τῶν
3043 3086 3225 3152 σοφῶν
3274 3084 3582 3150 φιλοσόφων
3631 3080 3702 3132 τά
3759 3082 4041 3148 προτερή-

771 3185 983 3252 vilegia,
1019 3185 1108 3253 qui
1156 3186 1237 3239 bis
1273 3197 1328 3240 et
1380 3196 1462 3245 ler
1513 3198 1640 3241 sunt
1685 3190 1874 3256 geniti,
1912 3201 1968 3242 ut
2004 3191 2119 3258 ipse
2160 3190 2339 3243 dixisti
2374 3179 2416 3237 Ε

2374 3179 2416 3237 C
2455 3202 2620 3253 ματα,
2656 3184 2763 3235 τῶν
2800 3182 2881 3243 δίς
2905 3181 3001 3232 καὶ
3032 3180 3151 3248 τρὶς
3179 3177 3549 3245 γεννηθέντων
3572 3175 3647 3236 ὡς
3675 3173 3843 3234 αὑτὸς
3912 3176 4039 3240 ἐρη-

770 3278 1028 3328 oratorie.
1096 3277 1184 3329 Illa
1243 3287 1422 3330 autem
1485 3280 1740 3331 suntmei
1798 3280 1999 3334 Christi
2067 3280 2344 3345 miracula,

774 3379 996 3436 promer
1029 3371 1243 3437 generis
1277 3369 1500 3423 humani
1546 3370 1772 3424 salutem
1817 3382 1872 3424 et
1922 3371 2341 3425 restitutionem.

774 3461 835 3512 Et
871 3461 1197 3529 Pythagoras
1229 3463 1444 3529 quidem
1479 3472 1533 3516 et
1562 3463 1862 3517 Mercurius
1910 3463 2196 3517 hominum
2224 3463 2345 3516 ani-

773 3567 886 3603 mas
918 3552 1196 3604 deducunt
1243 3553 1308 3606 ad
1354 3552 1682 3620 profundum
1729 3552 2047 3614 inferorum,
2085 3553 2347 3620 quasdam

770 3661 958 3698 earnm
991 3641 1496 3714 transmigrationes
1525 3653 1577 3698 et
1611 3644 1976 3697 traductioncs
2002 3645 2349 3698 introducen-

775 3748 876 3798 tes,
912 3736 1204 3802 aliquando
1237 3737 1452 3803 quidem
1487 3738 1540 3787 in
1583 3737 1838 3788 animalia
1884 3737 2112 3789 rationis
2159 3751 2350 3804 exper—

775 3829 843 3879 tia
903 3837 955 3879 et
980 3826 1180 3880 bestias
1211 3841 1302 3880 cas
1339 3825 1721 3880 traducentes:
1758 3825 2046 3894 aliquando
2084 3835 2260 3880 autem
2293 3827 2348 3881 in

773 3918 948 3986 pisces
974 3926 1027 3970 et
1053 3919 1294 3985 plantas;
1327 3925 1380 3970 et
1412 3916 1543 3969 alias
1571 3915 1831 3984 quasdam
1865 3917 2237 3971 revocationcs
2295 3926 2350 3971 et

773 4011 1010 4064 ambitus
1058 4011 1344 4080 fingentes.
1379 4009 1631 4063 Christus
1673 4018 1878 4074 autem,
1924 4019 1982 4062 ut
2018 4009 2158 4062 Deus
2192 4025 2352 4063 verus

772 4115 830 4159 et
862 4112 1119 4167 aeternus,
1168 4117 1291 4156 cum
1328 4101 1565 4154 animam
1613 4100 1833 4156 fecisset
1879 4101 2262 4165 immortalem,
2297 4110 2352 4155 et

778 4197 913 4253 si-uii
950 4204 1227 4263 expertem
1269 4193 1472 4258 divino,
1508 4192 1599 4261 qui
1628 4192 1730 4245 fuit
1756 4192 1823 4245 ab
1856 4192 2032 4256 initio,
2073 4195 2267 4263 spiritu
2299 4205 2354 4250 et

779 4288 1164 4348 insulllatione,
1199 4285 1417 4354 quando
1447 4284 1742 4339 fabricatus
1777 4283 1878 4337 fuit
1905 4283 2142 4353 primum
2178 4286 2354 4339 homi-

779 4399 903 4437 nem
933 4386 1013 4450 (ut
1057 4382 1249 4443 divini,
1302 4392 1356 4433 et
1392 4393 1530 4447 quos
1580 4394 1741 4432 nemo
1787 4388 1966 4448 potest
2011 4379 2352 4446 calumniari,

2448 3277 2740 3344 τόρευσας,
2775 3276 3008 3327 κάκεῖνα
3060 3271 3154 3324 τοῦ
3201 3269 3337 3340 ἐμοῦ
3376 3265 3616 3338 Χριστοῦ
3651 3267 3744 3316 ἐπὶ
3790 3264 4040 3331 σωτηρία

2451 3368 2543 3420 καὶ
2564 3366 2862 3433 ἀνακλήσει
2888 3365 2982 3418 τοῦ
3019 3364 3124 3417 τῶν
3169 3361 3473 3433 ἀνθρώπων
3517 3359 3709 3429 γένους
3734 3359 3804 3408 τὰ
3834 3373 4036 3429 τερατ-

2447 3462 2799 3530 ουργὴματα.
2874 3459 2984 3510 Καὶ
3025 3456 3350 3525 Πυθαγόρας
3387 3455 3486 3522 μὲν
3536 3454 3627 3505 καὶ
3668 3449 3888 3519 Ἐρμῆς
3942 3450 4038 3509 τὰς

2454 3555 2562 3603 τῶν
2595 3551 2906 3619 ἀνθρώπων
2929 3549 3110 3616 ψυχὰς
3167 3549 3244 3609 εἰς
3276 3547 3366 3598 τὸν
3403 3546 3529 3614 ᾅδου
3576 3543 3837 3610 πυθμένα
3873 3545 4045 3592 κατα-

2459 3662 2643 3715 γουσι,
2685 3641 3140 3714 μετεμψυχώσεις
3179 3640 3240 3710 δή
3288 3655 3447 3701 τινας
3485 3638 3580 3690 καὶ
3613 3639 4038 3705 μεταγγισμοίις

2454 3739 2911 3810 παρεισάγοντες,
2946 3736 3077 3788 ποτὲ
3115 3736 3211 3804 μὲν
3237 3737 3318 3796 εἷς
3351 3733 3520 3800 ἄλογα
3557 3729 3675 3793 ζῶα
3713 3730 3816 3781 καὶ
3874 3728 4038 3797 θηρία

2453 3833 2654 3894 ταύτας
2686 3827 3180 3900 μεταϐιϐάζοντες,
3217 3827 3347 3876 ποτὲ
3371 3826 3426 3876 δὲ
3462 3827 3540 3886 εἰς
3577 3824 3732 3891 ἰχθῦς
3761 3823 3860 3873 καὶ
3896 3822 4039 3888 cati

2456 3930 2548 3983 καὶ
2609 3927 2779 3988 ἄλλας
2834 3925 2991 3987 τινας
3046 3919 3526 3988 ὲπανακυκλήσεις
3585 3918 3685 3969 καὶ
3747 3917 4042 3985 περιόδους

2456 4021 2846 4082 κατασπῶντες
2906 4019 3079 4080 αὑτὰς
3136 4017 3231 4070 καὶ
3291 4012 3792 4085 ἀπορραπῐξοντες.
3879 4011 3939 4063 Ὀ
3991 4011 4043 4059 δὲ

2455 4113 2713 4184 Χριστὸς,
2747 4111 2873 4164 καθ’
2909 4110 2936 4161 ὃ
2963 4109 3093 4170 Θεὸς
3126 4110 3391 4177 ὑπάρχων
3424 4105 3632 4175 ἀληθὴς
3664 4105 3762 4156 καὶ
3796 4105 4040 4162 αἰώνιος,

2457 4206 2728 4260 ἀθάνατον
2796 4203 2968 4273 αὑτὴν
3025 4201 3119 4254 καὶ
3185 4202 3381 4270 ἀγήρω
3464 4198 3901 4254 κατασκευάσας
3971 4193 4044 4262 τῷ

2458 4299 2716 4367 ἀπαρχῆς
2774 4294 3053 4363 πνεύματι
3107 4291 3235 4362 θείῳ
3287 4292 3382 4344 καὶ
3433 4289 3828 4359 ὲμφυσήματι,
3883 4289 4043 4354 ἡνίκα

2458 4391 2547 4440 τὸν
2586 4388 2805 4456 πρῶτον
2838 4386 3279 4454 ἐδημιούργησεν
3330 4383 3643 4452 ἄνθρωπον,
3678 4383 3757 4443 ὡς
3802 4382 3859 4432 αἱ
3903 4381 4042 4432 θεῖαι

781 4475 1026 4529 referunt
1051 4473 1172 4526 libri
1202 4470 1408 4535 Mosis),
1440 4483 1559 4523 eam
1595 4485 1785 4523 rursus
1807 4486 1904 4539 per
1934 4471 2352 4526 inobedientiam
2389 4515 2429 4576 υ

2389 4515 2429 4576 D
2461 4478 2558 4532 καὶ
2615 4476 2928 4546 ἀδιάϐλητοι
2988 4473 3080 4526 τοῦ
3132 4475 3379 4536 Μωσέως
3432 4473 3606 4540 βίϐλοι
3657 4471 3997 4535 διασαφοῦσι
4031 4510 4043 4529 ,

784 4567 1008 4635 lapsam,
1047 4574 1100 4618 et
1129 4563 1505 4631 dcccptionem
1529 4562 1822 4632 serpentis,
1851 4562 1941 4632 qui
1973 4562 2131 4616 aﬂ'ert
2159 4565 2355 4618 animis

785 4660 1033 4721 exitium,
1068 4658 1180 4725 ipse
1209 4655 1432 4709 veniens
1457 4656 1513 4708 in
1539 4665 1764 4720 terram,
1794 4664 1848 4709 et
1878 4655 1929 4708 in
1957 4671 2019 4710 ea
2055 4658 2277 4725 degens,
2304 4667 2357 4709 et

787 4756 926 4806 viam
959 4751 1148 4804 salutis
1179 4747 1336 4802 nobis
1365 4748 1681 4812 ostendens,
1717 4763 1811 4817 per
1831 4748 2156 4817 baptismum
2188 4757 2242 4802 et
2272 4763 2356 4801 re-

785 4844 1179 4897 surrectionem
1204 4855 1234 4892 a
1262 4839 1492 4892 mortuis
1519 4839 1584 4892 ab
1611 4838 1802 4895 inferis
1833 4839 2047 4893 reduxit
2072 4841 2136 4893 ad
2166 4839 2354 4896 caelos.

788 4934 848 4988 Et
882 4949 1066 4987 rursus
1092 4932 1317 4986 veniens
1343 4930 1408 4983 ad
1425 4932 1790 4996 .judicandum
1824 4931 1974 4985 vivos
2000 4943 2055 4987 et
2089 4943 2352 4998 mortuos,

786 5025 950 5080 faciet
981 5036 1202 5091 surgere
1237 5034 1484 5088 corpora,
1506 5020 1877 5089 etconjunget
1907 5022 2022 5078 suis
2053 5024 2360 5086 animabus,

785 5128 840 5172 et
877 5117 1066 5171 reddet
1097 5114 1393 5184 unicuique
1432 5111 1734 5167 secundum
1771 5128 1868 5169 sua
1901 5131 2064 5185 opera
2092 5119 2130 5170 ¹.

859 5409 1000 5465 XIX.
1045 5409 1170 5465 Haac
1203 5428 1325 5466 cum
1357 5423 1559 5484 martyr
1583 5411 1772 5468 fuisset
1799 5413 2231 5484 philosophatus,
2258 5415 2361 5469 ini-

790 5501 1195 5571 quusJulianus
1223 5521 1234 5554 :
1265 5500 1686 5574 Videle,inquit,
1709 5505 1806 5558 viri
1839 5506 2067 5560 Romani
2089 5516 2143 5561 et
2166 5507 2358 5572 Graeci,

792 5591 942 5646 hunc
971 5591 1292 5645 sceleratum
1327 5601 1380 5646 et
1431 5594 1822 5650 exsecrandum
1860 5596 2156 5662 hominem,
2191 5613 2360 5666 quan-

792 5693 875 5738 tas
917 5700 980 5739 ex
1014 5683 1214 5739 Gracis
1259 5687 1558 5758 disciplinis
1607 5687 1798 5744 elfudit
1830 5704 1993 5758 nugas
2035 5689 2086 5743 in
2120 5697 2358 5743 nostram

869 5849 946 5902 ‘1.
985 5849 1110 5905 Cor.
1147 5871 1198 5911 ν,
1233 5848 1316 5902 10.

2461 4572 2737 4625 πεσοῦσαν
2767 4568 2928 4623 πάλιν
2957 4567 3046 4621 διὰ
3073 4569 3177 4636 τῆς
3210 4563 3504 4633 παρακοῆς
3546 4562 3644 4613 καὶ
3681 4563 3784 4629 τῆς
3827 4561 4047 4628 ἀπάτης

2456 4668 2549 4721 τοῦ
2586 4663 2935 4736 ψυχοφθόρου
2981 4661 3277 4732 δράκοντος
3314 4655 3484 4710 ἐλθὼν
3525 4655 3619 4707 ἐπὶ
3673 4654 3782 4723 γῆς
3812 4655 3914 4705 καὶ
3957 4671 4046 4704 πο-

2456 4760 2850 4826 λιτευσάμενος
2913 4756 3010 4809 καὶ
3077 4753 3367 4816 ὑποδείξας
3416 4752 3549 4819 ἡμῖν
3583 4749 3702 4801 ὁδὸν
3762 4746 4048 4817 σωτηρίας

2456 4853 2544 4905 διὰ
2569 4853 2662 4903 τοῦ
2697 4851 3073 4920 βαπτίσματος
3108 4847 3325 4915 καὶτῆς
3359 4846 3423 4896 ὲκ
3455 4841 3668 4911 νεκρῶν
3703 4839 3879 4893 αὑτοῦ
3918 4842 4047 4892 ἀνα-

2460 4945 2724 5008 στάσεως,
2771 4945 2834 4993 ὲκ
2861 4941 2980 5009 ςτῶν
3025 4939 3120 4992 τοῦ
3170 4938 3297 5008 ᾅδου
3331 4933 3628 5005 πυθμένων
3661 4935 3742 4994 εἰς
3774 4933 4047 5000 οὐρανοὺς

2459 5039 2666 5107 ταύτην
2719 5036 3063 5104 ἐπανήγαγε,
3122 5034 3218 5085 καὶ
3279 5031 3442 5085 πάλιν
3496 5028 3801 5097 ἐρχόμενος
3859 5027 4045 5094 κρῖναι

2460 5131 2672 5195 ζῶντας
2720 5128 2815 5181 καὶ
2854 5125 3103 5193 νεκροὺς,
3133 5119 3574 5187 ὲξαναστήσειτά
3619 5117 3883 5183 σώματα,
3951 5117 4038 5166 καὶ

2463 5224 2688 5291 συνάψει
2715 5225 2836 5283 ταῖς
2865 5218 3079 5272 ὲαυτῶν
3108 5217 3309 5285 ψυχαῖς
3332 5256 3345 5280 ,
3393 5213 3488 5266 καὶ
3515 5210 3792 5263 ἀποδώσει
3824 5209 4041 5275 ἑκάστῳ

2463 5315 2605 5367 κατὰ
2639 5313 2705 5366 τὰ
2733 5312 2871 5382 ἔργα
2904 5306 3094 5363 αὑτοῦ.

2529 5406 2614 5459 ΙΘ.
2644 5403 2831 5457 Ταῦτα
2855 5402 2951 5455 τοῦ
2988 5400 3264 5472 μάρτυρος
3303 5396 3803 5466 φιλοσοφήσαντος,
3855 5393 3886 5444 ὁ
3935 5407 4038 5442 πα-

2463 5501 2695 5568 ράνομος
2739 5493 3022 5557 Ἰουλιανός
3057 5510 3072 5525 ⁶
3118 5494 3338 5562 Ὁρᾶτε,
3368 5489 3490 5560 ἔφη,
3528 5489 3727 5558 ἄνδρες
3775 5487 4040 5553 Ῥωμαῖοι

2461 5591 2845 5660 καὶἝλληνες,
2866 5587 3078 5642 τουτονὶ
3101 5584 3194 5638 τὸν
3229 5584 3574 5655 παλαμναῖον
3603 5581 3699 5634 καὶ
3729 5579 4034 5648 ἀλιτήριον,

2465 5687 2627 5740 πόσον
2660 5684 2720 5737 ὲκ
2752 5683 2857 5736 τῶν
2888 5676 3181 5750 ὲλληνικῶν
3215 5676 3560 5748 μαθημάτων
3602 5670 3751 5726 κατὰ
3784 5672 3883 5742 τῆς
3910 5674 4038 5742 ἡμε-
