4216 6432
214 405 350 464 1181

1345 414 1810 477 ΜΑΒΤΥΒΙΠἩ
1876 419 1936 480 S.
1979 421 2334 483 ARTEMH.

3325 427 3462 494 1182

208 518 385 586 τέρας
422 516 720 590 θρησκείας
752 521 1150 577 κατεσκέδασεν
1181 524 1368 592 ὕθλον;
1403 527 1496 580 Μὰ
1524 527 1614 580 τὸν
1663 528 1787 597 ἐμοὶ

1851 555 1860 582 ι
1891 531 2226 601 religionem.
2257 533 2360 586 Per
2389 535 2558 588 solem
2603 535 2733 590 mihi
2769 536 3172 602 charissimam,
3205 553 3314 593 non
3347 554 3464 593 am-

212 607 686 674 προσῷιλέστατον
743 611 943 681 ἥλιον,
1000 615 1098 667 οὐκ
1156 615 1355 685 ἔμασιν
1407 617 1669 687 ἀνέξομαι
1731 619 1788 670 τὸ

223 700 575 771 Χριστιανῶν
609 703 922 759 ἀθεώτατον
949 709 1376 765 ὲκπαιδεύεσθαι
1425 713 1602 779 γένος.
1657 713 1787 766 Ἰδοὺ

217 796 332 862 γαρ
371 795 470 861 τῆς
509 797 661 866 ἱερᾶς
694 798 943 863 παιδείας
977 803 1070 853 καὶ
1113 795 1270 866 οὗτος
1299 806 1328 856 ό
1370 806 1518 858 κύων
1549 805 1788 873 μεταλα-

219 886 354 954 χὼν,
379 890 482 940 κᾶν
517 891 617 943 οὐκ
643 893 860 955 εὐθείας
891 895 984 947 καὶ
1016 897 1242 967 ὁμαλῆς,
1273 898 1391 951 ἀλλ’
1416 902 1565 969 ὅμως
1589 900 1791 968 πολλὴν

215 993 342 1029 τινα
371 980 464 1029 καὶ
487 981 700 1050 ἀτερπῆ
729 985 854 1051 περὶ
885 985 984 1052 τὴν
1016 986 1262 1056 ἱστορίαν
1290 989 1634 1058 μωρολογέαν
1661 999 1792 1042 κατ-

219 1068 364 1136 έχεε.
409 1069 595 1122 Ταῦτα
631 1073 822 1135 εἰπὼν,
889 1075 1104 1127 κελεύει
1135 1079 1236 1130 ’τὸν
1270 1082 1524 1148 μάρτυρα
1558 1084 1668 1142 τοῖς
1696 1081 1791 1150 δη-

223 1158 371 1224 μίοις
406 1159 779 1229 παραδοθῆναι
833 1164 930 1214 καὶ
961 1167 1287 1233 μαστιγοῦν,
1331 1170 1458 1239 ἄχρι
1511 1170 1607 1222 καὶ
1669 1189 1794 1222 πεν-

217 1250 495 1301 τακοσίων
539 1251 785 1318 πληγῶν.
835 1255 896 1306 ΟΞ
956 1257 1013 1308 δὲ
1071 1257 1345 1322 λαϐόντες,
1401 1261 1589 1330 ᾔκιζον
1624 1265 1786 1314 ἁπαν-

222 1339 462 1408 Θρώπως
481 1345 598 1404 ταῖς
624 1343 864 1411 μάστιξι,
895 1348 989 1399 καὶ
1019 1350 1046 1400 ό
1074 1350 1251 1419 κῆρυξ
1275 1351 1403 1405 ἐϐόα
1428 1369 1444 1384 ³
1475 1354 1705 1423 Ποίησον
1736 1356 1793 1406 τὸ

220 1431 318 1482 τοῦ
352 1432 616 1498 βασιλέως
647 1435 880 1504 Οέλημα,
916 1438 1123 1493 παῦσαι
1146 1443 1256 1494 τῶν
1293 1446 1667 1512 μωρολογιῶν,
1699 1448 1794 1500 καὶ

221 1521 591 1595 ἁπαλλαγήσῃ
644 1526 753 1579 τῶν
813 1530 1150 1593 κολαζόντων
1212 1551 1292 1586 σε.
1358 1536 1415 1588 '0
1468 1536 1524 1588 δὲ
1582 1539 1794 1606 μάρτυς

222 1615 518 1685 ἐκαρτέρει
565 1620 946 1688 τυπτόμενος,
991 1625 1211 1676 σιωπῶν
1277 1627 1374 1678 καὶ
1432 1629 1599 1695 μηδὲν
1657 1631 1795 1692 ὅλως

221 1706 620 1776 φθεγγόμενος.
686 1713 969 1776 Ἀτενίσας
1013 1715 1074 1766 δὲ
1098 1716 1234 1785 πρὸς
1281 1718 1372 1770 τὸν
1409 1718 1502 1770 τοῦ
1556 1719 1791 1790 Χριστοῦ

225 1797 480 1866 μάρτυρα
516 1799 821 1868 Μακάριοι),
864 1805 999 1871 φησὶ
1032 1805 1166 1872 πρὸς
1199 1807 1391 1859 αὐτόν·
1426 1809 1498 1863 Σὺ
1535 1809 1590 1862 δὲ
1628 1811 1682 1862 τί
1709 1811 1792 1863 λέ-

219 1906 341 1956 γεις
376 1891 504 1957 περὶ
531 1891 781 1955 σεαυτοῦ,
805 1893 1069 1965 δυστυχὲς
1104 1897 1417 1968 ἀνθρώπιον
1449 1915 1463 1966 ;
1498 1903 1789 1972 Μακάριος

218 1981 350 2048 ἔφη,
385 1981 456 2032 Συ
483 1976 535 2033 εἴ
556 1982 830 2053 δυστυχὴς
856 1985 934 2054 τῷ
966 1987 1080 2039 ὄντι
1116 1991 1211 2042 καὶ
1243 1989 1464 2044 πάντων
1491 1995 1795 2064 ἀνθρώπων

220 2071 581 2137 ἀθλιώτατος,
613 2072 724 2140 ἐγὼ
752 2075 808 2126 δὲ
839 2077 1112 2148 μακάριος
1136 2079 1373 2150 ἀληθῶς,
1396 2085 1796 2152 συμφωνοῦσαν

220 2161 363 2230 ἔχων
396 2168 506 2228 τοῖς
540 2165 832 2236 πράγμασι
866 2170 961 2221 καὶ⁸
1012 2170 1110 2240 τὴν
1145 2176 1559 2244 προσωνυμίαν,
1590 2179 1673 2230 δτι
1704 2179 1794 2231 τὸν

221 2254 458 2324 Χριστὸν
483 2244 759 2326 ὁμολογῶν
787 2262 1094 2330 προσκυνῶ,
1127 2264 1287 2327 αὐτὸς
1312 2265 1367 2318 δὲ
1401 2268 1589 2321 τοῦτον
1619 2271 1797 2340 ἀπηρ-

221 2350 392 2418 νήσω,
429 2349 648 2418 δαίμοσι
681 2353 774 2403 καὶ
797 2351 874 2419 τῷ
906 2353 1141 2425 διαὸόλῳ
1176 2359 1628 2428 προσκολληθεὶς,
1658 2363 1712 2413 οἵ
1735 2379 1795 2414 σε

223 2438 322 2490 καὶ
355 2439 413 2489 οὐ
443 2439 666 2490 Θέλοντα
699 2442 774 2508 τῷ
806 2444 1011 2514 αἰωνίῳ
1043 2446 1177 2514 πυρὶ
1207 2451 1658 2519 παραπέμψουσι.
1689 2456 1796 2507 Καὶ

219 2535 249 2586 ὁ
271 2535 626 2603 παραϐάτης·
653 2529 765 2587 Οἱδ’
790 2537 871 2588 ὅτι
917 2540 1178 2608 Θανατᾷς,
1224 2543 1378 2612 φησὶ,
1426 2549 1521 2599 καὶ
1549 2547 1684 2614 πρὸς
1708 2549 1798 2618 ὀρ-

218 2626 326 2693 γὴν
370 2627 590 2694 κινῆσαι
624 2644 688 2694 με
717 2628 987 2692 σπεύδεις,
1020 2632 1104 2683 ἵνα
1134 2631 1326 2686 Θᾶττον
1361 2636 1684 2699 ὲξαναλώσω
1714 2658 1794 2696 σε.

232 2717 375 2768 Ἀλλ’
411 2719 507 2786 οὐχ
540 2719 613 2781 ὡς
637 2721 800 2783 αὐτὸς
830 2721 1064 2790 ἤλπισας
1093 2724 1262 2788 οὕτως
1299 2728 1448 2781 ἔσται
1481 2746 1581 2783 σοι.

295 2809 377 2859 K'.
414 2810 558 2875 Πλὴν
603 2811 740 2863 ἀλλὰ
787 2814 944 2866 τοῦτο
993 2817 1210 2885 πρῶτον
1260 2819 1580 2890 ἀπόκριναι.
1641 2824 1696 2877 τί
1740 2826 1800 2878 τὸ

215 2899 377 2962 δόξαν
416 2901 565 2969 ὑμῖν,
599 2896 643 2954 ὧ
673 2904 990 2973 κατάρατοι,
1020 2909 1100 2960 ὅτι
1129 2910 1202 2978 μὴ
1233 2911 1289 2962 δὲ
1318 2916 1448 2979 μιᾶς
1478 2933 1623 2979 τινος
1646 2918 1797 2983 ἐξοι)-

219 2992 314 3042 σία
347 2993 475 3061 ὑμῖν
505 2995 912 3065 ἐντειλαμένης,
939 3000 1100 3050 παντὶ
1130 3001 1222 3052 καὶ
1249 3006 1523 3074 πανταχοῦ
1577 3008 1789 3078 διατρέ-

217 3101 427 3153 χοντες,
462 3085 559 3149 τὰς
589 3087 697 3139 τῶν
732 3090 987 3157 μεγάλων
1022 3091 1159 3145 θεῶν
1199 3097 1430 3159 σπονδάς
1464 3115 1522 3150 τε
1575 3102 1668 3153 καὶ
1699 3101 1794 3152 Θυ-

221 3178 346 3238 σίας
384 3179 714 3247 ἀνατρέπειν
747 3183 1099 3251 σπουδάζετε,
1144 3187 1490 3253 διδάσκοντες
1527 3194 1655 3256 τοὺς
1702 3197 1798 3247 ἁν-

217 3271 496 3339 ορὼπους,
534 3273 757 3334 τούτους
797 3273 870 3341 μὴ
926 3272 1064 3328 εἶναι
1110 3278 1293 3343 Θεοὺς,
1335 3283 1408 3352 μὴ
1448 3285 1504 3336 δὲ
1543 3288 1798 3358 σωτῆρας

217 3369 320 3434 τῆς
359 3367 709 3436 οἰκουμένης.
771 3369 864 3420 καὶ
902 3368 996 3421 τοῦ
1046 3371 1392 3440 ἀνθρωπείου
1438 3377 1630 3442 γένους
1666 3395 1796 3448 πρίν

215 3458 417 3523 νοητὰς
465 3476 523 3510 τε
563 3461 656 3511 καὶ
706 3461 1033 3530 κηδεμόνας,
1087 3464 1248 3536 οὒςή
1308 3467 1403 3519 ἀπ’
1445 3469 1641 3532 αἰῶνος
1703 3473 1797 3523 καὶ

216 3550 430 3602 ἄνωθεν
485 3553 976 3622 πατροπαράδοτος
1037 3557 1144 3610 τῶν
1193 3559 1498 3629 ἀνθρώπων
1539 3565 1796 3634 συνήθεια

217 3643 404 3695 σέϐειν
432 3661 489 3695 τε
525 3647 616 3695 καὶ
670 3650 993 3712 προσκυνεῖν
1037 3651 1405 3715 παραδέδωκε,
1449 3654 1541 3707 τὸν
1569 3656 1623 3708 δὲ
1663 3657 1796 3723 Χρι-

218 3737 347 3787 στὸν
394 3734 520 3802 χθὲς
573 3734 664 3786 τοῦ
700 3731 839 3788 εἶναι
882 3737 1189 3808 ἀρξάμενον
1226 3743 1318 3794 καὶ
1375 3744 1436 3796 οὐ
1489 3748 1794 3815 προπολλοῦ

213 3832 320 3897 τῆς
354 3828 625 3897 ἡμετέρας
656 3831 868 3895 γενεᾶς,
915 3833 1046 3884 Θεὸν
1080 3836 1406 3904 προαιώνιον
1438 3843 1531 3891 καὶ
1568 3843 1797 3909 βασιλέα

215 3921 327 3972 τῶν
376 3919 510 3972 ὅλων
566 3924 993 3993 ἀνακηρύττετε.
1032 3927 1140 3978 Καὶ
1163 3931 1189 3979 ό
1213 3929 1498 3997 Μακάριος
1522 3949 1532 3960 ·
1562 3934 1675 3984 Οὐκ
1707 3936 1797 4005 ᾕρ-

218 4014 420 4080 κεοΟης
440 4018 556 4075 ταῖς
582 4014 834 4083 Εὖγενίου
868 4019 1055 4086 σοφαῖς
1080 4020 1436 4083 ἀποδείξεσιν,
1454 4026 1791 4095 ἀνομώτατε;

220 4107 361 4169 πλὴν
397 4107 556 4169 κάγώ
603 4124 682 4159 σοι
743 4110 1064 4175 ὁμοτρόπως
1125 4112 1276 4183 αὐτῷ
1327 4115 1425 4178 τὰς
1474 4118 1795 4186 ἀποκρίσεις

217 4200 538 4267 ποιήσομαι,
561 4200 642 4250 ὅτι
674 4198 907 4267 Χριστὸς
937 4201 995 4251 ὃν
1021 4201 1108 4253 διὰ
1128 4205 1364 4268 γέλωτος
1391 4207 1454 4258 σὺ
1482 4210 1572 4259 καὶ
1601 4209 1795 4281 χλεύης

215 4291 370 4355 ποιῇ,
400 4289 557 4349 αὐτὸς
587 4290 698 4349 τοῖς
724 4289 876 4350 ἰδίοις
894 4292 1081 4359 εἴρηκε
1111 4293 1401 4364 μαθηταῖς,
1427 4299 1794 4369 Πορευθέντες

219 4381 301 4439 εἰς
364 4379 454 4430 τὸν
524 4379 725 4447 κόσμον
767 4379 1002 4446 ἅπαντα,
1067 4384 1447 4456 μαθητεύσατε
1499 4391 1676 4446 πάντα
1726 4394 1794 4445 τὰ

213 4469 372 4536 ἔθνη,
409 4468 766 4537 βαπτίζοντες
799 4473 999 4535 αὐτοὺς
1028 4476 1108 4536 είς
1141 4477 1199 4528 τὸ
1230 4478 1403 4548 ὄνομα
1431 4481 1525 4533 τοῦ
1554 4483 1788 4552 Πατρὸς,

219 4563 317 4614 καὶ⁸
351 4563 442 4614 τοῦ
475 4562 629 4628 Υἱοῦ,
664 4565 760 4616 καὶ
789 4565 880 4619 τοῦ
896 4567 1050 4633 ἁγίου
1079 4568 1418 4636 Πνεύματος,
1451 4571 1792 4637 διδάσκοντες

217 4653 417 4715 αὐτοὺς
443 4657 632 4722 τηρεῖν
675 4656 851 4706 πάντα
885 4657 986 4709 ὅσα
1042 4659 1398 4729 ἐνετειλάμην
1433 4661 1586 4729 ὑμῖν,
1619 4665 1668 4717 οἳ
1704 4669 1798 4718 καὶ

219 4745 600 4812 πορευθέντες,
653 4745 826 4802 ταῦτα
879 4749 1146 4815 ἐδίδαξαν,
1181 4753 1412 4821 φεύγειν
1462 4773 1518 4808 τε
1553 4757 1661 4809 ἀπὸ
1690 4759 1799 4811 τῶν

221 4838 470 4903 ματαίων
504 4837 760 4900 εἰδώλων,
795 4839 888 4892 καὶ
921 4841 1271 4911 ἐπιστρέφειν
1299 4847 1390 4896 ἐπὶ
1435 4846 1570 4900 Θεὸν
1596 4847 1794 4911 ζῶντα,

217 4930 276 4990 ὃς
305 4928 488 4982 ἔκτισε
529 4931 620 4984 τὸν
652 4934 879 5000 οὐρανὸν
915 4935 1014 4988 καὶ
1066 4937 1164 5004 τὴν
1193 4935 1320 5004 γῆν,
1353 4940 1402 4988 οἱ
1444 4939 1501 4990 δὲ
1556 4927 1666 4992 θεοί
1701 4958 1796 4993 σου

217 5019 313 5081 οὓς
343 5021 504 5083 αὐτὸς
536 5027 886 5091 προσκυνεῖς,
913 5027 1186 5095 δαιμόνων
1216 5030 1323 5080 εἰσὶ
1361 5029 1659 5099 πλάσματα
1703 5033 1797 5086 καὶ

224 5112 412 5182 μύθων
460 5117 763 5187 εὐρέματα,
800 5121 893 5174 καὶ
927 5121 1238 5191 διαδολικῆς
1289 5125 1569 5194 ἐνεργείας
1601 5144 1794 5195 κυοφοο

223 5213 470 5281 ρήματα.
507 5215 670 5279 Λέγει
700 5211 811 5281 γὰρ
864 5217 991 5281 περὶ
1027 5213 1206 5267 αὐτῶν
1236 5216 1266 5284 ἡ
1301 5217 1545 5288 ἡμετέρα
1580 5219 1793 5291 Γραφῇ,

219 5305 346 5354 Θιοὶ
374 5305 422 5356 οἳ
458 5303 546 5356 τὸν
584 5305 813 5374 οὐρανὸν
847 5308 940 5358 καὶ
970 5307 1070 5377 τὴν
1103 5310 1206 5377 γῆν
1241 5308 1338 5360 οὐκ
1373 5310 1633 5378 ἐποίησαν
1661 5313 1797 5366 ἀπο-

221 5395 522 5448 λίσθωσαν.
559 5396 634 5449 Οὐ
673 5397 832 5464 μόνον
861 5397 938 5457 δὲ,
974 5397 1108 5450 ἀλλὰ
1135 5399 1228 5452 καὶ
1260 5400 1421 5469 τόμος
1450 5404 1648 5465 αὐτοὺς
1675 5405 1793 5457 ἓτε-

226 5503 318 5553 ρος
352 5484 654 5554 βασιλικὸς,
683 5490 710 5539 ό
743 5489 890 5559 παρὰ
943 5490 1356 5544 Κωνσταντίνου
1384 5493 1478 5546 τοῦ
1517 5494 1612 5547 σοῦ
1655 5513 1790 5564 συγ-

294 5629 315 5658 ⁸
342 5623 532 5679 Matth.
566 5641 756 5690 xxvttt,
789 5626 876 5692 l9,
907 5627 996 5682 ‘20.
1109 5628 1128 5658 ³
1151 5628 1266 5683 Jcr.
1301 5649 1356 5697 ι,
1393 5633 1502 5704 ll.

1894 620 2032 689 plius
2065 622 2235 676 feram
2265 624 2467 680 Graecis
2494 626 2797 696 disciplinis
2830 628 3039 683 institui
3090 629 3324 684 maxime
3357 631 3460 683 im-

1893 715 2042 783 pium
2072 731 2242 783 genus
2275 716 2734 771 Christianorum.
2788 717 2924 774 Ecce
2973 719 3117 772 enim
3152 735 3318 774 sacrae
3365 719 3462 774 do-

1891 809 2081 863 ctrinae
2104 810 2282 878 aliqua
2321 826 2384 864 ex
2417 823 2570 881 parte
2600 811 2828 867 ell'ectus
2864 815 3137 882 particeps
3163 814 3253 868 hic
3284 814 3453 876 canis,

1894 901 2019 954 licet
2045 916 2150 953 non
2182 910 2346 966 recte,
2377 903 2574 957 multas
2596 913 2771 958 tamen
2803 915 2854 960 et
2884 905 3206 972 injucundas
3231 905 3461 973 ineptias

1895 991 2088 1044 etfudit
2130 995 2274 1046 circa
2323 991 2626 1048 historiam.
2681 994 2806 1049 Hzec
2843 1013 2965 1052 eum
3016 997 3266 1058 dixisset,
3307 997 3461 1064 jubet

1896 1093 2184 1153 martyrem
2218 1085 2354 1138 tradi
2393 1085 2694 1149 lictoribus,
2725 1096 2778 1141 et
2811 1088 2988 1158 ﬂagris
3015 1089 3144 1142 caedi
3188 1090 3253 1141 ad
3297 1087 3460 1156 quin-

1895 1182 2078 1241 gentas
2104 1190 2271 1243 usque
2297 1175 2496 1246 plagas.
2526 1177 2601 1231 llli
2627 1188 2804 1230 autem
2834 1192 2955 1230 eum
2982 1188 3261 1246 acceptum
3283 1173 3462 1244 ﬂagris

1895 1264 2170 1316 caedebant
2198 1265 2518 1320 inhumane.
2554 1267 2619 1322 Et
2653 1284 2827 1337 praeco
2853 1268 3155 1322 clamabat:
3189 1267 3296 1320 Fac
3321 1267 3464 1334 quod

1899 1355 2010 1408 vult
2062 1357 2354 1424 imperator
2382 1377 2393 1411 :
2425 1361 2614 1414 desine
2647 1361 2808 1414 stulta
2861 1361 3027 1428 loqui,
3066 1370 3120 1414 et
3151 1359 3468 1412 liberahcris

1898 1450 1966 1504 ab
1999 1452 2082 1512 iis,
2115 1453 2205 1520 qui
2247 1463 2298 1505 te
2347 1454 2598 1520 puniunt.
2629 1452 2826 1521 Μαι-ιμ’
2853 1463 3033 1505 autem
3086 1451 3297 1505 fortiter
3331 1450 3467 1503 tole-

1897 1542 2070 1606 rabat,
2101 1543 2230 1596 dum
2280 1540 2681 1606 verberaretur,
2731 1553 2940 1610 tacens,
2983 1554 3038 1597 et
3079 1543 3215 1595 nihil
3245 1543 3468 1595 omnino

1897 1633 2143 1702 loquens.
2181 1636 2236 1688 In
2272 1636 2489 1690 beatum
2526 1653 2653 1690 vero
2680 1636 2973 1690 Macarium
3011 1635 3197 1688 oculos
3227 1633 3468 1701 deﬁgens

1898 1725 2217 1793 imperator,
2247 1726 2295 1779 ei
2327 1726 2494 1779 dicit:
2525 1727 2604 1780 Tu
2636 1737 2814 1780 autem
2851 1728 2980 1796 quid
3021 1727 3155 1780 dicis
3177 1727 3242 1780 de
3269 1725 3465 1796 teipSO.

1825 1856 1870 1914 Β
1900 1814 2082 1868 infelix
2116 1815 2478 1870 homuncule?
2504 1815 2702 1870 Beatus
2738 1826 2920 1870 autem
2952 1816 3088 1871 dixit
3115 1824 3316 1885 martyr
3342 1831 3356 1866 :
3385 1814 3467 1866 Tu

1898 1922 1958 1962 es
1986 1923 2170 1960 revera
2197 1907 2405 1976 infelix,
2431 1918 2483 1963 et
2512 1907 2754 1962 omnium
2783 1909 3063 1962 hominum
3090 1907 3428 1961 miserrimus
3454 1923 3468 1958 :

1897 2013 1998 2067 ego
2027 2007 2210 2053 autem
2255 2014 2381 2054 vere
2419 1999 2634 2062 beatus,
2667 2000 2875 2054 habens
2923 2000 3338 2069 appellationem
3389 1997 3468 2051 rei

1895 2091 2332 2155 convenientem,
2360 2090 2616 2160 quoniam
2647 2090 2923 2145 Christum
2951 2092 3218 2145 conﬁtens
3262 2090 3468 2143 adoro:

1897 2181 2011 2251 ipse
2038 2191 2218 2236 autem
2262 2196 2386 2236 eum
2429 2182 2659 2252 negasti,
2694 2181 3036 2236 daemonibus
3079 2180 3364 2234 adhaerens
3420 2186 3474 2230 et

1896 2273 2134 2336 diabolo,
2184 2275 2274 2341 qui
2309 2283 2361 2328 te
2393 2273 2476 2328 vel
2526 2273 2756 2327 invitum
2799 2274 3166 2327 transmittent
3197 2271 3260 2325 ad
3295 2271 3472 2342 ignem

1897 2379 2182 2422 aeternum.
2215 2365 2613 2435 Transgressor
2663 2377 2843 2419 autem
2871 2363 3117 2419 Julianus
3145 2381 3158 2416 ι
3207 2363 3360 2429 Scio,
3388 2362 3472 2416 in-

1897 2461 2033 2528 quit.
2071 2469 2120 2512 te
2144 2468 2372 2512 mortem
2395 2473 2614 2526 cupere,
2645 2466 2698 2510 et
2729 2458 2945 2511 studere
2976 2471 3060 2510 me
3091 2456 3158 2508 ad
3190 2455 3322 2507 iram
3357 2468 3470 2507 m0-

1897 2567 2050 2614 verc,
2099 2563 2159 2604 ut
2207 2561 2259 2605 te
2303 2552 2411 2606 cito
2441 2565 2782 2605 consumam.
2841 2550 3036 2602 Verum
3079 2561 3185 2601 non
3227 2547 3297 2600 ita
3345 2547 3470 2609 erit,

1900 2657 1958 2698 ut
1991 2644 2240 2713 sperasti.

1968 2849 2087 2903 XX.
2129 2849 2233 2903 Sed
2284 2849 2387 2903 hoc
2417 2848 2551 2902 mihi
2599 2847 2831 2916 primum
2872 2843 3161 2912 responde,
3214 2839 3473 2909 quidnam

1899 2943 2051 2998 vobis
2081 2942 2254 2995 visum
2281 2941 2369 3006 sit,
2406 2957 2438 2996 ο
2470 2939 2808 3002 exsecrandi,
2839 2937 3015 3005 quod,
3060 2949 3182 2989 cum
3202 2933 3350 2987 nulla
3384 2947 3476 2984 vo—

1899 3035 1982 3086 bis
2028 3034 2257 3100 jusserit
2292 3042 2554 3103 potcstas,
2589 3046 2781 3085 omnes
2812 3039 2997 3099 partes
3037 3028 3328 3086 obeuntes,
3360 3040 3474 3077 ma-

1900 3139 2128 3194 gnorum
2176 3126 2402 3179 deorum
2443 3124 2675 3178 studetis
2715 3130 2965 3176 evertere
3013 3119 3271 3173 libamina
3307 3126 3472 3184 atque

1825 3203 1867 3261 ε
1901 3216 2162 3271 sacriﬁcia
2229 3217 2488 3270 docentes
2541 3213 2815 3276 homines,
2853 3227 2950 3265 eos
2999 3226 3108 3263 non
3151 3225 3271 3262 esse
3318 3209 3471 3267 deos,

1900 3323 2076 3377 neque
2111 3317 2418 3363 servatores
2451 3306 2598 3360 orbis
2635 3315 2818 3366 terrae,
2854 3317 2955 3356 nec
3007 3301 3232 3355 humani
3259 3299 3474 3368 generis

1899 3411 2085 3449 curam
2120 3413 2326 3464 gerere,
2354 3411 2491 3464 quos
2518 3397 2584 3450 ab
2611 3410 2728 3449 aevo
2759 3403 2813 3448 et
2842 3392 3024 3447 multis
3061 3401 3206 3445 retro
3233 3388 3472 3449 saeculis,

1900 3502 1927 3538 a
1980 3485 2222 3555 patribus
2277 3486 2400 3539 data
2451 3487 2737 3539 hominum
2793 3484 3158 3547 consuetudo,
3214 3480 3474 3535 colendos

1900 3577 2118 3631 tradidit
2161 3587 2215 3629 et
2262 3576 2602 3631 adorandos:
2633 3575 2911 3630 Christum
2961 3584 3167 3638 autem,
3213 3573 3306 3641 qui
3357 3571 3473 3625 heri

1898 3670 2065 3736 carpit
2096 3684 2242 3729 esse,
2291 3677 2345 3720 ct
2391 3683 2500 3720 non
2543 3670 2772 3720 multum
2805 3676 2932 3720 ante
2965 3675 3204 3718 nostram
3232 3672 3472 3726 aetatem,

1900 3761 2066 3816 Deum
2097 3769 2221 3813 ante
2257 3760 2473 3822 saecula,
2515 3770 2569 3812 et
2609 3758 2809 3827 Regem
2846 3760 3228 3811 universorum
3271 3756 3469 3824 pra-di-

1897 3856 2052 3906 catis.
2086 3852 2352 3906 Macarius
2397 3861 2576 3905 autem
2605 3870 2618 3905 :
2652 3851 2768 3905 Non
2800 3851 2895 3905 tibi
2940 3851 3297 3908 suffecerunt,
3333 3863 3366 3900 ο
3393 3846 3474 3899 vir

1897 3944 2258 4013 iniquissime,
2312 3943 2587 4010 sapientes
2648 3941 2878 4012 Eugenii
2950 3939 3470 4000 demonstrationes,

1897 4038 2041 4107 quod
2081 4037 2266 4093 eadem
2298 4046 2353 4090 et
2391 4037 2459 4092 de
2495 4037 2683 4091 iisdem
2733 4051 2952 4104 semper
2985 4033 3324 4102 interrogas?
3353 4030 3471 4084 Cae.

1899 4143 2072 4186 terum
2105 4148 2204 4200 ego
2231 4147 2448 4199 quoque
2476 4131 2569 4184 tibi
2602 4131 2792 4184 eodem
2845 4129 3027 4194 modo,
3064 4141 3174 4196 quo
3200 4126 3314 4194 ipse
3343 4122 3472 4177 red-

1895 4225 2016 4277 dam
2055 4237 2353 4290 responsa;
2389 4219 2544 4285 Quod
2576 4220 2848 4280 Christus,
2895 4233 3056 4286 quem
3093 4228 3144 4270 tu
3180 4215 3375 4269 irrides
3407 4229 3472 4268 ac

1896 4314 2206 4376 ludiﬁcaris,
2254 4315 2366 4380 ipse
2407 4311 2518 4366 suis
2551 4308 2688 4365 dixit
2715 4309 2993 4377 discipulis
3035 4325 3048 4362 :
3091 4325 3110 4357 ι
3150 4305 3356 4360 Euntes
3410 4307 3467 4359 in

1899 4401 2159 4453 mundum
2207 4400 2549 4459 universum,
2582 4397 2782 4450 docete
2821 4410 3013 4449 omnes
3037 4405 3247 4462 gentes,
3297 4393 3472 4462 bapti-

1897 4500 2084 4544 zantes
2115 4505 2210 4544 eos
2243 4491 2296 4542 in
2347 4488 2572 4543 nomine
2618 4487 2818 4550 Patris,
2845 4497 2900 4540 et
2931 4486 3074 4549 Filii,
3124 4495 3182 4540 et
3229 4485 3470 4554 Spiritus

1895 4584 2090 4646 sancti,
2151 4581 2412 4635 docentes
2466 4594 2562 4633 eos
2621 4593 2842 4632 servare
2893 4578 3074 4631 omnia
3130 4591 3468 4646 quacunque

1897 4672 2150 4728 mandavi
2199 4674 2354 4727 vobis
2380 4674 2420 4725 ².
2459 4690 2476 4722 ι
2511 4670 2615 4736 Qui
2646 4672 2807 4725 etiam
2857 4668 3084 4740 profecti
3120 4669 3232 4722 haec
3265 4669 3470 4722 docue-

1897 4776 2045 4830 runt,
2074 4765 2261 4834 fugere
2299 4781 2434 4818 vana
2466 4764 2778 4825 simulacra,
2809 4773 2865 4816 et
2894 4761 3145 4815 converti
3177 4761 3243 4813 ad
3295 4759 3467 4813 Deum

1895 4858 2101 4914 vivum.
2149 4857 2240 4921 qui
2279 4854 2485 4910 creavit
2539 4854 2739 4907 coelum
2798 4862 2852 4907 et
2913 4864 3135 4907 terram.
3169 4850 3250 4905 Dii
3286 4861 3468 4906 autem

1897 4949 2000 5012 tui,
2031 4963 2168 5016 quos
2199 4948 2315 5016 ipse
2345 4948 2564 5010 adoras,
2601 4956 2730 5000 sunt
2765 4945 3020 5014 ﬁgmenta
3052 4945 3386 5005 damonum,
3416 4953 3473 4997 et

1896 5042 2119 5096 inventa
2164 5041 2474 5094 fabularum
2502 5039 2894 5106 diabolieteque
2923 5035 3066 5090 fetus
3107 5035 3468 5104 operationis.

1864 5120 1972 5187 'De
2001 5134 2068 5186 iis
2097 5133 2246 5186 enim
2281 5133 2415 5187 dicit
2442 5143 2629 5186 nostra
2668 5132 2949 5200 Scriptura
2980 5146 2994 5181 :
3039 5147 3058 5180 ι
3097 5126 3200 5192 Dii,
3233 5129 3327 5196 qui
3359 5143 3471 5182 cm-

1892 5225 2002 5278 lum
2045 5234 2101 5277 et
2144 5236 2338 5277 terram
2379 5237 2489 5277 non
2524 5223 2792 5284 iecerunt,
2823 5219 3049 5290 pereatit
3090 5220 3129 5273 ³.
3168 5237 3186 5269 ι
3225 5217 3336 5272 Nec
3366 5219 3474 5273 hoc

1895 5316 2093 5379 solum,
2125 5315 2220 5369 sed
2246 5315 2351 5368 alia
2381 5331 2599 5384 quoque
2635 5315 2719 5367 lex
2756 5313 3112 5380 imperatoria
3140 5327 3168 5364 a
3194 5310 3466 5364 Constan-

1903 5408 2017 5459 tino
2054 5415 2144 5458 tuo
2172 5414 2400 5473 cognato
2427 5405 2555 5469 lata,
2581 5419 2675 5458 eos
2708 5403 2929 5472 expellit
2951 5403 3019 5456 ab
3051 5401 3390 5462 adoratione,
3414 5407 3470 5453 et

1904 5498 2154 5553 dissolvit
2186 5512 2374 5553 eormn
2401 5497 2580 5552 cultus
2602 5496 2662 5549 ἰ
2694 5497 2785 5566 qui
2814 5511 2936 5550 cum
2963 5494 3018 5548 in
3048 5491 3327 5548 Christum
3353 5505 3472 5547 cre-

297 5744 370 5808 (I)
407 5742 578 5810 Hujus
606 5743 773 5821 legis.
807 5745 886 5797 vel
916 5749 1094 5821 potius
1143 5748 1330 5804 harum
1377 5750 1553 5821 legum
1591 5721 1834 5806 meminit
1865 5752 2064 5808 Euseb.
2115 5753 2205 5809 lib.
2264 5769 2300 5807 ll
2338 5751 2467 5805 Vitae
2506 5747 2846 5806 Constantini
2893 5763 3014 5818 cap.
3051 5745 3136 5812 43,
3179 5745 3246 5800 44
3295 5743 3385 5811 45,
3416 5751 3469 5799 et

223 5812 316 5866 lib.
353 5829 420 5875 ιν,
452 5831 566 5882 cap.
604 5812 705 5880 ‘23,;
740 5812 933 5868 Barun’.
968 5817 1056 5869 3?.
