4216 6432
224 429 364 493 1189
1370 415 1836 477 MARTYHIUM
1875 415 1933 477 S.
1983 414 2329 472 ARTEMII.
3329 410 3468 499 1190

217 531 629 590 Κωνσταντῖνος
654 524 712 590 ἐξ
755 523 971 590 Ἑλένης
998 520 1207 591 φαύλης
1234 520 1378 581 τινος
1404 520 1667 586 γυναικὸς
1704 521 1795 573 καὶ
1826 530 1868 584 Α

1826 530 1868 584 Α
1900 520 2078 574 adhuc
2108 530 2289 589 ageret
2320 519 2608 588 privatam.
2657 517 3053 575 Constantinus
3079 536 3159 587 se,
3196 523 3340 580 sicut
3367 540 3465 594 pa-

213 628 459 696 ἀσήμου,
500 615 800 675 καὶταῦτα
850 614 1017 686 μήπω
1062 611 1307 680 γεγονότι
1343 612 1605 682 Καίσαρι,
1657 613 1794 667 ἀλλά

1898 622 1997 677 ter,
2033 625 2252 681 gerens,
2300 610 2525 663 fratrem
2577 626 2756 663 meum
2785 610 2995 665 Gallum
3028 614 3267 667 occidit:
3304 615 3466 683 idque

225 718 324 770 καὶ
372 712 524 782 αὑτῷ
559 710 638 763 ἔτι
676 708 768 761 τὸν
823 704 1041 774 ἰδιώτην
1074 703 1285 755 ἕλκοντι
1324 703 1459 773 βίον.
1528 704 1586 757 '0
1618 706 1798 757 τοίνυν

1894 716 2017 757 cum
2044 699 2289 755 horribili
2318 698 2677 769 jurejurando
2709 700 2756 753 ei
2796 701 3049 757 cavisset.
3086 702 3254 756 Porro
3281 713 3465 758 autem

216 806 601 866 Κωσταντῖνος
638 799 936 869 θρασύτητι
968 796 1191 864 γνώμης
1246 794 1344 865 τήν
1386 796 1665 865 βασιλείαν
1703 799 1801 865 ἁρ-

1897 808 1996 847 nos
2043 807 2263 862 quoque
2296 791 2443 861 ipsos
2477 793 2551 845 ita
2602 791 2893 857 affecisset,
2928 793 3031 846 nisi
3082 794 3284 848 servari
3322 811 3473 848 esse—

223 902 427 962 πάσας,
479 895 572 949 τόν
623 910 683 945 τε
735 891 946 958 πατέρα
985 887 1073 939 τὸν
1130 885 1280 955 ἐμὸν,
1336 888 1430 939 καὶ
1474 888 1598 948 τοὺς
1633 888 1797 940 αὑτοῦ

1897 898 2017 937 mus
2046 882 2272 936 deorum
2310 880 2678 949 providentia.
2739 880 2844 934 Sed
2894 881 2994 949 ipsi
3043 881 3464 949 prohibuerunt,

219 990 486 1057 ἀδελφοὺς
542 986 743 1046 ἀδίκως
802 980 1115 1042 ἀπέκτεινε,
1149 980 1244 1033 καὶ
1279 980 1307 1031 ὀ
1358 977 1551 1031 τούτου
1586 979 1642 1031 δὲ
1681 980 1798 1041 υίὸς

1897 976 2057 1031 nobis
2083 985 2211 1028 ante
2235 974 2426 1028 oculos
2451 973 2804 1028 ostendentes
2823 973 3075 1037 salutem,
3106 988 3225 1041 qua:
3248 972 3314 1024 ab
3338 972 3468 1039 ipsis

220 1077 618 1139 Κωνστάντιος,
666 1072 734 1125 τὰ
760 1071 920 1139 ὃμοια
953 1067 1033 1136 τῷ
1079 1070 1430 1137 γεγεννηκότι
1466 1068 1659 1132 ποιῶν,
1705 1070 1794 1121 τὸν

1893 1065 2278 1136 proﬁciscitur.
2311 1063 2520 1129 Quibus
2555 1078 2655 1134 ego
2682 1063 2878 1128 fretus,
2907 1064 3158 1133 abjurato
3192 1063 3462 1115 Christia-

222 1169 357 1236 ἐμὸν
391 1167 617 1233 ἀδελφὸν
649 1163 855 1217 Γάλλον
905 1159 1234 1230 πεφονευκε,
1264 1162 1357 1213 καλ⁵
1386 1160 1557 1215 ταῦτα
1595 1162 1795 1229 ὅρκους

1893 1162 2093 1223 nismo,
2125 1157 2397 1212 declinavi
2438 1156 2506 1210 ad
2541 1155 2855 1211 Grmcorum
2889 1156 3207 1225 religionem
3238 1173 3248 1206 :
3287 1166 3344 1207 ut
3375 1154 3465 1222 qui

219 1258 373 1327 αὐτῷ
405 1255 693 1327 φρικώδεις
741 1255 820 1317 είς
893 1252 1193 1321 ἀσφάλειαν
1246 1252 1680 1322 παρασχόμενος,
1732 1251 1793 1303 οὐ

1892 1251 2032 1306 bene
2063 1250 2255 1312 sciam,
2304 1249 2450 1318 quod
2498 1247 2811 1303 Grmcorum
2860 1257 2914 1301 et
2959 1244 3326 1300 Romanorum
3359 1246 3465 1295 vita

223 1348 330 1415 μὴν
361 1348 442 1408 δὲ,
485 1347 620 1398 ἀλλὰ
650 1345 744 1397 καὶ
788 1345 933 1414 ἡμᾶς
961 1345 1177 1408 αὐτοὺς,
1210 1344 1259 1395 εἱ
1296 1342 1371 1413 μὴ
1402 1341 1540 1394 θεῶν
1569 1342 1795 1414 προνοίᾳ

221 1436 659 1506 περιεσώθημεν,
717 1435 857 1487 οὓτω
918 1433 1166 1503 διέθηκεν
1218 1434 1306 1488 ἄν.
1350 1432 1490 1484 Ἀλλ’
1542 1432 1697 1486 αὐτοί
1729 1449 1789 1484 τε

219 1528 581 1593 διεκώλυσαν,
615 1530 709 1582 καὶ
738 1528 868 1597 ἡμῖν
891 1526 1117 1595 αὐτο-,ζιελ
1144 1523 1243 1595 τὴν
1274 1528 1549 1594 σωτηρίαν
1580 1544 1787 1596 προμε-

1893 1341 2295 1410 antiquissima,
2329 1340 2488 1394 bonis
2513 1349 2671 1394 utens
2702 1340 2949 1395 moribus
2994 1348 3047 1392 et
3078 1339 3305 1409 legibus,
3336 1338 3469 1390 deos

1897 1435 2154 1503 appellat,
2180 1434 2270 1503 qui
2316 1448 2383 1486 ex
2410 1446 2593 1484 rerum
2636 1432 2874 1500 ipsarum
2909 1431 3138 1484 veritate
3170 1429 3270 1483 sibi
3307 1428 3467 1481 ﬁdem

1898 1526 2123 1583 faciunt.

223 1622 553 1690 μηνύκασιν.
596 1622 710 1690 Ἐφ’
750 1617 833 1684 οἷς
897 1621 1006 1688 ἐγὼ
1066 1620 1161 1674 καὶ
1209 1620 1565 1689 τεθαρρηκὼς
1605 1619 1695 1671 τὸν
1736 1619 2162 1690 Χριστιανισμὸν
2208 1622 2631 1692 ἐξομοσάμενος,
2682 1619 2815 1689 πρὸς
2866 1618 2926 1669 τὸ
3001 1614 3312 1685 Ἑλληνικὸν
3361 1614 3469 1665 ἁπ-

234 1716 423 1768 ἐκλινα
455 1716 638 1779 σέϐας,
683 1710 742 1768 εὖ
782 1714 957 1777 είδὼς,
994 1714 1069 1775 ὼς
1102 1714 1129 1764 ὁ
1175 1711 1282 1764 τῶν
1345 1709 1612 1780 Ἐλλήνων
1656 1710 1750 1762 καὶ
1818 1709 2103 1781 Ῥωμαίων
2153 1715 2509 1784 ἀρχαιότατος
2551 1713 2684 1782 βίος,
2734 1710 2916 1771 καλοῖς
2955 1708 3100 1760 ἔθεσι
3138 1709 3231 1760 καὶ
3288 1707 3470 1774 νόμοις

219 1807 594 1875 χρησάμενος,
637 1806 792 1867 θεοὺς
854 1801 1276 1872 προσαγορεύει,
1327 1801 1453 1865 τοὺς
1500 1803 1560 1854 τὸ
1594 1803 1787 1855 πιστὸν
1816 1804 1922 1856 ἀπὸ
1959 1807 2059 1874 τῆς
2099 1807 2205 1858 τῶν
2247 1806 2587 1876 πραγμάτων
2617 1802 2840 1871 ἔχοντας
2874 1801 3153 1869 ἀληθείας.

292 1931 441 1995 Κςι,
492 1927 590 1987 τίς
658 1927 765 1996 γὰρ
823 1923 920 1995 τὴν
986 1922 1212 1996 γνώμην
1273 1923 1596 1993 ἀμφίϐολος,
1657 1925 1884 1996 ἦλιονΒ

1805 1944 1808 1967 ’
1838 1930 1884 1988 Β
1981 1928 2170 1985 XXVI.
2213 1929 2344 1995 Quis
2368 1930 2511 1983 enim
2540 1928 2706 1982 animi
2737 1927 2902 1981 fuerit
2945 1926 3164 1988 dubius,
3199 1925 3291 1994 qui
3325 1925 3470 1980 vide-

223 2022 439 2091 βλέπων
493 2019 707 2088 οὐρανῷ
740 2017 1117 2081 διιππεύοντα,
1176 2017 1374 2086 ὲπίσης
1437 2017 1494 2069 δὲ
1545 2018 1639 2071 καὶ
1710 2036 1796 2070 σε-

219 2114 391 2183 λήνην
435 2113 520 2179 ἐφ’
568 2110 814 2180 ἅρματος
849 2110 1274 2181 χρυσαντύγου;
1319 2109 1375 2162 '0
1423 2108 1522 2178 μὲν
1553 2110 1661 2179 γάρ
1696 2112 1794 2179 τὴν

221 2206 442 2274 ἡμέραν
479 2205 706 2274 φαεινὴν
735 2204 1129 2272 ἀπεργάζεται,
1159 2204 1253 2256 καὶ
1298 2202 1427 2265 τοὺς
1466 2203 1795 2272 ἀνθρώπους

224 2301 307 2361 είς
339 2297 476 2366 ἔργα
508 2298 839 2367 διανιστᾷ,ή
896 2296 951 2348 δὲ
1011 2296 1108 2363 τὴν
1166 2294 1339 2347 νύκτα
1396 2292 1792 2363 λαμπαδουχεῖ,

221 2389 565 2461 ἀγρυπνοῦσί
603 2406 661 2440 τε
721 2390 812 2440 καὶ
849 2385 1169 2455 ὁδοποροῦσι
1206 2384 1340 2439 πολύ
1396 2402 1449 2437 τι
1507 2386 1637 2454 παρ’
1670 2387 1797 2436 ἐαυ-

220 2484 338 2544 τοῖς
391 2484 657 2551 παρέσχει
711 2480 771 2531 τὸ
826 2480 1121 2548 χρήσιμον.
1164 2476 1348 2529 Ταῦτα
1404 2476 1666 2546 Ἕλληνες
1705 2479 1797 2529 καὶ

239 2572 503 2639 Ῥωμαῖοι
535 2570 808 2633 θειάζουσί
835 2585 891 2620 τε
923 2569 1014 2619 καὶ
1048 2569 1293 2631 σέϐουσι,
1322 2568 1416 2622 καὶ
1451 2568 1601 2637 αὑτῴ
1626 2570 1797 2637 ἀνήρ-

220 2680 398 2733 τησαν
412 2663 508 2725 τὰς
537 2662 781 2726 ἐλπίδας,
799 2660 891 2713 τὸν
918 2659 1016 2729 μὲν
1042 2659 1252 2725 Ἥλιον,
1289 2659 1601 2712 Ἀπόλλωνα
1624 2675 1797 2727 προσ-

224 2755 648 2822 ἀγορεύσαντες,
680 2752 778 2822 τὴν
821 2752 1060 2822 Σελήνην
1091 2752 1148 2805 δὲ
1195 2754 1485 2823 Ἄρτεμιν,
1548 2752 1640 2803 καὶ
1674 2751 1798 2809 τοὺς

227 2846 526 2918 μεγίστους
555 2843 663 2894 τῶν
719 2843 988 2911 ἀστέρων,
1019 2842 1110 2904 οὓς
1149 2847 1243 2895 καὶ
1278 2844 1556 2913 πλάνητας
1588 2844 1798 2894 ἀποκα-

222 2936 377 2990 λοῦσι
418 2935 543 2997 τοὺς
574 2933 673 2995 τὰς
722 2932 863 2984 ἐτττά
907 2930 1082 2994 ζώνας
1119 2932 1217 2993 τὰς
1252 2933 1536 3000 οὐρανίους
1569 2932 1799 2999 ἐπέχον-

222 3044 348 3092 τας,
379 3028 438 3080 ὂν
471 3025 569 3095 μὲν
601 3022 830 3095 Κρόνον,
866 3022 925 3075 ὃν
956 3020 1013 3072 δὲ
1042 3021 1160 3086 Δία,
1188 3021 1247 3073 ὃν
1292 3021 1349 3073 δὲ
1394 3020 1622 3089 Ἐρμῆν,
1654 3022 1711 3073 ὃν
1744 3021 1799 3073 δὲ

227 3121 428 3188 Ἀρεα,
476 3118 533 3170 ὃν
564 3118 618 3171 δὲ
662 3116 980 3186 Ἀφροδίτην
1022 3111 1471 3183 ἐπονομάζουσιν.
1507 3105 1668 3165 Οὗτοι
1694 3112 1800 3181 γὰρ

223 3211 317 3262 τόν
342 3226 400 3261 τε
457 3211 663 3275 κόσμον
709 3208 925 3260 ἅπαντα
973 3205 1255 3267 διοικοῦσι,
1308 3206 1398 3258 καὶ
1441 3207 1563 3267 ταῖς
1621 3205 1800 3257 αὐτῶν

222 3302 520 3370 δυνάμεσιν
554 3301 587 3368 ἡ
620 3299 713 3350 ὑπ’
743 3297 971 3365 οὐρανὸν
998 3297 1184 3348 ἆπασα
1215 3296 1545 3363 διεξάγεται.
1580 3299 1800 3351 Τούτων

223 3395 410 3448 τοίνυν
464 3392 677 3453 εἰκόνας
733 3392 1030 3460 στήσαντες
1076 3388 1329 3440 σέϐουσιν
1377 3389 1655 3458 ἄνθρωποι
1703 3389 1800 3440 καὶ

223 3486 485 3558 τιμῶσιν,
511 3485 627 3554 ἃμα
653 3483 748 3536 καὶ
775 3481 977 3552 μύθους
997 3481 1150 3545 τινας
1173 3481 1309 3551 πρὸς
1333 3479 1532 3552 ήδονήν
1555 3480 1800 3535 ἀναπλά-

228 3596 447 3643 σαντες,
481 3578 581 3648 οὐχ
626 3577 701 3640 ὡς
748 3575 905 3638 θεοὺς
951 3576 1008 3629 δὲ
1057 3575 1257 3647 τιμῶσι
1307 3578 1401 3629 καὶ
1451 3578 1549 3639 τὰς
1585 3578 1801 3640 εἰκόνας

234 3671 442 3735 αὐτῶν,
510 3671 715 3734 ἄπαγε,
788 3666 948 3719 τοῦτο
1003 3666 1114 3736 γὰρ
1171 3666 1233 3718 τὸ
1292 3665 1658 3737 ἁπλούστερον
1709 3667 1803 3720 καὶ

234 3762 557 3832 ἀγροικικὸν
584 3761 690 3813 τῶν
718 3757 1019 3829 ἀνθρώπων
1055 3758 1450 3827 ὑπολαμϐάνει,
1486 3761 1715 3830 ἐπείπερ
1753 3761 1802 3812 oi

230 3856 427 3924 σοφίας
457 3852 815 3924 ἐπιθυμηταὶ,
852 3852 944 3904 καὶ
987 3850 1056 3903 τὰ
1091 3850 1195 3903 τῶν
1245 3850 1384 3904 θεῶν
1412 3850 1654 3920 ἀκριϐῶς
1688 3852 1804 3917 ἑξε-

227 3949 510 4016 τάξοντες,
564 3947 742 4000 οῐδασι
789 3945 895 3998 τίνι
930 3942 1028 4012 τὴν
1084 3942 1251 4012 τιμήν
1298 3944 1654 4011 ἀπονέμουσι,
1709 3944 1805 3996 καὶ⁵

229 4040 370 4113 πρὸς
394 4040 516 4094 τίνα
546 4042 580 4111 ή
609 4041 718 4093 τὼν
742 4035 901 4090 θείων
927 4034 1261 4105 ἀγαλμάτων
1290 4034 1662 4106 προσκύνησις
1687 4033 1802 4088 δια-

229 4136 428 4193 ϐαίνει.

303 4274 431 4327 ΚΖ’.
451 4267 709 4339 Παραινῶ
736 4264 917 4318 τοίνυν
939 4265 1004 4332 τῇ
1036 4264 1101 4331 σῇ
1131 4259 1472 4328 γενναιότητι
1504 4260 1625 4330 μεθ’
1648 4258 1807 4331 ἡμῶν

229 4383 292 4420 τε
325 4363 486 4429 εἶναι,
509 4361 602 4416 καὶ
634 4357 776 4412 κατὰ
815 4355 875 4410 τὸ
912 4355 1042 4424 ήμῖν
1092 4352 1330 4424 ἀρέσκον
1385 4352 1554 4422 βιοῦν,
1590 4355 1690 4423 τήν
1745 4369 1805 4406 τε

232 4456 534 4529 θρησκείαν
593 4450 911 4521 Ελληνίζειν
936 4447 1111 4519 ὀρθῶς
1144 4447 1238 4499 καὶ
1267 4445 1375 4498 τῶν
1396 4444 1639 4516 ἀρχαίων
1667 4446 1806 4499 ἐθῶν

232 4551 330 4602 καὶ
364 4545 709 4617 πραγμάτων
742 4539 1087 4608 ἀντέχεσθαι.
1149 4536 1207 4587 '0
1237 4536 1345 4605 γὰρ
1398 4537 1805 4597 Κωνσταντῖνος

1899 2026 1967 2079 rit
1994 2024 2163 2078 solem
2198 2023 2252 2075 in
2292 2022 2429 2077 coelo
2474 2021 2835 2090 equitantem,
2883 2020 3137 2072 similiter
3183 2028 3363 2070 autem
3416 2027 3470 2069 et

1896 2118 2102 2179 lunam,
2129 2130 2249 2183 qua:
2275 2114 2496 2166 vehitur
2519 2129 2682 2166 curru
2717 2112 2943 2166 aurato?
2973 2111 3104 2164 Nam
3134 2111 3223 2164 ille
3252 2111 3471 2180 quidem

1898 2209 2039 2262 diem
2077 2206 2238 2260 ellicit
2269 2204 2533 2266 lucidum,
2575 2213 2629 2257 et
2656 2203 2905 2256 homines
2933 2204 3131 2257 excitat
3161 2203 3227 2256 ad
3261 2219 3425 2271 opera
3455 2221 3466 2254 :

1901 2303 2015 2356 lucc
2042 2310 2224 2353 autem
2274 2299 2419 2353 nocti
2458 2297 2681 2366 praefert
2714 2296 2882 2359 faces,
2929 2296 3387 2366 vigilantibusque
3420 2306 3472 2347 et

1900 2393 2002 2446 iter
2032 2389 2360 2444 facientibus
2405 2404 2469 2442 ex
2516 2404 2575 2442 se
2609 2403 2860 2457 magnam
2911 2389 3116 2457 prtebct
3159 2387 3468 2440 utilitatem.

1899 2485 1973 2536 Ea
2000 2483 2173 2538 (ἓτωεί
2205 2490 2259 2536 et
2286 2480 2512 2534 Romani
2545 2480 2598 2532 in
2638 2479 2771 2533 deos
2807 2480 3073 2541 referunt,
3107 2487 3161 2533 et
3188 2479 3391 2539 colunt,
3419 2488 3472 2531 et

1899 2590 2049 2643 spem
2088 2573 2144 2627 in
2180 2572 2312 2641 ipsis
2347 2571 2709 2631 collocarunt,
2737 2570 2905 2624 solem
2936 2571 3155 2639 quidem
3189 2567 3469 2639 appellan-

1905 2674 1984 2719 tes
2002 2664 2331 2733 Apollinem,
2363 2664 2547 2716 lunam
2580 2678 2705 2716 vero
2728 2661 2974 2717 Dianam.
2998 2662 3099 2716 Sed
3133 2671 3187 2715 et
3213 2676 3277 2715 ex
3301 2660 3472 2716 stellis

1900 2757 2181 2819 maximas,
2210 2756 2456 2825 planetas
2486 2754 2740 2809 videlicet
2775 2754 3091 2822 appellatas.
3124 2769 3222 2821 pro
3251 2753 3353 2806 diis
3381 2752 3475 2804 lia-

1899 2847 2051 2912 bent,
2094 2863 2213 2917 qua:
2249 2847 2481 2915 reliquas
2506 2846 2744 2915 quinque
2769 2860 2935 2899 zonas
2971 2844 3218 2899 caelestes
3245 2852 3471 2897 tenent:

1901 2950 1955 2993 ct
1972 2940 2128 2993 aliam
2148 2938 2365 3009 quidem
2396 2937 2713 3000 Saturnum,
2735 2939 2893 2991 aliam
2912 2936 3121 3000 Jovem,
3141 2936 3298 2990 aliam
3332 2935 3475 2988 Mer-

1902 3031 2136 3096 curium,
2162 3033 2320 3084 aliam
2356 3032 2605 3093 Martem,
2639 3030 2800 3084 aliam
2847 3040 3029 3083 autem
3069 3029 3335 3082 Venerem
3374 3043 3473 3080 no-

1902 3124 2131 3176 minant.
2156 3123 2243 3176 Eae
2263 3126 2408 3175 cnim
2436 3123 2699 3176 mundum
2726 3122 3041 3175 universum
3066 3121 3473 3184 administrant,

1903 3223 1959 3268 et
1985 3229 2171 3267 earum
2201 3214 2498 3267 virtutibus
2530 3214 2735 3293 regitur
2771 3213 3027 3267 universa
3059 3222 3220 3275 terra,
3252 3228 3371 3281 quae
3394 3222 3476 3265 est

1909 3307 2009 3361 sub
2041 3307 2201 3361 ccelo.
2241 3306 2443 3359 Horum
2477 3321 2605 3376 ergo
2637 3314 2941 3359 statuentes
2984 3305 3268 3374 imagines,
3300 3304 3479 3359 homi-

1908 3412 2005 3448 nes
2034 3411 2125 3450 eas
2158 3398 2342 3450 colunt
2382 3407 2435 3451 et
2465 3399 2757 3462 honorant,
2808 3398 2971 3450 simul
3018 3398 3181 3451 etiam
3216 3397 3475 3464 quasdam

1910 3487 2117 3543 fabulas
2142 3488 2401 3557 ﬁngentes
2434 3490 2499 3542 ad
2527 3490 2885 3558 voluptatem.
2919 3489 3036 3542 Non
3066 3493 3321 3558 tanqnam
3348 3491 3479 3542 deos

1910 3590 2088 3635 autem
2122 3581 2308 3635 colunt
2340 3596 2529 3635 eorum
2567 3581 2833 3653 imagines
2866 3583 3070 3651 tabsit),
3102 3583 3206 3635 hoc
3229 3582 3372 3635 cnim
3407 3583 3477 3634 ita

1910 3670 2180 3738 accipiunt
2210 3673 2541 3740 agrestiores
2577 3674 2832 3729 homines
2866 3684 2921 3729 et
2952 3675 3349 3744 simpliciores:
3380 3674 3476 3727 sed

1910 3762 2002 3830 qui
2033 3762 2329 3831 cupiditate
2375 3772 2633 3819 tenentur
2677 3765 2978 3834 sapientiae,
3012 3773 3067 3821 et
3114 3780 3198 3819 res
3246 3764 3477 3820 deorum

1911 3863 2163 3906 accurate
2196 3854 2504 3922 inquirunt,
2534 3857 2714 3910 sciunt
2742 3857 2829 3910 cui
2853 3856 3117 3911 honorem
3140 3857 3399 3921 tribuant,
3424 3866 3480 3910 et

1912 3944 1979 3999 ad
2007 3960 2164 4016 quem
2194 3957 2436 4003 transeat
2464 3947 2709 4003 adoratio
2741 3949 3051 4003 divinarum
3082 3950 3403 4020 imaginum.

1982 4255 2193 4312 XXVII.
2225 4258 2395 4312 Tuam
2427 4274 2555 4333 ergo
2581 4259 2774 4315 hortor
2800 4262 3188 4332 praestantiam,
3224 4273 3284 4319 ut
3316 4274 3420 4319 stet
3447 4281 3478 4320 a

1911 4353 2090 4417 nobis,
2116 4362 2170 4407 et
2199 4353 2363 4420 vivat,
2397 4361 2454 4407 ut
2478 4353 2636 4409 nobis
2664 4355 2865 4424 placet,
2932 4367 2986 4410 et
3033 4366 3180 4410 recte
3235 4356 3478 4413 Graecam

1912 4458 2170 4515 sequatur
2202 4446 2541 4517 religionem,
2569 4456 2623 4502 et
2654 4448 2886 4503 retineat
2912 4462 3093 4504 mores
3146 4458 3202 4504 et
3248 4464 3334 4504 res
3378 4466 3476 4503 ve-

1915 4541 2081 4593 teres.
2113 4537 2503 4593 Constantinus
2531 4539 2699 4601 enim,
2734 4540 2876 4593 sicut
2906 4542 3023 4610 ipse
3074 4556 3181 4595 non
3238 4541 3479 4612 ignoras,

234 4638 426 4707 ὥσπερ
461 4632 583 4687 οὐδὲ
633 4628 795 4690 αὐτὸς
854 4626 1097 4693 ἀγνοεῖς,
1149 4620 1550 4690 εὐεξαπάτητος
1600 4620 1889 4689 ἀνδρῶνι)

1836 4622 1889 4685 ἶ)
1915 4639 2032 4684 erat
2055 4626 2301 4684 omnium
2320 4628 2601 4684 hominum
2631 4629 2862 4700 deceptu
2885 4630 3174 4687 facillimus
3198 4649 3210 4684 :
3239 4643 3295 4686 et
3353 4647 3477 4685 cum

232 4728 456 4799 ἀμαθής
507 4741 566 4776 τε
621 4721 717 4773 καὶ
771 4718 997 4789 ἀνόητος
1034 4708 1134 4780 ὢν,
1176 4713 1306 4784 περὶ
1352 4712 1451 4781 τὴν
1512 4711 1811 4781 θρησκείαν

233 4821 574 4887 ὲνεωτέρισε,
622 4817 718 4867 καὶ
749 4813 876 4874 τοὺς
920 4807 1185 4876 Ἐλλήνων
1217 4806 1488 4876 ἀθετήσας
1531 4806 1684 4868 θεοὺς
1720 4806 1813 4857 ἐπὶ

230 4913 325 4966 τὸν
368 4906 800 4979 Χριστιανισμὸν
863 4901 1127 4966 ἐξέκλινε,
1190 4897 1289 4959 τὰς
1345 4898 1601 4959 ἀνοσίους
1645 4895 1810 4950 αὐτοῦ

235 5000 464 5071 πράξεις
495 4991 984 5062 ὲπαισχυνόμενος,
1033 4990 1127 5042 καὶ
1158 4989 1239 5042 ὅτι
1271 4988 1320 5040 οἱ
1351 4987 1462 5041 θεοὶ
1493 4987 1675 5051 αὑτὸν,
1710 4986 1809 5052 τῆς

234 5092 388 5159 ἱεράς
422 5086 600 5140 αὐτῶν
634 5084 723 5137 καὶ
760 5079 1178 5147 παναγεστάτης
1231 5074 1527 5148 θρησκείας
1574 5075 1648 5138 ὡς
1685 5072 1808 5137 ἐξά.

233 5198 421 5252 γιστον
450 5179 545 5232 καὶ
576 5176 834 5248 πονηρὸν,
869 5172 1058 5242 πόῤῥω
1107 5188 1210 5224 που
1242 5172 1339 5223 καὶ
1374 5167 1598 5240 μακράν
1642 5165 1801 5221 ἀπώ-

234 5288 418 5336 σαντο,
447 5269 542 5324 an:
589 5269 682 5321 καὶ
711 5265 967 5335 ὁμογνίου
996 5261 1226 5332 αἵματος
1257 5261 1549 5330 γενόμενον
1579 5258 1754 5311 αἴτιον
1786 5273 1802 5291 ο

233 5362 361 5425 τούς
386 5378 445 5414 τε
476 5362 583 5429 γὰρ
611 5358 873 5427 ἀδελφοὺς
904 5357 1251 5419 ἀπέκτεινεν,
1283 5352 1437 5405 οὐδὲν
1467 5351 1668 5405 ἄτοπον
1692 5351 1805 5420 είρ·

234 5454 567 5525 γασμένους,
596 5453 692 5505 καὶ
718 5452 816 5519 τὴν
839 5452 1074 5517 γυναῖκα
1100 5445 1376 5511 Φαύσταν,
1405 5446 1499 5497 καὶ
1521 5443 1610 5496 τὸν
1636 5441 1805 5495 αὑτοῦ

232 5548 348 5602 υἱὸν
382 5548 638 5616 Πρίσκον,
667 5544 900 5614 χρηστόν
926 5559 983 5595 τε
1015 5543 1110 5594 καὶ
1147 5540 1352 5608 ἀγαθὸν
1382 5541 1554 5610 ἄνδρα
1593 5538 1805 5609 τυγχά-

236 5657 419 5696 νονται
471 5639 569 5691 Διά
610 5638 786 5701 τοῦτο,
818 5634 1237 5703 θαυμασιώτατε
1271 5633 1502 5701 ἀνδρῶν,
1535 5633 1676 5703 ὁρῶν
1710 5648 1805 5683 σου

232 5731 332 5798 τῆς
360 5730 598 5790 διανοίας
629 5728 689 5780 τὸ
715 5726 974 5796 ἐμϐριθές
1008 5742 1067 5777 τε
1098 5727 1192 5778 καὶ
1226 5723 1512 5791 στάσιμον,
1546 5721 1804 5791 βούλομαί

236 5839 295 5875 σε
331 5821 427 5890 τῆς
480 5822 752 5892 ήμετέρας
801 5819 1045 5890 ἑταιρίας
1102 5818 1196 5872 καὶ
1254 5816 1472 5888 μερίδος
1530 5815 1803 5884 γενέσθαι.

1912 4730 2056 4776 esset
2085 4720 2336 4777 indoctus
2363 4730 2415 4776 et
2444 4736 2651 4787 amens,
2704 4724 2982 4777 innovavit
3030 4723 3368 4794 religionem,
3426 4733 3478 4778 et

1909 4813 2012 4866 diis
2039 4812 2351 4866 Graecorum
2380 4813 2619 4878 abolitis,
2662 4814 2953 4867 declinavit
3006 4815 3071 4867 ad
3119 4814 3478 4869 Christianis-

1910 4920 2082 4965 mum,
2105 4920 2230 4959 cum
2256 4905 2549 4976 impiorum
2584 4921 2806 4961 suorum
2832 4906 3097 4962 factorum
3133 4922 3259 4961 eum
3306 4909 3478 4977 pude-

1910 5006 2013 5062 ret,
2034 5006 2089 5050 et
2123 4996 2268 5065 quod
2300 4996 2373 5050 dii
2395 5011 2543 5062 eum,
2567 5005 2821 5067 tanquam
2850 4996 3123 5067 impurum
3154 5006 3209 5051 et
3241 4999 3478 5051 scelera-

1909 5097 2042 5149 tum,
2074 5103 2104 5141 a
2141 5096 2487 5142 sacrosancta
2520 5103 2618 5142 sua
2670 5088 2926 5159 religione
2982 5086 3304 5156 expulerant
3360 5089 3478 5141 lon-

1904 5180 2145 5253 gissimc,
2180 5190 2240 5234 ut
2263 5180 2351 5249 qui
2381 5190 2670 5251 cognatum
2701 5180 3019 5249 sanguinem
3055 5180 3289 5235 fuderat.
3340 5179 3473 5234 Nam

1903 5279 1960 5324 et
1987 5270 2183 5324 fratres
2206 5269 2425 5335 occidit,
2450 5270 2540 5339 qui
2568 5270 2705 5323 nihil
2736 5269 2861 5323 mali
2892 5269 3159 5334 fecerant,
3179 5280 3234 5324 et
3253 5286 3475 5324 uxorem

1904 5361 2198 5426 Faustam,
2251 5369 2305 5415 et
2346 5376 2505 5415 suum
2532 5361 2700 5414 ﬁlium
2736 5359 2977 5416 Priscum
3016 5360 3337 5433 [CriSpum],
3384 5362 3477 5431 qui

1904 5461 2021 5505 erat
2046 5454 2132 5504 vir
2163 5452 2303 5521 frugi
2334 5461 2388 5505 et
2418 5450 2617 5505 bonus.
2641 5452 2958 5520 Propterea,
2992 5467 3026 5506 o
3075 5452 3155 5505 vir
3211 5453 3476 5521 imprimis

1905 5542 2241 5605 admirande,
2272 5558 2395 5599 cum
2426 5544 2641 5599 videam
2674 5553 2778 5598 tua:
2814 5544 3014 5598 mentis
3063 5543 3383 5614 gravitatem
3422 5553 3479 5599 et

1905 5635 2291 5699 constantiam,
2320 5635 2443 5689 volo
2473 5644 2525 5690 te
2554 5651 2675 5691 esse
2702 5644 3011 5691 nostrarum
3041 5637 3296 5705 partium.
3329 5636 3471 5705 Age—

1906 5722 2034 5776 dum
2068 5737 2215 5792 ergo,
2244 5738 2276 5776 o
2314 5725 2541 5788 Artemi,
2573 5726 2639 5780 ad
2666 5727 2898 5795 patriam
2942 5734 2994 5781 et
3036 5728 3473 5796 antiquissimam

1909 5823 1962 5870 et
1991 5820 2223 5873 maxime
2263 5816 2573 5873 diuturnam
2638 5816 3007 5874 Romanorum
3060 5828 3114 5875 et
3160 5818 3471 5874 Graecorum
