4216 6432
282 427 417 487 1197

1413 432 1871 496 MARTYRIUM
1919 439 1977 496 S.
2028 440 2377 502 AHTEMII.

3371 459 3507 522 1198

270 537 467 608 χρῆμα
509 540 642 609 πρός
672 558 732 593 τε
767 541 959 606 κάλλος
1003 545 1094 596 καὶ
1145 545 1302 614 ὕψος,
1355 546 1451 598 καὶ
1506 546 1737 613 μέγεθος
1788 546 1847 597 οὐ
1876 549 1920 606 Α

1843 569 1847 590 ι
1876 549 1920 606 Α
1953 564 2079 602 vero
2137 551 2190 603 in
2231 567 2448 607 omnem
2484 566 2688 624 partem
2724 559 2925 614 fluenta
2960 577 3219 631 aquarum
3251 572 3508 634 poculen-

273 632 537 698 μιμητὸν.
572 632 808 700 Νάματά
839 650 895 686 τε
932 636 1037 704 γὰρ
1087 636 1333 706 πανταχῆ
1364 636 1565 689 διαθέει
1601 636 1845 703 ποτίμων

273 722 509 787 ὑδάτων,
541 724 815 790 μεγίστων
842 724 1028 776 αὐτόθι
1059 726 1251 796 πηγῶν
1285 728 1688 794 ἀναδιδομένων
1711 744 1728 760 ο
1753 728 1843 793 ἀφ’

269 810 348 867 ὧν
394 817 486 867 καὶ
525 818 556 885 ή
595 818 747 879 πόλις
780 821 836 869 ἐν
868 819 1075 885 ὀλίγαις
1138 820 1201 890 δὴ
1264 821 1468 873 πόλεων
1517 823 1844 891 εὖυδροτάτη

269 902 561 974 τυγχάνειν
596 907 763 971 δοκεῖ,
790 908 882 958 καὶ
917 911 1022 977 μὴν
1072 911 1383 975 οίκοδομαῖς
1418 910 1697 978 λαμπραῖς
1748 919 1844 962 κα,

267 997 549 1050 ταλύσεων
580 999 671 1050 καὶ
704 997 964 1067 λουτρῶν,
1010 1002 1102 1051 καὶ
1130 1001 1237 1052 τῶν
1263 1000 1436 1053 ἄλλων
1468 1003 1840 1066 κατασκευῶν,

268 1088 348 1148 εἷς
380 1104 436 1137 τε
467 1088 652 1158 χρείαν
677 1090 769 1140 καὶ
826 1092 1028 1158 κόσμον
1062 1090 1122 1143 εὖ
1177 1093 1317 1159 μάλα
1366 1091 1666 1151 πολυτελῶς
1717 1092 1840 1159 ἐξή-
1898 1111 1901 1113 ’

270 1191 469 1244 σκηται
502 1178 561 1228 τὸ
592 1178 810 1247 χωρίον.
847 1180 1106 1232 Ἐνταῦοα
1137 1183 1225 1233 καὶ
1253 1182 1423 1236 ἄλλων
1451 1184 1547 1249 μὲν
1570 1182 1839 1249 δαιμόνων

265 1267 383 1317 ναοί
418 1284 472 1316 τε
504 1269 596 1317 καὶ
626 1269 911 1337 ἀγάλματα
942 1266 1027 1338 ἦν,
1077 1272 1449 1340 διαφερὸντως
1495 1290 1556 1339 γε
1612 1275 1716 1343 μὴν
1774 1274 1837 1325 τδ

261 1356 357 1407 τοῦ
414 1357 742 1420 ’Λπόλλωνος
794 1360 1035 1431 ἀρχῆθεν
1097 1364 1309 1431 ὑπῆρχε
1364 1364 1828 1434 θεραπευόμενον.

262 1444 462 1499 Αὐτόθι
500 1450 608 1519 γὰρ
650 1452 743 1502 καὶ
770 1452 828 1502 τὸ
867 1454 993 1521 περὶ
1023 1453 1119 1523 τὴν
1156 1457 1372 1524 Δάφνην
1422 1458 1520 1525 τὴν
1568 1456 1835 1527 παρθένον

262 1539 537 1609 συμϐῆναι
576 1542 745 1605 πάθος
787 1546 813 1596 ὁ
851 1544 1160 1614 Ἐλληνικὸς
1211 1547 1410 1602 ἔπλασε
1453 1546 1726 1618 μῦθοςοῆς
1771 1550 1833 1622 δὴ

257 1631 354 1679 καὶ
390 1629 622 1695 μάλιστα
654 1634 838 1699 ςιέρειν
871 1632 1020 1685 δοκεῖ
1066 1636 1164 1702 τὴν
1200 1636 1523 1702 ἐπωνυμίαν
1558 1639 1585 1687 ὁ
1642 1640 1830 1701 τόπος.

328 1719 452 1772 AI".
481 1722 549 1772 Ὶὸ
587 1722 643 1773 δὲ
697 1723 920 1791 ἄγαλμα
970 1723 1064 1774 τοῦ
1113 1725 1470 1790 Ἀπόλλωνος,
1504 1728 1705 1779 τοιόνδε
1777 1744 1830 1782 τι

255 1813 357 1881 τὴν
387 1813 725 1883 κατασκευὴν
759 1810 826 1884 ἦν
859 1831 871 1843 ·
902 1816 960 1880 ἐξ
994 1816 1239 1884 ἀμπέλου
1288 1817 1387 1885 μὲν
1439 1818 1583 1889 αὐτῷ
1635 1836 1832 1873 συνεπ-

1952 650 2164 703 tarum,
2230 648 2655 702 scaturientibus
2730 652 2854 705 inde
2914 655 3160 709 maximis
3220 657 3507 726 fontibus:

1950 749 2061 801 quo
2122 737 2219 796 ﬁt,
2275 748 2333 790 ut
2388 742 2579 795 civitas
2633 743 2775 796 inter
2814 755 3039 799 creteras
3091 766 3228 817 aqua
3270 753 3515 808 abundet

1947 829 2202 885 maxime.
2242 830 2519 886 Praeclaris
2566 852 2781 905 quoque
2843 844 3306 899 exstructionibus
3356 849 3508 901 habi‘

1948 920 2271 987 tacnlorum,
2306 934 2359 977 et
2392 924 2755 990 lavacrornm,
2783 940 2837 981 et
2881 931 3115 984 aliorum
3151 936 3502 991 aediﬁciorum

1945 1010 2096 1063 locus
2131 1024 2214 1066 est
2249 1015 2530 1085 magniﬁce
2588 1018 2891 1075 instructus
2946 1033 3001 1075 et
3035 1037 3277 1079 ornatus.
3321 1027 3417 1082 Hic
3455 1041 3509 1083 et

1942 1100 2171 1156 aliorum
2196 1106 2412 1172 quidem
2445 1108 2751 1163 daemonum
2801 1115 2997 1180 templa
3048 1128 3207 1170 erant
3233 1130 3285 1171 et
3317 1120 3507 1187 imagi-

1940 1209 2075 1255 nes,
2122 1198 2392 1264 prarcipuc
2451 1208 2629 1254 autem
2678 1205 2939 1272 templum
2972 1208 3236 1274 Apollinis
3286 1212 3507 1264 coleba-

1941 1294 2028 1362 tur
2056 1287 2122 1339 ab
2153 1288 2329 1343 initio.
2361 1289 2455 1343 Hic
2481 1293 2625 1344 enim
2662 1294 2711 1347 id
2732 1332 2745 1354 ,
2782 1298 2921 1363 quod
2953 1297 3019 1350 de
3047 1294 3270 1366 Daphne
3301 1302 3504 1371 virgine

1940 1389 2211 1441 narratur,
2245 1380 2509 1434 accidisse
2540 1381 2738 1437 Griecae
2775 1385 3050 1442 ﬁnxerunt
3087 1389 3311 1445 fabulze:
3347 1396 3503 1464 cujus

1935 1468 2099 1522 etiam
2134 1485 2435 1540 cognomen
2474 1476 2703 1529 maxime
2738 1477 2950 1531 videtur
2980 1479 3120 1534 ferre
3151 1482 3322 1537 locus.

2008 1732 2242 1789 XXXIII.
2264 1733 2442 1803 Imago
2461 1744 2639 1790 autem
2659 1736 2923 1807 Apollinis
2941 1754 3055 1796 erat
3074 1743 3174 1799 hoc
3198 1750 3356 1802 modo
3370 1765 3504 1805 con-

1934 1834 2136 1880 structa
2168 1844 2181 1879 :
2227 1828 2285 1881 Ei
2314 1844 2377 1882 ex
2398 1828 2504 1881 vite
2534 1840 2649 1883 erat
2685 1846 2879 1899 corpus
2898 1838 3277 1904 compositum,
3332 1843 3503 1896 admi-n

253 1905 450 1971 επήγει
478 1905 535 1956 τὸ
567 1906 744 1973 σῶμα,
789 1907 1069 1977 θαυμασία
1129 1911 1237 1962 τινὶ
1273 1910 1457 1981 τέχνῃ,
1506 1913 1640 1981 πρὸς
1701 1917 1829 1982 μιᾶς
1864 1896 1904 1949 Β

1864 1896 1904 1949 Β
1939 1917 2091 1969 rabili
2127 1920 2354 1986 quadam
2397 1931 2512 1973 arte
2554 1921 2625 1972 ita
2661 1935 3024 1990 compactum,
3050 1936 3233 1995 utpra:
3252 1945 3309 1984 se
3338 1934 3502 1989 ferret

255 1994 532 2059 συμφυΐας
580 1994 724 2046 ῐδέαν
755 1999 1148 2067 συναρμοσθὲν,
1192 2001 1380 2070 χρυσῷ
1407 2003 1461 2053 δὲ
1494 2004 1601 2063 πᾶς
1630 2005 1657 2053 ὁ
1686 2021 1838 2073 περι-

251 2086 503 2147 κείμενος
548 2087 746 2148 πέπλος
768 2090 1222 2158 άμιριεννύμενος,
1262 2096 1372 2154 τοῖς
1403 2110 1835 2161 παραγεγυμνω-

253 2178 437 2243 μένοις
480 2181 572 2230 καὶ
601 2177 854 2249 ἀχρύσοὶς
903 2183 994 2234 τοῦ
1032 2183 1280 2250 σώματος
1335 2185 1414 2246 είς
1472 2184 1748 2254 ἄφραστον
1782 2203 1832 2241 τι

253 2272 606 2338 συνεφαίνετο
669 2275 883 2335 κάλλος.
930 2275 1231 2328 Ἐστῶτιδὲ
1280 2277 1417 2346 μετά
1465 2279 1650 2348 χεῖρας
1697 2275 1762 2348 ἦν
1796 2281 1828 2347 ή

234 2362 477 2427 -κιθάρα,
506 2363 948 2429 μουσηγετοῦντά
974 2383 1091 2416 τινα
1116 2367 1529 2437 ἑκμιμουμένῳ,
1565 2369 1623 2419 αῖ
1648 2387 1706 2421 τε
1741 2370 1833 2423 κὸ-

254 2470 355 2519 μαι
385 2456 476 2505 καὶ
515 2455 609 2521 τῆς
646 2458 858 2525 Δάφνης
884 2459 909 2507 ὁ
947 2457 1229 2524 στέφανος,
1254 2460 1342 2509 τὸν
1371 2462 1570 2527 χρυσον
1626 2464 1830 2528 ἀναμὶξ

250 2546 540 2615 ἐπήνθουν,
571 2548 646 2607 ὡς
677 2547 871 2615 ἔμελλε
905 2548 1062 2617 χάρις
1095 2548 1491 2618 ὲξαστράπτειν
1520 2542 1685 2621 πολλὴ
1718 2556 1829 2614 τοῖς

252 2638 576 2706 θεωμένοις.
635 2638 913 2692 ’Υάκινθοί
944 2657 1001 2700 τε
1022 2641 1165 2709 αὐτῷ
1193 2641 1284 2693 δύο
1307 2641 1444 2694 λίθοι
1471 2643 1697 2710 μεγάλοι
1737 2646 1825 2696 τον

246 2730 360 2777 τῶν
402 2729 692 2797 ὀφθαλμῶν
718 2732 1049 2800 ἐξεπλήρουν
1081 2732 1246 2784 τύπον
1305 2735 1446 2785 κατὰ
1481 2734 1700 2804 μνήμην
1729 2734 1822 2787 τοῦ

260 2819 598 2885 ’Λμυκλαίου
632 2823 816 2882 παιδὸς
860 2822 1170 2874 Ὑακίνθου.
1197 2826 1302 2875 Καὶ
1328 2826 1415 2875 ἀεὶ
1443 2826 1501 2877 τὸ
1530 2828 1635 2877 τῶν
1665 2828 1824 2883 λίθων

244 2911 447 2972 κάλλος
504 2914 597 2963 καὶ
647 2915 875 2981 μέγεθος
931 2914 1024 2963 τὸν
1080 2915 1335 2981 μέγιστον
1375 2919 1689 2985 προσετέλει
1746 2921 1822 2989 τῷ

247 3002 530 3070 ἀγάλματι
562 3005 787 3073 κόσμον,
813 3004 877 3055 ἵν’
908 3004 989 3055 ὄτι
1036 3004 1307 3066 πλείστοις
1352 3006 1661 3057 ἀπατᾶσθαι
1694 3010 1821 3077 περὶ

242 3093 413 3145 αὑτοῦ
445 3098 718 3165 συμόαίνῃ
747 3097 821 3165 τῷ
863 3096 1182 3165 περικαλλεῖ
1228 3097 1326 3164 τῆς
1377 3099 1818 3169 προφαινομένης

247 3189 489 3255 μορφῆς,
542 3191 616 3249 είς
659 3190 717 3238 τὸ
768 3192 1123 3257 προσκυνεῖν’
1152 3190 1302 3257 αὐτῷ
1350 3190 1761 3258 δελεαζομένοις
1796 3206 1809 3219 ’
1841 3225 1881 3281 C

242 3283 383 3349 ὅπερ
410 3278 501 3332 οὖν
533 3282 623 3330 καὶ
656 3282 815 3342 αὐτὸς
856 3281 1138 3341 Ἰουλιανὸς
1165 3281 1443 3346 πεπονθὼς
1469 3281 1554 3349 ἦν·
1585 3284 1812 3335 Πλείονα

241 3371 376 3435 γοῦν
411 3372 441 3439 ἢ
477 3371 721 3439 σύμπασι
754 3375 863 3432 τοῖς
901 3372 1078 3433 ἄλλοις
1114 3372 1386 3437 ἀγάλμασι
1432 3373 1675 3439 προσῆγε
1716 3375 1813 3442 τὴν

242 3463 564 3532 θεραπείαν,
609 3464 892 3532 χιλιόμόας
925 3465 1051 3527 ὅλας
1101 3464 1158 3530 ἐξ
1189 3466 1420 3518 ἑκάστου
1447 3466 1634 3531 γένους
1663 3466 1808 3535 αὑτῴ

246 3555 531 3623 θυόμενος,
561 3560 651 3607 καὶ
702 3556 1119 3622 ἀντιλαμεάνων
1151 3559 1482 3625 χρηστήρια.

314 3655 433 3704 AA'.
482 3650 633 3699 Ἐπεὶ
762 3647 911 3715 αὐτῷ
958 3648 1135 3698 πάντα
1166 3652 1232 3699 τά
1273 3650 1564 3717 ἀγάλματα
1621 3649 1813 3719 βαθεῖα

243 3742 425 3809 σιωπὴ
460 3739 728 3807 κατεῖχεν,
776 3741 1029 3803 ἐνταῦθα,
1067 3740 1291 3813 νομίσας
1324 3744 1388 3793 τά
1416 3742 1522 3795 ἀπὸ
1555 3743 1652 3809 τῆς
1685 3760 1814 3810 γοη-

243 3837 391 3895 τείας
465 3834 657 3898 ἐνδεῖν,
729 3836 793 3903 ἦν
852 3835 1163 3902 ἱερουργίαν
1202 3832 1472 3883 ’καλοῦσιν
1527 3832 1807 3901 Ἕλληνες,

242 3924 504 3976 libasti-.07
555 3943 677 3976 τινα
740 3924 995 3990 μέγιστον
1073 3923 1165 3972 ἐπὶ
1206 3921 1282 3988 τῷ
1335 3921 1508 3973 ταῦτα
1547 3922 1809 3975 δύνασθαι

241 4020 580 4085 κεκτημένον
627 4017 684 4064 ἐν
733 4013 958 4080 Ἕλλησι
1036 4013 1214 4073 κλέος,
1291 4014 1807 4083 μεταπεμψάμενος,

239 4106 417 4176 τούτῳ
459 4107 849 4175 προσέταττεν,
874 4105 1131 4156 ἐπίπνοον
1167 4105 1248 4156 ὅτι
1289 4104 1529 4170 μάλιστα
1558 4110 1614 4157 το
1650 4106 1809 4171 ἄγαλ-

244 4218 343 4269 μα,
368 4202 462 4251 καὶ
499 4202 716 4265 ἐνεργὸν
778 4198 1119 4261 ἀποφαίνειν,
1152 4197 1379 4264 μηδενὸς
1424 4189 1499 4249 ὧν
1533 4199 1611 4258 εἰς
1652 4200 1809 4250 τοῦτο

243 4291 498 4357 προσδεῖν
550 4289 695 4356 αὐτῷ
744 4289 948 4355 νομίζοι
982 4285 1317 4355 φέιὸὁμενον.
1361 4287 1448 4356 Τῷ
1488 4287 1563 4350 δὲ,
1620 4288 1805 4357 ἐπειδὴ

244 4385 426 4442 πάσας
472 4378 667 4432 ἑαυτοῦ
711 4381 1021 4445 κεκινηκοτι
1074 4380 1171 4439 τάς
1227 4379 1471 4447 μηχανάς
1512 4382 1604 4431 καὶ
1643 4382 1807 4448 μηδὲν

238 4473 267 4524 ὅ
300 4490 352 4525 τι
388 4473 546 4525 πλέον
579 4472 643 4523 ἂν
687 4472 990 4537 ἐννοήσειεν
1021 4468 1425 4536 ὑπολιπομένῳ,
1472 4470 1561 4519 τὸν
1623 4470 1803 4536 ὅμοιον

1878 2440 1883 2445 ι
1934 2375 1985 2426 in
2042 2376 2294 2430 manibus
2357 2378 2591 2438 cithara.

1938 2010 2173 2078 speciem
2244 2013 2404 2063 unius
2433 2013 2831 2068 coalescentize.
2880 2017 3029 2070 Auro
3101 2030 3278 2074 autem
3332 2024 3498 2081 lllilus

1938 2109 2104 2161 totus,
2140 2102 2228 2168 qui
2261 2103 2588 2155 induebatur
2610 2095 2861 2167 amictus,
2903 2110 3141 2172 nudatis,
3175 2120 3227 2164 et
3257 2129 3364 2165 non
3401 2133 3498 2169 au-

1934 2190 2067 2242 ratis
2108 2193 2352 2259 corporis
2382 2193 2642 2260 partibus,
2674 2197 2997 2251 ostendebat
3026 2203 3336 2271 quamdam,
3376 2225 3497 2276 quae

1931 2282 2036 2334 dici
2090 2298 2194 2335 non
2246 2295 2447 2351 potest,
2491 2286 2976 2354 pulchritudinem.
3013 2291 3187 2348 Stanti
3224 2311 3351 2352 vero
3381 2307 3501 2355 erat

2667 2390 2718 2432 et
2758 2396 2875 2433 eam
2931 2383 3218 2440 videbatur
3258 2392 3494 2458 pulsare.

1930 2467 2110 2519 Corme
2144 2478 2326 2521 autem
2362 2480 2413 2523 et
2468 2471 2603 2523 lauri
2643 2487 2839 2525 corona
2892 2493 3021 2531 auro
3071 2477 3337 2536 ﬁorebanr
3366 2500 3492 2551 per-

1929 2558 2113 2617 misto,
2181 2569 2237 2610 ut
2287 2575 2475 2628 magna
2512 2561 2795 2631 eﬁulgerct
2836 2571 3005 2635 gratia
3073 2576 3489 2639 spectatoribus.

1927 2645 2352 2718 Duoque'magni
2383 2651 2659 2720 hyacinthi
2685 2654 2977 2723 implebant
3011 2661 3059 2713 ei
3093 2661 3314 2730 ﬁguram
3358 2682 3491 2720 ocu-

1926 2738 2123 2802 lorum,
2188 2741 2239 2793 in
2302 2744 2618 2798 memoriam
2668 2745 2953 2816 Hyacinthi
3012 2754 3165 2819 pueri
3207 2755 3485 2827 Amyclazi.

1929 2832 1989 2883 Et
2021 2848 2356 2899 gemmarum
2390 2836 2737 2903 pulchritudo
2789 2850 2843 2894 et
2894 2846 3205 2913 magnitudo
3271 2848 3490 2919 imagini

1926 2921 2218 2974 maximum
2262 2924 2518 2978 aﬁ‘erebat
2560 2938 2832 2988 ornatum,
2869 2932 3004 2984 adeo
3037 2943 3093 2986 ut
3131 2949 3289 3002 quam
3316 2939 3487 3004 pluria

1924 3011 2029 3063 mis
2059 3014 2109 3064 in
2140 3028 2205 3066 eo
2241 3015 2413 3083 decipi
2447 3017 2803 3085 contingeret.
2839 3028 2898 3071 ut
2928 3023 3016 3088 qui
3060 3034 3282 3093 propter
3319 3043 3486 3097 appa-

1923 3103 2096 3155 rentis
2162 3103 2352 3157 forma:
2421 3108 2921 3174 pulchritudinem,
2975 3113 3350 3170 inescarentnr
3421 3121 3484 3175 ad

1922 3209 2046 3247 eum
2090 3195 2449 3251 adorandum.
2505 3198 2656 3261 Quod
2711 3202 2923 3267 quidem
2961 3205 3060 3272 ipsi
3104 3222 3317 3276 quoque
3388 3210 3489 3266 ,ιυ-

1919 3284 2063 3338 liano
2112 3294 2390 3349 evenerat.
2469 3286 2725 3356 Majorem
2771 3304 2917 3346 certe
2967 3297 3013 3347 ci
3070 3297 3271 3349 cultum
3330 3302 3487 3354 exhi-

1915 3377 2095 3439 bebat,
2131 3395 2289 3445 quam
2322 3382 2575 3435 ouinibus
2616 3384 2736 3437 aliis
2769 3384 3112 3454 imaginibus,
3153 3404 3215 3441 ex
3260 3392 3488 3461 singulis

1916 3470 2203 3538 generibiis
2255 3470 2302 3523 ei
2366 3472 2530 3525 millia
2598 3477 2930 3537 sacriﬁcans,
2974 3481 3131 3533 etab
3180 3496 3246 3534 eo
3293 3498 3489 3552 exspe-

1916 3571 2073 3614 ctans
2106 3576 2386 3630 responsa.

1990 3644 2231 3704 XXXIV.
2260 3655 2393 3705 Cum
2434 3664 2611 3707 autem
2640 3669 2830 3711 omnes
2856 3656 3117 3729 imagines
3157 3664 3484 3730 profundum

1916 3753 2123 3797 teneret
2154 3745 2458 3810 silentium,
2492 3749 2804 3803 existimans
2844 3767 2980 3818 opus
3015 3768 3134 3806 esse
3174 3760 3479 3827 praestigiis,

1913 3850 2047 3902 quas
2069 3835 2237 3888 Graeci
2267 3848 2461 3889 vocant
2478 3838 2827 3907 hiernrgiam,
2847 3845 3108 3895 necersito
3127 3847 3483 3914 quodamﬁn-

1913 3924 2085 3986 sebio,
2112 3940 2269 3994 quem
2297 3926 2346 3977 in
2368 3928 2617 3995 gentibus
2647 3928 2785 3981 fama
2819 3942 2933 3983 erat
2960 3932 3058 3984 hac
3087 3934 3137 3985 in
3171 3951 3226 3987 re
3254 3940 3479 3992 multum

1916 4033 2096 4085 posse,
2140 4018 2187 4069 ei
2222 4019 2384 4084 jussit
2413 4028 2467 4070 ut
2495 4033 2655 4085 quam
2685 4021 2915 4073 maxime
2956 4022 3251 4089 spirantem
3284 4035 3337 4077 et
3364 4026 3477 4078 el'ﬁ‘

1910 4124 2094 4162 eacein
2184 4110 2430 4162 redderet
2481 4110 2804 4178 imaginem,
2860 4113 2993 4164 nulli
3042 4114 3117 4167 rei
3182 4118 3474 4183 parcendo,

1908 4215 2010 4269 qua
2064 4199 2127 4252 ad
2170 4199 2273 4252 hoc
2300 4214 2435 4267 opus
2477 4215 2598 4252 esse
2625 4212 2894 4254 censeret.
2944 4202 3079 4256 Cum
3125 4215 3306 4259 autem
3344 4209 3477 4260 nihil

1910 4310 2017 4347 non
2055 4293 2557 4347 essetmaehinatus
2579 4332 2592 4355 ,
2626 4301 2678 4347 et
2702 4294 2836 4347 nihil
2872 4297 3302 4363 praetermisisset
3332 4301 3475 4367 quod

1909 4384 2015 4436 sibi
2048 4384 2099 4435 in
2134 4377 2680 4445 meutem'venisset,
2737 4383 2829 4437 ille
2859 4394 3036 4437 tamen
3074 4388 3260 4439 eodem
3316 4390 3477 4443 modo

1910 4478 2187 4541 tacuisset,
2236 4492 2410 4544 neque
2435 4479 2601 4545 magis
2635 4493 2795 4544 quam
2828 4488 2983 4529 antea
3019 4479 3350 4546 loqueretur,
3384 4481 3479 4535 hic

239 4566 606 4633 ἑσεσιωπῄκει
644 4564 736 4615 καὶ
775 4564 914 4612 κατά
938 4561 1100 4628 φύσιν
1140 4560 1359 4626 τρόπον,
1386 4560 1538 4611 οὐδέν
1572 4578 1623 4611 τι
1661 4562 1796 4627 μᾶλ-
1837 4561 1876 4611 D

1837 4561 1876 4611 ῐ)
1904 4574 2012 4641 jam
2068 4580 2285 4640 rogatus
2316 4588 2342 4622 a
2373 4568 2607 4634 Iuliano,
2636 4586 2735 4625 cur
2771 4570 3003 4624 maxime
3048 4581 3271 4638 taceret,
3312 4575 3472 4643 idque

238 4658 331 4711 λον
366 4657 397 4727 ἢ
436 4659 527 4706 καὶ
564 4654 797 4723 πρόσθεν
830 4652 1220 4720 φθεγγόμενος,
1245 4650 1479 4701 ἐνταῦθα
1525 4652 1624 4720 ἢδη
1668 4655 1801 4719 πρὸς

236 4749 333 4801 τοῦ
390 4746 679 4799 Ἰουλιανοῦ
743 4745 1115 4816 ἐρωτώμενος,
1171 4743 1263 4795 καὶ
1309 4742 1497 4795 καθότι
1566 4743 1803 4810 μάλιστα

239 4840 483 4902 σιωπῶν,
520 4836 624 4889 ’καὶ
670 4837 842 4890 ταῦτα
873 4834 1090 4888 πάντων
1136 4832 1492 4886 τελεσθέντων
1522 4837 1609 4886 ἐπ’
1655 4835 1802 4903 αὐτῴ

235 4934 345 4987 τῶν
376 4929 875 5001 νομιζομένων,τὺν
904 4927 1150 4979 Βαϐύλαν
1180 4926 1281 4995 ἔφη
1320 4927 1417 4995 τῆς
1450 4927 1660 4996 σιωπῆς
1686 4927 1802 4978 τού-

235 5042 330 5077 του
350 5044 406 5077 τε
438 5027 527 5076 καὶ
552 5020 659 5074 τῶν
689 5020 888 5072 λοιπῶν
917 5021 1245 5089 ἀγαλμάτων
1292 5017 1610 5072 αἰτιώτατον
1637 5016 1796 5083 εἶναι,

232 5117 397 5171 αὑτοῦ
421 5118 477 5169 ὲν
504 5119 567 5185 τῇ
590 5116 774 5186 Δάφνῃ
797 5116 1071 5182 κειμένου,
1091 5112 1161 5173 ὡς
1190 5113 1299 5164 τῶν
1329 5112 1464 5164 θεῶν
1491 5112 1579 5161 τὸν
1610 5112 1799 5181 νεκρὸν

234 5210 399 5264 αὑτοῦ
431 5208 887 5278 βδελυττομένων,
908 5210 998 5256 καὶ
1022 5207 1108 5257 διὰ
1134 5204 1291 5256 τοῦτο
1332 5207 1442 5265 τοῖς
1478 5203 1622 5255 ἔθεσι
1654 5205 1801 5270 σφῶν

234 5305 520 5373 ὲπιφοιτᾷν
570 5303 669 5354 οὐκ
729 5299 1088 5371 ἀνεχομένωνι
1137 5301 1210 5353 Οὐ
1240 5300 1345 5369 γὰρ
1392 5298 1651 5364 ἠϐούλετο
1702 5315 1800 5369 την

235 5394 607 5468 ἀληθεστάτην
648 5395 826 5447 αἰτίαν
855 5395 1048 5457 εἰπεῖν,
1105 5395 1132 5443 ὁ
1183 5394 1497 5445 παντάπασί
1531 5408 1590 5457 γε
1625 5389 1794 5459 αὐτῆς

232 5488 627 5558 ἁνεπαίσθητος
659 5486 918 5553 γεγονὼς,
946 5487 1027 5538 ὃτι
1054 5483 1116 5552 δὴ
1152 5484 1416 5553 κρείττων
1470 5484 1698 5551 δύναμις
1726 5481 1794 5553 ἦν

1910 4680 2031 4715 cum
2073 4664 2209 4716 facta
2247 4670 2432 4715 essent
2459 4662 2639 4715 omnia
2664 4702 2677 4723 ,
2708 4678 2827 4730 qua:
2863 4662 2929 4715 de
2964 4678 3111 4715 more
3140 4664 3292 4725 ﬁunt,
3318 4667 3471 4726 dixit.

1912 4754 2162 4823 Babylam
2212 4767 2334 4808 esse
2385 4754 2708 4820 praecipuam
2753 4766 2969 4805 causam
2997 4751 3195 4806 silentii
3232 4763 3339 4807 tam
3376 4756 3475 4807 hu-

1902 4849 2015 4916 jus,
2059 4860 2217 4913 quam
2249 4844 2576 4912 reliquarum
2612 4843 2931 4912 imaginum,
2974 4859 3096 4897 cum
3141 4844 3186 4897 is
3226 4846 3363 4899 situs
3387 4862 3473 4897 es-

1908 4944 1990 4986 set
2016 4933 2066 4984 in
2098 4933 2320 4998 Daphne
2350 4940 2531 4998 utpote
2556 4934 2696 4999 quod
2721 4933 2792 4985 dii
2816 4934 2933 5001 ejus
2951 4935 3182 4987 cadaver
3207 4936 3471 4988 abhorre-

1906 5036 2046 5087 rent,
2070 5035 2122 5078 et
2162 5023 2284 5078 ideo
2309 5040 2579 5081 moresno
2613 5026 2798 5078 venire
2840 5041 2944 5077 non
2982 5027 3337 5078 sustinerent.
3360 5026 3472 5077 No-

1907 5119 2054 5171 lebat
2089 5119 2229 5170 enim
2255 5118 2303 5168 ei
2328 5132 2543 5168 causam
2566 5116 2747 5169 dicere
2772 5115 3138 5179 verissimam,
3162 5117 3303 5183 quod
3327 5117 3470 5170 scili-

1905 5218 1991 5265 cet
2019 5216 2135 5264 erat
2166 5217 2354 5276 aperte
2376 5205 2549 5273 major
2572 5207 2767 5272 virtus,
2795 5223 2913 5276 qua:
2938 5208 3250 5277 alligaverat
3274 5208 3471 5267 daemo-

1906 5320 2034 5358 num
2066 5299 2447 5369 operationes:
2480 5300 2712 5351 maxime
2744 5315 2865 5353 eum
2894 5300 3125 5361 daemon,
3156 5299 3247 5364 qui
3275 5300 3469 5367 agebat

1908 5394 2232 5463 Apollinem,
2286 5391 2333 5444 ei
2371 5398 2559 5459 aperte
2599 5389 2989 5459 respondisset,
3033 5397 3091 5441 ut
3150 5387 3368 5450 dicitur,
3410 5406 3471 5443 se

1903 5500 2011 5540 non
2038 5498 2197 5553 posse
2222 5483 2364 5551 loqui
2394 5490 2614 5551 propter
2636 5480 2907 5552 Babyloni.

234 5586 496 5651 σαφῶς,ὴ
532 5582 628 5643 τὰς
653 5580 760 5632 τῶν
793 5578 1062 5647 δαιμόνων
1082 5576 1357 5647 ἐνεργείας
1421 5578 1793 5650 πεδησαμένη,
1855 5582 2025 5639 ἄλλως
2055 5593 2111 5627 τε
2154 5577 2245 5628 καὶ
2274 5574 2364 5627 τοῦ
2399 5573 2647 5640 δαίμονος
2704 5574 2981 5678 αὑτῴητου
3011 5573 3101 5623 τὸν
3143 5572 3472 5623 Ἀπόλλωνα·

234 5681 671 5750 ὑποκριναμένου
703 5675 889 5743 σαφῶς
927 5673 1246 5745 διαρρήδην,
1280 5672 1352 5734 ὡς
1382 5671 1619 5737 λέγεται,
1668 5675 1971 5744 ειρηκότος,
2005 5670 2077 5739 μὴ
2107 5668 2364 5721 δύνασθαι
2403 5664 2580 5719 λαλεῖν
2614 5665 2703 5717 διὰ
2732 5663 2996 5717 Βαϐὑλαν.

303 5775 425 5827 Λεν.
461 5778 518 5828 Ὀ
550 5778 656 5844 γὰρ
681 5774 744 5843 δὴ
774 5770 1021 5832 Βαδύλας
1050 5764 1203 5832 οὗτος
1255 5770 1467 5836 λέγεται
1492 5767 1788 5830 ἐπίσκοπος

235 5871 330 5933 μὲν
359 5868 609 5932 γενέσθαι
632 5868 722 5932 τῆς
763 5864 1113 5930 Ἀντιοχείας·
1142 5862 1497 5930 Νουμεριανῷ
1513 5860 1566 5913 δὲ
1604 5860 1676 5927 τῷ
1704 5861 1797 5926 βα-

1961 5762 2177 5819 XXXV.
2201 5764 2296 5816 Hic
2314 5762 2453 5814 enim
2476 5760 2698 5829 Babylas
2714 5758 2912 5811 dicitur
2927 5756 3141 5826 quidem
3160 5753 3326 5808 fuisse
3358 5755 3469 5821 epi-

1906 5873 2104 5925 scopus
2128 5855 2445 5920 Antiochiae,
2466 5850 2853 5908 Numerianum
2872 5860 3048 5903 autem
3071 5847 3470 5915 imperatorem.
