4216 6432
262 400 394 464 1905

1406 403 1874 463 MARTYRIUM
1923 406 1991 465 S.
2028 406 2376 466 ARTEMII.

3377 412 3508 473 1906

255 517 415 580 θεῶν,
447 517 834 586 ἀφρονέστατε,
870 518 1230 587 σεμνύνεσθαι
1260 519 1315 570 δὲ
1361 521 1454 571 καὶ
1488 520 1700 588 χαίρειν
1749 519 1832 584 ἐφ’

1941 531 2154 573 tuorum
2204 521 2451 584 deorum,
2493 536 2524 574 0
2571 521 2889 574 stultissime
2926 540 2937 574 :
2987 521 3198 589 gloriari
3232 528 3411 575 autem
3457 537 3508 576 et

252 605 336 671 οἷς
368 612 395 662 6
423 609 553 671 Θεός
583 627 682 678 μου
714 610 832 661 καθ’
868 611 1102 680 ἑκάστην
1135 611 1564 680 θαυματουργεῖ,
1599 613 1818 682 ἐκδίκη-

258 717 343 752 σιν
369 700 424 751 δὲ
452 699 559 752 τῶν
584 700 730 768 παρά
772 699 883 753 σοῦ,
909 717 996 768 μοι
1022 702 1372 768 ἐπαγομένων
1413 705 1530 755 ἐκεῖ
1572 703 1816 772 δέξομαι,

251 793 451 842 όπόταν
488 791 546 842 τὸ
595 793 702 861 πῦρ
733 792 905 844 ἐκεῖνό
935 810 991 844 σε
1020 793 1326 864 καταλάϐῃ,
1375 796 1468 846 καὶ
1506 797 1538 864 ἡ
1589 795 1822 848 διαιωνί-

253 886 420 946 ζουσα
438 885 675 946 κόλασις.
698 884 990 936 Κάνταῦθα
1016 886 1072 937 δὲ
1108 887 1167 937 οὐ
1189 888 1322 938 πολὺ
1343 888 1400 938 τὸ
1426 889 1611 955 μέσον,
1646 889 1735 939 καὶ
1759 889 1820 940 τὸ

257 977 409 1044 «Man
423 977 647 1041 μόσυνόν
669 994 758 1028 σου
781 978 1058 1029 ἀπολεῖται
1081 981 1196 1046 μετ’
1217 980 1368 1048 ἦχον.
1405 998 1421 1028 ι
1473 982 1579 1032 Καὶ
1600 983 1626 1032 6
1644 999 1819 1050 παρα-

255 1067 423 1134 εοὶτης
446 1083 460 1097 ·
495 1069 558 1119 ΕΞ
586 1067 677 1118 οὖν
720 1068 810 1118 ἐπὶ
839 1066 1052 1127 τούτοις
1083 1069 1313 1136 ἀγάλλῃ,
1358 1069 1677 1136 προσθήκην
1713 1072 1821 1134 ἐγώ

256 1175 338 1209 σοι
368 1160 516 1227 θήσω
560 1159 658 1222 τῆς
684 1157 894 1225 ἡδονῆς,
955 1159 1116 1210 Ἀλλὰ
1146 1160 1394 1226 φείδομαί
1415 1177 1506 1211 σου
1536 1161 1820 1212 διὀξκείαν

253 1251 615 1320 χρηστότητα,
631 1251 724 1302 καὶ
740 1250 998 1318 βούλομαί
1016 1269 1072 1302 σε
1085 1253 1182 1319 τῆς
1203 1255 1404 1314 οἰκείας
1415 1254 1596 1314 ἀνοίας
1619 1254 1821 1306 παυσά-

257 1361 437 1410 μενον,
459 1343 692 1410 σώφρονι
717 1342 963 1411 λογισμῷ
984 1344 1316 1412 χρήσασθαι,
1340 1347 1433 1396 καὶ
1453 1345 1820 1414 προσελθόντα

253 1435 414 1486 θῦσαι
453 1437 564 1495 τοῖς
593 1435 877 1496 ἀθανάτοις
909 1436 1068 1495 θεοῖς.
1107 1437 1212 1486 Καὶ
1257 1435 1526 1503 ἀξιώματι
1571 1437 1678 1507 γάρ
1727 1453 1820 1504 με·

252 1528 426 1595 γίστῳ
456 1527 772 1595 τετίμησαι,
797 1528 889 1579 καὶ
917 1526 1141 1587 πλοῦτος
1173 1527 1351 1589 ἱκανὸς
1381 1528 1586 1581 ἄνωθέν
1626 1546 1704 1579 σοι
1729 1530 1822 1580 καὶ

252 1621 320 1671 ἐκ
354 1620 636 1687 προγόνων
668 1619 1091 1686 συνήθροισται,
1136 1618 1226 1668 καὶ
1276 1620 1483 1679 πολλοῖς
1511 1636 1570 1670 σε
1603 1619 1818 1670 πλέονες

254 1714 530 1778 κτήμασιν
553 1713 752 1778 άρετῆς
784 1709 1093 1776 ἐκόσμησαν
1114 1709 1160 1758 οἱ
1186 1707 1318 1769 θεοὶ,
1343 1709 1443 1760 κᾶν
1461 1709 1616 1771 αὐτὸς
1635 1708 1822 1776 ὤφθης

258 1804 384 1870 περὶ
412 1802 537 1863 τοὺς
576 1802 1014 1868 εὐηργετηκότας
1044 1800 1360 1869 ἀχάριστος.
1387 1801 1494 1852 K11
1525 1803 1550 1852 6
1577 1803 1781 1871 μάρτυς
1805 1819 1817 1831 ·

255 1893 321 1946 Τί
358 1893 552 1961 μαίνῃ,
590 1892 1022 1961 παρανομώτατε
1046 1933 1058 1956 ,
1123 1893 1214 1943 καὶ
1249 1892 1450 1962 ἀσχολῇ
1505 1894 1597 1944 ἐπὶ
1651 1894 1820 1945 τοῖσδε

253 1988 365 2047 τοῖς
397 1985 702 2054 ἀνονήτοις,
751 1985 918 2047 ὲάσας
949 2001 1005 2036 τε
1033 1984 1130 2046 τὰς
1168 1983 1828 2056 βαρὸαρικὰςέπαναστά-

257 2094 390 2141 σεις,
430 2077 522 2128 καὶ
575 2078 663 2128 τὸν
694 2078 960 2147 Περσικὸν
994 2078 1398 2146 ἀναϐαλόμενος
1447 2079 1701 2147 πόλεμον,
1759 2080 1825 2131 δι’

252 2171 314 2220 ὃν
346 2170 444 2236 τὴν
484 2170 812 2236 οἰκουμένην
859 2172 1041 2220 πᾶσαν
1086 2171 1402 2232 ἐσάλευσας,
1451 2173 1529 2234 εἰς
1581 2173 1680 2238 ἐμὲ
1737 2172 1849 2223 τὸν

253 2260 348 2314 τοῦ
380 2260 514 2314 Θεοῦ
572 2261 754 2313 δοῦλον
789 2263 885 2329 τὴν
921 2263 1048 2329 ὅλην
1104 2265 1256 2328 ἄγεις
1314 2266 1549 2334 σχολήνς
1589 2267 1688 2318 "Ov
1738 2262 1830 2319 οὖν

256 2357 435 2424 βούλει
469 2357 589 2409 καθ’
626 2358 776 2424 ἡμῶν
807 2358 1032 2408 θάνατον
1064 2361 1363 2424 ἀποφαίνοι.)
1389 2378 1400 2389 ·
1431 2362 1539 2426 ἐγὼ
1571 2363 1675 2429 γὰρ
1707 2362 1829 2414 οὔτε

253 2453 365 2510 τοῖς
394 2449 532 2509 θεοῖς
570 2466 663 2499 σου
699 2451 969 2518 λατρεύω,
1007 2447 1130 2499 οὗτε
1164 2453 1269 2510 τοῖς
1303 2454 1688 2518 προστάγμασι
1720 2457 1830 2515 τοῖς

264 2543 378 2601 σοῖς
405 2541 684 2609 πείθομαι.

341 2631 477 2685 MA'.
520 2635 703 2687 Ταῦτα
753 2636 780 2687 6
832 2637 1153 2705 παραϐάτης
1208 2637 1467 2699 ἀκούσας,
1520 2639 1613 2689 καὶ
1659 2636 1832 2705 θυμοῦ

259 2724 526 2792 πλησθεῖς
619 2725 717 2794 τὴν
785 2729 1029 2795 καρδίαν,
1100 2731 1368 2798 λατίμους
1452 2731 1834 2797 μετακαλεῖται

255 2819 349 2870 καὶ
375 2816 666 2881 λιθοξὸους,
698 2820 818 2881 καὶ,
869 2819 1083 2887 Ὁρᾶτε,
1116 2822 1238 2888 ἔφη,
1279 2823 1435 2888 τήνδε
1473 2823 1570 2891 τὴν
1597 2825 1832 2892 πέτραν;

257 2907 435 2972 δείξας
462 2909 736 2978 ἀπότομόν
759 2927 879 2962 τινα
907 2913 1190 2962 κατέναντι
1216 2911 1308 2962 τοῦ
1336 2912 1560 2979 θεάτρου
1591 2930 1602 2946 ’
1631 2915 1834 2980 ταύτην

255 3000 380 3068 ὀιχῆ
414 3001 697 3065 διελόντες,
739 3003 835 3054 καὶ
870 3003 1100 3073 Θάτερον
1154 3005 1317 3074 μέρος
1369 3006 1446 3066 εἰς
1484 3005 1588 3072 γῆν
1644 3005 1836 3058 ὕπτιον

265 3092 504 3160 θέμενοι,
532 3096 736 3147 ἄνωθέν
765 3113 820 3148 τε
858 3097 1016 3148 αὑτὸν
1051 3097 1500 3166 ὑφαττλώσαντες,
1543 3099 1618 3168 τῷ
1669 3101 1839 3168 ἑτέρῳ

1923 608 2095 671 laetari
2131 622 2354 682 propter
2385 612 2665 674 miracula,
2697 627 2815 681 quae
2842 611 2984 664 Deus
3022 627 3173 665 meus
3206 612 3329 664 facit
3369 629 3507 685 quo-

1932 709 2080 762 tidie.
2121 708 2388 763 Ultionem
2429 718 2557 758 vero
2590 718 2804 763 eorum,
2837 717 2956 770 qua:
2993 716 3020 754 a
3067 713 3118 754 te
3151 701 3281 754 mihi
3329 703 3508 754 inten-

1927 811 2129 863 tantur,
2162 799 2270 852 illic
2298 797 2587 865 accipiam,
2621 795 2841 863 quando
2880 804 2929 848 te
2963 794 3099 863 ignis
3130 794 3219 846 ille
3261 809 3506 861 compre-4

1927 892 2175 945 henderit
2228 900 2283 944 et
2318 898 2581 942 aeternum
2619 887 2969 955 supplicium.
3003 885 3168 938 Porro
3197 894 3378 938 autem
3417 887 3503 937 hic

1923 997 2162 1051 quoque,
2199 997 2307 1033 non
2347 980 2518 1033 multo
2551 979 2846 1044 interjecto
2888 987 3152 1044 tempore,
3191 995 3207 1024 ι
3249 975 3502 1031 Memoria

1923 1082 2011 1130 tua
2030 1073 2228 1141 peribit
2247 1087 2366 1125 cum
2387 1071 2566 1124 sonitu
2587 1071 2648 1120 ³ο.
2679 1089 2694 1120 ι
2713 1068 3051 1136 Ftrdilragus
3071 1083 3200 1120 vero
3219 1066 3498 1119 Julianus:

1920 1165 2053 1219 Cum
2089 1166 2304 1218 videam
2343 1173 2392 1216 te
2425 1161 2704 1230 suppliciis
2740 1159 3019 1219 delectari,
3057 1174 3156 1226 ego
3191 1158 3282 1209 tibi
3320 1172 3503 1211 acces-

1923 1259 2132 1312 sionem
2173 1257 2394 1309 aﬁ‘eram
2432 1254 2745 1322 voluptatis.
2786 1251 2890 1305 Sed
2939 1251 3034 1304 libi
3085 1266 3248 1318 parco
3280 1259 3495 1318 propter

1925 1365 2097 1400 meam
2127 1347 2538 1417 benignitatem,
2574 1357 2627 1399 et
2658 1345 2778 1398 volo
2812 1354 2881 1406 te,
2912 1343 3132 1397 dimissa
3173 1343 3496 1414 ignorantia,

1926 1439 2152 1509 sapienti
2189 1439 2262 1490 uti
2309 1417 2760 1498 ratiocinatione,
2806 1445 2859 1488 et
2910 1435 3254 1488 accedentem
3297 1434 3506 1488 sacrillv

1925 1549 2049 1586 care
2089 1533 2194 1585 diis
2243 1529 2661 1582 immortalibus.
2712 1528 2844 1580 Nam
2882 1538 2932 1580 et
2980 1529 3212 1580 maxima
3243 1528 3503 1596 dignitate

1925 1641 1984 1678 es
2017 1633 2266 1686 ornatus,
2292 1631 2345 1676 et
2378 1621 2509 1674 satis
2541 1636 2746 1690 magnae
2782 1621 2984 1673 divitiae
3011 1638 3036 1671 a
3075 1622 3182 1673 tuis
3209 1620 3506 1686 majoribus

1927 1719 2021 1770 tibi
2051 1727 2179 1770 sunt
2225 1723 2587 1785 congregatae,
2623 1723 2674 1765 et
2712 1711 2898 1766 multis
2931 1713 3145 1764 virtutis
3193 1713 3410 1764 dotibus
3455 1720 3508 1764 te

1930 1811 1998 1864 dii
2034 1811 2416 1871 honestarunt,
2454 1806 2666 1859 etiamsi
2707 1813 3032 1873 conspectus
3067 1804 3142 1857 sis
3175 1803 3422 1873 ingratus
3450 1803 3506 1855 in

1929 1918 2043 1966 eos,
2088 1902 2177 1970 qui
2231 1912 2281 1954 te
2329 1901 2630 1953 affecerunt
2679 1898 2966 1952 benelieio.
3023 1896 3219 1967 Martyr
3259 1905 3438 1949 autem
3492 1914 3507 1949 :

1929 1995 2066 2059 Quid
2099 1995 2324 2058 insanis,
2365 1988 2560 2060 inquit,
2603 2009 2634 2044 0
2681 1991 3043 2059 iniquissime,
3113 2000 3165 2043 et
3200 1989 3510 2042 immoraris

1930 2085 1980 2135 in
2012 2084 2113 2142 his.
2147 2097 2265 2150 qua?
2301 2083 2432 2134 nihil
2461 2080 2794 2148 proliciunt?
2821 2081 3040 2131 mittens
3076 2089 3258 2130 autem
3297 2077 3509 2146 aggredi

1931 2175 2220 2237 Barbaros,
2291 2184 2345 2227 et
2392 2174 2594 2227 bellum
2639 2172 2896 2226 differens
2943 2171 3240 2234 Persicum,
3287 2178 3510 2238 prepter

1932 2267 2073 2335 quod
2119 2266 2434 2319 universum
2487 2264 2668 2317 orbem
2705 2273 2864 2316 terra:
2905 2260 3286 2324 commovisti,
3330 2259 3382 2311 in
3426 2274 3511 2311 me

1939 2361 2026 2412 Dei
2078 2374 2294 2413 servum
2343 2366 2513 2411 totum
2561 2357 2841 2410 consumis
2884 2357 3076 2432 otium.
3118 2354 3513 2421 Quamcunque

1934 2466 2062 2519 ergo
2087 2451 2166 2502 vis
2199 2458 2427 2502 mortem
2465 2451 2517 2502 in
2552 2464 2651 2501 nos
2681 2447 2995 2515 pronuntia.
3025 2446 3132 2511 Ego
3157 2447 3300 2498 enim
3336 2458 3510 2512 neque

1933 2543 2063 2595 deos
2101 2551 2220 2594 tuos
2242 2541 2437 2601 colam,
2471 2553 2650 2606 neque
2675 2537 2782 2592 tuis
2808 2538 2973 2603 jussis
3005 2536 3227 2604 parebo.

2007 2634 2142 2694 XLI.
2192 2633 2315 2686 Haec
2351 2648 2473 2686 cum
2509 2632 2774 2684 audiisset
2815 2629 3085 2690 Julianus,
3122 2641 3176 2684 et
3207 2636 3355 2683 esset
3393 2628 3514 2680 ani-

1940 2742 2058 2780 mus
2079 2727 2194 2796 ejus
2222 2727 2298 2779 ira
2326 2722 2582 2795 repletus,
2603 2725 2834 2778 accersit
2855 2724 3136 2790 lapicidas.
3168 2732 3216 2773 et
3241 2738 3256 2775 :
3283 2719 3509 2782 Videtis,

1941 2821 2132 2889 inquit,
2171 2822 2310 2873 hane
2343 2818 2592 2887 petram?
2624 2818 2944 2878 (ostendens
2978 2813 3264 2884 quamdam
3308 2827 3511 2883 preru-

1942 2923 2086 2979 ptam
2125 2928 2184 2965 ex
2219 2912 2444 2965 adverso
2479 2910 2720 2976 theatri).
2756 2907 2883 2961 Eam
2913 2908 2964 2960 in
3001 2907 3135 2961 duas
3167 2917 3345 2976 partes
3371 2901 3512 2959 divi-

1941 3003 2051 3055 dite
2100 3021 2113 3053 :
2155 3014 2208 3055 et
2245 3017 2366 3055 cum
2406 3005 2628 3056 alteram
2674 3012 2879 3072 partem
2921 3003 3169 3071 supinam
3215 3001 3264 3052 in
3314 3011 3510 3053 terram

1944 3095 2274 3164 dejeeeritis,
2317 3102 2371 3147 et
2423 3109 2540 3147 eam
2593 3097 2827 3162 desuper
2872 3095 3018 3148 hunc
3073 3093 3374 3146 maleﬁcum
3427 3107 3514 3145 ex-

260 3183 416 3252 μέρει
451 3186 569 3253 μεθ’
594 3186 771 3254 ὁρμῆς
806 3189 1210 3254 συγκαλύψατε,
1245 3186 1482 3250 ἵν’ώτος
1516 3193 1677 3259 μέσος
1709 3194 1841 3244 ἁπο-

1949 3185 2248 3248 tenderitis,
2298 3185 2463 3238 altera
2501 3192 2651 3253 parte
2681 3200 2804 3237 cum
2848 3187 3052 3253 impetu
3101 3186 3277 3253 ipsum
3318 3199 3509 3252 coopeo

257 3273 508 3341 ληφθεὶς,
547 3278 760 3345 σάρκας
791 3294 848 3328 τε
878 3279 968 3329 καί
991 3280 1123 3330 ὀστᾶ
1151 3278 1498 3346 διαςθαρείη,
1526 3284 1618 3331 καὶ
1652 3282 1831 3349 ἔργοις

259 3365 443 3426 αὐτοῖς
482 3366 642 3432 μάθοι
685 3368 793 3418 τίνι
840 3384 900 3420 τε
933 3369 1274 3431 ἀνθίσταται,
1315 3371 1406 3422 καὶ
1438 3371 1532 3439 τῆς
1565 3371 1656 3424 τοῦ
1699 3374 1832 3425 Θεοῦ

260 3457 431 3508 αὐτοῦ
471 3457 723 3527 βοηθείας
757 3461 1191 3528 παραπολαὺσοι.
1222 3463 1328 3515 Τοῦ
1355 3464 1518 3534 ἔργου
1550 3466 1602 3518 δὲ
1637 3467 1831 3519 θᾶττον

267 3548 360 3600 τοῦ
395 3549 553 3616 λόγου
599 3554 1016 3619 περαιωθέντος,
1048 3557 1139 3607 καὶ
1167 3556 1261 3607 τοῦ
1286 3557 1443 3622 ἁγίου
1479 3558 1588 3611 τῶν
1618 3560 1835 3628 πετρῶν

264 3640 433 3704 μέσον
470 3641 904 3707 ἀποληφθέντος,
960 3645 1199 3714 τοσαύτη
1253 3664 1336 3708 τις
1388 3644 1455 3716 ἦν
1496 3650 1526 3714 ἡ
1577 3650 1836 3711 πιέζουσα

261 3731 455 3782 τοῦτον
489 3732 600 3798 βία,
628 3732 770 3784 ὥστε
800 3735 908 3788 τῶν
937 3737 1111 3790 ὀστῶν
1139 3740 1304 3791 αὑτοῦ
1323 3741 1833 3809 καταθραυομένων,

260 3821 394 3892 ἦχόν
445 3841 564 3875 τινα
618 3827 709 3878 καὶ
753 3830 947 3896 κρότον
1005 3833 1117 3891 τοῖς
1183 3833 1396 3891 πολλοῖς
1456 3833 1833 3899 ἐξακούεσθαι,

263 3919 354 3967 καὶ
388 3916 494 3985 γὰρ
528 3920 704 3971 πάντα
737 3924 799 3971 τὰ
827 3923 977 3982 ἐντος
1022 3922 1189 3973 αὑτοῦ
1221 3922 1510 3995 διερράγη,
1538 3928 1569 3996 ἡ
1601 3929 1836 3997 ἁρμονία

261 4026 320 4058 τε
361 4011 510 4062 πᾶσα
543 4012 648 4064 τῶν
683 4012 854 4063 ὀστῶν
911 4016 1288 4082 σιέντέτριπτο,
1327 4021 1380 4070 αἱ
1421 4020 1577 4086 κόραι
1619 4038 1676 4072 τε
1729 4022 1837 4072 τῶν

261 4101 562 4170 ὀφθαλμῶν
608 4105 704 4172 τῆς
750 4105 883 4167 ἰδίας
947 4109 1402 4177 ὲκπεπηδήκεσαν
1454 4111 1633 4177 ἕδρας.
1681 4112 1837 4165 Ἀλλὰ

265 4197 357 4244 καὶ
384 4195 556 4255 οὕτως
591 4196 725 4261 ἔχων
761 4198 1027 4263 ἀνάγκης,
1074 4201 1170 4265 τῆς
1207 4201 1344 4264 πρὸς
1384 4199 1513 4250 Θεὸν
1541 4201 1680 4268 ὠδῆς
1741 4204 1838 4256 οὐκ

261 4286 684 4355 ἡμέλει,”Ε’ζναλε
700 4289 824 4357 γὰρ.
843 4288 928 4339 Ἐν
949 4289 1138 4358 πέτρᾳ,
1157 4290 1347 4356 λέγων,
1370 4290 1587 4360 ὕψωσάς
1608 4311 1690 4361 με,
1709 4293 1850 4364 ebrii]?

261 4376 436 4444 γησάς
479 4395 565 4447 με,
596 4381 675 4429 ὅτι
714 4379 1002 4448 ἐγεννήθης
1024 4380 1285 4449 ὲλπίςμου
1308 4382 1509 4450 πύργος
1532 4384 1709 4451 Ecl-.30;
1739 4387 1842 4435 απὸ

265 4468 557 4538 προσώπου
585 4471 800 4539 ἐχθροῦ.
840 4473 1112 4540 Ἔστησας
1143 4475 1235 4524 ἐπὶ
1267 4477 1470 4541 πέτραν
1510 4478 1636 4537 τοὺς
1674 4477 1835 4539 πόδας

267 4579 368 4630 μου
387 4564 474 4613 καὶ
498 4565 829 4626 κατεὺθυνας
853 4566 1241 4632 metuemus
1259 4584 1382 4633 μου.
1421 4569 1578 4631 Δέξαι
1601 4568 1716 4634 οὖν,
1744 4575 1838 4621 παῖ

263 4654 396 4706 θεοῦ
432 4658 734 4721 μονογεηιὲς.
778 4658 835 4706 τὸ
866 4658 1079 4725 πνεῦμά
1115 4677 1234 4727 μου,
1273 4660 1367 4711 καὶ
1411 4662 1482 4730 μὴ
1513 4663 1833 4734 συγκλείσῃς

278 4764 344 4815 με
399 4749 476 4808 εἰς
515 4750 700 4815 χεῖρας
758 4750 988 4818 ἐχθρῶν.
1043 4751 1227 4812 Οὕτως
1272 4751 1362 4803 οὖν
1412 4755 1468 4805 ἐν
1524 4755 1672 4824 μέσῳ
1728 4756 1832 4806 τῶν

265 4839 481 4906 πετρῶν
514 4840 726 4908 ἡμέραν
766 4843 892 4911 ὃλην
930 4845 1019 4894 καὶ
1055 4844 1224 4896 vii/.11
1256 4844 1354 4895 τοῦ
1394 4845 1668 4913 μάρτυρος
1712 4847 1829 4896 δια-

269 4934 575 5000 μείναντος,
609 4933 895 4985 ἐκέλευσεν
924 4939 950 4988 6
974 4939 1289 5006 παράνομος
1315 4939 1703 5007 διαζευχθῆναι
1737 4941 1835 4999 τὰς

267 5026 497 5093 πέτρας,
531 5028 716 5078 τέλεον
747 5027 1069 5096 διεφθάρθαι
1103 5030 1294 5081 τοῦτον
1334 5032 1428 5080 καὶ
1468 5033 1590 5099 μηδ’
1632 5034 1711 5083 ὅτι
1745 5028 1835 5082 οὖν

269 5113 427 5181 αὐτῷ
507 5116 814 5183 πνεύματος
881 5118 1044 5183 μέρος
1098 5118 1517 5183 καταλελεῖφθαι
1562 5123 1684 5171 ὅσον
1731 5121 1838 5171 ἀπὸ

267 5205 359 5256 τοῦ
391 5202 582 5256 πολλοῦ
622 5208 828 5257 ἐκείνου
860 5205 1054 5274 βάρους
1087 5211 1354 5275 οἰόμενος.
1403 5209 1460 5260 Ὀ
1491 5211 1547 5260 δὲ
1599 5212 1704 5260 τῶν
1738 5229 1836 5261 περ

271 5299 414 5365 τρὼν
482 5297 861 5362 διαιρεθεισῶν
914 5299 1059 5367 ἐξῄει
1113 5300 1343 5366 βαδίζων
1394 5303 1485 5352 καὶ
1528 5304 1638 5362 τοῖς
1691 5302 1840 5364 ἰδίοις

280 5391 399 5439 ποσὶ
460 5389 763 5458 χρώμενος,
828 5392 1012 5459 θαῦμα
1076 5392 1241 5452 ὄντως
1293 5393 1458 5460 όρώσι
1518 5395 1696 5462 μόνοις
1743 5396 1841 5445 οὐκ

271 5481 695 5550 ἀπιστούμενον.
736 5485 1069 5553 Ἄνθρωπος.
1097 5485 1323 5551 γυμνὸς.
1366 5485 1490 5547 τοὺς
1529 5486 1839 5555 ὀφθαλμοὺς

271 5570 410 5636 ἔχων
435 5576 896 5643 ἐκκεκομμένους,
958 5572 1171 5627 όστᾶδὲ
1206 5578 1664 5644 συντετριμμένα,
1701 5577 1834 5645 μέλη

271 5666 323 5715 δὲ
358 5665 448 5713 καὶ
482 5669 686 5736 σάρκας
728 5672 788 5738 τῇ
820 5669 924 5720 τῶν
961 5670 1178 5737 πετρῶν
1214 5669 1518 5738 συμπτύξει
1551 5669 1625 5733 ὡς
1668 5672 1730 5724 ἄν
1759 5688 1840 5731 τις

351 5849 390 5878 ¹⁶
426 5843 560 5899 Psal.
595 5865 660 5912 l.\,
700 5851 747 5900 7.
868 5854 902 5881 ¹¹
933 5850 1073 5904 Psal.
1111 5866 1191 5914 ιχ,
1223 5852 1273 5915 ’5,
1315 5852 1369 5919 ι,
1405 5870 1581 5918 xxxix,
1610 5854 1660 5905 ὖ.

1938 3279 2058 3339 rite,
2096 3287 2154 3331 ut
2183 3278 2226 3329 is
2263 3277 2470 3330 medius
2500 3277 2834 3344 interceptus
2894 3275 3052 3328 simul
3090 3276 3286 3328 habeat
3320 3290 3513 3329 carnes

1937 3377 1988 3422 et
2031 3385 2151 3422 ossa
2189 3380 2463 3436 corrupta,
2514 3380 2567 3420 et
2615 3368 2773 3423 factis
2816 3368 2947 3435 ipsis
2974 3368 3145 3420 discat
3174 3367 3390 3420 cuinam
3425 3381 3512 3420 re-

1937 3463 2110 3524 sistat,
2142 3471 2195 3514 et
2225 3477 2290 3512 an
2317 3461 2408 3513 Dei
2435 3461 2515 3512 sui
2551 3458 2758 3510 fruatur
2793 3459 3015 3510 auxilio.
3051 3458 3126 3510 Eo
3159 3468 3338 3511 autem
3373 3457 3513 3512 facto

1939 3556 2080 3608 dicto
2111 3553 2292 3614 citius,
2327 3563 2378 3606 et
2423 3563 2611 3606 sancto
2645 3553 2697 3606 iu
2745 3553 2938 3607 mediis
2987 3551 3157 3619 petris
3203 3549 3513 3617 intercepto

1941 3657 2085 3700 tanta
2137 3658 2253 3701 erat
2296 3648 2374 3700 vis
2433 3663 2552 3714 quae
2591 3663 2713 3700 eum
2761 3646 3044 3714 premebat
3085 3655 3163 3707 ut,
3221 3659 3344 3698 cum
3392 3645 3512 3711 ejus

1937 3752 2058 3789 ossa
2111 3737 2608 3805 confringereutur,
2665 3737 2884 3805 quidam
2937 3753 3102 3790 sonus
3151 3743 3204 3788 et
3253 3734 3434 3803 fragor
3485 3750 3514 3787 a

1941 3829 2124 3883 multis
2173 3829 2544 3882 exaudiretur.
2607 3829 2860 3896 Disrupta
2914 3828 3058 3879 enim
3121 3835 3248 3877 sunt
3307 3825 3513 3886 omnia,

1941 3938 2060 3991 qua
2089 3932 2245 3977 erant
2267 3922 2406 3974 intra
2431 3922 2626 3988 ipsum,
2655 3928 2704 3974 et
2730 3921 2976 3973 contritae
3004 3927 3129 3971 sunt
3152 3933 3344 3971 omnes
3369 3933 3515 3970 com—

1941 4031 2104 4084 pages
2160 4017 2277 4084 ejus
2333 4016 2579 4076 ossium,
2624 4025 2678 4079 et
2726 4015 2863 4067 oeuli
2911 4019 3259 4069 excesserunt
3307 4026 3337 4063 ο
3387 4009 3515 4063 sede

1945 4107 2182 4176 propria.
2227 4107 2330 4158 Sed
2381 4107 2628 4173 quamvis
2660 4115 2802 4158 esset
2839 4104 2902 4156 ad
2939 4105 3077 4156 hanc
3122 4103 3386 4155 adductus
3418 4116 3515 4155 ne-

1943 4198 2271 4261 cessitatem,
2317 4212 2423 4249 non
2476 4195 2713 4266 neglexit
2766 4205 2945 4249 tamen
2991 4194 3056 4247 ad
3097 4193 3264 4245 Deum
3295 4208 3514 4247 canere.

1947 4289 2210 4343 Psallebat
2249 4290 2416 4351 enim,
2457 4309 2472 4338 ι
2511 4289 2566 4341 In
2595 4298 2766 4357 petra,
2796 4289 3005 4354 dicens,
3039 4285 3286 4340 exaltasti
3321 4301 3428 4348 me,
3462 4296 3517 4340 et

1946 4383 2213 4436 deduxisti
2255 4397 2360 4442 me,
2395 4383 2652 4448 quoniam
2697 4381 2872 4434 factus
2906 4395 2964 4434 es
3002 4393 3123 4447 spes
3164 4394 3310 4440 mea,
3349 4378 3517 4431 turris

1949 4475 2162 4527 virtutis
2187 4490 2212 4525 a
2239 4472 2376 4526 facie
2400 4473 2626 4525 inimici.
2658 4471 2904 4524 Statuisti
2932 4484 3091 4536 supra
3118 4477 3325 4536 petram
3352 4467 3518 4536 pedes

1948 4583 2116 4628 meos,
2155 4576 2208 4620 et
2241 4564 2488 4620 direxisti
2531 4578 2749 4633 gressus
2789 4577 2939 4616 meos
2971 4563 3034 4613 ¹¹.
3081 4579 3099 4612 ι
3133 4559 3332 4629 Accipe
3366 4574 3518 4628 ergo.

1945 4659 2040 4712 Fili
2077 4660 2167 4711 Dei
2199 4658 2494 4726 unigenite,
2528 4656 2776 4724 spiritum
2802 4671 3006 4714 meum,
3037 4664 3092 4707 et
3120 4667 3189 4706 ne
3220 4651 3516 4704 concludas

1945 4766 2028 4804 me
2063 4752 2115 4802 in
2157 4764 2348 4802 manus
2385 4746 2750 4798 inimicorum.
2796 4745 2883 4796 Sic
2913 4757 3041 4812 ergo
3072 4757 3194 4794 cum
3241 4742 3293 4792 in
3338 4740 3516 4797 medio

1943 4853 2215 4912 petrarum
2259 4850 2428 4892 totum
2461 4839 2604 4892 diem
2636 4849 2690 4891 et
2722 4846 2937 4890 noctem
2971 4835 3257 4889 mansisset
3291 4845 3514 4902 martyr,

1936 4935 2097 5003 jussit
2141 4932 2438 4986 sceleratus
2477 4929 2726 4984 Julianus
2753 4926 2987 4994 disjuugi
3026 4936 3224 4994 petras,
3258 4938 3382 4976 eum
3417 4938 3514 4991 pe-

1944 5028 2089 5080 nitus
2121 5027 2413 5085 interiisse,
2449 5033 2503 5074 et
2549 5023 2750 5073 nullam
2802 5020 3024 5089 spiritus
3056 5027 3258 5084 partem
3304 5029 3424 5069 esse
3466 5016 3513 5068 ei

1944 5120 2182 5171 relictam
2214 5133 2320 5184 prae
2356 5113 2443 5167 illo
2472 5115 2640 5167 nimio
2678 5127 2843 5167 onere
2876 5111 3163 5165 arbitrans.
3197 5110 3291 5165 llle
3332 5116 3512 5162 autem

1943 5219 2155 5261 amotus
2196 5223 2226 5260 a
2281 5207 2472 5275 petris,
2519 5220 2770 5275 egressus
2823 5214 2926 5268 est,
2981 5204 3258 5263 incedens,
3307 5211 3360 5252 et
3404 5199 3517 5252 suis

1947 5312 2101 5354 utens
2131 5300 2378 5367 pedibus,
2413 5313 2597 5352 revera
2629 5297 2949 5348 miraculum
2984 5294 3214 5348 maxime
3241 5290 3517 5344 admiran-

1941 5395 2092 5446 dum.
2135 5391 2309 5445 Homo
2350 5391 2546 5451 nudus,
2577 5389 2663 5442 cui
2694 5389 2894 5457 egressi
2927 5387 3143 5456 quidem
3173 5392 3325 5438 erant
3349 5383 3516 5444 oculi,

1944 5503 2065 5543 ossa
2098 5486 2354 5546 contrita,
2391 5484 2633 5536 membra
2671 5493 2722 5536 et
2753 5495 2948 5537 carnes
2980 5491 3252 5550 petrarum
3290 5475 3515 5544 compli-

1944 5582 2156 5638 cationo
2213 5591 2548 5646 compressa,
2611 5577 2728 5644 ejus
2788 5584 2967 5627 autem
3020 5571 3276 5624 intestina
3335 5567 3514 5621 omnia

1948 5675 2141 5730 misere
2171 5669 2495 5727 efﬂuxerant
2524 5686 2538 5724 :
2566 5667 2612 5723 is
2643 5670 2695 5740 (ο
2725 5681 2923 5722 novum
2953 5675 3001 5719 et
3036 5665 3268 5718 alienum
3302 5667 3514 5728 specta-
