4216 6432
235 409 369 474 1⁸213

1526 421 1692 479 ίἸΤΛ
1736 424 1796 482 S.
1831 427 1870 482 A
1885 423 2161 482 BERCll.

3313 429 3447 494 1214

223 520 598 588 διαχεομένην,
635 520 869 588 χαλεπὸν
923 522 984 576 τὸ
1033 525 1261 593 πρᾶγμα
1310 524 1404 577 καὶ
1433 525 1621 590 δεινῶς
1651 529 1780 582 ἄτο-

1809 543 1851 596 Α
1886 536 2008 592 bus.
2047 549 2171 589 cum
2223 534 2474 604 lacrymis
2508 535 2674 589 Deum
2707 550 2950 592 seorsum
2986 539 3328 608 precabatur,
3362 542 3440 594 di-

225 627 322 660 πον
353 609 719 678 ἡγησάμενος,
769 609 864 662 καὶ
915 607 1002 662 οἷα
1062 611 1200 680 ὑπὲρ
1254 613 1496 680 ἀδελφῶν
1550 617 1780 687 πληγεὶς

220 700 321 767 τὴν
348 699 544 766 ψυχὴν,
582 701 638 752 ὲν
671 701 898 770 δάκρυσι
927 700 1003 765 τῷ
1045 700 1505 772 Θεῷχαταμόνας
1538 709 1778 776 προσηύ-

222 805 368 854 χετο,
399 788 520 851 Θεὲ,
541 787 734 855 λέγων,
760 789 867 841 τῶν
891 787 1122 860 αίώνων,
1150 792 1243 841 καὶ
1269 791 1438 859 Κύριε
1465 795 1556 845 τοῦ
1575 795 1779 861 ἐλέους,

221 879 314 930 καὶ
341 879 636 946 δημιουργὲ
690 880 783 930 τοῦ
819 880 1127 948 σύμπαντος
1159 882 1311 936 τοῦδε
1347 886 1436 936 καὶ
1493 886 1776 954 συκδοχεῦς,

216 970 244 1020 ὸ
289 968 708 1036 ἐνανθρωπῆσαι
765 970 853 1020 τὸν
904 973 1164 1042 μονογενῆ
1195 973 1288 1025 σοῦ
1318 976 1488 1028 Παῖδα
1537 977 1603 1028 δι’
1635 979 1779 1043 ἡμᾶς

217 1059 538 1126 εὐδοκήσας,
567 1061 713 1112 ἔπιδε
751 1063 843 1113 καὶ
887 1061 982 1114 νῦν
1014 1063 1097 1130 ἐφ’
1126 1064 1186 1117 ὃν
1217 1065 1656 1136 ἐδημιούργησας
1691 1070 1778 1122 κό-

221 1166 391 1217 σμον,
434 1153 566 1220 μηδὲ
591 1153 689 1220 τὴν
721 1153 820 1220 σὴν
869 1153 1073 1224 ταύτην
1095 1156 1249 1208 πόλιν
1289 1159 1344 1209 ὲν
1448 1176 1515 1226 με
1546 1161 1781 1227 ποιμένα

216 1241 326 1291 τῶν
358 1241 462 1292 σῶν
493 1242 616 1294 ἔθου
646 1243 958 1312 προϐάτων,
990 1248 1083 1298 καὶ
1111 1241 1176 1316 ἧς
1198 1245 1274 1314 τῷ
1309 1248 1514 1316 ἀναξίῳ
1537 1249 1658 1316 ἐμοὶ
1683 1249 1780 1315 τὴν

216 1333 521 1399 ἐπισκοπὴν
540 1333 896 1402 ἐνεχείρισας,
937 1337 1332 1404 χειροποιήτοις
1363 1335 1506 1388 οὓτω
1532 1339 1780 1408 περιίδῃς

217 1418 554 1486 βδελύγμασι
588 1424 1025 1492 προσκειμένην·
1064 1424 1198 1476 ἀλλά
1232 1425 1325 1476 τοῦ
1362 1427 1780 1491 ἐπισκοτοῦντος

213 1508 355 1580 αὐτῇ
407 1512 501 1580 τῆς
527 1513 741 1582 ἀπάτης
783 1516 980 1582 νέφους
1032 1517 1374 1582 ἀπαλλάξας,
1412 1518 1488 1588 τῷ
1525 1519 1601 1588 σῷ
1638 1519 1777 1588 φωτὶ

218 1607 665 1675 προσοικείωσον.

285 1693 360 1748 Β’.
394 1695 576 1749 Ταῦτα
609 1700 702 1750 ἐπὶ
742 1700 874 1753 πολὺ
921 1699 1020 1766 τῆς
1057 1699 1266 1767 ἡμέρας
1311 1699 1774 1768 προσευξάμενος,

213 1788 310 1837 καὶ
349 1785 498 1853 ὕπνῳ
547 1789 668 1850 δοὺς
702 1791 911 1852 ἑαυτὸν,
947 1791 1050 1858 δρᾷ
1099 1790 1316 1842 νεανίαν
1349 1790 1546 1852 ὡραῖόν
1589 1809 1648 1844 τε
1681 1793 1777 1844 καὶ

213 1877 380 1930 καλὸν
400 1879 460 1930 τὸ
489 1875 646 1942 εἶδος,
668 1881 860 1948 ῥάϐδον
877 1880 1023 1949 αὐτῷ
1051 1881 1441 1953 ἐγχειρίζοντα,
1466 1885 1558 1936 καὶ
1591 1885 1676 1935 Ἐν
1701 1883 1778 1954 τῷ

211 1968 436 2036 ὀνόματί
469 1988 592 2037 μου,
635 1971 902 2040 Ἀδέρκιε,
927 1972 1175 2039 λέγοντα,
1217 1976 1511 2043 πορεύθητι
1543 1975 1655 2038 νῦν,
1685 1975 1778 2026 καὶ

216 2058 502 2126 σύντριψον
558 2063 624 2130 τῇ
674 2060 944 2132 βακτηρία
1003 2065 1180 2133 ταύτῃ
1243 2067 1367 2125 τοὺς
1421 2066 1518 2132 τῆς
1570 2065 1777 2133 πλάνης

211 2151 440 2210 αἰτίους.
511 2152 850 2216 Διυπνισθεὶς
915 2149 1029 2216 οὖν,
1099 2157 1192 2207 καὶ
1244 2155 1326 2206 ὅτι
1375 2155 1574 2223 Κύριος
1620 2151 1687 2224 ἦν
1750 2159 1777 2208 ὁ

212 2241 402 2307 φανεὶς
441 2241 586 2311 αύτῷ
647 2243 820 2305 καλῶς
856 2247 1136 2313 ἐννοήσας,
1196 2246 1356 2308 εὐθὺς
1417 2247 1774 2310 διανίσταται,

215 2334 313 2386 καὶ
382 2333 613 2402 θάρσους
696 2337 1055 2404 ἐμπίπλαται,
1146 2338 1239 2390 καὶ
1317 2338 1668 2406 παμμέγεθές
1727 2357 1778 2390 τι

216 2425 376 2488 ξύλον
431 2428 706 2496 ἁρπάσας,
762 2427 946 2480 ἄπεισι
999 2429 1176 2479 πνέων
1227 2428 1390 2498 ζήλου
1448 2431 1542 2482 καὶ
1605 2429 1776 2498 ὀργῆς

207 2518 416 2578 usi-10;
475 2520 621 2588 παρὰ
665 2521 723 2570 τὸ
766 2518 858 2570 τοῦ
923 2519 1254 2580 ’Λπόλλωνος
1305 2519 1470 2588 ίερδν,
1530 2519 1658 2570 ἔνθα
1717 2520 1773 2571 αἱ

209 2609 460 2660 πλεῖσιαι
487 2611 705 2663 σπονδαί
739 2629 797 2663 τε
833 2611 925 2664 καὶ
965 2611 1148 2665 θυσίαι
1184 2611 1538 2669 διετελοῦντο.
1568 2606 1676 2663 Ἦν
1707 2611 1765 2664 δὲ

208 2704 342 2770 περί
371 2721 471 2757 πον
519 2705 614 2773 τὴν
649 2706 846 2776 ἐνάτην
895 2704 1040 2774 ὥραν
1075 2706 1106 2774 ἡ
1140 2706 1255 2771 νὺξ,
1293 2707 1384 2758 καὶ
1418 2707 1484 2774 τῇ
1527 2705 1643 2774 θεία
1675 2723 1773 2757 πε·-

205 2790 413 2854 ποιθὼς
445 2795 734 2860 ἐμψανεία,
790 2795 979 2862 πρῶτα
1012 2795 1111 2862 μὲν
1137 2795 1326 2855 αὑταῖς
1355 2798 1512 2865 χερσὶ
1533 2799 1629 2856 τὰς
1677 2796 1770 2850 τοῦ

205 2885 315 2933 νεὼ
349 2881 520 2944 πύλας
561 2881 724 2935 ὠθεῖ·
757 2884 848 2932 καὶ
880 2885 1000 2933 ἐπεὶ
1030 2883 1089 2936 αἶ
1131 2901 1190 2935 τε
1221 2884 1425 2948 κλεῖδες
1475 2885 1625 2954 αύτῷ
1679 2886 1773 2938 καὶ

204 2974 256 3026 οἱ
308 2973 495 3040 μοχλοὶ
532 2973 945 3042 συνετρίϐησαν,
998 2978 1092 3025 καὶ
1120 2975 1177 3027 αἱ
1211 2973 1373 3027 πύλαι
1401 2975 1773 3044 ἁνεπετάσθη-

209 3081 333 3127 σαν,
365 3067 443 3127 είς
477 3067 640 3132 μέσον
657 3065 744 3115 τὸν
774 3065 898 3116 ναὸν
923 3065 1253 3135 εἰσδραμὼν,
1286 3067 1346 3118 τὸ
1375 3063 1544 3126 ἑστὼς
1590 3066 1768 3117 ἐκεῖσε

198 3157 307 3209 τοῦ
354 3157 682 3218 Ἀπόλλωνος
725 3156 942 3209 εἴδωλον
985 3158 1215 3222 κατέοιξέ⁹
1248 3176 1303 3210 τε
1335 3162 1426 3212 καὶ
1452 3161 1530 3222 εἰς
1591 3157 1766 3210 λεπτὰ

205 3246 425 3301 διεῖλεν.
491 3244 623 3300 Εἶτα
656 3245 750 3299 καὶ
790 3249 856 3299 τὰ
889 3247 995 3299 τῶν
1041 3250 1213 3300 ἄλλων
1249 3250 1388 3300 θεῶν
1446 3248 1764 3318 περιελθὼν,
1793 3216 1836 3278 C

203 3338 400 3406 ἐπίσης
440 3337 676 3401 διέθηκε.
715 3337 820 3387 Καὶ
853 3338 898 3386 ot
930 3336 1040 3388 θεοὶ
1085 3337 1184 3388 οὐκ
1240 3337 1537 3404 ἠμύναντο,
1574 3339 1664 3387 καὶ
1701 3337 1765 3387 τὰ

201 3430 362 3498 κωφὰ
387 3432 476 3482 καὶ
508 3430 734 3498 μάταια,
764 3431 915 3496 κωφὰ
948 3429 1088 3483 οὕτω
1116 3433 1207 3483 καὶ
1241 3431 1428 3497 ἄφωνα
1454 3424 1519 3499 ἦν
1539 3446 1552 3460 ο
1587 3429 1767 3498 φωνὴν

206 3525 472 3592 μεγίστην
509 3521 616 3574 ἀπὸ
658 3523 767 3573 τῶν
819 3522 998 3591 ἔργων
1027 3523 1279 3588 ἀφιέντα,
1314 3523 1395 3574 ὅτι
1459 3523 1769 3591 μεμήνασιν

201 3616 480 3682 ἄνθρωποι
539 3617 804 3676 τοιούτοις
855 3611 974 3665 οὖσι
1019 3618 1400 3680 προσέχοντες,
1469 3616 1563 3663 καὶ
1613 3613 1766 3674 θεοὺς

201 3710 401 3768 αὐτοὺς
435 3706 811 3774 ὀνομάζοντες,
857 3707 948 3756 καὶ
995 3707 1075 3756 ὃτι
1118 3703 1292 3755 ταῦτα
1337 3702 1372 3754 ἃ
1414 3703 1610 3770 πάσχει
1647 3701 1765 3766 νῦν,

198 3798 421 3856 δικαίως
450 3797 633 3847 ἐκεῖνα
665 3796 857 3862 πάσχει
907 3794 999 3846 καὶ
1033 3793 1152 3845 λίαν
1202 3793 1528 3852 ὲπαινετῶς.

265 3889 361 3939 '1".
415 3886 480 3939 Oi
521 3887 699 3955 μέντοι
735 3887 1066 3954 θεραπευταὶ
1106 3886 1211 3936 τῶν
1244 3884 1379 3936 θεῶν
1412 3887 1504 3935 καὶ
1553 3883 1644 3935 τοῦ
1663 3884 1766 3937 νεὼ

199 3981 494 4049 ὑπηρέται,
521 3982 587 4030 τὰ
612 3979 953 4045 γεγενημένα
975 3976 1145 4028 ταῦτα
1175 3977 1316 4028 κατά
1347 3974 1544 4044 πολλὴν
1560 3977 1764 4044 τόλμαν

203 4071 424 4135 ἰδόντες,
462 4072 650 4140 μεστοὶ
695 4071 1008 4137 ἐκπλήξεως
1071 4070 1163 4118 καὶ
1210 4069 1444 4136 ἀπορίας
1489 4067 1762 4138 εἱστήκει-

201 4152 326 4220 σάν.
389 4163 447 4215 Ὀ
494 4164 572 4225 δὲ,
605 4163 738 4232 πρὸς
801 4162 996 4221 αὐτοὺς
1049 4161 1423 4226 ἐπιστραφεὶς,
1503 4159 1640 4228 ὀργῇ
1705 4177 1764 4211 τε

196 4255 383 4322 δικαία
416 4255 442 4302 ὁ
473 4253 675 4312 δίκαιος
704 4250 930 4314 ἀπιδὼν,
959 4251 1172 4312 "Am-.5,
1206 4248 1358 4316 φησι,
1386 4251 1448 4317 τῇ
1486 4247 1645 4317 βουλῇ
1674 4250 1764 4300 καὶ

196 4345 278 4414 τῷ
312 4345 469 4414 δήμῳ
497 4343 660 4394 παντὶ
712 4333 1102 4406 ἀπαγγείλατε,
1158 4340 1230 4400 ὡς
1273 4341 1320 4391 οἱ
1355 4339 1466 4392 θεοὶ
1511 4339 1660 4408 ὑμῶν
1695 4343 1757 4408 τῇ

198 4435 570 4504 παρατεθείσῃ
605 4432 727 4504 χθὲς
759 4431 940 4491 αὐτοῖς
994 4430 1193 4498 εὐωχίᾳ
1249 4432 1341 4482 καὶ
1395 4429 1542 4498 αὖτῷ
1593 4430 1764 4498 κώμῳ

202 4526 562 4598 μεθύσαντες,
585 4521 908 4592 συνέτριψαν
938 4537 994 4571 τε
1027 4520 1314 4587 ἀλλήλους,
1337 4521 1430 4569 καὶ
1464 4521 1541 4580 εἰς
1567 4519 1760 4585 ἔδαφος

195 4617 747 4670 οὖτω’κατέσπασαν.
799 4613 937 4665 Ἀλλ’
969 4614 1145 4682 ὑμεῖς,
1183 4613 1233 4664 εἴ
1278 4627 1338 4678 γε
1475 4611 1565 4660 καὶ
1603 4610 1756 4675 ὀλίγα

198 4710 411 4778 φρενῶν
467 4707 744 4775 μετέχετε,
798 4708 864 4758 τα
920 4706 1300 4773 συντρίμματα
1355 4703 1460 4754 τῶν
1525 4700 1757 4754 εἰδώλων

193 4800 367 4853 ταῦτα
410 4797 622 4863 καμίνῳ
672 4798 938 4868 παράδοτε
1001 4800 1092 4847 καὶ
1133 4797 1281 4864 πνρί.
1332 4796 1482 4864 Τάχα
1517 4795 1624 4864 γὰρ
1695 4797 1759 4847 ἂν

194 4894 369 4954 οὕτως
417 4894 544 4961 ὑμῖν
575 4895 622 4944 οἱ
669 4883 777 4944 θεοὶ
819 4894 1081 4962 χρήσιμοί
1109 4907 1204 4941 που
1239 4889 1477 4956 ὀφθεῖεν,
1520 4891 1608 4943 διά
1660 4887 1777 4959 τῆς¹

194 4987 484 5047 ἀσϐέστου,
511 4985 672 5053 φημὶ,
704 4983 801 5050 τῆς
834 4984 891 5048 ἐξ
921 4983 1095 5034 αὐτῶν
1120 4982 1342 5035 ἐκείνων
1365 4981 1756 5049 γενησομένης.

195 5077 380 5130 Ταῦτα
403 5077 613 5147 πράξας
645 5076 923 5144 Ἀῧέρκιος
949 5074 1040 5124 καὶ
1063 5073 1250 5135 εἰπὼν,
1275 5073 1452 5124 οίκαδε
1495 5072 1756 5140 ἐπανῆκε,

196 5170 449 5238 καθάπερ
501 5184 584 5227 τις
631 5166 886 5234 ἀριστεὺς
943 5164 1155 5226 κοινοὺς
1189 5163 1390 5213 ἀνελὼν
1441 5162 1754 5239 πολεμίους,

196 5260 405 5311 πολλῶν
437 5259 602 5319 δντως
633 5255 817 5323 ψυχῶν
850 5252 1118 5314 ἀπωλείας
1148 5252 1374 5312 αἰτίους.
1413 5249 1758 5302 Ἐπανελθὼν

193 5353 252 5403 δὲ.
287 5349 410 5409 τοὺς
449 5349 583 5416 πρὸς
657 5347 819 5398 αὑτὸν
858 5345 1184 5416 συρρέοντας
1232 5341 1510 5394 ἐδίδασκεν
1565 5341 1758 5409 ὄχλους

196 5443 507 5502 Θεοσεόείας
562 5437 794 5504 ἀληθοῦς
853 5436 1091 5504 ἔχεσθαι,
1149 5434 1242 5485 καὶ
1309 5435 1422 5501 βίου
1482 5434 1756 5503 σώφρονος

196 5532 597 5600 ἐπιμελεῖσθαι.
636 5528 772 5578 Ὑπὸ
794 5527 849 5578 δὲ
886 5525 981 5591 τὴν
1016 5524 1180 5594 αὐτὴν
1205 5524 1395 5590 νύκτα,
1430 5526 1484 5578 οἵ
1509 5542 1566 5576 τε
1598 5526 1755 5578 θύται

198 5627 292 5677 καὶ
337 5624 386 5674 οἱ
420 5622 676 5689 νεωκόροι
711 5619 967 5680 προσίασι
1006 5621 1068 5684 τῇ
1118 5616 1299 5684 βουλῇ,
1359 5618 1452 5668 καὶ
1505 5633 1755 5683 προσαγ-

196 5717 444 5785 γέλλονσι
471 5715 567 5781 μὲν
601 5712 902 5778 ’Λδέρκιον.
928 5708 1340 5760 ἀναδιδάσκονσι
1371 5708 1426 5759 δὲ
1444 5711 1511 5761 τὰ
1533 5726 1757 5778 γεγενη-

203 5810 360 5876 μένα,
392 5809 480 5857 καὶ
507 5804 617 5872 ἅμα
646 5803 780 5870 etuti.
810 5799 960 5866 λόγος
988 5799 1146 5862 εὐθὺς
1170 5799 1254 5852 διὰ
1289 5800 1501 5853 πάντων
1535 5801 1752 5871 ἐχώρει,

1889 641 2018 678 cens
2043 641 2060 676 :
2093 624 2234 678 Deus
2270 626 2614 690 saeculorum,
2663 637 2718 682 et
2774 629 3000 682 Domine
3032 630 3443 694 misericordiae.

1884 717 1976 784 qui
2008 715 2111 768 hoc
2136 717 2453 771 universum
2485 719 2776 774 fabricatus
2835 721 2885 774 id
2917 721 3202 775 contines:
3237 725 3326 790 qui
3355 739 3446 777 vo.

1885 806 2053 868 luisti,
2086 818 2145 860 ιιι
2175 809 2486 878 unigenitus
2519 819 2642 864 tuus
2669 810 2836 865 Filius
2891 806 3113 880 propter
3148 828 3250 867 nos
3281 812 3444 868 homo

1885 896 2058 961 ﬁeret,
2085 914 2228 952 nunc
2259 915 2475 968 quoque
2505 902 2694 970 aspice‘
2716 903 2999 964 mundum,
3033 919 3191 972 quem
3224 913 3277 956 tu
3315 920 3445 958 con-

1882 987 2108 1043 didisti:
2157 1005 2332 1059 neque
2380 992 2520 1046 hanc
2572 1003 2719 1046 tuam
2769 995 3064 1059 civitatem,
3101 995 3154 1048 in
3200 1011 3305 1064 qua
3359 1013 3444 1050 me

1884 1081 2114 1147 posuisti
2169 1096 2438 1150 pastorem
2490 1094 2702 1138 tuarum
2749 1087 2953 1149 ovium,
3002 1096 3056 1141 et
3102 1090 3258 1155 cujus
3311 1090 3442 1142 mihi

1884 1170 2106 1240 indigno
2139 1173 2458 1229 commisisti
2492 1176 2882 1245 episcopatum,
2918 1178 3187 1246 despicias
3219 1179 3296 1231 sic
3327 1195 3440 1231 ma-

1883 1261 2118 1316 nulactis
2165 1264 2402 1318 deditam
2445 1267 2981 1322 abominationibus:
3036 1268 3129 1322 sed
3163 1284 3258 1321 eos
3308 1270 3444 1322 libe-

1884 1359 2029 1406 ratos
2075 1370 2103 1407 a
2153 1356 2294 1409 nube
2338 1357 2561 1422 erroris,
2599 1374 2719 1427 quae
2767 1359 2848 1411 eis
2889 1358 3119 1413 oﬂundit
3164 1359 3436 1424 tenebras,

1881 1446 2116 1516 adjunge
2145 1448 2238 1500 tuo
2273 1449 2490 1502 lumini.

1951 1703 2014 1760 ll.
2059 1704 2180 1760 Hec
2216 1723 2336 1760 cum
2369 1723 2559 1778 magna
2587 1710 2694 1764 diei
2726 1721 2877 1778 parte
2911 1721 3054 1766 esset
3083 1724 3358 1781 precatus,
3383 1724 3439 1768 et

1881 1813 1940 1852 se
1988 1813 2180 1852 somno
2222 1800 2476 1863 dedisset,
2526 1801 2673 1854 videt
2705 1801 3105 1857 adolescentem
3137 1805 3434 1874 elegantem

1881 1902 1945 1943 ac
1976 1889 2305 1956 speciosum,
2359 1891 2564 1960 virgam
2598 1891 2646 1945 ei
2679 1892 2732 1946 in
2768 1908 2985 1946 manum
3022 1895 3351 1956 tradentem.
3385 1906 3441 1948 et

1879 1977 2151 2032 dicentem
2181 1996 2194 2031 :
2235 1979 2292 2031 In
2325 1983 2546 2049 nomine
2591 1997 2730 2042 meo.
2765 1983 2979 2046 Aberci,
3013 1999 3158 2036 nunc
3196 1985 3435 2044 ambula.

1877 2077 1930 2122 et
1968 2069 2070 2122 hoc
2105 2069 2296 2122 baculo
2329 2081 2552 2126 contere
2612 2083 2864 2126 auctores
2912 2074 3132 2128 erroris.
3174 2075 3211 2128 l“.
3246 2090 3437 2128 sonmo

1877 2173 2003 2226 ergo
2044 2160 2333 2221 excitatus,
2375 2176 2498 2214 cum
2540 2173 2686 2215 recte
2757 2164 3109 2216 intellexisset
3151 2164 3434 2216 Dominum

1878 2247 1978 2298 sibi
2011 2248 2346 2315 apparuisse,
2398 2251 2577 2305 statim
2610 2253 2800 2320 surgit,
2835 2262 2888 2306 et
2923 2253 3174 2320 impletur
3214 2253 3433 2316 fiducia,

1879 2346 1932 2390 et
1959 2341 2193 2391 maximo
2226 2340 2370 2410 ligno
2411 2352 2652 2410 arrepto,
2682 2344 2815 2396 abiit
2865 2343 2973 2404 ille,
3015 2345 3185 2396 zelqu
3224 2345 3438 2411 Spirans

1879 2435 1932 2478 et
1960 2425 2114 2488 iram,
2149 2426 2213 2479 ad
2259 2429 2520 2496 templum
2571 2430 2857 2497 Apollinis,
2915 2430 3002 2482 ubi
3041 2432 3437 2498 peragebantur

1879 2514 2028 2582 plura
2062 2515 2326 2569 saerilicia
2364 2527 2417 2570 et
2445 2517 2724 2582 libamina.
2767 2513 2897 2572 Erat
2947 2530 3126 2577 autem
3161 2520 3305 2574 circa
3339 2536 3429 2572 no-

1877 2619 1999 2655 nam
2027 2604 2211 2657 horam
2239 2610 2438 2661 noctis.
2467 2607 2648 2676 Itaque
2671 2609 2854 2663 divina
2883 2609 3055 2663 frctus
3075 2611 3433 2680 apparitione,

1875 2694 2106 2762 primam
2135 2698 2350 2764 quidem
2374 2700 2504 2765 ipsis
2529 2701 2777 2754 manibus
2803 2701 2978 2769 pulsat
3001 2704 3182 2771 templi
3215 2713 3395 2771 portas
3422 2725 3432 2757 :

1875 2797 1929 2839 ct
1959 2803 2079 2842 cum
2134 2789 2312 2843 claves
2343 2801 2397 2844 et
2444 2803 2624 2846 vectes
2655 2792 2724 2844 ab
2771 2809 2837 2846 eo
2886 2802 3070 2846 essent
3104 2794 3348 2855 contriti,
3379 2803 3436 2847 et

1875 2889 2074 2949 aperta:
2127 2891 2311 2937 essent
2343 2893 2531 2953 portae,
2587 2885 2638 2936 in
2686 2885 2922 2938 medium
2969 2900 3257 2938 accurrens
3294 2896 3434 2939 terno

1874 2973 2044 3041 plum,
2073 2975 2356 3043 Apollinis,
2387 2977 2528 3044 quod
2557 2976 2662 3029 illic
2693 2977 2890 3039 stabat,
2925 2977 3273 3030 simulacrum
3299 2993 3432 3031 con-

1873 3063 2032 3132 fregit
2067 3081 2130 3119 ac
2164 3067 2505 3120 comminuit.
2543 3068 2748 3121 Deinde
2778 3069 2881 3121 alia
2933 3082 3148 3136 quoque
3201 3069 3428 3122 aliorum

1875 3155 2095 3209 deorum
2129 3157 2417 3210 simulacra
2448 3159 2662 3221 obiens,
2695 3160 2876 3214 all‘ecit
2909 3160 3292 3214 similiterxbii
3334 3159 3429 3212 au-

1873 3261 1979 3303 tem
2007 3264 2115 3302 non
2143 3264 2200 3302 se
2231 3249 2614 3313 defenderunt,
2643 3261 2695 3304 et
2724 3266 2842 3324 qua:
2875 3263 3002 3304 sunt
3031 3253 3191 3305 surda
3227 3259 3283 3303 et
3316 3254 3432 3304 ina-

1872 3341 1980 3403 nia,
2011 3343 2088 3396 sic
2131 3352 2288 3394 erant
2315 3341 2472 3411 plane
2522 3341 2681 3397 surda
2723 3349 2777 3395 et
2822 3352 2988 3404 muta,
3027 3357 3214 3396 vocem
3249 3351 3428 3394 tamen

1871 3431 2161 3483 maximam
2210 3433 2369 3484 rebus
2405 3433 2537 3499 ipsis
2568 3435 2894 3498 emittentia,
2929 3435 3150 3488 insanos
3177 3448 3296 3487 esse
3331 3436 3428 3486 ho-

1869 3524 2064 3587 mines,
2098 3521 2190 3590 qui
2241 3537 2334 3575 eos
2372 3524 2576 3583 colunt.
2607 3532 2661 3575 et
2709 3524 2838 3576 deos
2871 3526 3192 3579 nominant:
3225 3535 3278 3579 et
3311 3542 3430 3593 qua:

1870 3629 2015 3667 nunc
2051 3614 2349 3679 patiuntur,
2401 3613 2488 3666 illa
2541 3614 2756 3682 quidem
2807 3614 2952 3683 juste
3000 3614 3132 3683 pati,
3177 3624 3231 3667 et
3275 3616 3429 3667 valde

1868 3706 2235 3760 laudabiliter.

1937 3880 2022 3935 Ill.
2068 3880 2299 3935 Deorum
2331 3888 2510 3933 autem
2554 3882 2814 3946 cultores,
2848 3891 2901 3935 et
2949 3881 3133 3951 templi
3167 3880 3426 3945 ministri,

1866 3990 1987 4028 cum
2017 3975 2132 4028 haec
2155 3989 2346 4042 magna
2371 3972 2595 4025 audacia
2625 3971 2769 4025 facta
2804 3988 2924 4026 esse
2956 3973 3242 4038 vidissent,
3271 3985 3428 4028 erant

1867 4066 2012 4134 pleni
2036 4074 2255 4131 stupore
2279 4075 2334 4118 et
2362 4063 2717 4118 dubitatione.
2746 4063 2792 4117 Is
2824 4078 2951 4117 vero
2981 4063 3045 4116 ad
3069 4079 3165 4117 eos
3197 4080 3429 4118 conver-

1866 4172 1980 4220 sus,
2008 4157 2224 4226 etjusta
2259 4170 2380 4208 cum
2403 4156 2502 4217 ira,
2533 4154 2710 4221 justus
2743 4155 2994 4207 intuens:
3022 4155 3199 4218 Abite,
3233 4157 3424 4224 inquit,

1865 4251 1930 4302 ad
1954 4259 2222 4310 senatum,
2242 4249 2296 4302 et
2321 4236 2418 4303 toti
2445 4247 2642 4318 populo
2665 4249 2992 4310 renuntiate,
3011 4249 3153 4314 quod
3171 4247 3242 4300 dii
3265 4249 3425 4300 vestri

1868 4342 2124 4393 hesterno
2157 4339 2412 4392 inebriati
2443 4341 2696 4394 convivio
2727 4352 2780 4394 et
2812 4341 3225 4403 comessatione,
3255 4357 3312 4394 se
3345 4343 3427 4393 in-

1868 4429 2035 4482 vicem
2068 4428 2468 4491 contriverunt,
2507 4440 2562 4481 et
2609 4429 2689 4482 sic
2739 4433 2792 4480 in
2854 4437 3051 4481 terram
3085 4429 3424 4498 deiecerunt.

1797 4553 1835 4605 υ
1872 4518 1978 4573 Sed
2011 4517 2128 4580 vos,
2159 4520 2201 4571 si
2231 4519 2358 4587 quid
2388 4520 2461 4571 'sit
2487 4520 2541 4572 in
2575 4521 2722 4571 vobis
2753 4534 2970 4582 sensus,
3005 4519 3282 4574 confracta
3313 4522 3428 4575 lnrc

1867 4612 2153 4666 simulacra
2201 4611 2419 4666 camino
2459 4611 2712 4666 mandate
2756 4620 2812 4664 et
2863 4610 2992 4680 igni.
3043 4611 3136 4665 Sic
3166 4611 3310 4664 enim
3349 4611 3422 4664 dii

1866 4707 2027 4759 vestri
2053 4706 2201 4759 vobis
2222 4705 2357 4758 forte
2382 4705 2584 4759 fuerint
2607 4704 2782 4767 utiles,
2816 4719 2912 4771 per
2935 4703 3157 4767 calcem,
3182 4701 3422 4771 inquam,

1865 4813 1981 4868 quae
2034 4807 2114 4850 est
2169 4812 2232 4848 ex
2273 4797 2375 4848 illis
2420 4795 2688 4849 iacienda.
2749 4794 2873 4846 Hace
2922 4808 3043 4847 cum
3103 4793 3321 4846 iecisset
3370 4805 3424 4848 et

1866 4888 2407 4951 dixisset-Abercius,
2437 4886 2661 4939 domum
2698 4885 2878 4946 rediit,
2914 4894 3166 4952 tanquam
3197 4887 3277 4937 vir
3313 4886 3424 4938 for-

1867 4985 2127 5046 tissimus,
2158 4981 2270 5035 suis
2295 4979 2588 5049 peremptis
2621 4977 2887 5038 hostibus,
2917 4975 3008 5044 qui
3044 4984 3202 5028 erant
3234 4989 3418 5027 revera

1865 5084 2113 5126 auctores
2142 5072 2293 5126 exitii
2333 5071 2621 5122 multarum
2658 5068 2982 5120 animarum.
3013 5065 3286 5120 Reversus
3321 5083 3420 5120 au-

1866 5177 1972 5220 tem
2003 5165 2233 5218 dooebat
2267 5162 2690 5224 multitudinem,
2726 5176 2845 5230 qua:
2875 5159 2939 5211 ad
2975 5159 3149 5225 ipsum
3188 5159 3421 5214 conﬂuc-

1863 5262 1974 5318 bat.
2009 5275 2188 5314 veram
2219 5258 2371 5326 sequi
2406 5251 2741 5326 religionem,
2773 5265 2824 5308 et
2857 5254 3147 5306 moderata:
3175 5253 3297 5306 vita:
3324 5268 3418 5305 cu-

1865 5366 1976 5404 ram
2011 5366 2220 5419 gerere.
2251 5349 2362 5401 Sub
2412 5348 2582 5416 ipsam
2613 5355 2853 5408 noctem,
2888 5344 3116 5399 sacriﬁci
3151 5357 3205 5398 et
3237 5344 3419 5398 aeditui

1863 5440 2128 5494 accedunt
2170 5438 2544 5497 adsenatum,
2581 5443 2636 5514 et
2683 5435 2935 5491 deferunt
2989 5433 3204 5501 quidem
3248 5433 3419 5488 Aber-

1862 5518 2030 5596 ciunt,
2085 5531 2280 5585 docent
2310 5540 2488 5582 autem
2525 5543 2610 5590 ea,
2644 5543 2764 5596 qua:
2796 5527 2933 5578 facta
2962 5525 3202 5578 fuerant.
3238 5524 3418 5591 Itaque

1862 5638 1982 5675 cum
2008 5622 2240 5688 primum
2270 5619 2464 5682 illuxit,
2497 5617 2634 5670 fatua
2666 5632 2760 5684 per
2785 5629 2972 5668 omnes
3000 5611 3254 5682 pervasit,
3275 5613 3419 5679 quod

1863 5728 2090 5782 magnus
2121 5712 2338 5780 quidem
2391 5709 2656 5764 Abcrcius
2687 5709 2738 5761 in
2774 5720 3028 5776 magnum
3064 5719 3304 5759 errorem
3334 5706 3417 5758 in-

1863 5805 2102 5871 cidisset,
2139 5805 2190 5857 in
2233 5805 2362 5858 deos
2395 5809 2580 5857 autem
2618 5797 3024 5863 insurrexissct,
3073 5805 3128 5850 et
3181 5795 3324 5864 quod
3352 5811 3418 5850 ea
