4216 6432
259 389 386 457 1221

1556 391 1732 451 VITA
1776 390 1833 448 S.
1863 389 2172 451 ABERCII

3370 390 3501 455 1222

261 511 521 572 εξιὸντος,
557 509 588 578 ἡ
627 507 788 576 ἐνάτη
821 506 921 574 τῆς
964 505 1179 577 ἡμέρας
1204 505 1319 575 ὥρα
1375 502 1506 572 πρὸς
1559 505 1618 555 τὸ
1677 502 1826 564 τέλος

1935 503 2068 565 eius,
2106 519 2247 557 nona
2285 505 2415 558 hora
2447 505 2553 558 diei
2587 504 2734 558 ilnita
2784 503 2830 557 ei
2880 519 3095 573 quoque
3142 504 3297 557 aB‘ert
3342 505 3500 557 ﬁnem

249 604 352 672 ἤδη
387 603 650 671 γενομένη
675 642 688 663 ,
718 602 872 665 τέλος
903 601 1050 669 αὐτῷ
1101 598 1191 653 καὶ
1225 601 1301 669 τῷ
1345 599 1452 650 τῶν
1513 597 1682 662 λόγων
1733 599 1826 646 ἐπ-

253 698 398 764 άγει,
453 697 545 748 καὶ
580 695 820 748 διέλυσεν
853 698 909 747 ἐν
945 699 1156 755 τούτοις
1182 692 1280 760 τὴν
1309 693 1548 761 ὁμιλίαν,
1580 693 1677 761 τῆς
1708 708 1829 742 συν-

253 788 420 856 ἠθους
453 788 615 840 αὐτὸν
667 787 978 857 προσευχῆς
1014 786 1294 855 ἑλκούσης,
1322 787 1399 848 εἰς
1416 785 1631 854 ὁμιλίαν
1663 785 1827 850 ἄλλην

249 877 343 928 τοῦ
381 878 742 946 ποθουμένου.
788 877 849 933 Ὀ
882 881 981 946 μὲν
1016 877 1108 930 οὖν
1161 879 1359 945 ἀνέστη
1410 875 1506 928 καὶ
1539 876 1637 936 τὰς
1675 875 1825 942 ἱερὰς

250 965 467 1027 ὲκείνας
499 969 684 1036 χεῖρας
712 969 822 1028 τοῖς
854 966 1040 1028 κακῶς
1071 966 1286 1034 ἔχουσιν
1340 964 1575 1026 ἐπιθεὶς,
1630 963 1824 1014 ἔσϐεσέ

245 1074 305 1109 τε
343 1060 523 1119 αὐτοῖς
545 1060 642 1120 τὰς
674 1058 861 1115 ὀδύνας
889 1059 978 1109 καὶ
1016 1058 1149 1127 πρὸς
1180 1060 1394 1110 τελείαν
1430 1057 1642 1122 ὑγίειάν
1664 1058 1826 1106 ἐπαν-

247 1155 477 1218 ήγαγεν.
544 1147 676 1202 Εἶτα
730 1151 894 1202 πᾶσιν
933 1150 1300 1218 ἐπευξάμενός
1359 1169 1416 1202 τε
1467 1153 1562 1201 καὶ
1597 1149 1822 1215 εὐλογή-

251 1256 371 1302 σας,
405 1241 541 1290 άλλὰ
576 1240 680 1308 μὴν
713 1240 807 1291 καὶ
852 1239 949 1293 τοῦ
987 1241 1044 1291 ὲν
1076 1240 1265 1310 Κυρίῳ
1301 1240 1604 1308 φιλήματος
1657 1254 1822 1304 μεταο

249 1335 393 1394 ὂοίις,
421 1333 514 1384 καὶ
546 1326 655 1384 οἶόν
683 1351 800 1384 τινα
833 1334 1102 1403 σφραγῖδα
1149 1332 1304 1384 τοῦτο
1335 1332 1515 1392 αὐτοῖς
1566 1330 1776 1387 ἐπιθεὶς
1805 1369 1819 1393 ,

249 1425 390 1475 ὥστε
447 1424 629 1485 καλῶς
686 1425 1029 1493 φυλαχθῆναι
1079 1424 1231 1493 παρᾶ
1284 1422 1497 1482 τούτοις
1547 1422 1613 1473 τὰ
1670 1421 1823 1488 εἰρη-

253 1517 390 1582 μένα
415 1556 427 1574 ,
460 1515 642 1566 οἴκαδε
717 1515 814 1566 σὺν
852 1517 964 1576 τοῖς
987 1514 1232 1580 ἀδελφοῖς
1262 1511 1457 1581 ἐχώρει
1482 1527 1496 1541 ·
1528 1512 1587 1562 τὺ
1610 1512 1665 1563 δὲ
1695 1511 1824 1578 πλῆ-

250 1607 340 1666 θος
401 1606 823 1669 ἐπηκολούθουν,
880 1605 974 1657 καὶ
1037 1602 1404 1672 βαπτισθῆναι
1467 1603 1559 1654 ὑπ’
1610 1603 1820 1655 ἐκείνου

250 1697 479 1747 ἐδέοντο.
527 1695 583 1747 Ὀ
609 1698 662 1747 δὲ
698 1697 1017 1765 ἀποδέχεται
1055 1693 1152 1763 μὲν
1195 1695 1254 1743 τὸ
1300 1693 1605 1763 πρόθυμον,
1634 1695 1819 1764 ῶσπερ

250 1789 420 1850 εἰκὸς,
451 1788 631 1856 πολλῷ
678 1788 896 1838 πλείονα
927 1788 1022 1838 καὶ
1056 1787 1216 1848 αὐτὸς
1252 1788 1389 1856 ἔχων
1422 1791 1476 1839 ὲν
1525 1786 1697 1856 τούτῳ
1724 1787 1820 1853 τὴν

250 1879 594 1948 προθυμίαν-
625 1880 745 1929 ἐπεὶ
789 1877 841 1928 δὲ
879 1878 951 1947 μὴ
987 1877 1083 1930 καὶ
1129 1880 1197 1929 τὰ
1226 1882 1320 1947 τῆς
1380 1878 1528 1945 ῶρας
1590 1879 1818 1946 συμϐαί-

249 1988 408 2022 νοντα
462 1967 551 2036 ἦν,
590 1971 670 2030 είς
714 1969 810 2034 τὴν
839 1969 1028 2038 αὔριον
1079 1971 1139 2022 τὸ
1177 1972 1458 2039 βάπτισμα
1508 1971 1819 2023 ἀνεϐάλετο.

247 2061 312 2110 Οἱ
351 2061 446 2127 μὲν
482 2058 579 2110 οὖν
607 2059 790 2111 πολλοὶ
818 2061 1021 2113 τούτων
1052 2062 1127 2130 τῷ
1163 2061 1350 2130 θερμῷ
1396 2061 1560 2128 ἔρωτι
1604 2059 1695 2110 τοῦ
1730 2059 1824 2126 βα-

247 2154 574 2219 πτίσματος,
597 2152 716 2204 οὐδὲ
729 2152 1022 2222 τὴν⁹οἶκαδε
1042 2154 1386 2222 ὑποστροφὴν
1412 2153 1820 2221 ὑπομείναντες,

249 2244 416 2295 αὑτοῦ
454 2261 554 2299 που
591 2246 744 2317 παρὰ
772 2247 831 2298 τὸ
860 2246 1134 2316 δωμάτιον
1166 2248 1562 2315 ἐκοιμήθησαν.
1598 2244 1820 2311 Ἐπειδὴ

246 2336 302 2387 δὲ
339 2331 403 2406 ἦν
434 2338 495 2388 ὲκ
528 2339 708 2406 μέσων
734 2338 966 2403 νυκτῶν,
1000 2341 1026 2390 ὁ
1064 2337 1315 2389 τοσοῦτον
1363 2339 1420 2388 ἐν
1451 2338 1632 2406 χάριτι
1679 2336 1822 2404 λάμ-

243 2426 353 2493 ψας
431 2428 730 2497 Ἀὁέρκιος,
774 2428 1216 2498 προσευξάμενος
1251 2427 1325 2497 τῷ
1381 2426 1499 2496 Θεῷ
1526 2427 1693 2490 ἔξεισι
1725 2425 1822 2494 τῆς

248 2521 454 2581 οἰκίας,
486 2523 580 2572 καὶ
617 2521 704 2571 τὸν
737 2520 892 2587 ὄχλον
949 2518 1321 2587 περιεστῶτάς
1377 2537 1435 2569 τε
1469 2520 1563 2570 καὶ
1617 2519 1823 2586 ὑπομέ-

246 2633 442 2676 νοντας
474 2616 833 2682 θεασάμενος,
865 2616 930 2666 τὰ
963 2615 1187 2682 ὄμματα
1242 2617 1320 2674 είς
1377 2615 1640 2683 οὐρανοὺς
1689 2619 1824 2668 ἁνα-

249 2708 418 2777 σχὼν,
465 2707 784 2776 Εὐχαριστῶ
819 2725 921 2768 σοι,
959 2708 1204 2758 Δέσποτα
1237 2708 1331 2758 καὶ
1364 2708 1482 2771 Θεὲ,
1532 2703 1708 2769 εἶπεν,
1743 2710 1821 2759 ὅτι

252 2816 324 2866 με
354 2801 446 2851 τὸν
484 2802 720 2866 ποιμένα
753 2801 858 2852 τῶν
909 2801 1020 2851 σῶν
1059 2800 1297 2868 λογικῶν
1330 2801 1620 2868 προϐάτων
1655 2801 1819 2867 ἠλέη-

247 2904 374 2952 σας,
402 2891 610 2940 καὶτὸν
663 2891 1055 2958 ἀγρυπνοῦντα
1091 2892 1213 2943 καθ’
1245 2894 1402 2960 ἡμῶν
1436 2893 1619 2955 λύκον,
1654 2909 1816 2959 κεχη-

245 2981 376 3031 νότα
409 2982 582 3050 μάτην
611 2982 920 3046 ἀπέδειξας,
975 2984 1068 3032 καὶ
1106 2983 1201 3052 τὴν
1229 2983 1658 3034 διασπασθεῖσαν
1714 2982 1822 3033 ἀπὸ

243 3077 346 3142 τῆς
373 3072 631 3142 ἀληθείας
667 3073 761 3124 τοῦ
816 3074 1069 3142 ποιμνίου
1107 3077 1301 3142 μοῖραν
1337 3076 1669 3138 ἁνεκαλέσω,
1728 3077 1820 3127 καὶ

1932 595 2146 648 dicendi
2201 613 2213 648 :
2261 607 2315 649 et
2359 596 2409 647 in
2478 598 2558 649 his
2613 597 2771 650 solvit
2835 611 3162 657 sermonem,
3229 599 3502 652 consuetis

1930 688 2181 754 precibus
2216 702 2337 739 eum
2367 686 2713 741 trahentibus
2741 689 2804 740 ad
2847 689 3012 740 alium
3060 704 3367 740 sermonem
3410 690 3505 749 ha,-

1930 777 2163 830 bendnm
2207 794 2329 830 cum
2370 795 2457 841 eo,
2483 795 2642 846 quem
2675 780 3039 832 desiderabat.
3072 778 3166 832 llle
3200 795 3328 849 ergo
3376 797 3502 832 sur-

1931 869 2188 931 rexit;et
2238 886 2360 921 eum
2421 886 2604 923 sacras
2652 886 2846 923 manus
2883 871 3230 935 imposuisset
3281 873 3366 932 iis,
3409 879 3498 940 qui

1929 961 2069 1010 male
2106 975 2164 1012 se
2207 961 2499 1023 habebant,
2537 972 2590 1013 et
2619 977 2805 1013 eorum
2850 961 3111 1015 exstinxit
3160 963 3393 1023 dolores,
3448 975 3502 1014 et

1927 1049 1989 1099 ad
2035 1049 2331 1115 perfectam
2365 1051 2582 1101 reduxit
2625 1053 2934 1102 sanitatem.
2973 1050 3176 1104 Deinde
3209 1068 3328 1104 cum
3362 1051 3499 1104 bene.

1929 1149 2186 1209 precatus
2251 1150 2396 1191 esset
2453 1141 2722 1203 omnibus,
2784 1149 2837 1193 et
2907 1142 3291 1204 benedixisset,
3369 1143 3498 1211 quin

1928 1230 2093 1282 etiam
2151 1231 2340 1282 osculo
2374 1231 2422 1282 in
2490 1231 2717 1284 Domino
2779 1233 3152 1300 impertiissct,
3209 1244 3262 1286 et
3335 1235 3498 1286 veluti

1925 1321 2197 1388 quoddam
2235 1323 2575 1391 signaculum
2601 1325 2682 1376 eis
2718 1325 3085 1392 imposuisset,
3121 1333 3180 1376 ut
3215 1340 3334 1391 qua:
3357 1325 3500 1379 dicta

1927 1422 2089 1477 sunt,
2113 1425 2260 1467 recte
2293 1415 2362 1466 ab
2393 1416 2469 1468 eis
2496 1416 2930 1478 custodirentur,
2970 1417 3190 1468 domum
3239 1419 3348 1470 ibat
3375 1429 3495 1470 eum

1925 1507 2186 1560 fratribus
2233 1525 2244 1559 :
2287 1507 2578 1560 multitudo
2633 1521 2813 1561 autem
2867 1525 2990 1562 eum
3043 1513 3394 1577 sequebatur,
3448 1519 3501 1560 et

1923 1601 2165 1668 rogabat,
2200 1600 2282 1657 υι,
2309 1601 2376 1653 ab
2419 1601 2509 1654 illo
2553 1602 2943 1668 baptizaretur.
2981 1603 3074 1655 llle
3127 1612 3308 1655 autem
3356 1603 3500 1656 acci-

1904 1678 2001 1760 Ipit
2042 1693 2288 1759 quidem,
2334 1703 2392 1746 ut
2428 1709 2526 1762 par
2554 1703 2692 1756 erat,
2741 1706 3048 1762 proruptum
3097 1711 3284 1747 eorum
3331 1694 3499 1748 animi

1925 1784 2187 1848 studium,
2219 1783 2335 1850 ipse
2373 1801 2588 1853 quoque
2647 1788 2700 1837 in
2754 1802 2820 1838 eo
2869 1787 3074 1840 habens
3128 1787 3284 1855 longe
3326 1787 3498 1852 majo-

1928 1890 2064 1938 rem,
2097 1889 2256 1944 quam
2279 1877 2309 1927 ii
2338 1876 2630 1938 habebant,
2660 1877 2822 1929 animi
2845 1878 3174 1931 alacritatem
3215 1881 3348 1930 :sed
3369 1894 3502 1945 quo-

1928 1968 2072 2019 niam
2117 1983 2223 2020 non
2251 1978 2367 2021 erat
2394 1977 2608 2037 tempus
2641 1971 2996 2034 conveniens,
3031 1973 3353 2035 baptismum
3398 1971 3499 2023 (lif-

1929 2061 2032 2111 i‘ert
2073 2059 2123 2111 in
2167 2060 2308 2112 diem
2353 2073 2697 2128 sequentem.
2749 2064 2924 2130 Atque
2967 2064 3119 2115 multi
3182 2065 3399 2132 quidem
3432 2080 3498 2118 ex

1928 2151 1994 2201 iis
2032 2160 2254 2219 propter
2289 2167 2543 2220 maguum
2585 2154 2836 2221 baptismi
2878 2155 3230 2217 desiderium,
3265 2172 3386 2209 cum
3431 2171 3502 2209 ne

1925 2241 2144 2294 domum
2185 2243 2401 2309 quidem
2455 2244 2630 2298 redire
2690 2246 3104 2307 sustinuissent,
3161 2250 3503 2301 dormierunt

1928 2334 2035 2404 illic
2093 2351 2264 2404 prope
2329 2337 2738 2392 domunculam.
2798 2339 2932 2393 Cum
2977 2351 3156 2394 autem
3217 2353 3358 2394 esset
3389 2357 3502 2395 meo

1926 2428 2074 2480 dium
2120 2429 2322 2489 noctis,
2374 2431 2545 2498 grana
2615 2431 2968 2498 t‘esplendens
3029 2435 3315 2497 Abereius,
3377 2451 3498 2488 cum

1928 2517 2094 2570 Deum
2130 2529 2386 2586 precatus
2422 2521 2632 2581 fuisset,
2666 2537 2694 2573 e
2727 2524 2888 2574 domo
2920 2525 3195 2590 egreditur
3229 2542 3240 2574 :
3290 2534 3343 2575 et
3376 2536 3495 2577 cum

1925 2610 2420 2663 circumsistentem
2467 2613 2691 2666 vidisset
2729 2615 2963 2677 turbam,
3019 2624 3072 2667 et
3113 2616 3497 2677 sustinentem,

1924 2704 2152 2756 sublatis
2191 2705 2242 2756 in
2269 2704 2434 2756 cmlos
2466 2705 2636 2757 oculis
2678 2724 2690 2758 :
2734 2707 2845 2775 Ago
2874 2707 2967 2759 tibi
3007 2710 3227 2776 gratias,
3275 2707 3499 2761 Domine

1926 2794 2087 2858 Deus,
2151 2795 2349 2863 inquit,
2406 2797 2548 2863 quod
2612 2796 2866 2849 misertus
2913 2799 2987 2850 sis
3047 2800 3175 2861 tnei,
3232 2800 3320 2866 qui
3379 2815 3496 2853 sum

1922 2897 2110 2957 pastor
2145 2897 2359 2940 tuarum
2393 2890 2574 2941 ovium
2629 2890 2858 2942 rationis
2895 2901 3207 2956 compotuui
3250 2911 3260 2943 :
3301 2902 3372 2953 et,
3406 2893 3496 2960 qui

1926 2981 1977 3032 in
2014 2995 2111 3033 nos
2146 2980 2422 3049 vigilabat,
2459 2981 2642 3047 lupum
2678 2980 2878 3034 frustra
2945 2983 3185 3035 hiantem
3244 2984 3498 3036 reddide-

1926 3069 2020 3132 ris,
2062 3079 2116 3122 et
2148 3086 2176 3122 a
2208 3071 2435 3125 veritate
2477 3071 2742 3125 divulsam
2790 3074 2929 3126 hanc
2957 3074 3131 3143 gregis
3166 3087 3374 3141 partem
3407 3090 3498 3127 re-

247 3166 349 3233 τῆς
387 3167 475 3218 διὰ
505 3164 598 3217 τοῦ
651 3164 1031 3234 βαπτίσματος
1066 3166 1338 3227 υἱοθεσίας
1378 3167 1477 3235 ἤδη
1533 3165 1818 3232 κατηξίου.

1927 3163 2160 3225 vocaris,
2202 3172 2255 3216 et
2303 3165 2415 3231 jam
2470 3167 2704 3218 ﬁliorum
2762 3168 3053 3233 adoptione
3108 3169 3347 3237 digneris
3402 3185 3498 3238 per

247 3257 440 3308 Ταῦτα
498 3257 576 3325 τῷ
626 3259 734 3308 τῶν
785 3259 923 3309 ὅλων
978 3258 1104 3323 Θεῷ
1134 3258 1455 3326 διαλεχθεὶς,
1509 3257 1819 3310 ἀκολουθεῖν

245 3348 398 3415 αὐτῷ
435 3347 572 3416 πρὸς
602 3348 701 3415 τὴν
749 3349 1049 3414 ἐκκλησίαν
1093 3351 1153 3400 τὸ
1191 3351 1394 3418 πλῆθος
1427 3352 1818 3420 προτρέπεται.

257 3435 480 3502 Ἐπειδὴ
512 3437 568 3487 δὲ
593 3438 851 3504 ἀφίκοντο
879 3438 1001 3506 ἤδη,
1033 3439 1130 3499 τὰς
1157 3441 1410 3507 συνήθεις
1446 3443 1629 3502 αὐτοῖς
1657 3443 1820 3507 εὐχάς

244 3529 515 3594 ὶπειπὼν,
548 3529 744 3599 τελειοῖ
802 3529 879 3598 τῷ
915 3519 1254 3598 βαπτίσματι
1302 3531 1500 3599 ἄνδρας
1553 3549 1820 3584 πεντακοο

247 3623 403 3682 σίους
433 3621 520 3671 τὸν
562 3623 818 3690 ἀριθμὸν,
873 3622 1057 3674 πολλοὶ
1091 3622 1183 3675 οὖν
1236 3632 1384 3694 παρὰ
1423 3627 1512 3675 τὸν
1543 3625 1713 3692 ἄνδρα
1760 3626 1821 3676 τὸ

245 3715 344 3766 ἀπ’
379 3717 586 3767 ἐκείνου
620 3719 931 3784 συνέρρεον.
968 3718 1025 3765 οὔ
1063 3717 1160 3783 τῆς
1199 3718 1443 3785 μεγάλης
1495 3720 1654 3784 μόνον
1683 3720 1822 3788 Φρυ-

247 3808 377 3872 γίας
410 3809 501 3873 καὶ
533 3810 626 3875 τῆς
661 3809 968 3874 περιχώρου
1021 3809 1222 3876 πάσης,
1256 3810 1391 3861 ἀλλὰ
1424 3812 1517 3862 καὶ
1566 3812 1678 3863 ὅσοι
1726 3812 1821 3881 τὴν

258 3899 449 3950 Ἀσίαν
480 3897 678 3967 ᾤκουν,
706 3901 819 3949 ὅσοι
851 3915 908 3950 τε
938 3903 999 3967 τῇ
1031 3903 1223 3969 Λυδίᾳ,
1263 3905 1355 3953 καὶ
1388 3906 1500 3954 ὅσοι
1532 3906 1597 3971 τῇ
1637 3906 1820 3972 Καρίᾳ

247 3993 373 4052 ταῖς
406 3993 694 4062 ἐπαρχίαις
724 3994 1054 4063 ἐπεδήμουν.
1094 3997 1198 4045 Καὶ
1247 3997 1353 4064 γὰρ
1383 3996 1468 4058 διὰ
1515 3998 1691 4065 πάσης
1723 3999 1820 4048 πό·-

245 4084 386 4145 λεως
414 4089 538 4152 περὶ
574 4085 737 4137 αὑτοῦ
763 4087 915 4153 λόγος
948 4086 1165 4154 ἐχώρει,
1193 4090 1252 4139 οὺ
1283 4090 1437 4150 κενὸς
1476 4089 1550 4140 ῶν
1591 4095 1682 4140 καὶ
1716 4091 1822 4157 μά-

248 4191 400 4236 ταιος
435 4181 529 4228 καὶ
557 4178 642 4228 διὰ
677 4172 834 4229 τοῦτο
861 4181 952 4230 καὶ
987 4180 1275 4247 σϐεσθῆναι
1305 4182 1361 4230 τὸ
1393 4183 1552 4247 τάχος
1584 4182 1817 4248 δυνάμε-

250 4287 341 4334 νος
368 4307 384 4334 ,
417 4269 554 4320 ἀλλὰ
605 4270 805 4337 πολλὴν
838 4274 974 4338 ἔχων
1025 4274 1124 4339 τὴν
1171 4273 1362 4339 ῥώμην
1404 4273 1510 4322 ο,πὸ
1555 4271 1652 4339 τῆς
1689 4275 1821 4340 άλη-

247 4363 422 4422 Θείας.
459 4362 754 4429 Συνέρρεον
809 4363 986 4410 τοίνυν
1034 4362 1162 4428 παρ’
1201 4363 1379 4424 αὑτὸν,
1435 4364 1480 4413 οἱ
1536 4365 1631 4431 μὲν
1678 4365 1818 4416 ὥστε

246 4454 321 4507 τὰ
357 4456 600 4524 σωτήρια
634 4450 974 4519 διδαχθῆναι,
1017 4453 1065 4503 οἱ
1095 4452 1148 4504 δὲ
1183 4454 1276 4504 καὶ
1312 4454 1419 4505 τῶν
1460 4456 1819 4524 ἐνοχλούντων

244 4547 632 4616 ἀπαλλαγῆναι
683 4546 836 4604 ὅσους
888 4543 1086 4612 δηλαδὴ
1137 4546 1291 4606 νόσος
1352 4547 1541 4608 ἐπίεζέ
1576 4565 1677 4607 τις,
1707 4549 1738 4615 ἢ
1770 4565 1818 4598 τι

248 4639 344 4689 καὶ
383 4636 510 4689 ἄλλο
545 4638 762 4702 κατεῖχε
810 4635 999 4685 κακόν.
1031 4629 1138 4685 Ἦν
1185 4638 1294 4702 γὰρ
1320 4635 1523 4697 διδάξαι
1579 4641 1668 4688 τὸν
1719 4639 1818 4704 τῆς

246 4729 506 4797 ἀληθείας
534 4729 689 4792 λόγον
722 4725 1065 4792 δεξιώτατος,
1115 4730 1208 4777 καὶ
1256 4727 1642 4779 οἰκειώσασθαι
1695 4733 1819 4790 τοὺς

249 4823 579 4893 προσιόντας
607 4819 693 4870 διὰ
725 4818 957 4887 Χριστὸν
983 4818 1350 4887 ἑτοιμότατος,
1391 4819 1482 4870 καὶ
1515 4819 1820 4886 ἀπαλλάξαι

251 4913 444 4968 κακῶν
471 4910 751 4971 ὀξύτατος.

316 5003 393 5057 Θ’.
456 5003 663 5068 Ὀλίγαι
723 5001 855 5065 γοῦν
910 5001 1185 5070 παρῆλθον
1245 5002 1471 5070 ἡμέραι,
1532 5004 1624 5053 καὶ
1690 5007 1816 5066 τοὺς

249 5098 663 5169 πρεσϐυτέρους
711 5094 805 5144 καὶ
842 5094 1143 5158 διακόνους,
1182 5097 1317 5162 πρὸς
1349 5095 1403 5144 δὲ
1462 5095 1556 5146 καὶ
1586 5096 1683 5164 τὴν
1714 5099 1820 5147 λοι-

251 5195 363 5262 πὴν
392 5191 728 5256 ἀδελφότητα
772 5185 1128 5255 παραλαϐὼν,
1160 5189 1396 5263 πρόεισι,
1444 5191 1537 5239 καὶ
1588 5191 1817 5251 καθίσας

252 5288 332 5347 εἰς
371 5287 536 5352 ὅνπερ
589 5281 767 5332 εἰώθει
821 5282 1003 5341 τόπον,
1057 5277 1244 5348 ὥσπερ
1307 5281 1367 5332 ἔκ
1419 5297 1562 5341 τινος
1599 5282 1817 5350 ἡδίστης

253 5377 441 5447 πηγῆς
473 5378 538 5426 τὰ
569 5373 881 5441 γλυκύτατα
911 5371 1007 5439 τῆς
1033 5370 1384 5434 διδασκαλίας
1431 5373 1617 5442 ρείθρα
1643 5376 1820 5442 προΐει

249 5472 345 5524 τοῦ
383 5471 672 5538 στόματος.
720 5466 809 5517 Ὶίν
838 5466 1015 5535 τούτῳ
1060 5464 1115 5516 δὲ
1145 5466 1415 5534 semidei
1446 5485 1529 5527 τις
1576 5469 1678 5519 ὑπὸ
1709 5485 1822 5537 7:3"

255 5563 492 5636 ραγωγῴ
551 5561 685 5627 γυνὴ
738 5559 845 5609 τῶν
928 5558 1232 5625 ἐπιφανῶν,
1273 5562 1656 5629 ἐκκεκομμένη
1691 5564 1817 5623 τοὺς

251 5656 565 5723 ὀφθαλμοὺς
597 5693 611 5717 ,
656 5653 825 5718 ὄνομα
879 5651 1183 5719 Φρύγελλα,
1235 5651 1582 5714 Εὑξεινιανοῦ
1638 5659 1819 5724 μήτηρ

255 5749 586 5806 [ιοπλίωνος.
632 5745 692 5795 '0
730 5745 785 5796 δὲ
817 5741 882 5816 ἦν
912 5745 1018 5795 τῶν
1055 5745 1206 5813 παρὰ
1241 5747 1320 5813 τῷ
1367 5747 1731 5817 αὐτοκράτορί
1761 5767 1818 5800 τε

255 5843 350 5895 καὶ
380 5845 440 5912 τῇ
475 5840 624 5893 πόλει
680 5841 846 5911 πάσῃ,
884 5838 981 5899 τὰς
1019 5837 1237 5906 πρώτας
1297 5839 1527 5906 ἐχόντων
1571 5841 1732 5907 τιμὰς
1786 5846 1812 5893 ὁ

1925 3257 2277 3324 baptismum.
2332 3256 2454 3310 Hzee
2491 3273 2615 3310 cunt
2665 3259 2891 3311 dixisset
2939 3260 3046 3311 Deo
3094 3261 3493 3324 universorum,

1919 3350 2074 3418 jubet
2108 3350 2510 3404 multitudinem
2551 3367 2672 3404 eum
2728 3353 2878 3419 sequi
2928 3353 2993 3404 ad
3019 3355 3324 3406 ecclesiam.
3360 3356 3494 3406 Cum

1925 3449 2104 3494 autem
2143 3442 2251 3507 jam
2309 3443 2609 3506 venissent,
2663 3445 2940 3496 consuetis
3000 3445 3158 3498 dictis
3217 3447 3494 3513 precibus,

1925 3530 2194 3598 baptismo
2224 3530 2399 3583 initiat
2429 3534 2574 3585 viros
2603 3549 2831 3585 numero
2862 3535 3210 3603 quingentos.
3254 3538 3328 3590 Ex
3363 3538 3493 3590 hinc

1925 3630 2105 3672 autem
2138 3619 2290 3673 multi
2337 3621 2403 3675 ad
2457 3621 2605 3674 illum
2659 3623 3021 3686 conﬂuebant,
3065 3642 3168 3677 non
3201 3629 3372 3680 solum
3429 3645 3494 3681 ex

1925 3726 2116 3779 magna
2159 3711 2408 3780 Phrygia,
2446 3726 2498 3765 et
2535 3715 2788 3767 universa
2841 3716 3071 3770 ﬁnitima
3119 3719 3360 3786 regione,
3400 3721 3495 3773 sed

1924 3803 2084 3856 etiam
2115 3804 2203 3871 qui
2229 3804 2404 3857 Asiam
2432 3805 2769 3869 habitabant,
2795 3817 2848 3861 et
2883 3810 2972 3875 qui
2999 3813 3266 3877 «legebant
3292 3812 3343 3863 in
3368 3829 3494 3879 pro.

1925 3894 2116 3946 vinciis
2135 3893 2300 3961 Lydia
2323 3906 2374 3947 et
2396 3896 2575 3948 Caria.
2612 3899 2818 3950 Etenim
2846 3915 2938 3965 per
2972 3903 3275 3952 universam
3301 3905 3457 3956 civita
3475 3932 3492 3941 -

1927 3993 2028 4036 tem
2059 3984 2123 4037 de
2162 3985 2278 4051 ipso
2313 3987 2564 4038 manabat
2592 4002 2790 4050 sermo,
2820 3993 2907 4057 qui
2945 4007 3049 4043 non
3087 4002 3202 4044 erat
3234 4009 3403 4046 vanus
3441 4003 3496 4045 et

1926 4077 2108 4130 inanis
2154 4087 2207 4130 et
2254 4078 2377 4131 ideo
2411 4080 2516 4132 cito
2549 4091 2756 4147 poterat
2787 4085 3079 4153 exstingui,
3158 4086 3250 4138 sed
3305 4086 3393 4154 qui
3428 4102 3491 4138 ex

1925 4172 2152 4222 veritate
2199 4187 2416 4240 magnas
2447 4174 2678 4224 habebat
2713 4175 2870 4226 vires.
2912 4178 2988 4226 Ad
3039 4192 3163 4226 eum
3197 4194 3323 4246 ergo
3360 4193 3493 4228 eon-

1924 4262 2182 4326 iluebant,
2215 4264 2301 4316 alii
2337 4264 2554 4332 quidem
2608 4275 2664 4317 ut
2705 4267 2979 4320 discerent
3026 4284 3143 4335 quae
3182 4279 3340 4336 erant
3403 4287 3494 4324 sa-

1928 4356 2143 4417 lutaria,
2180 4352 2267 4408 alii
2301 4365 2480 4408 autem
2510 4366 2568 4410 ut
2595 4358 2958 4412 liberarentur
2998 4361 3064 4412 ab
3105 4361 3188 4423 iis,
3235 4379 3354 4429 quae
3414 4368 3494 4417 eis

1927 4450 2227 4502 atierebant
2288 4450 2589 4501 molestiam
2655 4470 2667 4502 :
2735 4468 2868 4518 quos
2935 4448 3140 4505 scilicet
3217 4459 3493 4522 premebat

1928 4540 2171 4599 morbus,
2207 4544 2497 4594 autetiam
2544 4542 2760 4610 aliquod
2811 4543 2955 4595 aliud
3016 4545 3234 4600 tenebat
3269 4551 3491 4602 malum.

1924 4630 2054 4684 Erat
2081 4631 2222 4683 enim
2265 4633 2584 4699 aptissimus
2620 4633 2686 4686 ad
2742 4634 3045 4688 docendum
3078 4639 3302 4690 verbum
3351 4643 3496 4693 veri-

1927 4724 2070 4783 tatis,
2108 4731 2160 4774 et
2213 4722 2595 4790 paratissimus
2647 4716 2943 4779 familiares
2997 4726 3218 4782 Christo
3267 4730 3493 4782 reddere

1925 4830 2037 4878 eos,
2071 4816 2162 4883 qui
2196 4815 2546 4869 accedebant.

1996 5018 2086 5071 IX.
2145 5017 2309 5073 Pauci
2377 5020 2492 5075 dies
2548 5025 2947 5092 prteterierunt.
3009 5044 3130 5080 eum
3195 5035 3492 5101 assumptis;

1926 5109 2254 5178 presbyteris
2289 5121 2342 5165 ct
2392 5113 2668 5179 diaconis,
2720 5125 2774 5168 ct
2825 5118 3024 5184 reliqua
3087 5134 3340 5187 praeterea
3385 5128 3494 5179 ira-

1927 5205 2201 5268 ternitate,
2271 5206 2512 5273 procedit
2551 5224 2563 5258 :
2602 5217 2655 5258 et
2709 5207 2905 5262 sedens
2941 5210 2991 5262 in
3035 5227 3098 5264 eo
3125 5214 3266 5275 loco,
3298 5219 3347 5268 in
3382 5233 3489 5286 quo

1926 5307 2306 5358 consueverat,
2358 5308 2613 5363 tanquam
2647 5313 2710 5350 ex
2745 5301 2927 5368 aliquo
2960 5303 3108 5354 fonte
3138 5307 3488 5372 suavissimo,

1924 5403 1988 5440 ex
2018 5403 2110 5440 ore
2139 5388 2417 5455 profundit
2469 5389 2726 5443 doctrina:
2766 5391 2965 5445 fluenta
3013 5398 3351 5452 suavissima.
3398 5401 3486 5453 lti-

1926 5489 2070 5532 terea
2103 5490 2280 5531 autem
2314 5482 2542 5532 accessit
2576 5482 2806 5535 adducta
2843 5485 3066 5539 illustris
3118 5492 3360 5555 qtiazdaiii
3407 5493 3488 5544 fe.-

1930 5572 2094 5634 niina,
2164 5572 2336 5624 oculis
2388 5573 2595 5634 orbata,
2657 5577 2878 5629 nomine
2957 5577 3259 5646 Phryge-lla,
3315 5595 3487 5635 mater

1927 5661 2227 5714 Euxeniani
2263 5663 2556 5731 Poplionis.
2637 5665 2685 5717 ls
2721 5683 2845 5720 ιοιό
2876 5666 3098 5732 Popliou
3132 5674 3273 5739 apud
3312 5674 3485 5740 impe-

1928 5764 2158 5806 ratorem
2218 5763 2270 5806 et
2327 5756 2632 5808 universam
2686 5758 2958 5811 civitatein
3016 5761 3248 5828 primum
3310 5764 3485 5817 locum

1925 5848 1974 5900 in
2017 5848 2217 5904 honore
2246 5849 2540 5904 obtinebat.
2586 5851 2824 5904 Adducta
2859 5869 3005 5922 ergo,
3042 5855 3182 5907 sicut
3222 5856 3480 5924 diximus,
