4216 6432
207 384 347 446 1225

1477 387 1652 447 VITA
1686 388 1746 450 S.
1785 385 2109 449 ABERCH.

3289 385 3418 448 1226

201 508 310 544 σιν.
363 492 419 545 Ὀ
471 493 653 547 τοίνυν
704 493 1078 564 περιεστηκὼς
1128 494 1278 564 ὄχλος
1335 495 1392 546 τὸ
1445 495 1628 548 καινὸν
1661 495 1753 548 τοῦ

1788 499 1831 557 Α
1860 496 2080 565 Magnus
2110 511 2186 560 es,
2225 497 2366 552 Deus
2406 490 2864 558 Christianorum,
2930 509 3052 546 nam
3103 493 3136 547 ii
3201 510 3418 564 quoque

200 583 482 653 θαύματος
511 586 898 652 ἐκπλαγέντες,
932 587 1118 653 Μέγας
1153 584 1217 647 εἷ,
1282 588 1374 639 καὶ
1405 584 1566 653 οὗτοι,
1599 590 1625 640 ὁ
1651 589 1758 640 τῶν

199 673 546 743 Χριστιανῶν
603 675 757 737 Θεὸς,
815 675 1136 743 ἀνεϐόησαν,
1187 679 1310 729 ἐπεὶ
1361 679 1456 731 καὶ
1512 679 1759 747 μεγάλων

196 766 369 826 ὅντως
405 765 733 818 ἀπολαύουσι
771 766 878 818 τῶν
903 767 1140 836 χαρίτων
1188 770 1234 819 οί
1261 767 1323 820 τὸ
1355 767 1444 821 σὸν
1478 770 1762 821 ἐπικαλου-

198 871 352 923 μενοι
382 854 570 923 ὄνομα.
611 855 696 906 Ἐν
730 857 902 923 τούτῳ
934 856 988 907 δὲ
1020 857 1046 907 ὁ
1080 857 1220 920 θεῖος
1267 859 1570 928 Ἀϐἐρκιος.
1604 860 1756 921 Ἰδοὺ,

194 948 380 1012 γύναι,
424 949 606 1016 φησὶν,
665 947 833 1014 ἔγνως
879 950 1027 1010 ὅπως
1060 951 1086 1000 ὁ
1120 950 1246 1010 ἐμὸς
1281 951 1556 1018 Δεσπότης
1602 952 1760 1020 ἀμεί-

191 1039 354 1093 ϐεται
400 1041 698 1107 φιλοτίμως
752 1040 878 1099 τοὺς
910 1039 1223 1102 ἐλπίζοντας
1279 1040 1367 1091 ἐπ’
1423 1041 1608 1094 αὐτόν.
1663 1043 1764 1094 [Ιο-

196 1131 361 1196 ρεύου
401 1131 687 1199 τοιγαροῦν
711 1135 789 1192 εἰς
821 1133 1064 1200 εὲρήνην,
1094 1133 1254 1200 ἑαυτῇ
1292 1149 1348 1182 τε
1390 1133 1757 1200 προσέχουσα,

191 1225 433 1291 κάκείνῳ
473 1226 854 1293 προσήκουσαν
891 1225 985 1290 τὴν
1026 1223 1378 1294 εὺχαμστίαν
1409 1224 1754 1277 ἀποδιδοῦσα.

190 1317 378 1368 Ταῦτα
433 1318 460 1368 ὁ
525 1317 623 1384 μὲν
675 1317 889 1380 ἐλεγεν’
954 1317 985 1384 ὴ
1048 1316 1102 1367 δέ
1162 1315 1296 1382 πρὸς
1333 1315 1430 1383 μὲν
1477 1316 1536 1367 τὸ
1581 1317 1753 1384 παρὸν

189 1409 480 1471 ἀφίστατο·
515 1407 678 1458 πάλιν
729 1408 784 1458 δὲ
824 1408 1188 1475 ἐπανήρχετο,
1217 1408 1309 1459 καὶ
1351 1408 1491 1459 κατὰ
1528 1408 1662 1460 πολὺ
1696 1410 1752 1460 τὸ

190 1505 358 1559 σέϐας
392 1505 556 1557 αὐτοῦ
600 1507 795 1574 εἴχετο,
848 1505 940 1557 καὶ
989 1505 1241 1574 οὐδαμῶς
1297 1506 1354 1557 τὸ
1407 1506 1544 1576 μετὰ
1603 1509 1774 1558 ταῦτα
1831 1507 2108 1560 διῖστατο·

188 1605 390 1673 γήθους
421 1604 792 1668 διδασκαλίας.

266 1696 367 1748 1Α’.
425 1697 530 1747 Τοῦ
563 1697 616 1747 δὲ
673 1697 812 1748 κατὰ
849 1697 944 1765 τὴν
997 1696 1307 1764 Φρύγελλαν
1362 1696 1638 1766 θαύματος
1676 1699 1756 1760 εἰς

188 1789 365 1838 πολλὰ
414 1790 512 1855 τῆς
588 1788 690 1853 γῆς
744 1787 882 1857 μέρη
944 1788 1296 1853 διαδοθέντος,
1360 1791 1754 1859 προσέρχονται

185 1878 338 1946 αὐτῷ
372 1878 726 1946 πρεσϐύτιδες
763 1882 930 1948 τρεῖς,
962 1879 1057 1941 τὰς
1083 1880 1230 1946 θψεις
1263 1882 1354 1932 καὶ
1389 1875 1547 1934 αὗται
1577 1899 1754 1950 πεπη-

186 1972 437 2038 ρωμέναι
475 1985 488 1999 ο
523 1970 876 2038 Πιστεύομεν,
926 1971 1203 2037 λέγουσαι,
1239 1974 1330 2025 καὶ
1363 1975 1519 2043 ἡμεῖς
1552 1974 1629 2033 εἰς
1661 1974 1750 2024 τὸν

186 2063 294 2114 ὑπὸ
329 2061 421 2113 σοῦ
454 2063 856 2130 κηρυττόμενον
876 2062 1101 2130 Ἰησοῦν⁸
1155 2066 1377 2132 φανήτω
1410 2063 1752 2131 τοιγαροῦνή

185 2153 560 2221 εὐσπλαγχνία
586 2153 737 2204 τοῦδε
765 2155 857 2205 καὶ
887 2155 969 2220 ἐφ’
1004 2155 1170 2222 ἡμᾶς,
1202 2157 1294 2206 καὶ
1325 2154 1515 2216 δεῖξον,
1551 2149 1594 2204 ᾧ
1623 2156 1754 2205 θαυ-

189 2250 374 2313 μὰσιε,
406 2246 499 2295 καὶ
527 2247 675 2313 ἡμῖν,
713 2245 900 2312 ὥσπερ
932 2246 1039 2315 ἄρα
1075 2251 1164 2298 καὶ
1191 2246 1491 2318 Φρυγέλλῃ,
1529 2247 1586 2298 τὸ
1617 2247 1750 2315 φῶς.

197 2339 258 2389 ’0
287 2339 366 2399 δὲ,
424 2337 481 2387 lii
511 2339 540 2402 ἡ
577 2339 750 2396 πίστις
788 2339 939 2404 ὑμῶν
979 2340 1110 2406 πρὸς
1139 2339 1229 2390 τὸν
1259 2335 1432 2408 ἀληθῆ
1463 2339 1594 2390 Θεὸν
1626 2340 1756 2407 ἁλη-

185 2432 286 2497 θής
317 2432 482 2490 ἐστιν,
509 2427 580 2489 ὥς
613 2445 764 2495 φατε,
803 2431 910 2490 τοῖς
939 2432 1142 2498 νοητοῖς
1173 2431 1334 2481 αὑτὸν
1382 2433 1479 2499 τῆς
1530 2431 1778 2500 καρδίας

183 2521 382 2588 ὄψεσθε
415 2518 726 2586 ὀξθαλμοῖς.
759 2518 942 2570 Ταῦτά
968 2534 1026 2569 τε
1058 2518 1265 2586 εἴρηκε,
1295 2521 1531 2581 καὶτοὺς
1561 2521 1755 2588 ὀφθαλσ

188 2612 320 2677 μους
358 2610 639 2668 ἀνατείνας
669 2624 681 2637 ·
717 2605 885 2675 Κύριε
935 2607 1104 2673 Ἰησοῦ
1141 2607 1363 2677 Χριστὲ,
1401 2607 1588 2675 δέομαί
1627 2625 1744 2671 σου,

185 2703 315 2768 ἔφη,
355 2699 610 2751 ἱᾶέτωσαν
659 2701 750 2752 καὶ
796 2695 956 2752 αὗται
987 2701 1044 2751 τὸ
1077 2698 1190 2768 φῶς
1241 2701 1334 2767 τῆς
1373 2702 1470 2768 σῆς
1521 2703 1753 2767 ἐπιγνώο

186 2808 348 2854 σεως,
384 2791 477 2841 καὶ
530 2791 625 2857 τῆς
665 2791 1019 2859 ἐπικειμένης
1045 2793 1232 2853 αὑταῖς
1271 2792 1467 2862 ἀχλύος
1534 2794 1755 2858 ἀνενεγ-

187 2884 420 2944 κυῦσαι,
476 2881 944 2949 διαϐλεψατωσαν,
1005 2881 1270 2945 Δέσποτα,
1329 2883 1464 2949 πρὸς
1505 2884 1602 2942 τὰς
1659 2885 1756 2943 σὰς

185 2974 286 3038 τῆς
318 2971 578 3039 ἀληθείας
629 2971 824 3037 αὐγάς.
877 2969 1060 3030 Οὕτως
1100 2968 1323 3039 ηΰξατο,
1367 2972 1460 3021 καὶ
1501 2970 1610 3021 ιδοὺ
1665 2973 1754 3021 τὸν

186 3066 350 3115 τόπον
391 3063 514 3114 ἔνθα
549 3063 611 3132 δὴ
644 3063 738 3114 καὶ
786 3062 1132 3131 εἱστήκεσαν,
1170 3061 1285 3125 φῶς
1327 3061 1530 3115 ἄνευθεν
1566 3062 1756 3133 περιή-

187 3171 433 3225 στραπτε
495 3155 657 3223 μέγα,
692 3154 786 3205 καὶ
822 3156 1026 3212 πάντας
1056 3149 1164 3222 εἶχε
1205 3154 1461 3216 πεσόντας
1492 3157 1523 3224 ἠ
1555 3157 1646 3224 γῆ,
1679 3155 1755 3223 τῷ

186 3247 480 3315 παραδόξῳ
509 3247 604 3312 τῆς
640 3244 767 3307 θέας
801 3246 1254 3310 καταπλαγέντας
1280 3261 1292 3272 ·
1333 3245 1390 3296 τὸ
1422 3247 1475 3296 δὲ
1510 3249 1623 3313 φῶς
1654 3249 1751 3316 οὐχ

186 3338 301 3393 οἷον
329 3343 387 3404 ἐξ
424 3341 574 3411 ἡλίου
631 3341 724 3391 καὶ
780 3340 1072 3408 ἀστραπῆς
1126 3339 1365 3409 ἔρχεται,
1405 3340 1540 3391 ἀλλὰ
1571 3345 1752 3392 καινὸν

188 3432 366 3495 ἄλλως
394 3434 487 3484 καὶ
518 3433 742 3502 φρικτὸν
775 3433 867 3483 καὶ
920 3431 1211 3501 ἀσύνηθες.
1280 3431 1526 3484 Ἰσταντο
1575 3434 1754 3484 τοίνυν

188 3529 432 3589 ἀκλινεῖς
469 3521 659 3588 αὗται,
696 3525 917 3578 πάντων
968 3525 1044 3596 τῷ
1077 3525 1261 3593 ἐδάφει
1315 3526 1753 3590 καταπεσόντων,

188 3621 286 3670 καὶ
319 3619 379 3669 τὸ
415 3619 582 3687 φανὲν
616 3621 791 3668 ἐκεῖνο
828 3616 942 3683 φῶς
977 3618 1131 3682 πολὺ,
1161 3619 1280 3676 ταῖς
1337 3617 1491 3683 ὂψεσι
1552 3617 1755 3668 τούτων

190 3711 619 3781 ἐγκατασκῆψαν
641 3752 656 3776 ,
695 3711 999 3778 ἀναϐλέψαι
1031 3727 1088 3761 τε
1122 3709 1287 3769 αὑτὰς
1320 3708 1541 3777 ἐποίησε
1581 3725 1755 3777 παραυ

189 3804 404 3872 χρῆμα,
437 3808 528 3854 καί
555 3803 614 3854 τὸ
644 3802 867 3871 ἡλιακὸν
894 3802 1048 3854 τοῦτο
1069 3800 1179 3868 φῶς
1209 3801 1268 3850 τὸ
1289 3799 1458 3866 γλυκὺ
1495 3804 1582 3850 καὶ
1607 3801 1756 3868 φίλον

192 3894 505 3965 ἀνθρώποις
542 3895 686 3952 ίόεἰν.
725 3895 782 3946 ὐ
812 3893 865 3943 δὲ
898 3893 971 3953 ὡς
1029 3890 1201 3952 οὕτως
1230 3890 1394 3957 ὑγιῶς
1439 3891 1544 3942 τῶν
1575 3891 1758 3960 ὀμμάο

190 4004 302 4039 των
334 3987 562 4054 ἐχούσας
604 3983 710 4036 εἶδε
741 3999 753 4014 ⁶
798 3983 861 4034 ΤΞ
900 3984 1008 4051 ἄρα
1057 3983 1117 4034 τὸ
1152 3984 1318 4052 φανὲν
1379 3983 1527 4052 ὑμῖν,
1564 3984 1744 4052 ἤρετο,

191 4080 288 4130 γαὶ
316 4079 368 4131 τί
403 4078 614 4146 πρῶτον
641 4073 998 4144 διαϐλέψασαι
1032 4073 1234 4138 eiEi-tte;
1273 4073 1336 4125 ’11
1359 4073 1456 4140 μὲν
1472 4072 1584 4136 οὖν,
1620 4073 1758 4140 Πρε-

197 4172 428 4241 σϐύι-ην,
461 4170 587 4239 ἔφη,
623 4169 682 4220 τὸ
710 4165 868 4230 εἶδος,
910 4167 1146 4236 ἄρρητον
1177 4169 1274 4233 τὴν
1310 4164 1478 4234 ὥραν,
1512 4164 1756 4234 φαιδρὸν·

194 4267 226 4333 ἠ
267 4264 345 4325 δὲ,
379 4263 678 4320 Νεανίσκος
699 4257 856 4326 ὤφθη
892 4276 978 4325 μοι
1020 4273 1032 4286 °
1067 4256 1182 4325 ἠδὲ
1222 4257 1410 4324 ἑτέρα,
1468 4256 1758 4324 Παιδὰριον

200 4355 428 4424 κομιδῆ,
465 4355 650 4422 φησιν,
687 4351 863 4420 ἣψατό
901 4366 999 4419 μου
1032 4349 1142 4402 τῶν
1172 4348 1490 4416 ὀφθαλμῶν.
1540 4350 1756 4400 Τούτων

194 4447 438 4508 ἀκούσας
481 4446 787 4512 Ἀϐέρκιος,
817 4442 911 4493 καὶ
965 4442 1042 4510 τῷ
1073 4442 1179 4492 τῶν
1230 4442 1548 4504 θαυμασίων
1599 4443 1755 4508 χάριν

192 4540 535 4608 ὁμολογήσας
568 4536 705 4605 Θεῷ,
738 4535 947 4586 διέλυσε
975 4535 1069 4600 τὴν
1103 4531 1477 4584 διδασκαλίαν.

269 4633 366 4686 lB'.
423 4629 592 4680 Ἐκδέ
619 4627 726 4676 τῶν
767 4624 1052 4692 παρόντων
1088 4626 1211 4684 τους
1269 4621 1521 4689 συνήθεις
1574 4638 1754 4691 παρα-

194 4722 402 4782 λαϐὼν,
435 4719 613 4771 οἴκαδε
641 4718 906 4785 ἐπανῆκε,
955 4713 1050 4766 καὶ
1083 4713 1207 4775 τοὺς
1238 4714 1335 4782 τῆς
1385 4713 1578 4782 ἐνάτης
1613 4713 1761 4782 ὧρας

194 4814 396 4880 ὕμνους
462 4809 692 4871 ἀποδοὺς
740 4808 917 4878 (τοῦτο
937 4807 1044 4874 γὰρ
1070 4804 1215 4872 αὐτῴ
1240 4803 1379 4867 ἔθος,
1413 4804 1572 4855 οἱονεὶ
1623 4804 1764 4854 κατὰ

200 4909 479 4971 πάρεργον
517 4907 609 4951 καὶ
661 4901 793 4966 πρὸς
828 4898 905 4965 τῷ
935 4896 1078 4948 τέλει
1111 4895 1207 4961 τῆς
1240 4895 1456 4962 ἡμέρας
1493 4892 1764 4944 ποιεῖσθαι

196 5006 289 5048 καὶ
323 4996 416 5047 τοῦ
447 4992 697 5060 σώματος
732 4988 934 5056 λόγον,)
969 4986 1137 5057 βραχύ
1162 5003 1209 5036 τι
1251 4989 1416 5052 ἃρτου
1473 4982 1756 5053 μεταλαμ-

194 5092 369 5148 totust.
434 5085 649 5138 Τούτων
706 5081 884 5132 τοίνυν
931 5081 1019 5131 ὑπ’
1077 5076 1242 5130 αὑτοῦ
1293 5077 1623 5142 γενομένων,
1665 5074 1761 5140 τῆς

198 5177 509 5250 περιχώρου
559 5175 786 5235 πολλοὺς
837 5170 902 5242 ἦν
938 5174 1068 5241 ὀρᾷν
1130 5173 1266 5239 πρὸς
1298 5170 1387 5220 τὸν
1434 5166 1598 5235 ἄνδρα
1636 5166 1763 5235 συρ-

202 5278 425 5344 ρέοντας
459 5271 553 5322 καὶ
585 5273 660 5330 εἰς
693 5269 862 5332 ὄνομα
897 5265 1133 5334 Πατρδς,
1158 5263 1288 5314 Υἱου
1316 5263 1408 5314 καὶ
1449 5259 1760 5326 Πνεύματος

195 5368 355 5433 ἁγίου
406 5358 855 5428 βαπτιζομένους.
909 5356 994 5406 Ἐν
1024 5355 1258 5420 τοσούτῳ
1296 5355 1348 5404 δὲ
1391 5355 1454 5404 τὰ
1495 5354 1631 5403 κατὰ
1659 5353 1756 5421 τὴν

199 5456 414 5527 μητέρα
441 5453 600 5517 γνοὺς
656 5448 1020 5512 Εὔξεινιανός,
1076 5446 1218 5503 ὅπως
1271 5461 1327 5492 τε
1384 5460 1754 5511 χειραγωγου-

202 5556 340 5620 μένη
372 5545 659 5617 προσέλθοι
689 5543 764 5607 τῷ
810 5542 970 5609 ἁγίῳ,
1026 5539 1119 5589 καὶ
1149 5539 1292 5595 ὅπως
1341 5539 1756 5602 πεπηρωμένον)

197 5646 339 5711 αὐτῇ
390 5640 498 5691 τῶν
531 5633 824 5704 ὀφθαλμῶν
886 5628 1259 5695 ἀναϐλέψειεν,
1295 5626 1533 5693 ἁκριῦὼς
1583 5625 1758 5675 πάντα

201 5733 262 5795 ἐξ
292 5734 459 5799 αὐτῆς
494 5728 818 5796 πυθόμενος,
848 5723 1033 5774 ἄπεισι
1067 5721 1217 5790 παρὰ
1237 5717 1444 5780 τοῦτον,
1469 5717 1561 5766 7.0.".
1588 5717 1760 5768 ἀσπά-

201 5804 455 5891 σᾶμενος,
505 5822 571 5874 Εἴ
609 5837 666 5871 σε
720 5817 888 5886 ᾔδειν,
937 5813 1131 5880 πάτερ,
1192 5809 1319 5877 ἐγὼ,
1355 5809 1540 5878 φησιν,
1588 5808 1758 5875 ἡδέως

481 5918 746 5974 Parnm"
796 5911 911 5967 (in.
963 5906 1144 5965 CXV.

1855 589 2064 658 magnis
2094 605 2218 644 vere
2288 589 2540 644 fruuntur
2581 589 2786 658 gratiis,
2844 587 2934 658 qui
3006 595 3153 639 tuum
3217 601 3414 637 nomen

1859 687 2133 740 invocant.
2198 683 2353 737 Tunc
2407 694 2585 736 autem
2641 682 2855 734 divinus
2921 682 3217 734 Abercius:
3256 677 3417 737 Ecce,

1861 777 2068 845 inquit,
2135 774 2354 836 mulier,
2420 771 2757 840 cognovisti,
2799 786 2956 839 quam
3013 769 3308 822 liberaliter
3359 785 3421 820 ac

1859 863 2113 916 muniﬁce
2181 862 2439 916 Dominus
2508 878 2660 916 meus
2717 878 2811 918 eos
2864 871 3274 922 remuneratur,
3329 860 3420 927 qui

1862 965 2081 1022 Sperant
2115 955 2165 1006 in
2197 956 2398 1022 ipsum.
2432 955 2578 1008 Vade
2603 970 2730 1023 ergo
2764 955 2815 1006 in
2859 968 3008 1022 pace,
3050 953 3141 1003 tibi
3177 953 3416 1004 animum

1858 1047 2146 1104 adhibens,
2190 1057 2243 1099 et
2297 1047 2367 1099 illi
2429 1061 2592 1114 agens
2617 1061 2730 1108 eas,
2775 1060 2908 1113 quas
2935 1062 3031 1112 par
3062 1054 3163 1107 est,
3198 1043 3421 1112 gratias.

1856 1138 1980 1192 Haec
2032 1140 2121 1191 ille
2175 1154 2295 1192 eum
2358 1139 2604 1201 dixisset,
2641 1138 2914 1207 Pbrygclla
2947 1138 3172 1191 recessit
3201 1136 3419 1204 quidem

1854 1230 1904 1281 in
1940 1231 2264 1297 prtesentia:
2323 1247 2514 1284 rursus
2561 1242 2737 1284 autem
2795 1231 2973 1286 rediit.
3020 1239 3073 1281 et
3105 1244 3226 1281 cum
3268 1227 3420 1278 valde

1857 1319 2033 1372 colere
2063 1323 2448 1386 perseveravit.
2482 1321 2654 1388 Atque.
2682 1335 2869 1373 rursus
2901 1318 3113 1386 quidem
3138 1329 3421 1387 aggressus

1859 1417 1940 1468 est.
1983 1410 2241 1463 Abcrcius
2280 1418 2595 1464 consuetam
2628 1412 2952 1464 doctrinam.

2170 1509 2373 1576 ἥπτετο
2426 1508 2525 1575 μὲν
2566 1509 2657 1562 οὖν
2701 1509 2981 1578 ’Λϐέρκιος
3015 1503 3166 1569 αὖθις
3199 1507 3297 1576 τῆς
3331 1523 3426 1558 συ-

1931 1698 2020 1751 ΧΙ.
2069 1697 2202 1750 Cum
2259 1707 2436 1750 autem
2477 1693 2620 1764 quod
2679 1691 2732 1745 in
2779 1691 3057 1762 Pbrygella
3088 1690 3287 1745 factum
3324 1693 3425 1747 fuit

1862 1789 2204 1849 miraculum.
2261 1789 2314 1842 in
2370 1788 2567 1841 multas
2638 1795 2794 1839 terra:
2851 1793 3028 1853 partes
3071 1786 3417 1851 pervasisset,

1857 1883 2123 1935 accedunt
2154 1881 2219 1934 ad
2281 1896 2403 1933 eum
2459 1889 2568 1932 tres
2611 1880 2821 1938 vetul:e,
2882 1892 3000 1945 qua
3051 1878 3181 1944 ipsa:
3211 1894 3426 1946 quoque

1857 1983 2012 2026 erant
2080 1973 2283 2026 orbatze
2345 1970 2536 2031 oculis,
2581 1970 2827 2022 dicentes
2861 1987 2872 2021 :
2911 1967 3019 2022 Nos
3050 1969 3210 2021 etiam
3242 1971 3421 2023 credi-

1855 2081 1974 2117 mus
2007 2066 2056 2116 in
2089 2065 2292 2126 .lesum,
2322 2063 2411 2130 qui
2444 2078 2470 2113 a
2501 2072 2549 2114 te
2584 2061 2927 2129 priedicatur.
2978 2063 3248 2130 Appareat
3291 2079 3420 2132 ergo

1855 2157 1907 2209 in
1934 2171 2032 2209 nos
2075 2171 2287 2224 quoque
2328 2156 2446 2222 ejus
2492 2153 2798 2216 clementia,
2859 2162 2912 2206 et
2965 2153 3118 2205 nobis
3150 2154 3346 2210 lucem.
3387 2170 3420 2206 ο

1854 2256 1934 2304 vir
1966 2251 2298 2312 admirande,
2326 2248 2570 2311 ostende,
2596 2248 2735 2300 sicut
2758 2245 3068 2316 Plirygellaz.
3093 2245 3185 2299 Ille
3215 2256 3417 2310 autem,

1857 2342 1910 2395 Si
1957 2343 2088 2394 lides
2118 2353 2318 2400 vestra,
2382 2341 2577 2408 inquit,
2636 2353 2757 2390 vera
2793 2347 2876 2391 est
2927 2339 2978 2390 in
3010 2352 3195 2390 verum
3230 2339 3419 2397 Deum.

1853 2437 1995 2489 sicut
2026 2435 2227 2496 dicitis,
2300 2448 2422 2486 eum
2459 2430 2709 2483 videbitis
2764 2430 2940 2484 cordis
2970 2431 3163 2495 oculis,
3196 2431 3286 2497 qui
3329 2445 3421 2481 ca-

1854 2527 1990 2578 dunt
2039 2526 2139 2578 sub
2177 2523 2606 2594 intelligentiam.
2660 2519 2780 2575 llaec
2821 2520 2974 2579 dixit.
3037 2531 3242 2575 etcum
3299 2537 3422 2576 sus-

1857 2613 2066 2666 tulisset
2127 2614 2313 2666 ocvnlos
2385 2631 2396 2665 :
2463 2612 2686 2665 Domine
2747 2610 2869 2665 Jesu
2923 2612 3156 2672 Christe,
3228 2612 3421 2680 inquit,

1855 2717 1988 2772 rogo
2054 2712 2124 2765 te,
2159 2703 2376 2754 videant
2427 2702 2554 2768 ipsa:
2613 2716 2826 2768 quoque
2877 2702 3052 2753 lucem
3110 2711 3212 2755 tua:
3273 2702 3424 2771 agni-

1858 2797 2020 2849 tionis
2056 2814 2067 2848 :
2099 2805 2151 2847 et
2193 2795 2258 2847 ab
2287 2809 2367 2847 ea.
2396 2809 2513 2862 quae
2551 2802 2629 2845 est
2675 2793 2755 2845 eis
2798 2791 2987 2856 oll‘usa,
3059 2793 3297 2848 liberata:
3335 2810 3424 2848 ea-

1860 2887 2043 2956 ligine,
2091 2886 2380 2956 aspiciant,
2452 2883 2698 2945 Domine,
2757 2883 2939 2936 radios
3002 2892 3105 2939 tua:
3153 2887 3418 2940 veritatis.

1858 2979 1947 3029 Sic
1987 2987 2069 3030 est
2122 2987 2375 3045 precatus
2407 2993 2419 3028 :
2462 2984 2513 3029 et
2547 2990 2673 3028 ecce
2699 2975 2897 3034 locum,
2962 2975 3015 3027 in
3043 2992 3150 3044 quo
3184 2976 3421 3038 stabant,

1861 3082 2049 3135 magna
2087 3067 2173 3117 lux
2212 3066 2577 3119 eireumfulsit
2602 3067 2837 3135 desuper
2869 3085 2880 3119 :
2911 3077 2964 3119 et
2991 3083 3180 3121 omnes
3213 3069 3264 3120 in
3309 3079 3419 3120 ter-

1785 3196 1827 3256 C
1861 3173 1972 3211 ram
1995 3156 2308 3210 ceciderunt
2331 3157 2691 3224 obstupefacti
2710 3159 3038 3225 spectaculo,
3061 3160 3202 3229 quod
3229 3171 3422 3230 praeter

1859 3248 2170 3317 opinionem
2203 3256 2476 3301 evenerat.
2525 3246 2641 3300 Non
2690 3257 2804 3301 erat
2868 3260 3046 3303 autem
3103 3252 3212 3313 lux,
3244 3252 3427 3320 cujus-

1857 3343 1998 3394 modi
2031 3358 2093 3396 ea
2127 3352 2228 3405 cst,
2275 3360 2392 3411 qua:
2451 3344 2599 3398 venit
2661 3359 2725 3397 ex
2785 3343 2898 3397 sole
2961 3352 3016 3396 et
3044 3343 3282 3412 fulgure,
3327 3345 3420 3397 sed

1857 3447 1992 3484 nova
2053 3448 2296 3501 prorsus,
2335 3443 2388 3486 et
2437 3435 2721 3502 stupenda,
2788 3446 2842 3486 et
2908 3435 3146 3488 insueta.
3179 3434 3267 3488 Eae
3295 3451 3423 3504 ergo

1860 3524 2072 3577 stabant
2103 3524 2353 3586 immotae,
2389 3539 2511 3577 curn
2545 3538 2732 3576 omnes
2756 3522 2902 3575 humi
2942 3522 3265 3575 cecidissent
3305 3541 3317 3573 ε
3366 3533 3421 3576 et

1861 3617 1950 3670 lux
1982 3617 2088 3680 illa,
2119 3632 2237 3684 qua:
2267 3617 2533 3684 apparuit,
2567 3631 2690 3669 eum
2736 3617 2890 3668 valde
2921 3616 2972 3668 in
3009 3631 3197 3670 eorum
3232 3617 3422 3670 oculos

1862 3711 2218 3770 incubuisset,
2256 3725 2347 3762 eas
2383 3710 2563 3762 statim
2610 3709 2735 3762 fecit
2786 3709 2989 3769 videre.
3037 3719 3090 3762 et
3125 3711 3263 3762 haue
3293 3727 3422 3763 δυη-

1863 3816 1980 3852 vem
2021 3812 2072 3852 et
2130 3801 2439 3853 hominibus
2509 3810 2713 3868 gratam
2787 3801 2916 3853 solis
2971 3802 3143 3852 lucem
3197 3802 3420 3854 intueri.

1865 3890 1955 3944 llle
1991 3899 2169 3943 autem
2208 3905 2330 3943 eum
2357 3899 2462 3942 tam
2493 3889 2636 3942 sanis
2668 3905 2756 3942 eas
2782 3891 3008 3943 vidisset
3035 3892 3206 3944 oculis
3244 3910 3256 3944 :
3283 3890 3422 3956 Quid

1861 3989 1964 4041 est,
2001 3981 2226 4047 rogavit,
2263 3980 2405 4049 quod
2439 3981 2588 4036 vobis
2610 3983 2876 4049 apparuit,
2905 3993 2958 4036 et.
3005 3985 3131 4051 quid
3182 3985 3418 4042 vidistis.

1861 4086 1982 4125 eum
2026 4074 2257 4140 primum
2289 4074 2613 4141 aspexistis?
2644 4073 2757 4127 Una
2793 4084 2974 4126 autem
3011 4093 3022 4125 ε
3072 4073 3291 4137 Senem,
3329 4077 3416 4127 in-

1862 4162 1995 4231 quit,
2023 4162 2153 4226 vidi,
2198 4163 2353 4231 cujus
2385 4163 2570 4216 forma:
2603 4178 2710 4216 non
2759 4173 2934 4232 potest
2967 4164 3154 4218 referri
3181 4166 3422 4233 pulchri-

1864 4253 1992 4308 tudo
2016 4261 2071 4306 et
2113 4254 2384 4306 alacritas.
2446 4255 2622 4306 Altera
2690 4265 2869 4307 autem
2905 4273 2916 4305 :
2955 4254 3113 4308 Visus
3169 4266 3251 4309 est
3288 4259 3418 4310 mihi

1864 4346 2198 4397 adolescens.
2234 4344 2410 4397 Tertia
2445 4361 2570 4398 vero
2599 4362 2611 4397 :
2650 4345 2808 4410 Puer,
2837 4346 3030 4417 inquit,
3069 4364 3214 4402 meos
3246 4348 3421 4420 attigit

1865 4435 2067 4488 oculos.
2114 4433 2219 4488 Has
2250 4451 2372 4488 cum
2435 4437 2676 4489 audisset
2727 4439 3013 4499 Abercius,
3040 4448 3294 4492 etrerum
3324 4443 3418 4493 ad-

1791 4549 1832 4602 υ
1866 4527 2189 4579 mirabilium
2231 4527 2336 4578 Deo
2371 4526 2561 4596 egisset
2603 4527 2824 4596 gratias,
2867 4530 3162 4584 intermisit
3197 4535 3414 4586 docere.

1932 4619 2052 4672 Xll.
2087 4618 2156 4669 Ex
2197 4618 2261 4670 iis
2312 4623 2518 4679 autem,
2571 4622 2662 4687 qui
2713 4621 2959 4686 aderant,
3003 4622 3068 4675 iis
3101 4628 3418 4690 assumptis.

1862 4711 1951 4780 qui
1979 4719 2134 4764 erant
2166 4709 2475 4772 familiares,
2520 4711 2737 4763 domum
2799 4714 2979 4770 rediit,
3027 4725 3232 4767 etcum
3273 4715 3421 4768 horae

1864 4820 2021 4857 nona:
2057 4804 2284 4872 hymnos
2347 4805 2685 4865 absolvisset,
2745 4819 2932 4872 parum
2963 4805 3120 4873 panis
3166 4809 3419 4860 assumit.

1866 4894 1937 4946 lta
1973 4896 2114 4945 enim
2153 4893 2376 4956 solebat,
2410 4904 2662 4960 tanquam
2693 4895 2832 4947 aliud
2879 4897 3107 4964 agendo,
3139 4910 3190 4949 et
3216 4898 3267 4948 in
3317 4898 3422 4950 line

1863 4984 1989 5049 diei,
2025 4987 2266 5053 corporis
2309 4985 2512 5037 habere
2550 4987 2832 5037 rationein.
2873 4988 2996 5038 Haec
3023 5005 3141 5039 cum
3195 4989 3262 5040 ab
3303 4989 3418 5056 ipso

1865 5077 2005 5133 facta
2046 5087 2248 5138 essent,
2295 5079 2486 5129 licebat
2523 5078 2702 5130 videre
2737 5079 2932 5130 multos
2971 5094 3031 5130 ev
3064 5095 3149 5138 ea,
3185 5097 3304 5148 qua:
3343 5092 3423 5134 est

1861 5171 2233 5231 circumcirca,
2262 5173 2480 5237 regione
2538 5169 2601 5221 ad
2641 5186 2763 5221 eum
2819 5171 3113 5226 conﬂuere.
3147 5181 3198 5222 et
3255 5173 3426 5238 bapti-

1860 5264 1966 5315 zari
2002 5265 2049 5314 in
2090 5261 2309 5312 nomine
2351 5262 2546 5318 Patris.
2591 5272 2643 5313 et
2675 5261 2810 5320 Filii,
2847 5273 2897 5314 et
2930 5262 3165 5329 Spiritus
3223 5268 3417 5316 sant-ti.

1864 5353 2078 5406 interim
2111 5362 2289 5404 autem
2324 5368 2445 5404 cum
2473 5368 2590 5418 qua:
2625 5354 2779 5403 matri
2829 5352 3158 5410 evenissent.
3223 5369 3423 5420 cogno-

1866 5444 2420 5504 vussetEuxenianus,
2467 5454 2519 5496 et
2577 5445 3027 5511 quemmlmodum
3071 5444 3298 5497 deducta
3333 5462 3422 5499 ae-

1867 5535 2113 5589 cessisset
2159 5536 2222 5588 ad
2284 5547 2550 5596 sanctum,
2599 5545 2652 5587 et
2711 5537 3165 5604 quemadmodum
3231 5540 3418 5591 orbata

1869 5627 2038 5677 visum
2102 5633 2493 5689 recuperasset,
2555 5629 2733 5678 omnia
2799 5643 2862 5678 ex
2922 5627 3034 5694 ipsa
3091 5628 3419 5689 sciscitatus,

1867 5717 2013 5770 venit
2040 5718 2104 5770 ad
2139 5718 2309 5781 illum,
2343 5731 2404 5768 ac
2451 5734 2462 5770 :
2504 5716 2555 5769 Si
2601 5727 2651 5771 te
2685 5719 2898 5780 scirem,
2961 5719 3153 5786 inquit,
3191 5734 3220 5770 ο
3250 5731 3419 5785 pater,

1869 5808 2098 5865 libenter
2156 5807 2399 5875 aspicere
2455 5808 2520 5862 ad
2578 5811 2855 5876 pecunias,
2890 5826 2997 5862 non
3024 5810 3421 5864 distribuissem

3035 5902 3106 5958 39
