4216 6432
232 416 372 479 1229

1520 418 1690 477 νιτΑ
1736 418 1791 475 S.
1833 415 2157 478 ABERCII.

3309 409 3440 471 1230

222 530 361 603 ἔφη,
396 533 690 601 αὑτόνομόν
714 549 769 584 τε
803 528 939 587 εἶναι
981 537 1072 586 καὶ
1116 533 1482 597 αὐτεξούσιον,
1521 536 1612 585 καὶ
1653 529 1787 584 κατὰ
1816 532 1860 589 Α

1778 550 1787 582 ι
1816 532 1860 589 Α
1889 539 2080 600 sponte
2109 533 2289 584 venire
2317 534 2380 587 ad
2414 532 2764 602 peccandum.
2797 529 2898 583 Sed
2935 529 3056 582 dum
3083 531 3145 582 de
3181 528 3259 581 his
3287 529 3443 581 rebus

228 624 459 690 γνώμην
487 621 577 673 ἐπὶ
600 623 657 674 τὸ
684 623 1020 694 ἁμαρτάνειν
1053 623 1323 693 ἔρχεσθαι.
1371 623 1606 675 Τοιαῦτα
1651 623 1786 690 πρὸς

228 713 494 780 ἀλλήλους
523 713 965 783 διαμιλλωμένων
991 716 1191 778 αὐτῶν,
1223 717 1256 785 ἡ
1285 717 1470 783 ἐνάτη,
1501 717 1658 767 πάλιν
1690 732 1785 764 κα-

225 805 559 868 ταλαϐοῦσα,
596 805 802 857 διέλυσε
831 808 928 868 τὰς
965 808 1240 875 ζητήσεις.
1304 808 1564 868 Ἀναστάς
1597 806 1702 874 γὰρ
1757 805 1783 855 6

229 898 374 960 Οείος
425 898 707 966 ’Λϐἐρκιος
742 898 1042 961 ἀσπάζεται
1093 899 1217 960 τοὺς
1270 899 1658 970 περιεστῶτας,
1693 901 1783 949 καὶ

228 992 557 1058 εὐλογήσας,
598 990 778 1040 οἴκαδε
820 991 916 1040 σὺν
942 991 1268 1058 cogemur;
1299 992 1524 1060 πέμπει.

306 1082 403 1133 1Δ’.
450 1082 656 1147 Ὀλίγαι
687 1079 747 1132 τὸ
781 1081 919 1148 μετὰ
945 1081 1119 1134 ταῦτα
1153 1082 1368 1150 διῆλθον
1420 1082 1641 1150 ἡμέραι,
1690 1083 1782 1132 καὶ

225 1171 328 1232 τὰς
367 1171 526 1240 πέριξ
553 1171 742 1239 κώμας
774 1172 868 1223 καὶ
904 1173 1002 1242 πρό
1024 1191 1085 1239 γε
1111 1173 1217 1224 τῶν
1248 1173 1420 1227 ἄλλων
1451 1175 1547 1234 τὰς
1570 1175 1624 1222 ἐν
1670 1188 1780 1238 γει-

221 1262 418 1322 τόνων,
447 1263 558 1328 ἆμα
608 1263 719 1324 τοῖς
769 1264 1016 1330 ἀδελφοῖς
1069 1263 1320 1333 περιῄει·
1354 1263 1618 1331 ἐμάνθανε
1673 1264 1778 1329 γὰρ

224 1351 328 1420 ἤδη
361 1352 585 1413 πολλοὺς
619 1354 733 1404 ἐκεῖ
775 1354 1050 1424 διαφόροις
1107 1355 1391 1416 πιέζεσθαι
1441 1357 1635 1418 νόσοις.
1680 1356 1781 1406 Πε-

223 1443 452 1514 ριελοὼν
478 1439 570 1496 οὖν
599 1446 691 1497 καὶ
718 1445 1056 1516 Θεραπεύσας
1086 1447 1216 1514 εὐχῇ
1249 1449 1340 1498 καὶ
1369 1448 1569 1516 χειρῶν
1597 1447 1779 1498 ἐπιθέ-

226 1550 331 1596 σει,
368 1536 488 1585 ἐπεὶ
520 1534 802 1602 βαλανείου
830 1536 1032 1605 ἄπορον
1055 1535 1199 1607 ἐώρα
1231 1538 1320 1589 τὸν
1341 1538 1524 1600 τόπον,
1550 1539 1779 1608 πρᾶγμα

225 1625 442 1677 νοσοῦσι
480 1626 652 1690 δεξιον
686 1627 1054 1694 παραμύθιον.
1089 1629 1167 1690 εἵς
1200 1645 1318 1681 τινα
1382 1629 1556 1697 χῶρον
1611 1629 1780 1680 ἐλθὼν

222 1710 268 1783 ᾧ
303 1718 494 1787 ’Δγρὲς
527 1719 621 1786 μὲν
647 1722 676 1787 ἠ
703 1719 912 1786 κλῆσις,
940 1719 1180 1788 ποταμὸς
1209 1720 1263 1772 δὲ
1289 1721 1776 1791 αὑτῷπαραρρἐει,

224 1811 292 1860 τά
336 1811 535 1876 γόνατα
563 1811 638 1878 τῷ
659 1811 774 1877 Θεῷ
799 1811 1004 1874 κλίνας,
1033 1810 1124 1862 τοῦ
1155 1811 1378 1880 ἐδάφους
1415 1812 1641 1878 γίνετ›ι.
1674 1813 1779 1864 Καὶ

229 1903 340 1953 ἰδοὺ
378 1904 572 1970 βροντὴ
611 1905 706 1968 μὲν
753 1903 811 1966 ἐξ
877 1904 1136 1974 ἀκριϐοῦς
1193 1907 1636 1974 καταρρήγνυται
1685 1905 1782 1972 τῆς

228 1995 445 2061 αἰθρίας
471 2008 485 2023 ο
512 1993 796 2046 ἀναδίδωσι
828 1994 889 2046 δὲ
925 1995 1108 2062 πηγάς
1146 1995 1366 2064 θερμῶν
1399 1995 1603 2048 ὑδάτων
1636 1996 1782 2063 ήγῆ,

225 2087 322 2136 καὶ
355 2084 439 2134 διὰ
465 2084 678 2136 πάντων
703 2085 926 2154 ὑμνεῖτο
947 2088 1097 2151 Θεὸς,
1125 2089 1359 2156 ἐπήκοος
1388 2086 1529 2137 οὕτω
1560 2084 1782 2137 δικαίων

220 2173 433 2240 ἀνδρῶν
451 2173 754 2240 γινόμενος.
785 2175 846 2227 ἸΙ
871 2175 1051 2242 μέντοι
1075 2175 1320 2242 μακαρία
1345 2173 1526 2241 ἐκείνη
1545 2173 1783 2240 γλῶσσα,

219 2265 460 2326 λάκκους
511 2264 702 2334 ὀρύξαι
753 2269 865 2327 τοῖς
922 2266 1184 2336 παροῦσιν
1234 2266 1612 2335 ἐντειλαμένη,
1645 2265 1784 2317 ὥστε

220 2355 486 2424 σύρροιαν
520 2359 576 2408 ἐν
601 2358 811 2418 τούτοις
859 2357 1103 2422 γίνεσθαι
1145 2357 1253 2409 τῶν
1287 2356 1504 2426 θερμῶν
1558 2357 1782 2419 ὑδάτων,

220 2449 316 2496 καὶ
345 2446 423 2507 εἰς
451 2447 744 2514 ἀνάκτησιν
766 2447 905 2499 αὑτά
923 2450 1188 2515 σωμάτων
1215 2442 1352 2500 εἶναι
1382 2449 1786 2516 πεπονηκότων,

221 2539 454 2609 ἐπανῄει
491 2540 628 2611 πρὸς
651 2540 747 2608 τὴν
779 2542 974 2592 οἰκίαν.
1020 2541 1104 2592 Ἐν
1139 2540 1313 2609 τούτῳ
1339 2539 1430 2592 οὖν
1463 2541 1491 2592 6
1526 2544 1633 2592 τίον
1672 2559 1786 2594 πει-

223 2633 454 2702 ρασμῶν
483 2634 576 2685 καὶ
605 2635 706 2702 τῆς
730 2635 944 2702 ἀπάτης
980 2633 1181 2704 πατὴρ,
1213 2637 1240 2686 ὀ
1280 2634 1514 2703 πονηρὸς
1555 2633 1784 2703 δαίμων,

219 2724 544 2790 γυναικείαν
581 2726 896 2795 ὑποκριθείς
937 2725 1173 2796 μορςὴν,
1205 2726 1451 2794 πρόσεισι
1490 2726 1563 2791 τῷ
1623 2725 1780 2793 ἁγίῳ,

217 2817 473 2880 εὐλογίας
505 2820 684 2884 τυχεῖν
714 2818 873 2881 δῆθεν
903 2819 1032 2888 παρ’
1059 2820 1225 2873 αὑτοῦ
1253 2820 1601 2889 βουλόμενος.
1648 2821 1706 2872 Ὀ
1730 2820 1783 2872 δὲ

215 2906 499 2959 ἐπιῦαλὼν
531 2908 726 2977 ἐκείνῳ
752 2909 876 2970 τοὺς
899 2909 1230 2977 ὀφθαλμοὺς,
1255 2916 1343 2962 καὶ
1372 2913 1460 2963 τὸν
1496 2913 1622 2963 εἴσω
1655 2929 1786 2981 κρυ-

219 3001 494 3067 πτόμενον
525 2998 689 3052 λύκον
726 3002 824 3054 οὐκ
856 3003 1148 3070 ἀγνοήσας,
1181 3004 1228 3054 εἰ
1260 3005 1354 3054 καὶ
1394 3004 1491 3073 τὴν
1517 3005 1612 3055 τοῦ
1647 3020 1784 3073 προ-

217 3091 392 3142 ϐάτου
427 3091 588 3160 δορὰν
631 3094 960 3162 περιέκειτο,
993 3092 1154 3156 εὐθὺς
1202 3098 1655 3165 μεταστρέφεται,
1691 3095 1785 3147 καὶ

221 3182 360 3251 λίθῳ
402 3187 729 3253 προσπταίει
766 3187 855 3237 τὸν
884 3186 1020 3240 πόδα
1079 3186 1168 3239 τὸν
1227 3187 1422 3251 δεξιόν.
1477 3189 1785 3259 Περιαλγὴς
1812 3204 1854 3262 c
1890 3186 2033 3240 enim

214 3275 316 3329 οὖν
341 3276 654 3344 γενόμενος,
691 3278 923 3330 ἅπτεται
965 3280 1032 3346 τῇ
1062 3281 1204 3347 χειρὶ
1251 3281 1346 3331 τοῦ
1391 3282 1735 3347 ἀστραγάλου
1762 3297 1777 3312 ο

219 3365 389 3422 αὑτὸν
411 3367 518 3437 γὰρ
549 3363 618 3436 ἦν
651 3367 969 3436 πεπληγώς.
1001 3367 1111 3421 Καὶ
1131 3369 1158 3420 6
1192 3369 1450 3437 πονηρὸς,
1472 3372 1550 3430 εἰς
1589 3370 1780 3423 ἑαυτὸν

223 3458 393 3512 πάλιν
429 3457 767 3529 μεταϐαλὼν,
798 3458 1014 3529 ἥδιστόν
1046 3476 1107 3512 τε
1156 3461 1250 3513 καὶ
1291 3459 1489 3530 θερμὸν
1530 3461 1776 3528 ἁνεγέλα,

219 3555 320 3608 καὶ
347 3554 456 3606 ἀπὸ
486 3553 588 3623 τῆς
621 3553 780 3624 φίλης
826 3553 986 3617 εὐθὺς
1031 3555 1438 3623 ὑπερηφανίας·
1487 3556 1664 3624 Μὴτοι
1715 3573 1781 3624 με

213 3647 431 3714 νόμιζε,
454 3647 619 3711 λέγει,
640 3646 747 3696 τῶν
770 3645 1042 3696 ταπεινῶν
1060 3641 1198 3696 εἶναι
1221 3648 1442 3697 ἐκείνων
1468 3647 1778 3715 δαιμονίων,

214 3737 252 3791 ἃ
290 3738 352 3788 σὺ
389 3737 647 3796 πολλάκις
681 3734 1005 3802 φυγαδεύειν
1041 3731 1210 3801 οἶδας,
1257 3735 1350 3788 καὶ
1387 3738 1530 3806 μόνῳ
1575 3735 1652 3804 τῷ
1685 3737 1782 3805 ρή-

217 3838 373 3895 ματιο
403 3825 516 3878 ἀλλ’
551 3825 711 3886 αὑτός
744 3826 859 3894 είμι
890 3827 1049 3889 αὑτὸς
1076 3829 1490 3895 ἑκατόνταρχος,
1521 3822 1581 3879 οὑ
1609 3827 1782 3895 δήκαὶ

220 3917 318 3970 νῦν
349 3919 427 3981 εἰς
461 3918 654 3986 πεῖραν
683 3914 870 3979 ἐλθὼν,
923 3915 1056 3983 δρᾷς
1115 3914 1230 3976 πῶς
1277 3914 1539 3983 χαλεπαῖς
1589 3913 1781 3981 βέϐλη-

223 4029 316 4069 σαι
344 4010 743 4081 περιωδυνίαις,
777 4007 804 4058 6
839 4007 1056 4068 πολλοῖς
1079 4007 1288 4074 ἑτέροις
1339 4006 1640 4074 λυσάμενος
1686 4005 1781 4066 τὰς

221 4103 436 4164 ὀδύνας.
469 4102 651 4166 Οὕτως
674 4101 780 4155 ἀπὸ
801 4098 894 4152 τοῦ
926 4099 1182 4169 βλάπτειν
1206 4100 1233 4150 ὀ
1277 4099 1491 4166 μιαρὸς,
1529 4097 1781 4148 οὐδέποτε

221 4197 284 4250 δὲ
317 4197 426 4248 ἀπὸ
463 4195 552 4248 τοῦ
582 4195 814 4260 ὼφελεῖν
844 4197 1054 4257 οὐδένα,
1084 4192 1262 4261 ἑαυτῴ
1300 4191 1390 4242 τὸν
1418 4190 1635 4241 ἔπαινον
1681 4208 1782 4243 πε-

226 4288 491 4356 ριτίθησι.
525 4285 710 4337 Ταῦτα
741 4285 919 4336 τοίνυν
955 4286 1092 4352 πρὶς
1123 4283 1212 4334 τὸν
1242 4280 1550 4349 Θαυμαστὸν
1593 4281 1780 4350 Ἀδέρ-

221 4392 343 4428 κιον
383 4370 527 4441 εἷπε,
566 4374 659 4427 καί
691 4390 799 4426 τινι
823 4373 931 4426 τῶν
959 4373 1402 4441 περιεστηκότων
1458 4373 1617 4425 αὑτὸν
1663 4389 1782 4424 νεα-

219 4467 424 4519 νίσκων
455 4467 727 4537 ὲπιπηδᾷ·
763 4467 822 4518 ὃν
855 4467 1104 4535 χαλεπῶς
1136 4467 1417 4535 σπαράξας
1444 4484 1502 4518 τε
1536 4469 1630 4520 καὶ
1663 4467 1748 4518 δια

220 4558 490 4628 ταράξας,
527 4557 729 4628 μεταξὺ
767 4560 982 4609 πάντων
1013 4558 1256 4618 ἐλεεινῶς
1290 4558 1638 4611 καταϐάλλει.

294 4649 394 4705 ΙΕ’.
437 4651 494 4701 '0
527 4650 715 4718 μέντοι
760 4648 934 4716 μέγας
990 4648 1264 4716 ’Λὸἐρκιος
1300 4647 1442 4698 ἔλεον
1469 4649 1663 4699 αὐτίκα
1684 4647 1779 4700 τοῦ

219 4743 510 4795 νεανίσκου
563 4741 747 4794 λαϐὼν
801 4741 896 4792 καὶ
939 4738 1148 4808 δεηθεὶς
1187 4739 1278 4791 τοῦ
1337 4739 1470 4790 Θεοῦ
1514 4739 1664 4792 λύσιν
1723 4757 1780 4792 τε

222 4833 374 4903 αὑτῴ
402 4832 586 4885 δίδωσι
616 4833 708 4885 τοῦ
738 4831 932 4894 κακοῦ,
969 4833 1060 4885 καὶ
1092 4832 1183 4884 τὸν
1216 4833 1630 4902 μιαρὸνέκείνον
1665 4833 1778 4885 δαί-

223 4940 364 4994 μονα
417 4920 660 4974 ἐκποδὼν
681 4921 916 4988 τίθησιν,
944 4921 1088 4990 ἔργῳ
1113 4921 1352 4989 δηλώσας
1380 4923 1457 4983 τί,
1483 4924 1510 4974 6
1528 4922 1616 4974 τοῦ
1643 4923 1778 4988 ἁγα-

224 5016 322 5068 θοῦ
359 5013 603 5085 μαθητὴς
642 5014 738 5066 καὶ
761 5013 1052 5079 ἀγαθύνειν
1073 5013 1480 5078 δεδιδαγμένος,
1512 5015 1602 5064 καὶ
1641 5014 1720 5072 τίς
1753 5016 1779 5065 ὁ

219 5107 281 5167 ἐξ
312 5106 482 5173 ἀρχῆς
516 5103 770 5172 πονηρὸς,
806 5103 896 5154 καὶ
931 5101 1024 5152 τοῦ
1061 5104 1318 5169 πράττειν
1345 5102 1536 5164 ἄλλους
1563 5102 1628 5152 τα
1683 5119 1776 5152 πο-

218 5199 363 5268 νηρὰ
395 5198 729 5258 ὃιδάσκαλος.
783 5193 1020 5256 Ἐκεῖνος
1047 5194 1100 5245 δὲ
1135 5194 1248 5247 ἀλλ’
1273 5195 1332 5246 οὔ
1377 5195 1536 5265 μέχρι
1589 5195 1776 5247 τούτου

218 5295 370 5361 ἔστη,
402 5290 520 5342 οὑδὲ
550 5291 640 5341 ἐπὶ
675 5290 809 5358 μόνῃ
837 5291 901 5356 τῇ
937 5287 1160 5356 τοιαύτη
1191 5288 1400 5356 ἔμεινεν
1454 5289 1610 5357 ἥττῃ,
1646 5289 1777 5338 ἀλλὰ

221 5385 315 5436 καὶ
347 5384 540 5451 ἑτέραν
573 5381 719 5449 αὐτῷ
749 5380 1114 5448 προκηρὺτ;ει
1151 5379 1329 5448 πάλην
1350 5395 1363 5410 ο
1398 5375 1459 5432 οὗ
1509 5382 1640 5450 μηδὲ
1681 5381 1776 5450 τὴν

219 5475 443 5544 πρώτην
473 5475 790 5538 ὑπενεγκεῖν
844 5474 1080 5539 ἴσχυσεν.
1125 5472 1339 5540 Ἐπειδὴ
1373 5473 1475 5542 γὰρ
1505 5479 1596 5525 καὶ
1632 5473 1777 5524 ἄκων

220 5569 385 5636 ἀπῄει
424 5569 514 5619 τὸν
534 5566 820 5618 νεανίσκον
860 5564 1142 5614 ἀπολιπὼν
1173 5566 1404 5633 τραχείᾳ
1433 5566 1504 5626 ὡς
1539 5562 1650 5632 εἶχε
1685 5568 1774 5616 καὶ

217 5659 421 5714 ἀναιδεῖ
447 5659 787 5726 χρησάαενος
816 5658 880 5722 τῇ
910 5657 1060 5724 φωνῇ
1088 5671 1100 5685 ·
1129 5654 1277 5722 Ἰάχύ
1304 5673 1382 5716 σε,
1417 5658 1544 5723 ἕςςη,
1591 5655 1775 5721 'Ab‘ép-

219 5769 328 5814 κιε,
355 5752 447 5803 καὶ
476 5752 678 5804 ἄκοντα
737 5750 1145 5818 παρασκευάσω
1173 5749 1270 5818 τὴν
1313 5747 1594 5813 Ῥωμαίων
1624 5748 1767 5798 ἰδεῖν.

220 5847 293 5896 Τὸ
338 5846 390 5896 δὲ
429 5846 529 5912 ἄρα
561 5844 620 5894 οὑ
665 5841 837 5910 πολλῷ
866 5841 1088 5908 ὕστερον
1114 5840 1292 5908 ἐξέϐη,
1329 5840 1398 5900 ὡς
1432 5842 1494 5891 τὰ
1521 5839 1644 5907 ἑξῆς
1682 5841 1770 5890 τοῦ

1807 4542 1857 4600 D

1893 622 2028 674 inter
2075 638 2129 673 se
2161 622 2541 690 disceptarent,
2602 621 2731 674 liora
2780 635 2919 672 nona
2969 634 3152 672 rursus
3201 619 3444 681 veniens,

1889 713 2018 764 finiit
2053 713 2391 781 quaestiones.
2421 713 2608 766 Statim
2629 713 2772 765 enim
2797 727 3021 782 surgens
3045 711 3258 763 divinus
3279 711 3444 762 Aber-

1889 803 2023 864 cius,
2057 806 2250 857 salutat
2285 820 2398 867 eos,
2428 804 2515 873 qui
2538 803 2975 864 circumstabant,
3047 809 3097 852 et
3125 817 3242 853 cum
3281 802 3446 852 benc-

1889 893 2128 958 dixisset,
2159 897 2374 948 domum
2411 897 2576 949 mittit
2605 911 2726 948 cum
2773 894 3102 945 Euxeniano.

1958 1093 2092 1145 XIV.
2132 1092 2286 1147 Pauci
2339 1095 2450 1147 dics
2485 1104 2665 1163 postea
2713 1094 3100 1162 praeterierunt,
3145 1108 3265 1145 cum
3306 1092 3447 1145 vicos

1886 1186 2231 1239 circumcirca
2288 1187 2508 1254 positos,
2565 1194 2618 1237 et
2655 1197 2779 1238 ante
2815 1186 2966 1247 alios,
3023 1200 3115 1236 eos
3154 1183 3242 1252 qui
3294 1193 3446 1236 erant

1889 1277 2192 1345 propinqui,
2221 1278 2353 1330 obiit
2378 1293 2498 1331 cum
2555 1277 2828 1332 fratribus.
2880 1276 2998 1329 Jam
3034 1276 3176 1328 enim
3219 1290 3444 1341 accepe-

1887 1376 1986 1429 rat,
2025 1366 2219 1419 multos
2249 1365 2407 1418 variis
2434 1365 2542 1418 illic
2569 1364 2771 1417 morbis
2806 1364 3066 1416 laborare.
3100 1361 3233 1413 Cum
3267 1368 3443 1410 autem

1885 1457 2122 1516 abiisset.
2155 1465 2208 1509 et
2238 1471 2329 1509 cos
2381 1465 2620 1509 curasset
2663 1454 2912 1522 precibus
2960 1461 3011 1504 et
3069 1465 3319 1503 manuum
3351 1449 3448 1500 im-

1886 1548 2169 1616 positione,
2201 1559 2478 1616 postquam
2503 1547 2632 1600 vidit
2658 1547 2831 1599 locum
2861 1558 3017 1613 egere
3049 1542 3258 1606 balneo,
3283 1538 3446 1608 (quod

1884 1639 2101 1706 quidem
2133 1639 2519 1706 aegrotantibus
2558 1647 2637 1691 est
2683 1648 2862 1704 aptum
2925 1633 3193 1689 solatium)
3225 1630 3444 1684 veniens

1884 1731 1935 1782 in
1968 1729 2254 1797 quemdam
2301 1729 2500 1788 locum,
2557 1728 2645 1796 qui
2705 1727 3004 1794 appellatur
3056 1726 3214 1792 Ager,
3252 1720 3444 1774 fluvius

1886 1831 2062 1877 autem
2103 1837 2266 1888 prape
2299 1836 2421 1872 eum
2481 1820 2613 1880 ﬂuit.
2674 1818 2826 1871 flexis
2883 1817 2988 1870 Deo
3039 1815 3263 1884 genibus
3297 1813 3444 1866 humi

1888 1914 2139 1982 procidit.
2176 1911 2238 1964 Et
2263 1927 2389 1965 ecce
2431 1910 2663 1978 erumpit
2717 1908 2928 1976 quidem
2960 1909 3160 1959 tonitru
3197 1906 3333 1959 ccelo
3364 1920 3446 1958 se-

1888 2019 2038 2063 reno,
2075 2002 2267 2055 emittit
2323 2010 2498 2054 alitem
2539 2010 2677 2054 terra
2719 1999 2896 2052 fontes
2926 2013 3182 2065 aquarum
3248 1996 3448 2049 calida-

1887 2108 2038 2145 rum:
2069 2101 2121 2144 et
2161 2107 2254 2158 per
2283 2091 2460 2144 omnia
2491 2090 2810 2142 laudabatur
2873 2088 3034 2146 Dens,
3063 2087 3152 2153 qui
3175 2087 3344 2153 justus
3371 2085 3447 2138 sic

1883 2184 2121 2237 exaudit.
2159 2181 2292 2236 Cum
2337 2183 2491 2235 beata
2529 2193 2705 2234 autem
2746 2180 2829 2232 illa
2891 2179 3068 2245 lingua
3109 2181 3189 2234 iis.
3233 2176 3319 2242 qui
3349 2175 3445 2228 ad-

1886 2284 2062 2336 erant,
2086 2275 2337 2342 jussisset
2366 2272 2547 2326 fodere
2574 2273 2856 2332 cisternas,
2884 2278 2943 2322 ut
2988 2282 3137 2336 aqua:
3165 2265 3348 2318 calidae
3391 2265 3444 2316 in

1887 2381 1976 2419 eas
2011 2365 2364 2428 conﬂuerent,
2401 2375 2454 2418 et
2473 2380 2549 2417 ea:
2579 2371 2760 2417 essent
2801 2363 2864 2414 ad
2905 2357 3192 2413 recreanda
3219 2371 3446 2424 corpora

1886 2456 2206 2522 laborantia,
2239 2457 2455 2512 domum
2517 2455 2823 2508 revertitur.
2881 2451 3094 2505 Interim
3129 2457 3447 2502 autemten-

1887 2551 2151 2602 talionum
2200 2560 2254 2603 et
2305 2548 2636 2617 deceptionis
2689 2557 2839 2617 pater
2901 2543 3165 2610 malignus
3212 2539 3444 2604 daemon,

1886 2639 2109 2692 indutus
2144 2639 2314 2692 forma
2349 2639 2618 2702 muliebri,
2671 2638 2812 2688 venit
2851 2634 2914 2687 ad
2968 2641 3233 2696 sanctum,
3261 2629 3448 2683 volens

1886 2732 1953 2784 ab
1981 2731 2101 2799 ipso
2162 2730 2415 2798 consequi
2472 2728 2922 2783 benedictionem.
2985 2724 3078 2778 Ille
3110 2734 3286 2776 autem
3316 2735 3446 2773 con-

1887 2823 2050 2890 jectis
2083 2823 2133 2874 iu
2163 2821 2310 2874 illum
2339 2821 2527 2878 oculis,
2552 2820 2642 2886 qui
2673 2819 2814 2872 intus
2844 2816 3064 2877 latebat,
3111 2814 3293 2882 lupum
3339 2827 3442 2864 non

1890 2916 2168 2984 ignorans,
2220 2913 2426 2966 etiamsi
2485 2912 2599 2965 ovis
2627 2911 2819 2979 pellem
2856 2908 3139 2970 induisset,
3201 2903 3445 2973 protinus

1889 3004 2176 3069 avertitur,
2245 3013 2301 3057 et
2364 3003 2538 3070 lapide
2603 3001 2822 3055 offendit
2891 2999 3080 3068 pedem
3139 2996 3442 3051 dexterum.

1890 3093 2085 3146 Dolore
2145 3111 2272 3162 ergo
2331 3095 2573 3156 allectus.
2623 3108 2782 3148 manu
2815 3092 2983 3161 tangit
3019 3089 3180 3144 talum
3222 3105 3235 3140 :
3269 3088 3444 3156 ipsum

2123 3196 2480 3252 percusserat.
2570 3184 2828 3252 .‘ilalignus
2904 3191 3082 3233 autent
3141 3194 3326 3232 rursus
3389 3177 3444 3229 in

1889 3277 2128 3346 seipsum
2162 3286 2420 3338 mutatus,
2451 3275 2768 3327 suavissime
2819 3272 2953 3334 risit,
2984 3280 3037 3325 et
3077 3269 3446 3325 vehementis~

1881 3370 2036 3431 sime,
2071 3379 2125 3420 et
2149 3370 2302 3422 solita
2331 3368 2575 3436 protinus
2608 3365 2891 3433 superbia:
2923 3363 2999 3417 Ne
3036 3378 3119 3417 me
3148 3362 3440 3422 existimes,

1883 3456 2076 3526 inquit.
2109 3471 2230 3511 esse
2263 3473 2326 3510 ex
2369 3458 2475 3510 illis
2530 3456 2824 3510 humilibus
2871 3453 3174 3515 daemOniis,
3229 3468 3348 3520 quin
3387 3461 3444 3506 tu

1883 3550 1988 3604 scis
2043 3565 2185 3619 saepe
2250 3547 2434 3620 fugare
2497 3547 2581 3602 vel
2635 3548 2800 3601 verbo
2856 3547 2971 3600 solo
3010 3563 3023 3599 :
3057 3546 3150 3599 sed
3183 3561 3299 3620 sun)
3330 3546 3442 3615 ipse

1882 3641 2153 3702 centurio,
2189 3642 2346 3707 cujus
2379 3657 2501 3693 cum
2534 3656 2677 3694 nunc
2710 3639 2884 3695 fecisti
2926 3639 3249 3709 periculum,
3292 3638 3442 3691 vides

1883 3745 2042 3799 quam
2077 3731 2328 3802 gravibus
2351 3731 2424 3784 sis
2481 3730 2710 3784 allectus
2762 3730 3057 3790 doloribus.
3083 3729 3173 3797 qui
3203 3718 3440 3782 liberasti

1884 3823 2136 3875 multosa
2181 3825 2463 3876 molestiis.
2511 3823 2601 3876 Sic
2657 3822 3017 3876 exsecrandus
3072 3837 3136 3875 ex
3181 3836 3266 3885 eo,
3299 3836 3370 3889 qu
3407 3820 3441 3874 d

1885 3914 2064 3978 laedat,
2125 3929 2401 3982 nunquam
2453 3925 2632 3968 autem
2689 3931 2754 3969 ex
2821 3929 2904 3978 eo,
2945 3915 3084 3981 quod
3118 3913 3306 3980 prosit,
3338 3911 3439 3966 sibi

1883 4006 2092 4061 laudem
2122 4007 2330 4061 tribuit.
2365 4004 2485 4060 Haec
2518 4021 2645 4075 ergo
2679 4003 2980 4063 admirabili
3021 4005 3157 4060 dixit
3184 4004 3438 4068 Abercio,

1880 4109 1933 4151 et
1960 4099 2216 4168 impetum
2281 4099 2407 4151 facit
2458 4101 2509 4152 in
2571 4100 2857 4167 quemdam
2919 4113 2985 4152 ex
3023 4098 3106 4162 iis,
3136 4098 3227 4167 qui
3258 4098 3436 4166 ipsum

1881 4191 2370 4253 circumsistebant,
2414 4191 2892 4246 adolescentibus:
2950 4205 3109 4258 quem
3145 4204 3266 4242 cum
3322 4204 3440 4257 gra-

1883 4280 2018 4334 viter
2051 4281 2442 4351 discerpsissct,
2464 4282 2841 4337 miserabiliter
2874 4282 3085 4351 projicit
3115 4289 3167 4335 in
3202 4282 3437 4336 medium

1882 4383 2146 4423 ΟΙΥΙΠΙΠΠΙ.

1953 4659 2066 4714 XV.
2097 4660 2314 4731 Magnus
2343 4670 2520 4714 autem
2564 4663 2823 4718 Abercius
2852 4666 3030 4718 statim
3070 4664 3436 4718 misericordia

1883 4762 2061 4806 motus
2108 4753 2486 4818 adolescentis,
2535 4763 2582 4806 et
2624 4755 2786 4806 Deum
2839 4766 3108 4824 precatus,
3139 4773 3262 4812 eum
3297 4760 3436 4813 malo

1881 4844 2069 4904 solvit,
2123 4853 2175 4894 et
2235 4843 2624 4896 exsecrandum
2692 4845 2841 4898 illum
2898 4847 3194 4902 dzemonem
3251 4851 3434 4909 procul

1881 4934 2124 5000 expellit,
2165 4948 2219 4983 re
2250 4934 2361 4999 ipsa
2391 4934 2703 4996 ostendens.
2739 4937 2984 5003 quisnam
3018 4939 3083 4989 sit
3117 4940 3240 4991 boni
3269 4941 3434 4994 disci-

1881 5024 2060 5093 pulus,
2095 5032 2149 5075 et
2181 5024 2268 5092 qui
2329 5023 2463 5076 bene
2511 5025 2683 5078 facere
2738 5026 3029 5080 didicerit:
3083 5039 3137 5081 et
3185 5033 3431 5097 quisnam

1880 5115 1924 5167 is
1950 5116 2036 5172 sit.
2070 5115 2157 5182 qui
2208 5125 2288 5167 est
2342 5116 2512 5167 malus
2549 5116 2614 5167 ab
2659 5117 2831 5180 initio,
2882 5128 2935 5170 et
2989 5120 3242 5185 magister
3295 5123 3432 5176 male

1881 5207 2106 5259 faciendi
2139 5207 2275 5259 aliis.
2321 5206 2407 5258 Ille
2458 5216 2637 5258 autem
2690 5225 2794 5259 non
2842 5223 2904 5260 eo
2952 5225 3120 5277 usque
3164 5213 3427 5277 constitit,

1879 5313 2052 5365 neque
2085 5298 2246 5351 semel
2298 5306 2606 5361 superatum
2651 5313 2768 5348 esse
2805 5300 2935 5351 satis
2981 5301 3166 5353 habuit
3202 5319 3216 5354 :
3248 5303 3341 5354 sed
3374 5304 3426 5355 ei

1881 5405 2067 5441 rursus
2096 5388 2293 5441 bellum
2323 5389 2626 5452 denuntiat,
2668 5390 2822 5456 cujus
2855 5392 3085 5458 primum
3122 5393 3426 5447 conﬂictum

1879 5496 1985 5533 non
2020 5481 2187 5548 potuit
2229 5484 2517 5533 sustinuere.
2559 5481 2785 5544 Quando
2820 5484 2964 5536 enim
3011 5485 3210 5536 invitus
3253 5499 3428 5539 reces-

1879 5571 1965 5632 sit,
2007 5571 2190 5622 relicto
2237 5570 2597 5633 adulescente,
2643 5587 2828 5639 aspera
2867 5582 2920 5624 et
2971 5572 3265 5641 impudenti
3297 5590 3429 5626 voce

1882 5677 2006 5714 usus
2045 5679 2057 5715 :
2091 5663 2207 5714 Cito
2252 5676 2320 5723 re,
2350 5661 2539 5729 inquit,
2567 5677 2596 5712 0
2633 5663 2842 5724 Abcrci,
2875 5663 2956 5716 vel
2985 5664 3207 5717 invitum
3236 5665 3427 5719 faciant

1881 5755 2060 5807 videre
2125 5753 2485 5806 Romanorum
2557 5754 2852 5806 civitatem.
2907 5754 3018 5808 l‘loc
3089 5765 3266 5808 autem
3322 5771 3429 5809 non

1882 5847 2045 5899 multo
2077 5855 2195 5912 post
2230 5846 2428 5909 evenit,
2458 5856 2515 5900 ut
2538 5845 2790 5912 deinceps
2815 5848 3181 5903 ostendemus.
3206 5845 3425 5902 Divinus
