4216 6432
780 364 904 430 1231

2059 362 2110 420 Μ
2124 358 2340 420 ENSlS
2377 359 2739 425 OCTOBER.

3898 370 4035 434 1232

771 491 918 542 enim
947 485 1206 540 Abercius
1230 485 1450 539 domum
1484 496 1635 534 suam
1675 496 1946 542 reversus,
1981 488 2121 535 totOS
2149 489 2356 549 septem
2387 483 2431 540 Λ

2387 483 2431 540 Λ
2463 479 2621 545 λόγου
2645 482 2897 548 δηλώσει.
2946 481 3002 534 Ὀ
3039 485 3139 552 μὲν
3175 486 3280 552 γὰρ
3310 486 3446 549 θεῖος
3492 485 3790 553 ’Λεέρκιος,
3825 490 3900 549 ιίς
3935 491 4034 554 τὴν

771 583 887 635 dies
927 578 1186 647 transegit
1217 577 1270 630 in
1302 575 1522 646 jejuniis
1551 585 1603 627 et
1645 573 1926 628 nocturnis
1955 572 2146 642 vigiliis
2181 570 2345 625 simul

772 685 894 722 cum
942 668 1216 725 fratribus.
1265 681 1459 735 rogans
1516 682 1581 718 ne
1632 677 1781 719 esset
1831 674 1972 717 tanta
2034 664 2234 716 inimici
2290 663 2342 714 in

772 777 892 814 eum
934 761 1193 828 potentia,
1231 768 1286 812 ut
1310 775 1414 828 quo
1448 759 1531 811 ille
1563 773 1683 808 eum
1716 758 1954 810 duceret.
1997 756 2108 823 ipse
2145 770 2337 822 seque-

774 865 940 907 retur.
981 854 1218 922 Septima
1266 869 1391 906 vero
1439 863 1594 904 nocte
1631 852 1675 902 ei
1726 851 1775 900 in
1824 849 2028 902 somnis
2074 862 2336 916 apparens

775 945 1052 1004 Dominus,
1096 945 1274 998 dixit:
1333 945 1576 997 Romam.
1636 960 1665 992 o
1716 940 1930 1002 Aherei,
1984 955 2098 992 mea
2153 940 2336 992 venies

772 1036 1128 1102 providentia,
1167 1045 1222 1087 ut
1252 1037 1337 1099 qui
1378 1035 1426 1086 in
1461 1049 1522 1086 ea
1551 1043 1695 1094 sunt,
1732 1047 1908 1085 meum
1945 1047 2141 1084 nomen
2173 1045 2338 1099 agno-

773 1134 942 1176 scant.
970 1124 1117 1178 Esto
1150 1141 1275 1193 ergo
1312 1124 1452 1177 bono
1489 1125 1690 1186 animo,
1718 1123 1885 1191 gratia
1919 1124 2060 1174 enim
2109 1136 2225 1174 mea
2264 1130 2339 1174 tc—

769 1217 1041 1268 conterit.
1076 1215 1226 1268 Tune
1261 1226 1483 1268 sanctus
1535 1229 1564 1266 e
1612 1229 1803 1265 somno
1847 1215 2113 1268 excitatus
2149 1229 2160 1265 :
2203 1211 2334 1274 Fiat,

770 1309 968 1376 inquit,
997 1306 1247 1358 voluntas
1276 1315 1386 1368 tua,
1426 1305 1643 1358 Christe
1683 1321 1693 1354 :
1734 1313 1789 1358 et
1839 1303 2076 1356 divinam
2123 1305 2339 1372 appari—

770 1404 967 1458 tionem
1021 1400 1354 1452 renuntiavit
1404 1398 1677 1451 fratribus.
1730 1395 1834 1449 Sed
1886 1395 1932 1450 ei
1977 1395 2194 1464 quidem
2259 1395 2338 1448 sic

766 1493 1082 1560 praedictum
1115 1502 1197 1546 est
1233 1492 1367 1556 fore,
1399 1501 1455 1545 ut
1481 1492 1690 1545 veniret
1724 1489 1786 1542 ad
1835 1487 2202 1540 Romanorum
2259 1488 2334 1542 ci-

769 1583 1008 1637 vitarem.

833 1784 971 1836 XVI.
1022 1783 1286 1855 Malignos
1339 1794 1519 1839 autem
1561 1785 1794 1848 daemon,
1844 1782 1934 1851 qui
1989 1782 2144 1850 paulo
2204 1791 2328 1834 ante

761 1891 884 1928 eum
925 1888 988 1927 eo
1045 1886 1333 1928 venturum
1408 1887 1491 1929 est
1540 1877 1839 1936 minitatus,
1895 1872 2029 1924 nihil
2075 1869 2328 1925 differens

763 1972 907 2025 venit
940 1971 1183 2031 Romam,
1219 1979 1270 2022 et
1315 1968 1654 2038 imperatoris
1707 1965 1966 2020 Antonini
2017 1965 2178 2016 filiam
2216 1965 2324 2032 jam

761 2062 1022 2123 nubilem,
1061 2071 1115 2114 et
1153 2061 1426 2114 sexdecim
1460 2075 1632 2113 annos
1672 2067 1849 2109 natam
1886 2056 1986 2125 (t),
2016 2070 2132 2124 quae
2161 2054 2326 2108 Lucio

758 2154 977 2219 quidem
1036 2151 1175 2204 Vero
1226 2150 1406 2203 fuerat
1465 2152 1755 2218 deSponsa,
1801 2146 2092 2202 vocabatur
2144 2156 2323 2197 autem

759 2241 983 2303 Lucilla,
1024 2251 1077 2296 et
1122 2250 1345 2296 caeteras
1393 2256 1517 2294 suas
1559 2240 1792 2309 aequales
1837 2237 2242 2306 pulchritudine
2272 2219 2327 2286 et

757 2333 1128 2403 magnitudine
1172 2331 1486 2400 Superalrat,
1534 2329 1831 2398 ingreditur
1863 2346 1874 2379 :
1910 2335 1962 2379 et
2008 2324 2188 2379 statim
2222 2324 2326 2378 ciet

757 2431 956 2489 furore,
991 2435 1046 2478 ut
1097 2438 1155 2477 se
1186 2424 1519 2491 discerperet
1570 2434 1619 2474 et
1658 2421 1935 2488 deiiceret,
1985 2429 2038 2472 et
2071 2411 2324 2472 dentibus

756 2518 1026 2570 morderet
1073 2531 1284 2578 manus,
1331 2521 1384 2568 et
1418 2529 1541 2567 suas
1585 2528 1772 2566 carnes
1823 2510 2118 2564 manderet.
2156 2509 2324 2563 Mater

751 2619 930 2660 autem
987 2606 1240 2660 FauStina
1288 2607 1414 2675 (hoc
1459 2604 1601 2658 enim
1657 2613 1771 2657 erat
1811 2617 2006 2656 nomen
2045 2604 2319 2671 Augustae)

752 2699 915 2751 simul
949 2713 1071 2750 cum
1122 2698 1395 2750 Antonino
1445 2696 1783 2763 augebantur
1829 2693 2032 2754 animo.
2085 2701 2138 2744 et
2170 2690 2321 2744 valde

750 2800 908 2842 erant
942 2788 1093 2842 dubii
1132 2803 1192 2840 ac
1220 2786 1483 2856 perplexi,
1515 2795 1571 2838 et
1601 2799 1717 2837 eam
1748 2798 1859 2837 rem
1905 2783 2190 2836 maximam
2222 2782 2324 2834 du-

750 2884 945 2936 cebant
971 2881 1358 2933 calamitatem.
1390 2877 1543 2942 Quod
1577 2885 1754 2929 autem
1782 2876 1862 2928 eis
1893 2876 2126 2926 maxime
2154 2885 2318 2938 auge-

750 2977 838 3028 bat
871 2974 1036 3028 animi
1085 2971 1480 3042 aegritudinem,
1533 2977 1668 3028 erat,
1716 2967 1858 3036 quod
1916 2966 2091 3034 puella
2145 2963 2320 3018 fuerat

748 3069 1017 3133 desponsa
1074 3061 1260 3116 Lucio.
1311 3059 1441 3113 Nam
1494 3074 1615 3112 eum
1668 3058 1884 3126 quidem
1927 3057 2036 3125 jam
2094 3054 2317 3108 miserat

745 3159 1051 3210 Antoninus
1101 3157 1163 3208 ad
1205 3153 1502 3210 Orientem,
1559 3151 1753 3203 bellum
1806 3158 2078 3220 gesturum
2128 3159 2312 3202 contra

747 3265 928 3318 regem
967 3249 1282 3317 Bulgessum
1317 3246 1413 3314 (2').
1443 3245 1589 3298 Inter
1617 3258 1711 3296 eos
1742 3252 1925 3294 autem
1960 3247 2308 3300 convenerat,

747 3354 805 3395 ut
842 3352 982 3396 stato
1018 3341 1103 3393 die
1135 3337 1334 3392 Lucius
1364 3335 1581 3402 quidem
1631 3334 1698 3385 ab
1727 3330 1972 3394 Oriente,
2007 3330 2314 3383 Antoninus

745 3441 926 3483 autem
980 3428 1152 3480 Roma
1212 3424 1461 3477 venirent
1510 3421 1830 3492 Ephesum:
1881 3430 1936 3474 et
1989 3421 2041 3473 in
2091 3421 2308 3489 templo,

743 3521 888 3590 quod
916 3521 988 3574 ibi
1019 3529 1152 3583 erat,
1183 3516 1362 3571 Dianae
1384 3518 1710 3576 Antoninus,
1749 3516 1846 3566 dea
1886 3521 2042 3570 teste,
2075 3511 2312 3562 traderet

744 3615 995 3684 puellam.
1028 3604 1227 3662 Lucius
1248 3622 1372 3659 vero
1390 3607 1678 3672 acciperet.
1709 3600 1842 3654 Cum
1864 3614 1990 3670 ergo
2013 3599 2230 3663 Lucius,
2255 3612 2313 3653 ut

743 3710 1089 3763 convenerat,
1150 3711 1377 3767 propere
1424 3693 1697 3764 navigaret
1733 3693 2028 3761 Ephesum,
2063 3693 2312 3746 nesciens

739 3797 867 3865 quid
895 3790 1414 3864 ageretAntoninus,
1434 3802 1554 3843 cum
1577 3796 1718 3842 esset
1742 3788 1859 3857 ejus
1887 3788 1990 3840 tilia
2011 3796 2039 3839 a
2067 3786 2309 3840 daemone

742 3897 1010 3954 correpta,
1037 3888 1245 3950 tempus
1268 3879 1533 3949 protrahit
1560 3880 1927 3944 excusatione,
1963 3878 2208 3931 scribens
2242 3876 2308 3933 ad

741 3979 990 4039 Lucium,
1014 3977 1156 4045 quod
1192 3971 1466 4036 Germani,
1501 3971 1720 4038 traiecto
1738 3970 1944 4030 Rheno,
1977 3969 2169 4037 oppida
2200 3966 2308 4018 Ro-

743 4086 1023 4124 manorum
1077 4075 1131 4118 et
1157 4067 1300 4118 vicos
1328 4063 1650 4133 populantur
1690 4078 1702 4115 :
1736 4075 1786 4115 et
1815 4061 1935 4115 ideo
1962 4075 2067 4114 non
2104 4068 2309 4128 poterat

741 4179 886 4217 nunc
914 4178 1032 4215 cum
1067 4159 1170 4213 lilia
1204 4159 1386 4212 venire
1412 4157 1708 4226 Ephesum,
1740 4165 1797 4209 ut
1827 4165 2174 4219 convenerat,
2210 4153 2304 4206 sed

743 4259 950 4307 tantum
983 4268 1126 4305 anno
1156 4251 1427 4319 sequenti.
1458 4248 1518 4302 Ei
1547 4259 1724 4302 autem
1759 4264 1879 4302 eum
1908 4250 1960 4299 in
1995 4246 2166 4300 media
2207 4263 2306 4298 na-

741 4347 1009 4412 vigatione
1059 4341 1282 4393 reddita:
1331 4340 1560 4392 fuissent
1601 4339 1791 4390 litterae
1844 4340 1909 4389 ab
1957 4336 2302 4403 imperatore,

741 4451 934 4506 inayto
966 4433 1152 4487 dolore
1182 4429 1424 4496 affectus,
1459 4431 1618 4500 idque
1661 4430 1841 4483 ferens
1882 4430 2182 4498 aegerrime,
2211 4444 2301 4482 rc-

740 4532 966 4584 vertitur
1004 4529 1372 4582 Antiochiam.
1419 4525 1718 4594 Imperator
1757 4534 1936 4576 autem
1997 4523 2306 4576 Antoninus

742 4625 934 4692 partim
978 4622 1195 4691 quidem
1226 4634 1323 4672 sua
1361 4626 1552 4685 sponte
1591 4616 1743 4667 valde
1767 4617 1831 4666 de
1865 4613 1971 4665 filia
2020 4613 2305 4675 sollicitus,

740 4722 935 4785 parum
973 4729 1100 4768 vero
1147 4728 1176 4766 a
1221 4712 1450 4780 conjuge
1494 4708 1768 4771 incitatus,
1820 4707 1999 4758 omnia
2050 4705 2302 4766 faciebat,

741 4821 794 4862 et
829 4826 857 4862 a
887 4808 1032 4861 nullo
1068 4805 1398 4864 abstinebat,
1429 4801 1570 4869 quod
1592 4799 1815 4853 haberet
1844 4799 2130 4850 rationem.

810 5225 964 5277 XVII.
1006 5222 1263 5276 Adductis
1313 5220 1492 5287 itaque
1538 5217 1902 5270 Romanorum
1949 5225 2001 5266 et
2048 5213 2295 5267 Italorum

735 5311 1129 5376 sacerdotibus,
1165 5323 1218 5366 et
1266 5327 1330 5365 ex
1373 5310 1584 5363 Etruria
1622 5308 1896 5360 accersitis
1936 5307 2298 5374 aruspicibus,

735 5426 828 5479 per
859 5425 1002 5478 ipsas
1030 5406 1311 5473 adjurabat
1350 5406 1676 5464 daemonem,
1701 5409 1751 5453 et
1785 5400 1916 5452 nihil
1949 5416 2054 5452 non
2087 5398 2299 5464 excogi-

737 5505 880 5554 tabat
911 5501 974 5552 ad
1007 5499 1130 5551 mali
1164 5498 1519 5550 curationem.
1549 5493 1640 5546 Illa
1666 5501 1842 5544 autem
1888 5499 1938 5542 et
1972 5491 2148 5542 inania
2183 5503 2301 5541 esse

807 5682 879 5748 (1)
908 5685 1060 5732 Anno
1109 5679 1225 5741 165,
1261 5689 1401 5732 teste
1441 5680 1668 5737 Barunio
1701 5679 1859 5733 Marci
1900 5680 2097 5734 Aurelii
2133 5679 2296 5728 Anto-

732 5765 843 5806 ntni
874 5752 1214 5818 imperatoris
1245 5752 1350 5802 tilia
1376 5754 1654 5804 obsidetur
1686 5767 1712 5801 ει
1745 5753 2008 5803 dzemone.

805 5824 878 5888 (‘2)
927 5818 1266 5888 Votagewm,
1321 5822 1412 5889 qui
1462 5833 1572 5876 erat
1608 5823 1924 5876 Parthorum
1987 5836 2094 5872 rex.
2168 5817 2297 5871 Vide

2455 573 2650 624 ἑαυτοῦ
2686 574 2862 625 οἰκίαν
2896 575 3231 640 ἐπανελθὼν,
3267 578 3406 629 ἑπτὰ
3439 579 3562 639 ὅλας
3586 574 3770 630 εἷλκεν
3819 582 4033 648 ἡμέρας

2454 667 2509 716 ὲν
2542 667 2822 734 νηστείαις
2857 667 2951 719 καὶ
2983 668 3298 737 παννυχίσιν
3327 667 3441 736 ἅμα
3471 671 3580 731 τοῖς
3627 671 3899 737 ἀδελφοῖς,
3943 672 4032 722 δε-

2454 759 2645 827 όμενος
2686 759 2758 827 μὴ
2783 759 3034 828 τοιαύτην
3086 761 3337 827 γενέσθαι
3385 762 3504 813 κατ’
3551 762 3715 813 αὑτοῦ
3755 765 3909 832 ίσχὺν
3954 765 4031 832 τῷ

2454 850 2632 918 ἐχθρῷ
2669 849 2739 910 ῶς
2771 845 2913 922 ᾗπερ
2949 851 3013 902 ἂν
3039 852 3242 915 ἐκεῖνος
3273 853 3386 924 ἄγῃ
3415 853 3507 903 καὶ
3551 852 3718 905 αὐτὸν
3754 854 3990 908 ἕπεσθαι
4015 874 4025 885 ·

2454 943 2555 994 ὑπὸ
2591 942 2642 994 δὲ
2669 943 2763 1013 τὴν
2796 942 3034 1011 ἑϐδόμην
3085 943 3250 995 νύκτα
3302 945 3434 1012 ὄναρ
3487 943 3637 1012 αὑτῷ
3678 947 3771 997 τὸν
3821 947 4029 1016 Κύριον

2448 1036 2762 1092 ἐπιστάντα.
2801 1037 2893 1086 καὶ
2925 1037 3016 1097 Εἰς
3067 1036 3305 1104 Ῥώμην,
3337 1039 3521 1104 φάναι,
3573 1038 3848 1107 ’Λεέρκιεη
3881 1043 4028 1089 οἰκο-

2443 1129 2604 1197 νομίᾳ
2638 1131 2698 1196 τῇ
2731 1130 2835 1196 ἐμῇ
2867 1127 3032 1198 ἀφίξῃ
3058 1145 3070 1158 '
3110 1129 3250 1180 ὥστε
3305 1129 3367 1198 δὴ
3407 1132 3498 1182 καὶ
3529 1133 3655 1190 τοὺς
3696 1133 3754 1181 ἐν
3786 1134 3930 1199 αὐτῇ
3967 1134 4026 1181 τὸ

2442 1221 2571 1287 ἐμὸν
2600 1221 2775 1287 ὄνομα
2817 1221 3135 1287 ἐπιγνῶναι.
3171 1219 3371 1291 Θάρρει
3396 1222 3702 1290 τοιγαροῦν·
3731 1224 3760 1291 ἡ
3785 1223 3896 1291 γὰρ
3929 1225 4028 1290 xi-

2444 1329 2527 1378 p:;
2563 1330 2664 1380 μου
2708 1312 2844 1380 μετᾶ
2907 1312 3001 1365 σοῦ
3063 1314 3236 1366 ἔσται.
3308 1315 3438 1364 Τότε
3499 1315 3887 1366 διυπνιιτθέντα
3933 1317 4026 1366 τὸν

2443 1404 2598 1469 ἅγιον
2623 1443 2636 1465 ,
2674 1404 2908 1468 Γένοιτο,
2951 1407 3135 1474 φάναι,
3168 1407 3227 1458 τὸ
3261 1405 3473 1474 θέλημά
3513 1423 3624 1465 σου,
3663 1408 3833 1475 Κύριε
3861 1423 3873 1435 ·
3928 1407 4025 1458 καὶ

2441 1500 2539 1565 τὴν
2575 1498 2725 1550 θείαν
2761 1501 2979 1568 ἐκείνην
3013 1501 3316 1570 ἐμφάνειαν
3371 1503 3482 1561 τοῖς
3527 1499 3777 1564 ἀδελφοῖς
3837 1503 4027 1565 {17:27-

2440 1591 2638 1655 γεῖλαι.
2683 1591 2844 1643 Ἀλλὰ
2878 1593 2954 1661 τῷ
2985 1591 3085 1661 μὲν
3118 1593 3259 1644 οὕτω
3284 1594 3376 1644 καὶ
3403 1592 3556 1660 παρὰ
3590 1592 3686 1660 τὴν
3725 1593 4023 1663 Ῥωμαίι-›ν

2438 1684 2590 1733 πόλιν
2625 1685 2919 1751 ἀφικέσθαι
2946 1684 3266 1755 προείρητο.

2507 1776 2620 1842 ις’.
2665 1777 2721 1829 Ὀ
2756 1777 2808 1830 δὲ
2853 1778 3088 1848 πονηρὸς
3119 1780 3328 1845 δαίμων
3352 1781 3560 1840 ἐκεῖνος
3585 1781 3610 1830 ὁ
3637 1777 3824 1847 μικρῷ
3877 1779 4022 1846 πρόο

2438 1867 2560 1919 σθεν
2595 1868 2672 1938 τῷ
2702 1869 2842 1937 ἁγίῳ
2868 1869 2964 1939 τὴν
3016 1870 3202 1939 ἄφιξιν
3259 1870 3464 1940 ταύτην
3505 1871 3790 1932 ὲπισεὶσας
3813 1911 3827 1932 ,
3861 1871 4016 1922 οὐδὲν

2435 1960 2867 2029 ἀναϐαλόμενος,
2902 1964 2978 2024 είς
3022 1962 3242 2033 Ῥώμην
3278 1965 3456 2033 φοιτᾷ,
3494 1965 3584 2015 καὶ
3612 1965 3708 2029 τὴν
3738 1964 3832 2013 τοῦ
3857 1962 4016 2032 βασι-

2433 2054 2570 2117 λέως
2611 2055 2927 2106 Ἀντωνίνου
2959 2056 3140 2117 παῖδα,
3183 2057 3454 2125 ὲπίγαμόν
3484 2075 3539 2110 τε
3571 2057 3670 2127 ἤδη
3701 2056 3796 2108 καὶ
3823 2057 4012 2107 ἐκκαι-

2431 2145 2646 2196 δεκέτιν
2676 2141 2860 2208 οὖσαν.
2904 2147 2937 2215 ἢ
2972 2145 3133 2214 Βήρῳ
3172 2147 3270 2214 μὲν
3313 2148 3527 2216 Λευκίῳ
3581 2147 3735 2217 ἀνδρὶ
3793 2164 4008 2215 κατηγ-

2433 2236 2638 2307 γὺητο,
2678 2238 2946 2290 Λουκίλλα
2986 2239 3041 2291 δὲ
3073 2240 3319 2291 ἐκαλεῖτο
3346 2281 3360 2300 ,
3414 2239 3599 2292 κάλλει
3637 2242 3732 2292 xz‘t
3775 2240 4006 2307 μεγέθει

2431 2331 2528 2391 τὰς
2561 2330 2680 2381 κατ’
2722 2330 2890 2402 αὐτὴν
2919 2331 3415 2401 ὑπερενεγκοῦσαν,
3451 2331 3743 2396 είςδὺεται,
3781 2336 3873 2384 καὶ
3907 2333 4005 2384 αὺ-

2429 2423 2555 2474 τίκα
2579 2423 2826 2488 ὲκμαίνει
2855 2438 2868 2453 ⁶
2911 2422 2985 2484 ὡς
3018 2422 3381 2492 ταράττεσθαί
3426 2440 3484 2474 τε
3528 2424 3619 2475 καὶ
3659 2424 4006 2481 καταϐάλλι-

2430 2515 2574 2578 σθαι,
2609 2518 2700 2570 ml.
2731 2516 2910 2568 ὀδοῦσι
2932 2516 3039 2568 τῶν
3054 2517 3252 2586 χειρῶν
3277 2516 3561 2578 ἅπτεσθαι,
3593 2517 3686 2568 καὶ
3708 2521 3808 2578 τὰς
3834 2519 4006 2585 αὐτῆς

2431 2608 2641 2678 σάρκας
2665 2609 3065 2677 διαμασᾶσθαι.
3106 2609 3170 2659 Ἥ
3198 2608 3289 2659 οὖν
3320 2609 3501 2677 μήτηρ
3528 2609 3803 2658 Φαυστίιια
3824 2609 4012 2675 (τοῦτο

2427 2699 2535 2766 γὰρ
2575 2696 2642 2767 ἦν
2665 2701 2834 2766 ὄνομα
2853 2701 2915 2766 τῇ
2943 2696 3251 2767 Αὑγούστῃ)
3274 2699 3417 2767 λύπῃ
3444 2699 3539 2749 σὺν
3586 2700 3890 2767 Ἀντωνίνῳ
3917 2702 4010 2751 καί

2427 2792 2630 2861 ἀπορίᾳ
2660 2791 2848 2852 δεινῶς
2885 2791 3110 2860 εἴχοντο,
3162 2792 3256 2843 καὶ
3312 2793 3598 2861 συμφορὰν
3648 2793 3892 2862 ἐσχάτην
3951 2797 4010 2846 τὸ

2428 2885 2658 2952 πρᾶγμα
2689 2883 2931 2937 ἐτίθεντο
2961 2900 2975 2915 ·
3012 2881 3078 2956 ἦν
3101 2884 3156 2936 δὲ
3189 2885 3248 2936 τὺ
3300 2886 3536 2953 μάλιστα
3570 2886 3754 2948 αὐτοῖς
3799 2889 4010 2940 ἐπιτεῖ-

2425 2993 2513 3027 νον
2575 2976 2671 3045 τὴν
2703 2977 2946 3046 ’ἀθυμίαν
2993 2977 3195 3046 ήπρὸς
3242 2979 3332 3029 τὸν
3396 2977 3628 3029 Λεύκιον
3678 2979 3775 3043 τῆς
3836 2979 4008 3046 κόρης

2430 3068 2718 3134 μνηστεία.
2763 3065 2963 3117 Τοῦτον
2991 3067 3098 3133 γὰρ
3132 3065 3462 3117 ἀπεστάλκει
3524 3067 3621 3132 μὲν
3684 3068 4006 3129 Ἀντωνῖνος

2424 3158 2522 3225 ἤδη
2557 3159 2692 3226 πρδς
2737 3157 2835 3225 τὴν
2879 3154 3046 3224 Ἐῴαν
3084 3156 3324 3225 πόλεμον
3361 3157 3747 3225 συμϐαλοῦντα
3794 3159 3873 3226 τῷ
3908 3160 4004 3225 βα-

2423 3246 2558 3297 σιλεῖ
2589 3246 2925 3315 Βουλγέ-τσῳ.
2983 3245 3228 3316 ’Υπῆρχε
3265 3248 3320 3300 δὲ
3350 3247 3598 3316 ἀλλήλοις
3633 3251 4006 3318 συγκείμενον

2418 3336 2561 3387 κατὰ
2593 3351 2742 3399 τινας
2792 3338 2961 3405 ῥητὰς
2989 3338 3226 3406 ἡμέρας,
3272 3338 3363 3389 τὸν
3412 3339 3509 3406 μὲν
3546 3341 3653 3391 ἀπὸ
3710 3341 3814 3408 τῆς
3862 3342 4004 3404 Ἕω,

2415 3429 2505 3479 τὸν
2535 3430 2781 3489 Λεύκιον,
2811 3428 2901 3478 τὸν
2926 3427 2981 3478 δὲ
3010 3428 3116 3478 ἀπὸ
3157 3425 3376 3496 Ῥώμης
3428 3433 3526 3497 τὴν
3573 3432 3807 3498 Ἔφεσον
3831 3451 4007 3485 κατα-

2417 3518 2600 3569 λαϐεῖν
2625 3535 2638 3550 ·
2670 3519 2764 3570 καὶ
2804 3519 2861 3569 ὲν
2896 3517 2972 3587 τῷ
3002 3519 3124 3570 κατ’
3155 3519 3326 3586 αὐτὴν
3359 3520 3470 3588 vat}.
3500 3521 3600 3590 τῆς
3649 3524 4001 3593 Ἀρτέμιδος.

2415 3610 2505 3663 τὸν
2568 3612 2667 3679 μὲν
2704 3613 2806 3664 ὑπὸ
2854 3612 3091 3682 μάρτυρι
3132 3615 3200 3682 τῇ
3254 3611 3359 3683 θεῷ
3397 3615 3730 3667 καταθέσθαι
3781 3620 4004 3686 Λευκίῳ

2414 3701 2513 3772 τὴν
2537 3702 2724 3765 παῖδα,
2752 3703 2842 3755 τὸν
2867 3703 2922 3756 δὲ
2949 3703 3228 3769 δέξασθαι.
3264 3704 3414 3756 Ἐπεὶ
3438 3704 3530 3758 οὖν
3547 3707 3574 3758 ὁ
3595 3706 3828 3770 Λεύκιος
3859 3713 4002 3761 κατὰ

2413 3799 2510 3859 τὰς
2538 3796 2814 3865 συνθήκας
2852 3794 3004 3848 ἔπλει
3035 3797 3172 3863 πρὸς
3196 3797 3295 3865 τὴν
3333 3797 3572 3864 Ἔφεσον
3607 3799 4000 3868 ἐπειγόμενος,

2415 3891 2514 3942 οὐκ
2545 3890 2684 3957 ἔχων
2709 3890 2736 3941 ὃ
2763 3905 2815 3940 τι
2845 3891 3110 3958 χρήσαιτο
3138 3889 3315 3959 ἐαυτῷ
3361 3890 3680 3951 Ἀντωνῖνος
3716 3890 3998 3959 δαιμο-ιῶσ

2416 3997 2514 4050 σης
2549 3980 2694 4048 αὑτῷ
2721 3973 2816 4047 τῆς
2840 3979 3029 4040 παιδὸς
3058 3982 3330 4048 προψάσει
3361 3971 3713 4050 διακρούεται
3746 3984 3844 4033 τὸν
3871 4001 3999 4033 και-

2416 4076 2528 4145 ρὸν,
2565 4072 2783 4142 γράψας
2823 4071 3038 4138 Λευκίῳ
3093 4069 3168 4130 ὡς
3195 4071 3256 4122 τὸ
3287 4071 3585 4140 Γερμανῶν
3616 4071 3771 4135 ἔθνος
3801 4074 3998 4126 διαϐαν

2412 4169 2502 4221 τὸν
2542 4166 2753 4236 Ῥῆνον,
2786 4166 2884 4227 τάς
2915 4180 2974 4216 τε
3007 4163 3191 4225 πόλεις
3227 4162 3515 4234 Ῥωμαίων
3541 4166 3635 4218 καὶ
3669 4167 3768 4229 τὰς
3799 4168 3995 4235 κώμας

2413 4262 2688 4329 ληῖζεται·
2729 4258 3022 4311 κάντεῦθεν
3067 4257 3201 4327 μηδὲ
3233 4259 3376 4309 κατὰ
3409 4259 3477 4310 τὰ
3525 4259 3871 4328 συγκείμενα
3901 4261 3992 4313 δύο

2411 4349 2607 4404 νασθαι
2634 4349 2727 4402 νῦν
2749 4351 2827 4409 είς
2856 4350 3090 4416 Ἔφεσον
3133 4351 3270 4418 μετὰ
3300 4351 3397 4418 τῆς
3419 4353 3606 4413 παιδὸς
3632 4355 3989 4423 συνδραμεῖν,

2415 4442 2529 4496 ἀλλ’
2560 4447 2636 4502 εἰς
2666 4441 2725 4494 τὸ
2754 4440 2906 4494 ἐπιὸν
2934 4439 3071 4502 ἔτος.
3102 4440 3191 4509 Τῷ
3216 4440 3294 4504 δὲ,
3320 4441 3504 4508 ἐπειδὴ
3534 4445 3677 4494 κατὰ
3706 4446 3874 4510 μέσον
3902 4450 3990 4497 τὶν

2340 4555 2383 4612 ο
2416 4537 2582 4590 πλοῦν
2612 4537 2677 4590 τὰ
2713 4535 2862 4605 παρὰ
2901 4532 3165 4604 βασιλέως
3209 4534 3422 4602 ὑπήντα
3457 4535 3765 4603 γράμματα
3793 4555 3807 4569 -
3863 4541 3992 4606 σφε-

2410 4628 2515 4694 δρα,
2543 4643 2602 4676 τε
2628 4626 2916 4693 ἀθυμήσας
2959 4625 3055 4677 καὶ
3087 4624 3338 4694 χαλεπῶς
3373 4625 3638 4692 ἐνεγκὼν,
3682 4628 3759 4687 είς
3789 4628 3888 4696 τὴν
3933 4632 3990 4679 ὲν

2412 4718 2596 4786 Δάφνῃ
2633 4716 2962 4784 Ἀντιόχειαν
2985 4713 3612 4782 ὑποστρέφειΒατιλεὺς
3639 4715 3698 4768 δὲ
3731 4717 3990 4769 ’Δντωνὶ-

2410 4827 2494 4870 νος
2533 4809 2689 4861 τοῦτο
2722 4809 2820 4875 μὲν
2846 4810 2938 4860 καὶ
2965 4810 3074 4866 τοῖς
3114 4807 3334 4867 οίκείοις
3365 4806 3695 4875 σπλάγχνοις
3737 4813 3862 4878 περὶ
3890 4811 3989 4882 τὴν

2410 4902 2504 4965 τῆς
2545 4899 2732 4960 παιδὸς
2763 4899 3017 4966 φροντίδα
3056 4899 3220 4954 πολὺς
3244 4896 3339 4961 ὢν,
3370 4897 3526 4951 τοῦτο
3547 4901 3600 4950 δὲ
3625 4901 3720 4951 καὶ
3753 4903 3860 4953 ὑπὸ
3891 4905 3989 4970 τῆς

2412 4993 2642 5057 ευζύγου
2680 4991 3138 5058 παροξυνόμεκος,
3173 4991 3347 5041 πάντα
3383 5007 3436 5041 τε
3463 4993 3659 5055 ὲποίει,
3703 4994 3801 5044 καὶ
3835 4994 3988 5044 03.65-

2408 5083 2492 5142 νὸς
2528 5080 2779 5147 ἀπείχετο
2810 5083 2920 5132 τῶν
2946 5084 3102 5146 λόγον
3133 5082 3385 5149 ἑχόντων,

2479 5174 2572 5223 ιζ’.
2601 5171 2735 5233 Τοὺς
2769 5172 3057 5239 Ῥωμαίων
3084 5173 3264 5223 τοίνυν
3291 5176 3380 5224 καὶ
3412 5174 3630 5226 Ἰταλῶν
3665 5175 3834 5244 ἱερεῖς
3868 5196 3986 5228 συν-

2406 5260 2754 5326 αγαγὼνκαὶ
2813 5263 3211 5324 οἰωνοσκόπους
3276 5265 3382 5316 ἀπὸ
3454 5267 3985 5336 Τυρρηνίαςμμετα·

2408 5354 2777 5421 στειλάμενος,
2809 5352 3074 5423 ἐξώρκιζέ
3100 5371 3159 5406 τε
3183 5356 3271 5408 τὸν
3294 5355 3526 5424 δαίμονα
3557 5359 3623 5410 δι’
3652 5359 3855 5424 αὐτῶν,
3887 5364 3982 5414 καὶ

2403 5448 2554 5498 οὐδὲν
2586 5450 2612 5499 ὃ
2643 5465 2691 5500 τι
2732 5450 2829 5499 οὐκ
2869 5447 3078 5500 ἐπενόει
3123 5448 3257 5517 πρὸς
3291 5449 3386 5517 τὴν
3436 5449 3530 5501 τοῦ
3594 5452 3770 5504 κακοῦ
3819 5454 3982 5523 θερα-

2404 5677 2659 5800 Οἰοιι¹.6ξι
2720 5677 2916 5731 .lulium
2983 5676 3345 5747 Capitolinum
3397 5679 3449 5732 in
3504 5681 3716 5741 Marco;
3783 5682 3974 5739 Baron.

2404 5766 2485 5800 an.
2636 5785 2649 5799 .

2400 5766 2649 5800 an.to).
