4216 6432
223 408 245 466 1
263 408 363 468 933

1510 404 1680 462 Vl'l‘A
1726 403 1782 459 S.
1829 403 1866 458 Α
1882 402 2095 462 BERCI
2115 404 2158 459 l.

3331 405 3468 468 1234

220 521 409 572 πείαν.
436 515 516 570 Τὰ
536 518 590 570 δέ
617 518 746 569 κενά
766 534 822 570 τε
848 517 1126 586 ηλέγχετο,
1150 518 1239 569 καὶ
1263 514 1596 584 ἀγριώτερον
1625 512 1798 564 ἐποίει
1833 515 1869 569 Α

1833 515 1869 569 Α
1904 515 2408 578 convincebautur,
2466 527 2517 571 et
2578 518 2871 586 malignum
2936 517 3240 570 daemonem
3301 519 3468 585 magis

219 612 313 663 τὸν
347 609 580 676 πονηρὸν
605 608 840 676 δαίμονα
897 611 958 676 τῇ
992 607 1146 677 κόρῃ.
1201 605 1416 674 Ἀμέλει
1452 606 1544 656 καὶ
1582 604 1790 656 τοιάνδε

219 702 344 753 τινὰ
374 700 464 751 διὰ
489 699 586 767 τῆς
622 699 810 761 παιδὸς
841 699 1052 767 ἐκείνης
1078 699 1230 765 ἠφίει
1262 697 1466 767 φωνήν·
1503 696 1598 758 ὡς,
1632 697 1693 747 El
1721 695 1793 765 μὴ

234 791 574 861 Ἀδέρκιοςδ
600 791 698 860 τῆς
735 794 791 844 ἐν
836 793 898 860 τῇ
935 791 1105 860 μικρᾷ
1133 791 1343 859 Φρυγίᾳ
1395 789 1502 840 τῶν
1548 788 1794 857 Ἱεραπο-

221 887 392 940 λιτῶν
422 887 721 948 ἐπίσκοπος
753 885 914 947 ἔλθοι,
949 885 1048 937 οὐκ
1080 885 1143 937 ἂν
1176 885 1284 936 ἀπὸ
1313 883 1406 935 τοῦ
1440 880 1796 952 σκηνώματος

221 979 500 1048 ἐξέλθοιμι
534 978 708 1032 τοῦδε.
758 977 844 1041 Ὠς
874 977 966 1030 οὖν
997 977 1086 1030 ἐπὶ
1129 976 1324 1045 συχνάς
1355 975 1568 1046 ἡμέρας
1621 972 1796 1027 ταῦτα

220 1072 378 1136 ἐϐόα,
404 1072 716 1141 διηπορεῖτο
755 1069 877 1122 καθ’
906 1069 1098 1122 ἑαυτὸν
1142 1070 1477 1130 Ἀντωνῖνος,
1514 1067 1567 1118 τί
1616 1065 1682 1119 ἂν
1711 1064 1795 1135 εἴη

220 1163 384 1215 τοῦτο
411 1161 802 1226 σκοπούμενος,
831 1162 923 1213 καί
947 1178 1074 1215 ποτε
1100 1160 1419 1222 εἰσκαλέσας
1449 1159 1538 1212 τὸν
1559 1159 1797 1229 ἔπαρχον

221 1256 324 1324 τῆς
353 1254 522 1321 αὐλῆς
555 1254 944 1322 Κορνηλιανδν,
1010 1253 1411 1307 ἀνεπυνθάνετο
1445 1252 1498 1304 εἴ
1552 1253 1653 1304 πού
1714 1269 1797 1314 τις

235 1345 542 1414 Ἱεράπολις
598 1345 701 1398 ὑπὸ
741 1347 944 1414 μικρὰν
977 1346 1216 1414 Φρυγίαν
1246 1345 1409 1397 ἐστίν.
1453 1344 1511 1396 '0
1561 1345 1639 1409 δὲ,
1687 1343 1798 1394 Καὶ

227 1438 397 1507 μάλα,
425 1437 682 1502 δέσποτα,
717 1437 846 1507 ἔφη,
881 1439 976 1490 καὶ
1002 1438 1096 1491 ἀπ’
1127 1438 1293 1507 αὐτῆς
1328 1436 1672 1501 Εὐξεινιανδν
1702 1438 1797 1508 ὁρ-

229 1529 464 1597 μᾶσθαι,
522 1523 566 1596 ᾧ
634 1529 895 1593 πολλάκις
963 1529 1090 1600 περὶ
1155 1529 1431 1598 δημοσίων
1477 1527 1798 1591 ἐπέστειλας

223 1622 594 1688 πραγμάτων.
653 1621 823 1674 Τοῦτο
859 1622 1094 1683 ἀκούσας
1149 1622 1176 1672 ὁ
1221 1622 1531 1681 Ἀντωνῖνος
1564 1620 1704 1689 ἥσθη
1737 1636 1796 1670 τε

227 1705 316 1762 οἷα
342 1710 441 1779 τῆς
482 1711 761 1781 φροντίδος
793 1710 1083 1774 ἀπολυθεὶς
1107 1712 1297 1778 ὅτιπερ
1326 1709 1662 1776 Εὐξεινιανδς
1686 1711 1802 1761 ἐκεῖ

225 1803 541 1871 διατρίδων,
565 1801 736 1866 δεξιὸς
777 1803 923 1872 αὐτῷ
947 1802 1100 1855 ἔσται
1128 1801 1221 1854 τοῦ
1249 1803 1573 1872 πράγματος
1597 1802 1801 1855 οἰκονό-

232 1911 334 1962 μος
363 1908 376 1922 ³
414 1895 506 1947 καὶ
553 1894 850 1964 Οὐαλέριον
908 1896 998 1946 καὶ
1046 1896 1310 1948 Βασιανὸν
1373 1897 1799 1968 μαγιστριανούς
1834 1875 1876 1930 Β

226 1986 396 2047 εὐθὺς
467 1986 890 2054 εὐτρεπισθῆναι
949 1987 1234 2052 κελεύσας,
1292 1989 1599 2041 ἐπιστέλλει
1651 1989 1800 2059 αὐτῷ

226 2076 422 2130 ταῦτα·
493 2078 808 2142 Ἀντωνῖνος
881 2081 1244 2151 αὐτοκράτωρ
1314 2082 1575 2142 σεϐαστὸς
1616 2081 1801 2144 Εὐξει-

226 2169 396 2237 νιανῷ
425 2169 698 2223 Ποπλίωνι
743 2173 974 2242 χαίρειν.
1027 2172 1165 2239 Ἐγὼ
1214 2175 1292 2235 είς
1345 2175 1541 2241 πεῖραν
1571 2174 1668 2240 τῆς
1703 2172 1802 2238 σῆς

225 2261 506 2329 ἀγχινοίας
542 2263 723 2333 ἔργοις
774 2266 956 2331 αὐτοῖς
992 2266 1284 2328 καταστὰς,
1321 2266 1413 2318 καὶ
1458 2265 1691 2335 μάλιστα
1721 2262 1802 2326 οἷς

225 2353 456 2424 ἔναρχος
495 2357 785 2423 προστάξει
810 2359 902 2410 τοῦ
946 2360 1218 2429 ἡμετέρου
1252 2361 1486 2431 κράτους
1525 2358 1802 2430 διεπράξω

225 2451 369 2501 κατά
400 2449 498 2520 τὴν
538 2450 791 2519 Σμύρναν
816 2469 827 2481 ·
860 2453 1218 2518 ἐπικουφίσας
1249 2454 1578 2521 Σμυρναίοις
1608 2455 1705 2522 τὴν
1741 2455 1802 2506 ἐκ

223 2538 323 2591 τοῦ
351 2539 540 2591 κλόνου
572 2543 670 2610 τῆς
702 2541 803 2610 γῆς
837 2541 1237 2611 ἐπιγενομένην
1261 2544 1443 2605 αὐτοῖς
1490 2546 1798 2613 συμφοράν,

224 2629 404 2699 ἥσθην
434 2647 514 2697 τε,
535 2630 725 2702 ὥσπερ
769 2632 932 2697 εἰκὸς,
970 2633 1062 2686 καί
1086 2651 1142 2686 σε
1176 2633 1278 2703 τῆς
1308 2635 1418 2687 τῶν
1462 2636 1802 2705 πραγμάτων

227 2722 547 2792 ἐπιμελείας
568 2724 809 2794 ἐπῄνεσα
831 2742 843 2756 °
873 2726 1077 2794 ἔμαθον
1095 2727 1201 2795 γάρ
1229 2727 1443 2780 ἅπαντα
1475 2729 1613 2798 μετά
1641 2731 1800 2800 ἀκρι-

227 2812 404 2875 ϐείας,
455 2813 665 2884 ὥσπερ¹
707 2818 772 2868 ἂν
806 2820 852 2868 εί
887 2820 1093 2888 παρών.
1134 2822 1207 2872 "H
1243 2838 1301 2872 τε
1332 2822 1440 2890 γάρ
1505 2823 1656 2891 παρὰ
1709 2823 1801 2875 σοῦ

231 2904 546 2972 πεμφθεῖσα
606 2906 879 2974 ἀναφορὰ,
933 2910 959 2960 ὃ
1003 2927 1061 2960 τε
1115 2911 1402 2974 ἀποδιδοὺς
1437 2913 1664 2982 ταύτην,
1710 2916 1803 2967 καὶ

232 2996 428 3059 Κέλιος
459 2999 487 3049 ὁ
523 2998 817 3068 ἐπίτροπος
842 2999 997 3068 ὑμῶν
1018 2999 1237 3055 ἅπαντά
1266 3019 1357 3070 μοι
1391 3004 1578 3071 σαφῶς
1610 3004 1802 3074 διηγή-

235 3103 392 3142 σατο.
436 3088 560 3142 Ἐπὶ
594 3091 649 3144 δὲ
680 3091 772 3143 τοῦ
807 3093 1072 3163 παρόντος
1125 3094 1367 3162 γνωσθὲν
1417 3095 1493 3163 τῷ
1545 3097 1803 3168 ἡμετέρῳ

1898 606 2190 658 eITet-abaut
2237 608 2283 658 in
2333 609 2581 675 put-llam.
2623 611 2890 664 Caeterum
2942 612 2985 662 is
3044 610 3201 663 talem
3255 621 3468 676 quoque

1900 714 2082 751 vocem
2131 699 2409 753 emittebat
2464 717 2557 769 per
2618 703 2870 770 puellam,
2916 701 3082 769 quod.
3132 701 3230 752 nisi
3265 700 3471 751 veniret

1898 791 2160 844 Ahercius
2220 790 2790 862 llierapolitanornut,
2865 794 2952 861 qui
3014 803 3138 845 sunt
3191 793 3242 844 in
3304 808 3467 859 parva

1900 881 2147 952 Phrygia,
2184 884 2489 954 episcopus.
2517 902 2578 938 ex
2620 902 2684 938 eo
2735 903 2838 939 non
2881 886 3047 938 exiret
3094 883 3464 937 tabernaculo.

1898 969 2032 1024 Cum
2064 973 2177 1026 haec
2208 989 2336 1044 ergo
2362 975 2560 1028 multos
2601 977 2718 1030 dies
2765 975 3177 1038 vociferaretur,
3221 975 3360 1041 apud
3411 989 3468 1026 se

1900 1063 2176 1118 dubitabat
2208 1051 2531 1131 Alitoniuus,
2570 1071 2829 1137 quidnam
2877 1069 2980 1123 hoc
3011 1081 3173 1129 esset.
3215 1069 3470 1123 Conside-

1902 1171 2045 1217 rans,
2081 1167 2132 1209 et
2178 1157 2465 1226 aliquando
2517 1162 2782 1214 accersito
2829 1161 3161 1215 Corneliana
3219 1161 3471 1230 praefecto

1901 1249 2160 1316 praetorii,
2193 1253 2499 1319 rngavitan
2557 1253 2608 1305 in
2661 1268 2820 1322 parva
2870 1253 3104 1320 Phrygia
3156 1262 3299 1306 esset
3345 1253 3471 1306 urbs

1902 1341 2119 1395 nomine
2167 1342 2485 1412 Hierapolis.
2546 1345 2595 1398 ls
2651 1354 2875 1399 autem:
2937 1345 3198 1408 Maxime,
3258 1346 3468 1412 inquit,

1899 1428 2137 1492 domine,
2173 1439 2224 1484 et
2275 1447 2337 1484 ex
2396 1449 2456 1486 ea
2493 1445 2644 1487 ortus
2679 1445 2760 1488 est
2803 1435 3170 1497 Euxenianus,
3203 1439 3266 1489 ad
3313 1451 3470 1502 quem

1899 1536 2042 1590 saepe
2079 1524 2346 1592 scripsisti
2398 1527 2464 1580 de
2511 1528 2670 1581 rebus
2719 1530 2970 1596 publicis.
3017 1529 3127 1582 Hoc
3166 1545 3286 1582 cum
3322 1531 3473 1580 audi-

1899 1615 2066 1669 visset
2099 1618 2426 1683 Antoninus,
2483 1621 2694 1672 laetatus
2726 1633 2809 1673 est
2850 1622 3004 1690 quasi
3043 1637 3068 1673 a
3108 1635 3235 1672 cura
3281 1621 3474 1673 libera-

1905 1716 2011 1767 tus.
2049 1723 2264 1779 ,nempe
2305 1712 2445 1780 quod
2489 1711 2876 1774 Euxenianus,
2926 1712 3018 1779 qui
3077 1712 3179 1763 illic
3225 1712 3469 1780 degebat,

1907 1800 2050 1855 hanc
2085 1817 2195 1855 rem
2222 1803 2447 1872 pulchre
2492 1805 2538 1857 ei
2576 1812 2915 1872 procuraret.
2945 1802 3010 1857 Et
3040 1801 3253 1856 Valerio
3295 1815 3347 1857 et
3378 1803 3474 1857 Ba-

1905 1894 2055 1946 siano
2089 1895 2450 1964 magistrianis
2480 1912 2599 1951 mox
2635 1909 2827 1966 prtesto
2851 1914 2970 1951 esse
3003 1896 3188 1965 jussis,
3234 1897 3345 1948 haec
3397 1898 3474 1948 sic

1906 1985 2134 2039 scribit:
2164 1988 2471 2042 Antoninus
2500 1991 2801 2057 imperator
2828 1992 3129 2059 Augustus,
3158 1989 3475 2040 Euxeniano

1906 2079 2153 2147 Poplioni
2183 2081 2407 2134 salutem
2442 2100 2453 2134 :
2493 2081 2602 2153 Ego
2629 2084 2701 2137 tui
2733 2083 2931 2151 ingenii
2966 2084 3242 2137 solertiam
3271 2099 3326 2134 re
3356 2083 3473 2149 ipsa

1904 2181 2180 2239 expertus,
2219 2183 2273 2225 et
2320 2175 2552 2229 maxime
2588 2176 2669 2240 iis,
2718 2178 3013 2245 quaejussu
3053 2187 3250 2230 nostrae
3287 2185 3474 2243 poten-

1907 2261 1991 2316 tia:
2025 2277 2200 2330 nuper
2256 2262 2433 2318 fecisti
2483 2265 2745 2336 Smyrnae,
2802 2265 2976 2318 levata
3047 2265 3477 2332 Stuyruensibus

1905 2355 2230 2421 calamitate,
2276 2373 2393 2426 qua:
2423 2357 2502 2412 eis
2534 2372 2594 2412 ex
2627 2370 2782 2412 terra:
2812 2367 2957 2411 motu
2987 2368 3266 2419 evenerat,
3301 2365 3355 2407 ut
3384 2370 3478 2423 par

1905 2457 2042 2511 erat,
2071 2463 2189 2501 sum
2227 2449 2455 2514 laetatus,
2494 2459 2548 2503 et
2591 2459 2734 2503 tuam
2789 2450 2839 2502 iu
2890 2449 3051 2501 rebus
3079 2445 3328 2517 gerendis
3367 2446 3480 2498 lau-

1904 2541 2025 2592 davi
2088 2542 2446 2611 diligentiam.
2497 2540 2691 2595 Omnia
2744 2541 2891 2595 enim
2962 2549 3215 2593 accurate
3275 2538 3476 2597 didici,

1904 2631 2132 2700 perinde
2167 2647 2228 2684 ac
2258 2633 2300 2685 si
2342 2632 2657 2686 adfuissem.
2687 2631 2817 2684 Nam
2850 2642 2901 2685 ct
2936 2647 2964 2683 a
2993 2643 3041 2684 te
3070 2632 3230 2683 missa
3267 2631 3476 2693 relatio,

1906 2732 1959 2776 et
2004 2725 2091 2790 qui
2128 2738 2247 2776 eam
2301 2724 2539 2776 reddidit
2589 2723 2861 2786 Carlicius,
2923 2733 3239 2791 procurator
3270 2733 3475 2783 noster,

1905 2817 2084 2870 omnia
2127 2816 2260 2869 mihi
2306 2824 2491 2885 aperte
2531 2822 2789 2870 narravit.
2841 2816 2895 2869 ln
2954 2816 3243 2884 prmscntia
3297 2824 3476 2865 autem

1905 2927 2027 2965 cum
2065 2912 2133 2964 sit
2190 2910 2443 2980 potentia:
2473 2921 2670 2964 nostra:
2731 2910 3130 2981 signiﬁcatum,
3188 2907 3476 2963 Abercium

1906 3007 2196 3068 quemdam
2231 3007 2546 3072 episcopum
2600 3003 3070 3071 Hierapolitanum
3104 3009 3243 3069 apud
3279 3011 3329 3054 te
3362 3016 3482 3053 ver-

1905 3095 2032 3155 sari,
2064 3095 2236 3146 virum
2288 3099 2423 3146 adeo
2469 3095 2614 3162 piunt
2649 3097 2700 3147 in
2739 3095 3049 3147 Christiana
3105 3095 3385 3164 religione,
3424 3103 3482 3144 ut

233 3181 428 3252 κράτει
470 3183 751 3256 Ἀϐέρκιόν
794 3205 914 3239 τινα
947 3187 1044 3256 τῆς
1091 3189 1476 3259 Ἱεραπολιτῶν
1508 3192 1806 3245 ἐπίσκοπον
1835 3213 1878 3271 C

1835 3213 1878 3271 ο
1912 3187 2190 3241 medeatur
2218 3187 2588 3247 daunoniacis,
2625 3198 2679 3239 et
2707 3186 2842 3240 alios
2879 3188 3096 3240 morbos
3140 3195 3292 3238 curet
3337 3183 3482 3237 facil-

232 3272 388 3341 παρὰ
422 3274 504 3325 σοὶ
551 3275 890 3344 διατρίϐειν,
927 3277 1099 3348 ἄνδρα
1149 3280 1346 3349 εὐσεϐῆ
1403 3281 1547 3333 οὕτω
1605 3283 1671 3334 τὰ
1697 3284 1804 3336 τῶν

231 3365 599 3434 Χριστιανῶν,
638 3369 712 3431 ὡς
737 3369 1106 3439 δαιμονῶντάς
1147 3390 1203 3424 τε
1241 3373 1445 3436 ἰᾶσθαι,
1482 3376 1575 3426 καὶ
1611 3379 1803 3438 νόσους

229 3461 399 3524 ἄλλας
445 3459 795 3517 εὐκολώτατα
867 3464 1230 3533 θεραπεύειν·
1297 3467 1492 3521 τοῦτον
1554 3472 1698 3523 κατὰ
1744 3471 1803 3524 τὸ

229 3555 530 3622 ἀναγκαῖον
579 3557 742 3625 ἡμεῖς
789 3559 1103 3628 χρῄζοντες,
1161 3561 1459 3634 Οὐαλέριον
1519 3565 1611 3615 καὶ
1662 3563 1802 3617 Βασ-

230 3643 420 3698 οιανδν
476 3649 908 3716 μαγιστριανοὺς
964 3650 1073 3700 τῶν
1135 3650 1294 3701 θείων
1347 3653 1501 3720 ἡμῶν
1535 3655 1803 3722 ὸφφικίων

229 3739 586 3807 ἐπέμψαμεν,
622 3741 712 3791 τὸν
743 3741 912 3812 ἄνδρα
941 3741 1062 3811 μετ’
1099 3741 1278 3803 αίδοῦς
1313 3747 1403 3795 καὶ
1447 3746 1614 3812 τιμῆς
1655 3748 1803 3802 ἀπά-

231 3845 334 3898 σης
365 3830 439 3893 ὡς
476 3831 625 3900 ἡμᾶς
681 3834 930 3901 ἀγαγεῖν.
970 3835 1285 3902 Κελεύομεν
1331 3834 1422 3887 οὖν
1448 3840 1511 3906 τῇ
1544 3840 1607 3907 σῇ
1645 3842 1803 3910 στερ-

230 3924 424 3992 ρότητι
473 3927 664 3977 πεῖσαι
703 3926 794 3978 τὸν
825 3927 992 3995 ἄνδρα
1025 3928 1120 3979 σὺν
1159 3928 1444 4001 προθυμίᾳ
1481 3931 1628 4003 πάσῃ
1666 3935 1804 4004 πρὸς

228 4016 382 4083 ἡμᾶς
413 4014 710 4084 ἀφικέσθαι
745 4013 803 4070 εὖ
834 4018 998 4072 εἰδότι
1056 4019 1131 4082 ὡς
1157 4021 1216 4073 οὐ
1247 4024 1470 4094 μέτριός
1509 4043 1592 4078 σοι
1623 4027 1804 4079 κείσε-

227 4125 317 4160 ται
343 4109 474 4180 παρ’
502 4111 633 4178 ἡμῖν
670 4110 764 4163 καὶ
790 4111 928 4181 ὑπὲρ
962 4112 1152 4167 τούτου
1188 4116 1215 4166 ὁ
1250 4115 1494 4177 ἔπαινος.
1529 4118 1801 4186 Ἐρρωσοο

303 4200 383 4258 Η’.
423 4203 641 4275 Ταύτην
685 4208 799 4267 τοῖς
838 4212 1255 4277 μαγιστριανοῖς
1290 4209 1416 4272 δοὺς
1454 4209 1549 4277 τὴν
1581 4212 1802 4265 ἐπιστο-

228 4298 347 4364 λὴν,
384 4297 710 4362 ἀπέπεμψεν
764 4297 874 4349 ἀπὸ
940 4297 1178 4366 Ῥώμης,
1235 4299 1406 4352 εἰπὼν
1481 4302 1561 4354 ὅτι
1603 4303 1806 4360 [lolia-

229 4386 472 4439 πλάσιον
497 4388 626 4456 ὑμῖν
646 4386 802 4456 θήσει
842 4387 941 4460 τὴν
964 4391 1044 4460 είς
1069 4391 1167 4460 ἐμὲ
1198 4390 1498 4460 θεραπείαν
1517 4396 1578 4446 τὸ
1619 4396 1806 4466 ’Λϐἐρ-

231 4497 352 4531 κιον
377 4482 648 4544 ἐνεγκεῖν,
674 4481 973 4550 προστεθὲν
1003 4486 1095 4536 καὶ
1128 4487 1183 4538 τὸ
1217 4487 1398 4554 τάχος.
1432 4489 1495 4538 0i
1527 4488 1581 4539 δὲ
1616 4488 1808 4542 λαϐόνι

1917 3280 2063 3344 lime,
2097 3296 2162 3334 co
2196 3295 2316 3336 cum
2347 3294 2442 3334 nos
2469 3279 2775 3334 necessario
2812 3295 2949 3348 opus
2973 3279 3285 3338 habeamus.
3325 3279 3482 3330 Vale-

1908 3373 2043 3424 rium
2094 3386 2146 3425 ct
2222 3373 2509 3427 Iiasiantun
2578 3373 2960 3444 tnagistrianos
3032 3375 3106 3442 (5)
3168 3374 3478 3426 divinorum

1904 3475 2216 3518 nostrorum
2244 3466 2543 3519 ciliciorum
2584 3469 2856 3528 misimus,
2907 3479 2963 3522 ut
2995 3484 3116 3520 euut
3150 3482 3274 3519 runt
3331 3467 3479 3520 omni

1908 3561 2112 3614 honore
2163 3571 2216 3614 et
2257 3561 2559 3615 reverentia
2593 3561 2654 3613 ad
2707 3577 2803 3614 nos
2859 3564 3150 3614 adducant.
3196 3562 3323 3614 'l‘ua:
3355 3577 3482 3630 ergo

1903 3653 2154 3721 iubemus
2186 3655 2527 3723 prtestautiae,
2568 3665 2622 3708 ut
2655 3655 2699 3709 ei
2732 3655 3057 3724 persuadeas
3083 3655 3147 3707 ad
3171 3669 3269 3708 nos
3293 3653 3482 3708 venire

1907 3761 2028 3799 cum
2083 3763 2291 3800 summa
2323 3748 2486 3800 animi
2535 3748 2834 3807 alacritate,
2875 3749 3052 3802 sciens
3100 3763 3204 3801 non
3259 3764 3479 3814 parvam

1908 3839 2009 3890 hoc
2059 3840 2278 3892 nomine
2318 3839 2412 3892 tibi
2467 3841 2700 3892 futuram
2746 3855 2870 3895 eSse
2915 3840 3058 3908 apud
3103 3856 3200 3893 nos
3244 3838 3478 3893 laudent.

1911 3929 2060 3984 Vale.

1981 4221 2170 4280 XVIII.
2209 4223 2353 4278 Hanc
2410 4241 2529 4276 cum
2584 4224 2948 4292 magistrianis
2994 4224 3235 4274 dedisset
3277 4225 3482 4289 episto-

1911 4317 2038 4377 lam,
2073 4317 2239 4369 Roma
2279 4316 2443 4380 misit,
2471 4316 2656 4369 dicens
2688 4334 2698 4367 :
2734 4315 2865 4367 Rem
2888 4313 3016 4366 mihi
3052 4315 3206 4384 longe
3231 4315 3482 4382 gratissi-

1914 4423 2052 4462 mam
2081 4410 2340 4469 feceritis,
2389 4410 2430 4461 si
2481 4410 2766 4462 Aberciunt
2810 4412 2873 4462 ad
2910 4426 2993 4460 tne
3037 4424 3198 4476 quant
3251 4408 3481 4460 maxima

1914 4501 2188 4553 celeritate
2211 4499 2542 4550 adduxeritis
2592 4500 2665 4550 Illi
2701 4508 2878 4549 autem
2907 4500 2984 4550 cis
3010 4499 3246 4561 acceptis
3267 4499 3481 4560 litteris,

229 4587 347 4634 τες,
376 4571 532 4624 οὐδὲν
583 4575 783 4641 τάχους
841 4576 933 4626 καὶ
988 4577 1268 4638 συντονίας
1327 4577 1609 4631 ἐνέλιπον·
1666 4582 1802 4634 ἀλλὰ
1837 4566 1878 4619 ί)

1837 4566 1878 4619 D
1909 4590 2041 4644 nihil
2074 4591 2374 4643 omiserunt
2420 4589 2718 4643 celeritatis
2750 4600 2800 4643 et
2851 4591 3166 4660 diligentia).
3207 4592 3311 4643 Sed
3359 4606 3481 4645 cum

231 4665 358 4715 duci.
386 4664 446 4716 τὸ
478 4664 792 4733 Βρεντίσιον
857 4667 1096 4737 ἡμέραις
1129 4669 1554 4735 καταλαϐόντες,
1618 4673 1806 4726 πλοίου

229 4775 290 4809 τε
321 4759 413 4809 ἐπὶ
437 4758 614 4829 τούτῳ
639 4764 1176 4830 παρεσκευασμένου
1227 4766 1378 4832 παρά
1409 4765 1504 4818 τοῦ
1559 4767 1803 4838 ὑπάρχου

231 4850 607 4920 Κορνηλιανοῦ
640 4855 956 4920 ἐπιϐάντες,
998 4856 1136 4908 κατά
1177 4859 1440 4928 πρύμναν
1483 4861 1670 4922 αὐτοῖς
1707 4861 1802 4914 τοῦ

235 4942 553 5011 πνεύματος
592 4945 913 5012 ἱσταμένου,
952 4949 1019 5016 τῇ
1055 4947 1259 5017 ἐϐδόμῃ
1308 4950 1398 5001 τὸν
1471 4952 1658 5004 Ἰόνιον
1688 4954 1804 5004 δια-

232 5035 591 5098 πλεύσαντες,
622 5038 982 5108 καταίρουσιν
1027 5044 1084 5092 ὲν
1123 5042 1506 5113 Πελοπονήσῳ.
1561 5047 1803 5099 Ἐκεῖθεν

235 5129 291 5179 δὲ
327 5129 614 5196 δημοσίοις
675 5131 867 5192 ἵπποις
924 5134 1284 5201 χρησάμενοι,
1319 5137 1672 5204 ἀφικνοῦνται
1708 5144 1806 5206 τῆς

235 5223 739 5292 πεντεκαιδεκάτης
774 5228 849 5287 εἰς
905 5224 964 5276 τὸ
1000 5227 1314 5290 Βυζάντιον.
1357 5228 1486 5284 Εἶτα
1541 5234 1676 5302 πρὸς
1709 5239 1806 5302 τὴν

236 5315 596 5382 Νικομηδέων
641 5318 956 5387 αὐθημερὸν
1020 5323 1449 5388 περαιωθέντες,
1507 5329 1599 5377 καί
1653 5323 1807 5388 αὖθις

231 5409 484 5477 δημοσίῳ
515 5412 853 5480 χρησάμενοι
893 5413 1105 5482 δρόμῳ.
1147 5418 1225 5478 εἰς
1287 5419 1488 5469 Σύναδα
1530 5423 1802 5489 μητρόπο-

237 5503 319 5552 λιν
368 5502 567 5569 ἥκουσι
609 5505 711 5570 τῆς
746 5507 989 5574 Φρυγίας

1075 5510 1347 5574 ἡγεμόνας
1406 5531 1461 5563 τε
1530 5513 1628 5579 τῆς
1688 5514 1806 5567 ὁδοῦ

233 5597 391 5666 παρὰ
431 5596 522 5647 τοῦ
554 5598 987 5668 ἡγεμονεύοντος
1020 5606 1135 5656 ἐκεῖ
1166 5605 1475 5677 Σπινθῆρος
1505 5607 1760 5670 λαϐόντες
1792 5625 1804 5640 ⁸

1911 4686 2289 4755 pervenissent
2335 4682 2723 4746 Brundusium,
2763 4697 2816 4740 et
2852 4702 3042 4738 nat-cm
3105 4675 3343 4753 paratam
3396 4701 3485 4737 as-

1911 4777 2254 4838 cendissent,
2330 4790 2491 4829 vento
2560 4776 2637 4830 usi
2704 4778 2945 4830 secundo
3009 4788 3215 4843 septem
3293 4777 3487 4830 diebus

1913 4871 2231 4924 transmisso
2290 4871 2470 4929 Ionio,
2535 4870 2816 4938 appellunt
2895 4868 2946 4921 in
3022 4866 3484 4937 Peloponnesum.

1912 4965 2059 5018 Illinc
2086 4973 2266 5014 autem
2303 4964 2454 5030 equis
2487 4963 2564 5015 usi
2617 4963 2914 5023 velocibus,
2961 4962 3066 5014 cito
3110 4963 3333 5011 veniunt
3377 4961 3482 5028 By-

1913 5057 2172 5108 zantium.
2203 5054 2405 5107 Deinde
2437 5071 2558 5107 cum
2594 5054 2708 5122 ipso
2737 5054 2822 5106 die
2863 5053 3200 5118 traiecissent
3230 5053 3281 5103 in
3325 5049 3487 5103 Nico-

1911 5148 2163 5207 mediam,
2195 5157 2248 5198 (ιι
2277 5148 2357 5199 usi
2384 5158 2566 5201 essunt
2593 5162 2782 5199 rursus
2801 5163 2962 5199 cursu
2997 5146 3230 5212 publico,
3260 5144 3484 5196 veniunt

1913 5238 2174 5307 Synadem
2228 5235 2470 5306 Phrygia:
2535 5239 2920 5313 tnetropoliin:
2972 5248 3022 5288 et
3082 5236 3318 5303 acceptis
3385 5237 3482 5288 vite

1914 5331 2142 5384 ducibus
2169 5343 2196 5380 a
2227 5330 2473 5398 pra-side,
2512 5330 2601 5398 qui
2652 5330 2761 5382 illic
2811 5341 2949 5386 crat,
2986 5328 3269 5398 Spinthere
3314 5328 3483 5386 dicto.

1917 5435 1974 5476 ut
2006 5420 2250 5475 fueratci
2283 5421 2601 5488 imperatum
2644 5439 2670 5474 a
2716 5421 3060 5482 Corneliani),
3111 5421 3253 5471 circa
3297 5421 3482 5471 horam

1919 5518 2113 5567 nonam
2149 5516 2371 5568 veniunt
2407 5515 2458 5567 in
2490 5515 2767 5568 civitatem
2815 5512 3361 5578 Hierapolitanm'um.
3404 5510 3483 5563 In-

1920 5609 2228 5682 gredientes
2251 5625 2378 5678 ergo
2406 5609 2677 5663 civitatein
2709 5617 3001 5662 ocunrttnt
3036 5608 3284 5667 Abercio,
3320 5605 3482 5657 veluti

424 5777 800 5864 ,M-‘BISICI‘iani
830 5783 1019 5863 _aliter
1075 5785 1424 5864 dicebantun
1452 5790 1686 5861 Agentes
1760 5795 1810 5848 in
1857 5794 2035 5852 rebus.
2097 5796 2294 5864 quibus
2326 5812 2446 5851 cum
2501 5800 2625 5859 alia,
2677 5805 2786 5849 tum
2829 5796 2988 5851 etiam
3034 5792 3342 5847 erectiones
3384 5802 3485 5856 pa-

235 5841 375 5898 blic't
411 5841 602 5906 cursus
644 5853 946 5909 conmissa:
985 5841 1182 5910 erant,
1210 5841 1350 5916 ‘Yide
1395 5841 1802 5918 Βετῗὶιέῗιθεῖ
