4216 6432
768 399 900 460 1239

2043 384 2323 445 MENSIS
2365 380 2728 444 OCTOBER.

3858 349 4005 415 1240

767 514 947 582 magni
981 513 1231 575 honores,
1269 524 1320 568 et
1369 516 1508 568 dona
1558 511 1650 564 tibi
1698 510 1886 562 collata
1939 506 2168 559 referent
2210 515 2326 571 gra—
2359 503 2404 557 Δ

2359 503 2404 557 Δ
2438 499 2607 550 σῶσαι
2657 495 2749 548 καὶ
2805 486 3138 559 θεραπεῦσαι
3192 481 3503 550 θυγάτριον.
3546 476 3700 529 Οὕτω
3748 471 3857 540 γάρ
3915 484 4003 521 σοι

3043 579 3053 582 ’
3115 578 3126 582 ‘
3196 575 3219 582 "‘
3380 572 3390 582 ι
3458 570 3479 582 ⁵
3629 567 3640 582 ι
3740 561 3762 582 9,
3796 581 3801 582 ,
3833 561 3898 582 _,_'
3919 575 4003 582 Α--.

767 601 918 656 tiam.

839 777 1008 831 XXII.
1047 776 1168 830 ch
1219 777 1302 828 illa
1356 791 1475 829 eum
1529 789 1718 842 magna
1766 771 1972 824 dicebat
2023 767 2325 820 aﬂ'ectione.

769 868 900 922 Eam
936 869 1080 922 enim
1110 867 1358 921 ﬂectebat
1405 879 1612 918 natura:
1655 863 1965 921 necessitas.
2020 871 2072 912 et
2104 858 2331 911 faciebat

770 973 829 1015 ut
855 961 994 1014 illius
1031 960 1327 1028 p0stularet
1353 959 1636 1021 auxilium,
1672 972 1830 1025 quem
1884 957 1964 1023 (ut
1994 968 2114 1006 cum
2150 951 2329 1002 divino

768 1053 940 1104 dicam
976 1051 1192 1113 Davide)
1222 1052 1344 1105 odio
1375 1051 1643 1104 habebant
1689 1049 1872 1118 gratis,
1927 1057 1980 1100 et
2031 1061 2136 1098 non
2171 1043 2331 1096 susti-

769 1141 969 1193 nebant
997 1141 1219 1191 adorare
1249 1150 1496 1207 tanquam
1527 1154 1713 1192 verum
1733 1138 1900 1190 Deum
1932 1136 1970 1185 ⁵.
1999 1134 2084 1186 ille.
2118 1142 2328 1184 autem:

770 1234 1001 1298 Accepta
1044 1229 1257 1296 quidem
1318 1237 1420 1291 est,
1470 1227 1675 1296 inquit,
1718 1227 1873 1279 nobis
1905 1235 1991 1276 tua
2037 1222 2328 1276 voluntas:

769 1321 862 1372 sed
893 1335 991 1372 nos
1015 1319 1161 1372 nullo
1196 1335 1256 1370 ex
1297 1319 1380 1381 iis,
1415 1335 1533 1386 qua:
1577 1327 1704 1372 sunt
1751 1315 1887 1384 apud
1939 1330 2049 1374 vos,
2097 1311 2332 1365 delecta-

772 1426 910 1471 mur,
956 1420 1012 1462 ut
1049 1411 1136 1478 qui
1173 1427 1362 1462 ranam
1403 1410 1540 1461 hanc
1586 1408 1825 1476 speciem
1871 1403 2197 1473 jampridem
2245 1417 2335 1453 ex-

774 1500 1086 1567 Spuerinius
1138 1517 1152 1552 :
1211 1509 1265 1552 et
1321 1499 1516 1567 alioqui
1585 1514 1684 1550 nec
1733 1494 1980 1550 mercede
2033 1493 2335 1561 praebemus

770 1591 986 1658 gratias.
1019 1606 1134 1658 quae
1164 1591 1320 1644 nobis
1346 1606 1371 1642 a
1410 1590 1518 1643 Deo
1551 1590 1687 1643 data:
1710 1596 1855 1647 sunt,
1893 1586 2056 1653 gratis
2091 1589 2331 1648 accepta,

771 1679 935 1746 gratis
987 1695 1199 1746 quoque
1251 1680 1376 1732 dare
1428 1678 1562 1745 jussi
1600 1680 1639 1733 °.
1693 1675 1797 1731 Sed
1856 1678 1942 1730 ubi
1993 1685 2093 1736 est,
2140 1667 2332 1740 inquit,

772 1769 915 1823 ﬁlia?
945 1769 1196 1824 Faustina
1235 1784 1413 1823 autem
1449 1786 1611 1840 quam
1647 1769 1817 1838 potuit
1862 1767 2140 1821 celerrime
2170 1763 2336 1816 currit

2435 591 2669 658 μεγάλαι
2723 585 2880 655 τιμαὶ
2925 579 3055 651 παρ’
3104 575 3261 657 ἡμῶν
3309 572 3402 624 καὶ
3454 567 3651 637 δωρεαὶ
3703 561 3802 633 τὴν
3833 561 4006 630 χάριν

2431 679 2774 748 ἀμείψονται.

2503 771 2628 824 ΚΒ’.
2658 766 2842 821 Ταῦτα
2881 763 3018 832 μετὰ
3043 758 3237 826 πολλῆς
3268 753 3573 820 ὑπηγόρευε
3608 751 3706 815 τῆς
3750 759 3973 811 περιπα
3999 764 4008 774 ·

2432 862 2582 922 θείας
2619 877 2630 890 ·
2659 859 2937 926 ἕκαμπτον
2963 853 3070 920 γὰρ
3101 850 3268 914 αὐτὴν
3295 847 3348 897 αἱ
3376 845 3470 911 τῆς
3496 841 3707 906 φύσεως
3733 837 4016 900 ἀνάγκαι,

2433 955 2524 1004 καὶ
2554 951 2742 1021 βοηθὸν
2772 947 2985 999 ἐποίουν
3038 943 3238 994 ἐκεῖνον
3293 935 3567 1003 ἐπιζητεῖν
3619 931 3677 981 ὃν
3711 927 3871 996 (κατὰ
3903 925 4010 974 τ’,νι

2433 1041 2572 1093 θεῖον
2607 1041 2770 1105 φάναι
2825 1032 3007 1098 Ama)
3046 1029 3249 1099 δωρεὰν
3284 1027 3525 1095 ἐμίσουν,
3570 1021 3662 1071 καὶ
3696 1017 3768 1077 ὼς
3815 1012 4006 1075 ἀληθῆ

2433 1133 2754 1200 προσκυνεῖν
2781 1129 2877 1179 οὑκ
2910 1124 3200 1195 ἠνείχοντο.
3243 1119 3300 1169 '0
3331 1116 3383 1169 δὲ
3404 1155 3418 1178 ,
3461 1112 3755 1165 Ἀπὸδεκτα
3786 1108 3880 1171 μὲν
3933 1104 4004 1154 τὰ

2432 1228 2528 1294 τῆς
2564 1223 2951 1293 προαιρέσεως,
2986 1217 3110 1284 ἔφη,
3144 1213 3241 1281 τῆς
3273 1211 3368 1276 σῆς
3389 1224 3403 1238 ·
3434 1205 3569 1273 πλὴν
3591 1202 3761 1256 οὐδενὶ
3783 1197 4003 1249 τοὺτων

2434 1319 2591 1385 ἡμεῖς
2630 1314 2736 1365 τῶν
2770 1309 2898 1379 παρ’
2948 1311 3075 1378 ὑμῖν
3123 1304 3331 1373 τιμίων,
3381 1296 3644 1368 ἡδόμεθα,
3683 1292 3851 1343 πάλαι
3904 1288 4009 1353 τὴν

2434 1408 2592 1473 κενὴν
2621 1405 2824 1469 ταύτην
2858 1398 3251 1453 διαπτὺσαντες
3280 1388 3601 1459 φαντασίαν
3637 1383 3812 1440 ἄλλως
3834 1397 3892 1430 τε
3931 1377 4013 1441 δὲ,

2435 1498 2551 1551 οὐδὲ
2575 1492 2876 1562 ἐμμίσθους
2916 1489 3012 1549 τὰς
3045 1485 3193 1553 παρὰ
3231 1480 3362 1534 Θεοῦ
3395 1478 3637 1537 δοθείσας
3665 1475 3793 1542 ἡμῖν
3827 1467 4011 1535 παρέ-

2435 1605 2598 1659 χομεν
2651 1585 2895 1655 χάριτας,
2929 1578 3136 1644 δωρεὰν
3171 1574 3448 1632 λαϐόντες,
3481 1569 3575 1621 καὶ
3607 1564 3819 1633 δωρεὰν
3866 1559 4014 1611 61.56-

2553 1673 2992 1742 κεκελευσμένοι.
3031 1668 3190 1722 Ἀλλά
3215 1665 3315 1716 ποῦ
3345 1680 3445 1726 σοι,
3470 1662 3632 1729 φησὶν
3653 1659 3686 1726 η
3717 1655 4012 1720 θυγάτηρς

2438 1774 2546 1826 Καὶ
2577 1774 2609 1839 ἡ
2641 1767 2932 1829 Φαυστίνα,
2961 1763 3034 1823 ῶς
3065 1758 3175 1829 εἶχε
3202 1758 3416 1826 τάχους,
3442 1751 3599 1811 εὐθὺς
3631 1749 3711 1808 εἰς
3730 1747 3820 1797 τὸν
3849 1744 4016 1795 θάλα-

774 1861 824 1911 in
863 1859 1180 1923 thalamum,
1215 1869 1268 1912 ct
1317 1836 1592 1927 acceptam
1640 1836 1798 1911 hliam
1838 1854 2059 1908 attrahit
2103 1853 2168 1906 ad
2212 1868 2335 1904 san-
2366 1836 2411 1894 B

2366 1836 2411 1894 Β
2445 1865 2541 1933 μάν
2567 1879 2622 1914 τε
2653 1858 2941 1927 εἰστρέχει,
2991 1855 3082 1906 καὶ
3131 1853 3226 1922 τῆς
3284 1847 3472 1907 παιδὸς
3517 1842 3653 1910 αὑτὴ
3705 1837 4013 1906 λαϐομένη,

771 1961 916 2004 ctum
942 1967 1100 2018 quam
1145 1952 1375 2003 maximo
1421 1951 1609 2004 ardore
1654 1959 1708 2002 et
1760 1947 1939 2001 studio
1980 1945 2085 1997 dici
2139 1951 2331 2011 potest.

775 2041 1010 2095 Puellam
1067 2056 1192 2095 \ero
1246 2042 1555 2095 inhabitans
1607 2037 2055 2092 sceleratissimus
2103 2035 2335 2094 daemon,

774 2149 896 2186 cum
929 2135 1262 2202 cognovisset
1300 2148 1356 2186 se
1397 2133 1460 2184 ad
1496 2148 1618 2185 eum
1653 2129 1868 2191 abduci,
1901 2146 1928 2182 a
1981 2143 2087 2197 quo
2135 2127 2338 2181 sciebat

774 2240 831 2278 se
864 2225 1010 2292 prius
1055 2225 1219 2278 fuisse
1274 2234 1607 2294 superatum,
1644 2223 1980 2290 discerpebat
2027 2220 2254 2288 puellam
2286 2228 2338 2270 et

774 2317 1100 2385 dejiciebat:
1159 2318 1368 2378 timere,
1423 2315 1756 2375 conturbari,
1806 2322 2056 2375 tremere,
2109 2311 2339 2376 caligare

776 2408 1028 2461 faciebat.
1059 2409 1262 2461 Deinde
1299 2409 1456 2460 etiam
1493 2421 1675 2458 Vocem
1706 2421 1767 2457 ex
1814 2418 1877 2455 ea
1911 2402 2210 2463 emittebat,
2261 2399 2337 2453 di-

777 2508 990 2550 centem
1024 2513 1036 2548 :
1072 2497 1232 2556 Ecce,
1283 2494 1497 2560 Aberci,
1530 2509 1627 2562 ego
1682 2503 1730 2544 te
1768 2492 1987 2543 Romam
2021 2489 2167 2550 duxi,
2205 2490 2341 2541 sicut

779 2605 897 2642 sum
948 2589 1234 2659 pollicitus.
1272 2588 1364 2641 Ille
1394 2596 1609 2640 autem:
1649 2585 1828 2644 Certe,
1868 2583 2080 2650 inquit:
2124 2581 2215 2634 sed
2251 2596 2342 2633 ne-

780 2697 1046 2752 quaquam
1097 2688 1380 2748 propterea
1427 2675 1704 2747 gandehis.
1756 2675 1844 2727 Sic
1899 2673 2051 2735 dixit,
2107 2681 2158 2723 et
2189 2670 2342 2738 jubet

782 2771 1014 2843 puellam
1060 2771 1180 2824 duci
1226 2769 1324 2823 sub
1375 2769 1482 2822 dio.
1535 2767 1700 2820 Ducta
1746 2775 1828 2819 est
1871 2779 1996 2832 ergo
2041 2763 2214 2832 puella
2249 2776 2343 2827 per

782 2865 1232 2933 Hippodromum,
1269 2876 1389 2915 cum
1437 2858 1777 2927 imperatoris
1798 2857 2051 2910 satellites
2083 2866 2134 2907 et
2166 2864 2347 2906 custo-

783 2961 877 3012 des
912 2959 1084 3010 locum
1123 2956 1278 3023 prius
1312 2962 1687 3020 occupassent.
1738 2949 1955 3001 Interim
2003 2955 2181 2997 autem
2221 2959 2345 2996 cum

783 3052 872 3104 ille
919 3045 1207 3117 impudens
1251 3053 1305 3096 et
1351 3043 1644 3096 sceleratus
1679 3039 1885 3092 daemon
1929 3036 2260 3102 discerperet
2293 3043 2346 3086 et

784 3142 1044 3210 dejiceret
1069 3137 1319 3208 puellam,
1348 3144 1402 3188 et
1432 3132 1564 3186 nihil
1603 3131 1747 3186 aliud
1793 3130 2047 3183 clamaret
2075 3126 2176 3178 nisi
2205 3123 2346 3193 quod

786 3237 959 3289 solum
999 3230 1330 3299 signiﬁcabat
1362 3243 1417 3280 se
1462 3225 1681 3293 gloriari
1715 3233 1768 3275 et
1811 3224 2034 3290 jactare,
2078 3219 2217 3286 quod
2256 3229 2351 3284 per

787 3341 846 3381 se
871 3325 1112 3378 duxisset
1133 3334 1378 3376 sanetum
1411 3332 1505 3385 per
1533 3326 1738 3368 tantum
1771 3322 1925 3365 terrae
1954 3319 2006 3363 et
2039 3308 2199 3361 maris
2225 3321 2349 3374 spa-

771 3422 923 3496 tium
959 3431 971 3469 :
1011 3413 1233 3470 sublatis
1292 3411 1343 3464 in
1402 3409 1595 3464 cadum
1661 3405 1858 3470 oculis,
1903 3401 2182 3466 Abercius,
2228 3414 2348 3454 cum

791 3511 959 3564 Deum
995 3515 1141 3560 esset
1173 3513 1440 3572 precatus,
1486 3499 1714 3569 puellam
1748 3501 1943 3550 acriter
1979 3496 2234 3552 intuetur,
2272 3502 2346 3544 et:

789 3601 982 3661 Ahea,
1039 3596 1230 3665 inquit,
1278 3595 1559 3663 egredere,
1613 3589 1842 3654 maligne
1896 3587 2128 3646 daemon,
2181 3581 2352 3649 ipsam

792 3691 927 3746 nihil
969 3689 1269 3743 olIendens.
1305 3684 1421 3736 'l‘ibi
1466 3683 1567 3735 hoc
1609 3679 1764 3748 jubet
1812 3674 2058 3732 Christus
2106 3688 2272 3726 meus.
2303 3672 2352 3725 ls

792 3795 942 3842 vero,
972 3778 1186 3833 leonina
1234 3776 1318 3829 illa
1370 3775 1590 3829 audacia
1621 3771 1798 3823 statim
1847 3776 2050 3819 mutata
2089 3765 2142 3817 in
2175 3763 2352 3830 vulpis

796 3871 1189 3926 timiditatem:
1243 3867 1446 3932 Adjuro
1495 3871 1543 3914 te
1595 3876 1693 3930 ego
1737 3871 1976 3927 quoque,
2027 3854 2222 3921 inquit,
2259 3866 2353 3922 per

792 3963 968 4032 ipsum
1015 3961 1324 4024 Christum,
1378 3973 1444 4011 ne
1488 3973 1573 4011 me
1632 3955 1813 4009 mittas
1867 3955 1918 4006 in
1978 3951 2347 4010 solitudinem,

792 4072 968 4126 neque
1005 4056 1169 4109 ullum
1201 4053 1363 4105 alium
1395 4051 1593 4110 locum,
1623 4047 1725 4100 nisi
1751 4047 1801 4097 iu
1839 4061 1985 4106 eum,
2038 4043 2088 4094 in
2121 4058 2226 4110 quo
2259 4042 2356 4093 ha-

793 4150 1050 4204 bitabant.
1084 4145 1312 4196 Sanctus
1367 4149 1546 4193 autem
1582 4155 1595 4191 :
1635 4137 1822 4191 Abihis
1873 4134 2110 4204 quidem,
2158 4131 2349 4200 inquit,

792 4254 903 4296 non
943 4237 994 4289 in
1042 4231 1409 4295 solitudinem,
1447 4227 1539 4282 sed
1588 4228 1638 4280 in
1667 4226 1840 4280 locum
1887 4233 2189 4292 paternum.
2225 4219 2352 4274 Pro-

793 4343 978 4402 pterea
1014 4338 1215 4390 autem,
1249 4325 1390 4393 quod
1423 4340 1507 4378 me
1534 4320 1710 4378 fecisti
1743 4319 1921 4372 videre
1958 4316 2202 4378 Romam,
2239 4315 2352 4382 ipse

792 4435 1008 4491 quoque
1045 4417 1136 4470 tibi
1185 4416 1352 4483 jubeo
1397 4414 1450 4466 in
1496 4410 1716 4463 nomine
1769 4407 2005 4488 Jesu,_ut
2035 4404 2173 4457 hanc
2204 4418 2351 4454 aram

2442 1956 2724 2020 ἐφέλκεται
2752 1953 2884 2022 πρὸς
2915 1951 3007 2002 τὸν
3038 1948 3216 2014 ἆγιον.
3243 1943 3361 2010 μεθ’
3392 1942 3524 2006 ὅσης
3559 1935 3624 1988 ἂν
3669 1932 3772 1999 τῆς
3809 1929 4018 1996 θερμό-

2442 2062 2600 2112 τητος
2631 2044 2802 2103 εἴποις
2839 2041 2933 2092 καὶ
2966 2039 3061 2106 τῆς
3088 2033 3344 2102 σπουδῆς.
3371 2031 3430 2082 '0
3461 2029 3646 2097 μέντοι
3679 2020 3923 2074 ὲποικῶν
3953 2022 4018 2086 τῇ

2444 2136 2596 2188 παιδὶ
2629 2133 2993 2201 πονηρότατος
3017 2127 3247 2195 δαίμων,
3275 2121 3398 2175 ἐπεὶ
3443 2119 3577 2188 πρὸς
3609 2113 3774 2168 αὑτὸν
3805 2107 4020 2174 ἀτταγόο

2448 2246 2604 2296 μενος
2630 2227 2788 2292 ἔγνω,
2809 2216 2868 2274 οὗ
2895 2221 2988 2272 καὶ
3016 2218 3280 2284 πρότερον
3310 2211 3602 2279 ἐγίνωσκεν
3621 2203 3902 2275 ἡττηθεὶς,
3935 2202 4020 2251 ἑσ-

2446 2323 2689 2386 πάραττε
2720 2316 2814 2382 τὴν
2847 2312 3031 2375 παῖδα,
3061 2304 3383 2365 κατέϐαλλε,
3410 2296 4020 2363 δεδοικέναι,ταράττε-

2449 2411 2594 2470 σθαι,
2620 2408 2861 2478 τρέμειν,
2893 2402 3130 2472 ίλιγγιᾷν
3169 2397 3360 2450 ἐποίει,
3392 2392 3522 2448 Εἶτα
3579 2394 3674 2445 καὶ
3735 2388 3924 2460 φωνὴν
3957 2388 4022 2437 ἐκ

2447 2502 2646 2568 ταύτης
2705 2497 2875 2567 ἠφίει,
2920 2495 3074 2555 Ἰδοὺ,
3139 2489 3412 2558 Ἀὁέρκιε,
3463 2485 3750 2552 λέγουσαν,
3805 2482 3903 2532 καὶ
3941 2479 4019 2536 εἰς

2459 2564 2674 2662 ἰ’ώμην
2709 2564 2765 2643 σε
2796 2591 3026 2657 ἡγαγον,
3057 2584 3242 2650 ῶσπερ
3281 2579 3390 2647 ἄρα
3418 2572 3839 2643 ἐπηγγειλάμην
3862 2609 3876 2631 ,
3909 2568 3937 2616 ὁ
3969 2564 4024 2615 δὲ

2447 2688 2572 2748 Ναὶ,
2604 2683 2786 2752 φησίν·
2817 2679 2930 2733 ἀλλ’
2957 2677 3017 2727 οὑ
3055 2672 3336 2743 χαιρήσεις
3362 2666 3549 2718 τούτου
3586 2679 3646 2730 γε
3671 2663 3885 2712 ἕνεκεν.
3915 2655 4022 2709 Οὖ-

2449 2791 2553 2836 τως
2595 2750 2698 2837 ἔφη
2726 2771 2820 2821 καὶ
2853 2770 2950 2832 τὴν
2982 2765 3149 2832 κόρην
3201 2760 3281 2821 εἰς
3334 2755 3601 2825 ὕπαιθρον
3650 2750 3892 2818 ἀχθῆναι
3925 2763 4020 2800 κεο

2451 2867 2622 2918 λεύει.
2663 2860 2838 2929 Ἤχθη
2861 2853 2952 2912 οὖν
2982 2856 3082 2910 ἀνα
3097 2853 3186 2907 τὸν
3222 2851 3571 2919 ’ἱππόδρομον
3594 2847 3626 2912 ἡ
3650 2847 3802 2906 παῖς,
3844 2843 4027 2893 ὑπασ-

2455 2957 2659 3011 πιστῶν
2693 2971 2751 3006 τε
2785 2948 3081 3021 βασιλικῶν
3115 2945 3378 3016 πρότερον
3407 2942 3499 2993 καὶ
3522 2936 3775 3007 φρουρῶν
3799 2933 3897 2984 τὸν
3930 2931 4021 2982 τό-

2453 3069 2551 3104 πον
2575 3046 2959 3110 διαλαϐόντων,
2984 3043 3042 3094 ἐν
3077 3038 3252 3104 τούτῳ
3282 3035 3338 3085 δὲ
3378 3031 3468 3083 τοῦ
3513 3025 3762 3086 άναιδοῦς
3810 3022 4027 3074 ἐκείνου

2455 3142 2547 3193 καὶ
2583 3136 2780 3206 μιαροῦ
2820 3132 3092 3200 δαίμονος,
3111 3120 3517 3193 σπαράττοντός
3538 3134 3599 3169 τε
3622 3117 3716 3168 καὶ
3747 3111 4026 3165 κατάϐαλε

2452 3232 2637 3290 λοντος
2667 3229 2765 3294 τὴν
2822 3223 3023 3293 κόρην,
3054 3219 3146 3272 καὶ
3194 3216 3345 3270 οὐδὲν
3392 3211 3517 3268 ἄλλο
3558 3207 3792 3279 βοῶντος
3828 3206 3912 3257 ὅτι
3951 3203 4027 3270 μὴ

2453 3323 2520 3377 τὰ
2556 3320 2726 3392 ὀφρὺν
2760 3317 2856 3371 καὶ
2890 3315 3100 3384 κόμπον
3151 3307 3415 3378 δηλοῦντα
3467 3303 3647 3373 μόνον,
3705 3297 3793 3367 ἐφ’
3933 3299 4023 3348 τὸν

2455 3419 2607 3484 ἅγιον
2639 3411 2910 3470 τοσαύτην
2940 3404 3216 3461 θάλασσάν
3246 3417 3305 3452 τε
3341 3398 3434 3451 καὶ
3463 3398 3564 3465 γῆν
3594 3393 3659 3446 δι’
3684 3393 3853 3445 αὑτὸν
3888 3390 4031 3457 ἁγά-

2455 3481 2660 3575 γοι,τδ
2685 3503 2840 3570 ὄμμα
2867 3501 2945 3559 εἰς
2989 3497 3250 3564 οὐρανοὺς
3323 3489 3529 3556 ἐπάρας
3589 3483 3874 3550 Ἀὃέρκιος
3938 3481 4033 3531 καὶ

2456 3572 2891 3669 προσευξάμενος
2921 3587 2998 3660 τῷ
3031 3585 3169 3656 Θεῷ,
3195 3580 3357 3652 δριμὺ
3388 3596 3444 3631 τε
3467 3579 3533 3646 τῇ
3566 3575 3700 3642 κόρῃ
3735 3572 4030 3639 apsum,

2456 3665 2548 3744 καί
2571 3686 2813 3754 Ἔξελθε,
2837 3684 2986 3754 φησι,
3007 3679 3233 3747 ταύτης,
3253 3671 3454 3742 πονηρὲ
3471 3671 3686 3738 δαῖμον.
3706 3665 4031 3718 Ἐπιτάσσει

2455 3799 2536 3833 σοι
2572 3750 2806 3849 Χριστὸς
2884 3750 3038 3844 έμδς,
3075 3769 3241 3842 μηδὲν
3290 3765 3459 3834 αὑτὴν
3519 3759 3929 3830 λυμηνάμενος.
3969 3750 4029 3804 ’0

2453 3875 2508 3928 δὲ
2537 3845 2696 3933 εὐθὺς
2727 3871 2787 3922 τὸ
2813 3867 3076 3919 λεόντειον
3110 3862 3286 3915 ἐκεῖνο
3311 3859 3509 3927 θράσος
3540 3853 3620 3913 εἰς
3647 3849 3861 3902 δειλίαν
3889 3845 4028 3899 ἁλῶ-

2455 3981 2618 4023 πεκος
2656 3944 3103 4029 μεταϐεϐληκὼς,
3144 3949 3378 4020 Ὁρκίζω
3427 3962 3486 3998 σε
3515 3940 3842 4008 κὰγὼ,εφη,
3887 3939 4034 3992 κατὰ

2455 4055 2546 4106 τοῦ
2576 4049 2740 4105 αὑτοῦ
2775 4040 3036 4116 Χριστοῦ,
3065 4041 3139 4112 μὴ
3171 4044 3249 4101 εἰς
3283 4036 3521 4105 ἐρημίαν
3549 4049 3638 4101 με,
3670 4031 3746 4099 μὴ
3778 4032 3858 4090 είς
3906 4032 4029 4080 ἓτε-

2458 4162 2548 4217 ρον
2581 4139 2905 4208 άποπέμψαι
2937 4130 3276 4188 τόπον·ἁλλ’
3325 4126 3452 4179 ἔνθα
3501 4125 3564 4194 δὴ
3615 4125 3710 4174 καὶ
3762 4121 4034 4190 πρότερον

2453 4237 2651 4306 ᾤκουν,
2677 4232 2784 4287 καὶ
2817 4229 2906 4282 τὸν
2939 4227 3092 4295 ἅγιον
3114 4241 3128 4255 ο
3168 4217 3470 4286 Ἀπελεύσῃ
3525 4215 3623 4285 μὲν
3655 4213 3755 4266 οὑκ
3783 4214 3864 4269 εἰς
3905 4214 4034 4279 ἐρη-

2459 4329 2608 4396 μίαν,
2638 4323 2750 4375 ἀλλ’
2781 4321 2861 4381 εἰς
2909 4319 2999 4369 τδν
3055 4317 3220 4367 τὸπον
3275 4311 3364 4363 τὸν
3400 4308 3689 4374 πατρικόν.
3731 4301 3878 4356 Ἀνθ“
3909 4300 4034 4352 ὅτου

2455 4394 2512 4469 δέ
2539 4430 2602 4482 με
2638 4413 2732 4465 x1).
2757 4410 2853 4480 τὴν
2890 4407 3115 4474 Ῥώμην
3143 4403 3273 4455 ίδεῖν
3307 4399 3590 4463 ἐποίησας,
3625 4394 3907 4446 ὲπιτάττω
3950 4408 4030 4441 σει

797 4515 970 4576 tollas,
1002 4512 1070 4581 (ei
1097 4525 1258 4564 manu
1289 4506 1579 4563 ostendens
1606 4518 1751 4557 aram
1800 4480 2084 4570 lapideam)
2132 4506 2185 4552 et
2216 4496 2356 4551 feras
2390 4527 2430 4580 υ

2390 4527 2430 4580 D
2462 4480 2553 4557 xui.
2584 4501 2744 4563 αὑτὸς
2778 4496 2937 4552 πάλιν
2971 4497 3027 4547 ἐν
3052 4491 3127 4562 τῷ
3185 4489 3408 4558 ὀνόματι
3447 4483 3623 4555 Ἰησοῦ
3690 4483 3782 4533 τὸν
3850 4480 4033 4548 βωμὸν

795 4623 965 4676 usque
1019 4606 1084 4659 ad
1153 4617 1326 4657 meam
1375 4597 1699 4666 Hierapolim
1755 4603 1810 4649 et
1873 4603 2077 4647 statuas
2140 4600 2358 4658 propter

796 4707 1005 4766 portam
1049 4693 1368 4746 australem.
1406 4687 1625 4740 Audivit
1656 4685 1887 4738 daemon.
1931 4688 1985 4734 et
2031 4679 2210 4733 statim
2239 4688 2356 4732 tan-

794 4802 953 4856 quam
986 4797 1194 4843 servus,
1220 4781 1308 4849 qui
1341 4776 1589 4834 terrribili
1614 4773 1831 4828 domino
1864 4772 2050 4826 didicit
2082 4769 2274 4824 cedere
2301 4768 2355 4820 in

796 4878 1068 4936 omnibus,
1102 4874 1307 4928 recedit
1349 4871 1565 4939 quidem
1597 4884 1625 4920 a
1653 4867 1847 4935 puella,
1892 4864 2026 4918 nihil
2056 4863 2105 4917 ei
2136 4859 2358 4917 omnino

796 4968 919 5022 mah
950 4965 1174 5020 faciens.
1205 4962 1410 5016 Deinde
1441 4956 1920 5012 innumerabililms
1963 4954 2134 5008 oculis
2176 4951 2360 5004 viden—

797 5061 942 5114 tibus
998 5060 1067 5127 (ο
1117 5055 1235 5124 quis
1282 5064 1370 5106 tua
1424 5049 1603 5104 omnia
1651 5063 1758 5098 non
1819 5045 2208 5100 admirabtlur,
2267 5055 2362 5092 rex

796 5124 1068 5213 Christe?)
1102 5159 1248 5200 aram
1279 5142 1440 5201 subit,
1468 5151 1522 5192 et
1567 5137 1703 5191 tollit
1753 5135 1985 5203 graviter
2028 5124 2272 5202 gemens,
2309 5139 2362 5182 et

802 5242 993 5299 transit
1023 5255 1116 5308 per
1170 5234 1401 5288 medium
1438 5228 1885 5296 Hippodromum,
1929 5222 2090 5291 (quod
2144 5222 2360 5290 quidem

801 5333 972 5384 visum
1010 5339 1091 5381 est
1118 5338 1316 5379 novum
1346 5315 1604 5372 Romanis
1631 5314 2022 5384 spectaculum)
2059 5324 2108 5367 et
2137 5312 2363 5382 deponit

800 5420 1068 5490 Hierapoli
1102 5419 1153 5476 in
1189 5419 1303 5470 loco
1331 5411 1656 5484 praestituto.

876 5756 895 5788 ⁸
921 5756 1060 5810 Psal.
1096 5771 1279 5820 vam,
1312 5753 1362 5808 5.
1443 5755 1460 5783 ⁶
1491 5752 1679 5807 Matth.
1721 5768 1770 5816 χ,
1802 5751 1853 5805 8.

2459 4595 2644 4648 τοῦτον
2678 4589 2807 4663 ἆραι
2860 4587 3060 4659 (δείξας
3090 4581 3236 4652 αὑτῷ
3279 4581 3343 4650 τῇ
3391 4577 3533 4649 χειρὶ
3576 4572 3758 4644 βωμὸν
3803 4570 4030 4631 λίθινον)

2465 4689 2628 4757 μέχρι
2658 4702 2718 4737 τε
2759 4680 3111 4750 Ἰεραπόλεως
3143 4675 3242 4743 τῆς
3277 4673 3417 4742 ὲμῆς
3446 4669 3718 4736 ἐνεγκεῖν,
3745 4665 3844 4716 καὶ
3881 4664 4036 4728 παρὰ

2461 4784 2526 4850 τῇ
2587 4779 2746 4846 νοτίῳ
2810 4776 3030 4842 φέροντι
3083 4767 3436 4837 παραστῆσαι
3488 4758 3958 4828 πύλῃ.ἸΙκουσεν
3999 4759 4026 4807 ὁ

2461 4871 2689 4939 δαίμων,
2713 4866 2805 4920 καὶ
2822 4863 2983 4926 εὐθὺς
3013 4855 3098 4913 οἷα
3125 4857 3309 4917 δοῦλος
3339 4850 3555 4922 φοϐερῷ
3584 4851 3827 4918 δεσπότῃ
3855 4850 4032 4900 πάντα

2462 4961 2705 5013 ὑπείκειν
2723 4953 3150 5022 πεπαιδευμένος
3173 4946 3574 5001 ἀπαλλάττεται
3601 4943 3700 5012 μὲν
3719 4943 3816 5008 τῆς
3837 4941 4031 5006 κόρης,

2465 5057 2584 5127 μηδ’
2636 5052 2812 5108 ὁτιοῦν
2885 5048 3053 5117 αὑτὴν
3112 5044 3313 5113 δράσας
3367 5039 3559 5090 κακον.
3616 5031 3748 5087 Εἶτα
3818 5032 4032 5100 μυρίων

2460 5150 2710 5220 ὁρώντων
2750 5142 3012 5214 ὀμμάτων
3048 5137 3113 5206 (ῶ
3141 5136 3223 5197 τίς
3261 5134 3335 5202 μὴ
3371 5130 3640 5198 θαυμάσει
3686 5142 3780 5178 σου
3824 5127 4031 5187 πάντα,

2462 5240 2662 5311 Χριστὲ
2689 5233 2906 5308 βασιλεῦ
2929 5238 2966 5299 ;)
2999 5231 3298 5299 ὑπέρχεται
3351 5224 3442 5275 τὸν
3486 5219 3669 5290 βωμὸν
3724 5219 3822 5270 κιρὶ
3876 5219 4030 5268 aut.

2465 5336 2657 5401 ρεῖται,
2686 5330 2822 5398 βαρὺ
2857 5323 3134 5386 στενάξας,
3165 5319 3257 5372 καὶ
3279 5317 3444 5370 δίεισε
3480 5314 3568 5365 διὰ
3616 5310 3710 5363 τοῦ
3751 5309 4034 5376 Ἱπποδρο-

2470 5442 2569 5494 μου
2589 5422 2792 5491 (καινὸν
2832 5419 2894 5487 δὴ
2941 5416 3098 5468 τοῦτο
3147 5413 3328 5479 θέαμα
3399 5404 3747 5473 Ῥωμαίοις),
3813 5406 3908 5452 καὶ
3959 5399 4036 5467 τῷ

2464 5515 2752 5588 ὡρισμένῳ
2779 5514 2957 5581 φέρων
2989 5504 3332 5572 ἐναποτίθησι
3371 5502 3518 5568 τόπῳ
3542 5498 3682 5550 κατὰ
3725 5495 3825 5564 τὴν
3873 5493 4034 5564 Ἰεραο

2465 5609 2636 5664 πολιν.
