  <div class='ocr_page' id='page_1' title='image "/cluster/home/n/w/nwhite01/storage/ocr_20150623/115/nnc1.0046980261/648.png"; bbox 0 0 4216 6432; ppageno 0'>
   <div class='ocr_carea' id='block_1_1' title="bbox 275 408 406 472">
    <p class='ocr_par' dir='ltr' id='par_1_1' title="bbox 275 408 406 472">
     <span class='ocr_line' id='line_1_1' title="bbox 275 408 406 472; baseline 0.038 -5"><span class='ocrx_word' id='word_1_1' title='bbox 275 408 406 472; x_wconf 72' lang='grc'><strong>1241</strong></span> 
     </span>
    </p>
   </div>
   <div class='ocr_carea' id='block_1_2' title="bbox 1579 411 2226 476">
    <p class='ocr_par' dir='ltr' id='par_1_2' title="bbox 1579 411 2226 476">
     <span class='ocr_line' id='line_1_2' title="bbox 1579 411 2226 476; baseline 0.009 -6"><span class='ocrx_word' id='word_1_2' title='bbox 1579 411 1751 475; x_wconf 80' lang='grc' dir='ltr'>νιΤΑ</span> <span class='ocrx_word' id='word_1_3' title='bbox 1797 414 1858 472; x_wconf 92' lang='lat' dir='ltr'><strong>S.</strong></span> <span class='ocrx_word' id='word_1_4' title='bbox 1898 411 2226 476; x_wconf 78' lang='lat' dir='ltr'><strong>ABERCII.</strong></span> 
     </span>
    </p>
   </div>
   <div class='ocr_carea' id='block_1_3' title="bbox 3381 414 3514 475">
    <p class='ocr_par' dir='ltr' id='par_1_3' title="bbox 3381 414 3514 475">
     <span class='ocr_line' id='line_1_3' title="bbox 3381 414 3514 475; baseline -0.008 0"><span class='ocrx_word' id='word_1_5' title='bbox 3381 414 3514 475; x_wconf 73' lang='grc'>1242</span> 
     </span>
    </p>
   </div>
   <div class='ocr_carea' id='block_1_4' title="bbox 346 523 2011 597">
    <p class='ocr_par' dir='ltr' id='par_1_4' title="bbox 346 523 1920 595">
     <span class='ocr_line' id='line_1_4' title="bbox 346 523 1920 595; baseline 0 -21"><span class='ocrx_word' id='word_1_6' title='bbox 346 523 472 576; x_wconf 75' lang='lat' dir='ltr'><strong>Kl&quot;.</strong></span> <span class='ocrx_word' id='word_1_7' title='bbox 503 523 568 576; x_wconf 83' lang='grc' dir='ltr'><em>Ἢ</em></span> <span class='ocrx_word' id='word_1_8' title='bbox 593 523 646 576; x_wconf 74' lang='grc' dir='ltr'>δὲ</span> <span class='ocrx_word' id='word_1_9' title='bbox 671 524 801 594; x_wconf 84' lang='grc' dir='ltr'>κόρη</span> <span class='ocrx_word' id='word_1_10' title='bbox 823 524 917 578; x_wconf 92' lang='grc' dir='ltr'><strong>τοῦ</strong></span> <span class='ocrx_word' id='word_1_11' title='bbox 951 526 1292 595; x_wconf 72' lang='grc' dir='ltr'><strong>ἐνοχλοῦντος</strong></span> <span class='ocrx_word' id='word_1_12' title='bbox 1339 526 1714 594; x_wconf 73' lang='grc' dir='ltr'><strong>ἀπαλλαγεῖσα</strong></span> <span class='ocrx_word' id='word_1_13' title='bbox 1739 524 1850 577; x_wconf 81' lang='grc' dir='ltr'>δαί·</span> <span class='ocrx_word' id='word_1_14' title='bbox 1877 527 1920 582; x_wconf 78' lang='grc' dir='ltr'>Α</span> 
     </span>
    </p>
   </div>
   <div class='ocr_carea' id='block_1_5' title="bbox 1846 523 3511 597">
    <p class='ocr_par' dir='ltr' id='par_1_5' title="bbox 1846 526 3511 597">
     <span class='ocr_line' id='line_1_5' title="bbox 1846 526 3511 597; baseline 0.001 -15"><span class='ocrx_word' id='word_1_15' title='bbox 1846 527 1920 582; x_wconf 66' lang='grc' dir='ltr'>ιΑ</span> <span class='ocrx_word' id='word_1_16' title='bbox 2025 526 2211 582; x_wconf 77' lang='lat' dir='ltr'>XXIII.</span> <span class='ocrx_word' id='word_1_17' title='bbox 2249 526 2429 582; x_wconf 78' lang='lat' dir='ltr'><strong>Puella</strong></span> <span class='ocrx_word' id='word_1_18' title='bbox 2462 537 2641 581; x_wconf 83' lang='lat' dir='ltr'><strong>autem</strong></span> <span class='ocrx_word' id='word_1_19' title='bbox 2677 528 2898 581; x_wconf 87' lang='lat' dir='ltr'><strong>liberata</strong></span> <span class='ocrx_word' id='word_1_20' title='bbox 2924 543 2952 581; x_wconf 87' lang='lat' dir='ltr'><strong>a</strong></span> <span class='ocrx_word' id='word_1_21' title='bbox 2983 527 3245 592; x_wconf 67' lang='lat' dir='ltr'><strong>daemone,</strong></span> <span class='ocrx_word' id='word_1_22' title='bbox 3273 529 3360 597; x_wconf 98' lang='lat' dir='ltr'><strong>qui</strong></span> <span class='ocrx_word' id='word_1_23' title='bbox 3393 545 3511 583; x_wconf 89' lang='lat' dir='ltr'><strong>eam</strong></span> 
     </span>
    </p>
   </div>
   <div class='ocr_carea' id='block_1_6' title="bbox 275 616 1840 688">
    <p class='ocr_par' dir='ltr' id='par_1_6' title="bbox 275 616 1840 688">
     <span class='ocr_line' id='line_1_6' title="bbox 275 616 1840 688; baseline 0.003 -21"><span class='ocrx_word' id='word_1_24' title='bbox 275 632 458 683; x_wconf 89' lang='grc' dir='ltr'>μονος,</span> <span class='ocrx_word' id='word_1_25' title='bbox 487 616 697 683; x_wconf 75' lang='grc' dir='ltr'>ἄφωνος</span> <span class='ocrx_word' id='word_1_26' title='bbox 730 618 821 668; x_wconf 79' lang='grc' dir='ltr'><strong>ἐπὶ</strong></span> <span class='ocrx_word' id='word_1_27' title='bbox 854 620 1022 671; x_wconf 80' lang='grc' dir='ltr'>πολὺν</span> <span class='ocrx_word' id='word_1_28' title='bbox 1069 621 1260 688; x_wconf 87' lang='grc' dir='ltr'>χρόνον</span> <span class='ocrx_word' id='word_1_29' title='bbox 1301 623 1410 674; x_wconf 87' lang='grc' dir='ltr'><strong>τῶν</strong></span> <span class='ocrx_word' id='word_1_30' title='bbox 1458 621 1632 673; x_wconf 82' lang='grc' dir='ltr'>ποδῶν</span> <span class='ocrx_word' id='word_1_31' title='bbox 1665 621 1840 688; x_wconf 76' lang='grc' dir='ltr'>εἴχετο</span> 
     </span>
    </p>
   </div>
   <div class='ocr_carea' id='block_1_7' title="bbox 269 705 1840 788">
    <p class='ocr_par' dir='ltr' id='par_1_7' title="bbox 269 705 1840 788">
     <span class='ocr_line' id='line_1_7' title="bbox 269 705 1840 788; baseline 0.005 -33"><span class='ocrx_word' id='word_1_32' title='bbox 269 705 368 757; x_wconf 84' lang='grc' dir='ltr'><strong>τοῦ</strong></span> <span class='ocrx_word' id='word_1_33' title='bbox 401 706 558 772; x_wconf 82' lang='grc' dir='ltr'>ἁγίου</span> <span class='ocrx_word' id='word_1_34' title='bbox 581 724 596 738; x_wconf 78' lang='grc' dir='ltr'><strong>ο</strong></span> <span class='ocrx_word' id='word_1_35' title='bbox 639 707 665 758; x_wconf 89' lang='grc' dir='ltr'><strong>ὃ</strong></span> <span class='ocrx_word' id='word_1_36' title='bbox 710 710 805 760; x_wconf 72' lang='grc' dir='ltr'><strong>καὶ</strong></span> <span class='ocrx_word' id='word_1_37' title='bbox 825 710 1065 788; x_wconf 78' lang='grc' dir='ltr'>μάλιστα</span> <span class='ocrx_word' id='word_1_38' title='bbox 1094 711 1192 781; x_wconf 84' lang='grc' dir='ltr'>τὴν</span> <span class='ocrx_word' id='word_1_39' title='bbox 1227 714 1436 781; x_wconf 85' lang='grc' dir='ltr'>μητέρα</span> <span class='ocrx_word' id='word_1_40' title='bbox 1464 715 1557 765; x_wconf 86' lang='grc' dir='ltr'>καὶ</span> <span class='ocrx_word' id='word_1_41' title='bbox 1594 714 1716 775; x_wconf 79' lang='grc' dir='ltr'>τοὺς</span> <span class='ocrx_word' id='word_1_42' title='bbox 1746 729 1840 763; x_wconf 85' lang='grc' dir='ltr'>πα-</span> 
     </span>
    </p>
   </div>
   <div class='ocr_carea' id='block_1_8' title="bbox 273 797 1840 874">
    <p class='ocr_par' dir='ltr' id='par_1_8' title="bbox 273 797 1840 874">
     <span class='ocr_line' id='line_1_8' title="bbox 273 797 1840 874; baseline 0.005 -26"><span class='ocrx_word' id='word_1_43' title='bbox 273 797 471 862; x_wconf 88' lang='grc' dir='ltr'>ρόντας</span> <span class='ocrx_word' id='word_1_44' title='bbox 533 798 806 869; x_wconf 65' lang='grc' dir='ltr'>ἐθορύϐει,</span> <span class='ocrx_word' id='word_1_45' title='bbox 860 802 1168 864; x_wconf 75' lang='grc' dir='ltr'><strong>δεδοικότας</strong></span> <span class='ocrx_word' id='word_1_46' title='bbox 1205 805 1278 874; x_wconf 84' lang='grc' dir='ltr'>μὴ</span> <span class='ocrx_word' id='word_1_47' title='bbox 1316 807 1409 857; x_wconf 72' lang='grc' dir='ltr'>καὶ</span> <span class='ocrx_word' id='word_1_48' title='bbox 1454 805 1550 874; x_wconf 84' lang='grc' dir='ltr'>τὴν</span> <span class='ocrx_word' id='word_1_49' title='bbox 1597 805 1774 874; x_wconf 72' lang='grc' dir='ltr'>ψυχὴν</span> <span class='ocrx_word' id='word_1_50' title='bbox 1813 806 1840 856; x_wconf 91' lang='grc' dir='ltr'>ὁ</span> 
     </span>
    </p>
   </div>
   <div class='ocr_carea' id='block_1_9' title="bbox 270 888 1838 964">
    <p class='ocr_par' dir='ltr' id='par_1_9' title="bbox 270 888 1838 964">
     <span class='ocr_line' id='line_1_9' title="bbox 270 888 1838 964; baseline 0.004 -24"><span class='ocrx_word' id='word_1_51' title='bbox 270 888 484 958; x_wconf 85' lang='grc' dir='ltr'>δαίμων</span> <span class='ocrx_word' id='word_1_52' title='bbox 507 892 756 958; x_wconf 75' lang='grc' dir='ltr'>ἀφείλετο</span> <span class='ocrx_word' id='word_1_53' title='bbox 798 896 895 962; x_wconf 84' lang='grc' dir='ltr'>τῆς</span> <span class='ocrx_word' id='word_1_54' title='bbox 927 896 1130 958; x_wconf 82' lang='grc' dir='ltr'>παιδός.</span> <span class='ocrx_word' id='word_1_55' title='bbox 1163 897 1275 964; x_wconf 81' lang='grc' dir='ltr'><strong>Τὴν</strong></span> <span class='ocrx_word' id='word_1_56' title='bbox 1319 897 1501 964; x_wconf 89' lang='grc' dir='ltr'>μέντοι</span> <span class='ocrx_word' id='word_1_57' title='bbox 1535 896 1838 950; x_wconf 87' lang='grc' dir='ltr'>Φαυστίναν</span> 
     </span>
    </p>
   </div>
   <div class='ocr_carea' id='block_1_10' title="bbox 274 981 1838 1059">
    <p class='ocr_par' dir='ltr' id='par_1_10' title="bbox 274 981 1838 1059">
     <span class='ocr_line' id='line_1_10' title="bbox 274 981 1838 1059; baseline 0.005 -27"><span class='ocrx_word' id='word_1_58' title='bbox 274 981 351 1050; x_wconf 81' lang='grc' dir='ltr'>μὴ</span> <span class='ocrx_word' id='word_1_59' title='bbox 379 981 670 1053; x_wconf 88' lang='grc' dir='ltr'>δυνηθῆναι</span> <span class='ocrx_word' id='word_1_60' title='bbox 709 989 882 1054; x_wconf 76' lang='grc' dir='ltr'>σιωπῇ</span> <span class='ocrx_word' id='word_1_61' title='bbox 915 986 1075 1039; x_wconf 83' lang='grc' dir='ltr'>τοῦτο</span> <span class='ocrx_word' id='word_1_62' title='bbox 1114 988 1409 1057; x_wconf 81' lang='grc' dir='ltr'><strong>διενεγκεῖν</strong></span> <span class='ocrx_word' id='word_1_63' title='bbox 1436 1032 1448 1054; x_wconf 94' lang='grc'><strong>,</strong></span> <span class='ocrx_word' id='word_1_64' title='bbox 1473 990 1607 1041; x_wconf 80' lang='grc' dir='ltr'><strong>ἀλλὰ</strong></span> <span class='ocrx_word' id='word_1_65' title='bbox 1635 990 1838 1059; x_wconf 76' lang='grc' dir='ltr'>μεστὴν</span> 
     </span>
    </p>
   </div>
   <div class='ocr_carea' id='block_1_11' title="bbox 271 1073 1832 1150">
    <p class='ocr_par' dir='ltr' id='par_1_11' title="bbox 271 1073 1832 1150">
     <span class='ocr_line' id='line_1_11' title="bbox 271 1073 1832 1150; baseline 0.007 -28"><span class='ocrx_word' id='word_1_66' title='bbox 271 1073 510 1138; x_wconf 81' lang='grc' dir='ltr'>ἀγωνίας</span> <span class='ocrx_word' id='word_1_67' title='bbox 533 1076 759 1144; x_wconf 78' lang='grc' dir='ltr'>ἔχουσαν</span> <span class='ocrx_word' id='word_1_68' title='bbox 789 1077 886 1146; x_wconf 82' lang='grc' dir='ltr'>τὴν</span> <span class='ocrx_word' id='word_1_69' title='bbox 917 1081 1163 1148; x_wconf 82' lang='grc' dir='ltr'>καρδίαν,</span> <span class='ocrx_word' id='word_1_70' title='bbox 1185 1082 1320 1150; x_wconf 78' lang='grc' dir='ltr'>πρὸς</span> <span class='ocrx_word' id='word_1_71' title='bbox 1343 1082 1430 1133; x_wconf 78' lang='grc' dir='ltr'>τὸν</span> <span class='ocrx_word' id='word_1_72' title='bbox 1463 1081 1614 1148; x_wconf 80' lang='grc' dir='ltr'>ᾶγιον</span> <span class='ocrx_word' id='word_1_73' title='bbox 1638 1084 1802 1150; x_wconf 70' lang='grc' dir='ltr'>φάναι</span> <span class='ocrx_word' id='word_1_74' title='bbox 1819 1097 1832 1111; x_wconf 80' lang='grc'><strong><em>⁸</em></strong></span> 
     </span>
    </p>
   </div>
   <div class='ocr_carea' id='block_1_12' title="bbox 271 1159 1836 1241">
    <p class='ocr_par' dir='ltr' id='par_1_12' title="bbox 271 1159 1836 1241">
     <span class='ocr_line' id='line_1_12' title="bbox 271 1159 1836 1241; baseline 0.005 -25"><span class='ocrx_word' id='word_1_75' title='bbox 271 1159 347 1215; x_wconf 85' lang='grc' dir='ltr'><strong><em>Ἦ</em></strong></span> <span class='ocrx_word' id='word_1_76' title='bbox 377 1182 478 1218; x_wconf 87' lang='grc' dir='ltr'><strong>που</strong></span> <span class='ocrx_word' id='word_1_77' title='bbox 512 1168 647 1234; x_wconf 78' lang='grc' dir='ltr'>μετὰ</span> <span class='ocrx_word' id='word_1_78' title='bbox 682 1168 775 1219; x_wconf 82' lang='grc' dir='ltr'><strong>τοῦ</strong></span> <span class='ocrx_word' id='word_1_79' title='bbox 833 1171 1098 1239; x_wconf 86' lang='grc' dir='ltr'>δαίμονος</span> <span class='ocrx_word' id='word_1_80' title='bbox 1151 1173 1465 1241; x_wconf 78' lang='grc' dir='ltr'>ἁπήλλαξας</span> <span class='ocrx_word' id='word_1_81' title='bbox 1513 1174 1611 1240; x_wconf 81' lang='grc' dir='ltr'>τὴν</span> <span class='ocrx_word' id='word_1_82' title='bbox 1668 1174 1836 1225; x_wconf 84' lang='grc' dir='ltr'>παῖδα</span> 
     </span>
    </p>
   </div>
   <div class='ocr_carea' id='block_1_13' title="bbox 271 1256 1833 1335">
    <p class='ocr_par' dir='ltr' id='par_1_13' title="bbox 271 1256 1833 1335">
     <span class='ocr_line' id='line_1_13' title="bbox 271 1256 1833 1335; baseline 0.006 -29"><span class='ocrx_word' id='word_1_83' title='bbox 271 1256 366 1307; x_wconf 76' lang='grc' dir='ltr'>καὶ</span> <span class='ocrx_word' id='word_1_84' title='bbox 403 1257 499 1324; x_wconf 76' lang='grc' dir='ltr'>τῆς</span> <span class='ocrx_word' id='word_1_85' title='bbox 537 1258 699 1327; x_wconf 76' lang='grc' dir='ltr'>ζωῆς.</span> <span class='ocrx_word' id='word_1_86' title='bbox 747 1259 808 1311; x_wconf 86' lang='lat'><strong>&#39;0</strong></span> <span class='ocrx_word' id='word_1_87' title='bbox 837 1260 891 1313; x_wconf 82' lang='grc' dir='ltr'>δὲ</span> <span class='ocrx_word' id='word_1_88' title='bbox 919 1262 1090 1325; x_wconf 78' lang='grc' dir='ltr'>οὕτως</span> <span class='ocrx_word' id='word_1_89' title='bbox 1117 1265 1285 1334; x_wconf 72' lang='grc' dir='ltr'>αὐτὴν</span> <span class='ocrx_word' id='word_1_90' title='bbox 1306 1264 1654 1335; x_wconf 76' lang='grc' dir='ltr'><strong>διακειμένην</strong></span> <span class='ocrx_word' id='word_1_91' title='bbox 1688 1266 1833 1331; x_wconf 85' lang='grc' dir='ltr'>ίδὼν,</span> 
     </span>
    </p>
   </div>
   <div class='ocr_carea' id='block_1_14' title="bbox 271 1347 1834 1429">
    <p class='ocr_par' dir='ltr' id='par_1_14' title="bbox 271 1347 1834 1429">
     <span class='ocr_line' id='line_1_14' title="bbox 271 1347 1834 1429; baseline 0.009 -33"><span class='ocrx_word' id='word_1_92' title='bbox 271 1347 365 1396; x_wconf 72' lang='grc' dir='ltr'>καὶ</span> <span class='ocrx_word' id='word_1_93' title='bbox 403 1348 697 1416; x_wconf 75' lang='grc' dir='ltr'><strong>οἰκτείρας,</strong></span> <span class='ocrx_word' id='word_1_94' title='bbox 722 1351 820 1421; x_wconf 84' lang='grc' dir='ltr'>τὴν</span> <span class='ocrx_word' id='word_1_95' title='bbox 850 1355 1004 1420; x_wconf 86' lang='grc' dir='ltr'>χεῖρα</span> <span class='ocrx_word' id='word_1_96' title='bbox 1033 1357 1096 1423; x_wconf 79' lang='grc' dir='ltr'><strong>τῇ</strong></span> <span class='ocrx_word' id='word_1_97' title='bbox 1133 1356 1283 1408; x_wconf 77' lang='grc' dir='ltr'>παιδὶ</span> <span class='ocrx_word' id='word_1_98' title='bbox 1314 1360 1623 1424; x_wconf 80' lang='grc' dir='ltr'>προτείνας,</span> <span class='ocrx_word' id='word_1_99' title='bbox 1645 1358 1834 1429; x_wconf 77' lang='grc' dir='ltr'>ὥσπερ</span> 
     </span>
    </p>
   </div>
   <div class='ocr_carea' id='block_1_15' title="bbox 271 1437 1836 1522">
    <p class='ocr_par' dir='ltr' id='par_1_15' title="bbox 271 1437 1836 1522">
     <span class='ocr_line' id='line_1_15' title="bbox 271 1437 1836 1522; baseline 0.01 -34"><span class='ocrx_word' id='word_1_100' title='bbox 271 1439 375 1489; x_wconf 76' lang='grc' dir='ltr'>ὑπὸ</span> <span class='ocrx_word' id='word_1_101' title='bbox 413 1437 568 1507; x_wconf 86' lang='grc' dir='ltr'>βαθεῖ</span> <span class='ocrx_word' id='word_1_102' title='bbox 595 1441 746 1512; x_wconf 79' lang='grc' dir='ltr'>ὕπνῳ</span> <span class='ocrx_word' id='word_1_103' title='bbox 796 1446 1259 1516; x_wconf 72' lang='grc' dir='ltr'><strong>κατειλημμένην,</strong></span> <span class='ocrx_word' id='word_1_104' title='bbox 1314 1451 1590 1517; x_wconf 72' lang='grc' dir='ltr'>νήφουσαν</span> <span class='ocrx_word' id='word_1_105' title='bbox 1633 1453 1836 1522; x_wconf 79' lang='grc' dir='ltr'>ἐγείρει</span> 
     </span>
    </p>
   </div>
   <div class='ocr_carea' id='block_1_16' title="bbox 269 1532 1834 1614">
    <p class='ocr_par' dir='ltr' id='par_1_16' title="bbox 269 1532 1834 1614">
     <span class='ocr_line' id='line_1_16' title="bbox 269 1532 1834 1614; baseline 0.012 -34"><span class='ocrx_word' id='word_1_106' title='bbox 269 1532 363 1580; x_wconf 83' lang='grc' dir='ltr'><strong>καί</strong></span> <span class='ocrx_word' id='word_1_107' title='bbox 403 1533 802 1600; x_wconf 70' lang='grc' dir='ltr'>σωφρονοῦσαν,</span> <span class='ocrx_word' id='word_1_108' title='bbox 834 1538 924 1589; x_wconf 75' lang='grc' dir='ltr'>καὶ</span> <span class='ocrx_word' id='word_1_109' title='bbox 958 1539 1090 1606; x_wconf 80' lang='grc' dir='ltr'>πρὸς</span> <span class='ocrx_word' id='word_1_110' title='bbox 1121 1540 1218 1608; x_wconf 84' lang='grc' dir='ltr'>τὴν</span> <span class='ocrx_word' id='word_1_111' title='bbox 1248 1541 1551 1595; x_wconf 82' lang='grc' dir='ltr'>Φαυστίναν</span> <span class='ocrx_word' id='word_1_112' title='bbox 1573 1544 1834 1614; x_wconf 85' lang='grc' dir='ltr'>ἐπιστρα-</span> 
     </span>
    </p>
   </div>
   <div class='ocr_carea' id='block_1_17' title="bbox 269 1621 1835 1708">
    <p class='ocr_par' dir='ltr' id='par_1_17' title="bbox 269 1621 1835 1708">
     <span class='ocr_line' id='line_1_17' title="bbox 269 1621 1835 1708; baseline 0.013 -38"><span class='ocrx_word' id='word_1_113' title='bbox 269 1621 424 1687; x_wconf 76' lang='grc' dir='ltr'>φεὶς,</span> <span class='ocrx_word' id='word_1_114' title='bbox 475 1623 630 1689; x_wconf 73' lang='grc' dir='ltr'>Ἰδοὺ,</span> <span class='ocrx_word' id='word_1_115' title='bbox 678 1629 834 1695; x_wconf 80' lang='grc' dir='ltr'>φησὶ,</span> <span class='ocrx_word' id='word_1_116' title='bbox 863 1631 1178 1700; x_wconf 83' lang='grc' dir='ltr'>παρέστηκέ</span> <span class='ocrx_word' id='word_1_117' title='bbox 1213 1649 1291 1684; x_wconf 94' lang='grc' dir='ltr'><strong>σοι</strong></span> <span class='ocrx_word' id='word_1_118' title='bbox 1334 1635 1364 1701; x_wconf 79' lang='grc' dir='ltr'>ἡ</span> <span class='ocrx_word' id='word_1_119' title='bbox 1397 1637 1542 1701; x_wconf 88' lang='grc' dir='ltr'>παῖς,</span> <span class='ocrx_word' id='word_1_120' title='bbox 1563 1636 1685 1689; x_wconf 72' lang='grc' dir='ltr'>οὔτε</span> <span class='ocrx_word' id='word_1_121' title='bbox 1738 1639 1835 1708; x_wconf 83' lang='grc' dir='ltr'>τῆς</span> 
     </span>
    </p>
   </div>
   <div class='ocr_carea' id='block_1_18' title="bbox 267 1712 1834 1800">
    <p class='ocr_par' dir='ltr' id='par_1_18' title="bbox 267 1712 1834 1800">
     <span class='ocr_line' id='line_1_18' title="bbox 267 1712 1834 1800; baseline 0.013 -36"><span class='ocrx_word' id='word_1_122' title='bbox 267 1712 416 1782; x_wconf 78' lang='grc' dir='ltr'>ζωῆς</span> <span class='ocrx_word' id='word_1_123' title='bbox 452 1717 794 1788; x_wconf 84' lang='grc' dir='ltr'>στερηθεῖσα,</span> <span class='ocrx_word' id='word_1_124' title='bbox 840 1724 931 1773; x_wconf 73' lang='grc' dir='ltr'>καὶ</span> <span class='ocrx_word' id='word_1_125' title='bbox 979 1723 1076 1792; x_wconf 83' lang='grc' dir='ltr'>τῆς</span> <span class='ocrx_word' id='word_1_126' title='bbox 1116 1724 1208 1776; x_wconf 85' lang='grc' dir='ltr'><strong>τοῦ</strong></span> <span class='ocrx_word' id='word_1_127' title='bbox 1262 1725 1512 1796; x_wconf 80' lang='grc' dir='ltr'>δαίμονος</span> <span class='ocrx_word' id='word_1_128' title='bbox 1572 1732 1834 1800; x_wconf 80' lang='grc' dir='ltr'>ἐπηρείας</span> 
     </span>
    </p>
   </div>
   <div class='ocr_carea' id='block_1_19' title="bbox 265 1806 1832 1892">
    <p class='ocr_par' dir='ltr' id='par_1_19' title="bbox 265 1806 1832 1892">
     <span class='ocr_line' id='line_1_19' title="bbox 265 1806 1832 1892; baseline 0.013 -37"><span class='ocrx_word' id='word_1_129' title='bbox 265 1806 662 1874; x_wconf 82' lang='grc' dir='ltr'>ἀπαλλαγεῖσα.</span> <span class='ocrx_word' id='word_1_130' title='bbox 698 1808 785 1872; x_wconf 83' lang='grc' dir='ltr'>Ὠς</span> <span class='ocrx_word' id='word_1_131' title='bbox 822 1807 913 1864; x_wconf 74' lang='grc' dir='ltr'>οὖν</span> <span class='ocrx_word' id='word_1_132' title='bbox 943 1812 1085 1866; x_wconf 76' lang='grc' dir='ltr'>οὕτω</span> <span class='ocrx_word' id='word_1_133' title='bbox 1113 1815 1207 1881; x_wconf 79' lang='grc' dir='ltr'>τὴν</span> <span class='ocrx_word' id='word_1_134' title='bbox 1232 1820 1395 1870; x_wconf 86' lang='grc' dir='ltr'>παῖδα</span> <span class='ocrx_word' id='word_1_135' title='bbox 1421 1821 1452 1888; x_wconf 81' lang='grc' dir='ltr'>ἡ</span> <span class='ocrx_word' id='word_1_136' title='bbox 1489 1821 1670 1892; x_wconf 84' lang='grc' dir='ltr'>μήτηρ</span> <span class='ocrx_word' id='word_1_137' title='bbox 1705 1817 1832 1884; x_wconf 79' lang='grc' dir='ltr'>εἶδε,</span> 
     </span>
    </p>
   </div>
   <div class='ocr_carea' id='block_1_20' title="bbox 265 1901 1837 1985">
    <p class='ocr_par' dir='ltr' id='par_1_20' title="bbox 265 1901 1837 1985">
     <span class='ocr_line' id='line_1_20' title="bbox 265 1901 1837 1985; baseline 0.013 -37"><span class='ocrx_word' id='word_1_138' title='bbox 265 1901 642 1969; x_wconf 77' lang='grc' dir='ltr'>περιϐαλοῦσα</span> <span class='ocrx_word' id='word_1_139' title='bbox 678 1905 911 1974; x_wconf 80' lang='grc' dir='ltr'>ταύτην,</span> <span class='ocrx_word' id='word_1_140' title='bbox 938 1910 1033 1960; x_wconf 78' lang='grc' dir='ltr'>καὶ</span> <span class='ocrx_word' id='word_1_141' title='bbox 1063 1909 1272 1980; x_wconf 79' lang='grc' dir='ltr'>δάκρυα</span> <span class='ocrx_word' id='word_1_142' title='bbox 1302 1915 1476 1982; x_wconf 80' lang='grc' dir='ltr'>χαρᾶς</span> <span class='ocrx_word' id='word_1_143' title='bbox 1508 1915 1642 1985; x_wconf 83' lang='grc' dir='ltr'>αὐτῇ</span> <span class='ocrx_word' id='word_1_144' title='bbox 1673 1933 1837 1968; x_wconf 85' lang='grc' dir='ltr'>κατα-</span> 
     </span>
    </p>
   </div>
   <div class='ocr_carea' id='block_1_21' title="bbox 263 1990 1834 2073">
    <p class='ocr_par' dir='ltr' id='par_1_21' title="bbox 263 1990 1834 2073">
     <span class='ocr_line' id='line_1_21' title="bbox 263 1990 1834 2073; baseline 0.01 -32"><span class='ocrx_word' id='word_1_145' title='bbox 263 1990 458 2059; x_wconf 75' lang='grc' dir='ltr'>χέασα,</span> <span class='ocrx_word' id='word_1_146' title='bbox 519 1996 752 2064; x_wconf 82' lang='grc' dir='ltr'>παρειάν</span> <span class='ocrx_word' id='word_1_147' title='bbox 788 2013 844 2047; x_wconf 88' lang='grc' dir='ltr'><strong>τε</strong></span> <span class='ocrx_word' id='word_1_148' title='bbox 885 2002 1092 2070; x_wconf 84' lang='grc' dir='ltr'>παρειᾷ</span> <span class='ocrx_word' id='word_1_149' title='bbox 1144 2003 1406 2066; x_wconf 76' lang='grc' dir='ltr'>ἐπετίθει,</span> <span class='ocrx_word' id='word_1_150' title='bbox 1462 2004 1554 2055; x_wconf 77' lang='grc' dir='ltr'>καὶ</span> <span class='ocrx_word' id='word_1_151' title='bbox 1608 2005 1834 2073; x_wconf 79' lang='grc' dir='ltr'>στόματι</span> 
     </span>
    </p>
   </div>
   <div class='ocr_carea' id='block_1_22' title="bbox 264 2082 1833 2162">
    <p class='ocr_par' dir='ltr' id='par_1_22' title="bbox 264 2082 1833 2162">
     <span class='ocr_line' id='line_1_22' title="bbox 264 2082 1833 2162; baseline 0.008 -30"><span class='ocrx_word' id='word_1_152' title='bbox 264 2082 460 2150; x_wconf 87' lang='grc' dir='ltr'>στόμα,</span> <span class='ocrx_word' id='word_1_153' title='bbox 491 2084 642 2152; x_wconf 88' lang='grc' dir='ltr'>χερσί</span> <span class='ocrx_word' id='word_1_154' title='bbox 671 2102 728 2136; x_wconf 86' lang='grc' dir='ltr'><strong>τε</strong></span> <span class='ocrx_word' id='word_1_155' title='bbox 769 2087 1022 2141; x_wconf 72' lang='grc' dir='ltr'>ἐνέϐαλλε</span> <span class='ocrx_word' id='word_1_156' title='bbox 1062 2093 1270 2160; x_wconf 85' lang='grc' dir='ltr'>χεῖρας,</span> <span class='ocrx_word' id='word_1_157' title='bbox 1301 2093 1393 2145; x_wconf 70' lang='grc' dir='ltr'>καὶ</span> <span class='ocrx_word' id='word_1_158' title='bbox 1446 2093 1632 2162; x_wconf 82' lang='grc' dir='ltr'>ὥσπερ</span> <span class='ocrx_word' id='word_1_159' title='bbox 1686 2093 1833 2145; x_wconf 76' lang='grc' dir='ltr'>ἔνδον</span> 
     </span>
    </p>
   </div>
   <div class='ocr_carea' id='block_1_23' title="bbox 259 2173 1833 2256">
    <p class='ocr_par' dir='ltr' id='par_1_23' title="bbox 259 2173 1833 2256">
     <span class='ocr_line' id='line_1_23' title="bbox 259 2173 1833 2256; baseline 0.009 -33"><span class='ocrx_word' id='word_1_160' title='bbox 259 2173 446 2226; x_wconf 79' lang='grc' dir='ltr'>λαϐεῖν</span> <span class='ocrx_word' id='word_1_161' title='bbox 470 2176 566 2227; x_wconf 74' lang='grc' dir='ltr'>καὶ</span> <span class='ocrx_word' id='word_1_162' title='bbox 600 2181 779 2249; x_wconf 75' lang='grc' dir='ltr'>γυμνῇ</span> <span class='ocrx_word' id='word_1_163' title='bbox 824 2181 961 2251; x_wconf 77' lang='grc' dir='ltr'>αὐτῇ</span> <span class='ocrx_word' id='word_1_164' title='bbox 998 2185 1356 2250; x_wconf 78' lang='grc' dir='ltr'>συγγενέσθαι</span> <span class='ocrx_word' id='word_1_165' title='bbox 1388 2188 1452 2254; x_wconf 79' lang='grc' dir='ltr'><strong>τῇ</strong></span> <span class='ocrx_word' id='word_1_166' title='bbox 1479 2187 1622 2254; x_wconf 75' lang='grc' dir='ltr'>ψυχῇ</span> <span class='ocrx_word' id='word_1_167' title='bbox 1651 2187 1833 2256; x_wconf 86' lang='grc' dir='ltr'>γλιχο-</span> 
     </span>
    </p>
   </div>
   <div class='ocr_carea' id='block_1_24' title="bbox 263 2264 1834 2348">
    <p class='ocr_par' dir='ltr' id='par_1_24' title="bbox 263 2264 1834 2348">
     <span class='ocr_line' id='line_1_24' title="bbox 263 2264 1834 2348; baseline 0.01 -35"><span class='ocrx_word' id='word_1_168' title='bbox 263 2265 427 2333; x_wconf 76' lang='grc' dir='ltr'>μένη,</span> <span class='ocrx_word' id='word_1_169' title='bbox 452 2268 549 2318; x_wconf 72' lang='grc' dir='ltr'>οὐκ</span> <span class='ocrx_word' id='word_1_170' title='bbox 575 2264 718 2336; x_wconf 73' lang='grc' dir='ltr'>εἶχεν</span> <span class='ocrx_word' id='word_1_171' title='bbox 751 2271 779 2322; x_wconf 86' lang='grc' dir='ltr'>ὅ</span> <span class='ocrx_word' id='word_1_172' title='bbox 817 2289 868 2322; x_wconf 89' lang='grc' dir='ltr'><strong>τι</strong></span> <span class='ocrx_word' id='word_1_173' title='bbox 903 2274 995 2325; x_wconf 81' lang='grc' dir='ltr'>καὶ</span> <span class='ocrx_word' id='word_1_174' title='bbox 1024 2277 1253 2340; x_wconf 81' lang='grc' dir='ltr'>γένοιτο.</span> <span class='ocrx_word' id='word_1_175' title='bbox 1293 2276 1508 2348; x_wconf 74' lang='grc' dir='ltr'>Ἐπειδὴ</span> <span class='ocrx_word' id='word_1_176' title='bbox 1538 2278 1593 2329; x_wconf 87' lang='grc' dir='ltr'>δὲ</span> <span class='ocrx_word' id='word_1_177' title='bbox 1633 2277 1834 2341; x_wconf 80' lang='grc' dir='ltr'>ἱκανῶς</span> 
     </span>
    </p>
   </div>
   <div class='ocr_carea' id='block_1_25' title="bbox 260 2355 1834 2438">
    <p class='ocr_par' dir='ltr' id='par_1_25' title="bbox 260 2355 1834 2438">
     <span class='ocr_line' id='line_1_25' title="bbox 260 2355 1834 2438; baseline 0.012 -33"><span class='ocrx_word' id='word_1_178' title='bbox 260 2355 398 2425; x_wconf 74' lang='grc' dir='ltr'>αὐτῇ</span> <span class='ocrx_word' id='word_1_179' title='bbox 433 2357 530 2427; x_wconf 79' lang='grc' dir='ltr'>ήδη</span> <span class='ocrx_word' id='word_1_180' title='bbox 561 2360 627 2411; x_wconf 71' lang='grc' dir='ltr'>τὰ</span> <span class='ocrx_word' id='word_1_181' title='bbox 661 2363 796 2429; x_wconf 76' lang='grc' dir='ltr'>πρὸς</span> <span class='ocrx_word' id='word_1_182' title='bbox 827 2366 926 2434; x_wconf 81' lang='grc' dir='ltr'>τὴν</span> <span class='ocrx_word' id='word_1_183' title='bbox 957 2367 1120 2417; x_wconf 86' lang='grc' dir='ltr'>παῖδα</span> <span class='ocrx_word' id='word_1_184' title='bbox 1159 2364 1324 2436; x_wconf 77' lang='grc' dir='ltr'>εἶχεν,</span> <span class='ocrx_word' id='word_1_185' title='bbox 1354 2371 1505 2438; x_wconf 69' lang='grc' dir='ltr'>ἠξίου</span> <span class='ocrx_word' id='word_1_186' title='bbox 1557 2371 1647 2425; x_wconf 77' lang='grc' dir='ltr'>τὸν</span> <span class='ocrx_word' id='word_1_187' title='bbox 1693 2372 1834 2424; x_wconf 85' lang='grc' dir='ltr'>θεῖον</span> 
     </span>
    </p>
   </div>
   <div class='ocr_carea' id='block_1_26' title="bbox 273 2450 1835 2538">
    <p class='ocr_par' dir='ltr' id='par_1_26' title="bbox 273 2450 1835 2538">
     <span class='ocr_line' id='line_1_26' title="bbox 273 2450 1835 2538; baseline 0.013 -38"><span class='ocrx_word' id='word_1_188' title='bbox 273 2450 554 2520; x_wconf 71' lang='grc' dir='ltr'>Ἀῢέρκιον</span> <span class='ocrx_word' id='word_1_189' title='bbox 610 2454 918 2525; x_wconf 77' lang='grc' dir='ltr'>θερμότατα</span> <span class='ocrx_word' id='word_1_190' title='bbox 973 2460 1091 2511; x_wconf 84' lang='grc' dir='ltr'>λίαν</span> <span class='ocrx_word' id='word_1_191' title='bbox 1148 2463 1421 2532; x_wconf 75' lang='grc' dir='ltr'>ήβασιλὶς</span> <span class='ocrx_word' id='word_1_192' title='bbox 1457 2468 1531 2535; x_wconf 80' lang='grc' dir='ltr'>μὴ</span> <span class='ocrx_word' id='word_1_193' title='bbox 1567 2470 1835 2538; x_wconf 83' lang='grc' dir='ltr'>παραιτή-</span> 
     </span>
    </p>
   </div>
   <div class='ocr_carea' id='block_1_27' title="bbox 259 2543 1833 2630">
    <p class='ocr_par' dir='ltr' id='par_1_27' title="bbox 259 2543 1833 2630">
     <span class='ocr_line' id='line_1_27' title="bbox 259 2543 1833 2630; baseline 0.008 -33"><span class='ocrx_word' id='word_1_194' title='bbox 259 2543 459 2597; x_wconf 81' lang='grc' dir='ltr'>σασθαι</span> <span class='ocrx_word' id='word_1_195' title='bbox 491 2547 620 2614; x_wconf 86' lang='grc' dir='ltr'>παρ’</span> <span class='ocrx_word' id='word_1_196' title='bbox 649 2549 863 2617; x_wconf 78' lang='grc' dir='ltr'>ἐκείνης</span> <span class='ocrx_word' id='word_1_197' title='bbox 897 2551 1080 2605; x_wconf 86' lang='grc' dir='ltr'>λαϐεῖν</span> <span class='ocrx_word' id='word_1_198' title='bbox 1111 2555 1366 2625; x_wconf 78' lang='grc' dir='ltr'>ἀμοιϐὴν,</span> <span class='ocrx_word' id='word_1_199' title='bbox 1396 2553 1538 2630; x_wconf 74' lang='grc' dir='ltr'>ᾗτινι</span> <span class='ocrx_word' id='word_1_200' title='bbox 1591 2561 1833 2629; x_wconf 80' lang='grc' dir='ltr'>μεγάλης</span> 
     </span>
    </p>
   </div>
   <div class='ocr_carea' id='block_1_28' title="bbox 256 2634 1830 2720">
    <p class='ocr_par' dir='ltr' id='par_1_28' title="bbox 256 2634 1830 2720">
     <span class='ocr_line' id='line_1_28' title="bbox 256 2634 1830 2720; baseline 0.012 -35"><span class='ocrx_word' id='word_1_201' title='bbox 256 2634 432 2699; x_wconf 75' lang='grc' dir='ltr'>οὕτως</span> <span class='ocrx_word' id='word_1_202' title='bbox 462 2639 622 2703; x_wconf 71' lang='grc' dir='ltr'>αὐτὸς</span> <span class='ocrx_word' id='word_1_203' title='bbox 653 2643 748 2694; x_wconf 74' lang='grc' dir='ltr'>καὶ</span> <span class='ocrx_word' id='word_1_204' title='bbox 789 2645 1102 2712; x_wconf 81' lang='grc' dir='ltr'>ἀναγκαίας</span> <span class='ocrx_word' id='word_1_205' title='bbox 1145 2649 1353 2717; x_wconf 80' lang='grc' dir='ltr'>ὑπῆρξε</span> <span class='ocrx_word' id='word_1_206' title='bbox 1414 2651 1658 2720; x_wconf 76' lang='grc' dir='ltr'>χάριτος.</span> <span class='ocrx_word' id='word_1_207' title='bbox 1690 2651 1748 2707; x_wconf 85' lang='grc' dir='ltr'>Ὅ</span> <span class='ocrx_word' id='word_1_208' title='bbox 1775 2653 1830 2705; x_wconf 83' lang='grc' dir='ltr'>δὲ</span> 
     </span>
    </p>
   </div>
   <div class='ocr_carea' id='block_1_29' title="bbox 256 2730 1830 2813">
    <p class='ocr_par' dir='ltr' id='par_1_29' title="bbox 256 2730 1830 2813">
     <span class='ocr_line' id='line_1_29' title="bbox 256 2730 1830 2813; baseline 0.011 -34"><span class='ocrx_word' id='word_1_209' title='bbox 256 2730 556 2796; x_wconf 82' lang='grc' dir='ltr'>χρημάτων</span> <span class='ocrx_word' id='word_1_210' title='bbox 593 2733 692 2800; x_wconf 72' lang='grc' dir='ltr'>μὲν</span> <span class='ocrx_word' id='word_1_211' title='bbox 720 2736 840 2787; x_wconf 74' lang='grc' dir='ltr'>οὐδὲ</span> <span class='ocrx_word' id='word_1_212' title='bbox 883 2739 1104 2806; x_wconf 77' lang='grc' dir='ltr'>μνήμην</span> <span class='ocrx_word' id='word_1_213' title='bbox 1147 2742 1388 2812; x_wconf 85' lang='grc' dir='ltr'>ἀτεχνῶς</span> <span class='ocrx_word' id='word_1_214' title='bbox 1431 2744 1685 2813; x_wconf 73' lang='grc' dir='ltr'>ἠνέσχετο</span> <span class='ocrx_word' id='word_1_215' title='bbox 1710 2786 1723 2809; x_wconf 92' lang='grc'><strong>,</strong></span> <span class='ocrx_word' id='word_1_216' title='bbox 1753 2746 1830 2797; x_wconf 90' lang='grc' dir='ltr'>εί-</span> 
     </span>
    </p>
   </div>
   <div class='ocr_carea' id='block_1_30' title="bbox 261 2817 1831 2907">
    <p class='ocr_par' dir='ltr' id='par_1_30' title="bbox 261 2817 1831 2907">
     <span class='ocr_line' id='line_1_30' title="bbox 261 2817 1831 2907; baseline 0.013 -38"><span class='ocrx_word' id='word_1_217' title='bbox 261 2817 456 2907; x_wconf 68' lang='grc' dir='ltr'><strong>ρηκὼςΔ</strong></span> <span class='ocrx_word' id='word_1_218' title='bbox 496 2822 577 2873; x_wconf 84' lang='grc' dir='ltr'>ὅτι</span> <span class='ocrx_word' id='word_1_219' title='bbox 618 2824 683 2874; x_wconf 91' lang='grc' dir='ltr'>Τί</span> <span class='ocrx_word' id='word_1_220' title='bbox 718 2826 899 2894; x_wconf 84' lang='grc' dir='ltr'>δεήσοι</span> <span class='ocrx_word' id='word_1_221' title='bbox 929 2832 1227 2896; x_wconf 87' lang='grc' dir='ltr'>χρημάτων</span> <span class='ocrx_word' id='word_1_222' title='bbox 1285 2827 1436 2906; x_wconf 81' lang='grc' dir='ltr'>ᾧπερ</span> <span class='ocrx_word' id='word_1_223' title='bbox 1516 2834 1679 2905; x_wconf 81' lang='grc' dir='ltr'>ἄρτος</span> <span class='ocrx_word' id='word_1_224' title='bbox 1741 2839 1831 2889; x_wconf 74' lang='grc' dir='ltr'><strong>καὶ</strong></span> 
     </span>
    </p>
   </div>
   <div class='ocr_carea' id='block_1_31' title="bbox 257 2908 1828 2996">
    <p class='ocr_par' dir='ltr' id='par_1_31' title="bbox 257 2908 1828 2996">
     <span class='ocr_line' id='line_1_31' title="bbox 257 2908 1828 2996; baseline 0.013 -37"><span class='ocrx_word' id='word_1_225' title='bbox 257 2908 402 2978; x_wconf 73' lang='grc' dir='ltr'>ὕδωρ</span> <span class='ocrx_word' id='word_1_226' title='bbox 461 2910 748 2975; x_wconf 85' lang='grc' dir='ltr'>πολυτελὲς</span> <span class='ocrx_word' id='word_1_227' title='bbox 803 2915 1061 2984; x_wconf 80' lang='grc' dir='ltr'>ἄριστον;</span> <span class='ocrx_word' id='word_1_228' title='bbox 1113 2922 1536 2992; x_wconf 74' lang='grc' dir='ltr'>οἰκοδομηθῆναι</span> <span class='ocrx_word' id='word_1_229' title='bbox 1571 2929 1626 2979; x_wconf 85' lang='grc' dir='ltr'>δὲ</span> <span class='ocrx_word' id='word_1_230' title='bbox 1662 2929 1828 2996; x_wconf 80' lang='grc' dir='ltr'>βαλα-</span> 
     </span>
    </p>
   </div>
   <div class='ocr_carea' id='block_1_32' title="bbox 254 3002 1828 3082">
    <p class='ocr_par' dir='ltr' id='par_1_32' title="bbox 254 3002 1828 3082">
     <span class='ocr_line' id='line_1_32' title="bbox 254 3002 1828 3082; baseline 0.011 -29"><span class='ocrx_word' id='word_1_231' title='bbox 254 3002 398 3053; x_wconf 89' lang='grc' dir='ltr'>νεῖον</span> <span class='ocrx_word' id='word_1_232' title='bbox 423 3003 562 3054; x_wconf 82' lang='grc' dir='ltr'>αίτεῖ</span> <span class='ocrx_word' id='word_1_233' title='bbox 594 3005 686 3056; x_wconf 77' lang='grc' dir='ltr'><strong>ἐπὶ</strong></span> <span class='ocrx_word' id='word_1_234' title='bbox 717 3005 792 3076; x_wconf 79' lang='grc' dir='ltr'>τῷ</span> <span class='ocrx_word' id='word_1_235' title='bbox 825 3009 974 3078; x_wconf 72' lang='grc' dir='ltr'>παρὰ</span> <span class='ocrx_word' id='word_1_236' title='bbox 1007 3013 1252 3078; x_wconf 75' lang='grc' dir='ltr'>ποταμὸν</span> <span class='ocrx_word' id='word_1_237' title='bbox 1282 3014 1460 3082; x_wconf 86' lang='grc' dir='ltr'>ἀγρῷ,</span> <span class='ocrx_word' id='word_1_238' title='bbox 1483 3014 1611 3068; x_wconf 77' lang='grc' dir='ltr'>ἔνθα</span> <span class='ocrx_word' id='word_1_239' title='bbox 1642 3017 1828 3080; x_wconf 78' lang='grc' dir='ltr'>κλίνας</span> 
     </span>
    </p>
   </div>
   <div class='ocr_carea' id='block_1_33' title="bbox 256 3095 1828 3178">
    <p class='ocr_par' dir='ltr' id='par_1_33' title="bbox 256 3095 1828 3178">
     <span class='ocr_line' id='line_1_33' title="bbox 256 3095 1828 3178; baseline 0.012 -34"><span class='ocrx_word' id='word_1_240' title='bbox 256 3095 419 3158; x_wconf 75' lang='grc' dir='ltr'>αὐτὸς</span> <span class='ocrx_word' id='word_1_241' title='bbox 451 3097 517 3148; x_wconf 86' lang='grc' dir='ltr'>τὰ</span> <span class='ocrx_word' id='word_1_242' title='bbox 571 3097 772 3162; x_wconf 87' lang='grc' dir='ltr'>γόνατα</span> <span class='ocrx_word' id='word_1_243' title='bbox 813 3099 1038 3170; x_wconf 77' lang='grc' dir='ltr'>ηὔξατο,</span> <span class='ocrx_word' id='word_1_244' title='bbox 1073 3107 1166 3158; x_wconf 73' lang='grc' dir='ltr'>καὶ</span> <span class='ocrx_word' id='word_1_245' title='bbox 1202 3107 1234 3176; x_wconf 83' lang='grc' dir='ltr'>ἡ</span> <span class='ocrx_word' id='word_1_246' title='bbox 1268 3106 1341 3176; x_wconf 89' lang='grc' dir='ltr'><strong>γῆ</strong></span> <span class='ocrx_word' id='word_1_247' title='bbox 1400 3109 1583 3178; x_wconf 78' lang='grc' dir='ltr'>πηγὰς</span> <span class='ocrx_word' id='word_1_248' title='bbox 1620 3098 1828 3163; x_wconf 76' lang='grc' dir='ltr'>ὑδάτων</span> 
     </span>
    </p>
   </div>
   <div class='ocr_carea' id='block_1_34' title="bbox 1947 621 3510 691">
    <p class='ocr_par' dir='ltr' id='par_1_34' title="bbox 1947 621 3510 691">
     <span class='ocr_line' id='line_1_34' title="bbox 1947 621 3510 691; baseline 0.004 -19"><span class='ocrx_word' id='word_1_249' title='bbox 1947 621 2187 683; x_wconf 81' lang='lat' dir='ltr'><strong>vexabat,</strong></span> <span class='ocrx_word' id='word_1_250' title='bbox 2226 632 2367 675; x_wconf 86' lang='lat' dir='ltr'><strong>muta</strong></span> <span class='ocrx_word' id='word_1_251' title='bbox 2399 623 2556 691; x_wconf 89' lang='lat' dir='ltr'><strong>longo</strong></span> <span class='ocrx_word' id='word_1_252' title='bbox 2590 631 2829 689; x_wconf 78' lang='lat' dir='ltr'><strong>tempore</strong></span> <span class='ocrx_word' id='word_1_253' title='bbox 2879 621 3054 675; x_wconf 90' lang='lat' dir='ltr'><strong>tenuit</strong></span> <span class='ocrx_word' id='word_1_254' title='bbox 3097 622 3264 674; x_wconf 89' lang='lat' dir='ltr'><strong>sancti</strong></span> <span class='ocrx_word' id='word_1_255' title='bbox 3303 623 3510 690; x_wconf 83' lang='lat' dir='ltr'><strong>pedes:</strong></span> 
     </span>
    </p>
   </div>
   <div class='ocr_carea' id='block_1_35' title="bbox 1943 713 3514 782">
    <p class='ocr_par' dir='ltr' id='par_1_35' title="bbox 1943 713 3514 782">
     <span class='ocr_line' id='line_1_35' title="bbox 1943 713 3514 782; baseline 0.001 -18"><span class='ocrx_word' id='word_1_256' title='bbox 1943 713 2084 779; x_wconf 90' lang='lat' dir='ltr'><strong>quod</strong></span> <span class='ocrx_word' id='word_1_257' title='bbox 2117 723 2363 777; x_wconf 86' lang='lat' dir='ltr'><strong>matrem,</strong></span> <span class='ocrx_word' id='word_1_258' title='bbox 2402 725 2453 768; x_wconf 87' lang='lat' dir='ltr'><strong>et</strong></span> <span class='ocrx_word' id='word_1_259' title='bbox 2504 729 2616 778; x_wconf 88' lang='lat' dir='ltr'><strong>eos,</strong></span> <span class='ocrx_word' id='word_1_260' title='bbox 2676 715 2763 782; x_wconf 89' lang='lat' dir='ltr'><strong>qui</strong></span> <span class='ocrx_word' id='word_1_261' title='bbox 2809 715 3054 777; x_wconf 87' lang='lat' dir='ltr'><strong>aderant,</strong></span> <span class='ocrx_word' id='word_1_262' title='bbox 3108 714 3337 768; x_wconf 80' lang='lat' dir='ltr'><strong>maxime</strong></span> <span class='ocrx_word' id='word_1_263' title='bbox 3380 730 3514 767; x_wconf 79' lang='lat' dir='ltr'><strong>con-</strong></span> 
     </span>
    </p>
   </div>
   <div class='ocr_carea' id='block_1_36' title="bbox 1944 801 3514 872">
    <p class='ocr_par' dir='ltr' id='par_1_36' title="bbox 1944 801 3514 872">
     <span class='ocr_line' id='line_1_36' title="bbox 1944 801 3514 872; baseline 0.005 -22"><span class='ocrx_word' id='word_1_264' title='bbox 1944 801 2214 865; x_wconf 85' lang='lat' dir='ltr'><strong>turbabat,</strong></span> <span class='ocrx_word' id='word_1_265' title='bbox 2261 802 2514 856; x_wconf 86' lang='lat' dir='ltr'><strong>timentes</strong></span> <span class='ocrx_word' id='word_1_266' title='bbox 2566 818 2634 856; x_wconf 88' lang='lat' dir='ltr'><strong>ne</strong></span> <span class='ocrx_word' id='word_1_267' title='bbox 2686 802 2878 872; x_wconf 72' lang='lat' dir='ltr'><strong>puellte</strong></span> <span class='ocrx_word' id='word_1_268' title='bbox 2927 803 3160 856; x_wconf 89' lang='lat' dir='ltr'><strong>animam</strong></span> <span class='ocrx_word' id='word_1_269' title='bbox 3197 804 3514 858; x_wconf 76' lang='lat' dir='ltr'><strong>abstulisset</strong></span> 
     </span>
    </p>
   </div>
   <div class='ocr_carea' id='block_1_37' title="bbox 1943 891 3512 962">
    <p class='ocr_par' dir='ltr' id='par_1_37' title="bbox 1943 891 3512 962">
     <span class='ocr_line' id='line_1_37' title="bbox 1943 891 3512 962; baseline 0.001 -18"><span class='ocrx_word' id='word_1_270' title='bbox 1943 891 2170 944; x_wconf 70' lang='lat' dir='ltr'><strong>dannon.</strong></span> <span class='ocrx_word' id='word_1_271' title='bbox 2215 891 2470 946; x_wconf 87' lang='lat' dir='ltr'><strong>Faustina</strong></span> <span class='ocrx_word' id='word_1_272' title='bbox 2523 904 2703 947; x_wconf 87' lang='lat' dir='ltr'><strong>autem</strong></span> <span class='ocrx_word' id='word_1_273' title='bbox 2758 908 2864 946; x_wconf 91' lang='lat' dir='ltr'><strong>non</strong></span> <span class='ocrx_word' id='word_1_274' title='bbox 2899 894 3075 962; x_wconf 85' lang='lat' dir='ltr'><strong>potuit</strong></span> <span class='ocrx_word' id='word_1_275' title='bbox 3122 894 3224 949; x_wconf 87' lang='lat' dir='ltr'><strong>hoc</strong></span> <span class='ocrx_word' id='word_1_276' title='bbox 3260 895 3400 948; x_wconf 77' lang='lat' dir='ltr'><strong>ferre</strong></span> <span class='ocrx_word' id='word_1_277' title='bbox 3439 895 3512 947; x_wconf 84' lang='lat' dir='ltr'><strong>si-</strong></span> 
     </span>
    </p>
   </div>
   <div class='ocr_carea' id='block_1_38' title="bbox 1943 979 3513 1053">
    <p class='ocr_par' dir='ltr' id='par_1_38' title="bbox 1943 979 3513 1053">
     <span class='ocr_line' id='line_1_38' title="bbox 1943 979 3513 1053; baseline 0.003 -21"><span class='ocrx_word' id='word_1_278' title='bbox 1943 979 2107 1041; x_wconf 84' lang='lat' dir='ltr'><strong>lentio</strong></span> <span class='ocrx_word' id='word_1_279' title='bbox 2139 1001 2149 1034; x_wconf 92' lang='lat'>:</span> <span class='ocrx_word' id='word_1_280' title='bbox 2182 984 2272 1037; x_wconf 90' lang='lat' dir='ltr'><strong>sed</strong></span> <span class='ocrx_word' id='word_1_281' title='bbox 2307 985 2509 1037; x_wconf 82' lang='lat' dir='ltr'><strong>habens</strong></span> <span class='ocrx_word' id='word_1_282' title='bbox 2541 1000 2634 1037; x_wconf 89' lang='lat' dir='ltr'><strong>cor</strong></span> <span class='ocrx_word' id='word_1_283' title='bbox 2675 985 2892 1048; x_wconf 88' lang='lat' dir='ltr'><strong>plenum</strong></span> <span class='ocrx_word' id='word_1_284' title='bbox 2949 985 3177 1040; x_wconf 76' lang='lat' dir='ltr'><strong>tristitia</strong></span> <span class='ocrx_word' id='word_1_285' title='bbox 3223 995 3277 1039; x_wconf 88' lang='lat' dir='ltr'><strong>et</strong></span> <span class='ocrx_word' id='word_1_286' title='bbox 3313 1000 3513 1053; x_wconf 82' lang='lat' dir='ltr'><strong>angore</strong></span> 
     </span>
    </p>
   </div>
   <div class='ocr_carea' id='block_1_39' title="bbox 1941 1074 3508 1134">
    <p class='ocr_par' dir='ltr' id='par_1_39' title="bbox 1941 1074 3508 1134">
     <span class='ocr_line' id='line_1_39' title="bbox 1941 1074 3508 1134; baseline 0 -6"><span class='ocrx_word' id='word_1_287' title='bbox 1941 1076 2130 1134; x_wconf 87' lang='lat' dir='ltr'><strong>animi.</strong></span> <span class='ocrx_word' id='word_1_288' title='bbox 2180 1076 2315 1129; x_wconf 76' lang='lat' dir='ltr'><strong>dixit</strong></span> <span class='ocrx_word' id='word_1_289' title='bbox 2387 1074 2807 1130; x_wconf 86' lang='lat' dir='ltr'><strong>sancto:Certe</strong></span> <span class='ocrx_word' id='word_1_290' title='bbox 2869 1092 2992 1130; x_wconf 90' lang='lat' dir='ltr'><strong>cum</strong></span> <span class='ocrx_word' id='word_1_291' title='bbox 3051 1077 3293 1131; x_wconf 68' lang='lat' dir='ltr'><strong>dwmone</strong></span> <span class='ocrx_word' id='word_1_292' title='bbox 3347 1077 3508 1129; x_wconf 87' lang='lat' dir='ltr'><strong>vitam</strong></span> 
     </span>
    </p>
   </div>
   <div class='ocr_carea' id='block_1_40' title="bbox 1941 1168 3512 1236">
    <p class='ocr_par' dir='ltr' id='par_1_40' title="bbox 1941 1168 3512 1236">
     <span class='ocr_line' id='line_1_40' title="bbox 1941 1168 3512 1236; baseline 0.002 -19"><span class='ocrx_word' id='word_1_293' title='bbox 1941 1183 2151 1236; x_wconf 90' lang='lat' dir='ltr'><strong>quoque</strong></span> <span class='ocrx_word' id='word_1_294' title='bbox 2184 1168 2432 1221; x_wconf 84' lang='lat' dir='ltr'><strong>ademisti</strong></span> <span class='ocrx_word' id='word_1_295' title='bbox 2468 1169 2607 1222; x_wconf 71' lang='lat' dir='ltr'><strong>filiae.</strong></span> <span class='ocrx_word' id='word_1_296' title='bbox 2639 1169 2732 1222; x_wconf 86' lang='lat' dir='ltr'><strong>Ille</strong></span> <span class='ocrx_word' id='word_1_297' title='bbox 2760 1179 2938 1222; x_wconf 90' lang='lat' dir='ltr'><strong>autem</strong></span> <span class='ocrx_word' id='word_1_298' title='bbox 2974 1186 3096 1224; x_wconf 91' lang='lat' dir='ltr'><strong>cum</strong></span> <span class='ocrx_word' id='word_1_299' title='bbox 3128 1187 3245 1224; x_wconf 87' lang='lat' dir='ltr'><strong>eam</strong></span> <span class='ocrx_word' id='word_1_300' title='bbox 3288 1171 3512 1225; x_wconf 80' lang='lat' dir='ltr'><strong>vidisset</strong></span> 
     </span>
    </p>
   </div>
   <div class='ocr_carea' id='block_1_41' title="bbox 1942 1258 3510 1330">
    <p class='ocr_par' dir='ltr' id='par_1_41' title="bbox 1942 1258 3510 1330">
     <span class='ocr_line' id='line_1_41' title="bbox 1942 1258 3510 1330; baseline 0.001 -18"><span class='ocrx_word' id='word_1_301' title='bbox 1942 1260 2024 1313; x_wconf 91' lang='lat' dir='ltr'><strong>sic</strong></span> <span class='ocrx_word' id='word_1_302' title='bbox 2057 1258 2326 1322; x_wconf 76' lang='lat' dir='ltr'><strong>allectum,</strong></span> <span class='ocrx_word' id='word_1_303' title='bbox 2357 1260 2547 1328; x_wconf 79' lang='lat' dir='ltr'><strong>etejus</strong></span> <span class='ocrx_word' id='word_1_304' title='bbox 2582 1271 2727 1314; x_wconf 85' lang='lat' dir='ltr'><strong>esset</strong></span> <span class='ocrx_word' id='word_1_305' title='bbox 2764 1261 3254 1330; x_wconf 85' lang='lat' dir='ltr'><strong>misertus,pue|lae</strong></span> <span class='ocrx_word' id='word_1_306' title='bbox 3291 1279 3510 1316; x_wconf 86' lang='lat' dir='ltr'><strong>manum</strong></span> 
     </span>
    </p>
   </div>
   <div class='ocr_carea' id='block_1_42' title="bbox 1943 1353 3508 1422">
    <p class='ocr_par' dir='ltr' id='par_1_42' title="bbox 1943 1353 3508 1422">
     <span class='ocr_line' id='line_1_42' title="bbox 1943 1353 3508 1422; baseline 0 -18"><span class='ocrx_word' id='word_1_307' title='bbox 1943 1353 2218 1422; x_wconf 69' lang='lat' dir='ltr'><strong>praebens,</strong></span> <span class='ocrx_word' id='word_1_308' title='bbox 2272 1361 2525 1421; x_wconf 87' lang='lat' dir='ltr'><strong>tanquam</strong></span> <span class='ocrx_word' id='word_1_309' title='bbox 2600 1353 2868 1421; x_wconf 89' lang='lat' dir='ltr'><strong>profundo</strong></span> <span class='ocrx_word' id='word_1_310' title='bbox 2927 1368 3118 1406; x_wconf 86' lang='lat' dir='ltr'><strong>somno</strong></span> <span class='ocrx_word' id='word_1_311' title='bbox 3170 1368 3508 1420; x_wconf 74' lang='lat' dir='ltr'>oppressam,</span> 
     </span>
    </p>
   </div>
   <div class='ocr_carea' id='block_1_43' title="bbox 1940 1443 3513 1512">
    <p class='ocr_par' dir='ltr' id='par_1_43' title="bbox 1940 1443 3513 1512">
     <span class='ocr_line' id='line_1_43' title="bbox 1940 1443 3513 1512; baseline -0.003 -14"><span class='ocrx_word' id='word_1_312' title='bbox 1940 1457 2058 1498; x_wconf 88' lang='lat' dir='ltr'><strong>eam</strong></span> <span class='ocrx_word' id='word_1_313' title='bbox 2091 1443 2461 1512; x_wconf 86' lang='lat' dir='ltr'><strong>facitsurgere</strong></span> <span class='ocrx_word' id='word_1_314' title='bbox 2497 1460 2640 1498; x_wconf 80' lang='lat' dir='ltr'><strong>same</strong></span> <span class='ocrx_word' id='word_1_315' title='bbox 2682 1444 2879 1497; x_wconf 89' lang='lat' dir='ltr'><strong>mentis</strong></span> <span class='ocrx_word' id='word_1_316' title='bbox 2909 1457 3232 1512; x_wconf 82' lang='lat' dir='ltr'>compotem.</span> <span class='ocrx_word' id='word_1_317' title='bbox 3275 1445 3341 1497; x_wconf 86' lang='lat' dir='ltr'><strong>Et</strong></span> <span class='ocrx_word' id='word_1_318' title='bbox 3384 1460 3513 1497; x_wconf 89' lang='lat' dir='ltr'><strong>con-</strong></span> 
     </span>
    </p>
   </div>
   <div class='ocr_carea' id='block_1_44' title="bbox 1939 1537 3507 1604">
    <p class='ocr_par' dir='ltr' id='par_1_44' title="bbox 1939 1537 3507 1604">
     <span class='ocr_line' id='line_1_44' title="bbox 1939 1537 3507 1604; baseline -0.001 -14"><span class='ocrx_word' id='word_1_319' title='bbox 1939 1552 2132 1591; x_wconf 88' lang='lat' dir='ltr'><strong>versus</strong></span> <span class='ocrx_word' id='word_1_320' title='bbox 2176 1537 2244 1590; x_wconf 89' lang='lat' dir='ltr'><strong>ad</strong></span> <span class='ocrx_word' id='word_1_321' title='bbox 2300 1537 2660 1591; x_wconf 84' lang='lat' dir='ltr'><strong>Faustinam:</strong></span> <span class='ocrx_word' id='word_1_322' title='bbox 2723 1537 2882 1594; x_wconf 84' lang='lat' dir='ltr'>Ecce.</span> <span class='ocrx_word' id='word_1_323' title='bbox 2945 1537 3157 1604; x_wconf 85' lang='lat' dir='ltr'><strong>inquit,</strong></span> <span class='ocrx_word' id='word_1_324' title='bbox 3216 1537 3366 1589; x_wconf 84' lang='lat' dir='ltr'><strong>adest</strong></span> <span class='ocrx_word' id='word_1_325' title='bbox 3419 1538 3507 1590; x_wconf 86' lang='lat' dir='ltr'><strong>tibi</strong></span> 
     </span>
    </p>
   </div>
   <div class='ocr_carea' id='block_1_45' title="bbox 1939 1627 3535 1699">
    <p class='ocr_par' dir='ltr' id='par_1_45' title="bbox 1939 1627 3535 1699">
     <span class='ocr_line' id='line_1_45' title="bbox 1939 1627 3535 1699; baseline -0.001 -16"><span class='ocrx_word' id='word_1_326' title='bbox 1939 1629 2122 1699; x_wconf 90' lang='lat' dir='ltr'><strong>puella</strong></span> <span class='ocrx_word' id='word_1_327' title='bbox 2154 1644 2328 1698; x_wconf 90' lang='lat' dir='ltr'><strong>neque</strong></span> <span class='ocrx_word' id='word_1_328' title='bbox 2352 1629 2456 1682; x_wconf 89' lang='lat' dir='ltr'><strong>vita</strong></span> <span class='ocrx_word' id='word_1_329' title='bbox 2484 1629 2711 1698; x_wconf 89' lang='lat' dir='ltr'><strong>privata,</strong></span> <span class='ocrx_word' id='word_1_330' title='bbox 2751 1637 2803 1681; x_wconf 89' lang='lat' dir='ltr'><strong>et</strong></span> <span class='ocrx_word' id='word_1_331' title='bbox 2831 1627 2994 1680; x_wconf 86' lang='lat' dir='ltr'><strong>libera</strong></span> <span class='ocrx_word' id='word_1_332' title='bbox 3029 1628 3095 1680; x_wconf 90' lang='lat' dir='ltr'><strong>ab</strong></span> <span class='ocrx_word' id='word_1_333' title='bbox 3133 1628 3336 1682; x_wconf 89' lang='lat' dir='ltr'><strong>insultu</strong></span> <span class='ocrx_word' id='word_1_334' title='bbox 3403 1628 3535 1681; x_wconf 59' lang='lat' dir='ltr'><strong>dae-</strong></span> 
     </span>
    </p>
   </div>
   <div class='ocr_carea' id='block_1_46' title="bbox 1941 1719 3506 1790">
    <p class='ocr_par' dir='ltr' id='par_1_46' title="bbox 1941 1719 3506 1790">
     <span class='ocr_line' id='line_1_46' title="bbox 1941 1719 3506 1790; baseline -0.003 -14"><span class='ocrx_word' id='word_1_335' title='bbox 1941 1723 2136 1777; x_wconf 87' lang='lat' dir='ltr'><strong>monis.</strong></span> <span class='ocrx_word' id='word_1_336' title='bbox 2163 1720 2454 1790; x_wconf 86' lang='lat' dir='ltr'><strong>Postquam</strong></span> <span class='ocrx_word' id='word_1_337' title='bbox 2489 1734 2618 1790; x_wconf 84' lang='lat' dir='ltr'><strong>ergo</strong></span> <span class='ocrx_word' id='word_1_338' title='bbox 2653 1729 2824 1772; x_wconf 84' lang='lat' dir='ltr'><strong>mater</strong></span> <span class='ocrx_word' id='word_1_339' title='bbox 2854 1719 2933 1773; x_wconf 91' lang='lat' dir='ltr'><strong>sic</strong></span> <span class='ocrx_word' id='word_1_340' title='bbox 2981 1720 3112 1773; x_wconf 84' lang='lat' dir='ltr'><strong>vidit</strong></span> <span class='ocrx_word' id='word_1_341' title='bbox 3165 1719 3354 1783; x_wconf 88' lang='lat' dir='ltr'><strong>filiam,</strong></span> <span class='ocrx_word' id='word_1_342' title='bbox 3387 1735 3506 1772; x_wconf 88' lang='lat' dir='ltr'><strong>eam</strong></span> 
     </span>
    </p>
   </div>
   <div class='ocr_carea' id='block_1_47' title="bbox 1942 1796 3505 1886">
    <p class='ocr_par' dir='ltr' id='par_1_47' title="bbox 1942 1796 3505 1886">
     <span class='ocr_line' id='line_1_47' title="bbox 1942 1796 3505 1886; baseline -0.004 -16"><span class='ocrx_word' id='word_1_343' title='bbox 1942 1816 2242 1886; x_wconf 82' lang='lat' dir='ltr'><strong>complexa,</strong></span> <span class='ocrx_word' id='word_1_344' title='bbox 2271 1823 2325 1868; x_wconf 91' lang='lat' dir='ltr'><strong>et</strong></span> <span class='ocrx_word' id='word_1_345' title='bbox 2363 1829 2473 1885; x_wconf 63' lang='lat' dir='ltr'><strong>pra:</strong></span> <span class='ocrx_word' id='word_1_346' title='bbox 2501 1814 2696 1885; x_wconf 78' lang='lat' dir='ltr'><strong>gaudio</strong></span> <span class='ocrx_word' id='word_1_347' title='bbox 2732 1813 2965 1867; x_wconf 89' lang='lat' dir='ltr'><strong>fundens</strong></span> <span class='ocrx_word' id='word_1_348' title='bbox 2994 1813 3280 1883; x_wconf 87' lang='lat' dir='ltr'><strong>Iacrymas,</strong></span> <span class='ocrx_word' id='word_1_349' title='bbox 3315 1796 3505 1880; x_wconf 80' lang='lat' dir='ltr'><strong>genam</strong></span> 
     </span>
    </p>
   </div>
   <div class='ocr_carea' id='block_1_48' title="bbox 1939 1903 3506 1978">
    <p class='ocr_par' dir='ltr' id='par_1_48' title="bbox 1939 1903 3506 1978">
     <span class='ocr_line' id='line_1_48' title="bbox 1939 1903 3506 1978; baseline -0.004 -17"><span class='ocrx_word' id='word_1_350' title='bbox 1939 1922 2086 1978; x_wconf 70' lang='lat' dir='ltr'><strong>gente</strong></span> <span class='ocrx_word' id='word_1_351' title='bbox 2115 1907 2395 1975; x_wconf 89' lang='lat' dir='ltr'><strong>imposuit,</strong></span> <span class='ocrx_word' id='word_1_352' title='bbox 2425 1916 2480 1959; x_wconf 89' lang='lat' dir='ltr'><strong>et</strong></span> <span class='ocrx_word' id='word_1_353' title='bbox 2509 1920 2569 1960; x_wconf 94' lang='lat' dir='ltr'><strong>os</strong></span> <span class='ocrx_word' id='word_1_354' title='bbox 2604 1905 2707 1967; x_wconf 93' lang='lat' dir='ltr'><strong>ori,</strong></span> <span class='ocrx_word' id='word_1_355' title='bbox 2756 1912 2810 1958; x_wconf 87' lang='lat' dir='ltr'><strong>et</strong></span> <span class='ocrx_word' id='word_1_356' title='bbox 2841 1903 3089 1956; x_wconf 87' lang='lat' dir='ltr'><strong>manibus</strong></span> <span class='ocrx_word' id='word_1_357' title='bbox 3134 1919 3327 1956; x_wconf 90' lang='lat' dir='ltr'><strong>manus</strong></span> <span class='ocrx_word' id='word_1_358' title='bbox 3376 1919 3506 1958; x_wconf 84' lang='lat' dir='ltr'><strong>con-</strong></span> 
     </span>
    </p>
   </div>
   <div class='ocr_carea' id='block_1_49' title="bbox 1938 1995 3507 2064">
    <p class='ocr_par' dir='ltr' id='par_1_49' title="bbox 1938 1995 3507 2064">
     <span class='ocr_line' id='line_1_49' title="bbox 1938 1995 3507 2064; baseline -0.004 -11"><span class='ocrx_word' id='word_1_359' title='bbox 1938 1999 2123 2057; x_wconf 86' lang='lat' dir='ltr'><strong>seruit.</strong></span> <span class='ocrx_word' id='word_1_360' title='bbox 2157 2007 2212 2051; x_wconf 91' lang='lat' dir='ltr'><strong>et</strong></span> <span class='ocrx_word' id='word_1_361' title='bbox 2251 1997 2414 2051; x_wconf 88' lang='lat' dir='ltr'><strong>veluti</strong></span> <span class='ocrx_word' id='word_1_362' title='bbox 2465 1996 2691 2064; x_wconf 81' lang='lat' dir='ltr'><strong>cupiens</strong></span> <span class='ocrx_word' id='word_1_363' title='bbox 2745 2011 2864 2050; x_wconf 88' lang='lat' dir='ltr'><strong>eam</strong></span> <span class='ocrx_word' id='word_1_364' title='bbox 2923 1995 3251 2049; x_wconf 86' lang='lat' dir='ltr'><strong>intrinsecus</strong></span> <span class='ocrx_word' id='word_1_365' title='bbox 3311 2010 3507 2063; x_wconf 84' lang='lat' dir='ltr'><strong>appro-</strong></span> 
     </span>
    </p>
   </div>
   <div class='ocr_carea' id='block_1_50' title="bbox 1938 2085 3507 2156">
    <p class='ocr_par' dir='ltr' id='par_1_50' title="bbox 1938 2085 3507 2156">
     <span class='ocr_line' id='line_1_50' title="bbox 1938 2085 3507 2156; baseline -0.003 -14"><span class='ocrx_word' id='word_1_366' title='bbox 1938 2089 2198 2152; x_wconf 87' lang='lat' dir='ltr'><strong>hendere,</strong></span> <span class='ocrx_word' id='word_1_367' title='bbox 2226 2098 2280 2142; x_wconf 91' lang='lat' dir='ltr'><strong>et</strong></span> <span class='ocrx_word' id='word_1_368' title='bbox 2309 2103 2429 2141; x_wconf 90' lang='lat' dir='ltr'><strong>cum</strong></span> <span class='ocrx_word' id='word_1_369' title='bbox 2458 2088 2602 2142; x_wconf 89' lang='lat' dir='ltr'><strong>nuda</strong></span> <span class='ocrx_word' id='word_1_370' title='bbox 2641 2086 2754 2156; x_wconf 86' lang='lat' dir='ltr'><strong>ipsa</strong></span> <span class='ocrx_word' id='word_1_371' title='bbox 2787 2085 3042 2156; x_wconf 79' lang='lat' dir='ltr'><strong>congredi</strong></span> <span class='ocrx_word' id='word_1_372' title='bbox 3072 2087 3268 2146; x_wconf 86' lang='lat' dir='ltr'><strong>anima,</strong></span> <span class='ocrx_word' id='word_1_373' title='bbox 3296 2087 3507 2139; x_wconf 90' lang='lat' dir='ltr'><strong>nescie-</strong></span> 
     </span>
    </p>
   </div>
   <div class='ocr_carea' id='block_1_51' title="bbox 1936 2182 3505 2252">
    <p class='ocr_par' dir='ltr' id='par_1_51' title="bbox 1936 2182 3505 2252">
     <span class='ocr_line' id='line_1_51' title="bbox 1936 2182 3505 2252; baseline -0.003 -14"><span class='ocrx_word' id='word_1_374' title='bbox 1936 2184 2026 2238; x_wconf 88' lang='lat' dir='ltr'><strong>bat</strong></span> <span class='ocrx_word' id='word_1_375' title='bbox 2074 2184 2202 2250; x_wconf 90' lang='lat' dir='ltr'><strong>quid</strong></span> <span class='ocrx_word' id='word_1_376' title='bbox 2259 2193 2467 2252; x_wconf 81' lang='lat' dir='ltr'><strong>ageret.</strong></span> <span class='ocrx_word' id='word_1_377' title='bbox 2524 2183 2659 2237; x_wconf 90' lang='lat' dir='ltr'><strong>Cum</strong></span> <span class='ocrx_word' id='word_1_378' title='bbox 2694 2191 2874 2237; x_wconf 89' lang='lat' dir='ltr'><strong>autem</strong></span> <span class='ocrx_word' id='word_1_379' title='bbox 2909 2182 3087 2251; x_wconf 91' lang='lat' dir='ltr'><strong>puella</strong></span> <span class='ocrx_word' id='word_1_380' title='bbox 3132 2182 3352 2250; x_wconf 89' lang='lat' dir='ltr'><strong>quidem</strong></span> <span class='ocrx_word' id='word_1_381' title='bbox 3396 2183 3505 2250; x_wconf 80' lang='lat' dir='ltr'><strong>jam</strong></span> 
     </span>
    </p>
   </div>
   <div class='ocr_carea' id='block_1_52' title="bbox 1937 2271 3508 2337">
    <p class='ocr_par' dir='ltr' id='par_1_52' title="bbox 1937 2271 3508 2337">
     <span class='ocr_line' id='line_1_52' title="bbox 1937 2271 3508 2337; baseline -0.002 -8"><span class='ocrx_word' id='word_1_382' title='bbox 1937 2284 2082 2329; x_wconf 89' lang='lat' dir='ltr'><strong>recte</strong></span> <span class='ocrx_word' id='word_1_383' title='bbox 2119 2289 2175 2328; x_wconf 90' lang='lat' dir='ltr'><strong>se</strong></span> <span class='ocrx_word' id='word_1_384' title='bbox 2214 2273 2462 2337; x_wconf 84' lang='lat' dir='ltr'><strong>haberet,</strong></span> <span class='ocrx_word' id='word_1_385' title='bbox 2503 2272 2748 2328; x_wconf 88' lang='lat' dir='ltr'><strong>divinum</strong></span> <span class='ocrx_word' id='word_1_386' title='bbox 2797 2271 3087 2326; x_wconf 78' lang='lat' dir='ltr'><strong>Abel-cium</strong></span> <span class='ocrx_word' id='word_1_387' title='bbox 3139 2272 3508 2326; x_wconf 86' lang='lat' dir='ltr'><strong>vehementis-</strong></span> 
     </span>
    </p>
   </div>
   <div class='ocr_carea' id='block_1_53' title="bbox 1936 2363 3508 2436">
    <p class='ocr_par' dir='ltr' id='par_1_53' title="bbox 1936 2363 3508 2436">
     <span class='ocr_line' id='line_1_53' title="bbox 1936 2363 3508 2436; baseline -0.003 -16"><span class='ocrx_word' id='word_1_388' title='bbox 1936 2369 2071 2422; x_wconf 89' lang='lat' dir='ltr'><strong>sime</strong></span> <span class='ocrx_word' id='word_1_389' title='bbox 2103 2366 2311 2436; x_wconf 82' lang='lat' dir='ltr'><strong>rogavit</strong></span> <span class='ocrx_word' id='word_1_390' title='bbox 2338 2363 2675 2433; x_wconf 85' lang='lat' dir='ltr'><strong>imperatrix,</strong></span> <span class='ocrx_word' id='word_1_391' title='bbox 2711 2379 2780 2418; x_wconf 88' lang='lat' dir='ltr'><strong>ne</strong></span> <span class='ocrx_word' id='word_1_392' title='bbox 2822 2372 3107 2418; x_wconf 75' lang='lat' dir='ltr'><strong>recusaret</strong></span> <span class='ocrx_word' id='word_1_393' title='bbox 3137 2363 3203 2417; x_wconf 87' lang='lat' dir='ltr'><strong>ab</strong></span> <span class='ocrx_word' id='word_1_394' title='bbox 3248 2380 3310 2418; x_wconf 90' lang='lat' dir='ltr'><strong>ea</strong></span> <span class='ocrx_word' id='word_1_395' title='bbox 3364 2363 3508 2417; x_wconf 88' lang='lat' dir='ltr'><strong>acci-</strong></span> 
     </span>
    </p>
   </div>
   <div class='ocr_carea' id='block_1_54' title="bbox 1935 2455 3509 2526">
    <p class='ocr_par' dir='ltr' id='par_1_54' title="bbox 1935 2455 3509 2526">
     <span class='ocr_line' id='line_1_54' title="bbox 1935 2455 3509 2526; baseline -0.001 -16"><span class='ocrx_word' id='word_1_396' title='bbox 1935 2472 2065 2526; x_wconf 84' lang='lat' dir='ltr'><strong>pere</strong></span> <span class='ocrx_word' id='word_1_397' title='bbox 2115 2455 2633 2518; x_wconf 88' lang='lat' dir='ltr'><strong>remunerationem,</strong></span> <span class='ocrx_word' id='word_1_398' title='bbox 2681 2455 2768 2509; x_wconf 90' lang='lat' dir='ltr'><strong>cui</strong></span> <span class='ocrx_word' id='word_1_399' title='bbox 2799 2455 2915 2524; x_wconf 91' lang='lat' dir='ltr'><strong>ipse</strong></span> <span class='ocrx_word' id='word_1_400' title='bbox 2948 2455 3048 2508; x_wconf 90' lang='lat' dir='ltr'><strong>fuit</strong></span> <span class='ocrx_word' id='word_1_401' title='bbox 3089 2470 3252 2510; x_wconf 91' lang='lat' dir='ltr'><strong>causa</strong></span> <span class='ocrx_word' id='word_1_402' title='bbox 3303 2471 3509 2526; x_wconf 65' lang='lat' dir='ltr'><strong>magnae</strong></span> 
     </span>
    </p>
   </div>
   <div class='ocr_carea' id='block_1_55' title="bbox 1934 2546 3506 2617">
    <p class='ocr_par' dir='ltr' id='par_1_55' title="bbox 1934 2546 3506 2617">
     <span class='ocr_line' id='line_1_55' title="bbox 1934 2546 3506 2617; baseline -0.001 -15"><span class='ocrx_word' id='word_1_403' title='bbox 1934 2558 1988 2602; x_wconf 93' lang='lat' dir='ltr'><strong>et</strong></span> <span class='ocrx_word' id='word_1_404' title='bbox 2017 2548 2334 2602; x_wconf 64' lang='lat' dir='ltr'><strong>necessariae</strong></span> <span class='ocrx_word' id='word_1_405' title='bbox 2365 2548 2574 2617; x_wconf 67' lang='lat' dir='ltr'><strong>gratiae.</strong></span> <span class='ocrx_word' id='word_1_406' title='bbox 2604 2546 2697 2600; x_wconf 90' lang='lat' dir='ltr'><strong>Ille</strong></span> <span class='ocrx_word' id='word_1_407' title='bbox 2747 2556 2929 2600; x_wconf 90' lang='lat' dir='ltr'><strong>autem</strong></span> <span class='ocrx_word' id='word_1_408' title='bbox 2967 2547 3216 2616; x_wconf 71' lang='lat' dir='ltr'><strong>pecuniae</strong></span> <span class='ocrx_word' id='word_1_409' title='bbox 3247 2564 3315 2602; x_wconf 90' lang='lat' dir='ltr'><strong>ne</strong></span> <span class='ocrx_word' id='word_1_410' title='bbox 3347 2550 3506 2602; x_wconf 72' lang='lat' dir='ltr'><strong>susu-</strong></span> 
     </span>
    </p>
   </div>
   <div class='ocr_carea' id='block_1_56' title="bbox 1933 2641 3500 2710">
    <p class='ocr_par' dir='ltr' id='par_1_56' title="bbox 1933 2641 3500 2710">
     <span class='ocr_line' id='line_1_56' title="bbox 1933 2641 3500 2710; baseline 0.001 -15"><span class='ocrx_word' id='word_1_411' title='bbox 1933 2643 2050 2696; x_wconf 90' lang='lat' dir='ltr'><strong>nuit</strong></span> <span class='ocrx_word' id='word_1_412' title='bbox 2081 2642 2300 2710; x_wconf 88' lang='lat' dir='ltr'><strong>quidem</strong></span> <span class='ocrx_word' id='word_1_413' title='bbox 2350 2642 2510 2694; x_wconf 84' lang='lat' dir='ltr'><strong>ullam</strong></span> <span class='ocrx_word' id='word_1_414' title='bbox 2553 2641 2668 2695; x_wconf 88' lang='lat' dir='ltr'><strong>fieri</strong></span> <span class='ocrx_word' id='word_1_415' title='bbox 2709 2643 3061 2707; x_wconf 88' lang='lat' dir='ltr'><strong>mentionem,</strong></span> <span class='ocrx_word' id='word_1_416' title='bbox 3097 2642 3324 2696; x_wconf 85' lang='lat' dir='ltr'><strong>dicens:</strong></span> <span class='ocrx_word' id='word_1_417' title='bbox 3362 2643 3500 2706; x_wconf 90' lang='lat' dir='ltr'><strong>Quid</strong></span> 
     </span>
    </p>
   </div>
   <div class='ocr_carea' id='block_1_57' title="bbox 1933 2732 3505 2804">
    <p class='ocr_par' dir='ltr' id='par_1_57' title="bbox 1933 2732 3505 2804">
     <span class='ocr_line' id='line_1_57' title="bbox 1933 2732 3505 2804; baseline -0.001 -15"><span class='ocrx_word' id='word_1_418' title='bbox 1933 2736 1980 2789; x_wconf 91' lang='lat' dir='ltr'><strong>ei</strong></span> <span class='ocrx_word' id='word_1_419' title='bbox 2012 2750 2146 2802; x_wconf 90' lang='lat' dir='ltr'><strong>opus</strong></span> <span class='ocrx_word' id='word_1_420' title='bbox 2172 2732 2334 2787; x_wconf 91' lang='lat' dir='ltr'><strong>fuerit</strong></span> <span class='ocrx_word' id='word_1_421' title='bbox 2364 2734 2626 2803; x_wconf 89' lang='lat' dir='ltr'><strong>pecuniis,</strong></span> <span class='ocrx_word' id='word_1_422' title='bbox 2660 2733 2746 2786; x_wconf 89' lang='lat' dir='ltr'><strong>cui</strong></span> <span class='ocrx_word' id='word_1_423' title='bbox 2789 2733 2940 2802; x_wconf 82' lang='lat' dir='ltr'><strong>panis</strong></span> <span class='ocrx_word' id='word_1_424' title='bbox 2981 2743 3037 2788; x_wconf 91' lang='lat' dir='ltr'><strong>et</strong></span> <span class='ocrx_word' id='word_1_425' title='bbox 3083 2748 3219 2804; x_wconf 89' lang='lat' dir='ltr'><strong>aqua</strong></span> <span class='ocrx_word' id='word_1_426' title='bbox 3259 2746 3341 2789; x_wconf 90' lang='lat' dir='ltr'><strong>est</strong></span> <span class='ocrx_word' id='word_1_427' title='bbox 3388 2735 3505 2788; x_wconf 88' lang='lat' dir='ltr'><strong>Iau-</strong></span> 
     </span>
    </p>
   </div>
   <div class='ocr_carea' id='block_1_58' title="bbox 1935 2823 3508 2896">
    <p class='ocr_par' dir='ltr' id='par_1_58' title="bbox 1935 2823 3508 2896">
     <span class='ocr_line' id='line_1_58' title="bbox 1935 2823 3508 2896; baseline 0.001 -16"><span class='ocrx_word' id='word_1_428' title='bbox 1935 2836 2045 2881; x_wconf 89' lang='lat' dir='ltr'><strong>tum</strong></span> <span class='ocrx_word' id='word_1_429' title='bbox 2096 2837 2150 2880; x_wconf 91' lang='lat' dir='ltr'><strong>et</strong></span> <span class='ocrx_word' id='word_1_430' title='bbox 2201 2827 2542 2896; x_wconf 70' lang='lat' dir='ltr'><strong>magnificum</strong></span> <span class='ocrx_word' id='word_1_431' title='bbox 2598 2825 2923 2894; x_wconf 87' lang='lat' dir='ltr'><strong>prandium?</strong></span> <span class='ocrx_word' id='word_1_432' title='bbox 2997 2823 3139 2879; x_wconf 86' lang='lat' dir='ltr'><strong>Petit</strong></span> <span class='ocrx_word' id='word_1_433' title='bbox 3192 2833 3394 2890; x_wconf 86' lang='lat' dir='ltr'><strong>autem,</strong></span> <span class='ocrx_word' id='word_1_434' title='bbox 3447 2836 3508 2882; x_wconf 90' lang='lat' dir='ltr'><strong>ut</strong></span> 
     </span>
    </p>
   </div>
   <div class='ocr_carea' id='block_1_59' title="bbox 1933 2916 3508 2989">
    <p class='ocr_par' dir='ltr' id='par_1_59' title="bbox 1933 2916 3508 2989">
     <span class='ocr_line' id='line_1_59' title="bbox 1933 2916 3508 2989; baseline 0.001 -18"><span class='ocrx_word' id='word_1_435' title='bbox 1933 2935 2100 2989; x_wconf 87' lang='lat' dir='ltr'><strong>prope</strong></span> <span class='ocrx_word' id='word_1_436' title='bbox 2135 2918 2460 2986; x_wconf 87' lang='lat' dir='ltr'><strong>Hierapolim</strong></span> <span class='ocrx_word' id='word_1_437' title='bbox 2495 2925 2804 2969; x_wconf 79' lang='lat' dir='ltr'><strong>exstruatur</strong></span> <span class='ocrx_word' id='word_1_438' title='bbox 2837 2916 3088 2969; x_wconf 86' lang='lat' dir='ltr'><strong>balneum</strong></span> <span class='ocrx_word' id='word_1_439' title='bbox 3127 2917 3182 2970; x_wconf 91' lang='lat' dir='ltr'><strong>in</strong></span> <span class='ocrx_word' id='word_1_440' title='bbox 3216 2933 3366 2988; x_wconf 81' lang='lat' dir='ltr'><strong>agro,</strong></span> <span class='ocrx_word' id='word_1_441' title='bbox 3414 2919 3508 2985; x_wconf 91' lang='lat' dir='ltr'><strong>qui</strong></span> 
     </span>
    </p>
   </div>
   <div class='ocr_carea' id='block_1_60' title="bbox 1932 3007 3504 3081">
    <p class='ocr_par' dir='ltr' id='par_1_60' title="bbox 1932 3007 3504 3081">
     <span class='ocr_line' id='line_1_60' title="bbox 1932 3007 3504 3081; baseline -0.001 -16"><span class='ocrx_word' id='word_1_442' title='bbox 1932 3022 2013 3065; x_wconf 89' lang='lat' dir='ltr'><strong>est</strong></span> <span class='ocrx_word' id='word_1_443' title='bbox 2047 3023 2266 3080; x_wconf 90' lang='lat' dir='ltr'><strong>propter</strong></span> <span class='ocrx_word' id='word_1_444' title='bbox 2298 3010 2548 3072; x_wconf 78' lang='lat' dir='ltr'><strong>fluvium,</strong></span> <span class='ocrx_word' id='word_1_445' title='bbox 2584 3008 2673 3062; x_wconf 91' lang='lat' dir='ltr'><strong>ubi</strong></span> <span class='ocrx_word' id='word_1_446' title='bbox 2700 3009 2816 3077; x_wconf 90' lang='lat' dir='ltr'><strong>ipse</strong></span> <span class='ocrx_word' id='word_1_447' title='bbox 2849 3010 3022 3061; x_wconf 91' lang='lat' dir='ltr'><strong>oravit</strong></span> <span class='ocrx_word' id='word_1_448' title='bbox 3053 3007 3204 3063; x_wconf 82' lang='lat' dir='ltr'><strong>ﬂexis</strong></span> <span class='ocrx_word' id='word_1_449' title='bbox 3255 3011 3504 3081; x_wconf 83' lang='lat' dir='ltr'><strong>genibus,</strong></span> 
     </span>
    </p>
   </div>
   <div class='ocr_carea' id='block_1_61' title="bbox 1930 3095 3508 3164">
    <p class='ocr_par' dir='ltr' id='par_1_61' title="bbox 1930 3095 3508 3164">
     <span class='ocr_line' id='line_1_61' title="bbox 1930 3095 3508 3164; baseline 0.001 -12"><span class='ocrx_word' id='word_1_450' title='bbox 1930 3109 1983 3152; x_wconf 90' lang='lat' dir='ltr'><strong>et</strong></span> <span class='ocrx_word' id='word_1_451' title='bbox 2030 3110 2172 3152; x_wconf 90' lang='lat' dir='ltr'><strong>terra</strong></span> <span class='ocrx_word' id='word_1_452' title='bbox 2217 3099 2400 3152; x_wconf 89' lang='lat' dir='ltr'><strong>emisit</strong></span> <span class='ocrx_word' id='word_1_453' title='bbox 2435 3096 2612 3151; x_wconf 88' lang='lat' dir='ltr'><strong>fontes</strong></span> <span class='ocrx_word' id='word_1_454' title='bbox 2660 3110 2923 3164; x_wconf 84' lang='lat' dir='ltr'><strong>aquarum</strong></span> <span class='ocrx_word' id='word_1_455' title='bbox 2956 3095 3298 3161; x_wconf 87' lang='lat' dir='ltr'><strong>calidarum;</strong></span> <span class='ocrx_word' id='word_1_456' title='bbox 3350 3109 3406 3152; x_wconf 88' lang='lat' dir='ltr'><strong>et</strong></span> <span class='ocrx_word' id='word_1_457' title='bbox 3449 3109 3508 3153; x_wconf 90' lang='lat' dir='ltr'><strong>ut</strong></span> 
     </span>
    </p>
   </div>
   <div class='ocr_carea' id='block_1_62' title="bbox 255 3185 1920 3270">
    <p class='ocr_par' dir='ltr' id='par_1_62' title="bbox 255 3188 1899 3270">
     <span class='ocr_line' id='line_1_62' title="bbox 255 3188 1899 3270; baseline 0.01 -31"><span class='ocrx_word' id='word_1_458' title='bbox 255 3188 426 3257; x_wconf 75' lang='grc' dir='ltr'>ἀνῆκε</span> <span class='ocrx_word' id='word_1_459' title='bbox 463 3189 680 3257; x_wconf 88' lang='grc' dir='ltr'>θερμῶν</span> <span class='ocrx_word' id='word_1_460' title='bbox 705 3207 718 3220; x_wconf 85' lang='grc'><em>’</em></span> <span class='ocrx_word' id='word_1_461' title='bbox 752 3196 1061 3261; x_wconf 83' lang='grc' dir='ltr'>σιτηρέσιόν</span> <span class='ocrx_word' id='word_1_462' title='bbox 1087 3215 1145 3249; x_wconf 88' lang='grc' dir='ltr'><strong>τε</strong></span> <span class='ocrx_word' id='word_1_463' title='bbox 1182 3202 1294 3260; x_wconf 87' lang='grc' dir='ltr'>τοῖς</span> <span class='ocrx_word' id='word_1_464' title='bbox 1321 3202 1378 3253; x_wconf 78' lang='grc' dir='ltr'>ὲν</span> <span class='ocrx_word' id='word_1_465' title='bbox 1414 3203 1479 3270; x_wconf 80' lang='grc' dir='ltr'>τῇ</span> <span class='ocrx_word' id='word_1_466' title='bbox 1518 3200 1672 3254; x_wconf 90' lang='grc' dir='ltr'>πόλει</span> <span class='ocrx_word' id='word_1_467' title='bbox 1728 3205 1824 3255; x_wconf 60' lang='grc' dir='ltr'><strong>αὐ.</strong></span> 
     </span>
    </p>
   </div>
   <div class='ocr_carea' id='block_1_63' title="bbox 1841 3185 3506 3270">
    <p class='ocr_par' dir='ltr' id='par_1_63' title="bbox 1852 3185 3506 3261">
     <span class='ocr_line' id='line_1_63' title="bbox 1852 3185 3506 3261; baseline 0.001 -20"><span class='ocrx_word' id='word_1_468' title='bbox 1852 3188 1899 3261; x_wconf 74' lang='lat' dir='ltr'>c</span> <span class='ocrx_word' id='word_1_469' title='bbox 1931 3189 2210 3254; x_wconf 84' lang='lat' dir='ltr'><strong>mendicis,</strong></span> <span class='ocrx_word' id='word_1_470' title='bbox 2262 3190 2354 3256; x_wconf 87' lang='lat' dir='ltr'><strong>qui</strong></span> <span class='ocrx_word' id='word_1_471' title='bbox 2404 3196 2560 3241; x_wconf 87' lang='lat' dir='ltr'><strong>erant</strong></span> <span class='ocrx_word' id='word_1_472' title='bbox 2601 3186 2655 3238; x_wconf 92' lang='lat' dir='ltr'><strong>in</strong></span> <span class='ocrx_word' id='word_1_473' title='bbox 2702 3199 2764 3237; x_wconf 89' lang='lat' dir='ltr'><strong>ea</strong></span> <span class='ocrx_word' id='word_1_474' title='bbox 2813 3185 3054 3250; x_wconf 86' lang='lat' dir='ltr'><strong>civitate,</strong></span> <span class='ocrx_word' id='word_1_475' title='bbox 3102 3187 3368 3241; x_wconf 89' lang='lat' dir='ltr'><strong>darentur</strong></span> <span class='ocrx_word' id='word_1_476' title='bbox 3424 3198 3506 3243; x_wconf 87' lang='lat' dir='ltr'><strong>ter</strong></span> 
     </span>
    </p>
   </div>
   <div class='ocr_carea' id='block_1_64' title="bbox 252 3279 1819 3364">
    <p class='ocr_par' dir='ltr' id='par_1_64' title="bbox 252 3279 1819 3364">
     <span class='ocr_line' id='line_1_64' title="bbox 252 3279 1819 3364; baseline 0.013 -35"><span class='ocrx_word' id='word_1_477' title='bbox 252 3279 350 3330; x_wconf 83' lang='grc' dir='ltr'><strong>τοῦ</strong></span> <span class='ocrx_word' id='word_1_478' title='bbox 402 3285 636 3351; x_wconf 80' lang='grc' dir='ltr'>πτωχοῖς</span> <span class='ocrx_word' id='word_1_479' title='bbox 694 3284 774 3345; x_wconf 86' lang='grc' dir='ltr'><strong>εἰς</strong></span> <span class='ocrx_word' id='word_1_480' title='bbox 836 3286 1165 3356; x_wconf 79' lang='grc' dir='ltr'>τρισχιλίους</span> <span class='ocrx_word' id='word_1_481' title='bbox 1209 3291 1422 3357; x_wconf 77' lang='grc' dir='ltr'>μοδίους</span> <span class='ocrx_word' id='word_1_482' title='bbox 1458 3293 1819 3364; x_wconf 79' lang='grc' dir='ltr'>ἁποταγῆναι.</span> 
     </span>
    </p>
   </div>
   <div class='ocr_carea' id='block_1_65' title="bbox 327 3374 1822 3456">
    <p class='ocr_par' dir='ltr' id='par_1_65' title="bbox 327 3374 1822 3456">
     <span class='ocr_line' id='line_1_65' title="bbox 327 3374 1822 3456; baseline 0.011 -32"><span class='ocrx_word' id='word_1_483' title='bbox 327 3374 452 3424; x_wconf 68' lang='grc' dir='ltr'><strong>ΚΔν.</strong></span> <span class='ocrx_word' id='word_1_484' title='bbox 484 3375 700 3427; x_wconf 88' lang='grc' dir='ltr'>Τούτων</span> <span class='ocrx_word' id='word_1_485' title='bbox 735 3377 766 3444; x_wconf 84' lang='grc' dir='ltr'>ἡ</span> <span class='ocrx_word' id='word_1_486' title='bbox 803 3376 1014 3444; x_wconf 74' lang='grc' dir='ltr'>βασιλὶς</span> <span class='ocrx_word' id='word_1_487' title='bbox 1053 3381 1168 3448; x_wconf 75' lang='grc' dir='ltr'>ἅμα</span> <span class='ocrx_word' id='word_1_488' title='bbox 1193 3399 1250 3433; x_wconf 89' lang='grc' dir='ltr'><strong>τε</strong></span> <span class='ocrx_word' id='word_1_489' title='bbox 1284 3383 1508 3454; x_wconf 78' lang='grc' dir='ltr'>ἤκουσε,</span> <span class='ocrx_word' id='word_1_490' title='bbox 1536 3388 1627 3439; x_wconf 77' lang='grc' dir='ltr'><strong>καὶ</strong></span> <span class='ocrx_word' id='word_1_491' title='bbox 1654 3387 1822 3456; x_wconf 84' lang='grc' dir='ltr'>ἀσμέ-</span> 
     </span>
    </p>
   </div>
   <div class='ocr_carea' id='block_1_66' title="bbox 252 3466 1822 3550">
    <p class='ocr_par' dir='ltr' id='par_1_66' title="bbox 252 3466 1822 3550">
     <span class='ocr_line' id='line_1_66' title="bbox 252 3466 1822 3550; baseline 0.01 -34"><span class='ocrx_word' id='word_1_492' title='bbox 252 3482 360 3528; x_wconf 87' lang='grc' dir='ltr'><strong>νως</strong></span> <span class='ocrx_word' id='word_1_493' title='bbox 392 3466 626 3534; x_wconf 79' lang='grc' dir='ltr'>ἁρπάζει</span> <span class='ocrx_word' id='word_1_494' title='bbox 649 3467 709 3520; x_wconf 78' lang='grc' dir='ltr'>τὸ</span> <span class='ocrx_word' id='word_1_495' title='bbox 736 3470 977 3541; x_wconf 82' lang='grc' dir='ltr'>αἰτηθὲν,</span> <span class='ocrx_word' id='word_1_496' title='bbox 1008 3472 1373 3543; x_wconf 82' lang='grc' dir='ltr'>Κορνηλιανόν</span> <span class='ocrx_word' id='word_1_497' title='bbox 1409 3493 1468 3528; x_wconf 85' lang='grc' dir='ltr'><strong>τε</strong></span> <span class='ocrx_word' id='word_1_498' title='bbox 1502 3478 1594 3530; x_wconf 76' lang='grc' dir='ltr'>τὸν</span> <span class='ocrx_word' id='word_1_499' title='bbox 1648 3478 1822 3550; x_wconf 75' lang='grc' dir='ltr'>ἔπαρ-</span> 
     </span>
    </p>
   </div>
   <div class='ocr_carea' id='block_1_67' title="bbox 251 3559 1819 3638">
    <p class='ocr_par' dir='ltr' id='par_1_67' title="bbox 251 3559 1819 3638">
     <span class='ocr_line' id='line_1_67' title="bbox 251 3559 1819 3638; baseline 0.01 -29"><span class='ocrx_word' id='word_1_500' title='bbox 251 3560 356 3626; x_wconf 57' lang='grc' dir='ltr'><strong>χον</strong></span> <span class='ocrx_word' id='word_1_501' title='bbox 377 3559 450 3620; x_wconf 87' lang='grc' dir='ltr'>ὡς</span> <span class='ocrx_word' id='word_1_502' title='bbox 491 3559 651 3629; x_wconf 82' lang='grc' dir='ltr'>τάχος</span> <span class='ocrx_word' id='word_1_503' title='bbox 683 3565 1196 3630; x_wconf 75' lang='grc' dir='ltr'>μετακαλεῖταικαὶ</span> <span class='ocrx_word' id='word_1_504' title='bbox 1219 3569 1455 3638; x_wconf 81' lang='grc' dir='ltr'>σπουδὴν</span> <span class='ocrx_word' id='word_1_505' title='bbox 1491 3572 1670 3623; x_wconf 72' lang='grc' dir='ltr'>πᾶσαν</span> <span class='ocrx_word' id='word_1_506' title='bbox 1699 3572 1819 3624; x_wconf 74' lang='grc' dir='ltr'><strong>εἰσ⁹</strong></span> 
     </span>
    </p>
   </div>
   <div class='ocr_carea' id='block_1_68' title="bbox 252 3654 1825 3733">
    <p class='ocr_par' dir='ltr' id='par_1_68' title="bbox 252 3654 1825 3733">
     <span class='ocr_line' id='line_1_68' title="bbox 252 3654 1825 3733; baseline 0.01 -32"><span class='ocrx_word' id='word_1_507' title='bbox 252 3654 496 3719; x_wconf 73' lang='grc' dir='ltr'>ενεγκεῖν</span> <span class='ocrx_word' id='word_1_508' title='bbox 529 3655 662 3722; x_wconf 66' lang='grc' dir='ltr'>πρὸς</span> <span class='ocrx_word' id='word_1_509' title='bbox 689 3655 756 3706; x_wconf 76' lang='grc' dir='ltr'><strong>τὰ</strong></span> <span class='ocrx_word' id='word_1_510' title='bbox 775 3655 1061 3723; x_wconf 85' lang='grc' dir='ltr'>αίτηθέντα</span> <span class='ocrx_word' id='word_1_511' title='bbox 1084 3657 1319 3722; x_wconf 84' lang='grc' dir='ltr'>κελεύει,</span> <span class='ocrx_word' id='word_1_512' title='bbox 1341 3659 1479 3713; x_wconf 82' lang='grc' dir='ltr'>ὥστε</span> <span class='ocrx_word' id='word_1_513' title='bbox 1514 3661 1588 3730; x_wconf 78' lang='grc' dir='ltr'>μὴ</span> <span class='ocrx_word' id='word_1_514' title='bbox 1616 3663 1825 3733; x_wconf 85' lang='grc' dir='ltr'>ἀμϐλῦ-</span> 
     </span>
    </p>
   </div>
   <div class='ocr_carea' id='block_1_69' title="bbox 251 3742 1824 3825">
    <p class='ocr_par' dir='ltr' id='par_1_69' title="bbox 251 3742 1824 3825">
     <span class='ocr_line' id='line_1_69' title="bbox 251 3742 1824 3825; baseline 0.008 -32"><span class='ocrx_word' id='word_1_515' title='bbox 251 3759 342 3794; x_wconf 89' lang='grc' dir='ltr'><strong>ναι</strong></span> <span class='ocrx_word' id='word_1_516' title='bbox 371 3742 468 3810; x_wconf 83' lang='grc' dir='ltr'>τὴν</span> <span class='ocrx_word' id='word_1_517' title='bbox 497 3744 656 3812; x_wconf 78' lang='grc' dir='ltr'>χάριν</span> <span class='ocrx_word' id='word_1_518' title='bbox 683 3744 792 3796; x_wconf 87' lang='grc' dir='ltr'><strong>τῶν</strong></span> <span class='ocrx_word' id='word_1_519' title='bbox 821 3745 1028 3816; x_wconf 89' lang='grc' dir='ltr'>ταχέως</span> <span class='ocrx_word' id='word_1_520' title='bbox 1077 3747 1485 3819; x_wconf 83' lang='grc' dir='ltr'>ὑποσχεθέντων</span> <span class='ocrx_word' id='word_1_521' title='bbox 1531 3751 1824 3825; x_wconf 81' lang='grc' dir='ltr'>βραδυτῆτι</span> 
     </span>
    </p>
   </div>
   <div class='ocr_carea' id='block_1_70' title="bbox 249 3833 1824 3914">
    <p class='ocr_par' dir='ltr' id='par_1_70' title="bbox 249 3833 1824 3914">
     <span class='ocr_line' id='line_1_70' title="bbox 249 3833 1824 3914; baseline 0.008 -28"><span class='ocrx_word' id='word_1_522' title='bbox 249 3833 548 3898; x_wconf 83' lang='grc' dir='ltr'>διακονίας.</span> <span class='ocrx_word' id='word_1_523' title='bbox 575 3834 728 3889; x_wconf 88' lang='grc' dir='ltr'>Οῦτω</span> <span class='ocrx_word' id='word_1_524' title='bbox 777 3838 935 3904; x_wconf 80' lang='grc' dir='ltr'>φύσει</span> <span class='ocrx_word' id='word_1_525' title='bbox 986 3839 1080 3891; x_wconf 80' lang='grc' dir='ltr'>καὶ</span> <span class='ocrx_word' id='word_1_526' title='bbox 1138 3843 1300 3895; x_wconf 85' lang='grc' dir='ltr'>πάθει</span> <span class='ocrx_word' id='word_1_527' title='bbox 1323 3846 1500 3914; x_wconf 71' lang='grc' dir='ltr'>ψυχῆς</span> <span class='ocrx_word' id='word_1_528' title='bbox 1532 3847 1579 3897; x_wconf 75' lang='lat' dir='ltr'><strong>oi</strong></span> <span class='ocrx_word' id='word_1_529' title='bbox 1611 3846 1824 3914; x_wconf 83' lang='grc' dir='ltr'>ἄνθρω-</span> 
     </span>
    </p>
   </div>
   <div class='ocr_carea' id='block_1_71' title="bbox 251 3926 1824 4005">
    <p class='ocr_par' dir='ltr' id='par_1_71' title="bbox 251 3926 1824 4005">
     <span class='ocr_line' id='line_1_71' title="bbox 251 3926 1824 4005; baseline 0.008 -30"><span class='ocrx_word' id='word_1_530' title='bbox 251 3941 344 3977; x_wconf 82' lang='grc' dir='ltr'><strong>ποι</strong></span> <span class='ocrx_word' id='word_1_531' title='bbox 375 3928 484 3988; x_wconf 87' lang='grc' dir='ltr'>τοῖς</span> <span class='ocrx_word' id='word_1_532' title='bbox 513 3926 728 3979; x_wconf 82' lang='grc' dir='ltr'>ὀκνοῦσι</span> <span class='ocrx_word' id='word_1_533' title='bbox 758 3928 855 3991; x_wconf 82' lang='grc' dir='ltr'>τὰς</span> <span class='ocrx_word' id='word_1_534' title='bbox 882 3929 1089 4000; x_wconf 81' lang='grc' dir='ltr'>δωρεὰς</span> <span class='ocrx_word' id='word_1_535' title='bbox 1128 3933 1326 4001; x_wconf 75' lang='grc' dir='ltr'>μᾶλλον</span> <span class='ocrx_word' id='word_1_536' title='bbox 1359 3934 1389 4004; x_wconf 84' lang='grc' dir='ltr'>ἢ</span> <span class='ocrx_word' id='word_1_537' title='bbox 1419 3936 1531 3998; x_wconf 82' lang='grc' dir='ltr'>τοῖς</span> <span class='ocrx_word' id='word_1_538' title='bbox 1576 3934 1709 4005; x_wconf 84' lang='grc' dir='ltr'>πρὸς</span> <span class='ocrx_word' id='word_1_539' title='bbox 1764 3935 1824 3988; x_wconf 83' lang='grc' dir='ltr'>τὸ</span> 
     </span>
    </p>
   </div>
   <div class='ocr_carea' id='block_1_72' title="bbox 250 4017 1824 4095">
    <p class='ocr_par' dir='ltr' id='par_1_72' title="bbox 250 4017 1824 4095">
     <span class='ocr_line' id='line_1_72' title="bbox 250 4017 1824 4095; baseline 0.008 -26"><span class='ocrx_word' id='word_1_540' title='bbox 250 4017 440 4071; x_wconf 83' lang='grc' dir='ltr'>λαϐεῖν</span> <span class='ocrx_word' id='word_1_541' title='bbox 468 4020 707 4088; x_wconf 83' lang='grc' dir='ltr'>ἑτοίμοις</span> <span class='ocrx_word' id='word_1_542' title='bbox 734 4021 970 4089; x_wconf 75' lang='grc' dir='ltr'>ἡδόμεθα</span> <span class='ocrx_word' id='word_1_543' title='bbox 1023 4024 1374 4094; x_wconf 76' lang='grc' dir='ltr'>χαριζόμενοι</span> <span class='ocrx_word' id='word_1_544' title='bbox 1401 4027 1528 4091; x_wconf 85' lang='grc' dir='ltr'>τοὺς</span> <span class='ocrx_word' id='word_1_545' title='bbox 1588 4027 1686 4095; x_wconf 76' lang='grc' dir='ltr'>μὲν</span> <span class='ocrx_word' id='word_1_546' title='bbox 1736 4027 1824 4082; x_wconf 82' lang='grc' dir='ltr'><strong>διὰ</strong></span> 
     </span>
    </p>
   </div>
   <div class='ocr_carea' id='block_1_73' title="bbox 248 4111 1821 4187">
    <p class='ocr_par' dir='ltr' id='par_1_73' title="bbox 248 4111 1821 4187">
     <span class='ocr_line' id='line_1_73' title="bbox 248 4111 1821 4187; baseline 0.008 -27"><span class='ocrx_word' id='word_1_547' title='bbox 248 4111 312 4162; x_wconf 79' lang='grc' dir='ltr'>τὸ</span> <span class='ocrx_word' id='word_1_548' title='bbox 343 4111 534 4180; x_wconf 77' lang='grc' dir='ltr'>ἥττους</span> <span class='ocrx_word' id='word_1_549' title='bbox 582 4112 808 4178; x_wconf 83' lang='grc' dir='ltr'>ὁρᾶσθαι</span> <span class='ocrx_word' id='word_1_550' title='bbox 837 4113 945 4164; x_wconf 88' lang='grc' dir='ltr'><strong>τῶν</strong></span> <span class='ocrx_word' id='word_1_551' title='bbox 998 4115 1289 4182; x_wconf 85' lang='grc' dir='ltr'>διδομένων</span> <span class='ocrx_word' id='word_1_552' title='bbox 1336 4118 1821 4187; x_wconf 79' lang='grc' dir='ltr'>περιφρονοῦντες,</span> 
     </span>
    </p>
   </div>
   <div class='ocr_carea' id='block_1_74' title="bbox 249 4203 1825 4280">
    <p class='ocr_par' dir='ltr' id='par_1_74' title="bbox 249 4203 1825 4280">
     <span class='ocr_line' id='line_1_74' title="bbox 249 4203 1825 4280; baseline 0.006 -26"><span class='ocrx_word' id='word_1_553' title='bbox 249 4203 361 4256; x_wconf 80' lang='grc' dir='ltr'><strong>τῶν</strong></span> <span class='ocrx_word' id='word_1_554' title='bbox 388 4203 444 4255; x_wconf 75' lang='grc' dir='ltr'>δὲ</span> <span class='ocrx_word' id='word_1_555' title='bbox 472 4203 532 4256; x_wconf 85' lang='grc' dir='ltr'>τὸ</span> <span class='ocrx_word' id='word_1_556' title='bbox 567 4203 772 4274; x_wconf 71' lang='grc' dir='ltr'>ὑψηλὸν</span> <span class='ocrx_word' id='word_1_557' title='bbox 798 4205 1190 4273; x_wconf 77' lang='grc' dir='ltr'>ἀσπαζόμενοι.</span> <span class='ocrx_word' id='word_1_558' title='bbox 1239 4207 1296 4260; x_wconf 86' lang='lat'><strong>&#39;0</strong></span> <span class='ocrx_word' id='word_1_559' title='bbox 1342 4207 1584 4279; x_wconf 79' lang='grc' dir='ltr'>ἔπαρχος</span> <span class='ocrx_word' id='word_1_560' title='bbox 1617 4212 1825 4280; x_wconf 85' lang='grc' dir='ltr'>μέντοι,</span> 
     </span>
    </p>
   </div>
   <div class='ocr_carea' id='block_1_75' title="bbox 252 4295 1826 4370">
    <p class='ocr_par' dir='ltr' id='par_1_75' title="bbox 252 4295 1826 4370">
     <span class='ocr_line' id='line_1_75' title="bbox 252 4295 1826 4370; baseline 0.007 -24"><span class='ocrx_word' id='word_1_561' title='bbox 252 4295 528 4366; x_wconf 75' lang='grc' dir='ltr'>μελλήσας</span> <span class='ocrx_word' id='word_1_562' title='bbox 560 4297 733 4360; x_wconf 74' lang='grc' dir='ltr'>οὐδὲν,</span> <span class='ocrx_word' id='word_1_563' title='bbox 763 4297 851 4349; x_wconf 79' lang='grc' dir='ltr'>τὸν</span> <span class='ocrx_word' id='word_1_564' title='bbox 871 4298 1226 4368; x_wconf 86' lang='grc' dir='ltr'>ἀρχιτέκτονα</span> <span class='ocrx_word' id='word_1_565' title='bbox 1253 4300 1390 4370; x_wconf 77' lang='grc' dir='ltr'>πρὸς</span> <span class='ocrx_word' id='word_1_566' title='bbox 1420 4303 1510 4354; x_wconf 87' lang='grc' dir='ltr'>τὸν</span> <span class='ocrx_word' id='word_1_567' title='bbox 1534 4303 1651 4357; x_wconf 79' lang='grc' dir='ltr'>κατ’</span> <span class='ocrx_word' id='word_1_568' title='bbox 1687 4305 1826 4357; x_wconf 81' lang='grc' dir='ltr'><strong>ἐκεί-</strong></span> 
     </span>
    </p>
   </div>
   <div class='ocr_carea' id='block_1_76' title="bbox 249 4388 1826 4468">
    <p class='ocr_par' dir='ltr' id='par_1_76' title="bbox 249 4388 1826 4468">
     <span class='ocr_line' id='line_1_76' title="bbox 249 4388 1826 4468; baseline 0.008 -28"><span class='ocrx_word' id='word_1_569' title='bbox 249 4405 310 4440; x_wconf 86' lang='grc' dir='ltr'><strong>νο</strong></span> <span class='ocrx_word' id='word_1_570' title='bbox 346 4388 537 4458; x_wconf 90' lang='grc' dir='ltr'>καιροῦ</span> <span class='ocrx_word' id='word_1_571' title='bbox 559 4388 795 4457; x_wconf 79' lang='grc' dir='ltr'>ἄρχοντα</span> <span class='ocrx_word' id='word_1_572' title='bbox 811 4391 1048 4461; x_wconf 79' lang='grc' dir='ltr'>Φρυγίας</span> <span class='ocrx_word' id='word_1_573' title='bbox 1067 4393 1364 4463; x_wconf 75' lang='grc' dir='ltr'>ἐκπέμπει,</span> <span class='ocrx_word' id='word_1_574' title='bbox 1387 4396 1472 4465; x_wconf 75' lang='grc' dir='ltr'><strong>ἐφ’</strong></span> <span class='ocrx_word' id='word_1_575' title='bbox 1494 4390 1538 4464; x_wconf 82' lang='grc' dir='ltr'>ᾧ</span> <span class='ocrx_word' id='word_1_576' title='bbox 1568 4399 1826 4468; x_wconf 80' lang='grc' dir='ltr'>χρήματα</span> 
     </span>
    </p>
   </div>
   <div class='ocr_carea' id='block_1_77' title="bbox 248 4478 1819 4552">
    <p class='ocr_par' dir='ltr' id='par_1_77' title="bbox 248 4478 1819 4552">
     <span class='ocr_line' id='line_1_77' title="bbox 248 4478 1819 4552; baseline 0.006 -21"><span class='ocrx_word' id='word_1_577' title='bbox 248 4479 435 4532; x_wconf 85' lang='grc' dir='ltr'>λαϐεῖν</span> <span class='ocrx_word' id='word_1_578' title='bbox 469 4478 600 4549; x_wconf 82' lang='grc' dir='ltr'>παρ’</span> <span class='ocrx_word' id='word_1_579' title='bbox 651 4478 816 4531; x_wconf 82' lang='grc' dir='ltr'>αὑτοῦ</span> <span class='ocrx_word' id='word_1_580' title='bbox 850 4478 1128 4552; x_wconf 80' lang='grc' dir='ltr'>πρὺς’τὴν</span> <span class='ocrx_word' id='word_1_581' title='bbox 1157 4483 1252 4535; x_wconf 84' lang='grc' dir='ltr'><strong>τοῦ</strong></span> <span class='ocrx_word' id='word_1_582' title='bbox 1290 4483 1574 4552; x_wconf 86' lang='grc' dir='ltr'>βαλανείου</span> <span class='ocrx_word' id='word_1_583' title='bbox 1613 4490 1819 4541; x_wconf 86' lang='grc' dir='ltr'>οίκοδο-</span> 
     </span>
    </p>
   </div>
   <div class='ocr_carea' id='block_1_78' title="bbox 253 4569 1818 4648">
    <p class='ocr_par' dir='ltr' id='par_1_78' title="bbox 253 4569 1818 4648">
     <span class='ocr_line' id='line_1_78' title="bbox 253 4569 1818 4648; baseline 0.006 -26"><span class='ocrx_word' id='word_1_584' title='bbox 253 4571 381 4639; x_wconf 79' lang='grc' dir='ltr'>μὴν,</span> <span class='ocrx_word' id='word_1_585' title='bbox 402 4571 524 4622; x_wconf 82' lang='grc' dir='ltr'>ὅσον</span> <span class='ocrx_word' id='word_1_586' title='bbox 545 4570 736 4633; x_wconf 86' lang='grc' dir='ltr'>δέοιτο,</span> <span class='ocrx_word' id='word_1_587' title='bbox 769 4572 859 4623; x_wconf 73' lang='grc' dir='ltr'>καὶ</span> <span class='ocrx_word' id='word_1_588' title='bbox 892 4569 1106 4640; x_wconf 81' lang='grc' dir='ltr'>μοδίους</span> <span class='ocrx_word' id='word_1_589' title='bbox 1152 4575 1263 4637; x_wconf 82' lang='grc' dir='ltr'>τοῖς</span> <span class='ocrx_word' id='word_1_590' title='bbox 1316 4576 1373 4627; x_wconf 82' lang='grc' dir='ltr'>ὲν</span> <span class='ocrx_word' id='word_1_591' title='bbox 1414 4579 1479 4647; x_wconf 81' lang='grc' dir='ltr'>τῇ</span> <span class='ocrx_word' id='word_1_592' title='bbox 1519 4578 1818 4648; x_wconf 87' lang='grc' dir='ltr'>Ἱεραπόλει</span> 
     </span>
    </p>
   </div>
   <div class='ocr_carea' id='block_1_79' title="bbox 250 4653 1818 4741">
    <p class='ocr_par' dir='ltr' id='par_1_79' title="bbox 250 4653 1818 4741">
     <span class='ocr_line' id='line_1_79' title="bbox 250 4653 1818 4741; baseline 0.006 -27"><span class='ocrx_word' id='word_1_593' title='bbox 250 4663 443 4729; x_wconf 84' lang='grc' dir='ltr'>πένησι</span> <span class='ocrx_word' id='word_1_594' title='bbox 493 4663 824 4733; x_wconf 80' lang='grc' dir='ltr'>τρισχιλίους</span> <span class='ocrx_word' id='word_1_595' title='bbox 851 4653 1136 4734; x_wconf 77' lang='grc' dir='ltr'>ἀπονέμει.</span> <span class='ocrx_word' id='word_1_596' title='bbox 1181 4667 1400 4739; x_wconf 70' lang='grc' dir='ltr'>Ἐπειδὴ</span> <span class='ocrx_word' id='word_1_597' title='bbox 1426 4668 1482 4721; x_wconf 82' lang='grc' dir='ltr'>δὲ</span> <span class='ocrx_word' id='word_1_598' title='bbox 1514 4673 1608 4723; x_wconf 66' lang='grc' dir='ltr'>καὶ</span> <span class='ocrx_word' id='word_1_599' title='bbox 1637 4673 1695 4724; x_wconf 85' lang='grc' dir='ltr'>τὸ</span> <span class='ocrx_word' id='word_1_600' title='bbox 1719 4671 1818 4741; x_wconf 79' lang='grc' dir='ltr'><strong>βα-</strong></span> 
     </span>
    </p>
   </div>
   <div class='ocr_carea' id='block_1_80' title="bbox 248 4755 1820 4829">
    <p class='ocr_par' dir='ltr' id='par_1_80' title="bbox 248 4755 1820 4829">
     <span class='ocr_line' id='line_1_80' title="bbox 248 4755 1820 4829; baseline 0.007 -24"><span class='ocrx_word' id='word_1_601' title='bbox 248 4755 457 4807; x_wconf 87' lang='grc' dir='ltr'>λανεῖον</span> <span class='ocrx_word' id='word_1_602' title='bbox 490 4756 936 4825; x_wconf 74' lang='grc' dir='ltr'>οίκοδομούμενον</span> <span class='ocrx_word' id='word_1_603' title='bbox 965 4758 1116 4819; x_wconf 86' lang='grc' dir='ltr'>τέλος</span> <span class='ocrx_word' id='word_1_604' title='bbox 1162 4755 1331 4829; x_wconf 83' lang='grc' dir='ltr'>εἶχεν,</span> <span class='ocrx_word' id='word_1_605' title='bbox 1375 4761 1476 4814; x_wconf 86' lang='grc' dir='ltr'>οὐκ</span> <span class='ocrx_word' id='word_1_606' title='bbox 1529 4761 1608 4814; x_wconf 75' lang='grc' dir='ltr'>ἔτι</span> <span class='ocrx_word' id='word_1_607' title='bbox 1636 4762 1696 4814; x_wconf 83' lang='grc' dir='ltr'>τὸ</span> <span class='ocrx_word' id='word_1_608' title='bbox 1726 4763 1820 4816; x_wconf 82' lang='grc' dir='ltr'><strong>ἀπ’</strong></span> 
     </span>
    </p>
   </div>
   <div class='ocr_carea' id='block_1_81' title="bbox 249 4849 1818 4925">
    <p class='ocr_par' dir='ltr' id='par_1_81' title="bbox 249 4849 1818 4925">
     <span class='ocr_line' id='line_1_81' title="bbox 249 4849 1818 4925; baseline 0.006 -25"><span class='ocrx_word' id='word_1_609' title='bbox 249 4849 457 4902; x_wconf 78' lang='grc' dir='ltr'>ἐκείνου</span> <span class='ocrx_word' id='word_1_610' title='bbox 480 4849 630 4914; x_wconf 73' lang='grc' dir='ltr'>παρα</span> <span class='ocrx_word' id='word_1_611' title='bbox 649 4851 890 4918; x_wconf 86' lang='grc' dir='ltr'>ποταμὸν</span> <span class='ocrx_word' id='word_1_612' title='bbox 917 4850 1246 4921; x_wconf 78' lang='grc' dir='ltr'>Ἀγρὸς,ἁλλ’</span> <span class='ocrx_word' id='word_1_613' title='bbox 1286 4853 1476 4924; x_wconf 81' lang='grc' dir='ltr'>Ἀγρὸς</span> <span class='ocrx_word' id='word_1_614' title='bbox 1503 4856 1721 4925; x_wconf 82' lang='grc' dir='ltr'>θερμῶν</span> <span class='ocrx_word' id='word_1_615' title='bbox 1742 4857 1818 4923; x_wconf 82' lang='grc' dir='ltr'>τῷ</span> 
     </span>
    </p>
   </div>
   <div class='ocr_carea' id='block_1_82' title="bbox 248 4941 1822 5016">
    <p class='ocr_par' dir='ltr' id='par_1_82' title="bbox 248 4941 1822 5016">
     <span class='ocr_line' id='line_1_82' title="bbox 248 4941 1822 5016; baseline 0.003 -20"><span class='ocrx_word' id='word_1_616' title='bbox 248 4946 401 5012; x_wconf 86' lang='grc' dir='ltr'>τόπῳ</span> <span class='ocrx_word' id='word_1_617' title='bbox 430 4942 492 4993; x_wconf 76' lang='grc' dir='ltr'>τὸ</span> <span class='ocrx_word' id='word_1_618' title='bbox 518 4941 689 5009; x_wconf 70' lang='grc' dir='ltr'>ὄνομα</span> <span class='ocrx_word' id='word_1_619' title='bbox 709 4957 722 4970; x_wconf 88' lang='grc'><strong>·</strong></span> <span class='ocrx_word' id='word_1_620' title='bbox 752 4943 845 4993; x_wconf 77' lang='grc' dir='ltr'>καὶ</span> <span class='ocrx_word' id='word_1_621' title='bbox 875 4944 933 4993; x_wconf 82' lang='grc' dir='ltr'>τὸ</span> <span class='ocrx_word' id='word_1_622' title='bbox 970 4945 1275 5015; x_wconf 85' lang='grc' dir='ltr'>σιτηρέσιον</span> <span class='ocrx_word' id='word_1_623' title='bbox 1298 4945 1352 4997; x_wconf 81' lang='grc' dir='ltr'>δὲ</span> <span class='ocrx_word' id='word_1_624' title='bbox 1381 4947 1620 5016; x_wconf 87' lang='grc' dir='ltr'>διέμεινε</span> <span class='ocrx_word' id='word_1_625' title='bbox 1661 4966 1822 5016; x_wconf 75' lang='grc' dir='ltr'>χορηο</span> 
     </span>
    </p>
   </div>
   <div class='ocr_carea' id='block_1_83' title="bbox 246 5035 1812 5108">
    <p class='ocr_par' dir='ltr' id='par_1_83' title="bbox 246 5035 1812 5108">
     <span class='ocr_line' id='line_1_83' title="bbox 246 5035 1812 5108; baseline 0.003 -19"><span class='ocrx_word' id='word_1_626' title='bbox 246 5038 512 5105; x_wconf 86' lang='grc' dir='ltr'>γούμενον</span> <span class='ocrx_word' id='word_1_627' title='bbox 567 5036 669 5098; x_wconf 75' lang='grc' dir='ltr'>ἕως</span> <span class='ocrx_word' id='word_1_628' title='bbox 693 5035 799 5088; x_wconf 83' lang='grc' dir='ltr'><strong>τῶν</strong></span> <span class='ocrx_word' id='word_1_629' title='bbox 841 5035 1123 5090; x_wconf 81' lang='grc' dir='ltr'>Ἰουλιανοῦ</span> <span class='ocrx_word' id='word_1_630' title='bbox 1142 5039 1347 5108; x_wconf 80' lang='grc' dir='ltr'>χρόνων</span> <span class='ocrx_word' id='word_1_631' title='bbox 1372 5040 1466 5092; x_wconf 80' lang='grc' dir='ltr'><strong>τοῦ</strong></span> <span class='ocrx_word' id='word_1_632' title='bbox 1490 5040 1812 5104; x_wconf 71' lang='grc' dir='ltr'>δυσσεϐοῦς.</span> 
     </span>
    </p>
   </div>
   <div class='ocr_carea' id='block_1_84' title="bbox 260 5129 1816 5200">
    <p class='ocr_par' dir='ltr' id='par_1_84' title="bbox 260 5129 1816 5200">
     <span class='ocr_line' id='line_1_84' title="bbox 260 5129 1816 5200; baseline 0.002 -19"><span class='ocrx_word' id='word_1_633' title='bbox 260 5129 498 5191; x_wconf 80' lang='grc' dir='ltr'>Ἐκεῖνος</span> <span class='ocrx_word' id='word_1_634' title='bbox 545 5130 622 5193; x_wconf 85' lang='grc' dir='ltr'>δὲ,</span> <span class='ocrx_word' id='word_1_635' title='bbox 655 5130 904 5199; x_wconf 84' lang='grc' dir='ltr'>καθάπερ</span> <span class='ocrx_word' id='word_1_636' title='bbox 961 5131 1068 5182; x_wconf 90' lang='grc' dir='ltr'><strong>τῶν</strong></span> <span class='ocrx_word' id='word_1_637' title='bbox 1115 5132 1288 5186; x_wconf 78' lang='grc' dir='ltr'>ἄλλων</span> <span class='ocrx_word' id='word_1_638' title='bbox 1319 5133 1540 5199; x_wconf 84' lang='grc' dir='ltr'>ἀγαθῶν</span> <span class='ocrx_word' id='word_1_639' title='bbox 1580 5135 1816 5200; x_wconf 81' lang='grc' dir='ltr'>πάντων,</span> 
     </span>
    </p>
   </div>
   <div class='ocr_carea' id='block_1_85' title="bbox 246 5222 1819 5296">
    <p class='ocr_par' dir='ltr' id='par_1_85' title="bbox 246 5222 1819 5296">
     <span class='ocr_line' id='line_1_85' title="bbox 246 5222 1819 5296; baseline 0.003 -22"><span class='ocrx_word' id='word_1_640' title='bbox 246 5222 487 5293; x_wconf 81' lang='grc' dir='ltr'>οὓτω-δὴ</span> <span class='ocrx_word' id='word_1_641' title='bbox 527 5223 617 5274; x_wconf 73' lang='grc' dir='ltr'><strong>καὶ</strong></span> <span class='ocrx_word' id='word_1_642' title='bbox 659 5223 848 5274; x_wconf 77' lang='grc' dir='ltr'>τούτου</span> <span class='ocrx_word' id='word_1_643' title='bbox 895 5222 1167 5292; x_wconf 73' lang='grc' dir='ltr'>φθονήσας</span> <span class='ocrx_word' id='word_1_644' title='bbox 1216 5225 1578 5292; x_wconf 76' lang='grc' dir='ltr'>Χριστιανοῖς,</span> <span class='ocrx_word' id='word_1_645' title='bbox 1603 5225 1697 5294; x_wconf 83' lang='grc' dir='ltr'>τὴν</span> <span class='ocrx_word' id='word_1_646' title='bbox 1729 5244 1819 5296; x_wconf 84' lang='grc' dir='ltr'>χο-</span> 
     </span>
    </p>
   </div>
   <div class='ocr_carea' id='block_1_86' title="bbox 249 5313 876 5384">
    <p class='ocr_par' dir='ltr' id='par_1_86' title="bbox 249 5313 876 5384">
     <span class='ocr_line' id='line_1_86' title="bbox 249 5313 876 5384; baseline 0 -20"><span class='ocrx_word' id='word_1_647' title='bbox 249 5316 447 5384; x_wconf 81' lang='grc' dir='ltr'>ρηγίαν</span> <span class='ocrx_word' id='word_1_648' title='bbox 474 5313 632 5375; x_wconf 67' lang='grc' dir='ltr'>εὐθὺς</span> <span class='ocrx_word' id='word_1_649' title='bbox 667 5315 876 5383; x_wconf 78' lang='grc' dir='ltr'>ἵστησιν</span> 
     </span>
    </p>
   </div>
   <div class='ocr_carea' id='block_1_87' title="bbox 319 5581 1815 5652">
    <p class='ocr_par' dir='ltr' id='par_1_87' title="bbox 319 5581 1815 5652">
     <span class='ocr_line' id='line_1_87' title="bbox 319 5581 1815 5652; baseline 0.003 -15"><span class='ocrx_word' id='word_1_650' title='bbox 319 5585 451 5637; x_wconf 79' lang='lat' dir='ltr'><strong>KE&#39;.</strong></span> <span class='ocrx_word' id='word_1_651' title='bbox 487 5584 547 5634; x_wconf 90' lang='lat'><strong>&#39;0</strong></span> <span class='ocrx_word' id='word_1_652' title='bbox 581 5581 722 5644; x_wconf 83' lang='grc' dir='ltr'>θεῖος</span> <span class='ocrx_word' id='word_1_653' title='bbox 775 5583 1065 5650; x_wconf 85' lang='grc' dir='ltr'>τοιγαροῦν</span> <span class='ocrx_word' id='word_1_654' title='bbox 1107 5581 1411 5652; x_wconf 85' lang='grc' dir='ltr'>Ἀϐέρκιος,</span> <span class='ocrx_word' id='word_1_655' title='bbox 1439 5586 1505 5637; x_wconf 78' lang='grc' dir='ltr'><strong>ἵν’</strong></span> <span class='ocrx_word' id='word_1_656' title='bbox 1539 5588 1623 5639; x_wconf 81' lang='grc' dir='ltr'><strong>ἐπ’</strong></span> <span class='ocrx_word' id='word_1_657' title='bbox 1653 5589 1815 5644; x_wconf 72' lang='grc' dir='ltr'>αὐτὸν</span> 
     </span>
    </p>
   </div>
   <div class='ocr_carea' id='block_1_88' title="bbox 249 5670 1814 5748">
    <p class='ocr_par' dir='ltr' id='par_1_88' title="bbox 249 5670 1814 5748">
     <span class='ocr_line' id='line_1_88' title="bbox 249 5670 1814 5748; baseline 0.001 -21"><span class='ocrx_word' id='word_1_658' title='bbox 249 5675 581 5742; x_wconf 71' lang='grc' dir='ltr'>ὶπανίωμεν,</span> <span class='ocrx_word' id='word_1_659' title='bbox 609 5670 901 5738; x_wconf 78' lang='grc' dir='ltr'>Ῥωμαίοις</span> <span class='ocrx_word' id='word_1_660' title='bbox 933 5673 1122 5741; x_wconf 85' lang='grc' dir='ltr'>χρόνον</span> <span class='ocrx_word' id='word_1_661' title='bbox 1163 5673 1345 5726; x_wconf 79' lang='grc' dir='ltr'>ἱκανὸν</span> <span class='ocrx_word' id='word_1_662' title='bbox 1397 5679 1814 5748; x_wconf 77' lang='grc' dir='ltr'>συγγενόμενος,</span> 
     </span>
    </p>
   </div>
   <div class='ocr_carea' id='block_1_89' title="bbox 248 5765 1814 5838">
    <p class='ocr_par' dir='ltr' id='par_1_89' title="bbox 248 5765 1814 5838">
     <span class='ocr_line' id='line_1_89' title="bbox 248 5765 1814 5838; baseline 0.004 -20"><span class='ocrx_word' id='word_1_663' title='bbox 248 5767 343 5819; x_wconf 77' lang='grc' dir='ltr'>καὶ</span> <span class='ocrx_word' id='word_1_664' title='bbox 374 5767 464 5819; x_wconf 81' lang='grc' dir='ltr'>τὸν</span> <span class='ocrx_word' id='word_1_665' title='bbox 490 5765 800 5832; x_wconf 75' lang='grc' dir='ltr'>ὑγιαίνοντα</span> <span class='ocrx_word' id='word_1_666' title='bbox 828 5765 928 5833; x_wconf 78' lang='grc' dir='ltr'>τῆς</span> <span class='ocrx_word' id='word_1_667' title='bbox 996 5767 1232 5829; x_wconf 81' lang='grc' dir='ltr'>πίστεως</span> <span class='ocrx_word' id='word_1_668' title='bbox 1276 5767 1432 5837; x_wconf 81' lang='grc' dir='ltr'>λόγον</span> <span class='ocrx_word' id='word_1_669' title='bbox 1475 5771 1814 5838; x_wconf 76' lang='grc' dir='ltr'>Χριστιανῶν</span> 
     </span>
    </p>
   </div>
   <div class='ocr_carea' id='block_1_90' title="bbox 252 5859 1814 5933">
    <p class='ocr_par' dir='ltr' id='par_1_90' title="bbox 252 5859 1814 5933">
     <span class='ocr_line' id='line_1_90' title="bbox 252 5859 1814 5933; baseline 0.008 -23"><span class='ocrx_word' id='word_1_670' title='bbox 252 5859 523 5929; x_wconf 66' lang='grc' dir='ltr'>παραδοὺς</span> <span class='ocrx_word' id='word_1_671' title='bbox 545 5859 877 5930; x_wconf 76' lang='grc' dir='ltr'>ἐκκλησίαις,</span> <span class='ocrx_word' id='word_1_672' title='bbox 897 5861 1026 5931; x_wconf 67' lang='grc' dir='ltr'>ὄναρ</span> <span class='ocrx_word' id='word_1_673' title='bbox 1045 5862 1170 5915; x_wconf 76' lang='grc' dir='ltr'>ποτὶ</span> <span class='ocrx_word' id='word_1_674' title='bbox 1193 5862 1280 5916; x_wconf 81' lang='grc' dir='ltr'>τὸν</span> <span class='ocrx_word' id='word_1_675' title='bbox 1300 5863 1500 5933; x_wconf 75' lang='grc' dir='ltr'>Κύριον</span> <span class='ocrx_word' id='word_1_676' title='bbox 1520 5866 1814 5924; x_wconf 70' lang='grc' dir='ltr'>ἐπιστάντα</span> 
     </span>
    </p>
   </div>
   <div class='ocr_carea' id='block_1_91' title="bbox 1926 3280 2586 3337">
    <p class='ocr_par' dir='ltr' id='par_1_91' title="bbox 1926 3280 2586 3337">
     <span class='ocr_line' id='line_1_91' title="bbox 1926 3280 2586 3337; baseline -0.005 0"><span class='ocrx_word' id='word_1_677' title='bbox 1926 3284 2072 3337; x_wconf 89' lang='lat' dir='ltr'><strong>mille</strong></span> <span class='ocrx_word' id='word_1_678' title='bbox 2103 3282 2265 3337; x_wconf 90' lang='lat' dir='ltr'><strong>modii</strong></span> <span class='ocrx_word' id='word_1_679' title='bbox 2305 3280 2586 3336; x_wconf 85' lang='lat' dir='ltr'><strong>frumenti.</strong></span> 
     </span>
    </p>
   </div>
   <div class='ocr_carea' id='block_1_92' title="bbox 1994 3373 3513 3446">
    <p class='ocr_par' dir='ltr' id='par_1_92' title="bbox 1994 3373 3513 3446">
     <span class='ocr_line' id='line_1_92' title="bbox 1994 3373 3513 3446; baseline -0.001 -20"><span class='ocrx_word' id='word_1_680' title='bbox 1994 3375 2183 3429; x_wconf 78' lang='lat' dir='ltr'><strong>XXIV.</strong></span> <span class='ocrx_word' id='word_1_681' title='bbox 2227 3375 2347 3430; x_wconf 69' lang='lat' dir='ltr'><strong>Haec</strong></span> <span class='ocrx_word' id='word_1_682' title='bbox 2390 3375 2550 3430; x_wconf 87' lang='lat' dir='ltr'><strong>simul</strong></span> <span class='ocrx_word' id='word_1_683' title='bbox 2597 3386 2760 3446; x_wconf 88' lang='lat' dir='ltr'><strong>atque</strong></span> <span class='ocrx_word' id='word_1_684' title='bbox 2811 3375 3018 3429; x_wconf 87' lang='lat' dir='ltr'><strong>audivit</strong></span> <span class='ocrx_word' id='word_1_685' title='bbox 3066 3374 3408 3444; x_wconf 84' lang='lat' dir='ltr'><strong>imperatrix,</strong></span> <span class='ocrx_word' id='word_1_686' title='bbox 3447 3373 3513 3425; x_wconf 82' lang='lat' dir='ltr'><strong>li-</strong></span> 
     </span>
    </p>
   </div>
   <div class='ocr_carea' id='block_1_93' title="bbox 1923 3466 3504 3535">
    <p class='ocr_par' dir='ltr' id='par_1_93' title="bbox 1923 3466 3504 3535">
     <span class='ocr_line' id='line_1_93' title="bbox 1923 3466 3504 3535; baseline 0 -15"><span class='ocrx_word' id='word_1_687' title='bbox 1923 3467 2113 3520; x_wconf 87' lang='lat' dir='ltr'><strong>bcnter</strong></span> <span class='ocrx_word' id='word_1_688' title='bbox 2155 3466 2426 3528; x_wconf 88' lang='lat' dir='ltr'><strong>concedit,</strong></span> <span class='ocrx_word' id='word_1_689' title='bbox 2471 3468 2614 3533; x_wconf 91' lang='lat' dir='ltr'><strong>quod</strong></span> <span class='ocrx_word' id='word_1_690' title='bbox 2665 3467 2842 3520; x_wconf 89' lang='lat' dir='ltr'><strong>fuerat</strong></span> <span class='ocrx_word' id='word_1_691' title='bbox 2880 3467 3107 3535; x_wconf 88' lang='lat' dir='ltr'><strong>petitum</strong></span> <span class='ocrx_word' id='word_1_692' title='bbox 3147 3486 3158 3521; x_wconf 90' lang='lat'><strong>:</strong></span> <span class='ocrx_word' id='word_1_693' title='bbox 3199 3477 3250 3520; x_wconf 90' lang='lat' dir='ltr'><strong>et</strong></span> <span class='ocrx_word' id='word_1_694' title='bbox 3297 3466 3504 3520; x_wconf 77' lang='lat' dir='ltr'><strong>Corne-</strong></span> 
     </span>
    </p>
   </div>
   <div class='ocr_carea' id='block_1_94' title="bbox 1925 3555 3506 3626">
    <p class='ocr_par' dir='ltr' id='par_1_94' title="bbox 1925 3555 3506 3626">
     <span class='ocr_line' id='line_1_94' title="bbox 1925 3555 3506 3626; baseline -0.002 -15"><span class='ocrx_word' id='word_1_695' title='bbox 1925 3558 2127 3612; x_wconf 91' lang='lat' dir='ltr'><strong>lianum</strong></span> <span class='ocrx_word' id='word_1_696' title='bbox 2172 3556 2428 3626; x_wconf 77' lang='lat' dir='ltr'><strong>praetorio</strong></span> <span class='ocrx_word' id='word_1_697' title='bbox 2460 3555 2775 3626; x_wconf 68' lang='lat' dir='ltr'><strong>praefectum</strong></span> <span class='ocrx_word' id='word_1_698' title='bbox 2815 3559 3213 3625; x_wconf 88' lang='lat' dir='ltr'><strong>quamprimum</strong></span> <span class='ocrx_word' id='word_1_699' title='bbox 3255 3556 3506 3619; x_wconf 86' lang='lat' dir='ltr'><strong>accersit,</strong></span> 
     </span>
    </p>
   </div>
   <div class='ocr_carea' id='block_1_95' title="bbox 1925 3646 3508 3716">
    <p class='ocr_par' dir='ltr' id='par_1_95' title="bbox 1925 3646 3508 3716">
     <span class='ocr_line' id='line_1_95' title="bbox 1925 3646 3508 3716; baseline -0.002 -13"><span class='ocrx_word' id='word_1_700' title='bbox 1925 3659 1976 3703; x_wconf 91' lang='lat' dir='ltr'><strong>et</strong></span> <span class='ocrx_word' id='word_1_701' title='bbox 2011 3648 2167 3716; x_wconf 86' lang='lat' dir='ltr'><strong>jubet</strong></span> <span class='ocrx_word' id='word_1_702' title='bbox 2218 3649 2284 3701; x_wconf 87' lang='lat' dir='ltr'><strong>ad</strong></span> <span class='ocrx_word' id='word_1_703' title='bbox 2331 3662 2391 3699; x_wconf 87' lang='lat' dir='ltr'><strong>ea</strong></span> <span class='ocrx_word' id='word_1_704' title='bbox 2427 3648 2751 3715; x_wconf 69' lang='lat' dir='ltr'><strong>prtestanda,</strong></span> <span class='ocrx_word' id='word_1_705' title='bbox 2778 3663 2896 3715; x_wconf 71' lang='lat' dir='ltr'><strong>quae</strong></span> <span class='ocrx_word' id='word_1_706' title='bbox 2945 3655 3072 3702; x_wconf 90' lang='lat' dir='ltr'><strong>sunt</strong></span> <span class='ocrx_word' id='word_1_707' title='bbox 3115 3646 3300 3716; x_wconf 86' lang='lat' dir='ltr'><strong>petita,</strong></span> <span class='ocrx_word' id='word_1_708' title='bbox 3346 3662 3508 3700; x_wconf 91' lang='lat' dir='ltr'><strong>omne</strong></span> 
     </span>
    </p>
   </div>
   <div class='ocr_carea' id='block_1_96' title="bbox 1926 3737 3507 3806">
    <p class='ocr_par' dir='ltr' id='par_1_96' title="bbox 1926 3737 3507 3806">
     <span class='ocr_line' id='line_1_96' title="bbox 1926 3737 3507 3806; baseline 0 -14"><span class='ocrx_word' id='word_1_709' title='bbox 1926 3738 2189 3793; x_wconf 88' lang='lat' dir='ltr'><strong>adhibere</strong></span> <span class='ocrx_word' id='word_1_710' title='bbox 2246 3737 2505 3804; x_wconf 88' lang='lat' dir='ltr'><strong>studium,</strong></span> <span class='ocrx_word' id='word_1_711' title='bbox 2564 3752 2632 3791; x_wconf 90' lang='lat' dir='ltr'><strong>ne</strong></span> <span class='ocrx_word' id='word_1_712' title='bbox 2684 3737 2793 3791; x_wconf 92' lang='lat' dir='ltr'><strong>cito</strong></span> <span class='ocrx_word' id='word_1_713' title='bbox 2847 3738 3236 3806; x_wconf 87' lang='lat' dir='ltr'><strong>promissorum</strong></span> <span class='ocrx_word' id='word_1_714' title='bbox 3283 3738 3507 3806; x_wconf 81' lang='lat' dir='ltr'><strong>gratiam</strong></span> 
     </span>
    </p>
   </div>
   <div class='ocr_carea' id='block_1_97' title="bbox 1926 3829 3508 3885">
    <p class='ocr_par' dir='ltr' id='par_1_97' title="bbox 1926 3829 3508 3885">
     <span class='ocr_line' id='line_1_97' title="bbox 1926 3829 3508 3885; baseline 0.001 -2"><span class='ocrx_word' id='word_1_715' title='bbox 1926 3831 2143 3885; x_wconf 83' lang='lat' dir='ltr'><strong>hebetet</strong></span> <span class='ocrx_word' id='word_1_716' title='bbox 2193 3841 2247 3883; x_wconf 93' lang='lat' dir='ltr'><strong>et</strong></span> <span class='ocrx_word' id='word_1_717' title='bbox 2299 3831 2551 3884; x_wconf 89' lang='lat' dir='ltr'><strong>obscuret</strong></span> <span class='ocrx_word' id='word_1_718' title='bbox 2608 3832 2834 3885; x_wconf 92' lang='lat' dir='ltr'><strong>tarditas</strong></span> <span class='ocrx_word' id='word_1_719' title='bbox 2891 3830 3196 3884; x_wconf 87' lang='lat' dir='ltr'><strong>ministerii.</strong></span> <span class='ocrx_word' id='word_1_720' title='bbox 3253 3829 3382 3883; x_wconf 88' lang='lat' dir='ltr'><strong>Tale</strong></span> <span class='ocrx_word' id='word_1_721' title='bbox 3424 3840 3508 3884; x_wconf 88' lang='lat' dir='ltr'><strong>est</strong></span> 
     </span>
    </p>
   </div>
   <div class='ocr_carea' id='block_1_98' title="bbox 1927 3921 3508 3992">
    <p class='ocr_par' dir='ltr' id='par_1_98' title="bbox 1927 3921 3508 3992">
     <span class='ocr_line' id='line_1_98' title="bbox 1927 3921 3508 3992; baseline -0.002 -15"><span class='ocrx_word' id='word_1_722' title='bbox 1927 3921 2206 3977; x_wconf 87' lang='lat' dir='ltr'><strong>hominum</strong></span> <span class='ocrx_word' id='word_1_723' title='bbox 2241 3922 2536 3992; x_wconf 81' lang='lat' dir='ltr'><strong>ingenium,</strong></span> <span class='ocrx_word' id='word_1_724' title='bbox 2590 3931 2645 3975; x_wconf 90' lang='lat' dir='ltr'><strong>et</strong></span> <span class='ocrx_word' id='word_1_725' title='bbox 2692 3923 2764 3974; x_wconf 90' lang='lat' dir='ltr'><strong>ita</strong></span> <span class='ocrx_word' id='word_1_726' title='bbox 2805 3933 2932 3975; x_wconf 92' lang='lat' dir='ltr'><strong>sunt</strong></span> <span class='ocrx_word' id='word_1_727' title='bbox 2974 3924 3175 3976; x_wconf 77' lang='lat' dir='ltr'><strong>affecti.</strong></span> <span class='ocrx_word' id='word_1_728' title='bbox 3213 3924 3282 3975; x_wconf 88' lang='lat' dir='ltr'><strong>Iis</strong></span> <span class='ocrx_word' id='word_1_729' title='bbox 3332 3924 3508 3976; x_wconf 78' lang='lat' dir='ltr'><strong>liben—</strong></span> 
     </span>
    </p>
   </div>
   <div class='ocr_carea' id='block_1_99' title="bbox 1930 4013 3504 4086">
    <p class='ocr_par' dir='ltr' id='par_1_99' title="bbox 1930 4013 3504 4086">
     <span class='ocr_line' id='line_1_99' title="bbox 1930 4013 3504 4086; baseline -0.002 -15"><span class='ocrx_word' id='word_1_730' title='bbox 1930 4018 2036 4072; x_wconf 90' lang='lat' dir='ltr'><strong>tius</strong></span> <span class='ocrx_word' id='word_1_731' title='bbox 2069 4015 2453 4086; x_wconf 83' lang='lat' dir='ltr'><strong>gratificamur,</strong></span> <span class='ocrx_word' id='word_1_732' title='bbox 2479 4019 2569 4084; x_wconf 90' lang='lat' dir='ltr'><strong>qui</strong></span> <span class='ocrx_word' id='word_1_733' title='bbox 2600 4014 2740 4069; x_wconf 90' lang='lat' dir='ltr'><strong>dona</strong></span> <span class='ocrx_word' id='word_1_734' title='bbox 2769 4013 3018 4068; x_wconf 90' lang='lat' dir='ltr'><strong>dubitant</strong></span> <span class='ocrx_word' id='word_1_735' title='bbox 3043 4015 3312 4082; x_wconf 89' lang='lat' dir='ltr'><strong>accipere,</strong></span> <span class='ocrx_word' id='word_1_736' title='bbox 3342 4031 3504 4083; x_wconf 88' lang='lat' dir='ltr'><strong>quam</strong></span> 
     </span>
    </p>
   </div>
   <div class='ocr_carea' id='block_1_100' title="bbox 1926 4108 3507 4179">
    <p class='ocr_par' dir='ltr' id='par_1_100' title="bbox 1926 4108 3507 4179">
     <span class='ocr_line' id='line_1_100' title="bbox 1926 4108 3507 4179; baseline 0.001 -19"><span class='ocrx_word' id='word_1_737' title='bbox 1926 4109 2016 4170; x_wconf 89' lang='lat' dir='ltr'><strong>iis,</strong></span> <span class='ocrx_word' id='word_1_738' title='bbox 2043 4109 2133 4176; x_wconf 91' lang='lat' dir='ltr'><strong>qui</strong></span> <span class='ocrx_word' id='word_1_739' title='bbox 2166 4119 2296 4163; x_wconf 89' lang='lat' dir='ltr'><strong>sunt</strong></span> <span class='ocrx_word' id='word_1_740' title='bbox 2324 4108 2560 4179; x_wconf 90' lang='lat' dir='ltr'><strong>prompti</strong></span> <span class='ocrx_word' id='word_1_741' title='bbox 2595 4109 2660 4162; x_wconf 89' lang='lat' dir='ltr'><strong>ad</strong></span> <span class='ocrx_word' id='word_1_742' title='bbox 2694 4108 3068 4176; x_wconf 89' lang='lat' dir='ltr'><strong>accipiendum</strong></span> <span class='ocrx_word' id='word_1_743' title='bbox 3108 4125 3120 4160; x_wconf 92' lang='lat'><strong>:</strong></span> <span class='ocrx_word' id='word_1_744' title='bbox 3156 4108 3254 4161; x_wconf 89' lang='lat' dir='ltr'><strong>hos</strong></span> <span class='ocrx_word' id='word_1_745' title='bbox 3288 4109 3507 4176; x_wconf 88' lang='lat' dir='ltr'><strong>quidem</strong></span> 
     </span>
    </p>
   </div>
   <div class='ocr_carea' id='block_1_101' title="bbox 1925 4200 3502 4271">
    <p class='ocr_par' dir='ltr' id='par_1_101' title="bbox 1925 4200 3502 4271">
     <span class='ocr_line' id='line_1_101' title="bbox 1925 4200 3502 4271; baseline -0.002 -16"><span class='ocrx_word' id='word_1_746' title='bbox 1925 4201 2308 4271; x_wconf 89' lang='lat' dir='ltr'><strong>despicientes,</strong></span> <span class='ocrx_word' id='word_1_747' title='bbox 2362 4202 2506 4269; x_wconf 78' lang='lat' dir='ltr'><strong>quod</strong></span> <span class='ocrx_word' id='word_1_748' title='bbox 2552 4201 2841 4253; x_wconf 86' lang='lat' dir='ltr'><strong>videantur</strong></span> <span class='ocrx_word' id='word_1_749' title='bbox 2878 4200 3004 4252; x_wconf 87' lang='lat' dir='ltr'><strong>victi</strong></span> <span class='ocrx_word' id='word_1_750' title='bbox 3059 4217 3086 4251; x_wconf 89' lang='lat' dir='ltr'><strong>a</strong></span> <span class='ocrx_word' id='word_1_751' title='bbox 3135 4201 3450 4253; x_wconf 88' lang='lat' dir='ltr'><strong>muneribus</strong></span> <span class='ocrx_word' id='word_1_752' title='bbox 3488 4217 3502 4252; x_wconf 90' lang='lat'><strong>:</strong></span> 
     </span>
    </p>
   </div>
   <div class='ocr_carea' id='block_1_102' title="bbox 1929 4291 3502 4362">
    <p class='ocr_par' dir='ltr' id='par_1_102' title="bbox 1929 4291 3502 4362">
     <span class='ocr_line' id='line_1_102' title="bbox 1929 4291 3502 4362; baseline -0.003 -13"><span class='ocrx_word' id='word_1_753' title='bbox 1929 4295 2145 4349; x_wconf 89' lang='lat' dir='ltr'><strong>illorum</strong></span> <span class='ocrx_word' id='word_1_754' title='bbox 2199 4303 2380 4348; x_wconf 88' lang='lat' dir='ltr'><strong>autem</strong></span> <span class='ocrx_word' id='word_1_755' title='bbox 2421 4293 2812 4362; x_wconf 89' lang='lat' dir='ltr'><strong>amplectentes</strong></span> <span class='ocrx_word' id='word_1_756' title='bbox 2853 4291 3017 4344; x_wconf 91' lang='lat' dir='ltr'><strong>animi</strong></span> <span class='ocrx_word' id='word_1_757' title='bbox 3051 4292 3502 4361; x_wconf 86' lang='lat' dir='ltr'><strong>magnitudinem.</strong></span> 
     </span>
    </p>
   </div>
   <div class='ocr_carea' id='block_1_103' title="bbox 1928 4383 3506 4455">
    <p class='ocr_par' dir='ltr' id='par_1_103' title="bbox 1928 4383 3506 4455">
     <span class='ocr_line' id='line_1_103' title="bbox 1928 4383 3506 4455; baseline -0.003 -13"><span class='ocrx_word' id='word_1_758' title='bbox 1928 4386 2222 4442; x_wconf 67' lang='lat' dir='ltr'><strong>Praefectus</strong></span> <span class='ocrx_word' id='word_1_759' title='bbox 2275 4395 2456 4440; x_wconf 86' lang='lat' dir='ltr'><strong>autem</strong></span> <span class='ocrx_word' id='word_1_760' title='bbox 2490 4385 2725 4455; x_wconf 60' lang='lat' dir='ltr'><strong>praetorii</strong></span> <span class='ocrx_word' id='word_1_761' title='bbox 2767 4384 2901 4439; x_wconf 91' lang='lat' dir='ltr'><strong>nihil</strong></span> <span class='ocrx_word' id='word_1_762' title='bbox 2951 4395 3264 4447; x_wconf 88' lang='lat' dir='ltr'><strong>cunctatus,</strong></span> <span class='ocrx_word' id='word_1_763' title='bbox 3307 4383 3506 4438; x_wconf 86' lang='lat' dir='ltr'><strong>emittit</strong></span> 
     </span>
    </p>
   </div>
   <div class='ocr_carea' id='block_1_104' title="bbox 1927 4475 3500 4546">
    <p class='ocr_par' dir='ltr' id='par_1_104' title="bbox 1927 4475 3500 4546">
     <span class='ocr_line' id='line_1_104' title="bbox 1927 4475 3500 4546; baseline -0.003 -14"><span class='ocrx_word' id='word_1_764' title='bbox 1927 4478 2280 4532; x_wconf 89' lang='lat' dir='ltr'><strong>architectum</strong></span> <span class='ocrx_word' id='word_1_765' title='bbox 2329 4477 2394 4529; x_wconf 91' lang='lat' dir='ltr'><strong>ad</strong></span> <span class='ocrx_word' id='word_1_766' title='bbox 2444 4477 2726 4545; x_wconf 62' lang='lat' dir='ltr'><strong>praesidem</strong></span> <span class='ocrx_word' id='word_1_767' title='bbox 2772 4476 3053 4546; x_wconf 74' lang='lat' dir='ltr'><strong>Phrygiae,</strong></span> <span class='ocrx_word' id='word_1_768' title='bbox 3106 4476 3198 4544; x_wconf 92' lang='lat' dir='ltr'><strong>qui</strong></span> <span class='ocrx_word' id='word_1_769' title='bbox 3243 4485 3357 4528; x_wconf 87' lang='lat' dir='ltr'><strong>erat</strong></span> <span class='ocrx_word' id='word_1_770' title='bbox 3410 4475 3500 4528; x_wconf 93' lang='lat' dir='ltr'><strong>illo</strong></span> 
     </span>
    </p>
   </div>
   <div class='ocr_carea' id='block_1_105' title="bbox 1929 4568 3502 4637">
    <p class='ocr_par' dir='ltr' id='par_1_105' title="bbox 1929 4568 3502 4637">
     <span class='ocr_line' id='line_1_105' title="bbox 1929 4568 3502 4637; baseline -0.002 -12"><span class='ocrx_word' id='word_1_771' title='bbox 1929 4581 2191 4637; x_wconf 88' lang='lat' dir='ltr'><strong>tempore,</strong></span> <span class='ocrx_word' id='word_1_772' title='bbox 2222 4577 2278 4622; x_wconf 88' lang='lat' dir='ltr'><strong>ut</strong></span> <span class='ocrx_word' id='word_1_773' title='bbox 2302 4569 2563 4637; x_wconf 83' lang='lat' dir='ltr'><strong>pecunias</strong></span> <span class='ocrx_word' id='word_1_774' title='bbox 2602 4570 2670 4623; x_wconf 89' lang='lat' dir='ltr'><strong>ab</strong></span> <span class='ocrx_word' id='word_1_775' title='bbox 2710 4582 2775 4622; x_wconf 88' lang='lat' dir='ltr'><strong>eo</strong></span> <span class='ocrx_word' id='word_1_776' title='bbox 2802 4568 3092 4637; x_wconf 89' lang='lat' dir='ltr'><strong>acciperet,</strong></span> <span class='ocrx_word' id='word_1_777' title='bbox 3127 4568 3342 4635; x_wconf 87' lang='lat' dir='ltr'><strong>quantis</strong></span> <span class='ocrx_word' id='word_1_778' title='bbox 3364 4582 3502 4635; x_wconf 87' lang='lat' dir='ltr'><strong>opus</strong></span> 
     </span>
    </p>
   </div>
   <div class='ocr_carea' id='block_1_106' title="bbox 1922 4659 3500 4721">
    <p class='ocr_par' dir='ltr' id='par_1_106' title="bbox 1922 4659 3500 4721">
     <span class='ocr_line' id='line_1_106' title="bbox 1922 4659 3500 4721; baseline -0.006 0"><span class='ocrx_word' id='word_1_779' title='bbox 1922 4677 2041 4721; x_wconf 86' lang='lat' dir='ltr'><strong>erat</strong></span> <span class='ocrx_word' id='word_1_780' title='bbox 2062 4665 2129 4719; x_wconf 87' lang='lat' dir='ltr'><strong>ad</strong></span> <span class='ocrx_word' id='word_1_781' title='bbox 2162 4664 2414 4720; x_wconf 90' lang='lat' dir='ltr'><strong>balneum</strong></span> <span class='ocrx_word' id='word_1_782' title='bbox 2445 4661 2837 4718; x_wconf 81' lang='lat' dir='ltr'><strong>exstruendum</strong></span> <span class='ocrx_word' id='word_1_783' title='bbox 2873 4676 2886 4714; x_wconf 91' lang='lat'><strong>:</strong></span> <span class='ocrx_word' id='word_1_784' title='bbox 2922 4668 2976 4716; x_wconf 91' lang='lat' dir='ltr'><strong>et</strong></span> <span class='ocrx_word' id='word_1_785' title='bbox 3007 4670 3089 4716; x_wconf 90' lang='lat' dir='ltr'><strong>ter</strong></span> <span class='ocrx_word' id='word_1_786' title='bbox 3120 4660 3266 4714; x_wconf 91' lang='lat' dir='ltr'><strong>mille</strong></span> <span class='ocrx_word' id='word_1_787' title='bbox 3293 4659 3500 4714; x_wconf 89' lang='lat' dir='ltr'><strong>modios</strong></span> 
     </span>
    </p>
   </div>
   <div class='ocr_carea' id='block_1_107' title="bbox 1922 4751 3499 4822">
    <p class='ocr_par' dir='ltr' id='par_1_107' title="bbox 1922 4751 3499 4822">
     <span class='ocr_line' id='line_1_107' title="bbox 1922 4751 3499 4822; baseline -0.005 -10"><span class='ocrx_word' id='word_1_788' title='bbox 1922 4758 2182 4813; x_wconf 83' lang='lat' dir='ltr'><strong>frumenti</strong></span> <span class='ocrx_word' id='word_1_789' title='bbox 2223 4755 2573 4810; x_wconf 81' lang='lat' dir='ltr'><strong>distribueret</strong></span> <span class='ocrx_word' id='word_1_790' title='bbox 2607 4753 2960 4822; x_wconf 83' lang='lat' dir='ltr'><strong>pauperibus,</strong></span> <span class='ocrx_word' id='word_1_791' title='bbox 3000 4753 3090 4820; x_wconf 90' lang='lat' dir='ltr'><strong>qui</strong></span> <span class='ocrx_word' id='word_1_792' title='bbox 3124 4763 3276 4806; x_wconf 89' lang='lat' dir='ltr'><strong>erant</strong></span> <span class='ocrx_word' id='word_1_793' title='bbox 3308 4751 3499 4805; x_wconf 88' lang='lat' dir='ltr'><strong>Hiera-</strong></span> 
     </span>
    </p>
   </div>
   <div class='ocr_carea' id='block_1_108' title="bbox 1921 4844 3498 4922">
    <p class='ocr_par' dir='ltr' id='par_1_108' title="bbox 1921 4844 3498 4922">
     <span class='ocr_line' id='line_1_108' title="bbox 1921 4844 3498 4922; baseline -0.008 -14"><span class='ocrx_word' id='word_1_794' title='bbox 1921 4853 2051 4922; x_wconf 91' lang='lat' dir='ltr'><strong>poli.</strong></span> <span class='ocrx_word' id='word_1_795' title='bbox 2097 4851 2385 4920; x_wconf 85' lang='lat' dir='ltr'><strong>Postquam</strong></span> <span class='ocrx_word' id='word_1_796' title='bbox 2435 4858 2613 4903; x_wconf 87' lang='lat' dir='ltr'><strong>autem</strong></span> <span class='ocrx_word' id='word_1_797' title='bbox 2661 4846 2761 4901; x_wconf 92' lang='lat' dir='ltr'><strong>fuit</strong></span> <span class='ocrx_word' id='word_1_798' title='bbox 2800 4845 3084 4915; x_wconf 88' lang='lat' dir='ltr'><strong>impositus</strong></span> <span class='ocrx_word' id='word_1_799' title='bbox 3120 4844 3244 4898; x_wconf 86' lang='lat' dir='ltr'><strong>finis</strong></span> <span class='ocrx_word' id='word_1_800' title='bbox 3283 4844 3498 4908; x_wconf 89' lang='lat' dir='ltr'><strong>balneo,</strong></span> 
     </span>
    </p>
   </div>
   <div class='ocr_carea' id='block_1_109' title="bbox 1920 4938 3501 5014">
    <p class='ocr_par' dir='ltr' id='par_1_109' title="bbox 1920 4938 3501 5014">
     <span class='ocr_line' id='line_1_109' title="bbox 1920 4938 3501 5014; baseline -0.005 -17"><span class='ocrx_word' id='word_1_801' title='bbox 1920 4944 2063 5014; x_wconf 87' lang='lat' dir='ltr'><strong>quod</strong></span> <span class='ocrx_word' id='word_1_802' title='bbox 2106 4943 2494 5007; x_wconf 66' lang='lat' dir='ltr'><strong>aedificabatur,</strong></span> <span class='ocrx_word' id='word_1_803' title='bbox 2541 4941 2609 4996; x_wconf 87' lang='lat' dir='ltr'><strong>ab</strong></span> <span class='ocrx_word' id='word_1_804' title='bbox 2655 4941 2743 4995; x_wconf 91' lang='lat' dir='ltr'><strong>illo</strong></span> <span class='ocrx_word' id='word_1_805' title='bbox 2779 4948 3020 5007; x_wconf 86' lang='lat' dir='ltr'><strong>tempore</strong></span> <span class='ocrx_word' id='word_1_806' title='bbox 3059 4954 3166 4991; x_wconf 91' lang='lat' dir='ltr'><strong>non</strong></span> <span class='ocrx_word' id='word_1_807' title='bbox 3207 4938 3501 4990; x_wconf 86' lang='lat' dir='ltr'><strong>vocabatur</strong></span> 
     </span>
    </p>
   </div>
   <div class='ocr_carea' id='block_1_110' title="bbox 1922 5027 3498 5105">
    <p class='ocr_par' dir='ltr' id='par_1_110' title="bbox 1922 5027 3498 5105">
     <span class='ocr_line' id='line_1_110' title="bbox 1922 5027 3498 5105; baseline -0.007 -15"><span class='ocrx_word' id='word_1_808' title='bbox 1922 5037 2154 5105; x_wconf 89' lang='lat' dir='ltr'><strong>amplius</strong></span> <span class='ocrx_word' id='word_1_809' title='bbox 2185 5037 2337 5090; x_wconf 91' lang='lat' dir='ltr'><strong>locus</strong></span> <span class='ocrx_word' id='word_1_810' title='bbox 2390 5036 2479 5088; x_wconf 88' lang='lat' dir='ltr'><strong>ille</strong></span> <span class='ocrx_word' id='word_1_811' title='bbox 2529 5037 2692 5102; x_wconf 82' lang='lat' dir='ltr'><strong>Ager,</strong></span> <span class='ocrx_word' id='word_1_812' title='bbox 2740 5031 2832 5100; x_wconf 92' lang='lat' dir='ltr'><strong>qui</strong></span> <span class='ocrx_word' id='word_1_813' title='bbox 2872 5039 2956 5084; x_wconf 91' lang='lat' dir='ltr'><strong>est</strong></span> <span class='ocrx_word' id='word_1_814' title='bbox 2986 5039 3209 5099; x_wconf 90' lang='lat' dir='ltr'><strong>propter</strong></span> <span class='ocrx_word' id='word_1_815' title='bbox 3250 5027 3498 5092; x_wconf 84' lang='lat' dir='ltr'><strong>ﬂuvium,</strong></span> 
     </span>
    </p>
   </div>
   <div class='ocr_carea' id='block_1_111' title="bbox 1921 5117 3499 5195">
    <p class='ocr_par' dir='ltr' id='par_1_111' title="bbox 1921 5117 3499 5195">
     <span class='ocr_line' id='line_1_111' title="bbox 1921 5117 3499 5195; baseline -0.006 -14"><span class='ocrx_word' id='word_1_816' title='bbox 1921 5128 2015 5181; x_wconf 89' lang='lat' dir='ltr'><strong>sed</strong></span> <span class='ocrx_word' id='word_1_817' title='bbox 2051 5129 2190 5195; x_wconf 83' lang='lat' dir='ltr'><strong>Ager</strong></span> <span class='ocrx_word' id='word_1_818' title='bbox 2221 5126 2537 5181; x_wconf 78' lang='lat' dir='ltr'><strong>calidarum.</strong></span> <span class='ocrx_word' id='word_1_819' title='bbox 2576 5123 2798 5177; x_wconf 90' lang='lat' dir='ltr'><strong>Duravit</strong></span> <span class='ocrx_word' id='word_1_820' title='bbox 2829 5129 3010 5174; x_wconf 89' lang='lat' dir='ltr'><strong>autem</strong></span> <span class='ocrx_word' id='word_1_821' title='bbox 3060 5120 3207 5172; x_wconf 88' lang='lat' dir='ltr'><strong>illius</strong></span> <span class='ocrx_word' id='word_1_822' title='bbox 3242 5117 3499 5172; x_wconf 87' lang='lat' dir='ltr'><strong>frumenti</strong></span> 
     </span>
    </p>
   </div>
   <div class='ocr_carea' id='block_1_112' title="bbox 1920 5207 3500 5286">
    <p class='ocr_par' dir='ltr' id='par_1_112' title="bbox 1920 5207 3500 5286">
     <span class='ocr_line' id='line_1_112' title="bbox 1920 5207 3500 5286; baseline -0.007 -14"><span class='ocrx_word' id='word_1_823' title='bbox 1920 5219 2236 5273; x_wconf 90' lang='lat' dir='ltr'><strong>distributio</strong></span> <span class='ocrx_word' id='word_1_824' title='bbox 2291 5232 2463 5286; x_wconf 89' lang='lat' dir='ltr'><strong>usque</strong></span> <span class='ocrx_word' id='word_1_825' title='bbox 2520 5216 2585 5269; x_wconf 94' lang='lat' dir='ltr'><strong>ad</strong></span> <span class='ocrx_word' id='word_1_826' title='bbox 2629 5225 2875 5280; x_wconf 87' lang='lat' dir='ltr'><strong>tempora</strong></span> <span class='ocrx_word' id='word_1_827' title='bbox 2933 5211 3082 5280; x_wconf 92' lang='lat' dir='ltr'><strong>impii</strong></span> <span class='ocrx_word' id='word_1_828' title='bbox 3130 5208 3354 5263; x_wconf 82' lang='lat' dir='ltr'><strong>Juliani.</strong></span> <span class='ocrx_word' id='word_1_829' title='bbox 3405 5207 3500 5261; x_wconf 85' lang='lat' dir='ltr'><strong>Ille</strong></span> 
     </span>
    </p>
   </div>
   <div class='ocr_carea' id='block_1_113' title="bbox 1921 5297 3501 5380">
    <p class='ocr_par' dir='ltr' id='par_1_113' title="bbox 1921 5297 3501 5380">
     <span class='ocr_line' id='line_1_113' title="bbox 1921 5297 3501 5380; baseline -0.008 -16"><span class='ocrx_word' id='word_1_830' title='bbox 1921 5326 2178 5380; x_wconf 88' lang='lat' dir='ltr'><strong>namque,</strong></span> <span class='ocrx_word' id='word_1_831' title='bbox 2205 5310 2479 5379; x_wconf 87' lang='lat' dir='ltr'><strong>quomodo</strong></span> <span class='ocrx_word' id='word_1_832' title='bbox 2521 5308 2625 5361; x_wconf 89' lang='lat' dir='ltr'><strong>alia</strong></span> <span class='ocrx_word' id='word_1_833' title='bbox 2657 5307 2818 5368; x_wconf 88' lang='lat' dir='ltr'><strong>bona,</strong></span> <span class='ocrx_word' id='word_1_834' title='bbox 2859 5305 2930 5357; x_wconf 86' lang='lat' dir='ltr'><strong>ita</strong></span> <span class='ocrx_word' id='word_1_835' title='bbox 2963 5304 3064 5357; x_wconf 92' lang='lat' dir='ltr'><strong>hoc</strong></span> <span class='ocrx_word' id='word_1_836' title='bbox 3107 5315 3322 5371; x_wconf 90' lang='lat' dir='ltr'><strong>quoque</strong></span> <span class='ocrx_word' id='word_1_837' title='bbox 3356 5297 3501 5352; x_wconf 84' lang='lat' dir='ltr'><strong>invi-</strong></span> 
     </span>
    </p>
   </div>
   <div class='ocr_carea' id='block_1_114' title="bbox 1922 5393 3498 5462">
    <p class='ocr_par' dir='ltr' id='par_1_114' title="bbox 1922 5393 3498 5462">
     <span class='ocr_line' id='line_1_114' title="bbox 1922 5393 3498 5462; baseline -0.006 -6"><span class='ocrx_word' id='word_1_838' title='bbox 1922 5405 2057 5458; x_wconf 87' lang='lat' dir='ltr'><strong>dens</strong></span> <span class='ocrx_word' id='word_1_839' title='bbox 2118 5401 2439 5458; x_wconf 74' lang='lat' dir='ltr'><strong>Christianis</strong></span> <span class='ocrx_word' id='word_1_840' title='bbox 2490 5402 2674 5456; x_wconf 87' lang='lat' dir='ltr'><strong>statim</strong></span> <span class='ocrx_word' id='word_1_841' title='bbox 2727 5412 2942 5453; x_wconf 89' lang='lat' dir='ltr'><strong>cessare</strong></span> <span class='ocrx_word' id='word_1_842' title='bbox 3004 5396 3132 5450; x_wconf 88' lang='lat' dir='ltr'><strong>facit</strong></span> <span class='ocrx_word' id='word_1_843' title='bbox 3186 5393 3498 5462; x_wconf 83' lang='lat' dir='ltr'><strong>suppedita-</strong></span> 
     </span>
    </p>
   </div>
   <div class='ocr_carea' id='block_1_115' title="bbox 1920 5498 2146 5552">
    <p class='ocr_par' dir='ltr' id='par_1_115' title="bbox 1920 5498 2146 5552">
     <span class='ocr_line' id='line_1_115' title="bbox 1920 5498 2146 5552; baseline -0.013 -2"><span class='ocrx_word' id='word_1_844' title='bbox 1920 5498 2146 5552; x_wconf 78' lang='lat' dir='ltr'><strong>tionem.</strong></span> 
     </span>
    </p>
   </div>
   <div class='ocr_carea' id='block_1_116' title="bbox 1991 5584 3497 5656">
    <p class='ocr_par' dir='ltr' id='par_1_116' title="bbox 1991 5584 3497 5656">
     <span class='ocr_line' id='line_1_116' title="bbox 1991 5584 3497 5656; baseline -0.001 -14"><span class='ocrx_word' id='word_1_845' title='bbox 1991 5589 2151 5643; x_wconf 74' lang='lat' dir='ltr'><strong>XXV.</strong></span> <span class='ocrx_word' id='word_1_846' title='bbox 2197 5589 2420 5642; x_wconf 88' lang='lat' dir='ltr'><strong>Divinus</strong></span> <span class='ocrx_word' id='word_1_847' title='bbox 2442 5600 2569 5656; x_wconf 81' lang='lat' dir='ltr'><strong>ergo</strong></span> <span class='ocrx_word' id='word_1_848' title='bbox 2598 5584 2882 5648; x_wconf 85' lang='lat' dir='ltr'><strong>Abercius,</strong></span> <span class='ocrx_word' id='word_1_849' title='bbox 2921 5595 2976 5638; x_wconf 90' lang='lat' dir='ltr'><strong>ut</strong></span> <span class='ocrx_word' id='word_1_850' title='bbox 3003 5585 3068 5639; x_wconf 93' lang='lat' dir='ltr'><strong>ad</strong></span> <span class='ocrx_word' id='word_1_851' title='bbox 3101 5599 3223 5639; x_wconf 88' lang='lat' dir='ltr'><strong>eum</strong></span> <span class='ocrx_word' id='word_1_852' title='bbox 3257 5597 3497 5641; x_wconf 85' lang='lat' dir='ltr'><strong>reverta-</strong></span> 
     </span>
    </p>
   </div>
   <div class='ocr_carea' id='block_1_117' title="bbox 1920 5675 3492 5751">
    <p class='ocr_par' dir='ltr' id='par_1_117' title="bbox 1920 5675 3492 5751">
     <span class='ocr_line' id='line_1_117' title="bbox 1920 5675 3492 5751; baseline -0.003 -14"><span class='ocrx_word' id='word_1_853' title='bbox 1920 5700 2060 5746; x_wconf 89' lang='lat' dir='ltr'><strong>mur,</strong></span> <span class='ocrx_word' id='word_1_854' title='bbox 2123 5697 2246 5736; x_wconf 90' lang='lat' dir='ltr'><strong>cum</strong></span> <span class='ocrx_word' id='word_1_855' title='bbox 2302 5680 2462 5751; x_wconf 90' lang='lat' dir='ltr'><strong>longo</strong></span> <span class='ocrx_word' id='word_1_856' title='bbox 2512 5690 2754 5747; x_wconf 90' lang='lat' dir='ltr'><strong>tempore</strong></span> <span class='ocrx_word' id='word_1_857' title='bbox 2810 5675 3003 5732; x_wconf 90' lang='lat' dir='ltr'><strong>fuisset</strong></span> <span class='ocrx_word' id='word_1_858' title='bbox 3065 5686 3313 5732; x_wconf 86' lang='lat' dir='ltr'><strong>versatus</strong></span> <span class='ocrx_word' id='word_1_859' title='bbox 3366 5693 3492 5733; x_wconf 91' lang='lat' dir='ltr'><strong>cum</strong></span> 
     </span>
    </p>
   </div>
   <div class='ocr_carea' id='block_1_118' title="bbox 1920 5769 3491 5839">
    <p class='ocr_par' dir='ltr' id='par_1_118' title="bbox 1920 5769 3491 5839">
     <span class='ocr_line' id='line_1_118' title="bbox 1920 5769 3491 5839; baseline -0.003 -8"><span class='ocrx_word' id='word_1_860' title='bbox 1920 5777 2189 5839; x_wconf 82' lang='lat' dir='ltr'><strong>Romanis,</strong></span> <span class='ocrx_word' id='word_1_861' title='bbox 2224 5786 2278 5830; x_wconf 93' lang='lat' dir='ltr'><strong>et</strong></span> <span class='ocrx_word' id='word_1_862' title='bbox 2308 5790 2492 5827; x_wconf 90' lang='lat' dir='ltr'><strong>sanam</strong></span> <span class='ocrx_word' id='word_1_863' title='bbox 2524 5773 2642 5826; x_wconf 86' lang='lat' dir='ltr'><strong>fidei</strong></span> <span class='ocrx_word' id='word_1_864' title='bbox 2672 5769 2934 5824; x_wconf 88' lang='lat' dir='ltr'><strong>rationem</strong></span> <span class='ocrx_word' id='word_1_865' title='bbox 2968 5770 3276 5825; x_wconf 86' lang='lat' dir='ltr'><strong>tradidisset</strong></span> <span class='ocrx_word' id='word_1_866' title='bbox 3306 5771 3491 5826; x_wconf 86' lang='lat' dir='ltr'><strong>Eccle-</strong></span> 
     </span>
    </p>
   </div>
   <div class='ocr_carea' id='block_1_119' title="bbox 1924 5862 3488 5932">
    <p class='ocr_par' dir='ltr' id='par_1_119' title="bbox 1924 5862 3488 5932">
     <span class='ocr_line' id='line_1_119' title="bbox 1924 5862 3488 5932; baseline -0.007 -7"><span class='ocrx_word' id='word_1_867' title='bbox 1924 5869 2016 5925; x_wconf 84' lang='lat' dir='ltr'><strong>siis</strong></span> <span class='ocrx_word' id='word_1_868' title='bbox 2035 5868 2483 5932; x_wconf 84' lang='lat' dir='ltr'><strong>Christianorum,</strong></span> <span class='ocrx_word' id='word_1_869' title='bbox 2513 5864 2654 5920; x_wconf 87' lang='lat' dir='ltr'><strong>videt</strong></span> <span class='ocrx_word' id='word_1_870' title='bbox 2684 5862 2970 5932; x_wconf 87' lang='lat' dir='ltr'><strong>aliquando</strong></span> <span class='ocrx_word' id='word_1_871' title='bbox 2994 5863 3044 5918; x_wconf 91' lang='lat' dir='ltr'><strong>in</strong></span> <span class='ocrx_word' id='word_1_872' title='bbox 3074 5863 3278 5920; x_wconf 90' lang='lat' dir='ltr'><strong>somnis</strong></span> <span class='ocrx_word' id='word_1_873' title='bbox 3299 5863 3488 5918; x_wconf 79' lang='lat' dir='ltr'><strong>adesse</strong></span> 
     </span>
    </p>
   </div>
  </div>
