  <div class='ocr_page' id='page_1' title='image "/cluster/home/n/w/nwhite01/storage/ocr_20150623/115/nnc1.0046980261/650.png"; bbox 0 0 4216 6432; ppageno 0'>
   <div class='ocr_carea' id='block_1_1' title="bbox 269 409 406 474">
    <p class='ocr_par' dir='ltr' id='par_1_1' title="bbox 269 409 406 474">
     <span class='ocr_line' id='line_1_1' title="bbox 269 409 406 474; baseline -0.007 0"><span class='ocrx_word' id='word_1_1' title='bbox 269 409 406 474; x_wconf 71' lang='grc'><strong>1245</strong></span> 
     </span>
    </p>
   </div>
   <div class='ocr_carea' id='block_1_2' title="bbox 1563 410 2209 473">
    <p class='ocr_par' dir='ltr' id='par_1_2' title="bbox 1563 410 2209 473">
     <span class='ocr_line' id='line_1_2' title="bbox 1563 410 2209 473; baseline 0 0"><span class='ocrx_word' id='word_1_2' title='bbox 1563 411 1741 473; x_wconf 76' lang='lat' dir='ltr'><strong>VITA</strong></span> <span class='ocrx_word' id='word_1_3' title='bbox 1778 413 1836 468; x_wconf 86' lang='lat' dir='ltr'><strong>S.</strong></span> <span class='ocrx_word' id='word_1_4' title='bbox 1879 410 2209 473; x_wconf 79' lang='lat' dir='ltr'><strong>ABERCH.</strong></span> 
     </span>
    </p>
   </div>
   <div class='ocr_carea' id='block_1_3' title="bbox 3362 412 3495 473">
    <p class='ocr_par' dir='ltr' id='par_1_3' title="bbox 3362 412 3495 473">
     <span class='ocr_line' id='line_1_3' title="bbox 3362 412 3495 473; baseline -0.015 0"><span class='ocrx_word' id='word_1_5' title='bbox 3362 412 3495 473; x_wconf 73' lang='grc'>1245</span> 
     </span>
    </p>
   </div>
   <div class='ocr_carea' id='block_1_4' title="bbox 258 522 1902 595">
    <p class='ocr_par' dir='ltr' id='par_1_4' title="bbox 258 522 1894 595">
     <span class='ocr_line' id='line_1_4' title="bbox 258 522 1894 595; baseline -0.002 -17"><span class='ocrx_word' id='word_1_6' title='bbox 258 526 469 579; x_wconf 77' lang='grc' dir='ltr'><strong>ἀνεῖναι</strong></span> <span class='ocrx_word' id='word_1_7' title='bbox 511 525 646 595; x_wconf 68' lang='grc' dir='ltr'><strong>πρὸς</strong></span> <span class='ocrx_word' id='word_1_8' title='bbox 707 522 881 595; x_wconf 75' lang='grc' dir='ltr'><strong>βραχὺ</strong></span> <span class='ocrx_word' id='word_1_9' title='bbox 930 526 1116 579; x_wconf 79' lang='grc' dir='ltr'><strong>τόπον.</strong></span> <span class='ocrx_word' id='word_1_10' title='bbox 1153 527 1217 579; x_wconf 85' lang='lat' dir='ltr'><strong>Ol</strong></span> <span class='ocrx_word' id='word_1_11' title='bbox 1256 524 1313 578; x_wconf 86' lang='grc' dir='ltr'><strong>δὲ</strong></span> <span class='ocrx_word' id='word_1_12' title='bbox 1372 525 1470 595; x_wconf 84' lang='grc' dir='ltr'>οὐχ</span> <span class='ocrx_word' id='word_1_13' title='bbox 1497 524 1771 592; x_wconf 79' lang='grc' dir='ltr'><strong>ὑπήκουον</strong></span> <span class='ocrx_word' id='word_1_14' title='bbox 1800 534 1815 549; x_wconf 80' lang='grc'><strong><em>⁸</em></strong></span> <span class='ocrx_word' id='word_1_15' title='bbox 1850 528 1894 581; x_wconf 72' lang='grc' dir='ltr'><strong>Δ</strong></span> 
     </span>
    </p>
   </div>
   <div class='ocr_carea' id='block_1_5' title="bbox 1935 522 3492 595">
    <p class='ocr_par' dir='ltr' id='par_1_5' title="bbox 1935 522 3492 589">
     <span class='ocr_line' id='line_1_5' title="bbox 1935 522 3492 589; baseline 0 -15"><span class='ocrx_word' id='word_1_16' title='bbox 1935 534 2104 577; x_wconf 70' lang='lat' dir='ltr'><strong>autem</strong></span> <span class='ocrx_word' id='word_1_17' title='bbox 2159 541 2262 577; x_wconf 92' lang='lat' dir='ltr'><strong>non</strong></span> <span class='ocrx_word' id='word_1_18' title='bbox 2312 525 2692 579; x_wconf 79' lang='lat' dir='ltr'><strong>exaudierunt.</strong></span> <span class='ocrx_word' id='word_1_19' title='bbox 2746 525 2951 579; x_wconf 74' lang='lat' dir='ltr'><strong>Deinde</strong></span> <span class='ocrx_word' id='word_1_20' title='bbox 2998 532 3220 578; x_wconf 90' lang='lat' dir='ltr'><strong>sanctus</strong></span> <span class='ocrx_word' id='word_1_21' title='bbox 3272 522 3492 589; x_wconf 80' lang='lat' dir='ltr'><strong>quidem</strong></span> 
     </span>
    </p>
   </div>
   <div class='ocr_carea' id='block_1_6' title="bbox 260 610 1818 688">
    <p class='ocr_par' dir='ltr' id='par_1_6' title="bbox 260 610 1818 688">
     <span class='ocr_line' id='line_1_6' title="bbox 260 610 1818 688; baseline -0.001 -21"><span class='ocrx_word' id='word_1_22' title='bbox 260 610 380 668; x_wconf 80' lang='grc' dir='ltr'><strong>εἶτα</strong></span> <span class='ocrx_word' id='word_1_23' title='bbox 412 618 439 668; x_wconf 85' lang='grc' dir='ltr'>ὁ</span> <span class='ocrx_word' id='word_1_24' title='bbox 475 618 571 684; x_wconf 79' lang='grc' dir='ltr'><strong>μὲν</strong></span> <span class='ocrx_word' id='word_1_25' title='bbox 604 620 877 687; x_wconf 82' lang='grc' dir='ltr'><strong>προσευχῇ</strong></span> <span class='ocrx_word' id='word_1_26' title='bbox 920 619 1056 688; x_wconf 82' lang='grc' dir='ltr'><strong>μόνῃ</strong></span> <span class='ocrx_word' id='word_1_27' title='bbox 1092 619 1151 670; x_wconf 83' lang='grc' dir='ltr'><strong>τὸ</strong></span> <span class='ocrx_word' id='word_1_28' title='bbox 1178 617 1394 687; x_wconf 80' lang='grc' dir='ltr'><strong>πνεῦμα</strong></span> <span class='ocrx_word' id='word_1_29' title='bbox 1423 616 1684 681; x_wconf 74' lang='grc' dir='ltr'><strong>κοιμίζει,</strong></span> <span class='ocrx_word' id='word_1_30' title='bbox 1707 617 1818 676; x_wconf 88' lang='grc' dir='ltr'><strong>τοῖς</strong></span> 
     </span>
    </p>
   </div>
   <div class='ocr_carea' id='block_1_7' title="bbox 259 704 1822 778">
    <p class='ocr_par' dir='ltr' id='par_1_7' title="bbox 259 704 1822 778">
     <span class='ocr_line' id='line_1_7' title="bbox 259 704 1822 778; baseline -0.002 -19"><span class='ocrx_word' id='word_1_31' title='bbox 259 706 317 759; x_wconf 80' lang='grc' dir='ltr'><strong>δὲ</strong></span> <span class='ocrx_word' id='word_1_32' title='bbox 350 709 442 759; x_wconf 71' lang='grc' dir='ltr'><strong>καὶ</strong></span> <span class='ocrx_word' id='word_1_33' title='bbox 469 708 694 759; x_wconf 79' lang='grc' dir='ltr'><strong>ἄκουσιν</strong></span> <span class='ocrx_word' id='word_1_34' title='bbox 730 709 964 761; x_wconf 75' lang='grc' dir='ltr'><strong>ἐπαύετο</strong></span> <span class='ocrx_word' id='word_1_35' title='bbox 1004 711 1034 777; x_wconf 80' lang='grc' dir='ltr'>ἡ</span> <span class='ocrx_word' id='word_1_36' title='bbox 1084 709 1310 778; x_wconf 84' lang='grc' dir='ltr'><strong>σπουδή.</strong></span> <span class='ocrx_word' id='word_1_37' title='bbox 1347 708 1438 777; x_wconf 81' lang='grc' dir='ltr'><strong>Μὴ</strong></span> <span class='ocrx_word' id='word_1_38' title='bbox 1468 708 1686 776; x_wconf 79' lang='grc' dir='ltr'><strong>ἔχοντες</strong></span> <span class='ocrx_word' id='word_1_39' title='bbox 1729 704 1822 757; x_wconf 79' lang='grc' dir='ltr'><strong>οὖν</strong></span> 
     </span>
    </p>
   </div>
   <div class='ocr_carea' id='block_1_8' title="bbox 262 792 1821 867">
    <p class='ocr_par' dir='ltr' id='par_1_8' title="bbox 262 792 1821 867">
     <span class='ocr_line' id='line_1_8' title="bbox 262 792 1821 867; baseline -0.003 -18"><span class='ocrx_word' id='word_1_40' title='bbox 262 798 289 849; x_wconf 81' lang='grc' dir='ltr'><strong>ὅ</strong></span> <span class='ocrx_word' id='word_1_41' title='bbox 315 815 365 849; x_wconf 86' lang='grc' dir='ltr'><strong>τι</strong></span> <span class='ocrx_word' id='word_1_42' title='bbox 396 798 489 848; x_wconf 79' lang='grc' dir='ltr'><strong>καὶ</strong></span> <span class='ocrx_word' id='word_1_43' title='bbox 520 798 728 860; x_wconf 74' lang='grc' dir='ltr'><strong>ἑαυτοῖς</strong></span> <span class='ocrx_word' id='word_1_44' title='bbox 752 804 1066 867; x_wconf 73' lang='grc' dir='ltr'><strong>χρήσονται,</strong></span> <span class='ocrx_word' id='word_1_45' title='bbox 1098 800 1145 851; x_wconf 85' lang='grc' dir='ltr'><strong>οί</strong></span> <span class='ocrx_word' id='word_1_46' title='bbox 1178 798 1276 867; x_wconf 86' lang='grc' dir='ltr'><strong>μὲν</strong></span> <span class='ocrx_word' id='word_1_47' title='bbox 1326 799 1419 849; x_wconf 71' lang='grc' dir='ltr'><strong>ἐπὶ</strong></span> <span class='ocrx_word' id='word_1_48' title='bbox 1447 797 1659 848; x_wconf 88' lang='grc' dir='ltr'><strong>δεῖπνον</strong></span> <span class='ocrx_word' id='word_1_49' title='bbox 1695 792 1821 862; x_wconf 73' lang='grc' dir='ltr'><strong>τρέο</strong></span> 
     </span>
    </p>
   </div>
   <div class='ocr_carea' id='block_1_9' title="bbox 262 885 1824 959">
    <p class='ocr_par' dir='ltr' id='par_1_9' title="bbox 262 885 1824 959">
     <span class='ocr_line' id='line_1_9' title="bbox 262 885 1824 959; baseline -0.002 -20"><span class='ocrx_word' id='word_1_50' title='bbox 262 904 474 953; x_wconf 79' lang='grc' dir='ltr'><strong>πονται,</strong></span> <span class='ocrx_word' id='word_1_51' title='bbox 515 890 541 940; x_wconf 83' lang='grc' dir='ltr'>ὁ</span> <span class='ocrx_word' id='word_1_52' title='bbox 574 889 650 950; x_wconf 81' lang='grc' dir='ltr'><strong>δὲ,</strong></span> <span class='ocrx_word' id='word_1_53' title='bbox 682 891 775 940; x_wconf 80' lang='grc' dir='ltr'><strong>καὶ</strong></span> <span class='ocrx_word' id='word_1_54' title='bbox 811 890 913 957; x_wconf 82' lang='grc' dir='ltr'><strong>γὰρ</strong></span> <span class='ocrx_word' id='word_1_55' title='bbox 940 891 1094 959; x_wconf 76' lang='grc' dir='ltr'><strong>ἔτυχε</strong></span> <span class='ocrx_word' id='word_1_56' title='bbox 1147 889 1288 957; x_wconf 66' lang='grc' dir='ltr'><strong>δίψει</strong></span> <span class='ocrx_word' id='word_1_57' title='bbox 1317 889 1497 951; x_wconf 77' lang='grc' dir='ltr'><strong>ἁλοὺς,</strong></span> <span class='ocrx_word' id='word_1_58' title='bbox 1526 886 1668 957; x_wconf 78' lang='grc' dir='ltr'><strong>ὕδωρ</strong></span> <span class='ocrx_word' id='word_1_59' title='bbox 1694 885 1824 954; x_wconf 84' lang='grc' dir='ltr'><strong>παρ’</strong></span> 
     </span>
    </p>
   </div>
   <div class='ocr_carea' id='block_1_10' title="bbox 262 977 1824 1048">
    <p class='ocr_par' dir='ltr' id='par_1_10' title="bbox 262 977 1824 1048">
     <span class='ocr_line' id='line_1_10' title="bbox 262 977 1824 1048; baseline -0.001 -18"><span class='ocrx_word' id='word_1_60' title='bbox 262 978 441 1030; x_wconf 67' lang='grc' dir='ltr'><strong>αὐτῶν</strong></span> <span class='ocrx_word' id='word_1_61' title='bbox 479 979 616 1048; x_wconf 81' lang='grc' dir='ltr'><strong>ᾔτει.</strong></span> <span class='ocrx_word' id='word_1_62' title='bbox 660 978 801 1030; x_wconf 80' lang='grc' dir='ltr'><strong>Ἀλλ’</strong></span> <span class='ocrx_word' id='word_1_63' title='bbox 842 981 1041 1033; x_wconf 77' lang='grc' dir='ltr'><strong>ἐκεῖνοι</strong></span> <span class='ocrx_word' id='word_1_64' title='bbox 1075 980 1265 1044; x_wconf 83' lang='grc' dir='ltr'><strong>δεινῶς</strong></span> <span class='ocrx_word' id='word_1_65' title='bbox 1313 980 1491 1044; x_wconf 77' lang='grc' dir='ltr'><strong>ἄξενοι</strong></span> <span class='ocrx_word' id='word_1_66' title='bbox 1526 979 1699 1042; x_wconf 80' lang='grc' dir='ltr'><strong>ὄντες,</strong></span> <span class='ocrx_word' id='word_1_67' title='bbox 1732 977 1824 1029; x_wconf 75' lang='grc' dir='ltr'><strong>καὶ</strong></span> 
     </span>
    </p>
   </div>
   <div class='ocr_carea' id='block_1_11' title="bbox 264 1069 1825 1143">
    <p class='ocr_par' dir='ltr' id='par_1_11' title="bbox 264 1069 1825 1143">
     <span class='ocr_line' id='line_1_11' title="bbox 264 1069 1825 1143; baseline -0.001 -22"><span class='ocrx_word' id='word_1_68' title='bbox 264 1070 505 1138; x_wconf 83' lang='grc' dir='ltr'><strong>ἀκριϐῶς</strong></span> <span class='ocrx_word' id='word_1_69' title='bbox 549 1070 817 1139; x_wconf 76' lang='grc' dir='ltr'><strong>ἄγροικοι,</strong></span> <span class='ocrx_word' id='word_1_70' title='bbox 862 1071 1248 1142; x_wconf 84' lang='grc' dir='ltr'><strong>παρεθεὼρουν</strong></span> <span class='ocrx_word' id='word_1_71' title='bbox 1295 1071 1393 1143; x_wconf 83' lang='grc' dir='ltr'><strong>τὴν</strong></span> <span class='ocrx_word' id='word_1_72' title='bbox 1439 1072 1677 1139; x_wconf 75' lang='grc' dir='ltr'><strong>αἴτησιν,</strong></span> <span class='ocrx_word' id='word_1_73' title='bbox 1729 1069 1825 1120; x_wconf 72' lang='grc' dir='ltr'><strong>καὶ</strong></span> 
     </span>
    </p>
   </div>
   <div class='ocr_carea' id='block_1_12' title="bbox 262 1161 1823 1232">
    <p class='ocr_par' dir='ltr' id='par_1_12' title="bbox 262 1161 1823 1232">
     <span class='ocr_line' id='line_1_12' title="bbox 262 1161 1823 1232; baseline -0.001 -21"><span class='ocrx_word' id='word_1_74' title='bbox 262 1162 457 1230; x_wconf 76' lang='grc' dir='ltr'><strong>χλεύην</strong></span> <span class='ocrx_word' id='word_1_75' title='bbox 486 1162 545 1213; x_wconf 84' lang='grc' dir='ltr'><strong>τὸ</strong></span> <span class='ocrx_word' id='word_1_76' title='bbox 583 1165 811 1231; x_wconf 76' lang='grc' dir='ltr'><strong>πρᾶγμα</strong></span> <span class='ocrx_word' id='word_1_77' title='bbox 843 1163 1061 1217; x_wconf 75' lang='grc' dir='ltr'><strong>ἐποίουν</strong></span> <span class='ocrx_word' id='word_1_78' title='bbox 1088 1181 1103 1196; x_wconf 76' lang='grc'><em>’</em></span> <span class='ocrx_word' id='word_1_79' title='bbox 1144 1165 1205 1217; x_wconf 85' lang='lat' dir='ltr'><strong>El</strong></span> <span class='ocrx_word' id='word_1_80' title='bbox 1228 1165 1294 1217; x_wconf 80' lang='grc' dir='ltr'><strong>δι’</strong></span> <span class='ocrx_word' id='word_1_81' title='bbox 1320 1163 1412 1215; x_wconf 76' lang='grc' dir='ltr'><strong>ἕνα</strong></span> <span class='ocrx_word' id='word_1_82' title='bbox 1453 1164 1702 1232; x_wconf 79' lang='grc' dir='ltr'><strong>γέροντα,</strong></span> <span class='ocrx_word' id='word_1_83' title='bbox 1734 1161 1823 1211; x_wconf 86' lang='grc' dir='ltr'><strong>λέ-</strong></span> 
     </span>
    </p>
   </div>
   <div class='ocr_carea' id='block_1_13' title="bbox 262 1247 1824 1323">
    <p class='ocr_par' dir='ltr' id='par_1_13' title="bbox 262 1247 1824 1323">
     <span class='ocr_line' id='line_1_13' title="bbox 262 1247 1824 1323; baseline -0.003 -19"><span class='ocrx_word' id='word_1_84' title='bbox 262 1269 471 1318; x_wconf 90' lang='grc' dir='ltr'><strong>γοντες,</strong></span> <span class='ocrx_word' id='word_1_85' title='bbox 523 1253 834 1322; x_wconf 74' lang='grc' dir='ltr'><strong>ἀφεξόμεθα</strong></span> <span class='ocrx_word' id='word_1_86' title='bbox 880 1254 1177 1323; x_wconf 77' lang='grc' dir='ltr'><strong>τραπέζης.</strong></span> <span class='ocrx_word' id='word_1_87' title='bbox 1235 1252 1550 1321; x_wconf 79' lang='grc' dir='ltr'><strong>Ἐμέμψατο</strong></span> <span class='ocrx_word' id='word_1_88' title='bbox 1592 1247 1686 1304; x_wconf 84' lang='grc' dir='ltr'><strong>οὖν</strong></span> <span class='ocrx_word' id='word_1_89' title='bbox 1726 1249 1824 1319; x_wconf 81' lang='grc' dir='ltr'><strong>τὴν</strong></span> 
     </span>
    </p>
   </div>
   <div class='ocr_carea' id='block_1_14' title="bbox 261 1339 1824 1414">
    <p class='ocr_par' dir='ltr' id='par_1_14' title="bbox 261 1339 1824 1414">
     <span class='ocr_line' id='line_1_14' title="bbox 261 1339 1824 1414; baseline -0.002 -19"><span class='ocrx_word' id='word_1_90' title='bbox 261 1344 658 1412; x_wconf 76' lang='grc' dir='ltr'><strong>ἀπανθρωπίαν</strong></span> <span class='ocrx_word' id='word_1_91' title='bbox 734 1345 937 1414; x_wconf 89' lang='grc' dir='ltr'><strong>ταύτην</strong></span> <span class='ocrx_word' id='word_1_92' title='bbox 984 1347 1012 1398; x_wconf 98' lang='lat'><strong>6</strong></span> <span class='ocrx_word' id='word_1_93' title='bbox 1056 1344 1564 1414; x_wconf 76' lang='grc' dir='ltr'><strong>φιλανθρωπότατος</strong></span> <span class='ocrx_word' id='word_1_94' title='bbox 1615 1339 1824 1408; x_wconf 88' lang='grc' dir='ltr'><strong>ἀνδρῶν</strong></span> 
     </span>
    </p>
   </div>
   <div class='ocr_carea' id='block_1_15' title="bbox 272 1432 1824 1505">
    <p class='ocr_par' dir='ltr' id='par_1_15' title="bbox 272 1432 1824 1505">
     <span class='ocr_line' id='line_1_15' title="bbox 272 1432 1824 1505; baseline -0.014 -4"><span class='ocrx_word' id='word_1_95' title='bbox 272 1435 575 1503; x_wconf 69' lang='grc' dir='ltr'><strong>Ἀδέρκιοςι</strong></span> <span class='ocrx_word' id='word_1_96' title='bbox 636 1436 729 1486; x_wconf 68' lang='grc' dir='ltr'><strong>καὶ</strong></span> <span class='ocrx_word' id='word_1_97' title='bbox 777 1435 838 1486; x_wconf 69' lang='grc' dir='ltr'><strong>τὸ</strong></span> <span class='ocrx_word' id='word_1_98' title='bbox 876 1435 1011 1505; x_wconf 83' lang='grc' dir='ltr'><strong>μηδέ</strong></span> <span class='ocrx_word' id='word_1_99' title='bbox 1068 1452 1196 1486; x_wconf 91' lang='grc' dir='ltr'><strong>ποτε</strong></span> <span class='ocrx_word' id='word_1_100' title='bbox 1230 1434 1581 1504; x_wconf 82' lang='grc' dir='ltr'><strong>κορέννυσθαι</strong></span> <span class='ocrx_word' id='word_1_101' title='bbox 1642 1432 1824 1493; x_wconf 80' lang='grc' dir='ltr'><strong>αὐτοῖς</strong></span> 
     </span>
    </p>
   </div>
   <div class='ocr_carea' id='block_1_16' title="bbox 259 1523 1824 1598">
    <p class='ocr_par' dir='ltr' id='par_1_16' title="bbox 259 1523 1824 1598">
     <span class='ocr_line' id='line_1_16' title="bbox 259 1523 1824 1598; baseline -0.002 -23"><span class='ocrx_word' id='word_1_102' title='bbox 259 1526 677 1593; x_wconf 77' lang='grc' dir='ltr'><strong>ἐπηράσατο.’0</strong></span> <span class='ocrx_word' id='word_1_103' title='bbox 698 1528 791 1577; x_wconf 85' lang='grc' dir='ltr'><strong>καί</strong></span> <span class='ocrx_word' id='word_1_104' title='bbox 819 1527 977 1598; x_wconf 77' lang='grc' dir='ltr'><strong>ἔσχον</strong></span> <span class='ocrx_word' id='word_1_105' title='bbox 995 1528 1074 1588; x_wconf 85' lang='grc' dir='ltr'><strong>εἰς</strong></span> <span class='ocrx_word' id='word_1_106' title='bbox 1101 1526 1259 1595; x_wconf 80' lang='grc' dir='ltr'><strong>δεῦρο</strong></span> <span class='ocrx_word' id='word_1_107' title='bbox 1285 1543 1426 1596; x_wconf 80' lang='grc' dir='ltr'><strong>παρα</strong></span> <span class='ocrx_word' id='word_1_108' title='bbox 1440 1525 1599 1593; x_wconf 78' lang='grc' dir='ltr'><strong>μένον</strong></span> <span class='ocrx_word' id='word_1_109' title='bbox 1624 1523 1824 1585; x_wconf 82' lang='grc' dir='ltr'><strong>αὐτοῖς,</strong></span> 
     </span>
    </p>
   </div>
   <div class='ocr_carea' id='block_1_17' title="bbox 262 1617 1823 1691">
    <p class='ocr_par' dir='ltr' id='par_1_17' title="bbox 262 1617 1823 1691">
     <span class='ocr_line' id='line_1_17' title="bbox 262 1617 1823 1691; baseline -0.008 -13"><span class='ocrx_word' id='word_1_110' title='bbox 262 1618 678 1691; x_wconf 68' lang='grc' dir='ltr'><strong>μισανθρωπίας</strong></span> <span class='ocrx_word' id='word_1_111' title='bbox 755 1620 1137 1690; x_wconf 79' lang='grc' dir='ltr'><strong>φιλάνθρωπον</strong></span> <span class='ocrx_word' id='word_1_112' title='bbox 1210 1618 1450 1687; x_wconf 84' lang='grc' dir='ltr'><strong>ἀτεχνῶς</strong></span> <span class='ocrx_word' id='word_1_113' title='bbox 1527 1617 1823 1683; x_wconf 75' lang='grc' dir='ltr'><strong>ἐπιτίμιον.</strong></span> 
     </span>
    </p>
   </div>
   <div class='ocr_carea' id='block_1_18' title="bbox 261 1707 1826 1783">
    <p class='ocr_par' dir='ltr' id='par_1_18' title="bbox 261 1707 1826 1783">
     <span class='ocr_line' id='line_1_18' title="bbox 261 1707 1826 1783; baseline -0.006 -17"><span class='ocrx_word' id='word_1_114' title='bbox 261 1708 397 1766; x_wconf 75' lang='grc' dir='ltr'><strong>Εἶτα</strong></span> <span class='ocrx_word' id='word_1_115' title='bbox 436 1713 533 1782; x_wconf 83' lang='grc' dir='ltr'><strong>τῆς</strong></span> <span class='ocrx_word' id='word_1_116' title='bbox 565 1716 771 1783; x_wconf 74' lang='grc' dir='ltr'><strong>πέτρας</strong></span> <span class='ocrx_word' id='word_1_117' title='bbox 801 1712 1139 1775; x_wconf 79' lang='grc' dir='ltr'><strong>ἀπαναστὰς,</strong></span> <span class='ocrx_word' id='word_1_118' title='bbox 1172 1711 1269 1780; x_wconf 77' lang='grc' dir='ltr'><strong>τὴν</strong></span> <span class='ocrx_word' id='word_1_119' title='bbox 1310 1709 1505 1760; x_wconf 72' lang='grc' dir='ltr'><strong>ἑαυτοῦ</strong></span> <span class='ocrx_word' id='word_1_120' title='bbox 1546 1707 1695 1759; x_wconf 81' lang='grc' dir='ltr'><strong>πόλιν</strong></span> <span class='ocrx_word' id='word_1_121' title='bbox 1726 1722 1826 1758; x_wconf 85' lang='grc' dir='ltr'><strong>κα-</strong></span> 
     </span>
    </p>
   </div>
   <div class='ocr_carea' id='block_1_19' title="bbox 258 1796 1826 1874">
    <p class='ocr_par' dir='ltr' id='par_1_19' title="bbox 258 1796 1826 1874">
     <span class='ocr_line' id='line_1_19' title="bbox 258 1796 1826 1874; baseline -0.006 -18"><span class='ocrx_word' id='word_1_122' title='bbox 258 1803 623 1874; x_wconf 80' lang='grc' dir='ltr'><strong>ταλαμϐάνει.</strong></span> <span class='ocrx_word' id='word_1_123' title='bbox 660 1804 732 1855; x_wconf 83' lang='grc' dir='ltr'><strong>Τὸ</strong></span> <span class='ocrx_word' id='word_1_124' title='bbox 792 1803 924 1870; x_wconf 78' lang='grc' dir='ltr'><strong>γοῦν</strong></span> <span class='ocrx_word' id='word_1_125' title='bbox 978 1802 1179 1869; x_wconf 78' lang='grc' dir='ltr'><strong>πλῆθος</strong></span> <span class='ocrx_word' id='word_1_126' title='bbox 1218 1800 1533 1869; x_wconf 77' lang='grc' dir='ltr'><strong>αἰσθόμενοι</strong></span> <span class='ocrx_word' id='word_1_127' title='bbox 1582 1798 1681 1865; x_wconf 81' lang='grc' dir='ltr'><strong>τῆς</strong></span> <span class='ocrx_word' id='word_1_128' title='bbox 1731 1796 1826 1848; x_wconf 83' lang='grc' dir='ltr'><strong>τοῦ</strong></span> 
     </span>
    </p>
   </div>
   <div class='ocr_carea' id='block_1_20' title="bbox 260 1891 1829 1966">
    <p class='ocr_par' dir='ltr' id='par_1_20' title="bbox 260 1891 1829 1966">
     <span class='ocr_line' id='line_1_20' title="bbox 260 1891 1829 1966; baseline -0.005 -17"><span class='ocrx_word' id='word_1_129' title='bbox 260 1896 453 1966; x_wconf 77' lang='grc' dir='ltr'><strong>ἀνδρὸς</strong></span> <span class='ocrx_word' id='word_1_130' title='bbox 488 1896 811 1966; x_wconf 74' lang='grc' dir='ltr'><strong>παρουσίας,</strong></span> <span class='ocrx_word' id='word_1_131' title='bbox 847 1897 1138 1965; x_wconf 66' lang='grc' dir='ltr'><strong>συνέρρεον</strong></span> <span class='ocrx_word' id='word_1_132' title='bbox 1174 1894 1467 1962; x_wconf 77' lang='grc' dir='ltr'><strong>πανδημεὶ,</strong></span> <span class='ocrx_word' id='word_1_133' title='bbox 1519 1891 1829 1959; x_wconf 76' lang='grc' dir='ltr'><strong>γλιχόμενοι</strong></span> 
     </span>
    </p>
   </div>
   <div class='ocr_carea' id='block_1_21' title="bbox 259 1982 1829 2057">
    <p class='ocr_par' dir='ltr' id='par_1_21' title="bbox 259 1982 1829 2057">
     <span class='ocr_line' id='line_1_21' title="bbox 259 1982 1829 2057; baseline -0.004 -19"><span class='ocrx_word' id='word_1_134' title='bbox 259 1987 386 2056; x_wconf 73' lang='grc' dir='ltr'><strong>ὄψιν</strong></span> <span class='ocrx_word' id='word_1_135' title='bbox 422 2005 479 2039; x_wconf 90' lang='grc' dir='ltr'><strong>τε</strong></span> <span class='ocrx_word' id='word_1_136' title='bbox 508 1987 607 2057; x_wconf 80' lang='grc' dir='ltr'><strong>τὴν</strong></span> <span class='ocrx_word' id='word_1_137' title='bbox 638 1986 893 2053; x_wconf 87' lang='grc' dir='ltr'><strong>γλυκεῖαν</strong></span> <span class='ocrx_word' id='word_1_138' title='bbox 943 1989 1089 2052; x_wconf 83' lang='grc' dir='ltr'><strong>ἰδεῖν,</strong></span> <span class='ocrx_word' id='word_1_139' title='bbox 1143 1987 1237 2038; x_wconf 67' lang='grc' dir='ltr'><strong>καὶ</strong></span> <span class='ocrx_word' id='word_1_140' title='bbox 1268 1988 1449 2054; x_wconf 77' lang='grc' dir='ltr'><strong>φωνῆς</strong></span> <span class='ocrx_word' id='word_1_141' title='bbox 1480 1984 1706 2035; x_wconf 76' lang='grc' dir='ltr'><strong>ἀκοῦσαι</strong></span> <span class='ocrx_word' id='word_1_142' title='bbox 1731 1982 1829 2048; x_wconf 71' lang='grc' dir='ltr'><strong>τῆς</strong></span> 
     </span>
    </p>
   </div>
   <div class='ocr_carea' id='block_1_22' title="bbox 263 2074 1829 2149">
    <p class='ocr_par' dir='ltr' id='par_1_22' title="bbox 263 2074 1829 2149">
     <span class='ocr_line' id='line_1_22' title="bbox 263 2074 1829 2149; baseline -0.004 -18"><span class='ocrx_word' id='word_1_143' title='bbox 263 2079 627 2149; x_wconf 75' lang='grc' dir='ltr'><strong>ποθουμένης.</strong></span> <span class='ocrx_word' id='word_1_144' title='bbox 676 2080 733 2132; x_wconf 86' lang='lat'><strong>&#39;0</strong></span> <span class='ocrx_word' id='word_1_145' title='bbox 766 2081 867 2149; x_wconf 78' lang='grc' dir='ltr'><strong>μὲν</strong></span> <span class='ocrx_word' id='word_1_146' title='bbox 892 2076 985 2132; x_wconf 72' lang='grc' dir='ltr'><strong>οὖν</strong></span> <span class='ocrx_word' id='word_1_147' title='bbox 1022 2080 1275 2146; x_wconf 81' lang='grc' dir='ltr'><strong>ἀσμένως</strong></span> <span class='ocrx_word' id='word_1_148' title='bbox 1303 2077 1501 2137; x_wconf 80' lang='grc' dir='ltr'><strong>αὐτοὺς</strong></span> <span class='ocrx_word' id='word_1_149' title='bbox 1527 2074 1829 2142; x_wconf 75' lang='grc' dir='ltr'><strong>εὐλογήσας</strong></span> 
     </span>
    </p>
   </div>
   <div class='ocr_carea' id='block_1_23' title="bbox 262 2163 1827 2241">
    <p class='ocr_par' dir='ltr' id='par_1_23' title="bbox 262 2163 1827 2241">
     <span class='ocr_line' id='line_1_23' title="bbox 262 2163 1827 2241; baseline -0.004 -20"><span class='ocrx_word' id='word_1_150' title='bbox 262 2172 360 2222; x_wconf 75' lang='grc' dir='ltr'><strong>καὶ</strong></span> <span class='ocrx_word' id='word_1_151' title='bbox 385 2171 792 2238; x_wconf 74' lang='grc' dir='ltr'><strong>ἀσπασάμενος,</strong></span> <span class='ocrx_word' id='word_1_152' title='bbox 824 2171 1039 2241; x_wconf 80' lang='grc' dir='ltr'><strong>περιῄει</strong></span> <span class='ocrx_word' id='word_1_153' title='bbox 1077 2173 1174 2237; x_wconf 79' lang='grc' dir='ltr'><strong>τὴν</strong></span> <span class='ocrx_word' id='word_1_154' title='bbox 1206 2169 1357 2221; x_wconf 85' lang='grc' dir='ltr'><strong>πόλιν</strong></span> <span class='ocrx_word' id='word_1_155' title='bbox 1397 2168 1489 2219; x_wconf 68' lang='grc' dir='ltr'><strong>καὶ</strong></span> <span class='ocrx_word' id='word_1_156' title='bbox 1526 2163 1701 2227; x_wconf 76' lang='grc' dir='ltr'><strong>αὖθις,</strong></span> <span class='ocrx_word' id='word_1_157' title='bbox 1749 2165 1827 2215; x_wconf 88' lang='grc' dir='ltr'><strong>δι-</strong></span> 
     </span>
    </p>
   </div>
   <div class='ocr_carea' id='block_1_24' title="bbox 258 2256 1827 2331">
    <p class='ocr_par' dir='ltr' id='par_1_24' title="bbox 258 2256 1827 2331">
     <span class='ocr_line' id='line_1_24' title="bbox 258 2256 1827 2331; baseline -0.004 -18"><span class='ocrx_word' id='word_1_158' title='bbox 258 2260 477 2313; x_wconf 82' lang='grc' dir='ltr'><strong>δάσκων</strong></span> <span class='ocrx_word' id='word_1_159' title='bbox 496 2277 552 2311; x_wconf 89' lang='grc' dir='ltr'><strong>τε</strong></span> <span class='ocrx_word' id='word_1_160' title='bbox 570 2261 659 2313; x_wconf 75' lang='grc' dir='ltr'><strong>τὸν</strong></span> <span class='ocrx_word' id='word_1_161' title='bbox 694 2261 850 2328; x_wconf 83' lang='grc' dir='ltr'><strong>λόγον</strong></span> <span class='ocrx_word' id='word_1_162' title='bbox 871 2263 970 2331; x_wconf 87' lang='grc' dir='ltr'><strong>τῆς</strong></span> <span class='ocrx_word' id='word_1_163' title='bbox 996 2261 1251 2329; x_wconf 78' lang='grc' dir='ltr'><strong>ἀληθείας</strong></span> <span class='ocrx_word' id='word_1_164' title='bbox 1281 2261 1373 2312; x_wconf 81' lang='grc' dir='ltr'><strong>σὺν</strong></span> <span class='ocrx_word' id='word_1_165' title='bbox 1407 2257 1709 2329; x_wconf 69' lang='grc' dir='ltr'><strong>παρρησίᾳ,</strong></span> <span class='ocrx_word' id='word_1_166' title='bbox 1734 2256 1827 2308; x_wconf 72' lang='grc' dir='ltr'><strong>καὶ</strong></span> 
     </span>
    </p>
   </div>
   <div class='ocr_carea' id='block_1_25' title="bbox 259 2349 1826 2425">
    <p class='ocr_par' dir='ltr' id='par_1_25' title="bbox 259 2349 1826 2425">
     <span class='ocr_line' id='line_1_25' title="bbox 259 2349 1826 2425; baseline -0.003 -20"><span class='ocrx_word' id='word_1_167' title='bbox 259 2356 390 2417; x_wconf 78' lang='grc' dir='ltr'><strong>τοὺς</strong></span> <span class='ocrx_word' id='word_1_168' title='bbox 416 2354 739 2425; x_wconf 62' lang='grc' dir='ltr'><strong>προσιόντας</strong></span> <span class='ocrx_word' id='word_1_169' title='bbox 771 2354 857 2407; x_wconf 87' lang='grc' dir='ltr'><strong>διά</strong></span> <span class='ocrx_word' id='word_1_170' title='bbox 883 2355 979 2407; x_wconf 78' lang='grc' dir='ltr'><strong>τοῦ</strong></span> <span class='ocrx_word' id='word_1_171' title='bbox 1012 2355 1156 2408; x_wconf 80' lang='grc' dir='ltr'><strong>θείου</strong></span> <span class='ocrx_word' id='word_1_172' title='bbox 1180 2353 1556 2424; x_wconf 74' lang='grc' dir='ltr'><strong>βαπτίσματος</strong></span> <span class='ocrx_word' id='word_1_173' title='bbox 1585 2349 1826 2415; x_wconf 85' lang='grc' dir='ltr'><strong>τελειῶν,</strong></span> 
     </span>
    </p>
   </div>
   <div class='ocr_carea' id='block_1_26' title="bbox 258 2442 1829 2517">
    <p class='ocr_par' dir='ltr' id='par_1_26' title="bbox 258 2442 1829 2517">
     <span class='ocr_line' id='line_1_26' title="bbox 258 2442 1829 2517; baseline -0.004 -17"><span class='ocrx_word' id='word_1_174' title='bbox 258 2446 557 2516; x_wconf 79' lang='grc' dir='ltr'><strong>δαιμονῶσι</strong></span> <span class='ocrx_word' id='word_1_175' title='bbox 591 2446 744 2499; x_wconf 85' lang='grc' dir='ltr'><strong>λύσιν</strong></span> <span class='ocrx_word' id='word_1_176' title='bbox 776 2445 870 2499; x_wconf 81' lang='grc' dir='ltr'><strong>τοῦ</strong></span> <span class='ocrx_word' id='word_1_177' title='bbox 904 2447 1075 2499; x_wconf 79' lang='grc' dir='ltr'><strong>κακοῦ</strong></span> <span class='ocrx_word' id='word_1_178' title='bbox 1109 2447 1388 2517; x_wconf 75' lang='grc' dir='ltr'><strong>παρέχων,</strong></span> <span class='ocrx_word' id='word_1_179' title='bbox 1441 2445 1631 2506; x_wconf 77' lang='grc' dir='ltr'><strong>νόσους</strong></span> <span class='ocrx_word' id='word_1_180' title='bbox 1665 2442 1829 2512; x_wconf 83' lang='grc' dir='ltr'><strong>ίὼμε-</strong></span> 
     </span>
    </p>
   </div>
   <div class='ocr_carea' id='block_1_27' title="bbox 260 2534 1831 2608">
    <p class='ocr_par' dir='ltr' id='par_1_27' title="bbox 260 2534 1831 2608">
     <span class='ocr_line' id='line_1_27' title="bbox 260 2534 1831 2608; baseline -0.004 -15"><span class='ocrx_word' id='word_1_181' title='bbox 260 2554 376 2603; x_wconf 82' lang='grc' dir='ltr'><strong>νος,</strong></span> <span class='ocrx_word' id='word_1_182' title='bbox 424 2538 518 2593; x_wconf 75' lang='grc' dir='ltr'><strong>καὶ</strong></span> <span class='ocrx_word' id='word_1_183' title='bbox 556 2538 759 2601; x_wconf 74' lang='grc' dir='ltr'><strong>παντὸς</strong></span> <span class='ocrx_word' id='word_1_184' title='bbox 815 2539 1171 2608; x_wconf 86' lang='grc' dir='ltr'><strong>ίσχυροτέραν</strong></span> <span class='ocrx_word' id='word_1_185' title='bbox 1207 2539 1414 2598; x_wconf 83' lang='grc' dir='ltr'><strong>πάθους</strong></span> <span class='ocrx_word' id='word_1_186' title='bbox 1448 2539 1548 2608; x_wconf 80' lang='grc' dir='ltr'><strong>τὴν</strong></span> <span class='ocrx_word' id='word_1_187' title='bbox 1580 2538 1639 2589; x_wconf 71' lang='grc' dir='ltr'><strong>ιν</strong></span> <span class='ocrx_word' id='word_1_188' title='bbox 1681 2534 1831 2604; x_wconf 79' lang='grc' dir='ltr'><strong>αύτῷ</strong></span> 
     </span>
    </p>
   </div>
   <div class='ocr_carea' id='block_1_28' title="bbox 261 2623 1830 2697">
    <p class='ocr_par' dir='ltr' id='par_1_28' title="bbox 261 2623 1830 2697">
     <span class='ocr_line' id='line_1_28' title="bbox 261 2623 1830 2697; baseline -0.005 -14"><span class='ocrx_word' id='word_1_189' title='bbox 261 2628 359 2683; x_wconf 83' lang='grc' dir='ltr'><strong>τοῦ</strong></span> <span class='ocrx_word' id='word_1_190' title='bbox 395 2629 701 2697; x_wconf 82' lang='grc' dir='ltr'><strong>πνεύματος</strong></span> <span class='ocrx_word' id='word_1_191' title='bbox 739 2627 968 2697; x_wconf 82' lang='grc' dir='ltr'><strong>δύναμιν</strong></span> <span class='ocrx_word' id='word_1_192' title='bbox 1016 2626 1467 2697; x_wconf 60' lang='grc' dir='ltr'><strong>προϐαλλόμενος.</strong></span> <span class='ocrx_word' id='word_1_193' title='bbox 1522 2625 1742 2692; x_wconf 74' lang='grc' dir='ltr'><strong>Συνθεὶς</strong></span> <span class='ocrx_word' id='word_1_194' title='bbox 1773 2623 1830 2675; x_wconf 83' lang='grc' dir='ltr'><strong>δὲ</strong></span> 
     </span>
    </p>
   </div>
   <div class='ocr_carea' id='block_1_29' title="bbox 267 2718 1829 2790">
    <p class='ocr_par' dir='ltr' id='par_1_29' title="bbox 267 2718 1829 2790">
     <span class='ocr_line' id='line_1_29' title="bbox 267 2718 1829 2790; baseline -0.003 -16"><span class='ocrx_word' id='word_1_195' title='bbox 267 2738 367 2776; x_wconf 88' lang='grc' dir='ltr'><strong>και</strong></span> <span class='ocrx_word' id='word_1_196' title='bbox 412 2720 596 2790; x_wconf 86' lang='grc' dir='ltr'><strong>βίϐλον</strong></span> <span class='ocrx_word' id='word_1_197' title='bbox 632 2721 985 2784; x_wconf 82' lang='grc' dir='ltr'><strong>διδασκαλίας</strong></span> <span class='ocrx_word' id='word_1_198' title='bbox 1035 2722 1178 2776; x_wconf 84' lang='grc' dir='ltr'><strong>πάνυ</strong></span> <span class='ocrx_word' id='word_1_199' title='bbox 1246 2720 1536 2789; x_wconf 73' lang='grc' dir='ltr'><strong>ὠφελίμως</strong></span> <span class='ocrx_word' id='word_1_200' title='bbox 1578 2718 1829 2787; x_wconf 76' lang='grc' dir='ltr'><strong>ἔχουσαν,</strong></span> 
     </span>
    </p>
   </div>
   <div class='ocr_carea' id='block_1_30' title="bbox 264 2811 1833 2884">
    <p class='ocr_par' dir='ltr' id='par_1_30' title="bbox 264 2811 1833 2884">
     <span class='ocr_line' id='line_1_30' title="bbox 264 2811 1833 2884; baseline -0.002 -17"><span class='ocrx_word' id='word_1_201' title='bbox 264 2814 590 2867; x_wconf 81' lang='grc' dir='ltr'><strong>καταλείπει</strong></span> <span class='ocrx_word' id='word_1_202' title='bbox 631 2817 743 2876; x_wconf 80' lang='grc' dir='ltr'><strong>τοῖς</strong></span> <span class='ocrx_word' id='word_1_203' title='bbox 800 2815 892 2866; x_wconf 81' lang='grc' dir='ltr'><strong>ὑπ’</strong></span> <span class='ocrx_word' id='word_1_204' title='bbox 944 2813 1109 2868; x_wconf 71' lang='grc' dir='ltr'><strong>αὐτὸν</strong></span> <span class='ocrx_word' id='word_1_205' title='bbox 1165 2813 1559 2884; x_wconf 82' lang='grc' dir='ltr'><strong>πρεσϐυτέροις</strong></span> <span class='ocrx_word' id='word_1_206' title='bbox 1592 2812 1709 2881; x_wconf 75' lang='grc' dir='ltr'><strong>ἅμα</strong></span> <span class='ocrx_word' id='word_1_207' title='bbox 1740 2811 1833 2865; x_wconf 73' lang='grc' dir='ltr'><strong>καὶ</strong></span> 
     </span>
    </p>
   </div>
   <div class='ocr_carea' id='block_1_31' title="bbox 264 2904 1835 2975">
    <p class='ocr_par' dir='ltr' id='par_1_31' title="bbox 264 2904 1835 2975">
     <span class='ocr_line' id='line_1_31' title="bbox 264 2904 1835 2975; baseline -0.001 -16"><span class='ocrx_word' id='word_1_208' title='bbox 264 2906 561 2971; x_wconf 81' lang='grc' dir='ltr'><strong>διακόνοις,</strong></span> <span class='ocrx_word' id='word_1_209' title='bbox 593 2905 680 2960; x_wconf 82' lang='grc' dir='ltr'><strong>ἵνα</strong></span> <span class='ocrx_word' id='word_1_210' title='bbox 709 2907 805 2959; x_wconf 77' lang='grc' dir='ltr'><strong>καὶ</strong></span> <span class='ocrx_word' id='word_1_211' title='bbox 840 2905 982 2975; x_wconf 83' lang='grc' dir='ltr'><strong>μετά</strong></span> <span class='ocrx_word' id='word_1_212' title='bbox 1025 2907 1255 2961; x_wconf 82' lang='grc' dir='ltr'><strong>θάνατον</strong></span> <span class='ocrx_word' id='word_1_213' title='bbox 1309 2905 1616 2975; x_wconf 80' lang='grc' dir='ltr'><strong>φθέγγηται</strong></span> <span class='ocrx_word' id='word_1_214' title='bbox 1645 2904 1714 2957; x_wconf 79' lang='grc' dir='ltr'><strong>δι’</strong></span> <span class='ocrx_word' id='word_1_215' title='bbox 1737 2905 1835 2957; x_wconf 78' lang='lat' dir='ltr'><strong>a6-</strong></span> 
     </span>
    </p>
   </div>
   <div class='ocr_carea' id='block_1_32' title="bbox 265 2997 1831 3069">
    <p class='ocr_par' dir='ltr' id='par_1_32' title="bbox 265 2997 1831 3069">
     <span class='ocr_line' id='line_1_32' title="bbox 265 2997 1831 3069; baseline 0 -18"><span class='ocrx_word' id='word_1_216' title='bbox 265 2998 391 3068; x_wconf 80' lang='grc' dir='ltr'><strong>τῆς,</strong></span> <span class='ocrx_word' id='word_1_217' title='bbox 429 2999 522 3051; x_wconf 82' lang='grc' dir='ltr'><strong>καὶ</strong></span> <span class='ocrx_word' id='word_1_218' title='bbox 565 2997 766 3068; x_wconf 83' lang='grc' dir='ltr'><strong>τρόπον</strong></span> <span class='ocrx_word' id='word_1_219' title='bbox 806 2998 929 3051; x_wconf 79' lang='grc' dir='ltr'><strong>τινὰ</strong></span> <span class='ocrx_word' id='word_1_220' title='bbox 984 2998 1255 3069; x_wconf 83' lang='grc' dir='ltr'><strong>μηδέποτε</strong></span> <span class='ocrx_word' id='word_1_221' title='bbox 1295 2998 1521 3067; x_wconf 82' lang='grc' dir='ltr'><strong>ὠφελῶν</strong></span> <span class='ocrx_word' id='word_1_222' title='bbox 1569 2997 1831 3068; x_wconf 83' lang='grc' dir='ltr'><strong>παύηται.</strong></span> 
     </span>
    </p>
   </div>
   <div class='ocr_carea' id='block_1_33' title="bbox 338 3085 1830 3159">
    <p class='ocr_par' dir='ltr' id='par_1_33' title="bbox 338 3085 1830 3159">
     <span class='ocr_line' id='line_1_33' title="bbox 338 3085 1830 3159; baseline -0.001 -17"><span class='ocrx_word' id='word_1_223' title='bbox 338 3087 474 3143; x_wconf 70' lang='grc' dir='ltr'><strong>κη’.</strong></span> <span class='ocrx_word' id='word_1_224' title='bbox 514 3089 781 3144; x_wconf 81' lang='grc' dir='ltr'><strong>’Δνελθὼν</strong></span> <span class='ocrx_word' id='word_1_225' title='bbox 831 3085 925 3144; x_wconf 78' lang='grc' dir='ltr'><strong>οὖν</strong></span> <span class='ocrx_word' id='word_1_226' title='bbox 964 3105 1096 3144; x_wconf 87' lang='grc' dir='ltr'><strong>ποτε</strong></span> <span class='ocrx_word' id='word_1_227' title='bbox 1138 3091 1218 3153; x_wconf 84' lang='grc' dir='ltr'><strong>είς</strong></span> <span class='ocrx_word' id='word_1_228' title='bbox 1262 3088 1386 3159; x_wconf 77' lang='grc' dir='ltr'><strong>ὅρος</strong></span> <span class='ocrx_word' id='word_1_229' title='bbox 1438 3088 1641 3159; x_wconf 74' lang='grc' dir='ltr'><strong>ὑψηλὸν</strong></span> <span class='ocrx_word' id='word_1_230' title='bbox 1690 3088 1830 3141; x_wconf 79' lang='grc' dir='ltr'><strong>οὓτω</strong></span> 
     </span>
    </p>
   </div>
   <div class='ocr_carea' id='block_1_34' title="bbox 262 3177 1902 3253">
    <p class='ocr_par' dir='ltr' id='par_1_34' title="bbox 262 3177 1902 3253">
     <span class='ocr_line' id='line_1_34' title="bbox 262 3177 1902 3253; baseline -0.001 -21"><span class='ocrx_word' id='word_1_231' title='bbox 262 3180 485 3251; x_wconf 82' lang='grc' dir='ltr'><strong>δεῆσαν,</strong></span> <span class='ocrx_word' id='word_1_232' title='bbox 540 3183 660 3235; x_wconf 68' lang='grc' dir='ltr'><strong>ἐπεὶ</strong></span> <span class='ocrx_word' id='word_1_233' title='bbox 697 3182 824 3252; x_wconf 62' lang='grc' dir='ltr'><strong>δίψῃ</strong></span> <span class='ocrx_word' id='word_1_234' title='bbox 875 3181 1020 3253; x_wconf 79' lang='grc' dir='ltr'><strong>δεινῇ</strong></span> <span class='ocrx_word' id='word_1_235' title='bbox 1081 3181 1240 3245; x_wconf 86' lang='grc' dir='ltr'><strong>αὑτός</strong></span> <span class='ocrx_word' id='word_1_236' title='bbox 1278 3197 1338 3233; x_wconf 86' lang='grc' dir='ltr'><strong>τε</strong></span> <span class='ocrx_word' id='word_1_237' title='bbox 1381 3179 1477 3234; x_wconf 78' lang='grc' dir='ltr'><strong>καὶ</strong></span> <span class='ocrx_word' id='word_1_238' title='bbox 1525 3181 1638 3233; x_wconf 83' lang='grc' dir='ltr'><strong>ὅσοι</strong></span> <span class='ocrx_word' id='word_1_239' title='bbox 1684 3177 1832 3247; x_wconf 83' lang='grc' dir='ltr'><strong>αὐτῷ</strong></span> <span class='ocrx_word' id='word_1_240' title='bbox 1859 3184 1902 3243; x_wconf 83' lang='lat' dir='ltr'>c</span> 
     </span>
    </p>
   </div>
   <div class='ocr_carea' id='block_1_35' title="bbox 267 3268 1831 3343">
    <p class='ocr_par' dir='ltr' id='par_1_35' title="bbox 267 3268 1831 3343">
     <span class='ocr_line' id='line_1_35' title="bbox 267 3268 1831 3343; baseline -0.003 -18"><span class='ocrx_word' id='word_1_241' title='bbox 267 3273 511 3342; x_wconf 81' lang='grc' dir='ltr'><strong>συνῆσαν</strong></span> <span class='ocrx_word' id='word_1_242' title='bbox 534 3273 769 3343; x_wconf 69' lang='grc' dir='ltr'><strong>ἣλωσαν,</strong></span> <span class='ocrx_word' id='word_1_243' title='bbox 801 3274 894 3325; x_wconf 72' lang='grc' dir='ltr'><strong>ἐπὶ</strong></span> <span class='ocrx_word' id='word_1_244' title='bbox 922 3274 1013 3326; x_wconf 80' lang='grc' dir='ltr'><strong>τὸν</strong></span> <span class='ocrx_word' id='word_1_245' title='bbox 1040 3274 1218 3327; x_wconf 83' lang='grc' dir='ltr'><strong>πάντα</strong></span> <span class='ocrx_word' id='word_1_246' title='bbox 1234 3273 1534 3341; x_wconf 82' lang='grc' dir='ltr'><strong>δυνάμενον</strong></span> <span class='ocrx_word' id='word_1_247' title='bbox 1555 3268 1831 3337; x_wconf 80' lang='grc' dir='ltr'><strong>καταφεύ-</strong></span> 
     </span>
    </p>
   </div>
   <div class='ocr_carea' id='block_1_36' title="bbox 266 3363 1835 3435">
    <p class='ocr_par' dir='ltr' id='par_1_36' title="bbox 266 3363 1835 3435">
     <span class='ocr_line' id='line_1_36' title="bbox 266 3363 1835 3435; baseline -0.003 -17"><span class='ocrx_word' id='word_1_248' title='bbox 266 3383 377 3434; x_wconf 82' lang='grc' dir='ltr'><strong>γει.</strong></span> <span class='ocrx_word' id='word_1_249' title='bbox 409 3369 517 3420; x_wconf 82' lang='grc' dir='ltr'><strong>Καὶ</strong></span> <span class='ocrx_word' id='word_1_250' title='bbox 540 3367 700 3428; x_wconf 80' lang='grc' dir='ltr'><strong>αὐτὸς</strong></span> <span class='ocrx_word' id='word_1_251' title='bbox 726 3366 824 3435; x_wconf 83' lang='grc' dir='ltr'><strong>μὲν</strong></span> <span class='ocrx_word' id='word_1_252' title='bbox 847 3368 925 3427; x_wconf 84' lang='grc' dir='ltr'><strong>είς</strong></span> <span class='ocrx_word' id='word_1_253' title='bbox 952 3366 1257 3434; x_wconf 81' lang='grc' dir='ltr'><strong>προσευχὴν</strong></span> <span class='ocrx_word' id='word_1_254' title='bbox 1280 3364 1504 3428; x_wconf 79' lang='grc' dir='ltr'><strong>κλιθεὶς,</strong></span> <span class='ocrx_word' id='word_1_255' title='bbox 1536 3364 1601 3415; x_wconf 67' lang='grc' dir='ltr'><strong>τὰ</strong></span> <span class='ocrx_word' id='word_1_256' title='bbox 1629 3363 1835 3430; x_wconf 90' lang='grc' dir='ltr'><strong>γόνατα</strong></span> 
     </span>
    </p>
   </div>
   <div class='ocr_carea' id='block_1_37' title="bbox 266 3454 1835 3527">
    <p class='ocr_par' dir='ltr' id='par_1_37' title="bbox 266 3454 1835 3527">
     <span class='ocr_line' id='line_1_37' title="bbox 266 3454 1835 3527; baseline -0.001 -18"><span class='ocrx_word' id='word_1_257' title='bbox 266 3459 347 3527; x_wconf 83' lang='grc' dir='ltr'><strong>τῶ</strong></span> <span class='ocrx_word' id='word_1_258' title='bbox 373 3458 557 3525; x_wconf 70' lang='grc' dir='ltr'><strong>ἐδάφει</strong></span> <span class='ocrx_word' id='word_1_259' title='bbox 608 3456 850 3509; x_wconf 83' lang='grc' dir='ltr'><strong>δίδωσιν·</strong></span> <span class='ocrx_word' id='word_1_260' title='bbox 884 3456 1025 3527; x_wconf 80' lang='grc' dir='ltr'><strong>ὕδωρ</strong></span> <span class='ocrx_word' id='word_1_261' title='bbox 1059 3456 1115 3508; x_wconf 77' lang='grc' dir='ltr'><strong>δὲ</strong></span> <span class='ocrx_word' id='word_1_262' title='bbox 1153 3456 1382 3525; x_wconf 83' lang='grc' dir='ltr'><strong>πότιμον</strong></span> <span class='ocrx_word' id='word_1_263' title='bbox 1443 3454 1603 3517; x_wconf 83' lang='grc' dir='ltr'><strong>εὐθὺς</strong></span> <span class='ocrx_word' id='word_1_264' title='bbox 1633 3455 1835 3525; x_wconf 80' lang='grc' dir='ltr'><strong>ἀνῆκεν</strong></span> 
     </span>
    </p>
   </div>
   <div class='ocr_carea' id='block_1_38' title="bbox 271 3546 1839 3620">
    <p class='ocr_par' dir='ltr' id='par_1_38' title="bbox 271 3546 1839 3620">
     <span class='ocr_line' id='line_1_38' title="bbox 271 3546 1839 3620; baseline -0.003 -17"><span class='ocrx_word' id='word_1_265' title='bbox 271 3553 304 3620; x_wconf 78' lang='grc' dir='ltr'>ἡ</span> <span class='ocrx_word' id='word_1_266' title='bbox 337 3551 427 3619; x_wconf 82' lang='grc' dir='ltr'><strong>γῆ.</strong></span> <span class='ocrx_word' id='word_1_267' title='bbox 455 3550 564 3603; x_wconf 80' lang='grc' dir='ltr'><strong>Καὶ</strong></span> <span class='ocrx_word' id='word_1_268' title='bbox 594 3550 622 3601; x_wconf 89' lang='lat'><strong>6</strong></span> <span class='ocrx_word' id='word_1_269' title='bbox 650 3550 814 3612; x_wconf 83' lang='grc' dir='ltr'><strong>τόπος</strong></span> <span class='ocrx_word' id='word_1_270' title='bbox 854 3550 913 3613; x_wconf 64' lang='lat' dir='ltr'><strong>es</strong></span> <span class='ocrx_word' id='word_1_271' title='bbox 940 3549 1145 3604; x_wconf 75' lang='grc' dir='ltr'><strong>ἐκείνου</strong></span> <span class='ocrx_word' id='word_1_272' title='bbox 1207 3550 1370 3613; x_wconf 81' lang='grc' dir='ltr'><strong>τόπος</strong></span> <span class='ocrx_word' id='word_1_273' title='bbox 1397 3548 1746 3618; x_wconf 85' lang='grc' dir='ltr'><strong>γονυκλισίας</strong></span> <span class='ocrx_word' id='word_1_274' title='bbox 1778 3546 1839 3600; x_wconf 80' lang='grc' dir='ltr'><strong>τὸ</strong></span> 
     </span>
    </p>
   </div>
   <div class='ocr_carea' id='block_1_39' title="bbox 270 3637 1839 3714">
    <p class='ocr_par' dir='ltr' id='par_1_39' title="bbox 270 3637 1839 3714">
     <span class='ocr_line' id='line_1_39' title="bbox 270 3637 1839 3714; baseline 0.001 -21"><span class='ocrx_word' id='word_1_275' title='bbox 270 3644 457 3696; x_wconf 74' lang='grc' dir='ltr'><strong>λοιπὸν</strong></span> <span class='ocrx_word' id='word_1_276' title='bbox 499 3644 724 3714; x_wconf 78' lang='grc' dir='ltr'><strong>ἐκλήθη.</strong></span> <span class='ocrx_word' id='word_1_277' title='bbox 775 3644 921 3714; x_wconf 79' lang='grc' dir='ltr'><strong>Πλὴν</strong></span> <span class='ocrx_word' id='word_1_278' title='bbox 965 3643 1098 3697; x_wconf 81' lang='grc' dir='ltr'><strong>ἀλλᾶ</strong></span> <span class='ocrx_word' id='word_1_279' title='bbox 1148 3643 1267 3696; x_wconf 84' lang='grc' dir='ltr'><strong>τότε</strong></span> <span class='ocrx_word' id='word_1_280' title='bbox 1306 3644 1404 3711; x_wconf 74' lang='grc' dir='ltr'><strong>μὲν</strong></span> <span class='ocrx_word' id='word_1_281' title='bbox 1456 3644 1534 3705; x_wconf 84' lang='grc' dir='ltr'><strong>είς</strong></span> <span class='ocrx_word' id='word_1_282' title='bbox 1572 3643 1662 3695; x_wconf 73' lang='grc' dir='ltr'><strong>τὸν</strong></span> <span class='ocrx_word' id='word_1_283' title='bbox 1691 3637 1839 3695; x_wconf 86' lang='grc' dir='ltr'><strong>οἷκον</strong></span> 
     </span>
    </p>
   </div>
   <div class='ocr_carea' id='block_1_40' title="bbox 273 3734 1839 3805">
    <p class='ocr_par' dir='ltr' id='par_1_40' title="bbox 273 3734 1839 3805">
     <span class='ocr_line' id='line_1_40' title="bbox 273 3734 1839 3805; baseline -0.002 -15"><span class='ocrx_word' id='word_1_284' title='bbox 273 3736 438 3791; x_wconf 79' lang='grc' dir='ltr'><strong>αὑτοῦ</strong></span> <span class='ocrx_word' id='word_1_285' title='bbox 506 3737 811 3802; x_wconf 74' lang='grc' dir='ltr'><strong>ἐπανῆκεν·</strong></span> <span class='ocrx_word' id='word_1_286' title='bbox 844 3737 905 3787; x_wconf 85' lang='grc' dir='ltr'><strong>ού</strong></span> <span class='ocrx_word' id='word_1_287' title='bbox 950 3735 1125 3805; x_wconf 86' lang='grc' dir='ltr'><strong>πολλῷ</strong></span> <span class='ocrx_word' id='word_1_288' title='bbox 1177 3734 1235 3787; x_wconf 78' lang='grc' dir='ltr'><strong>δὲ</strong></span> <span class='ocrx_word' id='word_1_289' title='bbox 1278 3734 1500 3803; x_wconf 78' lang='grc' dir='ltr'><strong>ὕστερον</strong></span> <span class='ocrx_word' id='word_1_290' title='bbox 1528 3735 1629 3803; x_wconf 79' lang='grc' dir='ltr'><strong>ὁρᾷ</strong></span> <span class='ocrx_word' id='word_1_291' title='bbox 1677 3735 1839 3788; x_wconf 78' lang='grc' dir='ltr'><strong>πάλιν</strong></span> 
     </span>
    </p>
   </div>
   <div class='ocr_carea' id='block_1_41' title="bbox 272 3824 1839 3896">
    <p class='ocr_par' dir='ltr' id='par_1_41' title="bbox 272 3824 1839 3896">
     <span class='ocr_line' id='line_1_41' title="bbox 272 3824 1839 3896; baseline -0.002 -16"><span class='ocrx_word' id='word_1_292' title='bbox 272 3828 406 3896; x_wconf 74' lang='grc' dir='ltr'><strong>ὄναρ</strong></span> <span class='ocrx_word' id='word_1_293' title='bbox 438 3825 585 3896; x_wconf 77' lang='grc' dir='ltr'><strong>αὐτῷ</strong></span> <span class='ocrx_word' id='word_1_294' title='bbox 618 3825 706 3876; x_wconf 80' lang='grc' dir='ltr'><strong>τὸν</strong></span> <span class='ocrx_word' id='word_1_295' title='bbox 744 3824 948 3895; x_wconf 82' lang='grc' dir='ltr'><strong>Κύριον</strong></span> <span class='ocrx_word' id='word_1_296' title='bbox 980 3826 1278 3879; x_wconf 80' lang='grc' dir='ltr'><strong>ἐπιστάντα</strong></span> <span class='ocrx_word' id='word_1_297' title='bbox 1306 3826 1419 3887; x_wconf 80' lang='grc' dir='ltr'><strong>καὶ,</strong></span> <span class='ocrx_word' id='word_1_298' title='bbox 1457 3824 1724 3895; x_wconf 84' lang='grc' dir='ltr'><strong>’Λϐἐρκιε,</strong></span> <span class='ocrx_word' id='word_1_299' title='bbox 1753 3824 1839 3878; x_wconf 86' lang='grc' dir='ltr'><strong>λέ-</strong></span> 
     </span>
    </p>
   </div>
   <div class='ocr_carea' id='block_1_42' title="bbox 274 3913 1841 3986">
    <p class='ocr_par' dir='ltr' id='par_1_42' title="bbox 274 3913 1841 3986">
     <span class='ocr_line' id='line_1_42' title="bbox 274 3913 1841 3986; baseline -0.002 -16"><span class='ocrx_word' id='word_1_300' title='bbox 274 3932 463 3984; x_wconf 82' lang='grc' dir='ltr'><strong>γοντα,</strong></span> <span class='ocrx_word' id='word_1_301' title='bbox 500 3916 728 3985; x_wconf 77' lang='grc' dir='ltr'><strong>ἢγγικεν</strong></span> <span class='ocrx_word' id='word_1_302' title='bbox 778 3917 877 3986; x_wconf 76' lang='grc' dir='ltr'><strong>ἤδη</strong></span> <span class='ocrx_word' id='word_1_303' title='bbox 911 3918 937 3968; x_wconf 89' lang='lat'><strong>6</strong></span> <span class='ocrx_word' id='word_1_304' title='bbox 983 3915 1195 3983; x_wconf 83' lang='grc' dir='ltr'><strong>καιρὸς,</strong></span> <span class='ocrx_word' id='word_1_305' title='bbox 1228 3913 1366 3965; x_wconf 82' lang='grc' dir='ltr'><strong>ὥστε</strong></span> <span class='ocrx_word' id='word_1_306' title='bbox 1424 3915 1841 3968; x_wconf 83' lang='grc' dir='ltr'><strong>ἀναπαύσασθαί</strong></span> 
     </span>
    </p>
   </div>
   <div class='ocr_carea' id='block_1_43' title="bbox 276 4004 1840 4075">
    <p class='ocr_par' dir='ltr' id='par_1_43' title="bbox 276 4004 1840 4075">
     <span class='ocr_line' id='line_1_43' title="bbox 276 4004 1840 4075; baseline -0.001 -17"><span class='ocrx_word' id='word_1_307' title='bbox 276 4022 339 4059; x_wconf 65' lang='grc' dir='ltr'><strong>οἳ</strong></span> <span class='ocrx_word' id='word_1_308' title='bbox 366 4005 476 4058; x_wconf 84' lang='grc' dir='ltr'><strong>τῶν</strong></span> <span class='ocrx_word' id='word_1_309' title='bbox 512 4007 688 4058; x_wconf 85' lang='grc' dir='ltr'><strong>πόνων</strong></span> <span class='ocrx_word' id='word_1_310' title='bbox 721 4022 813 4056; x_wconf 83' lang='grc' dir='ltr'><strong>σου</strong></span> <span class='ocrx_word' id='word_1_311' title='bbox 850 4005 956 4056; x_wconf 90' lang='grc' dir='ltr'><strong>τῶν</strong></span> <span class='ocrx_word' id='word_1_312' title='bbox 1001 4006 1247 4074; x_wconf 87' lang='grc' dir='ltr'><strong>μακρῶν.</strong></span> <span class='ocrx_word' id='word_1_313' title='bbox 1274 4006 1727 4075; x_wconf 79' lang='grc' dir='ltr'><strong>Διαγρηγορησας</strong></span> <span class='ocrx_word' id='word_1_314' title='bbox 1782 4004 1840 4057; x_wconf 87' lang='grc' dir='ltr'><strong>δὲ</strong></span> 
     </span>
    </p>
   </div>
   <div class='ocr_carea' id='block_1_44' title="bbox 276 4095 1838 4168">
    <p class='ocr_par' dir='ltr' id='par_1_44' title="bbox 276 4095 1838 4168">
     <span class='ocr_line' id='line_1_44' title="bbox 276 4095 1838 4168; baseline 0 -19"><span class='ocrx_word' id='word_1_315' title='bbox 276 4097 373 4149; x_wconf 79' lang='grc' dir='ltr'><strong>καὶ</strong></span> <span class='ocrx_word' id='word_1_316' title='bbox 399 4097 557 4167; x_wconf 80' lang='grc' dir='ltr'><strong>γνοὺς</strong></span> <span class='ocrx_word' id='word_1_317' title='bbox 590 4097 687 4166; x_wconf 82' lang='grc' dir='ltr'><strong>τὴν</strong></span> <span class='ocrx_word' id='word_1_318' title='bbox 720 4095 976 4166; x_wconf 82' lang='grc' dir='ltr'><strong>τελευτὴν</strong></span> <span class='ocrx_word' id='word_1_319' title='bbox 1005 4096 1152 4167; x_wconf 81' lang='grc' dir='ltr'><strong>αὐτῷ</strong></span> <span class='ocrx_word' id='word_1_320' title='bbox 1200 4098 1615 4168; x_wconf 71' lang='grc' dir='ltr'><strong>προδηλοῦσθαι,</strong></span> <span class='ocrx_word' id='word_1_321' title='bbox 1654 4098 1712 4149; x_wconf 84' lang='grc' dir='ltr'><strong>τὸ</strong></span> <span class='ocrx_word' id='word_1_322' title='bbox 1746 4116 1838 4165; x_wconf 64' lang='grc' dir='ltr'><strong>φας</strong></span> 
     </span>
    </p>
   </div>
   <div class='ocr_carea' id='block_1_45' title="bbox 277 4188 1845 4259">
    <p class='ocr_par' dir='ltr' id='par_1_45' title="bbox 277 4188 1845 4259">
     <span class='ocr_line' id='line_1_45' title="bbox 277 4188 1845 4259; baseline -0.003 -16"><span class='ocrx_word' id='word_1_323' title='bbox 277 4191 366 4244; x_wconf 81' lang='grc' dir='ltr'><strong>νὲν</strong></span> <span class='ocrx_word' id='word_1_324' title='bbox 391 4193 499 4252; x_wconf 87' lang='grc' dir='ltr'><strong>τοῖς</strong></span> <span class='ocrx_word' id='word_1_325' title='bbox 529 4189 775 4257; x_wconf 81' lang='grc' dir='ltr'><strong>ἀδελφοῖς</strong></span> <span class='ocrx_word' id='word_1_326' title='bbox 801 4188 1092 4259; x_wconf 83' lang='grc' dir='ltr'><strong>διηγεῖται,</strong></span> <span class='ocrx_word' id='word_1_327' title='bbox 1130 4191 1220 4242; x_wconf 80' lang='grc' dir='ltr'><strong>καὶ</strong></span> <span class='ocrx_word' id='word_1_328' title='bbox 1243 4190 1387 4241; x_wconf 86' lang='grc' dir='ltr'><strong>λίθον</strong></span> <span class='ocrx_word' id='word_1_329' title='bbox 1421 4190 1543 4240; x_wconf 70' lang='grc' dir='ltr'><strong>τινὰ</strong></span> <span class='ocrx_word' id='word_1_330' title='bbox 1567 4190 1845 4257; x_wconf 69' lang='grc' dir='ltr'><strong>τετράγω-</strong></span> 
     </span>
    </p>
   </div>
   <div class='ocr_carea' id='block_1_46' title="bbox 278 4282 1848 4352">
    <p class='ocr_par' dir='ltr' id='par_1_46' title="bbox 278 4282 1848 4352">
     <span class='ocr_line' id='line_1_46' title="bbox 278 4282 1848 4352; baseline 0.001 -17"><span class='ocrx_word' id='word_1_331' title='bbox 278 4300 369 4336; x_wconf 91' lang='grc' dir='ltr'><strong>νον</strong></span> <span class='ocrx_word' id='word_1_332' title='bbox 406 4284 579 4352; x_wconf 80' lang='grc' dir='ltr'><strong>μῆκός</strong></span> <span class='ocrx_word' id='word_1_333' title='bbox 605 4299 662 4333; x_wconf 85' lang='grc' dir='ltr'><strong>τε</strong></span> <span class='ocrx_word' id='word_1_334' title='bbox 698 4284 793 4333; x_wconf 77' lang='grc' dir='ltr'><strong>καὶ</strong></span> <span class='ocrx_word' id='word_1_335' title='bbox 837 4285 1033 4343; x_wconf 79' lang='grc' dir='ltr'><strong>πλάτος</strong></span> <span class='ocrx_word' id='word_1_336' title='bbox 1066 4285 1199 4345; x_wconf 79' lang='grc' dir='ltr'><strong>ἴσον,</strong></span> <span class='ocrx_word' id='word_1_337' title='bbox 1233 4284 1407 4349; x_wconf 76' lang='grc' dir='ltr'><strong>τάφον</strong></span> <span class='ocrx_word' id='word_1_338' title='bbox 1470 4282 1649 4352; x_wconf 80' lang='grc' dir='ltr'><strong>ἑαυτῷ</strong></span> <span class='ocrx_word' id='word_1_339' title='bbox 1679 4300 1848 4336; x_wconf 86' lang='grc' dir='ltr'><strong>κατα-</strong></span> 
     </span>
    </p>
   </div>
   <div class='ocr_carea' id='block_1_47' title="bbox 278 4373 1847 4445">
    <p class='ocr_par' dir='ltr' id='par_1_47' title="bbox 278 4373 1847 4445">
     <span class='ocr_line' id='line_1_47' title="bbox 278 4373 1847 4445; baseline -0.001 -15"><span class='ocrx_word' id='word_1_340' title='bbox 278 4375 531 4438; x_wconf 74' lang='grc' dir='ltr'><strong>σκευάζει</strong></span> <span class='ocrx_word' id='word_1_341' title='bbox 549 4391 561 4403; x_wconf 90' lang='grc'><strong>·</strong></span> <span class='ocrx_word' id='word_1_342' title='bbox 589 4374 783 4428; x_wconf 78' lang='grc' dir='ltr'><strong>καὶτὸν</strong></span> <span class='ocrx_word' id='word_1_343' title='bbox 809 4374 987 4444; x_wconf 76' lang='grc' dir='ltr'><strong>βωμὸν</strong></span> <span class='ocrx_word' id='word_1_344' title='bbox 1013 4373 1069 4437; x_wconf 82' lang='grc' dir='ltr'><strong>ὃς</strong></span> <span class='ocrx_word' id='word_1_345' title='bbox 1094 4374 1302 4427; x_wconf 66' lang='grc' dir='ltr'><strong>ἐςιείνου</strong></span> <span class='ocrx_word' id='word_1_346' title='bbox 1322 4376 1715 4445; x_wconf 77' lang='grc' dir='ltr'><strong>προστάξαντος</strong></span> <span class='ocrx_word' id='word_1_347' title='bbox 1741 4377 1847 4429; x_wconf 82' lang='grc' dir='ltr'><strong>ἀπὸ</strong></span> 
     </span>
    </p>
   </div>
   <div class='ocr_carea' id='block_1_48' title="bbox 291 4444 1841 4539">
    <p class='ocr_par' dir='ltr' id='par_1_48' title="bbox 291 4444 1841 4539">
     <span class='ocr_line' id='line_1_48' title="bbox 291 4444 1841 4539; baseline -0.003 -17"><span class='ocrx_word' id='word_1_348' title='bbox 291 4470 507 4539; x_wconf 83' lang='grc' dir='ltr'><strong>Ῥώμης</strong></span> <span class='ocrx_word' id='word_1_349' title='bbox 543 4469 646 4521; x_wconf 71' lang='grc' dir='ltr'><strong>ὑπὸ</strong></span> <span class='ocrx_word' id='word_1_350' title='bbox 680 4469 775 4521; x_wconf 80' lang='grc' dir='ltr'><strong>τοῦ</strong></span> <span class='ocrx_word' id='word_1_351' title='bbox 809 4469 1060 4537; x_wconf 81' lang='grc' dir='ltr'><strong>δαίμονος</strong></span> <span class='ocrx_word' id='word_1_352' title='bbox 1098 4471 1214 4521; x_wconf 79' lang='grc' dir='ltr'><strong>ἐκεῖ</strong></span> <span class='ocrx_word' id='word_1_353' title='bbox 1242 4444 1569 4538; x_wconf 71' lang='grc' dir='ltr'><strong>μετηνέχθη.</strong></span> <span class='ocrx_word' id='word_1_354' title='bbox 1603 4469 1681 4538; x_wconf 80' lang='grc' dir='ltr'><strong>τῷ</strong></span> <span class='ocrx_word' id='word_1_355' title='bbox 1710 4444 1841 4536; x_wconf 68' lang='grc' dir='ltr'><strong>λίθῲ</strong></span> 
     </span>
    </p>
   </div>
   <div class='ocr_carea' id='block_1_49' title="bbox 278 4558 1837 4643">
    <p class='ocr_par' dir='ltr' id='par_1_49' title="bbox 278 4558 1837 4643">
     <span class='ocr_line' id='line_1_49' title="bbox 278 4558 1837 4643; baseline -0.001 -29"><span class='ocrx_word' id='word_1_356' title='bbox 278 4558 553 4643; x_wconf 59' lang='grc' dir='ltr'><strong>ἐφίστησι,</strong></span> <span class='ocrx_word' id='word_1_357' title='bbox 606 4563 805 4615; x_wconf 78' lang='grc' dir='ltr'><strong>τοιόνδε</strong></span> <span class='ocrx_word' id='word_1_358' title='bbox 844 4580 892 4613; x_wconf 91' lang='grc' dir='ltr'><strong>τι</strong></span> <span class='ocrx_word' id='word_1_359' title='bbox 938 4564 1262 4633; x_wconf 79' lang='grc' dir='ltr'><strong>ἐπίγραμμα</strong></span> <span class='ocrx_word' id='word_1_360' title='bbox 1316 4563 1463 4631; x_wconf 67' lang='grc' dir='ltr'><strong>αὖτῷ</strong></span> <span class='ocrx_word' id='word_1_361' title='bbox 1510 4564 1837 4633; x_wconf 58' lang='grc' dir='ltr'><strong>ἐγχαράξας</strong></span> 
     </span>
    </p>
   </div>
   <div class='ocr_carea' id='block_1_50' title="bbox 297 4654 1844 4722">
    <p class='ocr_par' dir='ltr' id='par_1_50' title="bbox 297 4654 1844 4722">
     <span class='ocr_line' id='line_1_50' title="bbox 297 4654 1844 4722; baseline -0.002 -14"><span class='ocrx_word' id='word_1_362' title='bbox 297 4657 586 4720; x_wconf 83' lang='grc' dir='ltr'><strong>Ἐκλεκτῆς</strong></span> <span class='ocrx_word' id='word_1_363' title='bbox 612 4654 817 4716; x_wconf 82' lang='grc' dir='ltr'><strong>πόλεως</strong></span> <span class='ocrx_word' id='word_1_364' title='bbox 861 4655 1085 4722; x_wconf 85' lang='grc' dir='ltr'><strong>πολίτης</strong></span> <span class='ocrx_word' id='word_1_365' title='bbox 1115 4655 1219 4705; x_wconf 77' lang='grc' dir='ltr'><strong>τόδ’</strong></span> <span class='ocrx_word' id='word_1_366' title='bbox 1244 4654 1470 4721; x_wconf 77' lang='grc' dir='ltr'><strong>ἐποίησα</strong></span> <span class='ocrx_word' id='word_1_367' title='bbox 1501 4655 1629 4718; x_wconf 78' lang='grc' dir='ltr'><strong>ζῶν,</strong></span> <span class='ocrx_word' id='word_1_368' title='bbox 1652 4655 1715 4706; x_wconf 77' lang='grc' dir='ltr'><strong>ἵν’</strong></span> <span class='ocrx_word' id='word_1_369' title='bbox 1739 4656 1844 4722; x_wconf 78' lang='grc' dir='ltr'><strong>ἔχω</strong></span> 
     </span>
    </p>
   </div>
   <div class='ocr_carea' id='block_1_51' title="bbox 284 4742 1846 4815">
    <p class='ocr_par' dir='ltr' id='par_1_51' title="bbox 284 4742 1846 4815">
     <span class='ocr_line' id='line_1_51' title="bbox 284 4742 1846 4815; baseline -0.001 -17"><span class='ocrx_word' id='word_1_370' title='bbox 284 4746 458 4815; x_wconf 84' lang='grc' dir='ltr'><strong>καιρῷ</strong></span> <span class='ocrx_word' id='word_1_371' title='bbox 488 4746 737 4811; x_wconf 85' lang='grc' dir='ltr'><strong>σώματος</strong></span> <span class='ocrx_word' id='word_1_372' title='bbox 763 4745 948 4797; x_wconf 67' lang='grc' dir='ltr'><strong>ἐνθάδε</strong></span> <span class='ocrx_word' id='word_1_373' title='bbox 998 4745 1164 4804; x_wconf 80' lang='grc' dir='ltr'><strong>θέσιν,</strong></span> <span class='ocrx_word' id='word_1_374' title='bbox 1194 4742 1429 4811; x_wconf 72' lang='grc' dir='ltr'><strong>τοῦνομα</strong></span> <span class='ocrx_word' id='word_1_375' title='bbox 1470 4746 1745 4813; x_wconf 78' lang='grc' dir='ltr'><strong>’Λϐἐρκιος</strong></span> <span class='ocrx_word' id='word_1_376' title='bbox 1772 4761 1784 4773; x_wconf 83' lang='grc'><em>’</em></span> <span class='ocrx_word' id='word_1_377' title='bbox 1819 4747 1846 4797; x_wconf 89' lang='lat'><strong>6</strong></span> 
     </span>
    </p>
   </div>
   <div class='ocr_carea' id='block_1_52' title="bbox 283 4836 1845 4909">
    <p class='ocr_par' dir='ltr' id='par_1_52' title="bbox 283 4836 1845 4909">
     <span class='ocr_line' id='line_1_52' title="bbox 283 4836 1845 4909; baseline -0.004 -17"><span class='ocrx_word' id='word_1_378' title='bbox 283 4839 358 4892; x_wconf 84' lang='grc' dir='ltr'><strong>ῶν</strong></span> <span class='ocrx_word' id='word_1_379' title='bbox 397 4837 641 4909; x_wconf 79' lang='grc' dir='ltr'><strong>μαθητὴς</strong></span> <span class='ocrx_word' id='word_1_380' title='bbox 702 4840 956 4906; x_wconf 77' lang='grc' dir='ltr'><strong>ποιμένος</strong></span> <span class='ocrx_word' id='word_1_381' title='bbox 992 4836 1175 4906; x_wconf 81' lang='grc' dir='ltr'><strong>ἁγνοῦ,</strong></span> <span class='ocrx_word' id='word_1_382' title='bbox 1215 4837 1271 4897; x_wconf 86' lang='grc' dir='ltr'><strong>ὃς</strong></span> <span class='ocrx_word' id='word_1_383' title='bbox 1330 4836 1512 4903; x_wconf 78' lang='grc' dir='ltr'><strong>βόσκει</strong></span> <span class='ocrx_word' id='word_1_384' title='bbox 1561 4836 1845 4906; x_wconf 78' lang='grc' dir='ltr'><strong>προϐάτων</strong></span> 
     </span>
    </p>
   </div>
   <div class='ocr_carea' id='block_1_53' title="bbox 283 4928 1846 5000">
    <p class='ocr_par' dir='ltr' id='par_1_53' title="bbox 283 4928 1846 5000">
     <span class='ocr_line' id='line_1_53' title="bbox 283 4928 1846 5000; baseline -0.004 -14"><span class='ocrx_word' id='word_1_385' title='bbox 283 4931 506 5000; x_wconf 80' lang='grc' dir='ltr'><strong>ἀγέλας,</strong></span> <span class='ocrx_word' id='word_1_386' title='bbox 557 4930 707 4998; x_wconf 75' lang='grc' dir='ltr'><strong>ὅρεσι</strong></span> <span class='ocrx_word' id='word_1_387' title='bbox 740 4932 938 4992; x_wconf 81' lang='grc' dir='ltr'><strong>πεδίοις</strong></span> <span class='ocrx_word' id='word_1_388' title='bbox 972 4949 1051 4992; x_wconf 85' lang='grc' dir='ltr'><strong>τε,</strong></span> <span class='ocrx_word' id='word_1_389' title='bbox 1084 4929 1395 4996; x_wconf 66' lang='grc' dir='ltr'><strong>ὀφθαλμοὺς</strong></span> <span class='ocrx_word' id='word_1_390' title='bbox 1427 4930 1484 4990; x_wconf 82' lang='grc' dir='ltr'><strong>ὃς</strong></span> <span class='ocrx_word' id='word_1_391' title='bbox 1532 4930 1639 4998; x_wconf 76' lang='grc' dir='ltr'><strong>ἔχει</strong></span> <span class='ocrx_word' id='word_1_392' title='bbox 1676 4928 1846 4997; x_wconf 79' lang='grc' dir='ltr'><strong>μεγά-</strong></span> 
     </span>
    </p>
   </div>
   <div class='ocr_carea' id='block_1_54' title="bbox 284 5016 1845 5091">
    <p class='ocr_par' dir='ltr' id='par_1_54' title="bbox 284 5016 1845 5091">
     <span class='ocr_line' id='line_1_54' title="bbox 284 5016 1845 5091; baseline 0 -18"><span class='ocrx_word' id='word_1_393' title='bbox 284 5025 431 5089; x_wconf 68' lang='grc' dir='ltr'><strong>λους,</strong></span> <span class='ocrx_word' id='word_1_394' title='bbox 494 5024 667 5075; x_wconf 84' lang='grc' dir='ltr'><strong>πάντα</strong></span> <span class='ocrx_word' id='word_1_395' title='bbox 729 5022 1092 5089; x_wconf 78' lang='grc' dir='ltr'><strong>καθορῶντας.</strong></span> <span class='ocrx_word' id='word_1_396' title='bbox 1152 5016 1316 5081; x_wconf 68' lang='grc' dir='ltr'><strong>Οὗτος</strong></span> <span class='ocrx_word' id='word_1_397' title='bbox 1377 5022 1483 5091; x_wconf 73' lang='grc' dir='ltr'><strong>γάρ</strong></span> <span class='ocrx_word' id='word_1_398' title='bbox 1527 5039 1591 5090; x_wconf 85' lang='grc' dir='ltr'><strong>με</strong></span> <span class='ocrx_word' id='word_1_399' title='bbox 1644 5021 1845 5085; x_wconf 78' lang='grc' dir='ltr'><strong>ἐδίδαξε</strong></span> 
     </span>
    </p>
   </div>
   <div class='ocr_carea' id='block_1_55' title="bbox 286 5110 1850 5183">
    <p class='ocr_par' dir='ltr' id='par_1_55' title="bbox 286 5110 1850 5183">
     <span class='ocr_line' id='line_1_55' title="bbox 286 5110 1850 5183; baseline -0.001 -18"><span class='ocrx_word' id='word_1_400' title='bbox 286 5115 589 5183; x_wconf 69' lang='grc' dir='ltr'><strong>γράμματα</strong></span> <span class='ocrx_word' id='word_1_401' title='bbox 623 5112 811 5171; x_wconf 68' lang='grc' dir='ltr'><strong>πιστὰ,</strong></span> <span class='ocrx_word' id='word_1_402' title='bbox 843 5112 918 5173; x_wconf 61' lang='grc' dir='ltr'><strong>εἰς</strong></span> <span class='ocrx_word' id='word_1_403' title='bbox 961 5112 1176 5181; x_wconf 75' lang='grc' dir='ltr'><strong>Ῥώμην</strong></span> <span class='ocrx_word' id='word_1_404' title='bbox 1208 5113 1264 5173; x_wconf 80' lang='grc' dir='ltr'><strong>ὃς</strong></span> <span class='ocrx_word' id='word_1_405' title='bbox 1289 5110 1533 5180; x_wconf 58' lang='grc' dir='ltr'><strong>ἔπεμψεν</strong></span> <span class='ocrx_word' id='word_1_406' title='bbox 1564 5113 1662 5180; x_wconf 74' lang='grc' dir='ltr'><strong>ἐμὲ</strong></span> <span class='ocrx_word' id='word_1_407' title='bbox 1698 5113 1850 5181; x_wconf 76' lang='grc' dir='ltr'><strong>βασι-</strong></span> 
     </span>
    </p>
   </div>
   <div class='ocr_carea' id='block_1_56' title="bbox 286 5205 1846 5278">
    <p class='ocr_par' dir='ltr' id='par_1_56' title="bbox 286 5205 1846 5278">
     <span class='ocr_line' id='line_1_56' title="bbox 286 5205 1846 5278; baseline 0.001 -22"><span class='ocrx_word' id='word_1_408' title='bbox 286 5205 438 5256; x_wconf 81' lang='grc' dir='ltr'><strong>λείαν</strong></span> <span class='ocrx_word' id='word_1_409' title='bbox 493 5207 751 5278; x_wconf 76' lang='grc' dir='ltr'><strong>ἀθρῆσαι,</strong></span> <span class='ocrx_word' id='word_1_410' title='bbox 808 5207 899 5257; x_wconf 71' lang='grc' dir='ltr'><strong>καὶ</strong></span> <span class='ocrx_word' id='word_1_411' title='bbox 941 5206 1258 5273; x_wconf 76' lang='grc' dir='ltr'><strong>βασίλισσαν</strong></span> <span class='ocrx_word' id='word_1_412' title='bbox 1292 5210 1416 5259; x_wconf 82' lang='grc' dir='ltr'><strong>ἰδεῖν</strong></span> <span class='ocrx_word' id='word_1_413' title='bbox 1468 5208 1846 5275; x_wconf 72' lang='grc' dir='ltr'><strong>χρυσόστολον,</strong></span> 
     </span>
    </p>
   </div>
   <div class='ocr_carea' id='block_1_57' title="bbox 288 5296 1849 5369">
    <p class='ocr_par' dir='ltr' id='par_1_57' title="bbox 288 5296 1849 5369">
     <span class='ocr_line' id='line_1_57' title="bbox 288 5296 1849 5369; baseline 0 -19"><span class='ocrx_word' id='word_1_414' title='bbox 288 5300 692 5369; x_wconf 80' lang='grc' dir='ltr'><strong>χρυσοπέδιλον.</strong></span> <span class='ocrx_word' id='word_1_415' title='bbox 727 5302 866 5353; x_wconf 66' lang='grc' dir='ltr'><strong>Λαδν</strong></span> <span class='ocrx_word' id='word_1_416' title='bbox 900 5300 945 5351; x_wconf 88' lang='grc' dir='ltr'><strong>δ’</strong></span> <span class='ocrx_word' id='word_1_417' title='bbox 975 5296 1112 5350; x_wconf 75' lang='grc' dir='ltr'><strong>εἶδον</strong></span> <span class='ocrx_word' id='word_1_418' title='bbox 1144 5302 1257 5351; x_wconf 76' lang='grc' dir='ltr'><strong>ἐκεῖ</strong></span> <span class='ocrx_word' id='word_1_419' title='bbox 1284 5300 1546 5368; x_wconf 67' lang='grc' dir='ltr'><strong>λαμπρὰν</strong></span> <span class='ocrx_word' id='word_1_420' title='bbox 1580 5300 1849 5369; x_wconf 63' lang='grc' dir='ltr'><strong>σφραγῖδα</strong></span> 
     </span>
    </p>
   </div>
   <div class='ocr_carea' id='block_1_58' title="bbox 288 5390 1851 5461">
    <p class='ocr_par' dir='ltr' id='par_1_58' title="bbox 288 5390 1851 5461">
     <span class='ocr_line' id='line_1_58' title="bbox 288 5390 1851 5461; baseline -0.001 -17"><span class='ocrx_word' id='word_1_421' title='bbox 288 5392 479 5461; x_wconf 75' lang='grc' dir='ltr'><strong>ἔχοντα</strong></span> <span class='ocrx_word' id='word_1_422' title='bbox 507 5406 521 5421; x_wconf 76' lang='grc'><strong><em>⁸</em></strong></span> <span class='ocrx_word' id='word_1_423' title='bbox 554 5394 645 5442; x_wconf 75' lang='grc' dir='ltr'><strong>καὶ</strong></span> <span class='ocrx_word' id='word_1_424' title='bbox 676 5393 873 5461; x_wconf 75' lang='grc' dir='ltr'><strong>Συρίης</strong></span> <span class='ocrx_word' id='word_1_425' title='bbox 906 5392 1064 5443; x_wconf 77' lang='grc' dir='ltr'><strong>πέδον</strong></span> <span class='ocrx_word' id='word_1_426' title='bbox 1113 5392 1293 5461; x_wconf 84' lang='grc' dir='ltr'><strong>χώρας</strong></span> <span class='ocrx_word' id='word_1_427' title='bbox 1326 5390 1463 5444; x_wconf 79' lang='grc' dir='ltr'><strong>εἶδον</strong></span> <span class='ocrx_word' id='word_1_428' title='bbox 1487 5412 1499 5423; x_wconf 70' lang='grc' dir='ltr'><strong>ν</strong></span> <span class='ocrx_word' id='word_1_429' title='bbox 1538 5394 1630 5443; x_wconf 71' lang='grc' dir='ltr'><strong>καὶ</strong></span> <span class='ocrx_word' id='word_1_430' title='bbox 1686 5394 1851 5446; x_wconf 70' lang='grc' dir='ltr'><strong>ἄστεα</strong></span> 
     </span>
    </p>
   </div>
   <div class='ocr_carea' id='block_1_59' title="bbox 295 5481 1853 5552">
    <p class='ocr_par' dir='ltr' id='par_1_59' title="bbox 295 5481 1853 5552">
     <span class='ocr_line' id='line_1_59' title="bbox 295 5481 1853 5552; baseline -0.002 -18"><span class='ocrx_word' id='word_1_431' title='bbox 295 5484 467 5534; x_wconf 82' lang='grc' dir='ltr'><strong>πάντα</strong></span> <span class='ocrx_word' id='word_1_432' title='bbox 511 5482 724 5533; x_wconf 78' lang='grc' dir='ltr'><strong>Νίσιϐιν</strong></span> <span class='ocrx_word' id='word_1_433' title='bbox 758 5481 1044 5552; x_wconf 64' lang='grc' dir='ltr'><strong>Εύρρὰτην</strong></span> <span class='ocrx_word' id='word_1_434' title='bbox 1086 5483 1294 5545; x_wconf 81' lang='grc' dir='ltr'><strong>διαϐάς.</strong></span> <span class='ocrx_word' id='word_1_435' title='bbox 1352 5486 1561 5545; x_wconf 69' lang='grc' dir='ltr'><strong>Πάντας</strong></span> <span class='ocrx_word' id='word_1_436' title='bbox 1610 5485 1653 5535; x_wconf 76' lang='grc' dir='ltr'><strong>δ’</strong></span> <span class='ocrx_word' id='word_1_437' title='bbox 1699 5486 1853 5552; x_wconf 71' lang='grc' dir='ltr'><strong>ἔσχον</strong></span> 
     </span>
    </p>
   </div>
   <div class='ocr_carea' id='block_1_60' title="bbox 292 5571 1850 5643">
    <p class='ocr_par' dir='ltr' id='par_1_60' title="bbox 292 5571 1850 5643">
     <span class='ocr_line' id='line_1_60' title="bbox 292 5571 1850 5643; baseline -0.001 -19"><span class='ocrx_word' id='word_1_438' title='bbox 292 5574 641 5643; x_wconf 79' lang='grc' dir='ltr'><strong>συνηγόρους,</strong></span> <span class='ocrx_word' id='word_1_439' title='bbox 667 5571 874 5625; x_wconf 80' lang='grc' dir='ltr'><strong>Παῦλον</strong></span> <span class='ocrx_word' id='word_1_440' title='bbox 905 5574 1121 5627; x_wconf 75' lang='grc' dir='ltr'><strong>ἔσωθεν.</strong></span> <span class='ocrx_word' id='word_1_441' title='bbox 1154 5576 1334 5635; x_wconf 80' lang='grc' dir='ltr'><strong>ΙΙΞστις</strong></span> <span class='ocrx_word' id='word_1_442' title='bbox 1361 5575 1409 5626; x_wconf 75' lang='grc' dir='ltr'><strong>δὲ</strong></span> <span class='ocrx_word' id='word_1_443' title='bbox 1437 5579 1591 5627; x_wconf 74' lang='grc' dir='ltr'><strong>παντὶ</strong></span> <span class='ocrx_word' id='word_1_444' title='bbox 1622 5578 1850 5643; x_wconf 61' lang='grc' dir='ltr'><strong>προῆγε,</strong></span> 
     </span>
    </p>
   </div>
   <div class='ocr_carea' id='block_1_61' title="bbox 292 5666 1849 5737">
    <p class='ocr_par' dir='ltr' id='par_1_61' title="bbox 292 5666 1849 5737">
     <span class='ocr_line' id='line_1_61' title="bbox 292 5666 1849 5737; baseline 0.001 -20"><span class='ocrx_word' id='word_1_445' title='bbox 292 5670 385 5717; x_wconf 74' lang='grc' dir='ltr'><strong>καὶ</strong></span> <span class='ocrx_word' id='word_1_446' title='bbox 412 5666 691 5735; x_wconf 73' lang='grc' dir='ltr'><strong>παρέθηκε</strong></span> <span class='ocrx_word' id='word_1_447' title='bbox 717 5669 920 5734; x_wconf 61' lang='grc' dir='ltr'><strong>τροςοήν</strong></span> <span class='ocrx_word' id='word_1_448' title='bbox 946 5685 958 5696; x_wconf 86' lang='grc'><strong>·</strong></span> <span class='ocrx_word' id='word_1_449' title='bbox 988 5668 1138 5737; x_wconf 72' lang='grc' dir='ltr'><strong>ίχθὺν</strong></span> <span class='ocrx_word' id='word_1_450' title='bbox 1162 5668 1268 5720; x_wconf 75' lang='grc' dir='ltr'><strong>ἀπὸ</strong></span> <span class='ocrx_word' id='word_1_451' title='bbox 1296 5669 1470 5735; x_wconf 72' lang='grc' dir='ltr'><strong>πηγῆς</strong></span> <span class='ocrx_word' id='word_1_452' title='bbox 1495 5668 1849 5737; x_wconf 70' lang='grc' dir='ltr'><strong>παμμεγέθη,</strong></span> 
     </span>
    </p>
   </div>
   <div class='ocr_carea' id='block_1_62' title="bbox 294 5755 1852 5827">
    <p class='ocr_par' dir='ltr' id='par_1_62' title="bbox 294 5755 1852 5827">
     <span class='ocr_line' id='line_1_62' title="bbox 294 5755 1852 5827; baseline 0.004 -23"><span class='ocrx_word' id='word_1_453' title='bbox 294 5755 530 5825; x_wconf 75' lang='grc' dir='ltr'><strong>καθαρόν</strong></span> <span class='ocrx_word' id='word_1_454' title='bbox 560 5776 570 5786; x_wconf 95' lang='grc'><strong>·</strong></span> <span class='ocrx_word' id='word_1_455' title='bbox 605 5758 662 5808; x_wconf 80' lang='grc' dir='ltr'><strong>ὃν</strong></span> <span class='ocrx_word' id='word_1_456' title='bbox 696 5757 953 5827; x_wconf 78' lang='grc' dir='ltr'><strong>ἐδράξατο</strong></span> <span class='ocrx_word' id='word_1_457' title='bbox 1014 5759 1277 5823; x_wconf 80' lang='grc' dir='ltr'><strong>παρθένος</strong></span> <span class='ocrx_word' id='word_1_458' title='bbox 1321 5760 1478 5826; x_wconf 71' lang='grc' dir='ltr'><strong>ἁγνὴ,</strong></span> <span class='ocrx_word' id='word_1_459' title='bbox 1520 5761 1610 5809; x_wconf 75' lang='grc' dir='ltr'><strong>καὶ</strong></span> <span class='ocrx_word' id='word_1_460' title='bbox 1665 5760 1852 5813; x_wconf 73' lang='grc' dir='ltr'><strong>τοῦτον</strong></span> 
     </span>
    </p>
   </div>
   <div class='ocr_carea' id='block_1_63' title="bbox 297 5846 1851 5919">
    <p class='ocr_par' dir='ltr' id='par_1_63' title="bbox 297 5846 1851 5919">
     <span class='ocr_line' id='line_1_63' title="bbox 297 5846 1851 5919; baseline 0.005 -22"><span class='ocrx_word' id='word_1_461' title='bbox 297 5846 529 5900; x_wconf 65' lang='grc' dir='ltr'><strong>ἐπέδωκε</strong></span> <span class='ocrx_word' id='word_1_462' title='bbox 587 5851 754 5917; x_wconf 66' lang='grc' dir='ltr'><strong>φίλοις</strong></span> <span class='ocrx_word' id='word_1_463' title='bbox 808 5851 1006 5904; x_wconf 73' lang='grc' dir='ltr'><strong>ἐσθίειν</strong></span> <span class='ocrx_word' id='word_1_464' title='bbox 1063 5852 1368 5913; x_wconf 65' lang='grc' dir='ltr'><strong>διαπαντὸς,</strong></span> <span class='ocrx_word' id='word_1_465' title='bbox 1451 5848 1587 5905; x_wconf 74' lang='grc' dir='ltr'><strong>οἶνον</strong></span> <span class='ocrx_word' id='word_1_466' title='bbox 1622 5856 1851 5919; x_wconf 70' lang='grc' dir='ltr'><strong>γρηστὸν</strong></span> 
     </span>
    </p>
   </div>
   <div class='ocr_carea' id='block_1_64' title="bbox 1926 612 3499 685">
    <p class='ocr_par' dir='ltr' id='par_1_64' title="bbox 1926 612 3499 685">
     <span class='ocr_line' id='line_1_64' title="bbox 1926 612 3499 685; baseline -0.006 -17"><span class='ocrx_word' id='word_1_467' title='bbox 1926 614 2056 668; x_wconf 82' lang='lat' dir='ltr'><strong>solis</strong></span> <span class='ocrx_word' id='word_1_468' title='bbox 2087 616 2340 683; x_wconf 78' lang='lat' dir='ltr'><strong>precibus</strong></span> <span class='ocrx_word' id='word_1_469' title='bbox 2371 617 2516 685; x_wconf 89' lang='lat' dir='ltr'><strong>sopit</strong></span> <span class='ocrx_word' id='word_1_470' title='bbox 2544 616 2819 684; x_wconf 77' lang='lat' dir='ltr'><strong>Spiritum,</strong></span> <span class='ocrx_word' id='word_1_471' title='bbox 2854 616 2959 669; x_wconf 82' lang='lat' dir='ltr'><strong>illis</strong></span> <span class='ocrx_word' id='word_1_472' title='bbox 2990 626 3167 668; x_wconf 87' lang='lat' dir='ltr'><strong>autem</strong></span> <span class='ocrx_word' id='word_1_473' title='bbox 3202 615 3283 665; x_wconf 88' lang='lat' dir='ltr'><strong>vel</strong></span> <span class='ocrx_word' id='word_1_474' title='bbox 3316 612 3499 664; x_wconf 84' lang='lat' dir='ltr'><strong>invitis</strong></span> 
     </span>
    </p>
   </div>
   <div class='ocr_carea' id='block_1_65' title="bbox 1924 706 3493 775">
    <p class='ocr_par' dir='ltr' id='par_1_65' title="bbox 1924 706 3493 775">
     <span class='ocr_line' id='line_1_65' title="bbox 1924 706 3493 775; baseline -0.004 -16"><span class='ocrx_word' id='word_1_475' title='bbox 1924 708 2161 759; x_wconf 84' lang='lat' dir='ltr'><strong>cessavit</strong></span> <span class='ocrx_word' id='word_1_476' title='bbox 2193 707 2454 761; x_wconf 90' lang='lat' dir='ltr'><strong>studium.</strong></span> <span class='ocrx_word' id='word_1_477' title='bbox 2481 706 2613 761; x_wconf 88' lang='lat' dir='ltr'><strong>Cum</strong></span> <span class='ocrx_word' id='word_1_478' title='bbox 2637 724 2763 775; x_wconf 85' lang='lat' dir='ltr'><strong>ergo</strong></span> <span class='ocrx_word' id='word_1_479' title='bbox 2791 708 3059 759; x_wconf 84' lang='lat' dir='ltr'><strong>nescirent</strong></span> <span class='ocrx_word' id='word_1_480' title='bbox 3090 706 3215 773; x_wconf 90' lang='lat' dir='ltr'><strong>quid</strong></span> <span class='ocrx_word' id='word_1_481' title='bbox 3249 713 3493 772; x_wconf 83' lang='lat' dir='ltr'><strong>agerent,</strong></span> 
     </span>
    </p>
   </div>
   <div class='ocr_carea' id='block_1_66' title="bbox 1926 797 3495 867">
    <p class='ocr_par' dir='ltr' id='par_1_66' title="bbox 1926 797 3495 867">
     <span class='ocr_line' id='line_1_66' title="bbox 1926 797 3495 867; baseline -0.004 -16"><span class='ocrx_word' id='word_1_482' title='bbox 1926 797 1962 851; x_wconf 87' lang='lat' dir='ltr'><strong>ii</strong></span> <span class='ocrx_word' id='word_1_483' title='bbox 2007 813 2065 852; x_wconf 90' lang='lat' dir='ltr'><strong>se</strong></span> <span class='ocrx_word' id='word_1_484' title='bbox 2117 808 2444 853; x_wconf 85' lang='lat' dir='ltr'><strong>convertunt</strong></span> <span class='ocrx_word' id='word_1_485' title='bbox 2493 800 2562 852; x_wconf 89' lang='lat' dir='ltr'><strong>ad</strong></span> <span class='ocrx_word' id='word_1_486' title='bbox 2612 815 2818 852; x_wconf 78' lang='lat' dir='ltr'><strong>crenatn</strong></span> <span class='ocrx_word' id='word_1_487' title='bbox 2857 816 2870 852; x_wconf 91' lang='lat'><strong>:</strong></span> <span class='ocrx_word' id='word_1_488' title='bbox 2923 798 3037 867; x_wconf 91' lang='lat' dir='ltr'><strong>ipse</strong></span> <span class='ocrx_word' id='word_1_489' title='bbox 3078 808 3259 849; x_wconf 86' lang='lat' dir='ltr'><strong>autem</strong></span> <span class='ocrx_word' id='word_1_490' title='bbox 3304 809 3495 863; x_wconf 83' lang='lat' dir='ltr'><strong>aquam</strong></span> 
     </span>
    </p>
   </div>
   <div class='ocr_carea' id='block_1_67' title="bbox 1928 887 3496 959">
    <p class='ocr_par' dir='ltr' id='par_1_67' title="bbox 1928 887 3496 959">
     <span class='ocr_line' id='line_1_67' title="bbox 1928 887 3496 959; baseline -0.003 -17"><span class='ocrx_word' id='word_1_491' title='bbox 1928 890 2035 958; x_wconf 91' lang='lat' dir='ltr'><strong>(siti</strong></span> <span class='ocrx_word' id='word_1_492' title='bbox 2084 891 2230 943; x_wconf 84' lang='lat' dir='ltr'><strong>enim</strong></span> <span class='ocrx_word' id='word_1_493' title='bbox 2285 891 2594 959; x_wconf 84' lang='lat' dir='ltr'><strong>laborabat)</strong></span> <span class='ocrx_word' id='word_1_494' title='bbox 2649 892 2717 945; x_wconf 90' lang='lat' dir='ltr'><strong>ab</strong></span> <span class='ocrx_word' id='word_1_495' title='bbox 2748 892 2827 944; x_wconf 81' lang='lat' dir='ltr'><strong>eis</strong></span> <span class='ocrx_word' id='word_1_496' title='bbox 2856 890 3029 958; x_wconf 90' lang='lat' dir='ltr'><strong>petiit.</strong></span> <span class='ocrx_word' id='word_1_497' title='bbox 3090 888 3195 941; x_wconf 91' lang='lat' dir='ltr'><strong>Sed</strong></span> <span class='ocrx_word' id='word_1_498' title='bbox 3251 887 3496 955; x_wconf 68' lang='lat' dir='ltr'><strong>agricolae</strong></span> 
     </span>
    </p>
   </div>
   <div class='ocr_carea' id='block_1_68' title="bbox 1926 981 3496 1051">
    <p class='ocr_par' dir='ltr' id='par_1_68' title="bbox 1926 981 3496 1051">
     <span class='ocr_line' id='line_1_68' title="bbox 1926 981 3496 1051; baseline -0.004 -16"><span class='ocrx_word' id='word_1_499' title='bbox 1926 997 2048 1035; x_wconf 91' lang='lat' dir='ltr'><strong>cum</strong></span> <span class='ocrx_word' id='word_1_500' title='bbox 2097 991 2282 1037; x_wconf 86' lang='lat' dir='ltr'><strong>essent</strong></span> <span class='ocrx_word' id='word_1_501' title='bbox 2312 983 2465 1037; x_wconf 82' lang='lat' dir='ltr'><strong>valde</strong></span> <span class='ocrx_word' id='word_1_502' title='bbox 2517 984 2894 1051; x_wconf 87' lang='lat' dir='ltr'><strong>inhospitales,</strong></span> <span class='ocrx_word' id='word_1_503' title='bbox 2940 991 2992 1036; x_wconf 89' lang='lat' dir='ltr'><strong>et</strong></span> <span class='ocrx_word' id='word_1_504' title='bbox 3045 981 3203 1049; x_wconf 85' lang='lat' dir='ltr'><strong>plane</strong></span> <span class='ocrx_word' id='word_1_505' title='bbox 3235 988 3496 1047; x_wconf 80' lang='lat' dir='ltr'><strong>agrestes.</strong></span> 
     </span>
    </p>
   </div>
   <div class='ocr_carea' id='block_1_69' title="bbox 1926 1071 3498 1143">
    <p class='ocr_par' dir='ltr' id='par_1_69' title="bbox 1926 1071 3498 1143">
     <span class='ocr_line' id='line_1_69' title="bbox 1926 1071 3498 1143; baseline -0.004 -17"><span class='ocrx_word' id='word_1_506' title='bbox 1926 1073 2201 1137; x_wconf 86' lang='lat' dir='ltr'><strong>despectui</strong></span> <span class='ocrx_word' id='word_1_507' title='bbox 2258 1074 2534 1128; x_wconf 85' lang='lat' dir='ltr'><strong>habebant</strong></span> <span class='ocrx_word' id='word_1_508' title='bbox 2586 1075 2932 1143; x_wconf 84' lang='lat' dir='ltr'><strong>petitionem,</strong></span> <span class='ocrx_word' id='word_1_509' title='bbox 2984 1082 3038 1126; x_wconf 88' lang='lat' dir='ltr'><strong>et</strong></span> <span class='ocrx_word' id='word_1_510' title='bbox 3086 1087 3197 1124; x_wconf 88' lang='lat' dir='ltr'><strong>rem</strong></span> <span class='ocrx_word' id='word_1_511' title='bbox 3258 1071 3498 1122; x_wconf 81' lang='lat' dir='ltr'><strong>ludiﬁca-</strong></span> 
     </span>
    </p>
   </div>
   <div class='ocr_carea' id='block_1_70' title="bbox 1924 1162 3493 1234">
    <p class='ocr_par' dir='ltr' id='par_1_70' title="bbox 1924 1162 3493 1234">
     <span class='ocr_line' id='line_1_70' title="bbox 1924 1162 3493 1234; baseline -0.003 -18"><span class='ocrx_word' id='word_1_512' title='bbox 1924 1163 2119 1217; x_wconf 81' lang='lat' dir='ltr'><strong>bantur</strong></span> <span class='ocrx_word' id='word_1_513' title='bbox 2170 1183 2182 1218; x_wconf 88' lang='lat'><strong>:</strong></span> <span class='ocrx_word' id='word_1_514' title='bbox 2218 1163 2449 1225; x_wconf 81' lang='lat' dir='ltr'><strong>scilicet,</strong></span> <span class='ocrx_word' id='word_1_515' title='bbox 2500 1175 2720 1234; x_wconf 90' lang='lat' dir='ltr'><strong>pr0pter</strong></span> <span class='ocrx_word' id='word_1_516' title='bbox 2762 1180 2931 1218; x_wconf 91' lang='lat' dir='ltr'><strong>unum</strong></span> <span class='ocrx_word' id='word_1_517' title='bbox 2980 1178 3189 1225; x_wconf 87' lang='lat' dir='ltr'><strong>senem,</strong></span> <span class='ocrx_word' id='word_1_518' title='bbox 3230 1162 3493 1220; x_wconf 73' lang='lat' dir='ltr'><strong>dieeutcs,</strong></span> 
     </span>
    </p>
   </div>
   <div class='ocr_carea' id='block_1_71' title="bbox 1924 1253 3503 1325">
    <p class='ocr_par' dir='ltr' id='par_1_71' title="bbox 1924 1253 3503 1325">
     <span class='ocr_line' id='line_1_71' title="bbox 1924 1253 3503 1325; baseline -0.003 -17"><span class='ocrx_word' id='word_1_519' title='bbox 1924 1270 1954 1308; x_wconf 91' lang='lat' dir='ltr'><strong>a</strong></span> <span class='ocrx_word' id='word_1_520' title='bbox 1982 1270 2165 1308; x_wconf 87' lang='lat' dir='ltr'><strong>mensa</strong></span> <span class='ocrx_word' id='word_1_521' title='bbox 2194 1256 2608 1312; x_wconf 87' lang='lat' dir='ltr'><strong>abstinebimus.</strong></span> <span class='ocrx_word' id='word_1_522' title='bbox 2640 1255 2810 1325; x_wconf 61' lang='lat' dir='ltr'><strong>IEgre</strong></span> <span class='ocrx_word' id='word_1_523' title='bbox 2843 1254 2964 1309; x_wconf 85' lang='lat' dir='ltr'><strong>tulit</strong></span> <span class='ocrx_word' id='word_1_524' title='bbox 2997 1256 3135 1308; x_wconf 89' lang='lat' dir='ltr'><strong>hanc</strong></span> <span class='ocrx_word' id='word_1_525' title='bbox 3186 1253 3503 1307; x_wconf 88' lang='lat' dir='ltr'><strong>inhumani-</strong></span> 
     </span>
    </p>
   </div>
   <div class='ocr_carea' id='block_1_72' title="bbox 1928 1345 3502 1403">
    <p class='ocr_par' dir='ltr' id='par_1_72' title="bbox 1928 1345 3502 1403">
     <span class='ocr_line' id='line_1_72' title="bbox 1928 1345 3502 1403; baseline -0.002 -5"><span class='ocrx_word' id='word_1_526' title='bbox 1928 1354 2093 1399; x_wconf 90' lang='lat' dir='ltr'><strong>tatem</strong></span> <span class='ocrx_word' id='word_1_527' title='bbox 2126 1348 2553 1403; x_wconf 88' lang='lat' dir='ltr'><strong>humanissimus</strong></span> <span class='ocrx_word' id='word_1_528' title='bbox 2588 1351 2828 1402; x_wconf 89' lang='lat' dir='ltr'><strong>virorum</strong></span> <span class='ocrx_word' id='word_1_529' title='bbox 2866 1348 3130 1401; x_wconf 80' lang='lat' dir='ltr'><strong>Abercius</strong></span> <span class='ocrx_word' id='word_1_530' title='bbox 3165 1362 3181 1399; x_wconf 89' lang='lat'><strong><em>:</em></strong></span> <span class='ocrx_word' id='word_1_531' title='bbox 3218 1355 3273 1398; x_wconf 91' lang='lat' dir='ltr'><strong>et</strong></span> <span class='ocrx_word' id='word_1_532' title='bbox 3307 1345 3385 1397; x_wconf 91' lang='lat' dir='ltr'><strong>eis</strong></span> <span class='ocrx_word' id='word_1_533' title='bbox 3417 1353 3502 1397; x_wconf 90' lang='lat' dir='ltr'><strong>est</strong></span> 
     </span>
    </p>
   </div>
   <div class='ocr_carea' id='block_1_73' title="bbox 1927 1435 3500 1508">
    <p class='ocr_par' dir='ltr' id='par_1_73' title="bbox 1927 1435 3500 1508">
     <span class='ocr_line' id='line_1_73' title="bbox 1927 1435 3500 1508; baseline -0.003 -18"><span class='ocrx_word' id='word_1_534' title='bbox 1927 1435 2274 1505; x_wconf 84' lang='lat' dir='ltr'><strong>imprecatus,</strong></span> <span class='ocrx_word' id='word_1_535' title='bbox 2312 1449 2373 1493; x_wconf 92' lang='lat' dir='ltr'><strong>ut</strong></span> <span class='ocrx_word' id='word_1_536' title='bbox 2421 1455 2699 1508; x_wconf 88' lang='lat' dir='ltr'><strong>nunquam</strong></span> <span class='ocrx_word' id='word_1_537' title='bbox 2749 1441 3101 1493; x_wconf 86' lang='lat' dir='ltr'><strong>satiarentur.</strong></span> <span class='ocrx_word' id='word_1_538' title='bbox 3150 1436 3301 1501; x_wconf 84' lang='lat' dir='ltr'><strong>Quod</strong></span> <span class='ocrx_word' id='word_1_539' title='bbox 3335 1436 3500 1487; x_wconf 89' lang='lat' dir='ltr'><strong>etiam</strong></span> 
     </span>
    </p>
   </div>
   <div class='ocr_carea' id='block_1_74' title="bbox 1929 1528 3500 1599">
    <p class='ocr_par' dir='ltr' id='par_1_74' title="bbox 1929 1528 3500 1599">
     <span class='ocr_line' id='line_1_74' title="bbox 1929 1528 3500 1599; baseline -0.001 -20"><span class='ocrx_word' id='word_1_540' title='bbox 1929 1530 2004 1581; x_wconf 89' lang='lat' dir='ltr'><strong>eis</strong></span> <span class='ocrx_word' id='word_1_541' title='bbox 2038 1529 2314 1598; x_wconf 84' lang='lat' dir='ltr'><strong>hucusque</strong></span> <span class='ocrx_word' id='word_1_542' title='bbox 2356 1533 2691 1599; x_wconf 87' lang='lat' dir='ltr'><strong>permansit:</strong></span> <span class='ocrx_word' id='word_1_543' title='bbox 2734 1533 2971 1585; x_wconf 84' lang='lat' dir='ltr'><strong>humana</strong></span> <span class='ocrx_word' id='word_1_544' title='bbox 3018 1531 3175 1599; x_wconf 86' lang='lat' dir='ltr'><strong>plane</strong></span> <span class='ocrx_word' id='word_1_545' title='bbox 3219 1544 3372 1598; x_wconf 69' lang='lat' dir='ltr'><strong>poma</strong></span> <span class='ocrx_word' id='word_1_546' title='bbox 3416 1528 3500 1578; x_wconf 85' lang='lat' dir='ltr'><strong>in-</strong></span> 
     </span>
    </p>
   </div>
   <div class='ocr_carea' id='block_1_75' title="bbox 1930 1617 3501 1688">
    <p class='ocr_par' dir='ltr' id='par_1_75' title="bbox 1930 1617 3501 1688">
     <span class='ocr_line' id='line_1_75' title="bbox 1930 1617 3501 1688; baseline -0.004 -14"><span class='ocrx_word' id='word_1_547' title='bbox 1930 1622 2300 1675; x_wconf 87' lang='lat' dir='ltr'><strong>humanitatis.</strong></span> <span class='ocrx_word' id='word_1_548' title='bbox 2358 1621 2559 1675; x_wconf 85' lang='lat' dir='ltr'><strong>Deinde</strong></span> <span class='ocrx_word' id='word_1_549' title='bbox 2610 1638 2639 1674; x_wconf 92' lang='lat' dir='ltr'><strong>a</strong></span> <span class='ocrx_word' id='word_1_550' title='bbox 2700 1631 2847 1688; x_wconf 88' lang='lat' dir='ltr'><strong>petra</strong></span> <span class='ocrx_word' id='word_1_551' title='bbox 2900 1622 3182 1680; x_wconf 89' lang='lat' dir='ltr'><strong>recedens,</strong></span> <span class='ocrx_word' id='word_1_552' title='bbox 3234 1620 3382 1673; x_wconf 80' lang='lat' dir='ltr'><strong>venit</strong></span> <span class='ocrx_word' id='word_1_553' title='bbox 3434 1617 3501 1668; x_wconf 87' lang='lat' dir='ltr'><strong>ad</strong></span> 
     </span>
    </p>
   </div>
   <div class='ocr_carea' id='block_1_76' title="bbox 1930 1710 3505 1780">
    <p class='ocr_par' dir='ltr' id='par_1_76' title="bbox 1930 1710 3505 1780">
     <span class='ocr_line' id='line_1_76' title="bbox 1930 1710 3505 1780; baseline -0.001 -17"><span class='ocrx_word' id='word_1_554' title='bbox 1930 1727 2081 1764; x_wconf 88' lang='lat' dir='ltr'><strong>suam</strong></span> <span class='ocrx_word' id='word_1_555' title='bbox 2122 1712 2411 1765; x_wconf 87' lang='lat' dir='ltr'><strong>civitatem.</strong></span> <span class='ocrx_word' id='word_1_556' title='bbox 2459 1711 2594 1765; x_wconf 89' lang='lat' dir='ltr'><strong>Cum</strong></span> <span class='ocrx_word' id='word_1_557' title='bbox 2645 1727 2772 1780; x_wconf 88' lang='lat' dir='ltr'><strong>ergo</strong></span> <span class='ocrx_word' id='word_1_558' title='bbox 2814 1715 3075 1766; x_wconf 86' lang='lat' dir='ltr'><strong>sensisset</strong></span> <span class='ocrx_word' id='word_1_559' title='bbox 3122 1712 3350 1779; x_wconf 90' lang='lat' dir='ltr'><strong>populus</strong></span> <span class='ocrx_word' id='word_1_560' title='bbox 3387 1710 3505 1776; x_wconf 86' lang='lat' dir='ltr'><strong>ejus</strong></span> 
     </span>
    </p>
   </div>
   <div class='ocr_carea' id='block_1_77' title="bbox 1932 1799 3503 1869">
    <p class='ocr_par' dir='ltr' id='par_1_77' title="bbox 1932 1799 3503 1869">
     <span class='ocr_line' id='line_1_77' title="bbox 1932 1799 3503 1869; baseline 0 -19"><span class='ocrx_word' id='word_1_561' title='bbox 1932 1800 2247 1862; x_wconf 75' lang='lat' dir='ltr'><strong>adventum,</strong></span> <span class='ocrx_word' id='word_1_562' title='bbox 2299 1800 2444 1853; x_wconf 91' lang='lat' dir='ltr'><strong>omni</strong></span> <span class='ocrx_word' id='word_1_563' title='bbox 2496 1816 2560 1853; x_wconf 73' lang='lat' dir='ltr'><strong>ex</strong></span> <span class='ocrx_word' id='word_1_564' title='bbox 2607 1810 2758 1869; x_wconf 89' lang='lat' dir='ltr'><strong>parte</strong></span> <span class='ocrx_word' id='word_1_565' title='bbox 2802 1800 3167 1863; x_wconf 85' lang='lat' dir='ltr'><strong>conﬂuebant,</strong></span> <span class='ocrx_word' id='word_1_566' title='bbox 3218 1799 3503 1868; x_wconf 88' lang='lat' dir='ltr'><strong>cupientes</strong></span> 
     </span>
    </p>
   </div>
   <div class='ocr_carea' id='block_1_78' title="bbox 1936 1891 3507 1955">
    <p class='ocr_par' dir='ltr' id='par_1_78' title="bbox 1936 1891 3507 1955">
     <span class='ocr_line' id='line_1_78' title="bbox 1936 1891 3507 1955; baseline -0.002 -11"><span class='ocrx_word' id='word_1_567' title='bbox 1936 1892 2117 1945; x_wconf 84' lang='lat' dir='ltr'><strong>videre</strong></span> <span class='ocrx_word' id='word_1_568' title='bbox 2161 1893 2370 1946; x_wconf 83' lang='lat' dir='ltr'><strong>dulcem</strong></span> <span class='ocrx_word' id='word_1_569' title='bbox 2415 1894 2643 1955; x_wconf 82' lang='lat' dir='ltr'><strong>vultum,</strong></span> <span class='ocrx_word' id='word_1_570' title='bbox 2687 1904 2738 1948; x_wconf 92' lang='lat' dir='ltr'><strong>et</strong></span> <span class='ocrx_word' id='word_1_571' title='bbox 2772 1894 2960 1949; x_wconf 89' lang='lat' dir='ltr'><strong>audire</strong></span> <span class='ocrx_word' id='word_1_572' title='bbox 3010 1907 3198 1949; x_wconf 88' lang='lat' dir='ltr'><strong>vocem</strong></span> <span class='ocrx_word' id='word_1_573' title='bbox 3231 1891 3507 1945; x_wconf 86' lang='lat' dir='ltr'><strong>desidera-</strong></span> 
     </span>
    </p>
   </div>
   <div class='ocr_carea' id='block_1_79' title="bbox 1935 1985 3505 2056">
    <p class='ocr_par' dir='ltr' id='par_1_79' title="bbox 1935 1985 3505 2056">
     <span class='ocr_line' id='line_1_79' title="bbox 1935 1985 3505 2056; baseline -0.002 -19"><span class='ocrx_word' id='word_1_574' title='bbox 1935 1995 2059 2038; x_wconf 84' lang='lat' dir='ltr'><strong>tam.</strong></span> <span class='ocrx_word' id='word_1_575' title='bbox 2090 1987 2182 2039; x_wconf 91' lang='lat' dir='ltr'><strong>llle</strong></span> <span class='ocrx_word' id='word_1_576' title='bbox 2214 2002 2343 2056; x_wconf 89' lang='lat' dir='ltr'><strong>ergo</strong></span> <span class='ocrx_word' id='word_1_577' title='bbox 2376 2000 2495 2039; x_wconf 84' lang='lat' dir='ltr'><strong>cum</strong></span> <span class='ocrx_word' id='word_1_578' title='bbox 2531 1987 2762 2040; x_wconf 88' lang='lat' dir='ltr'><strong>libenter</strong></span> <span class='ocrx_word' id='word_1_579' title='bbox 2784 1986 2861 2040; x_wconf 88' lang='lat' dir='ltr'><strong>eis</strong></span> <span class='ocrx_word' id='word_1_580' title='bbox 2893 1985 3278 2047; x_wconf 82' lang='lat' dir='ltr'><strong>benedixisset,</strong></span> <span class='ocrx_word' id='word_1_581' title='bbox 3330 1991 3382 2035; x_wconf 91' lang='lat' dir='ltr'><strong>et</strong></span> <span class='ocrx_word' id='word_1_582' title='bbox 3410 1996 3505 2035; x_wconf 87' lang='lat' dir='ltr'><strong>eos</strong></span> 
     </span>
    </p>
   </div>
   <div class='ocr_carea' id='block_1_80' title="bbox 1929 2075 3510 2141">
    <p class='ocr_par' dir='ltr' id='par_1_80' title="bbox 1929 2075 3510 2141">
     <span class='ocr_line' id='line_1_80' title="bbox 1929 2075 3510 2141; baseline -0.001 -12"><span class='ocrx_word' id='word_1_583' title='bbox 1929 2078 2233 2141; x_wconf 82' lang='lat' dir='ltr'><strong>salutasset,</strong></span> <span class='ocrx_word' id='word_1_584' title='bbox 2287 2094 2473 2131; x_wconf 89' lang='lat' dir='ltr'><strong>rursus</strong></span> <span class='ocrx_word' id='word_1_585' title='bbox 2526 2079 2710 2131; x_wconf 83' lang='lat' dir='ltr'><strong>obibat</strong></span> <span class='ocrx_word' id='word_1_586' title='bbox 2772 2079 3047 2131; x_wconf 83' lang='lat' dir='ltr'><strong>civitatem</strong></span> <span class='ocrx_word' id='word_1_587' title='bbox 3094 2077 3265 2129; x_wconf 88' lang='lat' dir='ltr'><strong>libere</strong></span> <span class='ocrx_word' id='word_1_588' title='bbox 3307 2075 3510 2128; x_wconf 85' lang='lat' dir='ltr'><strong>docens</strong></span> 
     </span>
    </p>
   </div>
   <div class='ocr_carea' id='block_1_81' title="bbox 1931 2165 3512 2238">
    <p class='ocr_par' dir='ltr' id='par_1_81' title="bbox 1931 2165 3512 2238">
     <span class='ocr_line' id='line_1_81' title="bbox 1931 2165 3512 2238; baseline -0.003 -18"><span class='ocrx_word' id='word_1_589' title='bbox 1931 2172 2158 2223; x_wconf 81' lang='lat' dir='ltr'><strong>verbum</strong></span> <span class='ocrx_word' id='word_1_590' title='bbox 2199 2172 2463 2224; x_wconf 82' lang='lat' dir='ltr'><strong>veritatis.</strong></span> <span class='ocrx_word' id='word_1_591' title='bbox 2498 2179 2551 2222; x_wconf 85' lang='lat' dir='ltr'><strong>et</strong></span> <span class='ocrx_word' id='word_1_592' title='bbox 2582 2187 2695 2235; x_wconf 78' lang='lat' dir='ltr'><strong>eos,</strong></span> <span class='ocrx_word' id='word_1_593' title='bbox 2738 2171 2825 2238; x_wconf 93' lang='lat' dir='ltr'><strong>qui</strong></span> <span class='ocrx_word' id='word_1_594' title='bbox 2860 2170 3215 2231; x_wconf 86' lang='lat' dir='ltr'><strong>accedebant,</strong></span> <span class='ocrx_word' id='word_1_595' title='bbox 3248 2182 3344 2235; x_wconf 89' lang='lat' dir='ltr'><strong>per</strong></span> <span class='ocrx_word' id='word_1_596' title='bbox 3374 2165 3512 2218; x_wconf 77' lang='lat' dir='ltr'><strong>divi-</strong></span> 
     </span>
    </p>
   </div>
   <div class='ocr_carea' id='block_1_82' title="bbox 1930 2257 3506 2332">
    <p class='ocr_par' dir='ltr' id='par_1_82' title="bbox 1930 2257 3506 2332">
     <span class='ocr_line' id='line_1_82' title="bbox 1930 2257 3506 2332; baseline -0.005 -17"><span class='ocrx_word' id='word_1_597' title='bbox 1930 2278 2058 2315; x_wconf 87' lang='lat' dir='ltr'><strong>num</strong></span> <span class='ocrx_word' id='word_1_598' title='bbox 2106 2264 2435 2332; x_wconf 87' lang='lat' dir='ltr'><strong>baptismum</strong></span> <span class='ocrx_word' id='word_1_599' title='bbox 2491 2264 2734 2327; x_wconf 89' lang='lat' dir='ltr'><strong>initians,</strong></span> <span class='ocrx_word' id='word_1_600' title='bbox 2785 2271 2838 2315; x_wconf 89' lang='lat' dir='ltr'><strong>et</strong></span> <span class='ocrx_word' id='word_1_601' title='bbox 2869 2258 3221 2315; x_wconf 76' lang='lat' dir='ltr'><strong>daemoniacis</strong></span> <span class='ocrx_word' id='word_1_602' title='bbox 3258 2257 3506 2325; x_wconf 71' lang='lat' dir='ltr'><strong>prazbens</strong></span> 
     </span>
    </p>
   </div>
   <div class='ocr_carea' id='block_1_83' title="bbox 1932 2344 3510 2419">
    <p class='ocr_par' dir='ltr' id='par_1_83' title="bbox 1932 2344 3510 2419">
     <span class='ocr_line' id='line_1_83' title="bbox 1932 2344 3510 2419; baseline -0.008 -10"><span class='ocrx_word' id='word_1_603' title='bbox 1932 2354 2056 2409; x_wconf 87' lang='lat' dir='ltr'><strong>mali</strong></span> <span class='ocrx_word' id='word_1_604' title='bbox 2091 2354 2419 2409; x_wconf 76' lang='lat' dir='ltr'><strong>solutionem</strong></span> <span class='ocrx_word' id='word_1_605' title='bbox 2470 2372 2483 2408; x_wconf 91' lang='lat'><strong>:</strong></span> <span class='ocrx_word' id='word_1_606' title='bbox 2532 2355 2751 2409; x_wconf 85' lang='lat' dir='ltr'><strong>morbos</strong></span> <span class='ocrx_word' id='word_1_607' title='bbox 2789 2368 3009 2419; x_wconf 87' lang='lat' dir='ltr'><strong>curans,</strong></span> <span class='ocrx_word' id='word_1_608' title='bbox 3054 2360 3110 2404; x_wconf 86' lang='lat' dir='ltr'><strong>et</strong></span> <span class='ocrx_word' id='word_1_609' title='bbox 3140 2347 3330 2418; x_wconf 80' lang='lat' dir='ltr'><strong>quavis</strong></span> <span class='ocrx_word' id='word_1_610' title='bbox 3376 2344 3510 2398; x_wconf 76' lang='lat' dir='ltr'><strong>affe-</strong></span> 
     </span>
    </p>
   </div>
   <div class='ocr_carea' id='block_1_84' title="bbox 1931 2438 3509 2515">
    <p class='ocr_par' dir='ltr' id='par_1_84' title="bbox 1931 2438 3509 2515">
     <span class='ocr_line' id='line_1_84' title="bbox 1931 2438 3509 2515; baseline -0.01 -14"><span class='ocrx_word' id='word_1_611' title='bbox 1931 2448 2112 2501; x_wconf 84' lang='lat' dir='ltr'><strong>ctione</strong></span> <span class='ocrx_word' id='word_1_612' title='bbox 2141 2446 2421 2501; x_wconf 79' lang='lat' dir='ltr'><strong>fortiorem</strong></span> <span class='ocrx_word' id='word_1_613' title='bbox 2471 2446 2720 2515; x_wconf 89' lang='lat' dir='ltr'><strong>spiritus,</strong></span> <span class='ocrx_word' id='word_1_614' title='bbox 2770 2460 2892 2514; x_wconf 66' lang='lat' dir='ltr'><strong>quae</strong></span> <span class='ocrx_word' id='word_1_615' title='bbox 2928 2444 2982 2497; x_wconf 91' lang='lat' dir='ltr'><strong>in</strong></span> <span class='ocrx_word' id='word_1_616' title='bbox 3015 2445 3133 2511; x_wconf 88' lang='lat' dir='ltr'><strong>ipso</strong></span> <span class='ocrx_word' id='word_1_617' title='bbox 3165 2448 3301 2499; x_wconf 85' lang='lat' dir='ltr'><strong>erat,</strong></span> <span class='ocrx_word' id='word_1_618' title='bbox 3336 2438 3509 2488; x_wconf 81' lang='lat' dir='ltr'><strong>virtu-</strong></span> 
     </span>
    </p>
   </div>
   <div class='ocr_carea' id='block_1_85' title="bbox 1934 2526 3507 2610">
    <p class='ocr_par' dir='ltr' id='par_1_85' title="bbox 1934 2526 3507 2610">
     <span class='ocr_line' id='line_1_85' title="bbox 1934 2526 3507 2610; baseline -0.011 -17"><span class='ocrx_word' id='word_1_619' title='bbox 1934 2547 2041 2593; x_wconf 89' lang='lat' dir='ltr'><strong>tem</strong></span> <span class='ocrx_word' id='word_1_620' title='bbox 2101 2538 2403 2610; x_wconf 82' lang='lat' dir='ltr'><strong>proferens.</strong></span> <span class='ocrx_word' id='word_1_621' title='bbox 2451 2538 2583 2594; x_wconf 86' lang='lat' dir='ltr'><strong>Cum</strong></span> <span class='ocrx_word' id='word_1_622' title='bbox 2630 2545 2811 2589; x_wconf 88' lang='lat' dir='ltr'><strong>autem</strong></span> <span class='ocrx_word' id='word_1_623' title='bbox 2857 2534 3013 2588; x_wconf 88' lang='lat' dir='ltr'><strong>valde</strong></span> <span class='ocrx_word' id='word_1_624' title='bbox 3067 2544 3282 2600; x_wconf 89' lang='lat' dir='ltr'><strong>quoque</strong></span> <span class='ocrx_word' id='word_1_625' title='bbox 3322 2526 3507 2579; x_wconf 90' lang='lat' dir='ltr'><strong>utilem</strong></span> 
     </span>
    </p>
   </div>
   <div class='ocr_carea' id='block_1_86' title="bbox 1931 2618 3509 2699">
    <p class='ocr_par' dir='ltr' id='par_1_86' title="bbox 1931 2618 3509 2699">
     <span class='ocr_line' id='line_1_86' title="bbox 1931 2618 3509 2699; baseline -0.012 -13"><span class='ocrx_word' id='word_1_626' title='bbox 1931 2632 2193 2687; x_wconf 74' lang='lat' dir='ltr'><strong>doctrina:</strong></span> <span class='ocrx_word' id='word_1_627' title='bbox 2238 2631 2436 2687; x_wconf 90' lang='lat' dir='ltr'><strong>librum</strong></span> <span class='ocrx_word' id='word_1_628' title='bbox 2490 2629 2910 2699; x_wconf 86' lang='lat' dir='ltr'><strong>composuisset,</strong></span> <span class='ocrx_word' id='word_1_629' title='bbox 2961 2638 3085 2680; x_wconf 90' lang='lat' dir='ltr'><strong>eum</strong></span> <span class='ocrx_word' id='word_1_630' title='bbox 3124 2622 3215 2676; x_wconf 89' lang='lat' dir='ltr'><strong>dat</strong></span> <span class='ocrx_word' id='word_1_631' title='bbox 3273 2618 3360 2680; x_wconf 84' lang='lat' dir='ltr'><strong>iis,</strong></span> <span class='ocrx_word' id='word_1_632' title='bbox 3417 2622 3509 2685; x_wconf 87' lang='lat' dir='ltr'><strong>qui</strong></span> 
     </span>
    </p>
   </div>
   <div class='ocr_carea' id='block_1_87' title="bbox 1931 2710 3513 2793">
    <p class='ocr_par' dir='ltr' id='par_1_87' title="bbox 1931 2710 3513 2793">
     <span class='ocr_line' id='line_1_87' title="bbox 1931 2710 3513 2793; baseline -0.009 -14"><span class='ocrx_word' id='word_1_633' title='bbox 1931 2724 2034 2779; x_wconf 90' lang='lat' dir='ltr'><strong>sub</strong></span> <span class='ocrx_word' id='word_1_634' title='bbox 2084 2724 2203 2793; x_wconf 87' lang='lat' dir='ltr'><strong>ipso</strong></span> <span class='ocrx_word' id='word_1_635' title='bbox 2239 2731 2417 2782; x_wconf 88' lang='lat' dir='ltr'><strong>erant.</strong></span> <span class='ocrx_word' id='word_1_636' title='bbox 2468 2720 2802 2791; x_wconf 89' lang='lat' dir='ltr'><strong>presbyteris</strong></span> <span class='ocrx_word' id='word_1_637' title='bbox 2854 2715 3016 2772; x_wconf 89' lang='lat' dir='ltr'><strong>simul</strong></span> <span class='ocrx_word' id='word_1_638' title='bbox 3064 2722 3118 2768; x_wconf 90' lang='lat' dir='ltr'><strong>et</strong></span> <span class='ocrx_word' id='word_1_639' title='bbox 3152 2710 3417 2768; x_wconf 82' lang='lat' dir='ltr'><strong>diaconis,</strong></span> <span class='ocrx_word' id='word_1_640' title='bbox 3454 2719 3513 2764; x_wconf 85' lang='lat' dir='ltr'><strong>ut</strong></span> 
     </span>
    </p>
   </div>
   <div class='ocr_carea' id='block_1_88' title="bbox 1937 2799 3511 2884">
    <p class='ocr_par' dir='ltr' id='par_1_88' title="bbox 1937 2799 3511 2884">
     <span class='ocr_line' id='line_1_88' title="bbox 1937 2799 3511 2884; baseline -0.013 -13"><span class='ocrx_word' id='word_1_641' title='bbox 1937 2816 2020 2871; x_wconf 85' lang='lat' dir='ltr'><strong>eis</strong></span> <span class='ocrx_word' id='word_1_642' title='bbox 2063 2815 2147 2870; x_wconf 86' lang='lat' dir='ltr'><strong>vel</strong></span> <span class='ocrx_word' id='word_1_643' title='bbox 2197 2820 2318 2884; x_wconf 90' lang='lat' dir='ltr'><strong>post</strong></span> <span class='ocrx_word' id='word_1_644' title='bbox 2370 2823 2597 2867; x_wconf 88' lang='lat' dir='ltr'><strong>mortem</strong></span> <span class='ocrx_word' id='word_1_645' title='bbox 2643 2813 2981 2879; x_wconf 85' lang='lat' dir='ltr'><strong>loqueretur,</strong></span> <span class='ocrx_word' id='word_1_646' title='bbox 3018 2813 3072 2857; x_wconf 85' lang='lat' dir='ltr'><strong>et</strong></span> <span class='ocrx_word' id='word_1_647' title='bbox 3123 2804 3304 2873; x_wconf 86' lang='lat' dir='ltr'><strong>aliquo</strong></span> <span class='ocrx_word' id='word_1_648' title='bbox 3350 2799 3511 2852; x_wconf 91' lang='lat' dir='ltr'><strong>modo</strong></span> 
     </span>
    </p>
   </div>
   <div class='ocr_carea' id='block_1_89' title="bbox 1935 2900 2897 2976">
    <p class='ocr_par' dir='ltr' id='par_1_89' title="bbox 1935 2900 2897 2976">
     <span class='ocr_line' id='line_1_89' title="bbox 1935 2900 2897 2976; baseline -0.011 -15"><span class='ocrx_word' id='word_1_649' title='bbox 1935 2921 2211 2976; x_wconf 90' lang='lat' dir='ltr'><strong>nunquam</strong></span> <span class='ocrx_word' id='word_1_650' title='bbox 2238 2904 2319 2960; x_wconf 87' lang='lat' dir='ltr'><strong>eis</strong></span> <span class='ocrx_word' id='word_1_651' title='bbox 2349 2910 2587 2957; x_wconf 89' lang='lat' dir='ltr'><strong>cessaret</strong></span> <span class='ocrx_word' id='word_1_652' title='bbox 2615 2900 2897 2973; x_wconf 85' lang='lat' dir='ltr'><strong>prodesse.</strong></span> 
     </span>
    </p>
   </div>
   <div class='ocr_carea' id='block_1_90' title="bbox 1998 3088 3513 3169">
    <p class='ocr_par' dir='ltr' id='par_1_90' title="bbox 1998 3088 3513 3169">
     <span class='ocr_line' id='line_1_90' title="bbox 1998 3088 3513 3169; baseline -0.011 -12"><span class='ocrx_word' id='word_1_653' title='bbox 1998 3100 2236 3157; x_wconf 77' lang='lat' dir='ltr'><strong>XXVIII.</strong></span> <span class='ocrx_word' id='word_1_654' title='bbox 2278 3102 2586 3169; x_wconf 81' lang='lat' dir='ltr'><strong>Aliquando</strong></span> <span class='ocrx_word' id='word_1_655' title='bbox 2623 3101 2677 3154; x_wconf 91' lang='lat' dir='ltr'><strong>in</strong></span> <span class='ocrx_word' id='word_1_656' title='bbox 2710 3106 2949 3153; x_wconf 87' lang='lat' dir='ltr'><strong>montem</strong></span> <span class='ocrx_word' id='word_1_657' title='bbox 2980 3095 3279 3156; x_wconf 78' lang='lat' dir='ltr'><strong>excelsum,</strong></span> <span class='ocrx_word' id='word_1_658' title='bbox 3311 3106 3412 3145; x_wconf 92' lang='lat' dir='ltr'><strong>usu</strong></span> <span class='ocrx_word' id='word_1_659' title='bbox 3437 3088 3513 3142; x_wconf 81' lang='lat' dir='ltr'><strong>ita</strong></span> 
     </span>
    </p>
   </div>
   <div class='ocr_carea' id='block_1_91' title="bbox 1935 3184 3512 3268">
    <p class='ocr_par' dir='ltr' id='par_1_91' title="bbox 1935 3184 3512 3268">
     <span class='ocr_line' id='line_1_91' title="bbox 1935 3184 3512 3268; baseline -0.011 -18"><span class='ocrx_word' id='word_1_660' title='bbox 1935 3195 2264 3268; x_wconf 86' lang='lat' dir='ltr'><strong>postulante,</strong></span> <span class='ocrx_word' id='word_1_661' title='bbox 2300 3190 2547 3245; x_wconf 86' lang='lat' dir='ltr'><strong>ascendit</strong></span> <span class='ocrx_word' id='word_1_662' title='bbox 2574 3206 2586 3242; x_wconf 93' lang='lat'><strong>:</strong></span> <span class='ocrx_word' id='word_1_663' title='bbox 2618 3189 2839 3258; x_wconf 87' lang='lat' dir='ltr'><strong>ipseque</strong></span> <span class='ocrx_word' id='word_1_664' title='bbox 2871 3197 2926 3241; x_wconf 91' lang='lat' dir='ltr'><strong>et</strong></span> <span class='ocrx_word' id='word_1_665' title='bbox 2961 3184 3051 3255; x_wconf 88' lang='lat' dir='ltr'><strong>qui</strong></span> <span class='ocrx_word' id='word_1_666' title='bbox 3081 3200 3204 3240; x_wconf 89' lang='lat' dir='ltr'><strong>cum</strong></span> <span class='ocrx_word' id='word_1_667' title='bbox 3235 3198 3302 3238; x_wconf 90' lang='lat' dir='ltr'><strong>eo</strong></span> <span class='ocrx_word' id='word_1_668' title='bbox 3332 3191 3512 3243; x_wconf 87' lang='lat' dir='ltr'><strong>erant,</strong></span> 
     </span>
    </p>
   </div>
   <div class='ocr_carea' id='block_1_92' title="bbox 1937 3276 3514 3352">
    <p class='ocr_par' dir='ltr' id='par_1_92' title="bbox 1937 3276 3514 3352">
     <span class='ocr_line' id='line_1_92' title="bbox 1937 3276 3514 3352; baseline -0.011 -9"><span class='ocrx_word' id='word_1_669' title='bbox 1937 3289 2029 3344; x_wconf 87' lang='lat' dir='ltr'><strong>siti</strong></span> <span class='ocrx_word' id='word_1_670' title='bbox 2060 3286 2397 3342; x_wconf 87' lang='lat' dir='ltr'><strong>laborabant.</strong></span> <span class='ocrx_word' id='word_1_671' title='bbox 2432 3281 2686 3352; x_wconf 82' lang='lat' dir='ltr'><strong>Confugit</strong></span> <span class='ocrx_word' id='word_1_672' title='bbox 2720 3291 2901 3335; x_wconf 86' lang='lat' dir='ltr'><strong>autem</strong></span> <span class='ocrx_word' id='word_1_673' title='bbox 2938 3280 3003 3333; x_wconf 89' lang='lat' dir='ltr'><strong>ad</strong></span> <span class='ocrx_word' id='word_1_674' title='bbox 3034 3290 3181 3341; x_wconf 87' lang='lat' dir='ltr'><strong>eum,</strong></span> <span class='ocrx_word' id='word_1_675' title='bbox 3209 3276 3301 3345; x_wconf 89' lang='lat' dir='ltr'><strong>qui</strong></span> <span class='ocrx_word' id='word_1_676' title='bbox 3337 3283 3514 3343; x_wconf 83' lang='lat' dir='ltr'><strong>potest</strong></span> 
     </span>
    </p>
   </div>
   <div class='ocr_carea' id='block_1_93' title="bbox 1937 3367 3512 3449">
    <p class='ocr_par' dir='ltr' id='par_1_93' title="bbox 1937 3367 3512 3449">
     <span class='ocr_line' id='line_1_93' title="bbox 1937 3367 3512 3449; baseline -0.013 -11"><span class='ocrx_word' id='word_1_677' title='bbox 1937 3382 2140 3438; x_wconf 87' lang='lat' dir='ltr'><strong>omnia.</strong></span> <span class='ocrx_word' id='word_1_678' title='bbox 2177 3380 2361 3449; x_wconf 84' lang='lat' dir='ltr'><strong>Itaque</strong></span> <span class='ocrx_word' id='word_1_679' title='bbox 2392 3390 2691 3431; x_wconf 84' lang='lat' dir='ltr'><strong>conversus</strong></span> <span class='ocrx_word' id='word_1_680' title='bbox 2715 3375 2783 3428; x_wconf 86' lang='lat' dir='ltr'><strong>ad</strong></span> <span class='ocrx_word' id='word_1_681' title='bbox 2818 3375 3140 3435; x_wconf 87' lang='lat' dir='ltr'><strong>orationem,</strong></span> <span class='ocrx_word' id='word_1_682' title='bbox 3172 3371 3315 3423; x_wconf 90' lang='lat' dir='ltr'><strong>humi</strong></span> <span class='ocrx_word' id='word_1_683' title='bbox 3360 3367 3512 3420; x_wconf 88' lang='lat' dir='ltr'><strong>incli-</strong></span> 
     </span>
    </p>
   </div>
   <div class='ocr_carea' id='block_1_94' title="bbox 1942 3459 3511 3543">
    <p class='ocr_par' dir='ltr' id='par_1_94' title="bbox 1942 3459 3511 3543">
     <span class='ocr_line' id='line_1_94' title="bbox 1942 3459 3511 3543; baseline -0.012 -15"><span class='ocrx_word' id='word_1_684' title='bbox 1942 3484 2035 3528; x_wconf 89' lang='lat' dir='ltr'><strong>nat</strong></span> <span class='ocrx_word' id='word_1_685' title='bbox 2068 3488 2242 3543; x_wconf 86' lang='lat' dir='ltr'><strong>genua</strong></span> <span class='ocrx_word' id='word_1_686' title='bbox 2280 3490 2291 3525; x_wconf 90' lang='lat'>:</span> <span class='ocrx_word' id='word_1_687' title='bbox 2327 3469 2671 3538; x_wconf 87' lang='lat' dir='ltr'><strong>poculentam</strong></span> <span class='ocrx_word' id='word_1_688' title='bbox 2710 3477 2891 3521; x_wconf 91' lang='lat' dir='ltr'><strong>autem</strong></span> <span class='ocrx_word' id='word_1_689' title='bbox 2925 3479 3117 3534; x_wconf 89' lang='lat' dir='ltr'><strong>aquam</strong></span> <span class='ocrx_word' id='word_1_690' title='bbox 3155 3472 3295 3516; x_wconf 88' lang='lat' dir='ltr'><strong>terra</strong></span> <span class='ocrx_word' id='word_1_691' title='bbox 3329 3459 3511 3513; x_wconf 87' lang='lat' dir='ltr'><strong>statim</strong></span> 
     </span>
    </p>
   </div>
   <div class='ocr_carea' id='block_1_95' title="bbox 1939 3551 3517 3626">
    <p class='ocr_par' dir='ltr' id='par_1_95' title="bbox 1939 3551 3517 3626">
     <span class='ocr_line' id='line_1_95' title="bbox 1939 3551 3517 3626; baseline -0.012 -5"><span class='ocrx_word' id='word_1_692' title='bbox 1939 3565 2141 3621; x_wconf 83' lang='lat' dir='ltr'><strong>emisit.</strong></span> <span class='ocrx_word' id='word_1_693' title='bbox 2187 3562 2267 3618; x_wconf 86' lang='lat' dir='ltr'><strong>Ab</strong></span> <span class='ocrx_word' id='word_1_694' title='bbox 2302 3562 2393 3615; x_wconf 91' lang='lat' dir='ltr'><strong>illo</strong></span> <span class='ocrx_word' id='word_1_695' title='bbox 2423 3570 2604 3614; x_wconf 81' lang='lat' dir='ltr'><strong>autem</strong></span> <span class='ocrx_word' id='word_1_696' title='bbox 2637 3567 2882 3626; x_wconf 90' lang='lat' dir='ltr'><strong>tempore</strong></span> <span class='ocrx_word' id='word_1_697' title='bbox 2926 3558 3079 3609; x_wconf 91' lang='lat' dir='ltr'><strong>locus</strong></span> <span class='ocrx_word' id='word_1_698' title='bbox 3124 3555 3213 3608; x_wconf 89' lang='lat' dir='ltr'><strong>ille</strong></span> <span class='ocrx_word' id='word_1_699' title='bbox 3260 3551 3517 3616; x_wconf 81' lang='lat' dir='ltr'><strong>deinceps</strong></span> 
     </span>
    </p>
   </div>
   <div class='ocr_carea' id='block_1_96' title="bbox 1940 3646 3517 3724">
    <p class='ocr_par' dir='ltr' id='par_1_96' title="bbox 1940 3646 3517 3724">
     <span class='ocr_line' id='line_1_96' title="bbox 1940 3646 3517 3724; baseline -0.013 -13"><span class='ocrx_word' id='word_1_700' title='bbox 1940 3658 2041 3711; x_wconf 78' lang='lat' dir='ltr'><strong>fuit</strong></span> <span class='ocrx_word' id='word_1_701' title='bbox 2082 3656 2387 3724; x_wconf 88' lang='lat' dir='ltr'><strong>appellatus</strong></span> <span class='ocrx_word' id='word_1_702' title='bbox 2432 3655 2582 3708; x_wconf 91' lang='lat' dir='ltr'><strong>locus</strong></span> <span class='ocrx_word' id='word_1_703' title='bbox 2626 3648 3041 3721; x_wconf 77' lang='lat' dir='ltr'><strong>genuﬂexionis.</strong></span> <span class='ocrx_word' id='word_1_704' title='bbox 3069 3646 3337 3701; x_wconf 67' lang='lat' dir='ltr'><strong>Caeterum</strong></span> <span class='ocrx_word' id='word_1_705' title='bbox 3384 3653 3517 3694; x_wconf 90' lang='lat' dir='ltr'><strong>tunc</strong></span> 
     </span>
    </p>
   </div>
   <div class='ocr_carea' id='block_1_97' title="bbox 1941 3735 3519 3818">
    <p class='ocr_par' dir='ltr' id='par_1_97' title="bbox 1941 3735 3519 3818">
     <span class='ocr_line' id='line_1_97' title="bbox 1941 3735 3519 3818; baseline -0.012 -15"><span class='ocrx_word' id='word_1_706' title='bbox 1941 3748 2159 3818; x_wconf 88' lang='lat' dir='ltr'><strong>quidem</strong></span> <span class='ocrx_word' id='word_1_707' title='bbox 2212 3745 2370 3800; x_wconf 90' lang='lat' dir='ltr'><strong>rediit</strong></span> <span class='ocrx_word' id='word_1_708' title='bbox 2412 3744 2465 3798; x_wconf 90' lang='lat' dir='ltr'><strong>in</strong></span> <span class='ocrx_word' id='word_1_709' title='bbox 2507 3743 2727 3797; x_wconf 89' lang='lat' dir='ltr'><strong>domum</strong></span> <span class='ocrx_word' id='word_1_710' title='bbox 2774 3757 2925 3795; x_wconf 91' lang='lat' dir='ltr'><strong>suam</strong></span> <span class='ocrx_word' id='word_1_711' title='bbox 2963 3756 2978 3794; x_wconf 87' lang='lat'><strong>:</strong></span> <span class='ocrx_word' id='word_1_712' title='bbox 3029 3755 3135 3793; x_wconf 89' lang='lat' dir='ltr'><strong>non</strong></span> <span class='ocrx_word' id='word_1_713' title='bbox 3182 3735 3353 3790; x_wconf 89' lang='lat' dir='ltr'><strong>multo</strong></span> <span class='ocrx_word' id='word_1_714' title='bbox 3400 3742 3519 3803; x_wconf 88' lang='lat' dir='ltr'><strong>post</strong></span> 
     </span>
    </p>
   </div>
   <div class='ocr_carea' id='block_1_98' title="bbox 1942 3824 3521 3898">
    <p class='ocr_par' dir='ltr' id='par_1_98' title="bbox 1942 3824 3521 3898">
     <span class='ocr_line' id='line_1_98' title="bbox 1942 3824 3521 3898; baseline -0.011 -6"><span class='ocrx_word' id='word_1_715' title='bbox 1942 3846 2124 3892; x_wconf 88' lang='lat' dir='ltr'><strong>autem</strong></span> <span class='ocrx_word' id='word_1_716' title='bbox 2156 3837 2304 3889; x_wconf 88' lang='lat' dir='ltr'><strong>videt</strong></span> <span class='ocrx_word' id='word_1_717' title='bbox 2334 3848 2521 3888; x_wconf 89' lang='lat' dir='ltr'><strong>rursus</strong></span> <span class='ocrx_word' id='word_1_718' title='bbox 2554 3831 2865 3895; x_wconf 89' lang='lat' dir='ltr'><strong>Dominum,</strong></span> <span class='ocrx_word' id='word_1_719' title='bbox 2891 3829 2983 3898; x_wconf 89' lang='lat' dir='ltr'><strong>qui</strong></span> <span class='ocrx_word' id='word_1_720' title='bbox 3016 3829 3063 3882; x_wconf 91' lang='lat' dir='ltr'><strong>ei</strong></span> <span class='ocrx_word' id='word_1_721' title='bbox 3102 3828 3157 3880; x_wconf 93' lang='lat' dir='ltr'><strong>in</strong></span> <span class='ocrx_word' id='word_1_722' title='bbox 3184 3824 3388 3881; x_wconf 89' lang='lat' dir='ltr'><strong>somnis</strong></span> <span class='ocrx_word' id='word_1_723' title='bbox 3420 3838 3521 3891; x_wconf 87' lang='lat' dir='ltr'><strong>ap-</strong></span> 
     </span>
    </p>
   </div>
   <div class='ocr_carea' id='block_1_99' title="bbox 1942 3927 3523 4004">
    <p class='ocr_par' dir='ltr' id='par_1_99' title="bbox 1942 3927 3523 4004">
     <span class='ocr_line' id='line_1_99' title="bbox 1942 3927 3523 4004; baseline -0.011 -17"><span class='ocrx_word' id='word_1_724' title='bbox 1942 3932 2143 4004; x_wconf 85' lang='lat' dir='ltr'><strong>paruit,</strong></span> <span class='ocrx_word' id='word_1_725' title='bbox 2177 3941 2230 3985; x_wconf 90' lang='lat' dir='ltr'><strong>et</strong></span> <span class='ocrx_word' id='word_1_726' title='bbox 2260 3933 2310 3983; x_wconf 93' lang='lat' dir='ltr'><strong>ei</strong></span> <span class='ocrx_word' id='word_1_727' title='bbox 2344 3930 2482 3984; x_wconf 78' lang='lat' dir='ltr'><strong>dixit</strong></span> <span class='ocrx_word' id='word_1_728' title='bbox 2510 3945 2524 3981; x_wconf 90' lang='lat'><strong>:</strong></span> <span class='ocrx_word' id='word_1_729' title='bbox 2559 3928 2779 3989; x_wconf 84' lang='lat' dir='ltr'><strong>Aberci,</strong></span> <span class='ocrx_word' id='word_1_730' title='bbox 2813 3927 2921 3994; x_wconf 79' lang='lat' dir='ltr'><strong>jam</strong></span> <span class='ocrx_word' id='word_1_731' title='bbox 2956 3938 3126 3993; x_wconf 90' lang='lat' dir='ltr'><strong>prope</strong></span> <span class='ocrx_word' id='word_1_732' title='bbox 3166 3930 3249 3975; x_wconf 88' lang='lat' dir='ltr'><strong>est</strong></span> <span class='ocrx_word' id='word_1_733' title='bbox 3283 3929 3523 3985; x_wconf 86' lang='lat' dir='ltr'><strong>tempus.</strong></span> 
     </span>
    </p>
   </div>
   <div class='ocr_carea' id='block_1_100' title="bbox 1946 4015 3521 4091">
    <p class='ocr_par' dir='ltr' id='par_1_100' title="bbox 1946 4015 3521 4091">
     <span class='ocr_line' id='line_1_100' title="bbox 1946 4015 3521 4091; baseline -0.013 -10"><span class='ocrx_word' id='word_1_734' title='bbox 1946 4037 2004 4081; x_wconf 91' lang='lat' dir='ltr'><strong>ut</strong></span> <span class='ocrx_word' id='word_1_735' title='bbox 2057 4040 2238 4080; x_wconf 75' lang='lat' dir='ltr'><strong>cesses</strong></span> <span class='ocrx_word' id='word_1_736' title='bbox 2295 4039 2323 4077; x_wconf 90' lang='lat' dir='ltr'><strong>a</strong></span> <span class='ocrx_word' id='word_1_737' title='bbox 2371 4021 2547 4091; x_wconf 78' lang='lat' dir='ltr'><strong>longis</strong></span> <span class='ocrx_word' id='word_1_738' title='bbox 2594 4021 2701 4073; x_wconf 90' lang='lat' dir='ltr'><strong>tuis</strong></span> <span class='ocrx_word' id='word_1_739' title='bbox 2748 4018 3042 4072; x_wconf 85' lang='lat' dir='ltr'><strong>laboribus.</strong></span> <span class='ocrx_word' id='word_1_740' title='bbox 3094 4015 3230 4069; x_wconf 88' lang='lat' dir='ltr'><strong>Cum</strong></span> <span class='ocrx_word' id='word_1_741' title='bbox 3280 4020 3459 4065; x_wconf 88' lang='lat' dir='ltr'><strong>autem</strong></span> <span class='ocrx_word' id='word_1_742' title='bbox 3490 4024 3521 4061; x_wconf 90' lang='lat' dir='ltr'><strong>e</strong></span> 
     </span>
    </p>
   </div>
   <div class='ocr_carea' id='block_1_101' title="bbox 1946 4106 3520 4180">
    <p class='ocr_par' dir='ltr' id='par_1_101' title="bbox 1946 4106 3520 4180">
     <span class='ocr_line' id='line_1_101' title="bbox 1946 4106 3520 4180; baseline -0.015 -6"><span class='ocrx_word' id='word_1_743' title='bbox 1946 4133 2140 4174; x_wconf 83' lang='lat' dir='ltr'><strong>somno</strong></span> <span class='ocrx_word' id='word_1_744' title='bbox 2196 4127 2341 4171; x_wconf 83' lang='lat' dir='ltr'><strong>esset</strong></span> <span class='ocrx_word' id='word_1_745' title='bbox 2388 4114 2694 4175; x_wconf 78' lang='lat' dir='ltr'><strong>excitatus,</strong></span> <span class='ocrx_word' id='word_1_746' title='bbox 2747 4121 2803 4164; x_wconf 90' lang='lat' dir='ltr'><strong>et</strong></span> <span class='ocrx_word' id='word_1_747' title='bbox 2847 4110 3190 4180; x_wconf 78' lang='lat' dir='ltr'><strong>cognovisset</strong></span> <span class='ocrx_word' id='word_1_748' title='bbox 3236 4106 3520 4157; x_wconf 78' lang='lat' dir='ltr'><strong>decessum</strong></span> 
     </span>
    </p>
   </div>
   <div class='ocr_carea' id='block_1_102' title="bbox 1947 4195 3523 4277">
    <p class='ocr_par' dir='ltr' id='par_1_102' title="bbox 1947 4195 3523 4277">
     <span class='ocr_line' id='line_1_102' title="bbox 1947 4195 3523 4277; baseline -0.012 -13"><span class='ocrx_word' id='word_1_749' title='bbox 1947 4210 2047 4265; x_wconf 91' lang='lat' dir='ltr'><strong>sibi</strong></span> <span class='ocrx_word' id='word_1_750' title='bbox 2085 4204 2511 4277; x_wconf 64' lang='lat' dir='ltr'><strong>przesignilicari,</strong></span> <span class='ocrx_word' id='word_1_751' title='bbox 2548 4211 2735 4256; x_wconf 87' lang='lat' dir='ltr'><strong>narrat</strong></span> <span class='ocrx_word' id='word_1_752' title='bbox 2774 4201 3036 4256; x_wconf 76' lang='lat' dir='ltr'><strong>fratribus</strong></span> <span class='ocrx_word' id='word_1_753' title='bbox 3072 4199 3143 4259; x_wconf 90' lang='lat' dir='ltr'><strong>id,</strong></span> <span class='ocrx_word' id='word_1_754' title='bbox 3180 4195 3322 4265; x_wconf 84' lang='lat' dir='ltr'><strong>quod</strong></span> <span class='ocrx_word' id='word_1_755' title='bbox 3361 4208 3523 4261; x_wconf 88' lang='lat' dir='ltr'><strong>appa-</strong></span> 
     </span>
    </p>
   </div>
   <div class='ocr_carea' id='block_1_103' title="bbox 1948 4290 3521 4367">
    <p class='ocr_par' dir='ltr' id='par_1_103' title="bbox 1948 4290 3521 4367">
     <span class='ocr_line' id='line_1_103' title="bbox 1948 4290 3521 4367; baseline -0.011 -11"><span class='ocrx_word' id='word_1_756' title='bbox 1948 4312 2127 4356; x_wconf 79' lang='lat' dir='ltr'><strong>ruerat</strong></span> <span class='ocrx_word' id='word_1_757' title='bbox 2164 4319 2177 4355; x_wconf 74' lang='grc' dir='ltr'><strong>ε</strong></span> <span class='ocrx_word' id='word_1_758' title='bbox 2220 4309 2277 4355; x_wconf 87' lang='lat' dir='ltr'><strong>et</strong></span> <span class='ocrx_word' id='word_1_759' title='bbox 2304 4298 2593 4367; x_wconf 89' lang='lat' dir='ltr'><strong>quemdam</strong></span> <span class='ocrx_word' id='word_1_760' title='bbox 2628 4303 2950 4366; x_wconf 85' lang='lat' dir='ltr'><strong>quadratum</strong></span> <span class='ocrx_word' id='word_1_761' title='bbox 2997 4292 3257 4361; x_wconf 82' lang='lat' dir='ltr'><strong>lapidem,</strong></span> <span class='ocrx_word' id='word_1_762' title='bbox 3284 4290 3521 4357; x_wconf 83' lang='lat' dir='ltr'><strong>longitu-</strong></span> 
     </span>
    </p>
   </div>
   <div class='ocr_carea' id='block_1_104' title="bbox 1948 4386 3523 4459">
    <p class='ocr_par' dir='ltr' id='par_1_104' title="bbox 1948 4386 3523 4459">
     <span class='ocr_line' id='line_1_104' title="bbox 1948 4386 3523 4459; baseline -0.013 -6"><span class='ocrx_word' id='word_1_763' title='bbox 1948 4401 2073 4454; x_wconf 87' lang='lat' dir='ltr'><strong>dine</strong></span> <span class='ocrx_word' id='word_1_764' title='bbox 2126 4407 2181 4450; x_wconf 78' lang='grc' dir='ltr'><strong>ει</strong></span> <span class='ocrx_word' id='word_1_765' title='bbox 2228 4394 2511 4448; x_wconf 80' lang='lat' dir='ltr'><strong>latitudine</strong></span> <span class='ocrx_word' id='word_1_766' title='bbox 2566 4391 2846 4459; x_wconf 66' lang='lat' dir='ltr'><strong>aequalem,</strong></span> <span class='ocrx_word' id='word_1_767' title='bbox 2892 4388 2992 4442; x_wconf 88' lang='lat' dir='ltr'><strong>sibi</strong></span> <span class='ocrx_word' id='word_1_768' title='bbox 3042 4386 3349 4455; x_wconf 85' lang='lat' dir='ltr'><strong>sepulcrum</strong></span> <span class='ocrx_word' id='word_1_769' title='bbox 3392 4397 3523 4435; x_wconf 85' lang='lat' dir='ltr'><strong>con-</strong></span> 
     </span>
    </p>
   </div>
   <div class='ocr_carea' id='block_1_105' title="bbox 1952 4473 3524 4551">
    <p class='ocr_par' dir='ltr' id='par_1_105' title="bbox 1952 4473 3524 4551">
     <span class='ocr_line' id='line_1_105' title="bbox 1952 4473 3524 4551; baseline -0.011 -7"><span class='ocrx_word' id='word_1_770' title='bbox 1952 4491 2111 4546; x_wconf 89' lang='lat' dir='ltr'><strong>struit</strong></span> <span class='ocrx_word' id='word_1_771' title='bbox 2154 4506 2166 4541; x_wconf 89' lang='lat'><strong>:</strong></span> <span class='ocrx_word' id='word_1_772' title='bbox 2220 4497 2274 4540; x_wconf 91' lang='lat' dir='ltr'><strong>et</strong></span> <span class='ocrx_word' id='word_1_773' title='bbox 2331 4502 2499 4545; x_wconf 84' lang='lat' dir='ltr'><strong>aram,</strong></span> <span class='ocrx_word' id='word_1_774' title='bbox 2560 4500 2699 4551; x_wconf 67' lang='lat' dir='ltr'><strong>quaa,</strong></span> <span class='ocrx_word' id='word_1_775' title='bbox 2736 4482 2828 4535; x_wconf 91' lang='lat' dir='ltr'><strong>illo</strong></span> <span class='ocrx_word' id='word_1_776' title='bbox 2875 4480 3120 4548; x_wconf 73' lang='lat' dir='ltr'><strong>iubente,</strong></span> <span class='ocrx_word' id='word_1_777' title='bbox 3178 4479 3347 4529; x_wconf 83' lang='lat' dir='ltr'><strong>Roma</strong></span> <span class='ocrx_word' id='word_1_778' title='bbox 3397 4473 3524 4527; x_wconf 92' lang='lat' dir='ltr'><strong>illuc</strong></span> 
     </span>
    </p>
   </div>
   <div class='ocr_carea' id='block_1_106' title="bbox 1948 4565 3525 4643">
    <p class='ocr_par' dir='ltr' id='par_1_106' title="bbox 1948 4565 3525 4643">
     <span class='ocr_line' id='line_1_106' title="bbox 1948 4565 3525 4643; baseline -0.01 -9"><span class='ocrx_word' id='word_1_779' title='bbox 1948 4579 2201 4635; x_wconf 85' lang='lat' dir='ltr'><strong>translata</strong></span> <span class='ocrx_word' id='word_1_780' title='bbox 2233 4577 2429 4635; x_wconf 82' lang='lat' dir='ltr'><strong>fuerat,</strong></span> <span class='ocrx_word' id='word_1_781' title='bbox 2462 4574 2626 4643; x_wconf 85' lang='lat' dir='ltr'><strong>lapidi</strong></span> <span class='ocrx_word' id='word_1_782' title='bbox 2658 4573 2905 4639; x_wconf 87' lang='lat' dir='ltr'><strong>imponit,</strong></span> <span class='ocrx_word' id='word_1_783' title='bbox 2943 4571 2991 4622; x_wconf 90' lang='lat' dir='ltr'><strong>ei</strong></span> <span class='ocrx_word' id='word_1_784' title='bbox 3022 4570 3178 4621; x_wconf 89' lang='lat' dir='ltr'><strong>talem</strong></span> <span class='ocrx_word' id='word_1_785' title='bbox 3210 4565 3525 4635; x_wconf 84' lang='lat' dir='ltr'><strong>insculpens</strong></span> 
     </span>
    </p>
   </div>
   <div class='ocr_carea' id='block_1_107' title="bbox 1946 4657 3520 4739">
    <p class='ocr_par' dir='ltr' id='par_1_107' title="bbox 1946 4657 3520 4739">
     <span class='ocr_line' id='line_1_107' title="bbox 1946 4657 3520 4739; baseline -0.013 -13"><span class='ocrx_word' id='word_1_786' title='bbox 1946 4670 2354 4739; x_wconf 90' lang='lat' dir='ltr'><strong>inscriptionem</strong></span> <span class='ocrx_word' id='word_1_787' title='bbox 2390 4684 2401 4718; x_wconf 92' lang='lat'>:</span> <span class='ocrx_word' id='word_1_788' title='bbox 2441 4666 2636 4720; x_wconf 71' lang='lat' dir='ltr'><strong>Electa:</strong></span> <span class='ocrx_word' id='word_1_789' title='bbox 2678 4664 2829 4716; x_wconf 88' lang='lat' dir='ltr'><strong>urbis</strong></span> <span class='ocrx_word' id='word_1_790' title='bbox 2863 4660 2997 4714; x_wconf 87' lang='lat' dir='ltr'><strong>civis</strong></span> <span class='ocrx_word' id='word_1_791' title='bbox 3033 4659 3136 4712; x_wconf 91' lang='lat' dir='ltr'><strong>hoc</strong></span> <span class='ocrx_word' id='word_1_792' title='bbox 3176 4660 3360 4710; x_wconf 81' lang='lat' dir='ltr'><strong>vivens</strong></span> <span class='ocrx_word' id='word_1_793' title='bbox 3398 4657 3520 4717; x_wconf 87' lang='lat' dir='ltr'><strong>l&#39;eci,</strong></span> 
     </span>
    </p>
   </div>
   <div class='ocr_carea' id='block_1_108' title="bbox 1948 4746 3524 4827">
    <p class='ocr_par' dir='ltr' id='par_1_108' title="bbox 1948 4746 3524 4827">
     <span class='ocr_line' id='line_1_108' title="bbox 1948 4746 3524 4827; baseline -0.012 -11"><span class='ocrx_word' id='word_1_794' title='bbox 1948 4771 2005 4816; x_wconf 91' lang='lat' dir='ltr'><strong>ut</strong></span> <span class='ocrx_word' id='word_1_795' title='bbox 2032 4762 2116 4815; x_wconf 91' lang='lat' dir='ltr'><strong>hic</strong></span> <span class='ocrx_word' id='word_1_796' title='bbox 2150 4771 2391 4827; x_wconf 87' lang='lat' dir='ltr'><strong>tempore</strong></span> <span class='ocrx_word' id='word_1_797' title='bbox 2423 4756 2649 4809; x_wconf 81' lang='lat' dir='ltr'><strong>habeam</strong></span> <span class='ocrx_word' id='word_1_798' title='bbox 2684 4754 2978 4822; x_wconf 84' lang='lat' dir='ltr'><strong>posituram</strong></span> <span class='ocrx_word' id='word_1_799' title='bbox 3004 4748 3268 4818; x_wconf 88' lang='lat' dir='ltr'><strong>corporis,</strong></span> <span class='ocrx_word' id='word_1_800' title='bbox 3304 4746 3524 4798; x_wconf 82' lang='lat' dir='ltr'><strong>nomine</strong></span> 
     </span>
    </p>
   </div>
   <div class='ocr_carea' id='block_1_109' title="bbox 1946 4840 3529 4915">
    <p class='ocr_par' dir='ltr' id='par_1_109' title="bbox 1946 4840 3529 4915">
     <span class='ocr_line' id='line_1_109' title="bbox 1946 4840 3529 4915; baseline -0.013 -8"><span class='ocrx_word' id='word_1_801' title='bbox 1946 4852 2227 4907; x_wconf 83' lang='lat' dir='ltr'><strong>Abercius.</strong></span> <span class='ocrx_word' id='word_1_802' title='bbox 2260 4848 2360 4915; x_wconf 86' lang='lat' dir='ltr'><strong>Qui</strong></span> <span class='ocrx_word' id='word_1_803' title='bbox 2392 4863 2510 4900; x_wconf 84' lang='lat' dir='ltr'><strong>sunt</strong></span> <span class='ocrx_word' id='word_1_804' title='bbox 2544 4846 2845 4912; x_wconf 86' lang='lat' dir='ltr'><strong>discipulus</strong></span> <span class='ocrx_word' id='word_1_805' title='bbox 2879 4840 3110 4910; x_wconf 87' lang='lat' dir='ltr'><strong>pastoris</strong></span> <span class='ocrx_word' id='word_1_806' title='bbox 3133 4840 3265 4892; x_wconf 83' lang='lat' dir='ltr'><strong>casti</strong></span> <span class='ocrx_word' id='word_1_807' title='bbox 3298 4852 3529 4906; x_wconf 79' lang='lat' dir='ltr'><strong>pascen-</strong></span> 
     </span>
    </p>
   </div>
   <div class='ocr_carea' id='block_1_110' title="bbox 1950 4932 3524 5009">
    <p class='ocr_par' dir='ltr' id='par_1_110' title="bbox 1950 4932 3524 5009">
     <span class='ocr_line' id='line_1_110' title="bbox 1950 4932 3524 5009; baseline -0.013 -10"><span class='ocrx_word' id='word_1_808' title='bbox 1950 4945 2019 4999; x_wconf 90' lang='lat' dir='ltr'><strong>tis</strong></span> <span class='ocrx_word' id='word_1_809' title='bbox 2053 4944 2232 4997; x_wconf 86' lang='lat' dir='ltr'><strong>ovium</strong></span> <span class='ocrx_word' id='word_1_810' title='bbox 2278 4955 2466 5009; x_wconf 87' lang='lat' dir='ltr'><strong>greges</strong></span> <span class='ocrx_word' id='word_1_811' title='bbox 2502 4938 2556 4991; x_wconf 91' lang='lat' dir='ltr'><strong>in</strong></span> <span class='ocrx_word' id='word_1_812' title='bbox 2599 4937 2874 4990; x_wconf 81' lang='lat' dir='ltr'><strong>montibus</strong></span> <span class='ocrx_word' id='word_1_813' title='bbox 2908 4943 2962 4985; x_wconf 86' lang='lat' dir='ltr'><strong>et</strong></span> <span class='ocrx_word' id='word_1_814' title='bbox 3002 4932 3166 5002; x_wconf 88' lang='lat' dir='ltr'><strong>agris,</strong></span> <span class='ocrx_word' id='word_1_815' title='bbox 3212 4946 3274 4984; x_wconf 87' lang='lat' dir='ltr'><strong>ac</strong></span> <span class='ocrx_word' id='word_1_816' title='bbox 3302 4942 3524 4996; x_wconf 84' lang='lat' dir='ltr'><strong>magnus</strong></span> 
     </span>
    </p>
   </div>
   <div class='ocr_carea' id='block_1_111' title="bbox 1951 5020 3526 5093">
    <p class='ocr_par' dir='ltr' id='par_1_111' title="bbox 1951 5020 3526 5093">
     <span class='ocr_line' id='line_1_111' title="bbox 1951 5020 3526 5093; baseline -0.013 -3"><span class='ocrx_word' id='word_1_817' title='bbox 1951 5034 2200 5090; x_wconf 81' lang='lat' dir='ltr'><strong>habentis</strong></span> <span class='ocrx_word' id='word_1_818' title='bbox 2256 5032 2466 5093; x_wconf 88' lang='lat' dir='ltr'><strong>oculos,</strong></span> <span class='ocrx_word' id='word_1_819' title='bbox 2523 5030 2704 5081; x_wconf 87' lang='lat' dir='ltr'><strong>omnia</strong></span> <span class='ocrx_word' id='word_1_820' title='bbox 2770 5028 3067 5079; x_wconf 87' lang='lat' dir='ltr'><strong>intuentes.</strong></span> <span class='ocrx_word' id='word_1_821' title='bbox 3132 5022 3181 5075; x_wconf 90' lang='lat' dir='ltr'><strong>Is</strong></span> <span class='ocrx_word' id='word_1_822' title='bbox 3235 5020 3379 5073; x_wconf 89' lang='lat' dir='ltr'><strong>enim</strong></span> <span class='ocrx_word' id='word_1_823' title='bbox 3438 5033 3526 5070; x_wconf 87' lang='lat' dir='ltr'><strong>me</strong></span> 
     </span>
    </p>
   </div>
   <div class='ocr_carea' id='block_1_112' title="bbox 1953 5109 3526 5183">
    <p class='ocr_par' dir='ltr' id='par_1_112' title="bbox 1953 5109 3526 5183">
     <span class='ocr_line' id='line_1_112' title="bbox 1953 5109 3526 5183; baseline -0.013 -3"><span class='ocrx_word' id='word_1_824' title='bbox 1953 5125 2139 5181; x_wconf 89' lang='lat' dir='ltr'><strong>docuit</strong></span> <span class='ocrx_word' id='word_1_825' title='bbox 2188 5123 2398 5175; x_wconf 88' lang='lat' dir='ltr'><strong>litteras</strong></span> <span class='ocrx_word' id='word_1_826' title='bbox 2445 5121 2663 5181; x_wconf 84' lang='lat' dir='ltr'><strong>ﬁdeles,</strong></span> <span class='ocrx_word' id='word_1_827' title='bbox 2705 5116 2930 5170; x_wconf 80' lang='lat' dir='ltr'><strong>Romam</strong></span> <span class='ocrx_word' id='word_1_828' title='bbox 2988 5114 3078 5183; x_wconf 93' lang='lat' dir='ltr'><strong>qui</strong></span> <span class='ocrx_word' id='word_1_829' title='bbox 3126 5128 3211 5165; x_wconf 91' lang='lat' dir='ltr'><strong>me</strong></span> <span class='ocrx_word' id='word_1_830' title='bbox 3263 5110 3411 5163; x_wconf 90' lang='lat' dir='ltr'><strong>misit</strong></span> <span class='ocrx_word' id='word_1_831' title='bbox 3457 5109 3526 5161; x_wconf 89' lang='lat' dir='ltr'><strong>ad</strong></span> 
     </span>
    </p>
   </div>
   <div class='ocr_carea' id='block_1_113' title="bbox 1954 5203 3524 5283">
    <p class='ocr_par' dir='ltr' id='par_1_113' title="bbox 1954 5203 3524 5283">
     <span class='ocr_line' id='line_1_113' title="bbox 1954 5203 3524 5283; baseline -0.015 -11"><span class='ocrx_word' id='word_1_832' title='bbox 1954 5218 2243 5271; x_wconf 81' lang='lat' dir='ltr'><strong>videndum</strong></span> <span class='ocrx_word' id='word_1_833' title='bbox 2279 5214 2587 5283; x_wconf 89' lang='lat' dir='ltr'><strong>imperium,</strong></span> <span class='ocrx_word' id='word_1_834' title='bbox 2621 5220 2674 5264; x_wconf 91' lang='lat' dir='ltr'><strong>et</strong></span> <span class='ocrx_word' id='word_1_835' title='bbox 2710 5206 3107 5276; x_wconf 87' lang='lat' dir='ltr'><strong>imperatricem</strong></span> <span class='ocrx_word' id='word_1_836' title='bbox 3146 5203 3387 5256; x_wconf 87' lang='lat' dir='ltr'><strong>indutam</strong></span> <span class='ocrx_word' id='word_1_837' title='bbox 3425 5214 3524 5250; x_wconf 88' lang='lat' dir='ltr'><strong>au-</strong></span> 
     </span>
    </p>
   </div>
   <div class='ocr_carea' id='block_1_114' title="bbox 1955 5290 3522 5361">
    <p class='ocr_par' dir='ltr' id='par_1_114' title="bbox 1955 5290 3522 5361">
     <span class='ocr_line' id='line_1_114' title="bbox 1955 5290 3522 5361; baseline -0.012 -1"><span class='ocrx_word' id='word_1_838' title='bbox 1955 5308 2062 5361; x_wconf 86' lang='lat' dir='ltr'><strong>reis</strong></span> <span class='ocrx_word' id='word_1_839' title='bbox 2087 5304 2327 5360; x_wconf 87' lang='lat' dir='ltr'><strong>vestibus</strong></span> <span class='ocrx_word' id='word_1_840' title='bbox 2373 5314 2427 5355; x_wconf 89' lang='lat' dir='ltr'><strong>et</strong></span> <span class='ocrx_word' id='word_1_841' title='bbox 2462 5300 2679 5353; x_wconf 88' lang='lat' dir='ltr'><strong>calceis.</strong></span> <span class='ocrx_word' id='word_1_842' title='bbox 2727 5297 2834 5348; x_wconf 88' lang='lat' dir='ltr'><strong>Illic</strong></span> <span class='ocrx_word' id='word_1_843' title='bbox 2880 5304 3060 5348; x_wconf 86' lang='lat' dir='ltr'><strong>autem</strong></span> <span class='ocrx_word' id='word_1_844' title='bbox 3108 5292 3216 5343; x_wconf 88' lang='lat' dir='ltr'><strong>vidi</strong></span> <span class='ocrx_word' id='word_1_845' title='bbox 3260 5290 3522 5358; x_wconf 88' lang='lat' dir='ltr'><strong>populum</strong></span> 
     </span>
    </p>
   </div>
   <div class='ocr_carea' id='block_1_115' title="bbox 1954 5383 3523 5468">
    <p class='ocr_par' dir='ltr' id='par_1_115' title="bbox 1954 5383 3523 5468">
     <span class='ocr_line' id='line_1_115' title="bbox 1954 5383 3523 5468; baseline -0.013 -16"><span class='ocrx_word' id='word_1_846' title='bbox 1954 5400 2290 5468; x_wconf 72' lang='lat' dir='ltr'><strong>praeclarum,</strong></span> <span class='ocrx_word' id='word_1_847' title='bbox 2323 5395 2560 5460; x_wconf 85' lang='lat' dir='ltr'><strong>insignes</strong></span> <span class='ocrx_word' id='word_1_848' title='bbox 2584 5390 2813 5443; x_wconf 85' lang='lat' dir='ltr'><strong>aunulos</strong></span> <span class='ocrx_word' id='word_1_849' title='bbox 2845 5389 2896 5440; x_wconf 90' lang='lat' dir='ltr'><strong>iu</strong></span> <span class='ocrx_word' id='word_1_850' title='bbox 2932 5386 3181 5439; x_wconf 89' lang='lat' dir='ltr'><strong>manibus</strong></span> <span class='ocrx_word' id='word_1_851' title='bbox 3204 5383 3523 5453; x_wconf 77' lang='lat' dir='ltr'><strong>gestantem.</strong></span> 
     </span>
    </p>
   </div>
   <div class='ocr_carea' id='block_1_116' title="bbox 1958 5470 3525 5557">
    <p class='ocr_par' dir='ltr' id='par_1_116' title="bbox 1958 5470 3525 5557">
     <span class='ocr_line' id='line_1_116' title="bbox 1958 5470 3525 5557; baseline -0.015 -13"><span class='ocrx_word' id='word_1_852' title='bbox 1958 5492 2021 5545; x_wconf 85' lang='lat' dir='ltr'><strong>Et</strong></span> <span class='ocrx_word' id='word_1_853' title='bbox 2062 5489 2230 5557; x_wconf 76' lang='lat' dir='ltr'><strong>Syriae</strong></span> <span class='ocrx_word' id='word_1_854' title='bbox 2274 5485 2504 5553; x_wconf 80' lang='lat' dir='ltr'><strong>regionis</strong></span> <span class='ocrx_word' id='word_1_855' title='bbox 2550 5497 2801 5549; x_wconf 82' lang='lat' dir='ltr'><strong>campum</strong></span> <span class='ocrx_word' id='word_1_856' title='bbox 2855 5478 2984 5539; x_wconf 76' lang='lat' dir='ltr'><strong>vidi,</strong></span> <span class='ocrx_word' id='word_1_857' title='bbox 3018 5486 3073 5529; x_wconf 91' lang='lat' dir='ltr'><strong>et</strong></span> <span class='ocrx_word' id='word_1_858' title='bbox 3101 5475 3279 5529; x_wconf 91' lang='lat' dir='ltr'><strong>omnia</strong></span> <span class='ocrx_word' id='word_1_859' title='bbox 3328 5470 3525 5538; x_wconf 82' lang='lat' dir='ltr'><strong>Oppida</strong></span> 
     </span>
    </p>
   </div>
   <div class='ocr_carea' id='block_1_117' title="bbox 1957 5564 3523 5640">
    <p class='ocr_par' dir='ltr' id='par_1_117' title="bbox 1957 5564 3523 5640">
     <span class='ocr_line' id='line_1_117' title="bbox 1957 5564 3523 5640; baseline -0.012 -6"><span class='ocrx_word' id='word_1_860' title='bbox 1957 5579 2162 5634; x_wconf 80' lang='lat' dir='ltr'><strong>Nisibin</strong></span> <span class='ocrx_word' id='word_1_861' title='bbox 2222 5586 2276 5629; x_wconf 85' lang='lat' dir='ltr'><strong>et</strong></span> <span class='ocrx_word' id='word_1_862' title='bbox 2333 5574 2772 5640; x_wconf 76' lang='lat' dir='ltr'><strong>MeSOpotamiae,</strong></span> <span class='ocrx_word' id='word_1_863' title='bbox 2841 5569 3158 5623; x_wconf 87' lang='lat' dir='ltr'><strong>transmisso</strong></span> <span class='ocrx_word' id='word_1_864' title='bbox 3220 5564 3523 5633; x_wconf 85' lang='lat' dir='ltr'><strong>Euphrate.</strong></span> 
     </span>
    </p>
   </div>
   <div class='ocr_carea' id='block_1_118' title="bbox 1959 5656 3525 5731">
    <p class='ocr_par' dir='ltr' id='par_1_118' title="bbox 1959 5656 3525 5731">
     <span class='ocr_line' id='line_1_118' title="bbox 1959 5656 3525 5731; baseline -0.017 0"><span class='ocrx_word' id='word_1_865' title='bbox 1959 5672 2129 5731; x_wconf 85' lang='lat' dir='ltr'><strong>Habui</strong></span> <span class='ocrx_word' id='word_1_866' title='bbox 2170 5680 2349 5724; x_wconf 87' lang='lat' dir='ltr'><strong>autem</strong></span> <span class='ocrx_word' id='word_1_867' title='bbox 2380 5682 2571 5720; x_wconf 87' lang='lat' dir='ltr'><strong>omnes</strong></span> <span class='ocrx_word' id='word_1_868' title='bbox 2609 5666 2673 5719; x_wconf 89' lang='lat' dir='ltr'><strong>ad</strong></span> <span class='ocrx_word' id='word_1_869' title='bbox 2709 5663 2956 5718; x_wconf 87' lang='lat' dir='ltr'><strong>eamdem</strong></span> <span class='ocrx_word' id='word_1_870' title='bbox 2995 5660 3278 5713; x_wconf 81' lang='lat' dir='ltr'><strong>venientes</strong></span> <span class='ocrx_word' id='word_1_871' title='bbox 3308 5656 3525 5711; x_wconf 85' lang='lat' dir='ltr'><strong>concio-</strong></span> 
     </span>
    </p>
   </div>
   <div class='ocr_carea' id='block_1_119' title="bbox 1960 5748 3523 5823">
    <p class='ocr_par' dir='ltr' id='par_1_119' title="bbox 1960 5748 3523 5823">
     <span class='ocr_line' id='line_1_119' title="bbox 1960 5748 3523 5823; baseline -0.013 -2"><span class='ocrx_word' id='word_1_872' title='bbox 1960 5782 2101 5823; x_wconf 90' lang='lat' dir='ltr'><strong>nem.</strong></span> <span class='ocrx_word' id='word_1_873' title='bbox 2139 5772 2194 5817; x_wconf 90' lang='lat' dir='ltr'><strong>et</strong></span> <span class='ocrx_word' id='word_1_874' title='bbox 2228 5761 2451 5815; x_wconf 83' lang='lat' dir='ltr'><strong>Paulum</strong></span> <span class='ocrx_word' id='word_1_875' title='bbox 2498 5758 2845 5812; x_wconf 84' lang='lat' dir='ltr'><strong>intrinsecus.</strong></span> <span class='ocrx_word' id='word_1_876' title='bbox 2889 5751 3048 5806; x_wconf 83' lang='lat' dir='ltr'><strong>Fides</strong></span> <span class='ocrx_word' id='word_1_877' title='bbox 3088 5762 3266 5805; x_wconf 89' lang='lat' dir='ltr'><strong>autem</strong></span> <span class='ocrx_word' id='word_1_878' title='bbox 3296 5748 3523 5801; x_wconf 89' lang='lat' dir='ltr'><strong>omnino</strong></span> 
     </span>
    </p>
   </div>
   <div class='ocr_carea' id='block_1_120' title="bbox 1964 5838 3518 5922">
    <p class='ocr_par' dir='ltr' id='par_1_120' title="bbox 1964 5838 3518 5922">
     <span class='ocr_line' id='line_1_120' title="bbox 1964 5838 3518 5922; baseline -0.011 -14"><span class='ocrx_word' id='word_1_879' title='bbox 1964 5855 2206 5922; x_wconf 75' lang='lat' dir='ltr'><strong>produxit</strong></span> <span class='ocrx_word' id='word_1_880' title='bbox 2247 5862 2295 5908; x_wconf 84' lang='lat' dir='ltr'><strong>et</strong></span> <span class='ocrx_word' id='word_1_881' title='bbox 2325 5849 2574 5921; x_wconf 83' lang='lat' dir='ltr'><strong>apposuit</strong></span> <span class='ocrx_word' id='word_1_882' title='bbox 2606 5848 3015 5903; x_wconf 83' lang='lat' dir='ltr'><strong>nutrimentum.</strong></span> <span class='ocrx_word' id='word_1_883' title='bbox 3046 5844 3246 5912; x_wconf 72' lang='lat' dir='ltr'><strong>piscem</strong></span> <span class='ocrx_word' id='word_1_884' title='bbox 3275 5854 3338 5894; x_wconf 75' lang='lat' dir='ltr'><strong>ex</strong></span> <span class='ocrx_word' id='word_1_885' title='bbox 3374 5838 3518 5893; x_wconf 83' lang='lat' dir='ltr'><strong>fonte</strong></span> 
     </span>
    </p>
   </div>
  </div>
