4216 6432
724 401 857 463 1247

2004 404 2167 465 ΜΕΝ
2177 403 2291 465 SIS
2329 407 2693 469 UCTOBER.

3835 411 3979 477 1248

720 520 1023 590 ingentem,
1072 536 1236 590 quem
1281 536 1473 590 purum
1511 518 1873 591 apprehendit
1905 518 2055 590 virgo
2099 529 2251 576 casta
2287 535 2300 572 :

2415 524 2629 595 ἔχουσα,
2657 528 2909 598 κέρασμα
2938 526 3157 581 διδοῦσα
3203 533 3317 598 μετ’
3343 531 3529 600 ἄρτου.
3575 533 3757 588 Ταῦτα
3806 554 3989 607 παρβε-

721 624 776 667 et
822 630 945 667 eum
982 626 1255 682 perpetuo
1296 615 1564 669 edendum
1604 614 1827 669 tradidit
1865 613 2083 680 amicis,
2116 616 2301 669 vinum

721 707 930 762 habens
974 707 1197 770 bonum,
1248 706 1389 774 quod
1425 707 1517 760 dat
1565 722 1686 761 cum
1737 719 1875 775 pane
1925 713 2301 774 temperatum.

720 798 846 852 llaec
892 796 1115 851 adstans
1155 796 1417 852 Abercius
1460 796 1644 866 jussit,
1669 805 1728 849 ut
1777 795 2171 859 scriberentur,
2212 810 2302 849 se-

720 890 1126 961 ptuagesimum
1180 890 1479 945 secundum
1531 903 1731 941 annum
1780 902 1906 943 vere
1955 902 2137 958 agens.
2182 886 2308 941 Hac

721 984 969 1051 cogitans
1004 982 1244 1035 oraverit
1275 996 1370 1047 pro
1399 979 1648 1043 Abercio,
1678 979 1987 1049 quicunque
2017 979 2308 1033 nobiscum

724 1077 910 1131 sentit.
959 1073 1077 1127 Non
1128 1084 1307 1126 tamen
1357 1072 1585 1125 alterum
1622 1072 1890 1125 tumulum
1933 1071 2086 1133 mihl,
2131 1084 2308 1139 neque

724 1168 871 1221 hunc
910 1167 964 1219 in
1006 1164 1273 1233 superiori
1330 1163 1448 1217 loco
1495 1164 1744 1231 imponet
1795 1161 2011 1230 aliquis.
2057 1160 2208 1225 Quod
2261 1161 2302 1215 si

727 1258 939 1318 fecerit,
976 1255 1221 1310 Romano
1251 1256 1443 1309 aerario
1477 1256 1655 1308 solvet
1700 1253 1785 1307 bis
1827 1255 1973 1308 mille
2005 1269 2217 1310 aureos.
2251 1264 2306 1308 et

726 1354 880 1407 bona:
943 1356 1130 1421 patriae
1191 1352 1458 1420 Hierapoli
1527 1351 1673 1404 mille
1732 1366 1950 1404 aureos.
2012 1350 2305 1419 Inscriptio

723 1444 941 1513 quidem
974 1444 1053 1497 sic
1098 1459 1157 1496 se
1198 1441 1433 1495 habebat
1473 1442 1541 1495 ad
1585 1442 1833 1507 verbum,
1870 1442 1965 1495 sed
2010 1452 2222 1510 tempus
2247 1456 2310 1494 ex

724 1536 1147 1590 desideraretur.

798 1628 989 1681 XXIX.
1035 1627 1155 1698 Ipse
1208 1629 1423 1683 tandem
1470 1645 1594 1683 cum
1644 1628 1993 1698 presbyteros
2043 1627 2201 1680 simul
2249 1635 2305 1681 et

722 1720 1007 1782 diaconos,
1048 1731 1105 1773 et
1136 1722 1398 1788 quosdam
1433 1730 1681 1777 vocasset
1718 1735 1781 1773 ex
1817 1719 2017 1788 populo
2052 1738 2063 1773 :
2104 1719 2302 1781 Filioli,

722 1810 922 1879 inquit,
961 1810 1093 1864 mihi
1126 1813 1341 1879 quidem
1386 1814 1493 1885 jam
1520 1814 1674 1866 adest
1719 1812 1840 1864 vita:
1871 1812 2015 1874 linis,
2061 1819 2115 1863 et
2150 1811 2302 1874 abeo,

723 1919 755 1957 ο
795 1919 926 1973 grex
958 1904 1089 1956 mihi
1114 1904 1308 1958 dilecte
1343 1921 1356 1957 :
1388 1906 1525 1958 abeo
1558 1904 1625 1961 ad
1679 1904 1753 1969 id,
1786 1904 1928 1973 quod
1968 1902 2051 1956 vel
2104 1904 2171 1955 ab
2224 1904 2306 1955 in-

726 2002 896 2044 eunte
956 2001 1113 2045 aetate
1150 1994 1559 2057 desiderabam,
1596 1992 1719 2046 vita:
1751 2008 1921 2063 genus
1960 2010 1974 2045 :
2009 2003 2059 2046 et
2089 1993 2154 2045 ad
2187 2009 2307 2045 eum

726 2084 884 2152 cujus
934 2100 1034 2154 ego
1069 2086 1236 2139 solius
1281 2095 1471 2139 teneor
1502 2085 1792 2149 desiderio,
1839 2097 1893 2140 et
1927 2085 2082 2155 cujus
2129 2083 2311 2139 divino

726 2193 913 2232 amore
971 2178 1325 2232 vehementer
1369 2180 1680 2233 incendor:
1724 2180 1860 2233 abeo
1898 2195 2022 2233 cum
2071 2180 2307 2233 visurus.

728 2270 891 2325 Vobis
938 2281 1121 2326 autem
1178 2273 1640 2326 considerandum
1694 2281 1797 2337 est,
1848 2288 2139 2341 quemnam
2194 2272 2311 2325 sitis

728 2363 882 2416 vobis
915 2364 1140 2416 electuri
1164 2365 1504 2432 episcopum,
1530 2365 1619 2432 qui
1651 2366 1705 2416 et
1728 2378 1823 2416 vos
1852 2373 1973 2430 post
1996 2378 2080 2415 me
2104 2373 2309 2431 pascet,

727 2464 782 2508 et
814 2456 969 2524 cujus
997 2469 1181 2508 vocem
1212 2454 1440 2523 pulchre
1479 2456 1707 2508 audient
1744 2469 1877 2508 mea;
1901 2469 2050 2516 oves,
2078 2471 2220 2525 quin,
2257 2467 2313 2511 nt

733 2543 849 2599 Deo
875 2547 1070 2614 placet,
1109 2547 1176 2600 ah
1212 2562 1277 2600 eo
1314 2556 1630 2615 pascentur.
1667 2546 1790 2600 llaec
1827 2562 1950 2601 cum
1982 2557 2205 2602 sanctus
2236 2550 2314 2603 eis

734 2637 987 2700 dixisset,
1022 2639 1094 2691 illi
1128 2654 1250 2692 cum
1291 2654 1459 2707 pauca
1493 2640 1632 2693 inter
1669 2654 1727 2693 se
1760 2639 2122 2693 communiter
2148 2640 2312 2694 locuti

733 2737 938 2792 essent,
963 2728 1500 2797 archipresbyterum
1529 2729 1791 2790 ecclesire,
1817 2728 1902 2781 cui
1922 2729 2085 2781 etiam
2116 2744 2313 2785 nomen

730 2830 849 2873 erat
900 2820 1183 2882 Abercius,
1219 2821 1583 2873 communiter
1631 2820 1931 2889 elegerunt.
1984 2818 2125 2885 Quin
2150 2820 2314 2874 etiam

734 2927 860 2964 cum
920 2913 1037 2980 ipse
1079 2926 1299 2980 quoque
1358 2912 1404 2965 ei
1460 2927 1558 2966 sua
1615 2913 1887 2967 sententia
1939 2912 2318 2966 conﬁrmasset

731 3004 1134 3071 epise0patum,
1193 3003 1243 3055 ei
1287 3004 1520 3072 imponit
1573 3019 1764 3055 manus
1817 3020 1830 3055 :
1874 3013 1926 3056 et
1975 3017 2097 3056 cum
2151 3004 2317 3058 bene-

732 3092 999 3146 dixisset:
1031 3090 1134 3155 Tu,
1169 3091 1370 3161 inquit,
1397 3106 1427 3144 ο
1454 3090 1670 3155 Aberci,
1697 3104 1839 3144 nunc
1871 3090 2160 3160 episcopus
2185 3106 2315 3144 con-

2401 616 2540 678 στὼς
2570 610 2724 669 εἴπεν
2775 617 3056 687 Ἀὸέρκιος
3090 612 3190 671 ὧδε
3232 622 3527 689 γραφῆναι,
3579 623 3988 693 ἑϐδομηκοστὸν

2401 706 2517 769 ἔτος
2553 709 2648 761 καὶ
2678 710 2927 777 δεύτερον
2968 712 3117 777 ἄγων
3152 711 3387 780 ἀληθῶς.
3444 715 3549 766 Τοῦ
3582 718 3625 770 θ’
3663 720 3688 768 ό
3721 719 3857 770 νοῶν
3890 719 3987 771 εὖ·

2404 799 2552 863 ξαιτο
2601 800 2741 870 ὑπὲρ
2802 800 3087 870 Ἀὅερκίου
3133 804 3242 865 παῖς
3290 805 3317 855 ὁ
3358 806 3609 874 συνῳδός.
3668 810 3743 861 Οὐ
3793 811 3987 879 μέντοι

2404 890 2610 959 τύμϐον
2640 891 2826 960 ἕτερόν
2843 908 2926 952 τις
2958 893 3053 945 ἀπ’
3085 894 3220 961 ἐμοῦ
3246 895 3433 947 ἐπάνω
3469 896 3621 965 θήσει
3649 915 3661 928 ·
3696 904 3742 951 εί
3778 901 3821 953 δ’
3868 900 3987 967 οὖν,

2416 978 2707 1047 Ῥωμαίων
2732 979 2943 1050 ταμείῳ
2971 980 3127 1045 θήσει
3155 984 3386 1054 δισχίλια
3418 990 3615 1055 χρυσᾶ,
3650 991 3742 1041 καὶ
3769 995 3987 1061 χρηστῇ

2407 1072 2625 1141 πατρίδι
2666 1073 2962 1143 Ἱεραπόλει
3019 1076 3166 1145 χίλια
3194 1080 3387 1147 χρυσᾶ.
3418 1081 3496 1131 Τά
3530 1082 3628 1148 μὲν
3654 1081 3714 1151 δὴ
3740 1083 3833 1135 τοῦ
3865 1088 3989 1136 ἐπι-

2404 1166 2729 1236 γράμματος
2756 1160 2857 1221 ὧδέ
2893 1185 3008 1229 πως
3033 1169 3126 1221 ἐπὶ
3148 1169 3343 1233 λέξεως
3370 1167 3519 1239 εἶχεν
3544 1188 3556 1202 °
3590 1175 3669 1225 ὅτι
3700 1176 3775 1243 μὴ
3808 1177 3834 1223 ὁ
3862 1176 3991 1243 χρό’

2403 1275 2490 1320 νος
2521 1259 2704 1327 ὑφεῖλε
2734 1261 2855 1312 κατ’
2886 1250 3067 1328 ὀλίγον
3096 1261 3195 1327 τῆς
3225 1263 3530 1331 ἀκριϐείας,
3588 1268 3679 1318 καλ⁵
3734 1270 3992 1337 ἡμαρτηο

2404 1351 2578 1419 μένως
2612 1349 2754 1418 ἔχειν
2781 1354 2878 1420 τὴν
2906 1352 3123 1422 γραφὴν
3159 1354 3590 1422 παρεσκεύασεν.

2365 1455 2427 1495 ea
2482 1441 2685 1511 aliquid
2736 1442 2993 1508 detraxit,
3050 1452 3105 1497 et
3157 1443 3339 1499 ell‘ecit
3393 1453 3451 1498 ut
3504 1449 3753 1503 nonnihil
3800 1463 3993 1519 postea

2484 1624 2614 1678 KG’.
2638 1623 2807 1685 Αὐτὸς
2834 1623 2909 1689 δὲ,
2944 1622 3066 1686 τοὺς
3101 1625 3503 1696 πρεσϐυτέρους
3549 1629 3627 1691 είς
3656 1632 3857 1682 ταυτὸν
3902 1634 3999 1685 καὶ

2410 1719 2534 1780 τοὺς
2586 1716 2890 1781 διακόνους,
2944 1715 3037 1768 καί
3084 1734 3236 1781 τινας
3289 1718 3383 1769 τοῦ
3424 1719 3663 1788 πλήθους
3715 1723 3954 1786 καλέσας
3985 1744 3998 1757 -

2412 1808 2609 1870 Τέκνα,
2640 1806 2765 1874 ἔφη,
2798 1806 2919 1874 ἐμοὶ
2951 1807 3050 1875 μὲν
3083 1808 3141 1860 τὸ
3161 1810 3255 1861 τοῦ
3282 1808 3398 1877 βίου
3428 1809 3578 1870 τέλος
3605 1811 3703 1879 ἤδη
3739 1814 3996 1879 πάρεστι,

2415 1899 2507 1953 καὶ
2538 1899 2758 1967 ἄπειμι,
2796 1892 2841 1951 ὧ
2873 1900 3024 1967 φίλον
3050 1900 3174 1969 ἐμοὶ
3212 1903 3481 1971 ποίμνιον,
3513 1904 3708 1971 ἄπειμι
3766 1905 3907 1973 πρὸς
3933 1907 4002 1973 ῆν

2413 1992 2641 2045 ἐπόθουν
2672 1996 2737 2046 ἐκ
2768 1992 2888 2045 νέου
2947 1993 3243 2061 διαγωγὴν,
3281 1996 3373 2047 καὶ
3419 1996 3553 2064 πρὸς
3580 1996 3637 2048 δν
3674 1996 3836 2065 μόνον
3886 1995 4002 2061 ἐγὼ

2411 2086 2510 2157 τὴν
2538 2086 2723 2152 ἔφεσιν
2754 2086 2884 2156 ἔχω,
2921 2087 3013 2138 καὶ
3038 2080 3098 2140 οὗ
3126 2103 3191 2155 με
3222 2086 3466 2155 σφοδρῶς
3487 2090 3515 2140 ὀ
3538 2088 3675 2150 θεῖος
3701 2088 4003 2152 ἐξέκαυσεν

2413 2182 2573 2250 ἔρως,
2605 2179 2826 2250 ἄπειμι,
2859 2180 3047 2232 τοῦτον
3093 2179 3377 2249 ὀψόμενος.
3434 2178 3609 2248 Ὕμᾶς
3641 2182 3695 2232 δὲ
3729 2183 3835 2249 χρὴ
3866 2198 4000 2233 σκο-

2413 2276 2557 2335 πεῖν,
2587 2274 2643 2325 ὅν
2687 2290 2807 2325 τινα
2844 2274 3054 2334 ἑαυτοῖς
3085 2273 3386 2324 ἐπίσκοπον
3417 2272 3709 2339 ψηφιεῖσθε
3739 2289 3753 2304 ·
3783 2273 3842 2333 ὃς
3877 2289 4003 2323 ποι-

2419 2369 2583 2435 μανεῖ
2606 2382 2664 2417 τε
2718 2367 2859 2434 ὑμᾶς
2889 2366 3006 2434 μετ’
3041 2366 3161 2433 ἐμὲ,
3201 2366 3296 2418 καλ⁵
3347 2360 3407 2418 οὗ
3434 2362 3533 2430 τῆς
3563 2362 3749 2431 φωνῆς
3776 2363 4005 2415 ἀκούσει

2416 2457 2484 2510 τὰ
2518 2456 2625 2525 ἐμὰ
2663 2456 2911 2526 πρόϐατα
2943 2456 3123 2519 καλῶς
3152 2460 3243 2509 καὶ
3268 2457 3340 2516 ὡς
3374 2456 3493 2524 Θεῷ
3524 2456 3677 2523 φίλον
3710 2454 3800 2507 ὑπ’
3829 2454 4004 2507 αὑτοῦ

2418 2548 2839 2619 ποιμαινόμενα.
2874 2548 3058 2601 Ταῦτα
3086 2546 3175 2601 τοῦ
3207 2547 3364 2615 ἁγίου
3403 2548 3539 2615 πρὸς
3572 2548 3773 2609 αὐτοὺς
3818 2547 4007 2597 εἰπόν-

2416 2658 2529 2706 τος,
2568 2640 2771 2712 βραχέα
2833 2642 3032 2693 ἐκεῖνοι
3092 2641 3228 2712 πρὸς
3276 2639 3537 2709 ἀλλήλους
3570 2639 3730 2701 εὐθὺς
3766 2637 4011 2690 κοινολο-

2419 2734 2739 2804 γησάμενοι,
2789 2738 2880 2787 τὸν
2940 2730 3448 2801 ἀρχιπρεσδύτερον
3526 2730 3624 2799 τῆς
3678 2729 4007 2798 ἐκκλησίας,

2418 2826 2589 2894 ὄνομα
2618 2828 2711 2880 καὶ
2742 2827 2902 2878 αὑτὸν
2942 2824 3251 2895 ’Λόέρκιον,
3295 2823 3491 2885 κοινῶς
3517 2823 3877 2892 ἐψηφίσαντο·
3909 2822 4010 2874 καὶ

2421 2919 2582 2981 αὐτὸς
2622 2919 2678 2972 δὲ
2713 2919 2788 2989 τῷ
2834 2918 2987 2989 ἀνδρὶ
3025 2917 3123 2989 τὴν
3150 2915 3453 2986 ἐπισκοπὴν
3504 2915 4009 2983 ἐπιψηφισάμενος,

2422 3012 2693 3081 ἐπιτίθησί
2740 3029 2796 3065 τε
2838 3013 2986 3082 αὐτῷ
3022 3011 3119 3072 τὰς
3152 3014 3364 3081 χεῖρας,
3390 3011 3479 3060 καὶ
3512 3009 3842 3077 εὐλογήσας.
3887 3008 4008 3069 Σοὶ,

2423 3108 2547 3177 ἔφη,
2576 3100 2619 3157 ὦ
2664 3106 2936 3175 Ἀὁέρκιε,
2994 3105 3278 3172 ἐπισκόπῳ
3331 3097 3468 3154 εἶναι
3517 3101 3732 3170 δίδωμι,
3768 3099 3906 3156 Θεοῦ
3945 3116 4005 3151 τε

735 3184 1002 3247 stitueris,
1038 3181 1151 3236 Deo
1182 3184 1367 3245 dante,
1412 3189 1467 3235 et
1516 3196 1603 3235 me
1648 3194 1887 3248 quoque,
1940 3188 2201 3247 quantum
2236 3189 2312 3232 est

2419 3199 2653 3261 διδόντος
2679 3200 2772 3251 καὶ
2809 3197 2944 3267 ἐμοῦ
2982 3198 3105 3249 ὅσον
3151 3194 3239 3248 ἐπ’
3282 3196 3427 3265 ἐμοί.
3470 3190 3601 3246 Εἶτα
3634 3195 3714 3253 είς
3737 3194 4012 3260 οὐρανοὺς

734 3276 790 3328 in
840 3290 958 3329 mea
1004 3274 1290 3344 potestate.
1349 3274 1554 3328 Deinde
1600 3289 1722 3328 cum
1760 3273 1920 3326 simul
1969 3287 2093 3325 cum
2148 3271 2318 3324 oculis

734 3382 930 3421 manus
971 3367 1023 3420 in
1067 3368 1233 3421 curius
1264 3367 1595 3429 sustulisset,
1632 3376 1688 3418 et
1728 3365 1897 3417 Deum
1939 3372 2170 3423 orasset.
2210 3361 2321 3431 spi-

737 3461 846 3513 ritu
888 3460 1017 3513 hinc
1062 3460 1295 3520 recedit,
1328 3468 1381 3511 et
1416 3456 1609 3511 transit
1649 3457 1715 3510 ad
1754 3456 2054 3521 Christum,
2089 3455 2154 3509 ad
2185 3456 2318 3510 cho-

739 3565 831 3604 ros
861 3550 1178 3620 angelorum
1230 3550 1603 3616 transmissus,
1650 3549 1740 3618 qui
1794 3564 1982 3601 revera
2020 3548 2223 3600 vixerat
2262 3556 2321 3600 ut

737 3644 987 3714 angelus.
1034 3644 1276 3713 Populus
1319 3653 1524 3707 autem,
1558 3642 1646 3709 qui
1693 3640 1970 3693 habitabat
2015 3639 2316 3702 civitatem,

739 3745 1104 3804 congregatus
1145 3735 1210 3787 ad
1247 3748 1460 3787 sacrum
1501 3732 1629 3787 illud
1667 3733 1765 3785 viri
1811 3748 2044 3800 corpus,
2088 3745 2211 3783 cum
2242 3730 2317 3782 illi

740 3843 894 3881 sacra
944 3826 1233 3880 cecinisset
1284 3826 1517 3887 cantica,
1571 3833 1626 3878 et
1665 3834 1921 3893 tanquam
1975 3836 2319 3876 communem

742 3922 978 3991 aliquem
1012 3919 1329 3975 thesaurum
1365 3918 1694 3981 sustulisset,
1726 3916 1980 3986 deposuit
2017 3916 2069 3967 in
2110 3914 2313 3982 lapide,

741 4015 1003 4070 vicesimo
1062 4016 1307 4069 secundo
1360 4013 1561 4065 mensis
1614 4010 1887 4064 Octobris.
1942 4007 2147 4061 Deinde
2194 4021 2316 4061 cum

744 4121 898 4168 eum,
944 4104 1036 4174 qui
1073 4106 1140 4159 ab
1182 4104 1301 4173 ipso
1340 4111 1625 4172 acceperat
1665 4101 2063 4171 episcopatum,
2116 4098 2168 4150 in
2201 4097 2319 4166 ejus

743 4200 1003 4251 thronum
1049 4197 1426 4260 deduxissent,
1475 4195 1840 4250 communiter
1900 4189 2320 4261 magniﬁcarunt

742 4290 933 4353 Deum,
966 4289 1057 4359 qui
1096 4297 1177 4343 est
1209 4304 1375 4358 super
1414 4289 1669 4342 thronum
1713 4287 1898 4358 gloriae
1930 4286 2078 4354 regni
2113 4301 2127 4337 :
2157 4298 2319 4352 quem

741 4381 899 4437 decet
954 4385 1133 4438 omnis
1184 4385 1379 4448 honor,
1441 4382 1607 4453 gloria
1659 4389 1714 4435 et
1761 4380 2028 4445 adoratio,
2082 4391 2231 4431 nunc
2269 4384 2323 4429 et

743 4489 978 4544 semper,
1003 4483 1058 4528 et.
1084 4476 1139 4528 in
1173 4474 1366 4529 saecula
1398 4474 1742 4529 saeculorum.
1773 4473 1965 4526 Amen.

2424 3295 2521 3344 σὺν
2550 3294 2660 3354 τοῖς
2684 3291 2893 3361 ὄμμασι
2930 3290 3021 3343 καὶ
3053 3292 3240 3359 χεῖρας
3268 3287 3543 3357 ἀνασχὼν,
3577 3286 3667 3337 καὶ
3700 3281 4014 3353 προσευξά-

2425 3402 2583 3454 μενος
2615 3384 2691 3452 τῷ
2726 3379 2865 3454 Θεῷ,
2904 3383 3125 3451 ἀπαίρει
3182 3399 3241 3435 τε
3298 3381 3406 3434 τῶν
3450 3378 3687 3432 ἐνταῦθα
3728 3376 3807 3445 τῷ
3844 3377 4014 3427 πνευ-

2426 3495 2576 3548 ματι,
2636 3478 2731 3529 καὶ
2762 3478 2899 3545 πρὸς
2930 3474 3167 3541 Χριστὸν
3205 3473 3493 3536 διαϐαίνει,
3542 3473 3723 3541 χοροῖς
3758 3469 4013 3537 ἀγγέλων

2422 3572 2450 3622 ὁ
2489 3570 2609 3622 κατ’
2640 3568 2870 3637 ἄγγελον
2922 3567 3137 3636 ἀληθῶς
3194 3566 3398 3635 βιώσας
3473 3565 4011 3633 παραπεμπόμενος.

2424 3663 2495 3715 Τὸ
2525 3662 2710 3733 μέντοι
2747 3662 2845 3732 τὴν
2895 3660 3049 3714 πόλιν
3083 3658 3267 3714 οίκοῦν
3304 3658 3507 3727 πλῆθος
3544 3657 3697 3727 παρὰ
3731 3656 3793 3707 τὸ
3869 3655 4014 3721 ἱερὸν

2423 3759 2598 3809 ἐκεῖνο
2635 3755 2728 3807 τοῦ
2760 3754 2949 3823 ἀνδρὸς
3018 3754 3176 3824 σῶμα
3221 3750 3730 3820 συναθροισθέντες,
3779 3747 3906 3817 ίερὰ.
3958 3764 4015 3797 τε

2425 3849 2573 3918 αὑτῴ
2631 3849 2928 3917 ἐπᾴσαντες
2963 3846 3207 3917 ᾄσματα,
3240 3846 3332 3896 καὶ
3397 3844 3667 3913 λαμπρῶς
3696 3844 4015 3913 ἀνελόμενοι

2425 3940 2615 4011 ὥσπερ
2658 3942 2776 3993 τινα
2809 3940 2988 3992 κοινὸν
3020 3938 3292 4003 θησαυρὸν
3320 3938 3377 3987 ἐν
3407 3935 3483 4002 τῷ
3518 3935 3654 4003 λίθῳ
3686 3935 4009 3997 κατέθεντο,

2424 4033 2682 4101 δευτέραν
2712 4030 2805 4081 τοῦ
2851 4026 3183 4095 Ὀκτωϐρίου
3216 4028 3351 4098 πρὸς
3381 4031 3502 4089 ταῖς
3526 4028 3735 4079 εἴκοσιν
3757 4026 4012 4092 ἄγοντος·

2424 4121 2542 4175 εἶτα
2582 4124 2671 4175 τὸν
2708 4123 2799 4175 ὑπ’
2834 4121 3000 4176 αὑτοῦ
3049 4120 3343 4189 δεξάμενον
3384 4120 3485 4189 τὴν
3549 4118 3885 4187 ἐπισκοπὴν,
3926 4120 4017 4170 ἐπὶ

2422 4216 2513 4267 τὸν
2545 4213 2712 4266 αὑτοῦ
2750 4212 2937 4283 θρόνον
2974 4210 3364 4277 ἀναγαγόντες,
3393 4212 3544 4280 κοινῇ
3578 4208 3669 4260 τὸν
3695 4210 3790 4261 ἐπὶ
3819 4210 4011 4278 θρόνου

2423 4307 2579 4376 δόξης
2632 4306 2731 4373 τῆς
2787 4304 3064 4374 βασιλείας
3095 4303 3229 4360 Θεὸν
3293 4302 3656 4373 ἑμεγάλυνον,
3712 4295 3754 4370 ᾦ
3801 4306 4011 4372 πρέπει

2424 4402 2576 4451 πᾶσα
2622 4399 2767 4463 δόξα,
2792 4396 2927 4467 τιμὴ
2959 4400 3050 4449 καὶ
3085 4396 3457 4465 προσκύνησις
3526 4395 3620 4448 νῦν
3652 4398 3748 4447 καὶ
3789 4396 3881 4446 ἀεὶ
3922 4396 4013 4446 καὶ

2425 4490 2502 4551 είς
2534 4488 2659 4551 τοὺς
2688 4488 2885 4551 αίῶνας
2915 4487 3023 4540 τῶν
3053 4487 3284 4542 αἰώνων.
3324 4489 3513 4560 Ἀμήν.
