4216 6432
279 406 293 464 l
309 405 417 467 249

1419 416 1883 477 MARTYRIUM
1928 418 1986 479 S.
2023 418 2374 479 ARETIL‘E.

3391 427 3527 489 1950

277 579 3520 638 ww

1456 755 2101 868 ΜΑΡΤΥΡΙ
2114 757 2326 874 ΟΝ

1725 969 1813 1023 ΤΟ
1827 971 1862 1022 ι’
1895 969 2099 1023 ΑΠοΥ

741 1143 2352 1284 ΜΕΓΑΛΟΜΑΡΤΥΡΟΣ
2465 1149 3022 1289 ΑΡΕΘΑ

1297 1381 1416 1434 ΚΑΙ
1453 1381 1588 1434 ΤΩΝ
1628 1383 1764 1436 ΣΥΝ
1799 1385 1980 1457 ΔΥΤῼ
2025 1382 2488 1439 ΑΘΛΠΣΑΝΤΩΝ

1387 1543 1724 1634 ΑΓΙΩΝ
1801 1551 2388 1638 ΜΑΡΤΥΡΩΝ

943 1723 1069 1776 ΚΑΙ
1107 1722 1403 1781 ΙΣΤΟΡΙΔ
1452 1730 1590 1781 ΤΩΝ
1637 1733 1812 1785 ΚΑΤΑ
1845 1733 2089 1788 ΧΩΡΑΣ
2140 1737 2318 1789 ΤΟΤΕ
2343 1739 2843 1796 ΠΡΑΧΘΕΝἹὩΝ.

1831 1915 1902 1927 -αι

1522 2081 2256 2174 MARTYBIUM

1748 2271 1992 2328 SANCTI

248 2456 492 2603 ET
653 2452 1267 2610 MAGNI
1431 2455 2435 2619 MARTYRIS
2599 2463 3520 2630 ARETH/E,

1122 2743 1210 2799 ET
1255 2743 1495 2803 EORUM
1534 2745 1653 2814 QUI
1704 2745 1847 2803 CUM
1907 2748 1995 2804 EO
2048 2749 2564 2808 DECERTARUNT

980 2919 1834 3010 SANCTORUM

1928 2923 2730 3016 MARTYRUM

239 3110 342 3172 ΕΤ
414 3114 787 3175 HISTORIA
865 3113 1141 3176 EORUM
1215 3112 1402 3187 QUJE
1486 3112 1689 3174 TUNC
1775 3112 2035 3174 FACTA
2099 3114 2303 3175 SUNT
2384 3117 2465 3178 IN
2552 3120 2911 3182 BEGIONE
2989 3124 3494 3190 HOMERITIDE

1568 3216 1730 3277 VEL
1780 3216 2055 3277 SABJEA

787 3377 983 3439 (Latine
1011 3389 1092 3436 ap.
1120 3374 1318 3424 Surium
1351 3376 1411 3424 ad
1442 3376 1573 3425 diem
1600 3375 1659 3424 24
1683 3377 1940 3438 Octobris;
1986 3381 2155 3431 Grece
2189 3396 2248 3431 ex
2285 3384 2394 3433 cod.
2421 3397 2510 3434 ms.
2541 3384 2692 3436 Paris.
2725 3400 2755 3436 n
2804 3387 2963 3451 αδδ.)

282 3720 358 3774 Α’.
390 3719 546 3778 Ἐτος
574 3716 672 3785 μὲν
706 3716 807 3785 ἤδη
842 3714 1100 3783 πέμπτον
1135 3714 1445 3785 ἐνειστήκει
1475 3712 1554 3779 τῷ
1583 3713 1788 3766 εὐσεϐεῖ

1975 3713 2010 3767 Ι.
2057 3715 2298 3770 Instabat
2326 3716 2437 3786 jam
2471 3716 2696 3786 quintus
2743 3733 2941 3785 annus,
2989 3735 3051 3773 ex
3084 3734 3193 3790 quo
3236 3719 3488 3777 Justinus

237 3811 531 3879 Ἰουστίνῳ,
600 3811 697 3880 τῆς
755 3806 1039 3877 Ῥωμαίων
1092 3807 1269 3877 ἀρχῆς
1333 3809 1444 3861 τῶν
1503 3811 1799 3878 σκήπτρων

224 3902 638 3974 ὲπειλημμένῳ,
663 3901 826 3972 ἡνίκα
855 3900 950 3952 καὶ
972 3898 1249 3951 Αἰθιόπων
1287 3899 1582 3952 Ἐλεσϐαὰν
1607 3895 1796 3968 ἦρχεν,

221 3995 365 4065 ἀνὴρ
446 3998 532 4048 ἐπ’
566 3995 821 4065 εὐσεϐείᾳ
863 3992 958 4046 καὶ
987 3990 1303 4063 δικαιοσύνῃ
1346 3991 1600 4044 πλείστου
1649 3991 1800 4062 παρὰ

220 4092 391 4144 πᾶσιν
430 4089 731 4158 ἠξιωμένος
782 4088 1066 4156 ὀνόματος,
1117 4087 1174 4138 ὲν
1219 4085 1478 4158 Αὒξούμῃ
1525 4085 1677 4138 πόλει
1734 4087 1800 4140 τὰ

222 4181 472 4252 βασίλεια
553 4179 1000 4240 κατεσκευακὼς.
1064 4178 1321 4248 Ἐκράτει
1389 4178 1445 4228 δὲ
1539 4177 1633 4228 καὶ
1701 4177 1799 4246 τῆς

219 4276 555 4342 Εὐδαίμονος
619 4272 900 4342 ’Δραϐίας,
940 4273 1036 4340 τῆς
1094 4269 1259 4320 πάλαι
1308 4267 1410 4337 μὲν
1459 4267 1630 4330 Σαϐἆ,
1682 4271 1793 4322 νυνὶ

217 4368 276 4420 δὲ
321 4362 674 4435 Ὀμηρίτιδος
727 4361 1093 4429 καλουμένης,
1137 4360 1378 4414 Δουναάν
1410 4377 1493 4424 τις
1544 4360 1795 4429 Έῆρατος

215 4459 357 4528 ἀνὴρ
389 4454 652 4524 δυσσεϐὴς
718 4452 812 4504 καὶ
848 4451 922 4521 τῷ
954 4451 1062 4504 τῶν
1099 4451 1447 4520 Χριστιανῶν
1481 4449 1627 4516 γένει
1674 4447 1793 4502 δια-

216 4550 492 4618 φερόντως
531 4546 811 4612 πολέμιος.
855 4543 949 4604 ’³ος
979 4542 1224 4602 καὶτοὺς
1256 4541 1361 4592 ὑπὸ
1392 4543 1554 4607 χεῖρα
1589 4540 1791 4599 πάντας

213 4641 612 4710 ὲκπεριτόμους
667 4633 835 4706 εἶχεν,
884 4633 978 4696 οὓς
1019 4635 1120 4703 μὲν
1179 4632 1570 4695 ἰουδαΐζοντας,
1616 4629 1709 4693 οὓς
1736 4630 1789 4682 δὲ

169 4728 175 4734 ’
213 4740 309 4789 καὶ
341 4735 586 4804 ἀκριϐῶς
633 4729 1035 4802 ἑλληνίζοντας,
1094 4729 1325 4791 θύοντας
1371 4727 1505 4796 ἡλίῳ
1555 4729 1650 4778 καί
1706 4743 1792 4778 σε.

209 4831 349 4901 λήνῃ
377 4829 470 4881 καὶ
493 4827 764 4896 δαίμοσιν,
799 4825 888 4886 οὓς
920 4823 1026 4893 ἄρα
1054 4820 1151 4874 καὶ
1193 4823 1334 4873 κατὰ
1378 4821 1466 4873 τὸν
1496 4819 1788 4890 ἐπιχώριον

208 4924 412 4992 τρόπον
466 4919 748 4987 ἀγάλμασι
781 4919 874 4968 καὶ
903 4915 1124 4985 στήλαις
1153 4912 1377 4982 ἐτίμων.
1421 4912 1787 4981 Ἀπηχθάνετο

205 5015 261 5066 δὲ
324 5014 419 5065 καὶ
475 5010 552 5079 τῷ
596 5005 890 5062 Ἐλεσϐαάν
923 5008 950 5056 ὁ
993 5005 1264 5074 Ἐϐραῖος,
1308 5001 1387 5054 ὅτι
1443 5002 1506 5072 δὴ
1565 5003 1784 5054 πάντων

1904 3818 2194 3875 acceperat
2240 3818 2454 3877 sceptra
2511 3807 2741 3863 Romani
2790 3809 3005 3878 imperii
3047 3826 3060 3862 :
3111 3826 3218 3880 quo
3265 3811 3486 3880 quidem

1902 3910 2144 3968 tempore
2171 3901 2471 3969 imperabat
2493 3901 2655 3954 etiam
2683 3899 3034 3969 ASthiopibus
3060 3901 3343 3964 Elesbaan,
3381 3905 3480 3969 vir,

1899 3993 1989 4064 qui
2015 4001 2237 4064 propter
2260 3993 2516 4063 pietatem
2542 4002 2596 4047 et
2616 3992 2908 4063 justitiam,
2937 3993 3078 4061 apud
3101 4007 3290 4047 omnes
3315 3995 3485 4048 maxi-

1902 4102 2049 4140 mum
2096 4101 2294 4140 nomen
2341 4085 2440 4139 fuit
2493 4093 2864 4140 consecutus:
2918 4085 2972 4138 in
3025 4084 3246 4139 civitate
3297 4096 3480 4140 autem

1900 4183 2146 4232 Auxume
2179 4179 2381 4247 regiam
2412 4186 2812 4232 construxerat.
2850 4178 3061 4230 Ditione
3092 4178 3310 4231 tenebat
3342 4178 3480 4232 Ara-

1897 4272 2039 4326 biam
2074 4268 2302 4324 Felicem
2344 4284 2463 4339 quae
2486 4268 2612 4323 olim
2649 4269 2866 4339 quidem
2901 4267 3062 4332 Saba,
3111 4285 3259 4325 nunc
3293 4280 3476 4326 autem

1897 4375 2119 4419 vocatur
2144 4363 2452 4426 Homeritis,
2492 4361 2720 4416 Dunaan
2749 4362 3027 4426 IIebrzeus,
3063 4363 3144 4416 vir
3177 4364 3392 4430 impius,
3419 4373 3474 4417 et

1894 4455 2330 4510 Christianorum
2386 4455 2569 4524 generi
2624 4455 3034 4508 inimicissimus
3087 4474 3100 4506 :
3161 4456 3253 4523 qui
3307 4457 3472 4511 etiam

1894 4563 2103 4611 omnes,
2153 4547 2243 4612 qui
2274 4556 2428 4600 erant
2485 4548 2536 4599 in
2587 4561 2682 4598 sua
2719 4554 3010 4614 potestate,
3059 4545 3292 4602 habebat
3361 4549 3472 4602 cir-

1895 4639 2182 4703 cumcisos,
2237 4638 2434 4708 partim
2485 4636 2702 4706 quidem
2737 4634 3016 4691 Iudaicam
3050 4650 3338 4707 sequentes
3370 4653 3467 4692 su-

1893 4733 2291 4801 perstitionem,
2346 4731 2545 4799 partim
2593 4742 2772 4784 autem
2825 4730 2983 4799 plane
3029 4731 3252 4800 gentiles
3283 4731 3378 4783 soli
3413 4740 3468 4783 et

1891 4823 2032 4876 luna:
2063 4823 2431 4876 sacrificantes
2459 4831 2513 4875 et
2555 4821 2915 4885 daemonibus,
2945 4838 3080 4890 quos
3119 4824 3280 4874 etiam
3315 4836 3466 4875 more

1889 4913 2063 4986 gentis
2095 4914 2433 4968 honorabant
2467 4915 2661 4969 statuis
2683 4922 2737 4968 et
2767 4915 3054 4969 columnis.
3089 4913 3256 4970 Porro
3282 4923 3463 4970 autem

1890 5010 1958 5060 ab
1997 5003 2257 5059 Elesbaan
2290 5006 2412 5060 odio
2448 5003 2748 5060 habebatur
2782 5005 3059 5068 Ilebraaus,
3111 5006 3251 5072 quod
3285 5005 3464 5057 omni-

207 5105 396 5174 σχεδὸν
436 5105 542 5156 τῶν
586 5103 678 5154 ὑπ’
713 5097 942 5168 οὐρανὸν
1002 5099 1093 5149 τὸν
1124 5095 1363 5167 Χριστὸν
1401 5099 1782 5165 κηρυττόντων

1901 5103 1990 5153 bus
2017 5098 2147 5161 fere,
2180 5098 2271 5166 qui
2299 5105 2427 5151 sunt
2459 5098 2563 5151 sub
2613 5099 2772 5158 ccelo,
2807 5097 3083 5150 Christum
3116 5095 3282 5149 Deum
3322 5112 3458 5165 pra:-

204 5200 338 5251 Θεὸν
384 5198 478 5248 καὶ
525 5194 658 5246 Θεοῦ
703 5195 830 5246 Υῑδν
862 5188 1062 5258 ἀληθῆ,
1100 5191 1194 5242 καὶ
1233 5189 1365 5258 ἡμῖν
1407 5189 1590 5258 ὅμοιον
1643 5188 1782 5241 κατά

203 5293 301 5358 τὴν
329 5290 507 5357 σάρκα
539 5286 854 5354 γενόμενον,
889 5284 1052 5345 αὐτὸς
1105 5284 1314 5337 ἀθετῶν
1348 5284 1650 5352 ἀπηρνεῖτο
1689 5284 1783 5334 καὶ

203 5382 295 5432 τὸν
331 5379 456 5430 Υίὸν
499 5378 592 5429 καὶ
633 5376 730 5444 τὴν
763 5379 1060 5446 σάρκωςιν,
1112 5375 1419 5438 συσκιάζων
1463 5375 1522 5427 τὸ
1559 5377 1653 5428 ἐπὶ
1707 5375 1784 5444 τῷ

202 5471 424 5539 σταυρῷ
474 5470 582 5521 τῶν
631 5468 881 5538 πατέρων
925 5467 1209 5537 ἀνόμημα,
1263 5468 1336 5530 ὼς
1381 5467 1475 5520 καὶ
1517 5467 1780 5530 πολλάκις

198 5565 347 5634 αὐτῷ
384 5565 730 5632 συμϐαλόντα
780 5563 871 5614 τὸν
927 5562 1129 5632 εὐσεϐῆ
1181 5563 1429 5632 βασιλέα,
1471 5562 1777 5635 τρέψασθαι

195 5675 253 5708 τε
292 5653 588 5708 αὑτὺνεάνά
621 5655 840 5724 κράτος,
869 5655 959 5704 καὶ
993 5655 1192 5722 φόρους
1222 5653 1532 5720 ἀναγκάσαι
1579 5654 1772 5707 τελεῖν.

197 5745 314 5806 Εἶθ’
356 5748 530 5810 οὕτως
574 5749 780 5800 ἐκεῖνον
825 5746 922 5816 μὲν
972 5747 1071 5808 τὰς
1115 5745 1393 5815 συνθήκας
1440 5745 1771 5816 ἡθετηκότα,

197 5839 664 5908 κατεξαναστῆναι
698 5838 790 5890 τοῦ
851 5837 1114 5907 βασιλέως
1174 5838 1496 5897 Ἐλεσϐαάν.
1555 5839 1657 5892 Τὸν
1717 5839 1771 5891 δὲ

1887 5189 2214 5252 dieantibus,
2253 5199 2304 5243 et
2343 5204 2528 5243 verum
2577 5187 2671 5242 Dei
2712 5188 2935 5251 Filium,
2963 5197 3016 5240 et
3068 5187 3224 5242 nobis
3255 5187 3457 5241 factum

1886 5295 2047 5334 carne
2089 5281 2342 5345 similem,
2378 5281 2492 5350 ipse
2543 5294 2668 5332 eum
2716 5278 3076 5347 vilipendens,
3119 5277 3461 5331 inﬁciabatur

1886 5371 1999 5425 haec
2021 5371 2223 5435 unmia,
2261 5371 2445 5425 velans
2479 5380 2533 5425 et
2566 5373 2892 5424 adumbrans
2928 5385 3151 5423 suorum
3185 5369 3450 5439 majorum

1886 5467 2086 5526 scelus,
2120 5465 2262 5533 quod
2295 5466 2347 5516 in
2377 5478 2537 5518 cruce
2573 5463 2924 5526 admiserant,
2961 5463 3097 5516 adeo
3126 5472 3182 5514 ut
3209 5475 3301 5513 rex
3333 5462 3455 5529 pius

1875 5573 2016 5628 saepe
2046 5571 2169 5610 cum
2195 5571 2260 5610 eo
2283 5555 2422 5612 bello
2449 5569 2793 5625 congressus,
2827 5553 2874 5606 vi
2908 5553 3108 5607 fuderit
3134 5566 3196 5604 ac
3230 5550 3450 5622 fugarit,

1874 5663 1929 5707 et
1979 5650 2242 5704 tributum
2275 5649 2513 5719 pendere
2561 5648 2818 5718 coegerit.
2853 5645 3051 5699 Verum
3089 5643 3181 5699 ille
3229 5645 3448 5714 quidem

1873 5757 1980 5796 non
2007 5749 2157 5795 stans
2189 5741 2360 5811 pactis
2388 5738 2692 5803 conventis,
2726 5735 3020 5789 insurrexit
3046 5745 3232 5790 contra
3267 5748 3446 5806 regem

1875 5835 2158 5890 Elesbaan.
2195 5835 2458 5890 Elesbaan
2487 5841 2666 5887 autem
2701 5843 2823 5885 eum
2853 5845 3042 5884 rursus
3088 5827 3265 5883 valido
3294 5827 3450 5882 ador-
