4216 6432
718 380 846 445 1251

1970 378 2244 437 MENSIS
2284 378 2645 437 OCTOBER.

3808 380 3945 441 i252

718 504 803 545 tus
839 493 1097 557 exercitu,
1136 494 1344 548 fortiter
1376 495 1718 565 expugnavit,
1754 505 1805 548 et
1850 497 1899 546 in
1943 494 2118 562 fugam
2152 509 2250 546 con
2308 494 2356 553 Α

2308 494 2356 553 Α
2386 495 2546 547 πάλιν
2577 496 2736 564 βαρεῖ
2760 496 2977 566 στρατῴ
3010 496 3132 549 κατ’
3158 496 3322 550 αὑτοῦ
3352 498 3671 560 ἐπελθόντι,
3700 517 3948 565 καταγω-

719 583 894 637 vertit.
930 583 1171 652 Denique
1203 586 1265 637 ad
1294 585 1439 637 illum
1472 586 1768 638 cavendum
1806 586 1989 637 relicto
2013 586 2273 645 exercitu,

719 674 771 726 in
811 690 960 727 suam
1002 676 1159 727 rediit
1188 676 1469 730 ditionem.

790 846 853 899 ll.
899 847 1114 899 Interim
1152 863 1255 900 non
1291 856 1496 914 poterat
1530 847 1782 901 Hebraeus
1829 848 2130 916 quiescere,
2186 846 2278 901 sed

721 951 777 991 ut
829 948 1059 1006 acceptm
1107 940 1271 993 cladis
1319 939 1523 992 deleret
1572 940 1939 1009 ignominiam,
1985 954 2103 991 cum
2155 953 2279 990 suos

724 1030 1044 1099 collegisset,
1080 1040 1130 1082 et
1165 1046 1274 1093 eos,
1312 1030 1401 1097 qui
1443 1040 1594 1083 erant
1644 1031 1695 1082 in
1742 1029 2012 1098 pimsidio,
2057 1029 2281 1082 invasis-

722 1128 823 1186 set,
863 1138 1050 1177 omnes
1080 1122 1217 1175 bello
1261 1122 1512 1191 perdidit,
1542 1133 1596 1175 ct
1638 1123 1796 1191 jussit
1833 1136 2039 1183 omnes,
2083 1122 2170 1189 qui
2203 1122 2282 1173 in-

722 1213 1078 1265 veniebantur
1109 1213 1381 1266 Christum
1416 1230 1535 1266 esse
1567 1213 1730 1265 Deum
1765 1212 2107 1272 confitentes,
2148 1215 2279 1267 citra

725 1305 887 1357 ullam
924 1305 1145 1355 interire
1180 1303 1625 1356 misericordiam.
1663 1302 1850 1356 Nullus
1883 1314 2061 1356 autem
2091 1303 2189 1355 fuit
2218 1320 2280 1356 ex

726 1397 814 1456 iis,
851 1398 937 1462 qui
969 1404 1116 1446 erant
1151 1396 1249 1447 sub
1277 1396 1410 1463 ipso,
1448 1395 1787 1453 Christianis,
1818 1396 1905 1461 qui
1942 1410 1997 1446 se
2027 1410 2131 1446 non
2160 1396 2284 1447 huic

729 1486 897 1554 impio
930 1487 1105 1540 edicto
1137 1487 1444 1540 submiserit
1474 1487 1614 1539 illius
1660 1488 1823 1538 animi
1861 1486 2156 1539 formidans
2189 1501 2286 1538 sa:-

728 1579 935 1631 vitiam.
964 1578 1212 1642 Quaedam
1239 1588 1417 1629 tamen
1440 1578 1627 1631 civitas
1656 1579 1907 1645 frequens
1938 1578 2153 1645 populo,
2187 1577 2284 1629 sita

730 1667 784 1717 in
819 1666 1164 1731 Homeritide,
1194 1682 1312 1733 quae
1346 1677 1564 1722 vocatur
1593 1666 1822 1735 Nagran,
1850 1684 1966 1717 cum
1992 1668 2101 1734 jam
2131 1668 2287 1736 longo

732 1760 929 1812 abhinc
981 1769 1220 1826 tempore
1252 1760 1485 1813 venisset
1531 1760 1594 1812 ad
1642 1760 1970 1828 agnitionem
2026 1760 2286 1820 veritatis,

729 1860 783 1904 et
811 1851 1062 1917 pietatem
1093 1851 1435 1919 suscepisset,
1476 1866 1667 1916 nempe
1702 1868 1761 1903 ex
1795 1866 1902 1919 quo
1930 1853 2279 1904 Constantius
2325 1838 2361 1891 υ

2002 1854 2279 1904 ἠδίληίίυδ
2325 1838 2361 1891 υ
2395 1869 2563 1931 θείας,
2625 1873 2717 1921 καὶ
2769 1868 2862 1935 τὴν
2920 1866 3203 1918 εὐσέϐειαν
3272 1864 3667 1931 ἐπανελομένη,

732 1942 908 2011 magni
941 1936 1276 1993 Constantini
1307 1942 1465 2003 filius,
1515 1942 1577 1993 ad
1616 1943 1855 2001 Sabatos,
1890 1942 1977 2009 qui
2032 1957 2173 1994 nunc
2203 1958 2291 1993 vo-

733 2040 922 2084 cantur
958 2030 1269 2095 llomeritze,
1296 2033 1402 2084 orti
1427 2048 1553 2085 vero
1585 2043 1709 2086 sunt
1733 2048 1794 2085 ex
1826 2035 2016 2084 (ﬁctura
2045 2034 2290 2093 Abralue,

734 2123 878 2176 misit
908 2124 1149 2191 legatos:
1184 2133 1237 2176 et
1287 2139 1413 2193 rege
1448 2123 1592 2176 illius
1621 2124 1796 2192 gentis
1844 2124 2159 2177 muneribus
2190 2125 2289 2176 sibi

732 2213 1040 2276 conciliato,
1094 2212 1379 2265 aedificavit
1426 2214 1613 2265 hacin
1667 2214 1883 2267 civitate
1934 2214 2211 2273 ecclesias,
2242 2223 2293 2266 et

736 2302 1020 2370 quemdam
1080 2303 1256 2355 virum
1313 2305 1482 2369 pium,
1530 2305 1616 2370 qui
1672 2305 1737 2355 ad
1783 2308 1941 2357 vitam
2000 2306 2296 2357 declinarat

738 2393 1115 2455 monasticam,
1148 2405 1202 2447 et
1231 2394 1518 2447 moralibus
1556 2404 1609 2447 et
1636 2395 1824 2448 activis
1859 2397 2149 2450 virtutibus
2180 2406 2296 2449 erat

738 2499 981 2552 magnus,
1016 2493 1175 2552 atque
1199 2484 1332 2537 adeo
1359 2484 1609 2536 omnibus
1637 2484 1717 2537 sui
1744 2487 1998 2553 temporis
2025 2487 2292 2553 superior,

740 2578 905 2633 misit.
961 2586 1018 2628 ut
1071 2588 1323 2644 pra-eSSt-t
1373 2577 1457 2639 iis,
1491 2578 1578 2644 qui
1629 2577 1693 2629 ad
1727 2594 1903 2631 veram
1958 2589 2298 2633 accesserant

740 2666 1074 2733 religionem.
1126 2666 1244 2727 Quo
1270 2667 1487 2733 quidem
1535 2678 1774 2736 tempore
1806 2667 2005 2722 Judatis
2042 2673 2301 2723 resisten-

740 2760 901 2819 tibus,
932 2767 985 2810 et
1026 2754 1252 2811 barbaro
1284 2758 1657 2819 suadentibus,
1690 2775 1757 2812 ne
1781 2770 1885 2812 tam
1923 2759 2076 2812 facile
2119 2761 2302 2827 hOSpi-

740 2857 845 2900 tem
877 2848 1184 2901 admitteret
1230 2849 1283 2900 in
1329 2849 1625 2913 civitatem,
1661 2866 1830 2917 neque
1876 2851 2017 2903 circa
2052 2865 2137 2901 res
2168 2849 2299 2903 divi—

742 2954 838 2990 nas
884 2939 1087 3005 aliquid
1114 2940 1415 2998 innovarct,
1447 2940 1549 2989 nisi
1584 2940 1734 3005 prius
1768 2942 1848 2989 vir
1881 2937 2161 3005 religiosus
2200 2938 2301 2992 ali-

738 3030 881 3096 quod
926 3029 1138 3099 signum
1172 3030 1500 3091 ostenderet,
1548 3030 1835 3099 (quomodo
1883 3032 2057 3086 solent
2090 3034 2174 3086 isti
2209 3049 2302 3103 pe-

742 3130 873 3184 tere,
907 3130 963 3173 ut
991 3122 1079 3188 qui
1118 3122 1228 3174 sint
1258 3123 1538 3191 increduli)
1577 3125 1718 3190 quod
1754 3124 1968 3191 quidem
2014 3124 2058 3177 si
2092 3125 2301 3191 praesti-

743 3210 889 3273 terit,
925 3219 1052 3263 tunc
1084 3210 1132 3263 ei
1182 3212 1506 3264 concederet
1543 3215 1842 3280 ingressum
1878 3213 1932 3264 in
1983 3215 2256 3264 civitatein
2288 3230 2301 3266 ι

744 3298 832 3352 ille
867 3299 1063 3352 divinis
1095 3302 1262 3353 fretus
1294 3300 1594 3369 promissis,
1629 3300 1771 3368 quod
1820 3300 1970 3371 signa
2011 3309 2307 3370 sequentur

743 3404 856 3445 eos.
880 3389 969 3455 qui
993 3390 1342 3450 crediderint,
1365 3388 1556 3439 annuit
1575 3388 1683 3441 cira
1703 3388 1859 3441 ullam
1878 3388 2299 3445 dubitationem:

742 3486 799 3526 et
845 3489 1031 3526 eorum
1077 3489 1195 3542 qua:
1239 3474 1574 3543 petebantur,
1624 3475 2005 3529 miraculorum
2056 3493 2302 3543 magnam

745 3563 982 3615 ostendit
1012 3563 1407 3629 operationem.
1447 3562 1527 3612 Ab
1572 3562 1661 3612 illo
1696 3564 1805 3627 jam
1847 3570 2089 3629 tempore
2118 3564 2306 3616 civitas

750 3649 1033 3700 Dominum
1068 3662 1200 3715 pure
1225 3648 1429 3709 colens,
1459 3656 1512 3700 et
1540 3647 1841 3701 orthodoxa
1863 3648 2170 3703 divinorum
2204 3652 2307 3704 Pa-

748 3750 886 3792 trum
930 3754 1162 3807 sequens
1191 3740 1460 3808 dogmata,
1509 3743 1907 3808 perseverabat,
1946 3743 1990 3795 si
2032 3743 2159 3812 quid
2193 3756 2306 3799 erat

751 3826 898 3888 mali,
945 3829 1228 3897 repellere,
1288 3838 1342 3881 et
1392 3829 1621 3881 alienam
1673 3829 1909 3899 effugere
1968 3832 2302 3901 religionem,

747 3920 880 3973 adeo
911 3930 965 3972 ut
992 3922 1194 3974 sineret
1223 3920 1439 3988 quidem
1462 3937 1578 3974 eam
1614 3923 1680 3974 ad
1705 3938 1868 3975 aures
1896 3928 2199 3991 pervenire.

821 4141 905 4195 lll.
951 4142 1197 4195 lnvidens
1225 4158 1353 4215 ergo
1382 4144 1667 4214 malignus,
1694 4154 1888 4209 totum,
1916 4159 2149 4215 quantus
2173 4158 2305 4213 erat,

748 4237 969 4289 subiens
1019 4235 1320 4300 Hebraeum,
1349 4252 1475 4289 cum
1515 4246 1687 4288 armat
1713 4238 1970 4291 adversus
2015 4240 2305 4303 civitatem,

753 4329 947 4393 partim
982 4327 1199 4393 quidem
1231 4329 1458 4393 opinans
1490 4325 1628 4387 fore,
1667 4336 1723 4378 ut
1756 4326 1807 4379 id
1849 4337 1993 4381 esset
2023 4330 2306 4382 molestum

751 4421 840 4486 pio
876 4422 982 4487 regi
1011 4416 1331 4486 Etliiopum
1361 4435 1376 4472 :
1416 4419 1611 4487 partim
1643 4428 1823 4473 autem
1860 4436 1926 4477 eo
1957 4432 2225 4488 spectans,
2254 4438 2311 4474 ut

2380 585 2630 637 νίσασθαί
2664 603 2721 638 τε
2780 588 3061 654 γενναίως,
3104 587 3197 637 καὶ
3260 588 3470 654 φυγάδα
3524 590 3949 655 παρασκευάσαι

2380 675 2656 740 γενέσθαι.
2694 673 2824 727 Εἶτα
2865 678 2998 746 πρὸς
3033 678 3282 743 ιρυλακὴν
3324 679 3534 728 ἐκείνου
3571 677 3949 730 καταλιπόντα

2384 768 2628 832 στρατὸν,
2673 770 2748 827 εἰς
2777 769 2872 835 τὴν
2903 768 3106 819 οἰκείαν
3134 768 3289 829 αὖθις
3322 769 3489 837 ἀρχὴν
3516 769 3876 835 ὑποστρέψαι.

2452 855 2525 907 B'.
2575 857 2658 908 Ἑν
2676 857 2881 918 τούτοις
2897 857 2987 909 τὸν
3028 858 3274 925 Ἐϐραῖον
3302 860 3399 908 οὐκ
3425 855 3491 925 ἦν
3529 858 3755 925 ἠρεμεῖν
3782 876 3795 891 ·
3830 858 3951 912 ἀλλ’

2383 948 2567 1016 ὥσπερ
2597 948 2694 1018 τὴν
2717 945 2885 1017 ἧτταν
2908 950 3371 1017 ἀνακαλούμενον,
3401 947 3793 1015 συλλεξάμενοι
3823 950 3954 1010 τοὶς

2384 1040 2639 1102 οἰκείους,
2677 1042 2771 1091 καὶ
2804 1044 2917 1102 τοῖς
2947 1041 3044 1108 τὴν
3079 1040 3324 1107 φυλακὴν
3357 1040 3569 1109 ἔχουσιν
3597 1040 3951 1104 ἐπιθέμενον,

2385 1133 2607 1201 πολέμῳ
2646 1148 2698 1182 τε
2729 1130 2976 1195 ἅπαντας
3033 1132 3363 1199 διαφθεῖραι,
3396 1131 3492 1183 καὶ
3538 1130 3799 1182 κελεῦσαι
3822 1131 3951 1193 τοὺς

2386 1224 2803 1292 εὑρισκομένους
2821 1223 2950 1275 Θεὸν
2977 1225 3066 1276 τὸν
3093 1225 3325 1293 Χριστὸν
3350 1222 3745 1292 ὁμολογοῦντας
3798 1223 3954 1288 παρά

2386 1318 2493 1367 πᾶν
2529 1314 2672 1375 ἔλεος
2716 1314 3149 1383 διαφθείρεσθαι.
3199 1312 3305 1366 ἾΙν
3352 1313 3445 1368 οὖν
3481 1317 3654 1375 οὐδεὶς
3694 1314 3803 1365 τῶν
3855 1313 3954 1364 ὑπ’

2387 1408 2535 1477 αὐτῷ
2560 1406 2855 1458 τελούντων
2914 1409 3278 1476 Χριστιανῶν,
3335 1408 3391 1469 ὃς
3433 1409 3528 1475 οὐχ
3556 1407 3840 1458 ὑπέκυπτε
3873 1405 3955 1471 τῷ

2388 1502 2637 1554 δυσσεϐεῖ
2682 1502 2857 1569 τούτῳ
2918 1500 3322 1570 προστάγματι,
3374 1500 3469 1566 τῆς
3508 1498 3688 1565 ψυχῆς
3734 1497 3957 1564 ἐκείνης

2388 1593 2604 1661 τρέμων
2639 1594 2735 1661 τὴν
2757 1592 3079 1661 ἀγριότητα.
3119 1591 3275 1652 Πόλις
3410 1609 3490 1653 τις
3526 1589 3958 1657 πολυάνθρωπος

2392 1686 2493 1736 ί)πὸ
2516 1685 2605 1737 τὸν
2651 1685 2950 1754 ὐμηρίτην
2976 1683 3200 1751 κειμένη
3234 1683 3543 1749 καλουμένη
3574 1682 3823 1749 Ναγραν,
3857 1697 3959 1731 σν-

2393 1778 2517 1846 χνὸν
2543 1777 2643 1846 ἥδη
2686 1778 2875 1845 χρόνον
2908 1778 2988 1836 εἰς
3038 1775 3333 1840 ἐπίγνωσιν
3396 1771 3621 1822 ἐλθοῦσα
3671 1772 3773 1837 τῆς
3823 1771 3961 1839 ἁλτι-

3722 1863 3779 1924 ὲξ
3830 1865 3960 1914 δῖον

2396 1962 2768 2018 Κωνσταντιος
2837 1960 2864 2008 ὀ
2928 1958 3021 2008 τοῦ
3090 1956 3324 2025 μεγάλου
3396 1953 3811 2007 Κωνσταντίνου
3848 1956 3965 2015 υἱὸς

2394 2053 2528 2120 πρδς
2560 2049 2825 2108 Σαῦαίονς
2857 2049 2982 2109 τοὺς
3032 2046 3127 2098 νῦν
3192 2047 3515 2117 Ὀμηρίτας,
3561 2046 3685 2106 τοὺς
3744 2047 3807 2096 ἐκ
3860 2046 3964 2112 τῆς

2394 2141 2671 2210 Χετούρας
2695 2139 2773 2206 τῷ
2814 2138 3063 2208 Ἀϐραὰμ
3088 2139 3422 2207 γενομένους
3458 2138 3755 2207 πρεσϐείαν
3785 2140 3968 2189 ἐστεί-

2395 2234 2543 2297 λατο,
2581 2234 2671 2284 καὶ
2694 2232 2887 2299 δώροις
2913 2232 3331 2299 οἰκειωσάμενος
3360 2232 3451 2283 τὸν
3472 2231 3563 2283 τοῦ
3593 2232 3779 2292 ἔθνους
3807 2229 3966 2298 βασι-

2397 2325 2512 2387 λέα,
2535 2323 2823 2391 ἐκκλησίας
2850 2338 2909 2373 τε
2941 2323 3214 2392 ἐδείματο,
3258 2323 3349 2374 καί
3377 2340 3494 2375 τινα
3523 2323 3769 2391 θεόριλον
3796 2324 3970 2393 ἄνδρα

2400 2417 2534 2485 πρδς
2572 2417 2656 2467 τῂν
2707 2416 2993 2484 μοναδικδν
3038 2415 3411 2468 ἀποκλίναντα
3467 2415 3605 2485 βίον.
3652 2417 3747 2469 7-Cl-
3791 2418 3971 2485 μέγαν

2399 2511 2453 2560 ὲν
2477 2508 2690 2578 ἠθικαῖς
2745 2526 2800 2559 τε
2839 2508 2931 2560 καὶ
2981 2510 3314 2575 πρακτικαῖς
3368 2510 3618 2575 ἀρεταῖς,
3685 2511 3778 2559 καὶ
3828 2509 3972 2575 ὑπὲρ

2397 2606 2522 2665 τοὺς
2545 2603 2665 2655 τότε
2699 2603 2905 2661 πάντας
2936 2601 3251 2667 γενόμενον,
3288 2602 3363 2661 εἰς
3401 2602 3737 2666 προστασίαν
3764 2598 3871 2651 τῶν
3906 2603 3972 2667 τῇ

2400 2694 2655 2762 εὐσεϐείᾳ
2704 2691 3101 2758 συντιθεμένων
3141 2689 3472 2758 ἐξέπεμπεν.
3531 2691 3663 2742 ὐτε
3716 2693 3813 2743 καὶ
3858 2690 3973 2742 τῶν

2414 2785 2685 2837 Ἰουδαίων
2754 2783 3168 2851 ἀνθισταμένων
3242 2785 3337 2836 καὶ
3405 2784 3810 2839 ἀναπειθόντων
3877 2788 3977 2836 τον

2404 2876 2700 2948 βάρϐαρον,
2734 2880 2806 2947 μὴ
2849 2880 3155 2951 προχείρως
3184 2876 3327 2931 οὕτω
3354 2878 3503 2942 ξένον
3536 2879 3614 2941 είς
3665 2878 3765 2946 τὴν
3818 2879 3977 2929 πολι-

2402 2974 2552 3022 τείαν
2582 2971 2947 3035 εἰσδέξασθαι,
2988 2974 3123 3041 μηδὲ
3171 2975 3299 3041 περὶ
3330 2975 3397 3023 τά
3434 2972 3552 3024 θεῖα
3600 2972 3976 3039 νεωτερίζειν,

2405 3065 2450 3113 εἰ
2493 3064 2563 3130 μή
2604 3079 2653 3113 τι
2696 3064 2961 3131 πρότερον
3000 3066 3225 3131 σημεῖον
3260 3066 3287 3115 ὁ
3328 3063 3575 3130 θεόφιλος
3615 3064 3978 3130 ἐπιδείξαιτο,

2329 3180 2373 3241 C
2406 3146 2493 3203 οἷα
2524 3152 2588 3220 δὴ
2631 3151 2799 3203 πολλά
2846 3151 3057 3215 τούτοις
3102 3151 3177 3215 ὼς
3228 3153 3477 3216 ἀπίστοις
3521 3156 3779 3207 ἀπαιτεῖν
3827 3156 3978 3219 ἔθος,

2407 3250 2499 3300 καὶ
2544 3249 2661 3300 τότε
2714 3249 3116 3318 παραχωρῆσαι
3173 3248 3323 3319 αὐτῷ
3370 3250 3469 3318 τῆς
3523 3251 3602 3312 είς
3652 3253 3753 3319 τὴν
3816 3253 3979 3305 πόλιν

2405 3339 2629 3404 εἰσόδου,
2662 3340 2868 3391 ἐκεῖνον
2888 3342 3004 3402 ταῖς
3027 3338 3196 3403 θείαις
3214 3341 3567 3409 ἐπαγγελίαις
3589 3342 3979 3413 θαρρήσειν-τα,

2402 3431 2485 3483 ὅτι
2524 3432 2723 3497 σημεῖα
2774 3432 2886 3490 τοῖς
2939 3431 3265 3482 πιστεύσασι
3312 3433 3813 3503 παρακολουθήσει,
3855 3437 3981 3487 ἐπι-

2405 3520 2593 3573 νεῦσαί
2632 3537 2691 3572 τι
2738 3520 3184 3583 ἀνεπιδοιάστως,
3244 3521 3338 3573 καὶ
3392 3523 3590 3591 πολλὴν
3643 3524 3755 3576 τῶν
3807 3529 3981 3577 ἀπαι-

2408 3612 2688 3681 τουμένων
2752 3612 3045 3683 θαυμάτων
3088 3614 3461 3679 ἐπιδείξασθαι
3512 3615 3610 3686 τὴν
3660 3618 3980 3685 ἐνέργειαν.

2420 3705 2508 3769 Ἐξ
2539 3704 2762 3757 ἐκείνων
2795 3707 2896 3776 ἤδη
2925 3706 3034 3758 τῶν
3070 3709 3283 3776 χρόνων
3314 3709 3345 3776 ἡ
3393 3708 3544 3770 πόλις
3596 3708 3855 3778 καθαρῶς
3887 3710 3983 3763 λα-

2404 3798 2673 3865 τρεύουσα
2716 3798 2793 3867 τῷ
2832 3799 2972 3867 Θεῷ,
3020 3800 3112 3850 καὶ
3142 3803 3250 3861 τοῖς
3302 3800 3607 3868 όρθοδὸξοις
3654 3803 3767 3854 τῶν
3818 3803 3982 3856 θείων

2416 3889 2678 3957 Πατέρων
2733 3890 3024 3959 στοιχοῦσα
3082 3891 3338 3957 δόγμασι,
3403 3891 3628 3942 διετέλει
3689 3895 3802 3945 πᾶν
3851 3896 3880 3946 ὅ
3928 3913 3982 3946 τι

2408 3981 2642 4049 πονηρὸν
2693 3982 3081 4049 ἀπωθουμένη,
3151 3981 3245 4031 καὶ
3303 3979 3603 4048 θρησκείαν
3678 3985 3979 4039 ἀλλόκοτον

2408 4070 2534 4138 ἄχρι
2564 4069 2693 4135 γοῦν
2728 4073 2821 4121 καὶ
2854 4070 3024 4137 ἀκοῆς
3080 4069 3486 4137 ἀποφεύγουσα.

2479 4160 2551 4215 Ι”.
2597 4161 2871 4230 Φθονήσας
2915 4161 3092 4213 τοίνυν
3136 4162 3163 4213 ὀ
3198 4163 3451 4231 πονηρὸς,
3488 4163 3580 4215 καὶ
3621 4162 3749 4215 ὅλον
3786 4165 3979 4218 ὑπεισ-

2408 4252 2499 4314 δὺς
2548 4253 2638 4304 etv
2679 4254 2955 4325 Ἐϐραῖον,
3010 4253 3221 4319 ὁπλίζει
3265 4257 3405 4307 κατα
3455 4257 3555 4323 τῆς
3601 4258 3839 4321 πόλεως,
3886 4260 3980 4311 καὶ

2412 4344 2571 4405 αὐτὸς
2598 4343 2753 4394 τοῦτο
2784 4346 2883 4412 μὲν
2910 4345 3289 4413 προσδοκήσας
3318 4346 3508 4398 λυπεῖν
3538 4348 3626 4399 τὸν
3652 4350 3763 4399 τῶν
3801 4352 3979 4403 Mihi-

2416 4451 2532 4484 πων
2569 4433 2762 4502 εὐσεϐῆ
2809 4433 3056 4501 βασιλέα,
3094 4437 3251 4487 τοῦτο
3295 4436 3353 4488 δὲ
3402 4441 3493 4487 καὶ
3524 4437 3617 4506 τὴν
3662 4442 3808 4491 κατὰ
3849 4443 3983 4511 Χρι-

753 4509 806 4559 iu
864 4510 1134 4561 Christum
1192 4523 1342 4560 suam
1391 4508 1631 4577 expleret
1680 4509 1968 4573 insaniam,
2032 4521 2086 4565 et
2148 4528 2313 4578 genus
2349 4558 2388 4613 Β

2349 4558 2388 4613 D
2421 4523 2546 4575 στοῦ
2574 4524 2773 4592 μανίαν
2806 4525 3120 4593 ἀποπλῆσαι
3157 4528 3395 4590 σκοπῶν,
3422 4530 3513 4579 καὶ
3541 4530 3603 4579 τὸ
3632 4530 3980 4596 Χριστιανῶν

753 4599 1185 4652 Christianorum
1220 4600 1443 4651 omnino
1475 4608 1764 4652 everteret.
1797 4601 1981 4669 Itaque
2010 4601 2157 4654 venit
2181 4603 2312 4654 vali-

752 4692 879 4741 dum
912 4688 1184 4742 adducens
1209 4687 1503 4741 exercitum
1528 4706 1540 4740 :
1568 4698 1622 4741 et
1651 4705 1769 4742 cuin
1792 4690 2144 4745 circumcirca
2172 4700 2313 4746 esset

750 4788 1187 4841 castrametatus,
1220 4779 1466 4848 valloque
1514 4790 1569 4833 et
1602 4781 1745 4835 fossa
1782 4781 1979 4835 mantia
2011 4785 2314 4838 circumde-

751 4870 940 4932 disset,
977 4870 1187 4923 obsedit
1218 4870 1451 4939 Nagran,
1481 4872 1739 4927 minitans
1771 4888 1828 4926 se
1860 4874 2002 4925 illam
2039 4890 2313 4943 expugna-

750 4972 953 5021 turum,
976 4971 1030 5013 et
1060 4976 1267 5021 omnes,
1289 4964 1379 5031 qui
1407 4963 1461 5014 in
1493 4961 1608 5030 ipsa
1634 4973 1812 5027 erant,
1837 4963 2309 5033 interempturum,

750 5054 853 5104 nisi
907 5068 1064 5105 cruce
1112 5053 1345 5114 Domini,
1402 5069 1431 5105 a
1479 5054 1690 5107 civibus
1745 5054 1807 5106 in
1848 5057 2061 5109 excelso
2112 5055 2308 5124 posita,

746 5159 906 5211 quam
940 5144 1324 5197 exsecrationis
1354 5145 1739 5213 signumtproli
1762 5145 1971 5213 dolor!)
2001 5147 2193 5200 stultus
2220 5164 2311 5201 vo-

749 5236 925 5294 cabat,
960 5236 1024 5287 ad
1061 5234 1287 5287 nihilum
1341 5235 1578 5297 redacta,
1615 5235 1814 5289 deinde
1860 5237 2138 5291 Christum
2176 5254 2310 5305 quo-

744 5342 850 5399 que
878 5336 1184 5395 negassent,
1217 5328 1310 5397 qui
1342 5327 1519 5381 fuerat
1551 5329 1603 5380 in
1632 5344 1692 5381 ea
1724 5344 2039 5398 suspensus.
2070 5328 2221 5393 Quod
2247 5348 2310 5384 eo

744 5420 960 5487 quidem
988 5420 1213 5473 consilio
1244 5420 1494 5481 faciebat,
1530 5432 1587 5474 ut
1610 5437 1731 5475 cum
1763 5438 1855 5476 eos
1884 5423 1995 5487 illo,
2020 5425 2161 5491 quod
2187 5426 2310 5478 inde

745 5511 1019 5574 veniebat,
1066 5511 1314 5579 praesidio
1365 5512 1644 5578 nudasset,
1696 5515 1797 5567 hoc
1848 5525 1952 5567 tam
1991 5516 2165 5569 valido
2212 5516 2307 5569 de-

746 5606 917 5657 fectos
954 5607 1154 5657 auxilio
1189 5606 1387 5661 deinde
1416 5608 1719 5661 invaderet.
1754 5609 1982 5673 Quidam
2011 5626 2135 5676 ergo
2157 5626 2309 5663 exse-

746 5698 928 5749 crandi
989 5697 1148 5765 hujus
1190 5700 1331 5766 regis
1381 5701 1659 5765 satellites,
1717 5705 1766 5754 in
1823 5706 2008 5755 orbem
2047 5705 2308 5757 obeuntes

747 5789 1040 5853 civitatem,
1096 5789 1285 5845 eadem
1336 5794 1817 5851 vociferabantur:
1863 5810 1935 5857 et,
1986 5800 2026 5850 si
2061 5810 2306 5865 parerent

2417 4618 2568 4683 γένος
2593 4618 2669 4678 εἰς
2704 4620 2845 4670 ἅπαν
2876 4616 3149 4687 ἑκτρίψαι,
3178 4618 3345 4685 βαρὺν
3373 4619 3712 4687 ἐπαγόμενος
3747 4628 3982 4691 στρατὸν

2413 4709 2747 4774 ἀφικνεῖται,
2782 4710 2872 4761 κα)⁸
2907 4710 3517 4778 στρατοπεδευσάμενος
3546 4715 3700 4783 παρά
3731 4717 3796 4766 το
3827 4718 3984 4785 περί-

2416 4796 2592 4861 ϐολον,
2624 4800 2715 4849 καὶ
2743 4798 2959 4867 χάρακα
2995 4799 3193 4868 βαλὼν,
3225 4802 3320 4851 καὶ
3360 4805 3829 4872 περιταφρεύσας,
3856 4812 3985 4860 ὲπο-

2414 4891 2620 4958 λιόρκει
2663 4890 2878 4959 Νεγράν
2907 4892 3048 4943 ἑλεῖν
3071 4907 3131 4942 τε
3185 4890 3355 4961 αὐτὴν
3379 4894 3640 4956 ἀπειλῶν,
3705 4900 3803 4948 καὶ
3854 4903 3983 4961 τοὺς

2415 4986 2473 5034 ὲν
2509 4985 2645 5052 αὐτῇ
2690 4986 2895 5046 πάντας
2921 4984 3150 5048 ἀνελεῖν,
3178 4984 3227 5035 εί
3264 4983 3338 5051 μὴ
3367 4985 3456 5037 τον
3478 4986 3584 5047 ἔξω
3628 4988 3829 5055 τειχῶν
3864 4992 3987 5041 ἀνε-

2417 5072 2760 5140 στηλωμένον
2812 5074 2868 5123 ὲν
2905 5070 3168 5140 μετεώρῳ
3218 5071 3312 5123 τοῦ
3372 5074 3579 5141 Κυρίου
3636 5078 3896 5144 στανρὶν,
3929 5080 3985 5128 ὃν

2414 5162 2550 5230 ἀρᾶς
2585 5164 2773 5232 (οἴμοι)
2814 5164 3037 5230 σημεῖον
3080 5166 3108 5215 ὀ
3150 5161 3381 5230 ἀνόητος
3434 5164 3723 5227 ἀπεκάλει,
3768 5168 3982 5230 ἐξουδε-

2415 5253 2710 5317 νώσαντες,
2742 5250 2862 5305 εἶτα
2900 5253 2991 5305 τὸν
3026 5255 3082 5305 ὲν
3130 5254 3279 5321 αὐτῷ
3315 5254 3697 5323 κρεμασθέντα
3742 5257 3985 5324 Χριστὸν

2412 5347 2770 5415 ὀιρνησσιιντο⁹
2806 5346 2992 5407 δεινῶς
3028 5346 3184 5398 τοῦτο
3212 5346 3304 5398 καὶ
3335 5347 3660 5415 πανούργως
3686 5350 3985 5420 ἐπινοήσας

2412 5440 2437 5489 ὁ
2463 5438 2763 5507 ἁλιτήριος,
2810 5439 2897 5489 ἵνα
2935 5442 3031 5507 τῆς
3069 5441 3277 5491 ἐκεῖθεν
3316 5440 3618 5505 ἀσφαλείας
3660 5443 3986 5511 γυμνώσας,

2417 5525 2515 5580 εἶθ’
2566 5530 2709 5581 οὕτω
2759 5531 2854 5597 τῆς
2913 5532 3137 5599 ἰσχυρᾶς
3190 5531 3390 5599 ταύτης
3431 5530 3683 5599 βοηθείας
3752 5536 3983 5605 ἐρήμοις

2413 5621 2562 5674 οὖσιν
2602 5622 2863 5675 ἐπίθοιτο.
2897 5624 3052 5685 Τινὲς
3094 5622 3188 5675 οὖν
3228 5625 3336 5677 τῶν
3406 5622 3501 5674 τοῦ
3546 5626 3743 5694 μιαροῦ
3792 5628 3982 5680 τούῖον

2417 5714 2677 5781 βασιλέως
2700 5716 3077 5780 ὑπασπιστῶν,
3106 5717 3449 5785 περιθέοντες
3477 5715 3660 5787 κύκλῳ
3687 5720 3789 5787 τὴν
3808 5722 3980 5783 πόλιν,

2422 5805 2483 5855 τὰ
2517 5805 2650 5856 αὐτὰ
2678 5805 2844 5858 ταῦτα
2876 5806 3071 5857 ἐϐόων*
3111 5808 3201 5858 καὶ
3233 5806 3585 5873 πειθομένους
3616 5809 3737 5876 μὲν,
3768 5810 3985 5878 δωρεῶν
