4216 6432
729 365 861 430 1255
2013 352 2289 414 MENSIS
2326 351 2680 413 OCTOBER.
3831 353 3971 419 1255

721 483 826 536 set,
860 480 914 526 et
945 478 1283 540 postremum
1329 467 1572 538 jurasset
1610 463 2015 536 jusjurandum,
2066 476 2292 532 persua-
2325 465 2364 519 Α

2325 465 2364 519 Α
2398 460 2490 512 καὶ
2525 460 2867 522 τελευταίους
2906 460 3159 530 ὑποσχὼν
3183 463 3398 530 ὅρκους,
3439 464 3616 517 πείθει
3647 466 3774 528 τοῦς
3805 469 3864 518 ὲν
3899 471 3965 535 τῇ

723 562 817 615 det
846 563 932 623 iis,
960 561 1053 621 qui
1100 567 1228 614 sunt
1270 558 1325 611 in
1377 557 1615 620 civitate,
1652 570 1771 608 eum
1820 555 1929 607 Deo
1980 554 2288 606 universum

2395 553 2568 613 πόλει,
2617 552 2733 620 Θεῷ
2781 555 2842 604 τὸ
2887 555 2993 606 πᾶν
3046 555 3448 623 ὲπιτρέῲαντχς
3507 558 3584 623 τῷ
3630 559 3738 610 τῶν
3781 561 3966 628 ὅρκων

729 651 1133 721 permisissent,
1164 649 1255 719 qui
1292 657 1373 702 est
1406 649 1559 702 testis
1588 646 1934 708 sacramenti,
1984 657 2036 699 et
2071 644 2172 698 hoc
2205 661 2290 697 so-

2399 643 2660 711 μάρτυρι,
2707 643 2800 694 καὶ
2854 642 3010 695 τοῦτο
3064 643 3396 706 ὑπειπόντας
3460 645 3637 713 μόνον,
3700 649 3782 699 ὅτι
3841 649 3971 710 Τοῖς

723 743 836 796 lum
893 742 1170 804 dixissent,
1201 741 1416 810 regibus
1451 754 1547 791 nos
1584 738 1774 790 cedere
1804 737 2108 790 didicimus.
2140 736 2291 800 Quod

2398 735 2708 803 βασιλεῦσιν
2755 733 2998 784 ὑπείκειν
3041 735 3340 805 ἐμάθομεν,
3403 738 3493 788 καὶ
3546 737 3648 802 ὡς,
3679 739 3745 790 El
3775 752 3825 791 τι
3857 739 3969 790 τῶν

729 833 864 885 situ
919 848 1077 886 secus
1118 833 1373 885 Statueris
1428 831 1624 893 facere,
1673 844 1830 896 quam
1882 828 2042 882 nobis
2093 827 2295 886 dixisti,

2399 829 2535 894 πρδς
2596 826 2745 893 ἡμᾶς
2802 824 2981 890 λόγων
3043 822 3198 888 οὗτος
3257 828 3773 896 μεταϐουλεύσεται,
3832 830 3971 882 ἀλλὰ

731 921 897 986 Deus,
951 923 1040 990 qui
1094 932 1176 975 est
1226 931 1500 990 spectator
1544 918 1921 988 jurisjurandi,
1973 919 2021 971 id
2075 917 2298 969 omnino

2398 918 2528 978 Θεὸς
2560 917 2723 969 αὑτὸν
2748 915 2967 979 πάντως
2989 918 3015 968 ὁ
3055 918 3163 968 τῶν
3200 919 3376 985 ὅρκων
3404 918 3600 987 ἔφορος
3642 921 3964 984 ἀμυνεῖται,

728 1015 1042 1076 ulciseetur,
1101 1028 1275 1080 neque
1332 1013 1421 1065 diu
1495 1012 1711 1066 differet
1763 1011 2079 1063 vindictam.
2135 1007 2297 1062 Nobis

2401 1013 2489 1064 καὶ
2517 1011 2574 1062 ού
2609 1011 2804 1080 βραδὺς
2824 1010 2974 1064 ἔσται
3003 1013 3138 1079 πρὸς
3174 1012 3268 1080 τὴν
3297 1011 3591 1080 ἐκδίκησιν.
3643 1011 3806 1078 Ἡμῖν
3838 1014 3969 1079 γάρ,

726 1106 896 1166 enim,
941 1104 1212 1164 dicebant,
1253 1102 1520 1155 oChrisle
1566 1103 1836 1162 Salvator,
1875 1108 1926 1152 et
1949 1098 2043 1150 Fili
2085 1097 2199 1158 Dei.
2245 1105 2299 1150 et

2399 1098 2441 1156 ὧ
2473 1104 2673 1173 Σῶτερ,
2700 1103 2905 1171 ἔλεγον,
2935 1104 3162 1173 Χριστὲ,
3197 1105 3288 1155 καὶ
3327 1104 3459 1155 Θεοῦ
3498 1105 3589 1155 Υἱὲ
3631 1106 3724 1155 καὶ
3756 1104 3879 1164 Θεὲ,
3913 1106 3971 1156 τὸ

734 1198 899 1258 Deus,
965 1211 1062 1265 pro
1116 1204 1164 1248 te
1212 1196 1292 1247 vel
1355 1196 1609 1247 omnibus
1661 1192 1862 1261 privari
1933 1189 2298 1251 facultatibus,

2401 1198 2542 1266 ὑπὲρ
2571 1196 2664 1249 σοῦ
2699 1198 2788 1248 καὶ
2821 1198 3138 1264 περιουσίας
3173 1199 3352 1266 πάσης
3387 1197 3713 1266 στερηθῆναι
3744 1199 3841 1248 καὶ
3870 1199 3970 1261 τῆς

728 1298 888 1357 atque
923 1289 1059 1341 adeo
1101 1288 1214 1354 ipsa
1246 1290 1373 1347 vita,
1405 1301 1512 1337 nou
1583 1285 1700 1338 leve
1747 1292 1828 1337 est
1878 1283 2108 1336 lucrum.
2141 1280 2299 1334 Absit

2401 1289 2543 1358 ζωῆς
2611 1289 2804 1359 κέρδος
2875 1290 3005 1341 αὐτὸ
3061 1289 3240 1358 τυχόν.
3298 1291 3446 1359 Μηδὲ
3499 1291 3710 1356 γένοιτο
3759 1289 3822 1340 τὺ
3885 1289 3976 1340 σὸν

727 1391 929 1441 autem,
969 1390 1028 1430 ut
1057 1389 1206 1430 tuum
1242 1392 1437 1430 nomen
1467 1391 1745 1444 negemus,
1786 1385 1843 1428 ut
1879 1385 1961 1428 est
2010 1374 2295 1442 impiorum

2399 1383 2542 1449 ἡμᾶς
2565 1380 2986 1448 ἀπαρνήσασθαι
3010 1380 3201 1448 ὄνομα,
3226 1380 3300 1442 ὡς
3339 1385 3446 1443 τοῖς
3474 1382 3697 1434 ἀσεϐέσι
3732 1383 3963 1442 σκοπδς,

731 1469 1038 1523 institutqu
1080 1469 1091 1521 !
1132 1483 1233 1522 nec
1267 1468 1308 1521 si
1337 1467 1437 1520 tale
1477 1467 1602 1536 quid
1631 1468 1938 1528 fecerimus,
1978 1479 2097 1526 nos,
2135 1479 2164 1517 ο
2195 1463 2295 1526 sol,

2401 1474 2532 1539 μηδὲ
2606 1472 2845 1524 τοιοῦτον
2907 1473 3457 1541 καταπραξαμένους,
3526 1469 3569 1526 ὦ
3631 1476 3777 1543 ἥλιε,
3839 1475 3973 1535 ἴδοις

729 1561 980 1629 aSpicias.
1013 1560 1144 1623 Quae
1186 1559 1344 1611 simul
1394 1569 1554 1626 atque
1605 1558 1890 1616 dixissent,
1940 1565 2078 1608 totas
2111 1565 2294 1623 portas

2395 1567 2563 1635 ἡμᾶς’
2601 1567 2706 1616 Κίῖ
2755 1565 2870 1632 ἆμα-
2929 1563 3182 1631 λέτοντες
3217 1565 3344 1627 ὅλας
3384 1569 3696 1618 ἁναπετῶσι
3729 1567 3831 1626 τὰς
3866 1567 3971 1616 12-}-

730 1650 982 1717 aperiunt
1011 1659 1064 1702 et
1095 1649 1232 1701 intra
1266 1648 1434 1716 ipsam
1479 1650 1780 1708 civitatem,
1813 1658 2068 1714 tauquam
2112 1647 2293 1713 lupum

2398 1659 2514 1717 λας,
2551 1656 2646 1708 καὶ
2679 1656 2851 1722 αὐτῆς
2885 1655 3033 1707 ἔνδον
3067 1655 3164 1723 τῆς
3190 1656 3399 1717 πόλεως
3434 1658 3507 1718 ὡς
3532 1659 3588 1707 ἐν
3618 1658 3776 1727 σηκῷ
3809 1659 3975 1710 λύκον

731 1738 784 1789 in
822 1738 1121 1800 stabulum,
1159 1736 1359 1788 malutn
1391 1750 1570 1803 regem
1623 1735 1929 1787 admittunt.
1987 1734 2073 1786 Ille
2113 1741 2289 1786 autem
2333 1797 2370 1817 ﬂ

2333 1797 2370 1817 ﬂ
2404 1750 2494 1800 τδν
2532 1747 2768 1815 πονηρὸν
2801 1747 3126 1814 εἰσδέχονται
3151 1748 3394 1816 βασιλέα.
3431 1747 3486 1799 Ὀ
3515 1749 3590 1810 δὲ,
3631 1749 3725 1801 καὶ
3759 1749 3971 1817 σχῆμα,

732 1845 856 1882 cum
891 1837 944 1880 et
973 1828 1221 1896 ﬁguram,
1275 1835 1333 1879 et
1382 1825 1568 1887 situm,
1623 1835 1677 1877 et
1724 1825 1865 1876 illam
1916 1825 2148 1878 civitatis
2181 1827 2296 1877 lau-
2333 1797 2373 1853 Β

2542 1797 2595 1799 ν-
2643 1797 2728 1815 πί
2947 1797 2997 1814 ,κέ
3316 1797 3352 1800 ρ
3383 1797 3394 1801 ν
3458 1797 3476 1799 -
3764 1797 3971 1817 νκη-ν.

2333 1797 2373 1853 Β
2404 1842 2496 1891 καὶ
2549 1840 2721 1901 θέσιν,
2777 1839 2872 1890 καὶ
2919 1838 2977 1888 τὸ
3025 1838 3453 1908 πολυάνθρωπον
3505 1842 3682 1891 ἐκεῖνο
3727 1840 3833 1907 τῆς
3878 1841 3971 1891 πό-

732 1923 915 1975 (lasset
944 1919 1330 1987 frequentiam,
1365 1928 1418 1971 et
1448 1918 1646 1972 civium
1682 1933 1895 1987 quoque
1932 1918 2298 1987 splendorem,

2404 1935 2562 1995 λεως,
2600 1931 2671 1993 ὡς
2707 1931 2760 1982 δὲ
2808 1930 2901 1983 καὶ
2940 1931 2997 1982 τὸ
3042 1931 3340 2000 περιφανὲς
3375 1932 3483 1982 τῶν
3529 1931 3770 1983 πολιτῶν
3813 1936 3975 1984 ἐπαι-

735 2028 985 2084 egressus
1035 2019 1138 2073 est,
1186 2011 1237 2063 in
1311 2024 1424 2074 eos,
1477 2013 1569 2079 qui
1632 2010 1949 2064 habitabant
2003 2012 2299 2072 civitatem,

2403 2025 2584 2086 νέσας,
2628 2023 2796 2093 ἐξῄει,
2823 2022 2972 2075 δεινὰ
3011 2023 3136 2074 κατ’
3188 2022 3369 2074 αὐτῶν
3418 2023 3522 2091 ἄρα
3553 2024 3660 2075 τῶν
3691 2023 3791 2093 τὴν
3819 2024 3977 2076 πόλιν

735 2106 918 2175 gravia
954 2120 1207 2166 versans,
1251 2113 1306 2155 ut
1359 2104 1616 2157 indicavit
1653 2106 1852 2164 exitus,
1898 2104 2300 2173 jusjurandum,

2405 2117 2704 2170 οἰκούντων
2764 2116 2839 2177 ὡς
2869 2115 2928 2167 τὸ
2973 2115 3150 2186 πέρας
3191 2115 3381 2179 ἔδειξε,
3443 2117 3711 2185 στρέφων,
3776 2119 3975 2186 ὅρκους

734 2211 790 2252 et
820 2207 974 2265 pacta
1001 2206 1295 2255 conventa,
1329 2204 1382 2247 et
1421 2210 1758 2263 quacunque
1811 2195 1913 2247 alia
1955 2197 2035 2247 eis
2075 2193 2305 2262 przbuit

2407 2211 2499 2262 καὶ
2542 2210 2840 2278 συνθήκας,
2879 2210 2972 2260 καὶ
3023 2210 3122 2260 ὅσα
3185 2209 3317 2260 ἄλλα
3373 2210 3509 2278 πρὸς
3564 2210 3750 2261 πίστιν
3791 2211 3976 2273 αὐτοῖς

737 2293 801 2344 ad
843 2289 1004 2342 fidem
1043 2287 1384 2351 faciendam,
1417 2301 1479 2340 ea
1508 2301 1627 2340 esse
1677 2287 1991 2340 existimans
2040 2286 2301 2354 puerilem

2408 2300 2739 2370 παρέσχετο,
2780 2299 2987 2351 παίδων
3019 2300 3234 2368 ἀπάτην
3268 2297 3407 2352 εἶναι
3440 2299 3691 2367 νομίσας,
3737 2305 3836 2354 καὶ
3871 2303 3973 2371 ήδη

736 2383 1138 2445 ἀείἐβίιοηθηιο
2410 2391 2540 2461 πρὸς
2567 2392 2883 2461 ἀνατροπὴν
2912 2391 3092 2442 αὐτῶν
3117 2389 3696 2458 παρασκευαζόμενος.

811 2470 918 2522 \‘ll.
939 2471 1069 2522 Cum
1094 2475 1272 2521 autem
1289 2467 1396 2536 jam
1424 2483 1482 2522 se
1506 2475 1719 2537 pararet
1740 2465 1804 2519 ad
1829 2480 1922 2520 eos
1949 2467 2301 2530 evertendos,

2480 2482 2553 2537 Z'.
2608 2484 2816 2536 ’Ἕωθεν
2861 2478 2952 2535 οῦν
2993 2483 3106 2551 ἅμα
3142 2483 3282 2550 φωτὶ
3319 2483 3422 2546 ἔξω
3458 2481 3654 2550 τειχῶν
3682 2483 3783 2551 τὴν
3820 2482 3975 2534 πόλιν

738 2571 897 2615 vocat
957 2569 1108 2612 extra
1168 2560 1464 2613 civitatem.
1541 2559 1781 2612 Aderant
1830 2574 1958 2613 vero
2000 2562 2307 2629 quicunque

2409 2577 2590 2629 ἐκάλει
2617 2591 2631 2604 ·
2669 2576 2761 2626 καὶ
2794 2576 3045 2643 παρῆσαν
3085 2576 3194 2626 ὅσοι
3236 2573 3453 2640 πλούτῳ
3495 2577 3587 2624 καὶ
3621 2573 3750 2641 δόξῃ
3793 2573 3979 2640 διαφέ-

737 2661 893 2706 erant
923 2651 1160 2720 insignes
1195 2651 1389 2718 opibus
1419 2659 1472 2704 et
1501 2650 1689 2720 gloria.
1727 2652 1844 2703 Prae
1882 2651 2091 2703 caeteris
2127 2660 2306 2704 autem

2413 2683 2594 2738 ρον-τες
2627 2662 2769 2736 ἦσαν
2794 2683 2805 2695 ·
2834 2665 2929 2716 καὶ
2967 2664 3071 2732 πρὸ
3100 2664 3209 2715 τῶν
3238 2663 3412 2716 ἄλλων
3449 2662 3611 2724 αὐτὸς
3653 2666 3681 2716 ὁ
3718 2665 3818 2715 καὶ
3841 2665 3977 2717 πάν-

738 2745 803 2804 is,
826 2741 915 2809 qui
947 2750 999 2793 et
1041 2739 1265 2802 canitie,
1300 2745 1354 2792 et
1385 2739 1669 2808 sapientia,
1716 2746 1768 2790 et
1797 2752 2006 2790 morum
2046 2736 2308 2790 modestia

2408 2777 2517 2811 των
2542 2757 2703 2827 πολιᾷ
2731 2759 2824 2810 καὶ
2862 2756 3096 2818 συνέσει,
3136 2757 3226 2809 καὶ
3259 2757 3334 2824 τῷ
3379 2755 3486 2809 τῶν
3519 2755 3666 2824 ὴθῶν
3713 2757 3979 2826 εὐκόσμῳ

741 2841 857 2885 erat
917 2831 1422 2900 praestantissimus,
1468 2831 1704 2893 divinus,
1745 2829 1988 2897 inquam,
2051 2828 2306 2890 Arethas,

2408 2848 2834 2918 διαφορώτατος,
2877 2847 3109 2917 Ἀρέθας
3129 2850 3154 2901 ὁ
3185 2847 3348 2909 θεῖος,
3378 2847 3544 2916 φημὶ,
3599 2848 3625 2896 ὁ
3652 2847 3766 2897 καὶ
3800 2847 3973 2912 αὐτὴν

743 2924 830 2976 cui
879 2923 980 2991 ipsi
1018 2936 1234 2990 quoque
1275 2923 1450 2974 fuerat
1500 2921 1787 2974 commissa
1837 2922 2005 2972 rectio
2052 2919 2305 2972 civitatis.

2408 2939 2578 3008 δήπου
2607 2939 2706 3005 τὴν
2741 2938 2912 3008 ἀρχὴν
2947 2939 3047 3006 τῆς
3119 2938 3327 2998 πόλεως
3356 2938 3864 3005 ἐγκεχειρισμένος.
3914 2935 3977 2989 Oi

742 3014 948 3068 Omnes
984 3016 1147 3084 igitur
1197 3012 1671 3076 commendabant,
1724 3010 2076 3072 extollebant,
2135 3010 2308 3063 laudi-

2411 3032 2502 3082 καὶ
2551 3026 2690 3097 ἦσαν
2727 3029 3153 3093 ἐπιθειάζοντες,
3195 3027 3596 3093 εὐφημοῦντες,
3651 3030 3748 3078 καὶ
3793 3030 3978 3080 πᾶσαν

738 3108 949 3174 busque
979 3106 1347 3167 celebrabant,
1376 3113 1430 3158 et
1458 3119 1672 3157 omnem
1706 3102 1966 3155 honorem
2003 3101 2310 3154 tribuebant
2336 3143 2376 3200 Ε

2308 3141 2310 3148 ν
2336 3143 2376 3200 c
2409 3123 2575 3190 τιμὴν
2601 3122 2963 3188 ἀπονέμοντες
2993 3120 3068 3187 τῷ
3090 3117 3334 3170 δοκοῦντι
3376 3118 3578 3184 σωτῆρι
3610 3122 3704 3170 καὶ
3735 3119 3973 3186 βασιλεῖ.

743 3201 814 3262 ei,
847 3200 939 3269 qui
975 3199 1264 3252 videbatur
1301 3211 1420 3251 esse
1447 3206 1690 3250 servator
1736 3206 1790 3248 et
1823 3210 1940 3248 rex.
1988 3193 2082 3244 Ille
2114 3202 2300 3244 autem

739 3292 844 3346 sibi
901 3292 1074 3360 culpa:
1126 3289 1366 3344 dandum
1408 3303 1528 3340 esse
1575 3288 1841 3349 tribuens,
1896 3283 2039 3351 quod
2068 3281 2309 3336 differret

740 3383 892 3436 cerni
930 3383 1128 3443 malus,
1168 3395 1275 3433 non
1305 3379 1542 3446 amplius
1621 3387 1948 3447 exspectans
1993 3377 2184 3445 aperit,
2217 3376 2307 3445 qui

2409 3396 2787 3466 κρυπτόμενον
2837 3397 3103 3457 Δουναάν,
3141 3394 3235 3445 καὶ
3277 3395 3485 3455 πάντας
3537 3393 3698 3454 εὐθὺς
3752 3395 3978 3447 ἐκέλευε

742 3478 890 3529 intus
945 3474 1168 3537 latebat,
1220 3472 1464 3535 Dunaan,
1518 3480 1574 3524 et
1620 3471 1780 3539 jussit
1831 3471 2081 3538 protinus
2120 3483 2307 3520 onmes

2413 3488 2666 3548 δεθέντας
2716 3484 3094 3555 φρουρεῖσθαι.
3147 3481 3278 3536 Εἶτα
3327 3486 3420 3536 καὶ
3473 3486 3577 3535 τῶν
3618 3486 3980 3555 ὑπαρχόντων

743 3569 1008 3622 custodiri
1044 3568 1097 3619 in
1131 3566 1382 3620 vinculis.
1420 3564 1626 3616 Deinde
1664 3563 1827 3614 etiam
1877 3560 2104 3629 privavit
2140 3558 2309 3613 facul-

2411 3578 2672 3647 ὲγύμνου,
2721 3578 2815 3628 καὶ
2859 3577 3267 3640 διεπυνθάνετο,
3313 3576 3415 3628 ποῦ
3453 3577 3543 3640 ειν⁴
3573 3579 3658 3646 εἴη
3702 3579 3918 3640 Παῦλος
3954 3582 3982 3634 ὁ

745 3661 970 3719 tatibus,
1029 3667 1086 3710 et
1139 3656 1346 3726 rogavit
1396 3653 1616 3706 ubinam
1667 3663 1809 3705 esset
1867 3651 2063 3705 Paulus
2117 3666 2305 3704 eorum
2407 3692 2410 3706 .

2407 3671 2611 3722 τούτων
2662 3671 2984 3731 ἐπίσκοπος.
3021 3669 3109 3729 Ὠς
3140 3669 3196 3720 δὲ
3238 3669 3489 3721 τεθνάναι
3522 3669 3776 3742 δεύτερον
3813 3673 3981 3724 αὑτὸν

745 3750 1056 3819 episcopus.
1113 3745 1245 3800 Cum
1312 3753 1495 3797 autem
1546 3743 1656 3811 jam
1724 3740 1936 3793 duobus
1977 3747 2103 3791 ante
2151 3739 2306 3792 annis
2409 3785 2410 3791 η

2409 3765 2509 3833 ἤδη
2569 3764 2761 3833 χρόνον
2816 3763 3108 3832 ἐμάνθανε,
3160 3762 3236 3830 μὴ
3285 3762 3423 3829 ἔχων
3477 3763 3609 3814 ὅπου
3663 3739 3760 3832 την
3806 3765 3982 3835 ὀργὴν

745 3856 868 3896 eum
925 3838 1281 3892 intellexisset
1331 3851 1450 3890 esse
1502 3843 1800 3894 mortuum,
1849 3847 1956 3885 non
2002 3833 2201 3885 habens
2254 3831 2305 3884 in

2410 3831 2770 3921 etiamst-pb;
2798 3831 2897 3920 τήν
2944 3853 3091 3901 κόνιν
3137 3851 3355 3919 ἐχώρει,
3392 3850 3484 3902 καὶ
3535 3831 3981 3920 ἀνορύττειν

749 3948 910 4002 quem
947 3932 1080 3982 iratn
1109 3927 1449 3988 immitteret,
1484 3927 1763 3981 contendit
1789 3924 1855 3978 ad
1901 3923 2200 3991 pulverem,
2255 3929 2308 3973 et
2407 3961 2414 3976 .

2407 3944 2578 4011 τάφον
2619 3942 2976 4011 προσέταττε,
3025 3942 3119 3993 καὶ
3163 3943 3255 3995 τὸν
3285 3943 3495 3995 ἐκείνου
3556 3946 3752 4014 νεκρὸν
3813 3962 3985 3997 κατα-

745 4024 907 4091 jussit
937 4023 1251 4090 sepulcrum
1286 4017 1544 4079 effodere,
1576 4025 1629 4069 et
1664 4016 1806 4068 illius
1848 4027 2045 4081 corpus
2086 4010 2310 4065 combu-

2409 4010 2685 4094 καίοντας,
2721 4034 2799 4094 εἰς
2829 4033 2966 4101 ἀέρα
2997 4030 3218 4098 λικμᾷν.
3243 4032 3500 4099 Εὖρίσκει
3530 4035 3621 4083 καὶ
3656 4010 3826 4101 ἀλλην
3859 4034 3983 4084 ἐπί-

746 4121 932 4164 rentes
967 4114 1019 4162 in
1050 4124 1230 4163 aerem
1267 4107 1546 4161 ventilare.
1582 4104 1742 4158 Aliud
1777 4115 1992 4173 quoque
2043 4102 2309 4170 excogitat
2408 4141 2411 4152 .

2408 4140 2555 4176 νοιαν
2582 4124 2610 4192 ἡ
2641 4121 2923 4190 μανιώδης
2949 4119 3115 4189 ψυχὴ,
3144 4120 3238 4172 καὶ
3264 4121 3325 4173 οὐ
3349 4120 3619 4188 λαμϐάνει
3653 4120 3812 4187 κόρον
3835 4123 3985 4174 κατά

749 4202 948 4254 furiosa
983 4200 1181 4262 anima,
1218 4213 1316 4252 nec
1347 4212 1465 4251 eam
1509 4196 1650 4263 capit
1683 4194 1904 4247 satietas
1944 4191 2142 4259 aliquid
2192 4206 2307 4242 mo-

750 4294 912 4346 liendi
945 4293 1206 4344 adversus
1237 4289 1596 4350 Christianos,
1629 4285 1724 4339 sed
1761 4284 1918 4353 jubet
1950 4281 2176 4335 accendi
2218 4297 2306 4333 ro-
2409 4323 2415 4334 .

2409 4306 2578 4374 πολλῇ
2623 4306 2987 4373 τρεφομένην,
3032 4305 3342 4356 ἀνακαῦσαι
3372 4305 3605 4365 κελεύει,
3660 4309 3754 4356 καὶ
3803 4323 3984 4374 παρα-

748 4400 894 4454 gum,
929 4384 1018 4451 qui
1052 4384 1220 4436 multa
1266 4380 1500 4434 aleretur
1530 4378 1775 4441 materia,
1807 4384 1861 4429 et
1904 4375 2086 4429 statim
2114 4372 2307 4426 civita-

2414 4372 2602 4465 χρῆμα
2643 4396 2768 4456 τούς
2799 4372 2856 4447 τε
2906 4395 3005 4462 τῆς
3055 4394 3260 4455 πόλεως
3306 4393 3401 4445 καὶ
3432 4394 3768 4462 περιοικίδας
3811 4372 3984 4463 ἱερεῖς

752 4476 839 4533 tis,
875 4483 928 4525 et
958 4474 1101 4540 ejus,
1137 4486 1255 4539 quae
1287 4479 1367 4522 est
1416 4467 1788 4528 circumcirca,
1845 4465 2081 4535 regionis
2131 4477 2312 4516 sacer-
2345 4468 2388 4524 1)

748 4569 924 4628 dotes,
962 4575 1018 4617 et
1058 4563 1380 4624 monachos,
1407 4568 1461 4615 et
1515 4559 1624 4612 Deo
1675 4566 2019 4613 consecratas
2051 4555 2308 4624 virgines,

749 4657 878 4724 quin
928 4656 1090 4707 etiam
1126 4653 1355 4705 feminas
1411 4665 1529 4716 quae
1566 4649 1724 4700 vitam
1753 4649 2026 4715 elegerant
2055 4643 2315 4697 monasti-

750 4763 891 4809 cam,
925 4758 1117 4798 omnes
1145 4742 1304 4798 simul
1343 4742 1396 4795 in
1434 4756 1557 4795 eum
1611 4738 1782 4810 injici.
1824 4737 1865 4790 li
1914 4737 2082 4801 enim,
2118 4736 2312 4804 inquit,

753 4846 881 4891 sunt
912 4836 1070 4904 plane
1122 4850 1285 4888 causa
1332 4833 1558 4885 aliorum
1610 4830 1883 4893 interitus,
1927 4829 2315 4898 persuadentes

754 4928 1071 4982 crucifixum
1109 4925 1309 4988 colere,
1355 4931 1609 4989 tanquam
1647 4922 1838 4974 Deum.
1887 4921 1968 4972 Ad
2015 4921 2129 4972 haec
2188 4936 2314 4987 per-

761 5017 883 5070 inde
911 5031 973 5068 ac
1007 5017 1050 5068 si
1083 5031 1187 5069 non
1233 5015 1526 5080 suﬂleeret,
1576 5013 1717 5081 quod
1767 5011 1967 5066 factum
2018 5012 2213 5073 fuerat,
2251 5012 2317 5065 ad

756 5110 873 5179 ejus
921 5109 1398 5176 incomparabilem
1444 5107 1834 5159 ostendendam
1897 5105 2314 5173 improbitatem,

763 5209 821 5252 ut
860 5200 993 5252 alios
1022 5215 1237 5269 quoque
1263 5200 1362 5252 sibi
1399 5197 1768 5266 subjungeret,
1805 5197 2156 5250 vehementer
2190 5211 2318 5248 con-

761 5291 957 5351 tendit,
992 5302 1044 5342 et
1073 5293 1233 5358 jussit
1268 5307 1544 5360 praecones
1577 5291 1729 5343 obire
1760 5290 2038 5342 civitatem
2069 5300 2120 5342 et
2152 5289 2320 5357 regio-

757 5400 878 5438 nem
913 5384 1305 5449 proclamantes
1346 5393 1402 5437 ut
1434 5384 1708 5437 Christum
1757 5391 2037 5449 negarent,
2092 5391 2147 5432 et
2177 5382 2319 5433 vive-

758 5484 877 5530 rent
899 5472 1140 5542 iudaice,
1166 5475 1352 5527 eadem
1379 5490 1496 5542 quze
1528 5488 1617 5526 rex
1641 5473 1958 5526 sentientes.

2422 3215 2478 3267 ’0
2507 3213 2561 3264 δὲ
2593 3212 2800 3281 μέμψιν
2823 3208 2963 3264 εἶναι
2994 3211 3222 3280 νομίσας
3253 3210 3313 3263 τὸ
3340 3212 3416 3272 εἰς
3439 3211 3707 3271 ἀναϐολάς
3740 3210 3978 3279 ὀφθῆναι

2409 3307 2599 3369 κακὸς,
2649 3306 2740 3356 καὶ
2802 3303 2876 3373 μὴ
2936 3303 3257 3370 ἀναμείνας,
3306 3302 3675 3354 ἀνακαλύπτει
3707 3303 3798 3352 τὸν
3829 3302 3979 3353 ἔνδον

2408 4214 2748 4282 Χριστιανῶν
2809 4211 2958 4263 κακὰ
3010 4210 3396 4264 τεκταίνουσατ
3455 4211 3588 4264 ἀλλά
3641 4214 3822 4280 πυράν
3882 4214 3985 4282 ὕλῃ

2418 4491 2513 4541 καὶ
2547 4487 2895 4558 μονάζοντας,
2934 4486 3025 4548 τὰς
3059 4484 3136 4553 τῷ
3163 4483 3282 4553 Θεῷ
3315 4485 3617 4554 ίερωμένας
3646 4485 3985 4552 παρθένους,

2417 4581 2554 4650 πρὸς
2588 4580 2643 4632 δὲ
2682 4580 2776 4631 καὶ
2822 4579 3112 4645 γυναῖκας,
3148 4577 3269 4629 ὅσαι
3300 4578 3390 4628 τὸν
3433 4576 3729 4643 ἀσκητικὸν
3769 4576 3986 4628 ξῦον-ευ

2417 4674 2549 4742 βίον,
2585 4671 2813 4740 ἀθρόους
2835 4668 2969 4740 ὁμοῦ
3003 4667 3209 4728 πάντας
3243 4669 3302 4718 ἐν
3329 4667 3467 4735 αὐτῇ
3499 4667 3779 4741 ἐμϐαλεῖν.
3817 4662 3986 4720 Οὗτοι

2415 4780 2547 4834 γαρ,
2604 4765 2788 4831 φησιν,
2826 4761 3068 4829 ἀτεχνῶς
3118 4761 3280 4813 αίτιοι
3310 4762 3407 4828 τῆς
3439 4759 3545 4811 τῶν
3594 4760 3774 4810 ἄλλων
3823 4762 3986 4810 ἀπω-

2417 4859 2587 4920 λείας,
2619 4855 3010 4916 ἀναπείθοντες
3036 4852 3396 4924 προσανέχειν
3421 4852 3493 4913 ὡς
3531 4851 3637 4921 θεῷ
3673 4853 3750 4920 τῷ
3783 4854 3987 4903 ἐσταυ-

2419 4956 2664 5021 ρωμένῳ.
2713 4948 2843 5000 Εἱτα
2887 4947 3139 5014 καθάπερ
3181 4946 3282 4998 οὐκ
3330 4945 3633 5012 ἀρκοῦντος
3680 4944 3774 4996 τοῦ
3829 4962 3987 5010 γενο-

2421 5042 2581 5108 μένου
2611 5036 2995 5106 ἀπαράμιλλον
3023 5035 3187 5088 αὑτοῦ
3216 5036 3494 5100 ἀποδεῖξαι
3520 5037 3616 5103 τὴν
3641 5036 3984 5104 μοχθηρίαν·

2419 5132 2501 5181 ἵνα
2542 5130 2643 5180 κᾶν
2673 5128 2804 5195 γοῦν
2835 5126 2958 5187 τοὺς,
2988 5126 3179 5188 ἄλλους
3214 5126 3627 5194 ὑποποιήσαιτο.
3673 5126 3731 5176 ’0
3771 5126 3850 5188 δὲ,
3893 5131 3988 5179 καὶ

2419 5221 2909 5291 προσαγωνίζεται,
2956 5218 3052 5269 καὶ
3105 5219 3352 5287 κήρυκας
3399 5218 3502 5269 ἀνὰ
3541 5218 3639 5285 τὴν
3683 5219 3841 5269 πόλιν
3893 5225 3988 5269 καὶ

2419 5315 2513 5382 τὴν
2549 5314 2731 5380 χώραν
2763 5309 2977 5362 ἐκέλευε
3009 5306 3265 5371 διαθέειν,
3315 5306 3652 5375 ἐμϐοῶντας,
3707 5309 3988 5376 ἀπαρνου-

2424 5406 2615 5472 μένους
2643 5403 2732 5454 τὸν
2776 5401 3008 5469 Χριστὸν
3054 5401 3153 5468 ζῇν
3194 5399 3500 5462 ιουδαϊκώς,
3537 5399 3607 5450 τὰ
3652 5401 3792 5451 αὑτά
3854 5414 3987 5466 cfp“-

2422 5498 2647 5557 νοῦντας
2679 5495 2754 5563 τῷ
2788 5495 3013 5562 βασιλεῖ.

831 5589 966 5647 Vlll.
1001 5589 1175 5644 Porro
1219 5599 1403 5644 autem
1448 5588 1564 5655 ipse
1595 5601 1810 5656 quoque
1859 5600 1949 5637 rex
2001 5585 2213 5638 Arethze
2245 5585 2321 5639 si-
2491 5593 2496 5643 1

2491 5592 2571 5645 ll'.
2608 5591 2774 5651 Αὐτὸς
2816 5590 2870 5640 δὲ
2917 5587 3188 5657 βασιλεὺς,
3252 5590 3364 5649 τοῖς
3423 5588 3552 5654 περὶ
3626 5583 3862 5654 Ἀρέθαν
3919 5587 3988 5638 τὰ

759 5685 904 5738 milia
933 5679 1579 5751 cousulebat,adjiciens,
1633 5682 1775 5747 quod
1819 5677 1916 5744 ipsi
1963 5693 2175 5746 quoque
2221 5693 2320 5730 no-
2421 5708 2424 5724 .

2421 5685 2581 5735 aucta.
2618 5682 2992 5743 συνεϐούλευε,
3025 5679 3338 5749 προστιθεὶς
3365 5681 3441 5732 ὅτι
3481 5681 3573 5730 καὶ
3633 5679 3788 5728 αὐτοὶ
3818 5678 3988 5747 ἔγνω.

757 5789 876 5832 rant
905 5777 1149 5845 Romani,
1176 5773 1318 5829 illius
1364 5771 1598 5842 majores
1646 5771 1698 5823 in
1749 5786 1964 5826 crucem
2007 5771 2176 5840 egisse
2215 5772 2311 5825 ho-

2426 5792 2522 5828 σαν
2583 5774 2844 5841 Ῥωμαῖοι
2926 5770 3207 5840 ἄνθρωπον
3256 5768 3569 5837 ἑσταυρωκέ
3609 5786 3662 5820 αι
3711 5769 3838 5833 τους
3888 5790 3987 5822 παπ
