4216 6432
766 416 903 478 1263

2053 419 2337 479 MENSIS
2372 422 2739 482 OCTOBER.

3899 429 4061 496 126$

763 545 866 600 ego
897 544 926 582 a
971 529 1057 583 tali
1109 528 1296 584 lauder
1353 528 1555 600 lingua,
1602 544 1721 599 quae
1764 543 1821 584 se
1864 528 2098 582 armavit
2149 537 2333 583 contra

2450 529 2621 600 αύτης
2672 531 2977 603 τιμηθῆναι
3021 532 3291 603 γλώττης,
3325 538 3423 608 τῆς
3459 541 3835 614 ὁπλισαμένης
3891 551 4062 597 κατὰ

764 623 956 687 Deum,
1017 637 1197 692 neque
1245 636 1310 676 eo
1367 621 1654 690 procedam
1710 621 1989 684 amentia,
2040 629 2098 674 ut
2151 636 2338 674 verser

763 731 888 769 cum
921 717 1006 780 iis,
1033 716 1126 784 qui
1165 714 1272 769 Deo
1308 723 1436 769 sunt
1486 715 1625 768 adeo
1675 714 1902 777 inimici,
1938 723 1992 768 et
2037 714 2089 767 in
2144 729 2336 780 pecca-

764 816 944 859 torum
1007 805 1247 859 habilem
1296 805 1686 859 tabernaculis.
1737 805 1873 859 Cum
1934 820 2028 858 rex
2077 805 2192 858 ltaac
2238 819 2336 858 au-

763 897 976 959 diisset,
1027 897 1108 951 ira
1161 898 1328 951 corde
1397 912 1682 960 accensus,
1738 894 2047 966 aspexitad
2098 911 2192 950 eos
2244 895 2334 964 qui

759 990 1010 1056 aderant,
1060 998 1116 1045 et
1174 1005 1299 1043 cum
1368 989 1614 1054 dixisset,
1655 987 1826 1055 Quam
1887 990 2235 1059 impudenter
2282 990 2335 1042 in

758 1096 856 1137 nos
907 1096 964 1135 se
1015 1081 1151 1151 gerit
1217 1082 1330 1135 haec
1387 1081 1722 1136 exsecranda
1790 1082 2110 1134 muliercula
2144 1079 2336 1149 ljubet

759 1176 879 1240 ejus
906 1175 1069 1243 capiti
1108 1174 1312 1229 auferri
1353 1183 1756 1245 legumentum,
1807 1183 1861 1227 et
1898 1174 2017 1242 ejus
2065 1173 2330 1238 ﬁliarum;

755 1271 809 1316 et
840 1264 918 1316 sic
950 1279 1042 1317 eas
1071 1265 1219 1319 nudo
1248 1265 1446 1334 capite,
1483 1275 1537 1320 et
1568 1265 1840 1334 promissa
1863 1279 2040 1332 coma,
2071 1265 2124 1319 in
2153 1273 2332 1319 castra

760 1354 885 1409 duci
918 1370 1015 1424 per
1048 1355 1426 1426 ignominiam.

823 1536 957 1591 XIV.
997 1535 1296 1606 Egrediens
1343 1550 1473 1607 ergo
1508 1551 1768 1606 generosa
1819 1536 2036 1602 mulier,
2093 1551 2216 1591 cum
2249 1537 2330 1590 vi-

753 1629 927 1684 disset
974 1644 1224 1698 magnam
1278 1630 1602 1684 feminarum
1652 1629 2061 1683 multitudinem
2107 1629 2347 1704 ﬂentem

752 1731 808 1778 et
844 1722 1164 1792 eiulantem,
1198 1723 1343 1791 quod
1377 1722 1500 1777 talis
1549 1722 1810 1776 nobilitas
1856 1721 2163 1775 amceretur
2195 1736 2328 1775 con-

753 1814 997 1876 tumelia,
1034 1814 1123 1867 illa
1180 1829 1274 1867 eas
1315 1828 1508 1868 severe
1581 1823 1636 1867 et
1685 1814 1970 1882 magnilicc
2031 1814 2250 1868 intuens
2311 1829 2324 1865 :

2439 622 2608 675 Θεοῦ·
2666 624 2801 694 μηδὲ
2859 626 3010 695 παρὰ
3067 627 3320 680 τοσοῦτον
3371 630 3560 694 ἀνοίας
3609 632 3844 703 ἔλθοιμι,
3891 633 4060 688 ὥστε

2437 716 2877 786 ἀναστρέφεσθαι
2909 720 3020 778 τοῖς
3050 716 3225 782 οὕτως
3255 719 3610 789 ὲχθραίνουσι
3647 724 3723 794 τῷ
3756 725 3909 796 Θεῷ,
3946 726 4059 780 καὶ

2441 809 2500 860 ἐν
2554 809 2923 878 σκηνώμασιν
2980 810 3330 881 ἁμαρτωλῶν
3401 817 3710 871 κατοικεῖν.
3755 818 3992 870 Τούτων
4027 821 4057 871 ὁ

2441 901 2692 972 βασιλεὺς
2723 903 2798 966 ὡς
2826 905 3029 974 ἤκουσε
3067 904 3224 976 θυμῷ
3255 910 3354 979 τὴν
3390 911 3624 981 καρδίαν
3666 911 4050 977 ἀνακαυθεὶς,

2437 995 2713 1065 ἀπέϐλεψε
2742 999 2876 1068 πρὸς
2906 999 3032 1062 τοὺς
3073 1000 3376 1070 παρόντας,
3403 1004 3516 1068 καὶ,
3551 997 3652 1058 Οἷα
3708 1004 3833 1057 καθ’
3866 1007 4050 1076 ήμῶν

2437 1089 2780 1143 ἀναιδεύεται
2818 1091 2879 1143 τὸ
2912 1097 3221 1162 κατάρατον
3259 1093 3412 1146 τουτὶ
3454 1095 3698 1164 γύναιον,
3750 1097 4042 1167 εἰρηκὼς,

2435 1182 2650 1236 κελεύει
2704 1183 2802 1254 τὴν
2860 1184 2959 1254 τῆς
3013 1186 3254 1261 κεφαλῆς
3308 1189 3659 1257 ἀφαιρεῖσθαι
3707 1190 4049 1259 καλύπτραν

2433 1276 2604 1346 αὐτῆς
2634 1293 2693 1328 τε
2741 1279 2830 1330 καὶ
2867 1279 2974 1331 τῶν
3025 1279 3364 1350 θυγατέρων,
3403 1281 3498 1333 καὶ
3554 1282 3729 1345 οὕτως
3763 1285 4044 1344 ἁσκεπείς

2433 1370 2528 1423 καὶ
2559 1369 2695 1440 βαθὺ
2730 1369 2989 1441 κομώσας
3041 1371 3129 1425 ἐπ’
3182 1373 3415 1444 αἰσχύνῃ
3449 1377 3600 1446 παρὰ
3630 1377 3691 1428 τὸ
3722 1378 4043 1446 στρατόπε-

2433 1463 2522 1515 δον
2556 1462 2809 1531 ἄγεσθαι.

2504 1557 2597 1609 lA'.
2649 1555 2898 1620 Ἐξιοῦσα
2950 1558 3132 1611 τοίνυν
3173 1561 3205 1632 ἡ
3243 1563 3474 1629 γενναία
3529 1561 3625 1615 καὶ
3670 1563 3884 1632 πλῆθος
3938 1564 4028 1616 δτι

2433 1647 2569 1698 πολὺ
2608 1651 2887 1716 γυναικῶν
2923 1650 3109 1705 ίδοῦσα
3166 1655 3295 1722 περὶ
3357 1653 3527 1724 αὐτὴν
3580 1655 3898 1723 ἀνοιμῶζον
3937 1658 4037 1708 καὶ

2433 1739 2854 1810 παθαινόμενοι),
2881 1743 2954 1805 ὡς
2985 1744 3243 1815 τοιαύτης
3273 1745 3437 1815 δῆθεν
3484 1746 3775 1813 εὐγενείας
3809 1745 4036 1815 ὑϐριζο-

2436 1833 2626 1902 μένης,
2653 1837 2850 1902 σεμνὸν
2877 1836 3061 1906 ἐκείνη
3096 1838 3233 1906 πρὸς
3268 1839 3438 1901 αὑτὰς
3485 1839 3672 1890 ἰδοῦσα
3708 1837 3808 1889 καὶ
3848 1855 4030 1906 μεγα-

753 1905 902 1969 Seio,
937 1906 1137 1975 inquit,
1172 1920 1204 1959 ο
1244 1905 1452 1970 amicae,
1482 1905 1625 1975 quod
1659 1916 1886 1976 propter
1933 1922 2034 1960 nos
2085 1907 2328 1963 dolorem

2431 1925 2628 1994 λόφων
2649 1965 2662 1988 ’
2690 1922 2804 1978 0W
2829 1927 3144 1996 δτιάθησῖνν
3166 1927 3318 1997 φίλαι
3373 1933 3658 1996 γυναῖκες.
3695 1929 4034 2000 περιπαθεῖς

750 1997 1025 2066 accipitis,
1058 1996 1258 2065 partim
1291 1996 1512 2066 quidem
1567 1994 1804 2050 fortasse
1855 2007 2076 2066 proriter
2121 2005 2330 2050 natura:

748 2090 1152 2159 cognationem,
1189 2088 1385 2158 partim
1434 2097 1616 2142 autem
1663 2089 1808 2159 quod
1859 2090 2078 2160 indigna
2125 2105 2189 2143 ac
2223 2105 2326 2158 pu-

749 2182 927 2235 denda
959 2181 1148 2235 videar
1191 2180 1301 2250 pati
1349 2194 1472 2234 cum
1521 2180 1753 2235 ﬁliabus.
1804 2179 1909 2235 Sed
1957 2196 2026 2235 ne
2075 2181 2324 2236 tlolcatis.

748 2272 858 2327 Nos
893 2273 1039 2328 enim
1077 2287 1186 2327 non
1250 2273 1372 2328 ideo
1418 2275 1798 2345 negaverimus
1851 2273 2162 2327 ell‘cetorem
2206 2275 2327 2328 coeli

746 2376 800 2419 et
833 2377 1012 2425 terrae.
1044 2379 1221 2431 neque
1251 2379 1372 2433 qua:
1408 2376 1533 2419 sunt
1567 2365 1632 2418 ad
1668 2375 1882 2434 tempus
1931 2368 2148 2419 aeternis
2187 2383 2324 2437 prae-

748 2456 1065 2512 tuletimus.
1126 2457 1261 2511 Nam
1315 2457 1449 2510 mihi
1516 2457 1735 2526 quidem
1808 2472 1836 2510 a
1885 2458 2182 2528 majoribus
2231 2473 2328 2528 per

746 2552 1152 2605 successionem
1184 2549 1361 2620 pietas
1407 2557 1461 2604 et
1490 2565 1615 2605 vera
1666 2549 1886 2620 religio,
1937 2560 1988 2604 et
2029 2566 2058 2604 a
2109 2551 2326 2607 Christo

747 2642 1110 2707 denominari,
1147 2651 1203 2696 et
1234 2658 1360 2696 eum
1395 2657 1559 2696 nosse
1591 2641 1785 2707 Deum,
1818 2642 2012 2697 tradita
2040 2644 2173 2697 mihi
2205 2643 2325 2698 fue-

746 2742 876 2788 runt
909 2735 964 2788 in
1018 2734 1435 2801 haereditatetn;
1472 2749 1580 2787 non
1635 2733 1768 2786 mihi
1821 2744 2002 2788 autem
2056 2735 2178 2802 soli,
2230 2735 2324 2791 sed

749 2827 1020 2883 universae
1052 2841 1268 2897 quoque
1318 2842 1450 2881 mete
1497 2825 1827 2896 cogitationi.
1877 2825 2107 2897 Propter
2163 2843 2323 2896 quem

745 2935 845 2992 ego
875 2919 1123 2990 amplexa
1153 2919 1570 2983 continentiam,
1610 2919 1929 2974 viduitatem
1968 2921 2180 2989 praetuli
2208 2935 2323 2973 ma-

746 3012 1016 3066 trimonio
1054 3020 1152 3065 :et
1181 3028 1243 3065 ex
1294 3010 1667 3075 facultatibus,
1707 3025 1841 3080 quas
1884 3010 2171 3076 habebam,
2200 3011 2323 3081 pltt-

742 3104 944 3158 rimum
973 3104 1223 3157 distribui
1256 3105 1612 3174 pauperibus.
1651 3101 1789 3157 Sunt
1820 3117 1950 3158 vero
1982 3101 2160 3157 adhuc
2189 3103 2322 3157 mihi

746 3213 954 3267 magna:
984 3198 1186 3250 divitiae
1220 3197 1271 3248 in
1304 3211 1439 3249 auro
1474 3205 1528 3250 et
1562 3203 1813 3267 argento,
1847 3205 1902 3250 et
1937 3212 2128 3267 magna
2180 3196 2318 3250 mul-

745 3291 921 3346 titudo
974 3303 1279 3352 servorum,
1361 3288 1550 3342 multa:
1609 3299 1790 3342 autem
1843 3291 2214 3356 possessiones
2273 3298 2327 3342 ct

743 3397 932 3452 greges
962 3398 975 3448 ;
1003 3396 1189 3434 verum
1226 3380 1353 3434 licet
1385 3388 1464 3432 tot
1495 3379 1632 3433 bona
1665 3379 1796 3433 mihi
1833 3389 2142 3451 suppetant,
2174 3381 2323 3435 uolui

744 3487 947 3542 tamen,
985 3485 1041 3527 ut
1091 3474 1274 3527 umltte
1324 3473 1443 3527 alia:
1494 3473 1752 3528 mulieres
1783 3474 1981 3539 solent,
2049 3475 2116 3530 ad
2159 3477 2322 3529 alium

745 3569 1000 3622 maritum
1036 3566 1256 3626 intueri,
1291 3566 1499 3620 etiamsi
1528 3583 1651 3621 cum
1684 3567 1871 3620 multis
1905 3567 2120 3619 casibus
2147 3576 2200 3619 ct
2234 3582 2324 3619 ea-

745 3661 1108 3723 lamitatibus,
1176 3676 1295 3725 qua:
1363 3659 1541 3712 viduis
1606 3659 1829 3714 evenire
1900 3670 2320 3724 consueverunt,

744 3767 890 3820 sape
923 3751 1024 3803 sim
1053 3749 1345 3803 colluctata
1378 3764 1389 3800 :
1427 3747 1569 3818 quod
1599 3749 1815 3816 quidem
1854 3750 1935 3802 vel
1959 3750 2131 3803 solum
2174 3749 2323 3803 sum-

743 3844 818 3896 cit
855 3841 920 3894 ad
954 3839 1167 3894 mollem
1198 3840 1376 3894 adhuc
1423 3850 1474 3894 et
1513 3853 1758 3894 tenerum
1799 3839 2040 3893 animum
2087 3841 2322 3895 incitan-

749 3937 878 3987 dum
940 3933 1008 3986 ad
1089 3933 1358 3987 secundas
1416 3933 1657 4002 nuptias.
1721 3932 1789 3988 Et
1852 3931 2082 3987 fortasse
2143 3934 2324 3990 nullus

746 4040 923 4077 meum
955 4024 1264 4078 damnasset
1306 4024 1675 4093 iuventutem,
1719 4040 1836 4093 qua:
1877 4024 2052 4093 ipsum
2104 4025 2171 4078 ad
2220 4025 2324 4079 hoc

747 4117 988 4172 habebat
1046 4127 1338 4186 patronum
1382 4116 1623 4170 divinum
1669 4116 2013 4185 Apostolum.
2062 4116 2166 4172 Sed
2210 4117 2324 4173 haec

749 4210 932 4264 omnia
959 4208 1342 4279 parviiaeiens,
1374 4209 1427 4260 in
1461 4209 1561 4262 hoc
1591 4208 1763 4262 solum
1794 4209 2035 4263 animum
2069 4211 2319 4278 intendo,

752 4313 811 4356 ut
844 4317 969 4356 cum
1004 4299 1223 4355 Christo
1254 4300 1356 4355 sint
1391 4317 1499 4354 una
1535 4315 1657 4357 cum
1688 4304 1908 4368 sanctis,
1934 4317 2054 4370 qua:
2093 4318 2321 4371 prmces~

749 4406 964 4462 serunt,
996 4394 1318 4448 mulieribus
1346 4402 1400 4447 et
1426 4394 1775 4462 martyribus.
1812 4393 1922 4461 Ego
1950 4401 2129 4446 autem
2169 4393 2323 4448 vobis

746 4491 859 4559 jam
889 4486 1131 4542 secundo
1181 4501 1439 4556 appareo.
1477 4483 1612 4538 Nam
1671 4485 1823 4555 prius
1870 4486 1922 4538 in
1976 4485 2321 4542 matrimonio

2441 2017 2525 2087 ἐφ’
2567 2021 2700 2090 ἡμῖν
2727 2020 3030 2090 γεγένησθε
3060 2037 3074 2052 ·
3114 2020 3275 2074 τοῦτο
3311 2021 3411 2091 μὲν
3465 2024 3596 2084 ἴσως
3676 2024 3774 2076 καὶ
3831 2023 3923 2075 διὰ
3970 2023 4032 2073 τὸ

2432 2113 2694 2178 συγγενὲς
2724 2113 2822 2183 τῆς
2851 2111 3095 2181 φύσεως,
3121 2114 3282 2166 τοῦτο
3309 2113 3367 2166 δὲ
3404 2113 3580 2168 καὶτὸ
3615 2113 3799 2166 δοκεῖν
3832 2115 4025 2183 αἰσχύ-

2430 2221 2528 2273 νης
2570 2203 2696 2266 ἄξια
2756 2205 2896 2274 μετὰ
2952 2205 3063 2258 τῶν
3119 2204 3440 2275 θυγατέρων
3493 2207 3640 2276 ἡμᾶς
3697 2206 4027 2276 ὑπομένειν.

2441 2295 2584 2347 Ἀλλ’
2641 2296 2700 2349 οὐ
2749 2298 2902 2367 παρὰ
2953 2296 3114 2350 τοῦτο
3171 2297 3239 2350 ἂν
3288 2300 3447 2368 ἡμεῖς
3491 2298 3882 2369 ἀρνησαίμεθα
3937 2300 4031 2352 τὸν

2429 2389 2658 2460 ποιητὴν
2689 2389 2922 2460 ούρανοῦ
2955 2390 3051 2444 καὶ
3079 2391 3204 2460 γῆς,
3239 2391 3360 2443 οὐδὲ
3389 2392 3495 2444 τῶν
3527 2391 3716 2444 ἀϊδίων
3750 2394 3824 2444 τὰ
3857 2392 4032 2461 προσ·

2429 2499 2599 2554 καιρα
2627 2483 3098 2553 προτιμήσαιμεν.
3137 2482 3292 2553 Ἐμοὶ
3324 2485 3432 2554 γὰρ
3460 2485 3523 2537 ὲκ
3569 2484 3861 2554 προγόνων
3897 2484 4030 2552 κλῆ-

2429 2593 2522 2647 ρος
2582 2574 2866 2645 ἀδιάδοχος
2941 2575 2975 2643 ἡ
3016 2575 3296 2655 εὐσέϐεια,
3357 2577 3451 2629 καὶ
3501 2575 3561 2628 τὸ
3620 2575 3731 2630 ἀπὸ
3779 2575 4026 2645 Χριστοῦ

2425 2667 2733 2744 καλεῖσθαι,
2787 2671 2882 2722 καὶ
2937 2668 3128 2722 τοῦτον
3187 2670 3392 2722 εἰδέναι
3446 2668 3609 2724 Θεόν.
3657 2669 3775 2722 Οὐκ
3813 2670 3944 2738 ἐμοὶ
3967 2669 4026 2721 δὲ

2429 2759 2593 2832 μόνῃ,
2620 2759 2759 2813 ἀλλὰ
2803 2762 2899 2814 καὶ
2947 2763 3098 2833 πάσῃ
3142 2763 3207 2832 τῇ
3233 2762 3532 2833 συγγενείᾳ
3577 2761 3641 2832 δὴ
3671 2764 3738 2832 τῇ
3771 2762 3910 2832 ἐμῇ.
3948 2755 4026 2814 Δι’

2423 2851 2483 2904 ὃν
2543 2851 2656 2920 ἐγὼ
2707 2852 3070 2923 σωφροσύνην
3129 2852 3529 2922 ἀσπασαμένη,
3573 2853 3810 2924 χηρείαν
3893 2870 4028 2922 προ-

2427 2943 2602 3013 έθηκα
2643 2947 2847 3014 γάμου,
2890 2947 2984 2999 καὶ
3014 2947 3112 3017 τὴν
3146 2945 3334 2999 οὐσίαν
3363 2946 3563 3015 πολλὴν
3602 2945 3769 2999 οὖσαν
3828 2945 4028 2996 διενει-

2431 3038 2625 3107 μὰμην
2674 3040 2788 3101 τοῖς
2835 3037 3084 3107 πένησιν.
3137 3038 3297 3090 Ἐστι
3337 3037 3394 3090 δέ
3435 3055 3524 3107 μοι
3573 3036 3674 3090 καὶ
3709 3035 3912 3106 συχνὸς
3946 3035 4024 3088 ἔτι

2426 3130 2655 3195 πλοῦτος
2689 3132 2746 3183 ὲν
2775 3129 3004 3200 ἀργύρῳ
3055 3148 3110 3183 τε
3155 3130 3252 3183 καὶ
3286 3131 3496 3200 χρυσῷ,
3533 3129 3668 3182 πολύ
3699 3146 3758 3180 τε
3797 3129 4021 3182 οἰκείων

2353 3242 2396 3298 C
2431 3223 2667 3292 πλῆθος,
2701 3223 2877 3275 πολλὰ
2911 3222 2968 3274 δὲ
3001 3224 3260 3292 κτήματα
3297 3221 3393 3273 καὶ
3423 3218 3774 3290 βῡσκήματα,
3811 3222 3911 3272 καὶ
3944 3236 4025 3272 το·

2430 3316 2642 3379 σούτοις
2671 3314 2897 3386 κομῶσαι
2933 3317 3048 3378 τοῖς
3097 3313 3352 3383 ἀγαθοῖς,
3405 3315 3556 3386 ὅμως
3610 3314 3708 3383 οὐχ
3759 3313 4019 3381 εἱλόμην,

2427 3408 2567 3460 κατὰ
2599 3407 2699 3470 τὰς
2725 3407 2925 3471 πολλὰς
2954 3407 3063 3462 τῶν
3098 3408 3397 3476 γυναικῶν,
3423 3408 3558 3478 πρὸς
3593 3405 3786 3477 ἕτερον
3840 3406 4016 3475 ἀνδρα

2429 3498 2644 3570 βλέψαι,
2670 3498 2853 3550 καίτοι
2876 3515 2937 3566 γε
2967 3498 3190 3569 μυρίαις
3208 3499 3565 3567 στεριστάσεσί
3588 3515 3645 3550 τε
3669 3497 3765 3550 καὶ
3798 3514 4018 3566 συμφο-

2429 3591 2551 3658 ραῖς
2609 3585 2695 3642 οἷα
2727 3589 2797 3642 τὰ
2828 3590 2927 3660 τῆς
2985 3589 3238 3662 χηρείας,
3270 3589 3535 3651 πολλάκις
3570 3590 4019 3650 διαπαλαῐσασα,

2425 3682 2560 3751 ὅπερ
2596 3683 2781 3735 ἱκανὸν
2808 3684 2898 3735 καὶ
2935 3684 3096 3750 μόνον
3139 3680 3357 3750 ἁπαλὴν
3408 3683 3487 3733 ἔτι
3537 3682 3630 3733 καὶ
3664 3680 3798 3732 νέαν
3835 3681 4020 3749 ψυχὴν

2428 3773 2564 3842 πρὸς
2594 3772 2880 3840 δευτέρους
2914 3771 3129 3840 γάμους
3155 3772 3480 3839 διερεθίσαι.
3508 3771 3618 3823 Καὶ
3648 3771 3784 3834 ἴσως
3841 3771 4020 3832 οὐδεὶς

2427 3866 2491 3920 ἄν
2542 3882 2643 3936 μου
2703 3864 2801 3936 τῆς
2869 3862 3124 3933 νεότητος
3188 3861 3596 3929 κατεγίνωσκεν
3655 3861 3821 3913 αὑτὸν
3881 3862 4018 3929 προς

2426 3958 2585 4011 τοῦτο
2637 3958 2726 4009 τὸν
2789 3956 2933 4009 θεῖον
3007 3954 3340 4008 Ἀπόστολον
3397 3954 3699 4024 συνήγορον
3757 3954 4017 4024 ἐχούσης.

2440 4049 2600 4106 Ἀλλὰ
2631 4048 2806 4102 ταῦτα
2861 4048 2993 4120 περὶ
3058 4048 3341 4109 ἐλάττονος
3398 4047 3578 4100 πάντα
3622 4045 3855 4116 Θεμένη,
3901 4047 4016 4109 ἑνός

2427 4143 2543 4213 είμι
2606 4141 2798 4210 μόνον,
2850 4138 2944 4194 τοῦ
3006 4141 3248 4191 συνεῖναι
3281 4137 3504 4206 Χριστῷ
3553 4139 3671 4200 ταῖς
3704 4137 4018 4206 προλαεού-

2428 4254 2549 4299 σαις
2605 4234 2722 4305 ἅμα
2756 4231 3008 4302 γυναιξὶν
3063 4231 3249 4300 ἁγίαις
3307 4231 3400 4282 καὶ
3448 4229 3745 4299 μάρτυσιν.
3787 4227 3933 4295 Ἐγὼ
3964 4229 4018 4281 δὲ

2427 4329 2556 4395 ὑμῖν
2592 4326 2690 4394 ἤδη
2726 4323 2976 4392 δεύτερον
2999 4322 3370 4394 ὲμφανίζομαι
3426 4322 3482 4373 ἕν
3515 4338 3574 4374 τε
3609 4320 3687 4391 τῷ
3714 4318 3812 4374 τοῦ
3847 4325 4018 4392 προσ-

2425 4418 2618 4488 καίρου
2671 4415 2905 4484 νυμφίου
2943 4415 3142 4484 γάμῳ,
3176 4417 3268 4466 καὶ
3298 4412 3391 4465 νῦν
3456 4413 3513 4464 ἐν
3545 4413 3621 4479 τῷ
3672 4412 3769 4464 τοῦ
3801 4414 4016 4482 ἀφθάρ-

2422 4528 2515 4564 του
2579 4511 2672 4562 καὶ
2731 4507 3027 4573 ἀθανάτου,
3059 4509 3193 4576 πρὸς
3253 4507 3311 4559 ὃν
3366 4506 3688 4575 ἐπείγομαι,
3717 4506 3814 4556 καὶ
3920 4506 4015 4575 τὴν

748 4581 957 4650 sponsi,
989 4579 1078 4648 qui
1113 4577 1316 4632 eratad
1349 4589 1560 4647 tempus
1595 4595 1607 4630 ;
1642 4591 1787 4631 nunc
1833 4594 1960 4630 vero
2007 4579 2057 4630 in
2112 4579 2317 4646 nuptiis

2427 4600 2780 4673 σωφροσύνην
2842 4599 3073 4652 ἄσπιλον
3130 4599 3456 4669 διετήρησα,
3509 4597 3860 4667 μαρτυρήσει
3925 4614 4015 4664 μοι

747 4671 1073 4725 immortalis
1111 4680 1166 4724 et
1205 4668 1368 4721 alieni
1395 4669 1462 4720 ab
1492 4668 1736 4732 interitu,
1770 4671 1837 4722 ad
1885 4683 2046 4735 quem
2099 4667 2319 4731 festino,

746 4775 802 4817 et
839 4764 926 4817 cui
956 4761 1355 4815 immaculatam
1388 4759 1706 4814 conservavi
1761 4759 2178 4823 continentiam,
2239 4773 2321 4811 me

749 4856 964 4911 videtis.
1002 4855 1170 4909 Filias
1200 4854 1550 4923 quoqueipsi
1597 4853 1791 4907 studeo
1848 4853 2214 4921 despondere,
2265 4861 2323 4904 ut

747 4964 866 5018 qua;
909 4963 1095 5003 earum
1139 4947 1420 5015 hucusque
1462 4944 1727 5015 integram
1769 4949 1833 4998 ad
1891 4945 1994 4997 hoc
2042 4945 2321 5014 virginita-

749 5053 859 5095 tem
915 5041 1306 5093 conservarint.
1362 5039 1499 5092 Hinc
1556 5037 1690 5092 mihi
1742 5037 1933 5106 plenus
1970 5049 2050 5092 est
2102 5041 2322 5092 animus

749 5130 1026 5200 voluptate
1087 5137 1140 5180 et
1172 5129 1310 5181 bona
1361 5143 1478 5196 spe.
1525 5127 1672 5197 llogo
1704 5143 1798 5182 vos
1847 5129 2029 5198 igitur,
2069 5139 2126 5182 ut
2184 5130 2316 5182 mihi

751 5223 930 5291 potius
971 5219 1444 5291 congratulemini,
1497 5235 1673 5288 neque
1719 5232 1823 5274 tam
1870 5222 2088 5290 abjecto
2137 5223 2319 5275 animo

748 5315 1144 5378 lamentetnini,
1185 5324 1236 5366 et
1283 5315 1414 5366 mihi
1452 5316 1825 5368 transmutetis
1855 5315 2051 5368 festum
2105 5317 2157 5367 in
2218 5318 2315 5368 tri-

749 5408 976 5461 stitiaut.
1027 5406 1198 5460 Porro
1250 5416 1428 5459 autem
1472 5406 1624 5458 vobis
1671 5423 1884 5474 quoque
1927 5410 2315 5472 consuluerim,

751 5510 808 5552 ut
835 5515 931 5553 vos
981 5499 1224 5567 undique
1278 5499 1550 5563 tnuniatis,
1604 5510 1655 5552 et
1704 5515 1951 5568 magnam
2014 5502 2318 5556 adhibentis

745 5591 1080 5655 cautionem,
1128 5607 1217 5654 ne,
1262 5589 1414 5643 vobis
1479 5606 1585 5643 non
1637 5593 2067 5655 adverteritibus,
2109 5594 2318 5646 auferat

745 5690 867 5741 lidci
907 5688 1243 5746 thesaurum,
1277 5687 1364 5752 qui
1417 5695 1497 5737 est
1548 5687 1771 5741 callidus
1821 5688 2129 5743 sull'uraudi
2185 5688 2318 5740 arti-

741 5788 850 5845 lex,
889 5792 942 5834 et
974 5782 1270 5834 maximum
1306 5785 1453 5838 vobis
1493 5784 1596 5837 hoc
1634 5785 1890 5839 damnum
1921 5788 2131 5852 ali'erat,
2171 5783 2314 5854 quod

740 5880 998 5948 pertingit
1037 5893 1204 5946 u5que
1249 5879 1310 5931 ad
1349 5879 1516 5946 ipsum
1549 5877 1808 5932 animam.
1851 5877 1965 5933 Jam
2009 5898 2130 5935 vero
2164 5894 2311 5950 qua-

2426 4697 2520 4747 xal.
2548 4693 2730 4757 αὐτὸς,
2759 4685 2801 4760 ᾧ
2837 4697 2930 4744 καὶ
2963 4693 3061 4752 τὰς
3095 4690 3403 4759 θυγατέρας
3425 4687 3810 4757 νυμφευθῆναι
3839 4705 4009 4742 σπου·

2424 4787 2592 4850 δάζω,
2614 4788 2743 4854 ὑγιῆ
2777 4788 2869 4839 καὶ
2902 4784 3083 4839 αὐτῶν
3112 4786 3192 4846 εἰς
3225 4783 3387 4852 δεῦρο
3416 4783 3514 4851 τὴν
3569 4782 3874 4852 παρθενίαν
3910 4802 4011 4852 φυ-

2426 4877 2651 4941 λάξασα.
2686 4878 2963 4930 Ἐντεῦθεν
2994 4877 3186 4946 ἡδονῆς
3223 4876 3332 4943 ἐγὼ
3367 4879 3458 4927 καὶ
3485 4876 3740 4944 χρηστῶν
3775 4877 4011 4928 ἐλπίδων

2423 4972 2522 5042 τὴν
2556 4971 2732 5041 ψυχὴν
2791 4968 3041 5041 ἔμπλεως
3073 4971 3209 5037 ειμι,
3259 4971 3355 5020 καί
3393 4985 3483 5038 μοι
3551 4969 3882 5037 συνήδεσθαι
3919 4972 4009 5020 καὶ

2426 5068 2568 5137 ὑμᾶς
2604 5066 2760 5132 ἀξιῶ,
2793 5065 2927 5136 μηδὲ
2978 5063 3225 5130 ἀγεννῶς
3288 5062 3430 5115 οὓτω
3486 5061 3850 5132 θρηνεῖν,καὶ
3913 5062 4008 5132 τὴν

2424 5156 2617 5228 ἑορτὴν
2646 5157 2770 5226 ἐμοὶ
2809 5157 2943 5226 πρὸς
2989 5157 3291 5226 κατήφειαν
3348 5153 3729 5223 μεταϐάλλειν.
3764 5153 4010 5222 Συμῦοτ-

2423 5249 2678 5320 λεύσαιμι
2706 5251 2750 5302 δ’
2784 5249 2848 5302 ἂν
2899 5248 2994 5301 καὶ
3032 5251 3160 5318 ὑμῖν
3208 5247 3406 5317 πολιὴν
3437 5245 3779 5314 πανταχόθεν
3809 5249 4009 5300 ἐπιδεί-

2423 5343 2651 5396 κνυσθαι
2681 5343 2778 5414 τὴν
2810 5342 3130 5412 ἀσφάλειαν,
3161 5345 3233 5412 μή
3266 5360 3366 5394 που
3401 5342 3540 5413 λάθῃ
3565 5342 3658 5394 καί
3683 5359 3830 5404 τινος
3856 5345 4009 5412 Opi-ia

2423 5440 2512 5490 τὴν
2546 5437 2645 5505 τῆς
2682 5439 2917 5499 πίστεως
2963 5437 3236 5506 θησαυρὸν
3274 5439 3298 5488 ὁ
3329 5435 3502 5497 δεινὸς
3556 5435 3890 5506 ὑπεὸλέψαι,
3922 5455 4008 5486 και

2423 5531 2518 5599 τὴν
2555 5532 2821 5599 μεγίστην
2849 5530 3052 5597 ταύτην
3083 5528 3287 5597 ζημίαν
3335 5528 3430 5581 καὶ
3456 5531 3533 5591 εἰς
3564 5529 3737 5598 αὐτὴν
3767 5531 4008 5595 ἥκουσαν

2423 5628 2523 5693 τὴν
2550 5625 2725 5694 ψυχὴν
2761 5623 3064 5693 ζημιῶσαι.
3119 5623 3228 5675 Καὶ
3281 5625 3402 5674 ὅσαι
3432 5623 3489 5673 δὲ
3523 5624 3630 5674 τῶν
3682 5621 4005 5688 Ἕλλη-νίζειν

2423 5718 2700 5785 γυναικῶν
2736 5714 2967 5768 ἐνταύοα
3013 5715 3113 5767 καὶ
3156 5715 3452 5784 Ἑϐραΐδων
3507 5714 3723 5784 (πολλαὶ
3775 5715 3905 5778 γὰρ,
3934 5713 4004 5776 LL;

2423 5810 2557 5878 ορῶ,
2595 5811 2684 5861 ἐπὶ
2721 5814 2786 5879 τῇ
2837 5809 2934 5877 θέα
2968 5807 3206 5872 πάρεστε
3262 5810 3460 5881 ταύτῃ)
3511 5805 3854 5873 ἀποθέμεναι
3915 5827 4000 5858 και

2427 5906 2676 5967 ὑμεῖς,αἱ
2709 5905 2806 5967 μὲν
2839 5907 2962 5965 τοὺς
2993 5903 3233 5970 μακροὺς
3270 5902 3472 5971 μύθους
3509 5903 3599 5953 καὶ
3658 5901 3879 5972 λήρους,
3913 5907 4000 5953 καὶ
