4216 6432
252 385 392 454 1265

1387 390 1857 457 MARTYRIUM
1903 399 1959 458 S.
1999 397 2348 458 ARETll/E.

3348 393 3478 458 l266

245 500 374 561 τοὺς
420 499 652 568 ὀνόματα
708 501 865 570 μόνον
925 504 1083 566 ὄντας
1118 505 1271 568 θεοὺς
1299 522 1310 535 ·
1343 506 1480 561 αἰδὲ
1508 510 1608 580 τὴν
1640 509 1818 572 σκιὰν,
1851 517 1890 572 Α

1851 517 1890 572 Α
1925 527 2139 579 cunque
2191 513 2279 567 hic
2333 510 2463 566 estis
2508 510 2761 566 mulieres
2819 513 3068 582 gentiles,
3123 519 3177 566 et
3247 510 3485 564 Hebraea:

245 590 343 660 ὀψὲ
373 591 504 658 γοῦν
530 607 660 645 ποτε
690 595 782 646 καὶ
812 595 1018 658 τ’ύπονς
1051 601 1144 650 κα)⁸
1173 599 1243 650 τὰ
1291 599 1597 670 αἰνίγματα
1651 619 1820 669 μετα-

249 683 460 752 μάθετε
479 683 576 754 τὴν
613 685 877 756 ἀλήθειαν
918 689 1012 740 καὶ
1039 689 1115 758 τῷ
1141 691 1299 755 Λόγω
1331 696 1428 744 καὶ
1463 693 1580 764 Θεῷ
1606 694 1684 763 τῷ
1725 696 1821 763 τῆς

251 773 482 842 Τριάδος
523 775 606 828 ἑνὶ
636 777 1054 847 προσελθοῦσαι,
1089 781 1397 853 φωτίσθητε
1445 784 1533 838 διὰ
1586 785 1684 853 τῆς
1719 786 1818 839 αὑ-

242 863 338 916 τοῦ
377 864 633 936 λατρείας
665 869 757 920 καὶ
795 869 893 938 τῆς
926 870 1020 922 τοῦ
1075 872 1218 925 θείου
1275 875 1647 945 ϐαπτίσματος
1693 879 1822 929 ἀνα-

239 959 574 1028 γεννήσεως,
597 961 691 1013 καὶ
722 959 798 1032 μὴ
845 960 987 1015 οὕτω
1016 966 1132 1027 ταῖς
1168 965 1444 1030 ἀσεϐείαις
1504 968 1656 1038 ὑμῶν
1699 988 1818 1021 συν-

239 1044 538 1114 απόλησθε.

1919 605 2126 670 (multa:
2149 605 2318 668 enim,
2350 613 2410 657 ut
2432 602 2610 667 video,
2644 603 2732 657 hic
2757 602 2961 658 adestis
2982 603 3047 657 ad
3067 600 3485 672 spectaculum).

1919 709 2014 748 vos
2076 709 2292 764 quoque
2368 694 2650 764 depositis,
2713 693 2945 765 gentiles
2997 694 3238 764 quidem,
3315 693 3489 760 longis

1920 785 2118 840 fabulis
2167 796 2223 841 et
2255 787 2435 857 nugis,
2479 796 2534 841 et
2583 785 2709 850 diis,
2761 787 2853 856 qui
2889 795 3018 840 sunt
3064 785 3178 838 solo
3215 785 3434 838 nomine
3471 799 3486 837 :

1923 880 2160 932 Hebraeae
2200 888 2403 942 autem,
2439 879 2633 933 umbra
2683 878 2898 934 tandem
2947 887 3004 932 et
3048 878 3231 948 ﬁguris
3271 881 3320 931 et
3357 877 3487 931 aeni-

1925 972 2214 1042 gmatibus,
2251 971 2453 1026 discite
2479 971 2786 1035 veritatem,
2820 971 3212 1026 ctaccedentes
3257 969 3320 1021 ad
3355 966 3489 1023 Ver-

1923 1062 2052 1116 bum
2079 1071 2133 1117 et
2167 1064 2361 1128 Deum,
2394 1063 2486 1132 qui
2534 1071 2618 1117 est
2674 1078 2816 1117 unus
2869 1060 3172 1121 Trinitatis,
3225 1075 3320 1128 per
3365 1059 3485 1125 eius

239 1137 448 1190 cultum
497 1137 882 1197 illuminemini
927 1152 982 1198 ct
1013 1143 1180 1200 divini
1222 1145 1564 1215 baptismatis
1606 1149 2097 1220 regenerationem,
2131 1167 2308 1222 neque
2351 1151 2428 1208 sic
2465 1151 2626 1207 simul
2691 1151 2927 1221 pereatis
2975 1151 3027 1205 in
3064 1149 3257 1205 vestris
3304 1147 3498 1216 impie-

242 1232 470 1286 tatibus.

313 1323 414 1378 lE'.
457 1326 643 1380 Ταῦτα
687 1329 789 1400 τῆς
845 1331 1124 1403 μάρτυρος
1176 1336 1271 1388 καὶ
1332 1337 1469 1392 ἄλλα
1499 1339 1667 1394 πλείω
1696 1344 1818 1406 ταῖς

240 1414 626 1480 συνελθούσαις
659 1421 872 1488 γυναιει
926 1421 1332 1493 διαλεγομένης,
1391 1429 1534 1492 τινὲς
1588 1430 1698 1484 τῶν
1750 1431 1819 1485 τὰ

240 1507 510 1576 βασιλέως
545 1512 882 1580 φρονούντων
911 1513 1106 1586 ἐκείνῳ
1138 1520 1652 1586 προσαγγειλάντων
1677 1523 1818 1576 αὖτᾶ

238 1600 335 1651 καὶ
367 1600 446 1654 ὅτι
481 1600 790 1672 διαστρέφοι
836 1604 896 1657 τδ
925 1606 1148 1677 πλῆθος.
1197 1609 1257 1663 '0
1288 1610 1540 1681 βασιλεὺς
1581 1614 1676 1668 καὶ
1720 1609 1819 1666 αῦ-

237 1689 328 1751 θις
360 1689 699 1760 μετάκλητον
743 1694 914 1764 αὐτὴν
971 1699 1343 1768 ποιησάμενος
1385 1703 1477 1755 καὶ
1506 1703 1595 1755 τον
1645 1707 1816 1774 πρᾶον

1990 1337 2104 1394 XV.
2147 1338 2280 1395 Cum
2338 1348 2540 1411 martyr
2586 1341 2699 1394 htec
2730 1351 2786 1395 et
2817 1340 2916 1393 alia
2950 1340 3098 1407 plura
3135 1338 3340 1393 diceret
3368 1352 3486 1390 mu-

1917 1430 2163 1491 lieribus.
2208 1429 2429 1498 quidam
2463 1445 2527 1484 ex
2569 1415 2656 1492 iis,
2686 1430 2774 1499 qui
2819 1445 2941 1483 cum
2987 1443 3112 1494 rege
3152 1428 3485 1487 sentiebant.

1918 1520 1992 1575 illi
2031 1519 2145 1574 haec
2175 1520 2576 1583 renuntiarunt,
2610 1529 2665 1574 et
2691 1519 2834 1590 quod
2865 1526 3205 1587 perverteret
3241 1517 3488 1570 multitu-

1918 1612 2124 1667 dinem.
2174 1609 2287 1665 Rex
2323 1610 2526 1680 itaque,
2561 1627 2621 1664 ea
2666 1627 2855 1666 rursus
2897 1609 3178 1672 accersita,
3225 1607 3486 1662 simulans

1923 1705 2398 1760 mansuetudinem
2445 1702 2715 1775 :Magna,
2753 1703 2946 1772 inquit,
2999 1717 3130 1757 usus
3175 1718 3294 1757 sum
3333 1702 3386 1755 in
3433 1711 3486 1756 te

238 1778 582 1849 ὑποκριθείς,
619 1781 817 1853 Πολλῇ,
859 1787 1042 1854 φησὶν,
1098 1791 1420 1860 ἐχρησάμην
1480 1792 1572 1845 ἐπί
1623 1809 1704 1846 σοι
1749 1796 1814 1864 τῇ
1850 1810 1889 1864 Β

1850 1810 1889 1864 Β
1923 1798 2196 1867 patientia,
2230 1797 2332 1852 hoc
2361 1799 2610 1852 consulto
2636 1807 2689 1851 et
2722 1811 2828 1850 non
2855 1795 3258 1850 inconsiderate
3282 1791 3485 1847 faciens

243 1871 622 1942 μακροθυμίᾳ,
671 1877 898 1948 προνοίᾳ
951 1879 1112 1934 τοῦτο
1162 1882 1531 1955 φιλανθρώπῳ
1588 1887 1682 1939 καὶ
1715 1886 1814 1940 οὐκ

237 1963 452 2030 ἀλόγως
483 1963 670 2029 ποιῶν,
695 1968 863 2038 ὅπως,
895 1974 943 2026 εί
967 1973 1041 2046 μή
1073 1990 1124 2026 τι
1151 1972 1295 2038 ἄλλο,
1322 1975 1457 2028 ἀλλὰ
1482 1979 1594 2039 τοῖς
1623 1977 1711 2031 ἐπὶ
1737 1978 1816 2030 σοὶ

240 2053 339 2105 καὶ
365 2055 485 2116 ταῖς
511 2053 812 2128 θυγατράσι
844 2065 1268 2134 καταχεομένοις
1296 2065 1557 2137 δάκρυσιν
1588 2069 1813 2122 ἐπικλαο

241 2145 454 2208 σθεῖσα,
483 2149 760 2220 πεισθείης
786 2154 939 2221 ἡμῖν.
977 2155 1039 2207 Ἦ
1061 2155 1140 2208 δέ’
1168 2155 1277 2209 Καὶ
1309 2155 1390 2220 τίς
1425 2174 1514 2226 με,
1548 2158 1674 2228 ἔφη,
1703 2177 1817 2212 πει·-

242 2233 464 2286 σθείσάν
499 2253 601 2304 σοι,
635 2240 874 2308 βασιλεῦ,
907 2244 999 2296 τοῦ
1033 2245 1205 2316 πυρὸς
1240 2247 1465 2316 ῥύσεται
1519 2250 1617 2303 τοῦ
1650 2251 1814 2304 ἀσϐέ-

247 2341 379 2378 στου
409 2341 427 2389 ;
462 2326 648 2393 Οὕτως
681 2331 849 2398 ἔλεξε,
881 2335 1067 2398 misit;
1096 2336 1321 2407 οὐρανὸν
1340 2339 1498 2403 εὐθὺς
1528 2341 1814 2407 ἀπιδοῦσα,

239 2417 336 2485 Μὴ
367 2419 578 2484 γένοιτό
615 2440 724 2491 μοι,
759 2425 946 2494 φησὶν,
1002 2426 1238 2482 ἀθάνατε
1285 2431 1530 2500 βασιλεῦ,
1568 2434 1818 2504 ἀπαρνή-

241 2511 444 2564 σασθαί
493 2531 550 2566 σε
586 2516 677 2568 τὸν
713 2517 804 2569 τοῦ
850 2517 984 2572 Θεοῦ
1032 2523 1295 2592 μονογενῆ
1333 2524 1481 2589 Υἱδν,
1539 2528 1629 2578 καὶ
1660 2528 1816 2598 ἀνδρὶ

241 2604 556 2673 πεισθῆναι,
612 2605 689 2676 τῷ
742 2608 801 2661 σέ
849 2626 908 2662 τε
972 2612 1316 2682 ἀθετήσαντι,
1357 2617 1452 2668 καὶ
1505 2618 1814 2689 ἐπιορκίαις

236 2695 391 2763 ἡμᾶς
413 2698 778 2769 ἀπατήσαντι.
809 2703 920 2772 Τὴν
949 2707 1262 2776 παρρησίαν
1288 2709 1469 2761 τοίνυν
1495 2713 1522 2763 ὁ
1563 2711 1814 2783 Ἐϐραῖος

237 2785 338 2848 τῆς
363 2787 619 2851 γενναίας
652 2791 751 2842 οὐκ
785 2793 1046 2861 ἐνεγκὼν,
1074 2796 1211 2848 ἁλλά
1239 2798 1340 2867 τὴν
1371 2800 1576 2870 σκηνὴν
1610 2803 1706 2855 καὶ
1755 2804 1814 2856 τὸ

239 2872 465 2942 πλάσμα
500 2875 688 2943 λύσας,
737 2883 828 2931 καὶ
857 2883 1047 2952 ἄγριόν
1076 2902 1126 2948 τι
1179 2886 1381 2956 βλέψας
1424 2891 1516 2942 καὶ
1547 2894 1766 2959 φονικὸν
1799 2935 1812 2959 ,

239 2962 634 3038 Τολμηροτάτη
679 2965 978 3037 γῦναικῶν,
1007 2975 1131 3046 ἔφη,
1183 2977 1290 3045 ἐγώ
1327 2996 1420 3032 σου
1453 2982 1550 3042 τάς
1605 2984 1813 3052 σάρκας

237 3057 367 3126 ἄρτι
394 3059 703 3128 καταξανῶ,
746 3065 839 3118 καὶ
887 3065 1284 3139 διαψηλαφήσω
1335 3071 1403 3124 τὰ
1453 3072 1680 3140 ἔγκατα,
1717 3077 1811 3128 καὶ

1919 1899 2139 1959 propter
2163 1888 2576 1958 benignitatem,
2607 1897 2663 1942 ut
2694 1887 2866 1942 fracta
2903 1885 3175 1958 lacrymis,
3207 1900 3325 1954 qua:
3361 1900 3487 1954 pro-

1919 1989 2037 2050 pter
2075 1989 2126 2034 te
2166 1979 2490 2043 funduntur,
2525 1988 2576 2032 et
2605 1987 2826 2048 propter
2873 1977 3028 2040 ﬁlias,
3077 1975 3231 2030 nobis
3269 1990 3485 2044 pareas.

1919 2071 2009 2125 Illa
2052 2082 2230 2127 autem
2266 2091 2280 2125 :
2315 2071 2447 2136 Quis
2497 2087 2604 2136 me,
2657 2070 2850 2140 inquit,
2877 2084 2910 2123 ο
2938 2083 3048 2127 rex.
3082 2067 3125 2121 si
3163 2067 3258 2121 tibi
3295 2082 3481 2136 parue-

1917 2161 2039 2226 rim,
2079 2161 2322 2216 liherarit
2362 2161 2428 2214 ab
2470 2162 2616 2231 igne,
2664 2161 2755 2232 qui
2803 2175 2911 2214 non
2950 2167 3128 2228 potest
3171 2155 3440 2226 exstingui
3467 2157 3490 2208 ’ἰ

1918 2251 2006 2306 Sic
2038 2251 2192 2314 dixit,
2224 2262 2275 2304 et
2305 2251 2498 2304 cmlum
2535 2253 2715 2305 statim
2745 2252 2961 2305 intuens
3004 2267 3016 2302 :
3077 2247 3251 2310 Absit,
3291 2247 3487 2315 inquit,

1918 2359 1951 2398 (ι
1980 2341 2088 2398 Rex
2117 2344 2454 2407 immortalis,
2487 2351 2547 2397 ut
2584 2355 2634 2397 re
2675 2358 2890 2412 negem,
2936 2341 3027 2410 qui
3077 2353 3135 2394 es
3183 2340 3331 2394 solus
3367 2339 3490 2392 uni-

1920 2435 2131 2506 genitus
2170 2435 2264 2488 Dei
2303 2435 2490 2496 Filius,
2541 2444 2593 2488 et
2639 2435 2853 2489 credam
2903 2433 3040 2495 viro,
3081 2431 3173 2502 qui
3211 2441 3261 2486 te
3299 2429 3487 2485 habuit

1921 2527 2275 2595 contemptui,
2322 2537 2376 2581 et
2419 2543 2518 2581 nos
2561 2527 2776 2594 decepit
2824 2526 3090 2594 periurio.
3132 2522 3249 2578 Non
3304 2523 3486 2577 ferens

1919 2619 2099 2689 itaque
2142 2619 2400 2676 Hebraeus
2443 2620 2750 2675 libertatem
2787 2618 3044 2688 loquendi
3091 2631 3368 2687 generosa:
3401 2615 3482 2670 fe-

1920 2713 2101 2775 minae,
2133 2713 2226 2768 sed
2255 2714 2498 2783 deposita
2531 2729 2715 2775 scena,
2747 2720 2802 2766 et
2833 2713 3007 2765 ablata
3037 2712 3273 2771 ﬁctione,
3301 2716 3485 2762 torve-

1919 2821 2022 2872 que
2058 2820 2176 2857 eam
2210 2815 2268 2858 et
2299 2804 2498 2859 furiose
2545 2805 2764 2858 intuens
2802 2821 2815 2856 :
2855 2801 3248 2867 Audacissima,
3292 2799 3487 2868 inquit,

1919 2897 2132 2959 mulier,
2179 2912 2279 2966 ego
2327 2897 2421 2950 tibi
2455 2898 2564 2966 jam
2605 2911 2796 2950 carnes
2837 2895 3140 2964 discerpam
3182 2909 3245 2948 ac
3277 2892 3494 2947 dilace-

1919 2985 2073 3047 rabo,
2126 2994 2180 3039 et
2227 2985 2482 3039 intestina
2532 2983 2883 3038 contrectabo
2921 3003 2934 3038 :
2971 2992 3025 3037 et
3069 2982 3114 3036 si
3158 2982 3286 3050 quid
3326 2996 3390 3034 ex
3423 2979 3491 3033 iis

1921 3077 2083 3131 fuerit
2122 3077 2411 3146 reliquum,
2447 3075 2495 3129 id
2525 3091 2793 3145 apponam
2835 3075 3204 3130 devorandum
3241 3071 3488 3127 canibus.

239 3150 368 3203 εἴτι
398 3152 454 3205 δὲ
505 3155 709 3209 τούτων
748 3158 1065 3231 ύπολειςιςθῇ,
1094 3164 1218 3216 κυσὶ
1254 3164 1552 3236 παραθήσω
1583 3167 1810 3236 τροςςήν.
1840 3140 1883 3198 C

1840 3140 1883 3198 ο
1921 3167 2126 3223 Videbo
2153 3179 2362 3232 autem,
2385 3169 2636 3238 quisnam
2676 3177 2729 3221 te
2761 3167 2833 3221 sit
2865 3182 2895 3220 e
2921 3167 3053 3220 meis
3087 3165 3336 3218 manibus
3367 3178 3487 3216 ere-

1688 3203 1755 3236 Y't'

242 3244 354 3296 Καὶ
383 3244 477 3298 ίδω
508 3249 590 3309 τίς
621 3251 648 3301 δ
701 3252 808 3302 τῶν
855 3253 1000 3324 ἐμῶν
1057 3255 1445 3324 ἐξαιρούμενός
1482 3276 1541 3311 σε
1594 3261 1811 3330 χειρῶν,

242 3335 352 3387 κᾶν
399 3338 447 3388 εί
499 3339 568 3391 τά
617 3339 848 3408 μάλιστα
887 3342 1172 3413 σύμμαχον
1225 3350 1573 3416 παραστῆναί
1610 3367 1690 3401 σοι
1723 3354 1813 3401 τὸν

239 3424 562 3496 Ναζωραῖον
589 3429 802 3499 ἄμαχον
829 3435 1153 3506 προσδοκᾷς.
1191 3436 1452 3491 Ἐνταῦθα
1471 3438 1546 3509 μὴ
1581 3440 1812 3508 ἀνασχο-

242 3516 383 3587 μένη
413 3517 521 3571 τῶν
549 3520 640 3574 τοῦ
679 3525 878 3594 μιαροῦ
911 3527 1085 3596 λόγων
1117 3531 1149 3600 ἡ
1183 3532 1376 3601 πρώτη
1424 3532 1532 3585 τῶν
1582 3531 1815 3601 θυγατέ-

239 3625 355 3679 ρων
383 3610 485 3682 τῆς
516 3615 814 3685 μάρτυρος,
843 3619 1146 3674 δωδέκατον
1180 3625 1278 3693 ἤδη
1331 3641 1435 3677 που
1465 3625 1564 3695 τῆς
1597 3627 1815 3696 ἡλικίας

239 3699 450 3766 ἄγουσα
485 3703 696 3770 χρόνον,
747 3705 924 3759 σιέλου
955 3709 1015 3761 τὸ
1061 3713 1234 3780 στόμα
1270 3713 1546 3782 πλήσασα,
1586 3716 1814 3784 κατέχεε

236 3790 336 3858 τῆς
361 3790 534 3859 ὅψεως
557 3793 650 3846 τοῦ
677 3797 966 3866 τυράννου.
993 3803 1055 3855 OE
1086 3803 1141 3856 δὲ
1169 3807 1608 3876 περιεστηκότες,
1636 3809 1692 3859 οὔ
1722 3809 1813 3860 τὸν

239 3881 405 3948 ζῆλον
436 3885 528 3938 καὶ
562 3888 619 3939 τὸ
651 3889 874 3954 δικαίως
901 3894 1192 3963 γενόμενον
1245 3898 1651 3956 ἐπαινέσαντες.
1681 3898 1815 3952 ἀλλὰ

242 3976 332 4028 τὸν
365 3979 555 4050 καιρὸν
585 3980 1002 4051 θεραπεύονιες,
1031 3987 1200 4058 αὐτὴν
1232 4005 1289 4040 τε
1319 3993 1412 4042 καὶ
1446 3987 1544 4060 τὴν
1582 3989 1814 4060 ἀδελφὴν

240 4069 440 4122 αὐτίκα
474 4074 615 4142 ξίοει
645 4075 1086 4150 διαχειρίζονται,
1125 4083 1220 4134 καὶ
1247 4085 1368 4145 ταῖς
1403 4087 1592 4152 χερσὶν
1633 4086 1696 4136 ἐκ
1721 4084 1814 4136 τοῦ

241 4165 644 4235 καταρρέοντος
703 4171 931 4240 αἵματος
985 4175 1036 4226 οι
1104 4175 1389 4244 θηριώδεις
1453 4176 1816 4237 ὑπολαϐόντες

239 4259 612 4327 προσφέρουσι
665 4266 728 4330 τῇ
789 4267 956 4335 μητρί
997 4266 1186 4320 ’τοῦτο
1246 4269 1551 4339 προσταγὲν
1614 4273 1676 4323 ὲκ
1722 4269 1815 4322 τοῦ

242 4345 532 4414 βασιλέως.
583 4350 644 4402 Ἦ
669 4351 724 4402 δὲ
774 4352 839 4416 (ὣ
864 4354 1038 4427 ψυχῆς
1068 4359 1364 4427 γενναίας)ί
1397 4360 1568 4429 ἡδέως
1597 4377 1655 4414 τε
1682 4362 1816 4412 ἀπο-

1919 3267 2133 3329 pturus,
2172 3258 2388 3312 etiamsi
2429 3259 2664 3311 maxime
2705 3267 2990 3326 exspectas
3021 3254 3135 3310 fore
3168 3265 3226 3309 ut
3268 3261 3358 3309 det
3395 3253 3491 3308 tibi

1917 3353 2176 3406 auxilium
2193 3351 2542 3406 Nazarzenus.
2573 3349 2725 3403 Tunc
2747 3348 3061 3403 exsecrandi
3098 3347 3304 3419 tyranni
3330 3347 3493 3400 verba

1918 3459 2027 3496 non
2083 3443 2261 3496 ferens
2305 3442 2478 3510 prima
2535 3440 2766 3494 ﬁliarum
2817 3439 3092 3510 martyris,
3133 3453 3335 3492 annum
3379 3437 3491 3505 jam

1918 3550 2083 3607 agens
2111 3533 2514 3596 duodecimum,
2543 3533 2752 3601 tyranni
2783 3531 2973 3584 oculos
2995 3530 3360 3598 consputavit.
3388 3529 3490 3594 Qui

1917 3639 2098 3681 autem
2151 3622 2655 3689 circumsistebant,
2707 3639 2814 3677 non
2859 3623 3058 3685 zelum,
3107 3629 3163 3676 et
3225 3620 3299 3683 id,
3345 3620 3494 3689 quod

1913 3719 2035 3788 jure
2085 3715 2262 3772 fuerat
2321 3716 2546 3780 factum,
2599 3716 2903 3778 laudantes,
2955 3713 3049 3769 sed
3093 3712 3324 3782 tempori
3370 3727 3490 3766 ser-

1919 3811 2150 3874 vientes,
2196 3809 2368 3877 ipsam
2409 3817 2465 3861 et
2512 3822 2758 3862 sororem
2806 3820 2938 3862 ense
2975 3821 3096 3860 mox
3141 3805 3438 3860 conﬁciunt
3477 3824 3492 3857 :

1917 3909 1972 3954 et
2009 3913 2132 3954 cum
2161 3913 2223 3951 ex
2259 3896 2529 3952 defluente
2573 3897 2838 3966 sanguine
2888 3895 3142 3948 manibus
3188 3894 3345 3962 plane
3393 3891 3493 3946 feri

1919 3992 2171 4046 homines
2195 3988 2554 4058 accepissent.
2585 4003 2708 4043 eum
2739 3987 2898 4042 matri
2927 3986 3182 4040 oﬁ‘erunt.
3207 3985 3318 4039 Rex
3344 3985 3489 4038 enim

1919 4085 1992 4138 ita
2022 4084 2282 4151 iusserat.
2327 4082 2416 4135 Illa
2450 4096 2578 4134 vero
2606 4081 2657 4150 (ο
2694 4080 2888 4135 fortem
2917 4089 2970 4135 et
3007 4092 3334 4151 generosum
3370 4077 3492 4129 ani-

1921 4192 2065 4229 tnum
2094 4177 2148 4242 ί)
2181 4183 2237 4228 et
2283 4173 2514 4227 libenter
2532 4189 2655 4228 cum
2697 4183 2899 4244 gustat,
2939 4181 3012 4238 et,
3037 4187 3158 4227 cum
3191 4172 3254 4225 ad
3295 4170 3491 4224 cadum

1919 4266 2228 4320 sustulisset
2258 4265 2445 4319 oculos
2484 4281 2502 4320 :
2545 4265 2688 4325 Tibi,
2733 4264 2929 4331 inquit,
2980 4262 3206 4316 Domine
3251 4261 3488 4324 Christe.

1923 4360 2026 4415 hoc
2048 4375 2226 4413 meum
2250 4359 2419 4413 oIIero
2454 4356 2805 4422 sacriﬁcium,
2838 4365 2892 4410 et
2916 4355 3010 4410 tibi
3048 4367 3312 4427 martyres
3336 4355 3494 4409 exhi-

241 4439 488 4507 γεύεται,
525 4447 619 4494 καὶ
666 4445 802 4516 πρὸς
839 4449 1067 4518 οὐρανὸν
1102 4451 1411 4522 ἀνασχοῦσα
1459 4453 1584 4514 τοὺς
1615 4453 1815 4518 ὀφθαλ-
1851 4485 1894 4539 υ

1851 4485 1894 4539 υ
1922 4455 2024 4509 bco
2046 4463 2221 4507 castas
2246 4451 2502 4521 virgines,
2527 4465 2647 4520 qua:
2664 4464 2894 4520 egressae
2915 4457 3038 4503 sunt
3063 4463 3130 4502 ex
3155 4458 3311 4502 utero
3336 4462 3490 4502 meo:

245 4535 399 4600 μνιὺς,
455 4537 545 4589 Σοὶ
575 4536 672 4608 τὴν
708 4539 846 4609 ἐμὴν
879 4541 1101 4612 ταύτην,
1139 4544 1262 4613 ἔφη,
1307 4545 1552 4596 Δέσποτα
1581 4544 1809 4613 Χριστὲ,

243 4628 542 4697 προσςέρω
571 4628 762 4683 θυσίαν
793 4631 887 4682 καὶ
949 4633 1232 4704 μάρτυρας
1265 4635 1522 4704 παριστῶ
1555 4652 1636 4688 σοι
1671 4651 1814 4705 παρ-

243 4716 428 4780 θένους
465 4721 655 4786 ἁγνάς,
684 4724 782 4786 τὰς
824 4725 888 4776 ἐκ
933 4727 1032 4795 τῆς
1061 4727 1260 4796 ὀσφύος
1292 4727 1357 4798 δὴ
1385 4729 1481 4797 τῆς
1536 4729 1696 4798 ὲμῆςο
1726 4724 1815 4790 αἷς

1923 4559 2046 4597 cum
2078 4544 2274 4610 quibus
2305 4557 2391 4596 me
2427 4556 2644 4616 quoque
2673 4548 3121 4595 connunieratam
3150 4541 3402 4594 introduc
3437 4541 3494 4594 in

1926 4644 2075 4689 tuum
2104 4633 2422 4695 thalamum,
2453 4639 2530 4693 et,
2563 4639 2623 4685 ut
2645 4631 2774 4687 dicit
2798 4630 3016 4687 divinus
3047 4629 3240 4693 David.
3263 4633 3492 4685 ostende

1923 4736 2153 4781 matrem
2185 4734 2404 4794 propter
2439 4723 2575 4777 ﬁlios
2603 4723 2898 4779 laetantem.

243 4813 391 4883 κάμὲ
421 4817 856 4888 συναριθμήσας,
913 4823 970 4875 ὲν
999 4821 1077 4893 τῷ
1108 4824 1360 4894 νυμφῶνι
1391 4823 1468 4896 τῷ
1501 4824 1578 4896 σῷ
1633 4823 1993 4891 συνεισάγαγε
2019 4835 2032 4850 ⁸
2095 4821 2190 4874 καὶ
2249 4821 2311 4874 τὸ
2367 4817 2461 4870 τοῦ
2496 4817 2640 4871 θείου
2672 4815 2857 4882 Δαυτδ,
2913 4815 3124 4887 μητέρα
3172 4815 3346 4880 δεῖξον
3398 4817 3492 4868 ἐπὶ

243 4912 454 4974 τέκνοις
483 4911 942 4988 εὐφραινομένην.

318 5008 431 5076 tq'.
463 5012 570 5066 Καὶ
599 5013 626 5065 ὁ
659 5012 930 5082 βασιλεὺς,
965 5017 1255 5088 βαρυτάτῳ
1307 5020 1518 5090 κέντρῳ
1546 5021 1645 5090 τῆς
1687 5020 1820 5072 ἀθυ-

250 5105 378 5169 μίας
403 5103 652 5172 πληγεὶς,
676 5107 769 5160 ira
789 5109 966 5172 πάσας
993 5111 1265 5178 ἀπογνοὺς
1289 5111 1385 5174 τὰς
1413 5112 1634 5176 ἐλπίδας
1661 5115 1822 5178 ,ἀπο-

247 5195 502 5261 φαίνεται
544 5199 662 5250 κατ’
695 5201 885 5268 αὐτῆς,
912 5203 1087 5254 τοιάδε
1121 5206 1256 5274 πρὸς
1284 5205 1410 5269 τοὺς
1459 5207 1718 5268 συνόντας
1745 5206 1819 5258 εί-

249 5287 366 5339 ττὼν
387 5302 400 5316 °
447 5290 871 5358 Ἐθαυμάσαμεν
896 5293 991 5344 τοῦ
1027 5295 1250 5356 κάλλους
1308 5297 1476 5366 αὑτήν
1501 5312 1558 5348 τε
1597 5297 1690 5349 καὶ
1721 5297 1818 5356 τὰς

247 5377 553 5450 θυγατέρας
585 5381 752 5450 αὐτῆς
785 5380 1126 5451 (ὁμολογήσω
1159 5384 1266 5454 γὰρ
1286 5382 1580 5451 τ’ἁληθές)’
1639 5382 1817 5452 πολλῷ

247 5467 305 5521 δὲ
337 5468 430 5521 τοῦ
463 5471 738 5540 σώφρονος
785 5472 965 5524 αὐτῶν
995 5472 1155 5526 πλέον
1186 5475 1425 5545 ἥττημαι
1448 5475 1544 5527 καὶ
1569 5475 1815 5543 κοσμίου.

252 5563 360 5615 Καὶ
389 5562 474 5615 δια
503 5564 663 5615 τοῦτο
694 5563 998 5632 θαυμάζειν
1041 5581 1131 5634 μοι
1177 5566 1410 5630 ἔπεισιν,
1442 5568 1522 5629 είς
1555 5567 1678 5618 ὅσον
1708 5567 1814 5636 ἄρα

253 5653 451 5720 μανίας
505 5654 552 5706 οἱ
587 5654 905 5720 Χριστιανοὶ
959 5655 1367 5724 κεχωρήκασιν,
1417 5655 1492 5717 ὡς
1549 5653 1817 5723 ἀνθρώπῳ

253 5742 543 5813 προσέχειν
573 5742 832 5811 βιοθανεῖ,
860 5743 953 5796 καὶ
977 5747 1073 5816 τὴν
1100 5745 1307 5798 οἰκείαν
1329 5745 1646 5815 ἐπιτρέπειν
1669 5742 1815 5814 αὑτῷ

254 5834 548 5901 σωτηρίαν,
583 5833 771 5904 πλάνῳ
799 5835 897 5888 καὶ
938 5837 1093 5905 γόητι
1153 5839 1450 5906 γενομένῳ,
1491 5837 1581 5890 καὶ
1638 5837 1813 5906 μάτην

253 5927 442 5985 ἑαυτὸν
469 5925 744 5984 memon
779 5928 930 5985 Θεδν.

1993 5014 2132 5070 XVI.
2185 5015 2294 5070 Rex
2343 5024 2519 5067 autem
2570 5012 2890 5083 gravissimo
2933 5010 3271 5081 aegritudinis
3322 5009 3492 5064 animi

1919 5111 2142 5166 Stimulo
2169 5108 2464 5172 sauciatus,
2506 5109 2680 5174 utqui
2719 5120 2936 5159 omnem
2979 5102 3127 5174 spem
3158 5105 3317 5172 plane
3341 5103 3491 5172 abje-

1919 5202 2102 5264 cisset,
2128 5201 2181 5254 in
2206 5215 2322 5254 eam
2356 5199 2457 5253 fert
2485 5184 2834 5262 sententiam,
2861 5211 2984 5250 cum
3007 5196 3120 5250 haec
3148 5194 3375 5248 dixisset
3401 5195 3488 5255 iis,

1916 5291 2007 5361 qui
2055 5292 2214 5345 simul
2265 5301 2419 5343 erant
2451 5306 2463 5341 :
2495 5289 2622 5356 Ejus
2662 5287 2880 5355 quidem
2922 5296 2977 5340 et
3023 5285 3252 5339 ﬁliarum
3308 5283 3492 5338 mirati

1921 5398 2110 5436 sumus
2141 5381 2597 5452 pulchritudinem
2629 5383 2838 5450 (verum
2863 5379 3012 5432 enim
3049 5377 3300 5445 fatebor).
3323 5376 3492 5429 multo

1921 5486 2100 5529 autem
2139 5478 2308 5544 magis
2340 5474 2510 5526 virtus
2556 5488 2673 5526 sum
2718 5470 2784 5524 ab
2815 5487 2998 5525 earum
3048 5469 3407 5538 temperantia
3435 5477 3493 5523 et

1922 5567 2314 5620 moderatione.
2347 5565 2410 5617 Et
2443 5565 2564 5617 ideo
2594 5563 2726 5616 mihi
2765 5563 2912 5615 venit
2945 5563 2995 5614 in
3030 5569 3267 5614 mentem
3317 5561 3489 5615 adrni-

1920 5657 2133 5720 rari,ad
2167 5667 2423 5724 quantam
2447 5657 2734 5706 amentiam
2769 5648 3488 5720 processeruntChristiani,

1921 5759 1975 5802 ut
2023 5748 2202 5800 colant
2250 5745 2547 5805 hominem,
2579 5743 2669 5810 qui
2723 5749 2897 5795 morte
2948 5741 3106 5811 periit
3145 5741 3401 5802 violenta.
3435 5754 3489 5794 et

1925 5855 2074 5892 suam
2102 5838 2148 5891 ei
2183 5836 2500 5907 permittant
2531 5833 2780 5895 salutem,
2806 5832 2896 5902 qui
2926 5831 3024 5886 fuit
3061 5831 3252 5900 planus
3279 5841 3331 5886 et
3355 5845 3493 5901 prte-

1920 5932 2184 6002 stigiator,
2222 5937 2274 5983 et
2306 5944 2362 5983 se
2395 5926 2558 5981 Deum
2599 5936 2799 5982 temere
2823 5923 3129 5994 appellarit.
