4216 6432
747 377 873 440 1271

2013 378 2290 437 MENSIS
2335 376 2692 444 QCTUBER.

3847 377 3986 443 1272

746 492 900 546 deret
923 491 1297 561 unusquisque
1335 501 1598 556 vestrum,
1635 503 1862 545 mortem
1894 505 2009 543 esse
2027 501 2311 542 commune
2344 489 2388 543 Λ

2344 489 2388 543 Λ
2419 491 2646 544 θανάτου
2675 494 2830 564 χρέος
2886 495 2979 546 καὶ
3010 495 3113 562 νέῳ
3154 497 3245 547 καὶ
3279 495 3513 564 γέροντι,
3545 496 3638 547 καὶ
3666 495 3983 565 ἀπαραίτη-

743 585 1008 646 debitum,
1068 595 1122 637 et
1167 584 1351 652 juveni
1390 593 1442 638 et
1481 585 1620 647 Seni,
1665 594 1718 641 et
1763 599 1884 636 esse
1947 579 2308 633 inevitabilem

746 674 990 742 corporis
1022 673 1457 728 dissolutionem.
1487 675 1670 744 Itaque
1697 690 1803 727 non
1827 679 2169 741 exspectetur
2192 670 2310 724 ﬁnis

743 766 1069 826 communis,
1103 775 1155 819 et
1208 767 1299 834 qui
1356 783 1450 821 sua
1494 775 1689 834 sponte
1747 767 1928 828 venit;
1960 765 2050 819 sed
2099 763 2311 817 studeat

743 857 990 920 quilibet,
1024 866 1081 909 ut
1124 857 1198 910 sit
1233 874 1394 926 quam
1443 859 1555 911 ﬁeri
1593 857 1787 926 poterit
1818 857 2082 927 gloriosus
2110 865 2164 908 et
2190 856 2312 907 bea-

745 958 851 1000 tus.
891 948 1157 1013 Quidnam
1187 959 1369 1003 autent
1399 949 1594 1003 dixerit
1619 949 1883 1017 quispiam
1912 945 2169 1016 martyrio
2195 945 2310 1013 glo-

743 1039 959 1105 riosius,
999 1049 1092 1094 aut.
1135 1040 1520 1108 quaestuosius,
1552 1049 1644 1094 aut
1689 1040 1792 1109 piis
1822 1037 2134 1092 hominibus
2187 1035 2313 1088 hea-

744 1131 893 1184 tius?
926 1132 1035 1201 Ego
1072 1131 1237 1190 enim.
1271 1133 1312 1186 si
1372 1132 1486 1186 ﬁeri
1540 1141 1746 1202 posset,
1781 1139 2003 1199 propter
2033 1128 2311 1182 Christum

746 1222 882 1274 mori
915 1236 1055 1290 saepe
1097 1231 1148 1276 et
1194 1223 1308 1291 ipse
1364 1222 1640 1292 eligerem.
1680 1231 1731 1274 et
1781 1219 1899 1272 aliis
1947 1217 2309 1281 consulerem,

743 1314 929 1380 sicque
955 1321 1096 1367 esset
1142 1324 1197 1368 et
1246 1314 1418 1380 major
1453 1313 1641 1381 gloria,
1675 1321 1723 1363 et
1767 1311 1972 1364 lucrum
2028 1311 2186 1378 longe
2222 1323 2314 1361 co-

742 1405 970 1472 piosius.
1005 1403 1108 1458 Sed
1150 1420 1274 1458 cum
1311 1405 1412 1457 hoc
1446 1403 1630 1457 haberi
1666 1417 1773 1456 non
1821 1402 1990 1468 possit
2036 1417 2063 1453 a
2097 1411 2311 1463 natura,

740 1496 906 1563 quod,
941 1497 1022 1550 vel
1042 1496 1246 1549 imitus
1278 1495 1455 1560 nobis,
1489 1495 1576 1548 illa
1597 1509 1658 1548 ex
1693 1510 1748 1548 se
1775 1493 1919 1554 facit,
1948 1492 2314 1560 przeripiamus

741 1602 862 1642 cum
893 1588 1058 1658 gloria
1092 1606 1101 1640 :
1131 1597 1183 1641 et
1220 1588 1271 1641 id
1302 1599 1553 1656 tanquam
1583 1587 1859 1655 proprium
1897 1586 2310 1645 constituentes,

740 1689 917 1733 astute
965 1680 1210 1734 fallamus
1259 1681 1658 1734 necessitatem.
1709 1678 1896 1732 Nullus
1944 1687 2227 1735 nostrum.
2284 1690 2316 1727 ο

742 1773 957 1838 fratres,
993 1773 1216 1826 sitadco
1239 1772 1358 1827 vitw
1392 1773 1644 1842 cupidus,
1673 1781 1727 1825 et
1755 1776 1892 1825 adeo
1921 1765 2096 1837 pusilli
2129 1780 2182 1821 et
2214 1770 2310 1822 ab-

737 1863 865 1930 jecti
891 1862 1077 1922 animi.
1107 1871 1164 1916 ut
1198 1879 1291 1929 pro
1321 1863 1471 1915 brevi
1499 1873 1553 1915 et
1582 1861 1778 1914 misera
1803 1861 1908 1912 vita
1940 1860 2122 1927 perdat
2147 1869 2308 1912 reter-

742 1955 993 2016 nitatem,
1030 1963 1084 2008 et
1121 1971 1239 2022 qure
1298 1969 1573 2022 nunquam
1622 1953 1848 2006 solvitur
1896 1951 2306 2006 beatitudinem.

741 2047 1028 2099 Communi
1060 2047 1299 2099 omnium
1332 2046 1551 2100 inimico
1592 2061 1620 2098 a
1644 2045 1800 2098 nobis
1838 2046 1973 2096 haud
2002 2045 2158 2098 detur
2190 2059 2309 2112 pars

742 2138 938 2204 aliqua,
991 2154 1058 2189 ne
1128 2153 1248 2198 cum
1305 2154 1468 2190 unum
1500 2137 1662 2190 fuerit
1693 2137 2005 2194 Suﬂiiratus,
2053 2135 2311 2204 glorietur

747 2244 1053 2294 pervorsus,
1082 2242 1336 2297 tanquam
1366 2230 1452 2296 qui
1489 2244 1677 2281 omnes
1714 2230 1940 2295 ceperit.
1976 2228 2078 2280 Sed
2102 2229 2192 2294 qui
2229 2235 2312 2280 est

744 2320 965 2386 quidem
1016 2320 1158 2380 talis,
1194 2321 1380 2387 procul
1435 2320 1504 2372 sit
1532 2336 1559 2372 a
1587 2320 1753 2373 choro
1787 2329 2105 2386 martyrum,
2139 2334 2312 2386 neque

743 2411 815 2461 sit
841 2408 977 2462 falso
1024 2411 1260 2463 nominis
1293 2410 1577 2479 particeps.
1621 2408 1675 2462 Si
1713 2407 1832 2474 quis
1867 2407 2009 2460 enim
2044 2417 2114 2470 te,
2152 2408 2309 2461 Chri-

743 2504 825 2552 ste
853 2505 907 2550 et
957 2497 1185 2552 Verbum
1217 2499 1327 2558 Dei,
1365 2500 1645 2568 negaverit
1674 2498 1833 2566 hujus
1864 2497 1987 2550 vita:
2021 2497 2310 2562 desiderio,

741 2591 811 2643 ab
839 2590 952 2656 ipsa
987 2589 1218 2648 excidat.
1255 2597 1310 2641 et
1354 2589 1644 2642 dehiscens
1688 2604 1811 2641 cum
1861 2597 2003 2641 terra
2064 2588 2309 2642 devoret.

746 2677 800 2733 Si
833 2681 953 2749 quis
971 2693 1150 2734 autem
1189 2696 1254 2734 ex
1284 2695 1400 2732 mea
1434 2680 1779 2749 cognatione,
1808 2690 1896 2733 aut
1929 2678 2310 2746 familiaritate,

745 2772 1012 2825 desiderio
1034 2772 1298 2825 bonorum
1337 2772 1708 2840 praesentiunt,
1739 2781 1789 2824 te
1817 2772 2000 2826 relicto
2035 2769 2311 2833 Creatore,

744 2877 1003 2935 sequatur
1025 2864 1167 2918 hunc
1196 2881 1375 2933 regem
1393 2864 1632 2918 interitui
1663 2864 1956 2918 obnoxium
1981 2873 2035 2917 et
2053 2864 2274 2932 impium
2297 2903 2311 2927 ,

744 2973 814 3010 ne
846 2959 893 3010 ei
925 2958 1103 3018 detur,
1131 2973 1162 3010 ο
1192 2956 1304 3009 Rex
1336 2958 1573 3014 Christe,
1609 2956 1693 3008 hic
1730 2956 1830 3008 frui
1888 2955 1969 3018 iis,
1992 2970 2111 3023 quae
2129 2954 2314 3007 viden-

747 3061 834 3103 tur
885 3049 1120 3118 jurnnda
1179 3059 1230 3102 et
1276 3046 1637 3112 delectabilia,
1680 3055 1735 3100 et
1781 3045 2022 3100 tradatur
2061 3045 2164 3111 iis,
2196 3061 2314 3116 qua:

747 3153 874 3195 sunt
903 3143 1031 3206 illic,
1069 3141 1374 3195 tormentis.

819 3233 932 3288 XX.
966 3231 1088 3287 limc
1113 3233 1266 3298 dixit,
1296 3246 1348 3286 et
1391 3233 1574 3286 statim
1610 3233 1861 3286 universa
1915 3232 2203 3286 multitudo
2229 3248 2315 3285 ca-

749 3327 886 3378 lidas
918 3324 1204 3378 ctIundens
1234 3323 1520 3392 lacrymas,
1576 3323 1702 3375 ESto
1731 3324 1880 3375 bono
1909 3323 2113 3382 animo,
2142 3322 2316 3375 excla-

751 3417 933 3469 mavit.
963 3415 1128 3469 Nemo
1157 3415 1298 3468 enim
1347 3423 1395 3466 te.
1434 3413 1682 3477 deseret;
1731 3429 1852 3465 nam
1914 3413 2012 3474 tui,
2049 3422 2105 3467 ιιι
2144 3414 2313 3477 vides,

747 3507 1014 3560 desiderio
1048 3522 1236 3560 omnes
1268 3506 1347 3559 vel
1393 3516 1519 3558 ante
1565 3515 1616 3559 te
1654 3506 1788 3558 mori
1844 3521 2232 3573 prOperamus,
2265 3516 2318 3557 et

751 3603 1038 3669 praeripere
1065 3602 1207 3653 hunc
1237 3600 1450 3652 beatum
1487 3602 1645 3650 linem
1679 3607 1732 3650 et
1763 3597 2195 3650 desiderabilem.
2226 3597 2318 3651 Ille

753 3703 933 3746 autem
987 3693 1052 3745 ad
1098 3693 1212 3744 hmo
1242 3709 1254 3742 :
1287 3693 1412 3760 Ego,
1440 3693 1515 3745 ait
1566 3691 1838 3754 omnibus,
1878 3707 1974 3760 ego
2009 3708 2103 3744 vos
2131 3707 2318 3744 omnes

751 3777 1071 3846 pracedam,
1104 3787 1157 3830 et
1202 3793 1296 3830 ero
1333 3778 1484 3832 vobis
1526 3779 1579 3831 in
1609 3779 1717 3832 Deo
1748 3788 1928 3832 certus
1956 3781 2054 3832 viae
2083 3780 2210 3833 dux.
2250 3779 2320 3834 Ut

749 3884 849 3924 νυε
880 3869 1008 3923 mihi
1039 3871 1240 3936 primas
1263 3871 1632 3925 conceditisin
1657 3871 1929 3933 omnibus,
1968 3871 2037 3924 ita
2071 3887 2164 3924 vos
2191 3874 2318 3925 mihi

750 3963 1054 4024 concedite,
1089 3972 1146 4014 ut
1184 3962 1386 4030 primus
1419 3963 1485 4015 ad
1512 3963 1785 4016 Christum
1815 3963 2086 4017 accedam.
2120 3964 2317 4016 Verum

750 4053 1034 4107 enimvero
1065 4053 1166 4106 hoc
1189 4069 1407 4121 quoque
1430 4053 1850 4108 vobisultimum
1870 4053 1940 4108 do
1971 4055 2316 4107 mandatum:

750 4145 805 4200 Si
835 4148 954 4216 quis
980 4163 1222 4200 meorum
1256 4147 1508 4209 filiorum,
1537 4155 1631 4200 aut
1658 4162 1866 4211 eorum,
1911 4146 1999 4214 qui
2029 4161 2225 4216 genere
2253 4145 2318 4200 ad

752 4255 838 4292 me
873 4241 1124 4304 attinent,
1164 4240 1385 4292 relictus
1406 4238 1586 4301 fuerit,
1614 4254 1941 4306 permanens
1965 4239 2017 4290 in
2059 4239 2162 4292 hoc
2186 4255 2320 4306 puro

753 4331 900 4384 cultu
947 4329 1399 4393 Christianorum,
1455 4333 1524 4384 sit
1575 4331 1746 4383 hmres
1797 4344 2041 4382 mearum
2101 4329 2321 4382 faculta-

755 4434 892 4478 tum.
934 4421 1104 4475 Porro
1132 4433 1312 4476 autem
1347 4433 1458 4476 tres
1512 4423 1628 4475 illas
1671 4439 1735 4474 ex
1801 4422 1887 4484 iis,
1915 4439 2033 4490 quae
2070 4422 2198 4475 mihi
2239 4437 2322 4474 re-

750 4525 914 4578 stant,
952 4514 1322 4584 possessiones
1379 4514 1772 4584 pulcherrimas
1817 4515 1938 4567 volo
1987 4515 2204 4567 attribui
2235 4530 2324 4567 ca-

752 4606 964 4659 tholicae
1011 4603 1271 4667 ecclesia,
1311 4619 1429 4672 quae
1461 4614 1541 4657 est
1575 4604 1890 4657 aediﬁcanda
1925 4623 1936 4656 :
1969 4619 2103 4672 quas
2159 4604 2321 4656 etiam

749 4703 856 4763 iam
898 4711 1178 4750 consecro.
1229 4695 1350 4748 Hzec
1384 4711 1505 4748 cum
1540 4695 1782 4761 dixisset,
1825 4704 1880 4748 et
1917 4693 2115 4762 populo
2159 4693 2323 4746 bene-

753 4787 995 4849 dtxisset,
1026 4797 1104 4846 et,
1138 4787 1217 4839 Sit
1243 4786 1338 4839 tibi
1373 4786 1564 4854 gloria,
1609 4802 1640 4840 o
1672 4785 1915 4849 Domine,
1952 4792 2174 4853 propter
2208 4799 2322 4836 om-

753 4881 858 4938 nia,
882 4876 1274 4944 subjunxisset,
1299 4890 1594 4928 conversus
1626 4875 1756 4928 dicit
1789 4875 1896 4941 regi
1936 4891 1949 4926 :
1987 4873 2170 4925 Laudo
2199 4883 2267 4932 te,
2292 4887 2325 4925 o

752 4978 863 5026 rex,
913 4966 1058 5035 quod
1111 4981 1240 5020 usus
1278 4969 1353 5020 sis
1400 4967 1681 5035 patientia,
1718 4977 1771 5019 et
1825 4983 1932 5020 non
1989 4964 2321 5030 confuderis,

753 5063 846 5106 aut
871 5054 1226 5122 interruperis
1255 5071 1427 5108 meam
1460 5057 1783 5113 orationem.
1819 5067 1875 5110 ut
1903 5071 2019 5109 tuos
2070 5055 2167 5108 fuit
2193 5055 2321 5108 olim

753 5148 990 5216 regibus.
1020 5144 1288 5211 Quoniam
1349 5162 1478 5215 ergo
1526 5150 1666 5200 nosti
1721 5160 1964 5201 nostrum
1999 5165 2222 5218 secpnm
2269 5158 2326 5204 et

752 5240 1080 5302 institutum,
1107 5253 1302 5307 nempe
1339 5238 1480 5306 qttod
1510 5238 1623 5293 ﬁeri
1654 5255 1758 5292 non
1800 5249 1974 5309 potest
2013 5250 2087 5305 ut,
2122 5240 2322 5297 Christi

753 5331 900 5384 cultu
935 5330 1143 5393 relicto,
1170 5345 1268 5383 nos
1295 5330 1388 5383 tibi
1422 5332 1810 5397 assentiamur,
1850 5334 1929 5386 fac
1957 5334 2100 5401 quod
2132 5349 2324 5403 super-

754 5427 853 5483 est,
887 5427 1099 5488 tempus
1123 5429 1231 5468 non
1258 5426 1436 5471 terens
1469 5419 1694 5472 diutius.

831 5612 945 5666 XXI
999 5611 1131 5667 Cum
1162 5616 1324 5666 sciret
1367 5627 1494 5681 ergo
1536 5630 1625 5666 rex
1683 5630 1870 5667 eorum
1935 5623 2172 5665 mentem
2203 5629 2324 5670 esse

757 5706 1172 5766 immutabilem,
1214 5719 1311 5755 nec
1364 5702 1476 5756 fieri
1509 5716 1664 5770 posse
1695 5715 1748 5753 ut
1796 5720 1889 5755 eos
1929 5705 1993 5756 ad
2033 5720 2184 5757 suam
2220 5714 2324 5756 tra-

755 5801 919 5855 ducat
948 5800 1294 5858 sententiam,
1324 5797 1482 5863 jussit
1515 5811 1606 5850 eos
1641 5793 1758 5847 duci
1798 5797 1858 5849 ad
1882 5799 2170 5866 quemdam
2215 5807 2318 5849 tor-

2413 601 2502 645 τος
2540 585 2571 652 ἠ
2603 587 2738 653 πρὸς
2768 586 2834 636 τδ
2889 587 3046 655 σῶμα
3086 587 3353 648 διάλυσις.
3397 582 3526 638 Εἶτα
3564 587 3637 656 μὴ
3670 587 3984 654 αὐτόματον

2413 675 2508 727 καὶ
2547 677 2722 728 κοινὸν
2767 678 2826 729 τὸ
2857 678 3004 739 τέλος
3042 679 3385 747 ἀναμενέτω,
3417 677 3533 730 ἀλλ’
3559 681 3632 739 ὡς
3655 678 3736 730 ἔνι
3770 677 3984 738 ἔνδοξον

2413 765 2544 816 αὐτὸ
2608 767 2704 817 καὶ
2742 769 3014 835 μακάριον
3075 768 3355 820 σπευδέτω
3394 766 3668 834 γενέσθαι.
3713 768 3778 818 Τί
3809 766 3853 818 δ’
3920 767 3985 818 ἂν

2413 859 2554 910 εἴποι
2587 877 2669 920 τις
2721 859 2907 928 ἓτερον
2940 861 3032 913 τοῦ
3086 861 3172 913 διὰ
3214 862 3516 930 μαρτυρίου
3551 861 3738 921 τέλους
3774 860 3985 922 ἔνδοξό-

2413 968 2568 1013 τερον
2602 950 2633 1018 ἢ
2669 951 2952 1004 εὖσεὸέσιν
2994 950 3302 1020 ἀνθρώποις
3343 951 3800 1020 μακαριώτερονς
3844 949 3982 1012 Ἐγὼ

2415 1041 2522 1108 γὰρ
2557 1042 2602 1092 εί
2633 1036 2742 1096 οἷόν
2783 1060 2842 1095 τε
2889 1040 2956 1113 ἦν
3000 1043 3088 1096 διὰ
3121 1044 3354 1110 Χριστὸν
3401 1042 3659 1099 πολλάκις
3686 1040 3981 1092 ἀποθανεῖν

2416 1133 2808 1188 συνεϐούλευσα
2839 1136 2923 1197 ἂν,
2951 1138 3045 1188 καὶ
3081 1131 3149 1206 ἦν
3181 1135 3325 1187 οὕτω
3367 1137 3460 1187 καὶ
3489 1137 3520 1202 ἡ
3569 1135 3697 1199 δόξα
3752 1132 3984 1201 μείζων.

2415 1226 2508 1276 καί¹
2574 1228 2633 1278 τὸ
2689 1226 2878 1296 κέρδος
2928 1227 3068 1280 κατὰ
3120 1226 3254 1280 πολὺ
3311 1225 3735 1295 δαψιλέστερον⁸
3770 1225 3895 1276 ἐπεὶ
3931 1222 3988 1274 δὲ

2413 1317 2570 1370 τοῦτο
2601 1321 2750 1386 παρὰ
2804 1321 2903 1388 τῆς
2941 1319 3158 1385 φύσεως
3214 1320 3311 1370 οὐκ
3367 1319 3480 1370 ἔστι
3539 1317 3749 1376 λαϐεῖν,
3815 1315 3844 1368 δ
3896 1316 3991 1366 καὶ

2417 1409 2573 1478 ἡμῶν
2603 1410 2661 1461 οὐ
2691 1409 3049 1478 βουλομένων,
3081 1410 3173 1478 ἀφ’
3201 1409 3405 1478 ἑαυτῆς
3433 1408 3616 1476 ἐκείνη
3656 1409 3822 1469 ποιεῖ,
3851 1405 3991 1472 φθα-

2418 1517 2608 1562 σαντες
2639 1501 2791 1565 αὐτὸ,
2825 1500 3274 1570 προαρπάσωμεν
3309 1501 3445 1568 μετὰ
3474 1500 3628 1567 δόξης
3674 1499 3767 1551 καὶ
3798 1497 3990 1565 ὥσπερ

2417 1590 2546 1642 ἴδιον
2600 1590 2835 1656 θέμενοι,
2898 1589 3251 1659 σοςιισώμεθα
3301 1589 3399 1658 τὴν
3452 1588 3717 1656 ἀνάγκην,
3776 1587 3990 1654 Μηδεὶς

2416 1679 2569 1747 ἡμῶν
2628 1679 2800 1742 οὕτως
2841 1681 3064 1749 ὀφθήτω
3130 1679 3446 1748 φιλόψυχος,
3500 1678 3738 1745 ἀδελφοὶ,
3800 1678 3991 1744 μηδεὶς

2417 1774 2667 1840 ἀγεννὴς.
2694 1772 2880 1841 μηδεὶς
2902 1773 3155 1840 ἆτθλμος,
3185 1774 3260 1833 ὡς
3289 1774 3494 1840 μικρᾶς
3518 1771 3610 1821 καὶ
3633 1767 3990 1834 ταλαιπώρου

2416 1865 2557 1932 ζωῆς
2592 1864 2744 1926 ὅλους
2803 1863 3006 1924 αἰῶνας
3072 1863 3165 1914 καὶ
3201 1864 3468 1930 μηδέποτε
3534 1861 3811 1927 λυομένην
3860 1873 3993 1924 προ-

2415 1956 2566 2008 έσθαι
2591 1957 2985 2025 μακαριότητα.
3013 1956 3102 2023 Μή
3120 1954 3222 2007 πού
3247 1971 3328 2014 τις
3353 1955 3445 2005 καὶ
3472 1953 3598 2021 παρ’
3624 1952 3785 2020 ἡμῶν
3812 1949 3991 2015 διθεῐη

2414 2046 2488 2114 τῷ
2522 2045 2684 2114 κοινῴ
2724 2047 2940 2098 πάντων
2972 2043 3214 2112 πολεμίῳ
3249 2031 3430 2111 μερίς,
3459 2043 3547 2093 καὶ
3596 2042 3686 2092 τὸν
3727 2041 3829 2091 ἕνα,
3873 2039 3993 2091 κλέ-

2413 2137 2538 2204 ψας,
2599 2135 2671 2196 ὡς
2727 2134 2932 2194 πάντας
2972 2132 3151 2183 λαῆὼν
3205 2131 3472 2189 ὁσκολιὸς
3541 2131 3991 2197 ὲγκαυχήσηται.

2427 2230 2564 2280 Ἀλλ’
2594 2229 2620 2278 ὃ
2656 2244 2714 2292 γε
2749 2225 2991 2286 τοιοῦτος
3038 2225 3227 2294 πόρρω
3261 2222 3352 2276 τοῦ
3419 2221 3758 2290 μαρτυρ.ιιοῦ
3798 2221 3992 2271 τούτου

2415 2320 2654 2386 γενέσθω
2697 2316 2880 2386 χοροῦ.
2915 2316 3051 2385 μηδὲ
3085 2317 3478 2384 συμμετεχέτω
3510 2312 3720 2382 ψευδῶς
3746 2311 3845 2362 τοῦ
3879 2312 3994 2362 ὀνό-

2419 2426 2608 2480 ματος.
2654 2409 2738 2469 Ὠς
2778 2408 2830 2460 εἴ
2851 2409 2930 2468 τίς
2981 2423 3062 2470 σε,
3103 2407 3302 2478 Χριστὲ
3331 2407 3421 2458 καὶ
3455 2406 3593 2472 Λόγε
3639 2403 3804 2463 Θεοῦ,
3845 2404 3993 2470 πόθῳ

2414 2504 2510 2570 τῆς
2541 2500 2773 2554 ἐνταῦθα
2808 2500 2956 2568 ζωῆς
3009 2499 3406 2569 ἁπαρνήσαιτο,
3443 2498 3538 2549 καὶ
3588 2495 3797 2565 ταύτης
3830 2496 3991 2545 ὲκπέ·

2416 2613 2518 2657 σοι,
2551 2594 2644 2646 καὶ
2679 2593 2856 2656 ζῶντα
2885 2591 3074 2644 τοῦτον
3102 2593 3134 2660 ἠ
3168 2590 3239 2658 γῆ
3267 2588 3440 2656 στόμα
3467 2588 3786 2649 διανοέξασα
3817 2601 3983 2635 κατα-

2416 2689 2547 2741 πίοι.
2579 2688 2688 2739 Καὶ
2715 2685 2768 2738 εἴ
2809 2703 2889 2747 τις
2922 2686 2979 2737 δὲ
3006 2686 3101 2753 τῆς
3134 2684 3273 2750 ἐμῆς
3307 2682 3625 2748 συγγενείας
3677 2681 3708 2746 ἢ
3744 2679 3992 2743 ἑταιρίας

2416 2779 2679 2847 ἐπιθυμία
2701 2779 2808 2829 τῶν
2840 2777 3122 2847 παρόντων
3151 2775 3339 2844 ἡδέων,
3369 2775 3426 2824 σὲ
3456 2773 3545 2824 τὸν
3579 2771 3825 2836 κτίστην
3855 2771 3991 2820 ἀπο-

2417 2868 2612 2931 λιπὼν,
2641 2869 2815 2921 ὀπίσω
2861 2868 2955 2919 τοῦ
3016 2866 3256 2936 φθαρτοῦ
3309 2865 3500 2916 τούτου
3550 2865 3642 2914 καὶ
3693 2859 3992 2919 δυσσεϐοῦς

2418 2961 2680 3030 βασιλέως
2702 2959 3079 3027 ἀκολουθήσοι,
3105 2959 3312 3025 γένοιτο
3327 2957 3493 3023 αὑτῷ,
3515 2954 3716 3023 Χριστὲ
3741 2953 3892 3020 βασι)
3909 2950 3990 3012 εὖ,

2419 3057 2512 3106 καί
2544 3054 2651 3104 τῶν
2684 3052 2915 3104 ἐνταῦθα
2978 3051 3227 3121 τερπνῶν
3285 3051 3359 3117 μὴ
3401 3046 3727 3112 ἀπόνασθαι,
3756 3047 3851 3098 καὶ
3879 3047 3993 3105 τοῖς

2342 3156 2382 3211 C
2420 3147 2624 3200 ἐκεῖθεν
2657 3146 2942 3214 ἐκδοθῆναι
2981 3143 3382 3212 κολαστηρίοις.

2492 3236 2571 3289 K'.
2612 3234 2798 3288 Ταῦτα
2829 3234 2956 3301 ἔψη,
2988 3231 3165 3286 καὶτὸ
3202 3231 3405 3300 πλῆθος
3436 3231 3596 3292 εὐθὺς
3630 3230 3806 3290 ἅπαν,
3839 3229 3956 3296 Θὰρ

2422 3333 2524 3400 ρει,
2555 3328 2645 3379 ἐπὶ
2681 3325 2904 3397 θερμοῖς
2933 3328 3044 3386 τοῖς
3074 3325 3335 3394 δάκρυσιν
3368 3322 3688 3392 ἀνεϐόησαν.
3725 3321 3841 3373 Οὐκ
3875 3321 3990 3370 ἔστι

2419 3427 2525 3491 γὰρ
2561 3423 2706 3482 ὅστις
2740 3419 3204 3488 ἀπολειφθήσεταί
3247 3435 3341 3468 σου
3437 3417 3558 3467 ἐπεὶ
3599 3415 3692 3466 καὶ
3732 3413 3812 3478 τῷ
3866 3415 3995 3480 περὶ

2423 3515 2480 3563 σε
2511 3513 2659 3579 πόθῳ
2698 3511 2916 3572 πάντες,
2947 3510 3021 3568 ὡς
3067 3511 3220 3576 ὁρᾷς,
3266 3507 3620 3573 ἐπειγόμεθα,
3663 3508 3710 3555 εί
3759 3501 3874 3556 οἶόν
3912 3523 3993 3565 τε,

2416 3604 2514 3658 καὶ
2543 3601 2831 3669 προθανείν
2862 3617 2977 3661 σου,
3031 3599 3123 3651 καὶ
3156 3598 3215 3650 τὸ
3250 3598 3520 3668 μακάριον
3559 3596 3715 3649 τοῦτο
3750 3595 3847 3648 καὶ
3903 3614 3995 3646 πο-

2422 3696 2594 3747 θεινόν
2628 3693 2977 3763 προαρπάσαι
3001 3692 3172 3754 τέλος.
3222 3693 3279 3744 Ὀ
3316 3692 3371 3744 δὲ
3403 3693 3538 3760 πρὸς
3585 3689 3780 3753 ταῦτα,
3826 3689 3999 3754 Ἐγὼ,

2425 3789 2587 3840 πᾶσιν
2639 3787 2763 3855 ἔφη,
2815 3785 2924 3852 ἐγὼ
2991 3785 3208 3836 πάντων
3269 3783 3424 3852 ὑμῶν
3469 3783 3852 3850 ἀφηγήσομαι,
3902 3783 3998 3832 καὶ

2419 3878 2612 3946 ὁδηγδς
2647 3878 2888 3946 ἀπλανὴς
2933 3876 3061 3945 ὑμῖν
3095 3877 3151 3926 ὲν
3187 3875 3307 3945 Θεῷ
3348 3875 3685 3942 φανήσομαι.
3728 3873 3818 3934 Ὠς
3869 3875 3999 3940 ἐμοὶ

2421 3970 2529 4021 τῶν
2561 3968 2846 4037 πρωτείων
2889 3967 2947 4020 ἐν
2982 3969 3114 4020 πᾶσι
3150 3967 3549 4035 παρεχωρεῖτε,
3581 3962 3725 4016 οὕτω
3778 3980 3871 4030 μοι
3899 3962 3998 4012 καὶ

2424 4060 2624 4129 πρώτῳ
2680 4059 2905 4128 Χριστῷ
2937 4057 3290 4126 παραστῆναι
3327 4057 3794 4126 παραχωρήσατε.
3849 4055 3998 4122 Πλὴν

2424 4153 2556 4206 ἀλλὰ
2584 4153 2676 4204 καὶ
2702 4149 2906 4218 ταύτην
2928 4149 3250 4203 τελευταίαν
3277 4149 3405 4217 ὑμῖν
3426 4147 3640 4215 ὲντοὶὴν
3665 4147 3959 4212 ἐπιδίδωμι
3983 4162 3996 4174 ·

2423 4246 2486 4297 Εἰ
2507 4263 2586 4307 τις
2611 4243 2717 4296 τῶν
2750 4243 2898 4313 ἐμῶν
2923 4243 3144 4304 τέκνων,
3169 4240 3201 4310 ἢ
3223 4241 3329 4293 τῶν
3359 4244 3496 4293 κατὰ
3521 4238 3672 4306 γένος
3705 4255 3796 4306 μοι
3826 4253 4000 4304 προσο

2423 4338 2665 4403 ηκόντων
2725 4333 3070 4402 ὑπολε;φθείη
3111 4336 3175 4402 τῇ
3232 4332 3443 4401 καθαρᾷ
3495 4330 3664 4399 ταύτῃ
3703 4328 3813 4380 τῶν
3867 4329 4000 4396 Χρι-

2427 4424 2657 4476 στιανῶν
2699 4423 2954 4491 ἐμμένων
2997 4421 3238 4492 λατρεία,
3269 4424 3368 4490 τῆς
3417 4420 3557 4488 ὲμῆς
3589 4420 3837 4470 ἔστωσαν
3871 4419 4002 4484 κλη-

2429 4511 2646 4583 ρονόμοι
2688 4510 3026 4581 περιουσίας.
3067 4511 3172 4562 Καὶ
3199 4511 3328 4580 τρία
3350 4510 3406 4562 δὲ
3431 4509 3539 4560 τῶν
3564 4525 3627 4559 πε
3640 4508 3869 4576 ριόντων
3899 4526 3990 4574 μιι

2425 4603 2728 4656 καλλίστων
2786 4601 3080 4670 κτημάτων
3129 4603 3193 4671 τῇ
3249 4599 3669 4668 οἰκοδομηθῆναι
3727 4597 4004 4668 μελλούσῃ

2427 4694 2690 4762 καθολικῇ
2735 4693 3030 4762 Ἐκκλησία
3069 4693 3420 4762 κληρωθῆναι
3477 4690 3761 4760 βούλομαι,
3819 4691 3856 4744 ἃ.
3909 4699 4004 4744 καί

2426 4788 2530 4857 ἤδη
2563 4787 2792 4854 ἀφιερῶ.
2841 4783 3025 4836 Ταῦτα
3056 4785 3222 4836 εἰπὼν
3253 4785 3346 4836 καὶ
3384 4783 3473 4836 τὸν
3504 4782 3631 4834 λαὸν
3671 4784 4001 4850 εὐλογήσας.

2429 4879 2543 4938 καὶ,
2575 4875 2708 4939 Δόξα
2733 4894 2836 4942 σοι,
2871 4877 3066 4946 Κύριε,
3092 4877 3310 4927 πάντων
3340 4874 3546 4938 ἕνεκεν,
3579 4874 3851 4936 ἐπειπὼν,
3884 4877 4006 4925 ἐπι-

2431 4969 2691 5038 στραφεὶς
2721 4966 2868 5034 λέγει
2895 4968 2971 5037 τῷ
2998 4966 3230 5036 βασιλεῖ·
3262 4965 3500 5020 Ἐπαινῶ
3539 4982 3596 5018 σε
3632 4967 4007 5034 μακροθυμή-

2429 5075 2620 5122 σαντα,
2671 5058 2915 5127 βασιλεῦ,
2950 5058 3042 5109 καὶ
3077 5057 3151 5126 μὴ
3187 5059 3492 5126 συγχέαντά
3522 5074 3614 5126 μοι
3648 5057 3777 5115 τοὺς
3811 5056 4008 5123 λόγους

2429 5154 2461 5224 ἦ
2497 5154 2828 5221 διακόψαντα
2865 5152 3002 5205 κατὰ
3059 5155 3120 5206 τὸ
3153 5156 3321 5208 πάλαι
3362 5156 3474 5214 τοῖς
3535 5149 3824 5220 βασιλεῦσι
3855 5171 4007 5204 νίνου

2433 5246 2719 5315 μισμένον.
2753 5247 2863 5299 Καὶ
2895 5248 3070 5300 τοίνυν
3095 5247 3218 5298 ἐπεὶ
3240 5247 3330 5297 τόν
3360 5246 3630 5314 ἡμέτερον
3667 5243 3843 5308 ἐίνως
3879 5261 4008 5295 σκο-

2429 5339 2551 5398 πὸν,
2603 5339 2676 5400 ὡς
2710 5338 2968 5390 ἀδύνατόν
2998 5340 3108 5390 ἐστι
3148 5338 3246 5407 τῆς
3282 5335 3522 5406 Χριστοῦ
3557 5334 3814 5400 λατρείας
3874 5338 4007 5398 ἀφε-

2433 5431 2626 5500 μένους
2658 5431 2801 5500 ὴμᾶς
2833 5429 3122 5483 συνθέσθαι
3153 5446 3256 5493 σοι,
3290 5429 3350 5480 τὸ
3386 5427 3807 5496 παριστάμενον
3833 5428 4004 5488 ποίει,

2432 5523 2507 5588 μὴ
2552 5521 2753 5589 τρίϐων
2786 5522 2876 5574 επὶ
2918 5522 3049 5573 πολὺ
3079 5521 3168 5572 τὸν
3203 5521 3416 5590 καιρόν.

2504 5613 2631 5663 KA'.
2668 5608 2833 5672 Εἰδὼς
2867 5605 2959 5663 οὖν
2992 5612 3018 5661 ὸ
3043 5611 3296 5680 βασιλεὺς
3329 5609 3401 5672 ὼς
3434 5609 3533 5679 τὴν
3569 5609 3800 5677 γνώμην
3853 5609 4010 5675 E100-

2433 5723 2517 5754 σιν
2560 5705 2995 5774 ἀμετάτρεπτον,
3031 5703 3123 5752 καὶ
3177 5701 3251 5763 ὠς
3313 5701 3415 5752 οὐκ
3463 5699 3530 5752 ἄν
3586 5714 3720 5749 ποτε
3782 5697 4009 5750 δύναιτο

2436 5797 2781 5868 μεταπείθειν
2809 5797 3018 5860 αὐτοὺς,
3052 5796 3142 5846 καὶ
3173 5795 3269 5862 τὴν
3301 5792 3614 5864 μεταϐολὴν
3645 5790 4006 5843 παντάπασιν
