4216 6432
217 392 359 455 1213

1350 380 1837 450 MARTYRIUM
1885 386 1942 446 S.
1990 392 2344 452 ARETHE.

3353 385 3489 452 1⁸274

213 508 516 575 ἀπογνοὺς,
558 507 638 571 εῐς
667 525 794 561 τινα
825 510 1164 581 χειμάῥρουν
1202 507 1382 562 Ὀδίαν
1429 505 1576 560 οὕτω
1610 506 1801 561 καλούο

1912 519 2142 572 reutem,
2171 509 2261 577 qui
2293 518 2517 563 vocatur
2566 507 2748 572 Odias,
2784 516 2836 562 et
2884 506 3016 576 ipsis
3055 504 3163 558 illic
3213 503 3485 572 amputari

217 615 380 666 μενον
409 601 807 669 ἀπενεχθέντας
839 603 1124 655 ἐκέλευσεν
1153 597 1547 670 ἀποτμηθῆναι
1579 601 1678 662 τὰς
1710 615 1799 650 κε-

216 693 419 757 φαλὰς,
449 694 528 754 είς
557 692 616 744 ὃν
647 694 738 746 καὶ
767 696 1058 764 γενόμενον
1087 695 1182 748 καὶ
1206 694 1519 764 προσευχὴν
1549 693 1802 762 εὐθύμως

212 778 446 839 ἑαυτοὺς
486 779 783 848 τρέψαντες
812 797 826 812 ⁶
862 802 880 834 ι
927 782 1126 855 Κύριε,
1161 784 1356 852 Κύριε,
1418 783 1647 852 δύναμις
1706 784 1803 851 τῆς

212 872 494 938 σωτηρίας
529 873 708 939 ἡμῶν.
746 868 920 939 εἷπον,
966 876 1299 936 ὲπεσκίασας
1349 877 1441 927 ἐπὶ
1473 873 1575 944 τὴν
1633 890 1798 940 κεφα.

216 960 323 1027 ὶηὴν
358 961 516 1029 ἡμῶν
545 964 600 1014 ἐν
626 964 810 1034 ἡμέρα
860 965 1122 1036 πολέμου.
1153 986 1170 1018 ι
1218 967 1516 1035 Ὀδήγησον
1568 967 1662 1018 καὶ
1709 964 1803 1018 νῦν

213 1053 370 1119 ἡμᾶς
402 1056 480 1117 είς
526 1055 642 1108 ὁδὸν
680 1057 936 1110 αἰωνίανο
972 1061 1052 1113 ὅτι
1084 1061 1181 1130 τῆς
1238 1061 1334 1129 σῆς
1378 1059 1600 1126 ἀγάπης
1649 1057 1802 1109 οὐδὲν

215 1142 332 1194 τῶν
373 1145 631 1198 ἁπάντων
665 1149 793 1215 ἡμῖν
824 1149 959 1210 ὅλως
992 1150 1366 1220 προετιμήθη,
1393 1150 1450 1202 οὺ
1485 1147 1706 1218 πατρὶς,
1740 1149 1801 1198 οὐ

215 1233 399 1300 γένος,
450 1239 511 1289 οὐ
569 1238 828 1302 πλοῦτοςο
883 1241 1018 1294 ἀλλὰ
1060 1243 1239 1295 πάντα
1289 1240 1659 1312 προηκάμεθα
1707 1241 1804 1293 καὶ

219 1326 397 1396 αὐτὴν
427 1328 518 1380 διὰ
554 1330 613 1381 σὲ
648 1329 749 1400 τὴν
798 1329 968 1402 ζωὴν,
1023 1336 1120 1386 καὶ
1167 1333 1242 1396 ὡς
1292 1332 1539 1400 πρόϐατα
1588 1332 1801 1400 σφαγῆς

218 1421 615 1492 ἐλογίσθημεν.
647 1425 757 1477 Καὶ
784 1425 880 1478 νῦν
931 1426 1250 1496 ἱκετεύομεν
1282 1445 1292 1458 ·
1320 1427 1609 1497 γενηθήτω
1638 1427 1671 1494 ὴ
1709 1425 1801 1477 ὲκ-

218 1515 439 1583 δίκησις
472 1517 564 1568 τοῦ
610 1519 852 1588 αἵματος
887 1521 997 1572 τῶν
1044 1521 1249 1574 δούλων
1285 1539 1380 1573 σου
1426 1520 1520 1573 τοῦ
1570 1522 1802 1589 ἐκκεχυ-

221 1608 407 1675 μένου.
437 1608 682 1679 Ἐπαρον
707 1611 808 1676 τὰς
841 1614 1032 1681 χεῖράς
1060 1629 1153 1667 σου
1187 1615 1278 1666 ὲτιὶ
1306 1613 1403 1675 τὰς
1421 1614 1806 1682 ὑπερηφανίας

218 1701 422 1753 αὐτῶν.
471 1705 836 1774 Περιποίησαι
898 1707 1024 1769 τοὺς
1085 1709 1235 1769 υἱοὺς
1294 1707 1404 1759 τῶν
1460 1706 1807 1776 θνησκόντων

219 1793 364 1860 ὑπὲρ
422 1794 540 1849 σοῦ.
595 1797 882 1865 Κράτυνον
935 1798 1039 1868 τὴν
1095 1799 1251 1849 πόλιν
1307 1816 1398 1850 σου
1453 1800 1659 1867 ταύτην
1707 1798 1804 1868 τὴν

218 1886 659 1959 ἐγκαυχωμὲνην
683 1889 758 1960 τῷ
789 1891 957 1961 τιμίῳ
987 1909 1081 1944 σου
1109 1892 1302 1959 αἵματι
1329 1891 1422 1943 καὶ
1449 1891 1528 1960 τῷ
1558 1892 1800 1960 σταυρῷ,

217 1980 321 2031 καὶ
352 1981 466 2044 τοῖς
500 1981 751 2036 πάθεσιν.
797 1984 960 2056 Ὁρᾷς
999 1986 1147 2045 ὅπως
1185 1983 1356 2054 αὐτὴν
1392 1988 1437 2036 οἱ
1470 1984 1654 2054 ἐχθροί
1707 2001 1799 2036 σου

223 2069 531 2138 διέθηκανο
582 2075 942 2146 περιέκειραν
987 2077 1080 2128 τὸν
1118 2078 1324 2146 κόσμον
1365 2077 1557 2146 αὐτῆς,
1607 2077 1803 2146 ἐϐεϐή-

217 2162 403 2215 λωσαν
435 2166 492 2216 τὸ
524 2166 881 2236 ἁγιαστήριόν
939 2186 1056 2232 σου,
1084 2169 1175 2220 τὸν
1207 2170 1331 2222 ναὸν
1371 2171 1461 2222 τὸν
1511 2169 1665 2238 ἅγιόν
1707 2186 1800 2221 σου

221 2255 578 2326 ἐνέπρησαν·
644 2260 703 2311 ὃν
753 2260 1038 2328 ὑψωθῆναι
1082 2263 1177 2314 καὶ
1235 2262 1654 2331 κραταιωθῆναι
1708 2264 1802 2316 καὶ

217 2342 378 2409 αὖθις
405 2350 717 2417 εὐδόκησον,
741 2351 915 2414 διδοὺς
945 2354 1010 2407 τὰ
1039 2356 1292 2426 σκῆπτρα
1319 2356 1602 2424 βασιλεῦσι
1632 2359 1800 2427 Χρισ-

219 2445 450 2505 τιαιοῖς,
490 2443 582 2493 καὶ
618 2443 940 2510 μεγαλύνων
978 2447 1178 2508 αὐτοὺς
1215 2449 1274 2499 ὲν
1298 2449 1374 2513 τῷ
1405 2449 1633 2517 ὀνόματί
1685 2467 1801 2505 σου.

222 2535 336 2585 Καὶ
367 2536 480 2588 ὅσοι
512 2536 566 2588 δὲ
607 2536 693 2588 διὰ
723 2540 889 2606 τιμῆς
920 2539 1112 2603 ἄγουσι
1147 2541 1246 2607 τῆν
1277 2543 1588 2611 μαρτυρίαν
1617 2545 1797 2610 ἡμῶν,

224 2626 343 2694 βίον
369 2628 551 2692 αὐτοῖς
577 2631 929 2700 ἀπρόσκοπον
960 2632 1222 2702 δώρησαι,
1252 2633 1476 2700 ἀγαθῶν
1509 2635 1795 2703 ἀφθονίαν,

221 2724 319 2773 καὶ
351 2724 692 2793 συγγνώμην
726 2727 1039 2796 ἁμαρτιῶν,
1075 2729 1168 2780 καὶ
1204 2729 1350 2798 ἡμᾶς
1390 2727 1515 2790 τοῦς
1547 2730 1645 2794 τὴν
1681 2731 1803 2780 ἐπι-

222 2815 452 2882 φάνειαν
510 2816 607 2884 τὴν
660 2819 760 2886 σὴν
827 2822 1224 2888 ἀγαπήσαντας
1274 2823 1352 2881 είς
1401 2822 1498 2884 τὰς
1554 2823 1805 2885 αἰωνίους

224 2911 433 2976 σκηνὰς
487 2909 801 2978 προσδεξαι,
852 2914 945 2964 καὶ
999 2915 1112 2974 τοῖς
1149 2913 1244 2964 ἀπ’
1275 2912 1470 2974 αἰῶνός
1506 2931 1584 2966 σοι
1613 2917 1807 2983 εὐαρε-

228 3002 432 3068 τήσασι
490 3003 923 3073 συναρίθμησον.
975 3004 1160 3062 Ταῦτα
1213 3007 1484 3068 εἰπόντες,
1539 3005 1803 3073 ἀλλήλους

228 3094 691 3161 περιεπτύξαντο.
749 3099 858 3150 Καὶ
914 3098 1004 3150 τὸν
1051 3098 1258 3168 αὐχένα
1309 3098 1526 3166 πρῶτον
1579 3099 1606 3150 ὁ
1662 3097 1804 3160 θεῖὸς

1908 601 2105 669 capita.
2147 600 2224 652 Ad
2253 616 2412 670 quem
2446 616 2570 655 eum
2619 600 2917 660 venissent,
2950 607 3004 651 et
3051 612 3109 651 se
3155 603 3408 666 prompto
3435 604 3490 649 et

1907 695 2071 748 alacri
2126 694 2308 748 animo
2362 694 2427 747 ad
2462 708 2653 762 preces
2686 691 3091 748 convertissth
3126 709 3137 742 :
3182 709 3198 740 ι
3241 687 3485 748 Domine.

1911 787 2156 848 Domine,
2190 786 2471 848 dixerunt,
2502 786 2672 838 virtus
2701 793 2899 837 nostra!
2940 781 3154 843 salutis,
3194 779 3492 834 obumbra-

1907 881 1973 934 sti
2002 896 2164 948 super
2195 890 2358 947 caput
2380 887 2624 932 nostrum
2652 877 2702 930 iu
2729 876 2814 930 die
2839 874 2962 929 belli
2983 873 3027 928 ‘.
3070 871 3252 925 »Νυιιο
3276 884 3492 940 quoque

1908 973 2086 1027 deduc
2142 986 2242 1025 uos
2290 971 2342 1024 in
2398 971 2563 1024 vitam
2612 979 2870 1022 aeternam
2907 985 2919 1023 :
2954 965 3210 1035 quoniam
3263 962 3491 1016 nihich

1909 1066 2165 1119 onmibus
2197 1063 2351 1118 nobis
2399 1063 2568 1132 pluris
2601 1061 2726 1123 fuit,
2765 1075 2926 1129 quam
2979 1060 3054 1112 tui
3104 1057 3344 1118 dilectio,
3379 1071 3489 1107 non

1909 1158 2104 1226 patria,
2143 1172 2250 1210 non
2288 1171 2484 1228 genus,
2509 1170 2615 1208 non
2655 1153 2891 1207 divitiaaz
2933 1152 3026 1206 sed
3057 1150 3238 1204 omnia
3271 1157 3490 1217 pmpter

1910 1261 1960 1304 te
1991 1251 2353 1319 prodidimus,
2389 1251 2552 1305 etiam
2594 1250 2766 1319 ipsam
2800 1248 2988 1308 vitam,
3021 1256 3074 1300 et
3111 1254 3367 1314 tanquam
3401 1259 3491 1296 oc-

1906 1342 2129 1398 cisionis
2161 1358 2290 1397 oves
2321 1358 2510 1396 sumus
2535 1341 2768 1412 reputati
2790 1341 2834 1394 ⁸.
2859 1340 2926 1394 Ει
2963 1354 3106 1393 nunc
3135 1347 3183 1391 te
3216 1336 3490 1405 SUpplices

1908 1450 2184 1500 rogamus,
2215 1432 2332 1487 Fiat
2387 1433 2522 1487 ultio
2574 1433 2858 1502 sanguinis
2911 1445 3192 1486 servorum
3250 1437 3488 1488 tuorum,

1908 1529 1997 1596 qui
2032 1526 2373 1581 fuitelfusus.
2406 1528 2613 1581 Extolle
2661 1542 2854 1579 manus
2894 1535 3013 1578 tuas
3049 1538 3212 1592 super
3259 1523 3489 1576 istorum

1910 1620 2280 1690 superbiam“.
2315 1618 2541 1687 Suscipe
2587 1635 2649 1673 ac
2695 1618 2929 1672 defende
2983 1633 3172 1671 eorum
3205 1615 3365 1679 filios,
3399 1615 3489 1682 qui

1914 1729 2010 1783 pro
2028 1725 2077 1767 te
2097 1716 2425 1767 moriuntur.
2449 1712 2751 1768 Corrohora
2784 1711 3077 1770 civitatem,
3095 1723 3214 1776 qure
3233 1706 3493 1777 gloriatur

1913 1816 2006 1860 tuo
2044 1807 2280 1875 pretioso
2315 1806 2602 1876 sanguine,
2637 1815 2691 1858 et
2740 1819 2923 1866 cruce,
2953 1811 3006 1857 et
3027 1798 3490 1871 perpessiunibus.

1921 1897 2077 1951 Vides
2123 1895 2579 1965 quemadmodum
2617 1909 2734 1947 eam
2793 1893 2865 1947 tui
2901 1891 3204 1945 affecerunt
3245 1889 3491 1948 inimici:

1912 1989 2260 2041 attonderunt
2283 1989 2402 2056 ejus
2422 1993 2832 2046 ornamentum,
2864 1981 3224 2051 profanarum
3243 1988 3498 2032 sanctua-

1913 2080 2050 2132 rium
2114 2090 2287 2138 tuum.
2338 2080 2598 2147 templum
2667 2088 2915 2130 sanctum
2961 2086 3113 2128 tuum
3169 2079 3498 2125 exusserunt

1911 2173 2056 2242 quod
2086 2173 2177 2226 tibi
2219 2174 2446 2241 placeat,
2485 2181 2540 2224 ut
2573 2187 2759 2223 rursus
2783 2169 3074 2222 extollatur
3101 2176 3154 2218 et
3189 2166 3494 2226 roboretur,

1914 2266 2093 2320 dando
2128 2275 2346 2335 sceptra
2397 2265 2612 2335 regibus
2657 2261 3004 2323 Christianis,
3037 2275 3241 2326 eosque
3272 2271 3496 2326 magnos

1915 2371 1969 2415 et
1999 2359 2209 2429 amplos
2246 2358 2525 2414 reddendo
2573 2358 2624 2411 in
2667 2369 2760 2411 tuo
2811 2354 3056 2409 nomine.
3087 2353 3188 2418 Qui
3225 2361 3405 2404 autem
3443 2351 3495 2402 in

1917 2455 2123 2507 honore
2157 2462 2402 2507 nostrum
2442 2451 2720 2504 habebunt
2750 2449 3093 2517 martyrium,
3127 2445 3193 2498 da
3219 2445 3301 2497 eis
3333 2443 3494 2495 vitam

1866 2593 1876 2602 .
1915 2546 2050 2601 citra
2086 2544 2248 2600 ullam
2286 2545 2668 2609 offensionem,
2714 2543 2984 2595 bonorum
3029 2537 3264 2606 c0piam,
3293 2544 3347 2589 et
3407 2549 3498 2590 ve-

1913 2640 2057 2690 nium
2092 2649 2462 2707 peccatorum.
2494 2638 2605 2690 Nos
2626 2651 2754 2691 vero
2779 2635 2867 2705 qui
2906 2643 3058 2687 tuum
3093 2629 3386 2684 adventum
3413 2626 3497 2680 di-

1914 2731 2162 2795 lcximus,
2183 2730 2238 2784 in
2265 2739 2465 2783 aeterna
2487 2729 2701 2795 suscipe
2723 2725 3093 2783 tabernacula,
3117 2730 3170 2776 et
3197 2737 3496 2774 annumera

1915 2825 2058 2880 inter
2090 2839 2204 2890 eos,
2236 2823 2328 2892 qui
2364 2822 2458 2876 tibi
2490 2821 2556 2874 ab
2608 2830 2815 2873 :eterno
2847 2818 3188 2886 placuerunt.
3221 2811 3346 2866 llaec
3373 2829 3495 2864 cum

1917 2909 2202 2978 dixissent,
2239 2931 2297 2969 se
2327 2914 2560 2968 invicem
2591 2919 2717 2966 sunt
2768 2909 3026 2978 amplexi.
3063 2907 3277 2960 Primus
3313 2915 3498 2958 autem

1915 3011 2132 3063 divinus
2161 3011 2418 3070 Arethas,
2445 3008 2660 3062 cervice
2693 3004 2974 3067 inclinata,
3008 3002 3174 3054 ictum
3206 2999 3365 3069 gladii
3412 3001 3502 3051 la:-

1919 3111 2096 3156 tautcr
2124 3103 2346 3170 excipit,
2380 3110 2431 3154 et
2459 3101 2532 3153 ita
2564 3100 2610 3150 ei
2635 3105 2799 3166 caput
2835 3105 3172 3164 amputatur.
3204 3094 3369 3146 Porro
3402 3108 3498 3144 au-

226 3183 535 3245 ὑποκλίνας
605 3183 854 3254 ’Λρέθας,
891 3186 983 3253 ὑφ’
1043 3188 1253 3257 ὲτέρων
1309 3187 1402 3239 δύο
1451 3186 1806 3257 βαστάζεται,

1918 3206 2023 3250 tem
2057 3195 2292 3263 reliquus
2324 3207 2546 3260 quoque
2575 3191 2796 3254 chorus,
2838 3189 3078 3258 jucunda
3108 3197 3162 3241 et
3212 3202 3331 3254 qua:
3363 3184 3499 3238 solvi

223 3277 344 3323 εἶτα
377 3277 470 3325 καὶ
517 3277 615 3347 τὴν
648 3278 887 3347 assistit:
919 3280 1254 3347 ἀφαιρεῖται.
1296 3281 1401 3331 Καὶ
1432 3283 1458 3331 ὁ
1513 3281 1700 3344 λοιπὸς
1747 3285 1806 3334 δὲ.

231 3367 544 3428 ἀκολούθως
578 3372 763 3437 χορὸς,
815 3372 847 3438 ἡ
880 3371 1106 3438 γλυκεῖα
1159 3374 1252 3423 καθι
1285 3373 1480 3435 ἅλυτος
1534 3375 1804 3445 ἑταιρεία,

229 3455 305 3516 ὡς
338 3452 484 3526 εἶχον
517 3459 712 3528 τάχους
773 3461 848 3532 τῷ
897 3463 1062 3535 τιμίῳ
1101 3465 1307 3517 ἐκείνου
1357 3465 1693 3537 χρησάμενοι
1727 3468 1811 3521 αῖ-

232 3566 390 3617 ματι,
442 3553 691 3623 καθάπερ
733 3557 836 3608 τινί
873 3555 1032 3628 μύρῳ
1060 3558 1348 3632 πολυτελεῖ
1376 3560 1511 3630 πρὸς
1545 3561 1644 3629 τὴν
1677 3579 1811 3629 σφα-

231 3644 338 3712 γὴν
420 3647 684 3716 ἐχώρουν,
737 3650 833 3702 καὶ
891 3651 1092 3719 σπουδῇ
1143 3653 1293 3723 πάσῃ
1339 3652 1430 3705 τὸν
1484 3652 1570 3705 διὰ
1623 3651 1810 3720 ξίφους

225 3737 478 3806 ἐδέχοντο
510 3739 762 3804 θάνατον,
802 3743 1003 3809 μικροῦ
1038 3744 1132 3794 καὶ
1181 3744 1437 3812 ἀλλήλοις
1471 3743 1566 3797 τοῦ
1614 3746 1810 3817 καιροῦ

229 3831 574 3901 φθονοῦντες,
610 3831 682 3894 ως
719 3832 877 3886 πλέον
926 3852 978 3887 τι
1025 3834 1162 3904 πρὸς
1205 3835 1374 3907 τιμὴν
1429 3837 1683 3904 νέμοντος
1733 3837 1811 3906 τῷ

229 3924 552 3994 προθανᾶντι
597 3928 624 3978 ὁ
652 3927 1039 3996 ἐπερχόμενος.

305 4018 431 4070 KB'.
475 4017 616 4087 Γυνὴ
663 4018 719 4070 δέ
774 4037 855 4082 τις
902 4019 1116 4071 παιδίον
1161 4017 1361 4089 ἔχουσα
1402 4021 1697 4092 παραθέον,
1750 4021 1811 4074 οὐ

228 4110 395 4162 πλέον
460 4109 686 4178 ῆπέντε
737 4113 965 4180 χρόνους
997 4111 1290 4181 γενόμενον
1320 4113 1504 4182 ὁρῶσα
1555 4114 1622 4165 τὰ
1672 4113 1812 4180 δρώ-

231 4218 396 4268 μενα,
431 4204 522 4254 καὶ
566 4202 701 4272 πρὸς
739 4205 830 4252 τον
874 4204 1062 4270 ὅμοιον
1099 4204 1399 4274 διάθερμον
1431 4202 1587 4255 θεῖσα
1623 4202 1810 4272 ζῆλον,

228 4295 332 4361 τὴν
365 4293 632 4359 ταχίστην
698 4293 1139 4363 προσδραμοῦσα
1179 4301 1273 4346 καὶ
1306 4294 1400 4348 τοῦ
1450 4295 1682 4366 αἵματος
1719 4299 1816 4350 καὶ

230 4386 369 4455 αὑτὴ
400 4384 662 4449 λαϐοῦσα,
699 4386 883 4453 ἐκείνη
933 4404 993 4440 τε
1071 4387 1331 4458 ἠλείψατο
1376 4389 1470 4442 καὶ
1513 4390 1605 4442 τον
1650 4391 1815 4443 παῖδα

234 4483 531 4550 μητρυιαῖς
579 4480 737 4551 χερσὶ
793 4481 1126 4552 περιέχριεν.
1180 4481 1312 4534 Εἶτα
1360 4484 1456 4535 καὶ
1518 4486 1598 4546 εἰς
1649 4484 1814 4535 αὑτὸν

1914 3306 2021 3342 non
2049 3298 2260 3357 poterat
2285 3286 2564 3347 sodalitas,
2592 3299 2714 3338 cum
2749 3298 2908 3350 quam
2947 3282 3177 3334 maxima
3208 3288 3500 3349 potuerunt

1914 3382 2214 3443 celeritate,
2247 3395 2304 3434 se
2333 3379 2645 3432 venerando
2680 3376 2966 3430 unxisscut
3011 3374 3157 3426 illius
3207 3372 3499 3440 sanguine,

1917 3486 2171 3545 tanquam
2232 3481 2512 3542 unguento
2565 3472 2746 3536 aliquo
2797 3469 3058 3536 pretioso,
3097 3473 3501 3532 consequenter

1915 3570 1979 3624 ad
2003 3579 2228 3623 mortem
2256 3566 2676 3626 contenderunt,
2698 3578 2858 3630 quam
2889 3562 3064 3628 gladio
3090 3575 3323 3627 propere
3343 3572 3500 3609 acce-

1916 3670 2131 3732 perunt,
2163 3660 2264 3712 sibi
2300 3660 2528 3710 invicem
2565 3667 2779 3723 tempus
2812 3650 3205 3722 propemodum
3243 3648 3499 3702 inviden—

1919 3766 2021 3816 tes,
2051 3761 2235 3821 utpote
2267 3748 2407 3819 quod
2446 3746 2574 3816 quid
2606 3745 2784 3813 majus
2821 3744 2884 3796 ad
2940 3743 3203 3795 honorem
3235 3738 3506 3792 tribuere-

1919 3855 2006 3898 tur
2037 3847 2107 3906 ei,
2147 3844 2237 3911 qui
2268 3843 2416 3911 prius
2447 3849 2562 3893 erat
2587 3849 2854 3901 mortuus,
2892 3850 3000 3904 pra:
3033 3835 3145 3896 illo,
3176 3833 3268 3900 qui
3305 3830 3500 3884 deinde

1917 3937 2270 4003 sequebatur.

1991 4029 2154 4084 XXII.
2201 4026 2456 4094 Quantam
2517 4032 2698 4077 autem
2755 4019 2948 4074 mulier
2999 4017 3208 4070 habens
3269 4029 3500 4083 puerum

1917 4127 2463 4189 prxtcrcurrentem,
2500 4130 2606 4165 non
2663 4111 2781 4180 plus
2834 4125 2993 4178 quam
3049 4108 3291 4176 quinque
3329 4119 3503 4156 annos

1918 4221 2128 4270 natum,
2157 4225 2279 4263 cum
2310 4208 2517 4261 videret
2552 4220 2636 4266 ea,
2669 4219 2789 4272 qua:
2840 4202 3062 4263 fiebant,
3093 4208 3144 4251 et
3171 4199 3234 4250 ad
3271 4198 3499 4251 similem

1918 4319 2144 4358 accensa
2194 4309 2340 4355 esset
2390 4298 2817 4360 aemulationem,
2869 4294 3134 4348 citissime
3182 4305 3499 4353 accurrens,

1920 4413 2042 4451 cum
2097 4398 2210 4464 ipsa
2277 4407 2495 4463 quaque
2550 4390 2848 4458 accepisset
2903 4388 3263 4455 sanguinem,
3311 4399 3369 4436 se
3412 4383 3503 4436 illo

1921 4492 2078 4543 unxit
2113 4498 2165 4540 et
2203 4488 2393 4539 tilium.
2425 4483 2630 4537 Deinde
2667 4483 2844 4550 ipsum
2884 4494 3062 4548 regem
3095 4476 3498 4536 ludificabatur,

228 4573 622 4630 ἐναπέσκωπτε
672 4572 762 4624 τὸν
810 4571 1062 4641 βασιλέα,
1116 4571 1383 4642 τύραννον
1433 4573 1806 4636 ἀποκαλοῦσα,

1921 4597 2046 4636 eum
2105 4593 2307 4635 vocans
2367 4585 2676 4645 tyranuum.
2718 4580 2773 4626 ct
2823 4586 2986 4640 quam
3021 4569 3255 4624 maxima
3289 4577 3503 4637 poterat

230 4668 325 4718 καὶ
354 4662 610 4730 ὀξυτάτῃ,
645 4662 718 4722 ὡς
748 4657 882 4731 εἶχε,
917 4663 1091 4729 φωνῇ,
1130 4662 1325 4713 Ἔσται
1356 4660 1432 4730 τῷ
1467 4661 1678 4730 βασιλεί
1706 4659 1816 4711 τῶν

245 4754 516 4822 Ἐὕραίων
549 4755 623 4814 ὡς
660 4753 740 4823 τῷ
785 4755 1011 4824 Φαραὼ,
1039 4753 1297 4820 λέγουσα.
1333 4755 1396 4807 Οἱ
1453 4753 1666 4806 ἐκείνου
1705 4752 1816 4805 τοί·

232 4867 327 4902 νυν
362 4848 705 4900 ὑπασπισταὶ
735 4846 843 4898 τῶν
873 4847 1184 4916 λεγομένων
1217 4847 1581 4911 ἁκουσάντες,
1619 4847 1817 4898 συλλα-

231 4943 420 5004 ϐόντες
456 4939 615 5001 εὐθὺς
645 4941 746 5010 τὴν
792 4943 1034 5008 γυναῖκα
1069 4942 1143 5004 ὡς
1175 4941 1338 4994 αὑτὸν
1370 4943 1561 5008 ἄγουσι
1591 4943 1682 4993 τὸν
1714 4941 1812 5010 βα-

235 5038 413 5098 σιλέα,
449 5037 542 5088 καὶ
575 5034 721 5104 ἅπερ
749 5035 944 5104 ἐκείνῳ
980 5035 1191 5105 πικρῶς
1223 5033 1622 5103 διελοιδορεῖτο.
1673 5034 1814 5102 μετᾶ

232 5128 434 5195 πολλῆς
481 5125 886 5196 ἀπαγγέλλουσι
933 5129 1030 5197 τῆς
1078 5128 1416 5199 προσθήκης.
1467 5127 1525 5180 '0
1569 5128 1647 5193 δὲ,
1681 5128 1814 5198 μηδὲ

230 5226 393 5290 λόγου
425 5221 560 5289 μηδὲ
595 5222 760 5292 ψιλῆς
821 5222 960 5292 αὐτῇ
1001 5223 1271 5292 μεταδοὺς
1321 5222 1666 5294 ἐρωτήσεως,
1711 5220 1815 5272 ποῦ

234 5317 408 5388 γὰρῆ
445 5316 666 5386 βασάνῳ
707 5316 768 5370 τὸ
801 5317 1058 5387 πρᾶγμα,
1097 5318 1129 5387 ἢ
1169 5319 1348 5389 κρίσει
1395 5320 1502 5370 τινί
1546 5316 1814 5383 δεδωκὼς,

228 5415 321 5464 τὸν
344 5409 430 5462 διὰ
463 5409 632 5477 πυρὸς
666 5410 835 5479 αὐτῆς
868 5409 1309 5479 καταψηφίζεται
1342 5410 1595 5464 θανατον.
1633 5411 1809 5473 Εὐθὺς

229 5504 324 5557 οὖν
349 5502 450 5572 ὕλη
495 5504 867 5568 συνεφορεῖτο,
904 5504 996 5556 καὶ
1026 5501 1137 5572 πῦρ
1170 5503 1308 5575 αὐτῇ
1349 5504 1755 5574 ὑπερεϐάλλετο
1785 5508 1816 5574 ὴ

238 5594 375 5662 φλόξ
403 5610 456 5645 τε
490 5592 580 5645 ἐπὶ
617 5593 761 5661 μέγα
793 5593 978 5662 ᾔρετο,
1032 5597 1127 5648 καὶ
1174 5594 1304 5665 θείῳ
1355 5597 1449 5649 καὶ
1498 5598 1688 5665 πίσση,
1722 5599 1821 5651 καὶ

233 5688 568 5756 κληματίσιν
622 5688 907 5759 ἐτρέφετο.
957 5685 1089 5743 Εἶτα
1128 5689 1220 5743 καὶ
1271 5691 1305 5761 ἠ
1344 5693 1482 5758 γυνὴ
1540 5691 1818 5760 περιεδεσ-

312 5865 328 5892 ⁸
362 5863 484 5920 Psal
535 5883 748 5933 CMMX,
781 5868 833 5923 8.
911 5870 929 5899 ⁸
961 5867 1101 5922 Psal.
1144 5885 1288 5938 mu,
1335 5870 1413 5924 l2.

1918 4689 2048 4729 voce
2077 4673 2302 4726 dicens:
2337 4669 2452 4724 Erit
2476 4669 2831 4721 Hebraeorum
2865 4665 2998 4731 regi.
3031 4664 3174 4716 sicut
3207 4660 3502 4714 Pharaoni.

1913 4768 2063 4821 Illius
2099 4781 2228 4818 \ero
2268 4763 2554 4820 satellites,
2588 4762 2676 4823 iis,
2704 4775 2824 4827 qua:
2875 4756 3222 4816 dicebantur,
3276 4753 3498 4814 auditis,

1912 4856 2361 4925 comprehensam
2406 4852 2592 4906 statim
2628 4849 2915 4903 mulierem
2971 4843 3270 4902 ducuutad
3321 4844 3499 4913 ipsum

1917 4964 2128 5018 regem,
2175 4955 2231 5001 et
2268 4945 2578 5006 maledicta,
2607 4943 2802 5012 quibus
2850 4942 2998 4995 illum
3057 4939 3251 4993 acerbe
3283 4947 3504 5006 appete-

1918 5045 2030 5106 bat,
2073 5042 2391 5098 renuntiant
2417 5055 2540 5092 cum
2576 5052 2767 5106 magna
2794 5035 3131 5089 accessione.
3163 5031 3253 5086 llle
3294 5041 3498 5085 autem.

1919 5153 2042 5191 cum
2071 5151 2168 5188 nec
2194 5134 2240 5186 ei
2272 5132 2494 5186 fecisset
2523 5129 2738 5183 dicendi
2779 5136 3129 5198 potestatem,
3168 5137 3222 5180 et
3258 5140 3356 5177 nec
3382 5139 3500 5177 eam

1917 5226 2136 5297 quidem
2168 5225 2575 5295 interrogasset,
2619 5237 2741 5275 eam
2766 5219 3117 5281 condemnat,
3144 5225 3202 5269 ut
3233 5216 3354 5284 igne
3389 5230 3503 5266 mo-

1919 5329 2151 5374 reretur.
2179 5319 2374 5373 Statim
2405 5333 2531 5385 ergo
2564 5316 2665 5369 fuit
2690 5324 2944 5384 congesta
2982 5309 3228 5373 materia,
3260 5320 3316 5362 et
3366 5307 3504 5374 ignis

1922 5414 1968 5467 ei
1999 5413 2314 5482 subjectus:
2343 5417 2395 5462 et
2422 5408 2634 5462 flamma
2667 5423 2722 5462 se
2758 5407 2810 5460 in
2843 5405 3009 5458 altum
3037 5402 3502 5466 sustulit,sutfure

1920 5517 1974 5560 et
2004 5506 2121 5575 pice
2147 5515 2200 5559 et
2231 5502 2525 5557 sarmentis
2557 5504 2786 5556 nutrita.
2819 5497 3024 5553 Deinde
3062 5499 3163 5551 fuit
3186 5495 3350 5549 ctiam
3381 5494 3502 5548 alii-

1921 5610 2042 5670 gata
2073 5597 2289 5661 mulier,
2320 5605 2374 5651 et
2407 5612 2525 5651 eam
2557 5595 2807 5649 lictorum
2841 5607 3032 5646 manus
3059 5588 3498 5659 complecteban-

1923 5702 2029 5755 tur,
2065 5697 2120 5743 ut
2165 5704 2290 5743 cum
2339 5687 2530 5743 fuisset
2561 5685 2641 5740 eis
2685 5699 2824 5740 onus
2857 5688 3073 5754 portatu
3123 5680 3302 5745 facile,
3336 5679 3412 5733 sic
3445 5679 3499 5731 in

1496 5873 1514 5898 ⁸
1549 5869 1690 5925 Psal.
1731 5887 1911 5934 Lxxm,
1955 5872 2002 5926 3.
