4216 6432
238 416 379 484 1277

1394 413 1501 474 MA
1514 417 1866 477 R'l‘YRlUM
1907 419 1966 478 S.
2013 421 2364 486 ΑΠΕΤΗΕ.

3367 427 3499 492 12ῖὸ

235 527 604 599 σφοδρύτερον
635 529 776 582 κατὰ
829 526 924 581 τοῦ
958 526 1134 598 μηροῦ
1167 526 1351 580 δάκνει
1396 523 1492 577 τὸν
1554 525 1802 594 βασιλέα.

1915 531 2195 585 mordetin
2227 532 2453 589 femore.
2489 535 2583 591 Ille
2614 545 2819 603 autem,
2847 536 3010 591 simul
3045 546 3207 606 atque
3234 536 3501 591 sensisset

245 621 306 674 Ὀ
346 621 400 674 δὲ
445 620 540 674 τοῦ
591 621 871 690 δήγματος
929 620 1045 689 ἅμα
1106 618 1449 688 αἰσθόμενος,
1490 618 1584 672 καὶ
1614 618 1810 671 διατα-

233 713 460 785 ραχθεὶς
489 713 653 767 αὐτον
694 714 1022 778 ἀπωθεῖται,
1071 714 1163 766 καὶ
1217 712 1326 764 τῶν
1368 714 1462 782 τῆς
1501 714 1811 782 συγκλήτου

232 809 345 860 τινί
405 808 796 878 παραδίδωσιν,
853 808 940 875 ἐφ’
974 801 1018 874 ᾧ
1063 805 1263 876 μᾶλλον
1327 806 1642 869 Ἰουδαϊκῶς
1678 807 1812 877 παρ’

234 902 431 969 ἐκείνῳ
476 901 708 968 τραφείη
746 902 837 953 καὶ
869 901 955 952 τὸν
997 899 1426 968 Χριστιανισμὸν
1465 898 1809 970 ἑξομὸσαιτο.

232 992 342 1042 Καὶ
377 991 404 1041 ὁ
438 991 536 1060 μὲν
565 991 744 1043 λαϐὼν
772 991 861 1042 τὸν
919 990 1082 1042 παῖδα
1141 990 1330 1062 ἀπῄει,
1380 991 1447 1042 τὰ
1497 989 1809 1058 πραχθέντα

231 1085 564 1153 ποιούμενος
613 1085 702 1137 διὰ
755 1083 1056 1152 θαύματος,
1098 1086 1209 1145 τοῖς
1266 1084 1445 1145 ἄλλοις
1484 1101 1544 1135 τε
1603 1083 1807 1151 μεταξὺ

706 1174 794 1226 Ἑν
847 1173 1023 1242 τούτῳ
1073 1174 1130 1226 δὲ
1185 1173 1246 1225 τὸ
1274 1174 1487 1226 παιδίον
1526 1171 1805 1238 διαλαθδν,

1538 1267 1634 1318 καὶ⁸
1665 1265 1807 1317 κατὰ

229 1174 594 1244 διηγούμενος
631 1211 646 1227 .

228 1267 420 1336 δρόμῳ
447 1267 626 1335 πολλῷ
675 1267 810 1338 πρὸς
851 1267 949 1336 τὴν
1001 1268 1213 1334 μητέρα
1264 1266 1482 1335 ἐχώρει,

246 1358 439 1426 μέσης,
467 1359 615 1418 ὅπως
642 1352 777 1425 εἶχε,
804 1357 900 1426 τὴν
933 1357 1164 1426 κάμινον
1186 1357 1438 1427 εἰσπηδᾷ,
1467 1358 1566 1429 τὴν
1597 1359 1810 1428 μητέρα

231 1470 292 1504 τε
331 1452 407 1514 ὡς
446 1451 595 1522 αὐτῷ
629 1451 803 1504 ἐδόκει
852 1449 1166 1522 περιλαϐὸν,
1191 1497 1197 1503 .
1221 1452 1315 1503 καὶ
1351 1451 1638 1505 κάλλιστον
1670 1453 1806 1523 αὖτῇ

231 1546 489 1612 ἐντάφιον
513 1545 704 1596 ἑαυτὸν
732 1544 988 1609 δεδωκὸς,
1017 1544 1110 1596 τὸν
1142 1544 1242 1612 τῆς
1293 1545 1603 1614 μαρτυρίας
1639 1544 1809 1612 ἄμφω

231 1635 638 1706 κληρονομοῦσι
670 1636 956 1704 στέφανον.
1017 1634 1237 1688 Τούτων
1265 1635 1408 1689 οὕτω
1443 1637 1806 1704 τελουμένων,

229 1727 379 1779 ἔλεον
424 1727 684 1788 λαϐόντες
720 1729 826 1780 τῶν
873 1726 1046 1780 ταῦτα
1089 1730 1409 1796 πασχόντων
1462 1728 1806 1796 Χριστιανῶν

228 1819 280 1870 οἱ
317 1819 446 1887 περὶ
473 1818 565 1872 τὸν
616 1816 861 1888 βασιλέα,
894 1820 988 1871 καὶ
1023 1819 1137 1871 ὅσοι
1186 1821 1286 1888 τῆς
1324 1820 1656 1888 συγκλήτου,
1695 1819 1808 1872 ἱκέ-

1918 639 2156 678 mersum
2211 636 2266 680 et
2303 628 2492 682 fuisset
2538 631 2919 693 conturbatus,
2967 646 3091 684 eum
3151 638 3375 699 repente
3405 629 3500 682 ab-

1909 713 2048 780 jicit,
2077 723 2133 767 et
2187 731 2309 768 eum
2387 718 2551 770 tradit
2589 718 2804 772 cuidam
2853 736 2916 773 ex
2967 729 3182 780 senatu.
3214 729 3273 772 ut
3303 719 3370 772 ab
3407 718 3500 772 illo

1912 805 2148 859 aleretur
2180 809 2407 862 maxime
2437 809 2680 871 Judaice.
2729 823 2782 864 et
2822 813 3096 880 abiuraret
3157 812 3484 867 Christiani-

1914 912 2112 951 smum.
2152 899 2218 952 Et
2277 900 2365 954 ille
2396 903 2614 969 quidem
2677 905 2877 966 abibat,
2925 913 3144 972 accepto
3175 919 3362 970 puero.
3402 903 3501 956 ad-

1912 990 2118 1044 mirans
2153 1006 2238 1053 ea,
2272 1009 2392 1061 qua:
2431 993 2571 1048 facta
2605 995 2840 1052 fuerant.
2874 1006 2928 1049 ct
2977 995 3135 1048 simul
3171 995 3332 1048 etiam
3369 1010 3494 1044 nar-

1913 1097 2042 1135 rans
2079 1083 2220 1139 aliis.
2255 1083 2475 1137 Interim
2507 1097 2686 1137 autem
2725 1101 2879 1153 puer,
2910 1101 2974 1139 eo
3007 1085 3292 1146 insciente,
3327 1099 3496 1135 cursu

1911 1178 2194 1230 contendit
2225 1177 2290 1228 ad
2325 1186 2574 1240 matrem,
2617 1187 2671 1231 et
2708 1179 2878 1232 insilit
2932 1178 2986 1230 in
3051 1178 3286 1230 mediam
3320 1178 3500 1229 forna-

1911 1283 2049 1328 ccm.
2108 1281 2462 1338 matremque.
2529 1281 2586 1324 ut
2641 1271 2688 1325 ei
2723 1271 3030 1328 videbatur.
3066 1271 3403 1338 complexus.
3444 1278 3498 1323 et

1912 1362 2344 1430 pulcherrimum
2377 1363 2596 1416 bustum
2651 1365 2888 1431 seipsum
2931 1363 2975 1414 ei
3011 1362 3248 1420 tradens.
3285 1360 3338 1412 ﬁt
3375 1376 3495 1412 eum

1912 1453 2025 1522 ipsa
2068 1453 2240 1508 hzeres
2282 1469 2496 1508 coronae.
2531 1454 2793 1524 martyrii.
2841 1455 2974 1507 Cum
3011 1455 3124 1508 hac
3158 1455 3233 1505 sic
3269 1453 3485 1515 fierent,

1911 1545 2235 1613 patientium
2271 1545 2704 1599 Christianorum
2733 1546 2862 1599 moti
2898 1546 3268 1598 misericordia
3322 1545 3354 1596 ii
3395 1545 3488 1611 qui

1911 1645 2068 1691 erant
2133 1638 2276 1690 circa
2341 1654 2522 1707 regem
2585 1648 2638 1692 et
2696 1639 2809 1706 ipse
2860 1649 3107 1698 senatus,
3140 1637 3402 1703 rogabant
3437 1644 3495 1688 ut

1909 1740 2137 1784 caeteros
2196 1731 2486 1792 relaxaret,
2549 1741 2604 1784 et
2663 1746 2769 1783 nou
2828 1732 3048 1799 penitus
3099 1731 3349 1798 perderet
3381 1739 3490 1783 tam

1911 1837 2158 1890 magnam
2194 1822 2488 1884 civitatem,
2521 1831 2574 1876 et
2635 1822 2832 1891 p0pul0
2893 1833 2998 1874 tam
3037 1821 3376 1891 frequentem
3440 1831 3496 1875 et

227 1925 384 1962 τευον
414 1910 576 1962 αὑτὸν
609 1911 840 1972 ἀνεῖναι,
875 1909 970 1962 καὶ
1038 1911 1112 1980 μὴ
1142 1911 1312 1982 ἄρδην
1344 1911 1618 1964 ἀπολέσαι
1650 1911 1803 1964 πόλιν

1908 1929 2028 1983 qua:
2082 1915 2377 1983 quotannis
2439 1930 2632 1984 magna
2682 1914 2956 1982 pendebat
2988 1914 3287 1983 vectigalia.
3336 1911 3501 1965 Post-

227 2000 376 2054 οὕτω
409 2004 653 2071 μεγάλην
687 2002 782 2053 καὶ
817 2001 1272 2071 πολυάνθρωπον,
1335 2002 1428 2054 καὶ
1482 2001 1619 2054 πολὺ
1667 2000 1806 2069 πλῆ-

229 2094 612 2157 θος.ὲπετείων
637 2095 817 2164 φόρων
848 2095 1216 2164 παρέχουσαν.
1243 2094 1398 2147 Ἐπεὶ
1425 2090 1517 2147 οὖν
1546 2096 1602 2146 ὲν
1629 2093 1804 2163 τούτῳ

228 2189 544 2253 κατένευεν,
577 2190 609 2253 ἡ
647 2187 865 2256 σκληρὰ
912 2189 1094 2257 ἐκείνη
1133 2190 1229 2241 καὶ
1275 2189 1614 2258 (Inpetravit-te;
1652 2189 1802 2257 ψυχὴ

224 2276 320 2331 δύο
352 2277 540 2331 παθῶν
565 2278 622 2330 ὲν
648 2277 794 2347 αύτῷ
825 2277 1237 2347 διερισαμένων,
1287 2279 1382 2331 καὶ
1413 2277 1676 2346 ὠμότητα
1714 2293 1805 2342 φι-

224 2367 600 2440 λοχρηματίας
633 2371 1026 2439 ὲκνικησάσης,
1061 2367 1111 2421 τί
1144 2371 1325 2435 ποιεῖ;
1364 2369 1584 2438 Ταύτης
1615 2386 1674 2420 τε
1707 2368 1805 2436 τῆς

225 2465 438 2523 πόλεως
469 2461 563 2513 καὶ
598 2462 778 2532 πάσης
806 2460 908 2528 τῆς
942 2459 1124 2530 χώρας
1169 2461 1229 2513 τὸ
1289 2461 1502 2523 νεάζον,
1546 2460 1714 2532 ἄρρεν
1744 2477 1804 2514 τε

232 2555 333 2605 καὶ
363 2551 519 2621 θῆλυ,
570 2551 1170 2621 ἐξανδραποδισάμενος
1195 2551 1275 2614 είς
1303 2550 1504 2612 πολλὰς
1534 2549 1804 2620 ἀριθμού-

230 2663 396 2724 μενον
431 2647 720 2716 μυριάδας,
755 2646 850 2698 καὶ
907 2644 1000 2708 οὓς
1035 2645 1135 2714 μὲν
1169 2644 1332 2707 αὐτὸς
1363 2643 1674 2714 κατασχὼν,
1712 2643 1806 2706 οὓς

224 2737 285 2788 δὲ
319 2739 411 2789 καὶ
451 2739 719 2801 διαδιδοὺς
755 2741 833 2800 εἰς
868 2737 1114 2790 δουλείαν
1146 2732 1227 2800 οἷς
1259 2737 1368 2806 ἄρα
1399 2736 1670 2802 ἐϐούλετο,
1701 2737 1800 2791 αὖ·

225 2827 580 2897 θιςέπανῆκε
615 2829 748 2898 πρὸς
781 2829 848 2880 τὰ
875 2829 1144 2898 βασίλεια,
1206 2829 1613 2899 δουλωσάμενος
1648 2831 1802 2884 πόλιν

225 2922 522 2994 ἐλευθέραν
591 2923 686 2976 καὶ
737 2923 874 2993 μόνῃ
918 2924 984 2991 τῇ
1041 2921 1230 2990 Τριάδι
1286 2925 1676 2991 ἀνακειμένην,
1728 2925 1796 2992 ἢν

224 3016 390 3078 αὐτὸς
431 3015 662 3086 Χριστὸς
724 3014 798 3084 τῷ
829 3015 942 3083 ἰδίῳ
1003 3013 1376 3084 ὲξηγοράσατο
1421 3014 1636 3082 αἵματι,
1681 3015 1804 3083 ἥτις

1905 2021 2066 2074 quam
2125 2016 2303 2060 autem
2339 2006 2438 2059 hac
2481 2007 2532 2059 in
2587 2022 2643 2060 re
2701 2008 2891 2059 annuit
2921 2008 3053 2059 dura
3089 2007 3174 2059 llla
3215 2007 3389 2058 anima
3443 2008 3498 2058 ei

1909 2096 2289 2150 Pharaonitica
2343 2096 2827 2166 crudelitatemque
2907 2097 3038 2150 vicit
3091 2095 3334 2156 aiax-ilia,
3367 2094 3497 2162 quid

1905 2191 2069 2246 facit?
2097 2191 2232 2246 Cum
2269 2193 2428 2259 hujus
2475 2192 2712 2246 civitatis
2758 2204 2811 2246 et
2844 2193 3008 2245 tutius
3051 2191 3290 2259 regionis
3346 2190 3496 2258 juve-

1905 2297 2026 2344 nes,
2063 2289 2168 2334 tam
2223 2281 2490 2337 masculos
2536 2298 2694 2351 quam
2754 2281 3006 2343 feminas,
3077 2280 3374 2348 redegisset
3442 2276 3493 2330 iu

1886 2375 2252 2436 servitutem,
2304 2390 2538 2443 quorum
2608 2383 2763 2429 erant
2804 2375 2969 2427 multa
3033 2372 3220 2426 millia.
3270 2382 3322 2424 et
3365 2371 3499 2424 alios

1903 2465 2121 2536 quidem
2183 2466 2298 2534 ipse
2353 2467 2686 2529 retinuisset,
2736 2467 2872 2520 alios
2918 2477 3100 2519 autem
3175 2463 3493 2516 tradidisset

1904 2561 2101 2631 quibus
2132 2561 2320 2621 voluit.
2363 2577 2615 2615 reversus
2649 2571 2732 2614 est
2783 2561 2833 2613 in
2864 2560 3085 2628 regiam,
3145 2557 3320 2610 libera
3354 2555 3488 2608 civi-

1905 2661 2014 2706 tate
2039 2653 2231 2707 ell‘ecta
2270 2670 2448 2715 serva,
2492 2670 2609 2723 quae
2647 2654 2895 2706 dedicata
2919 2661 3036 2706 erat
3073 2650 3168 2704 soli
3208 2648 3496 2710 Trinitati,

1911 2761 2072 2814 quam
2106 2745 2219 2814 ipse
2277 2746 2528 2800 Christus
2587 2745 2816 2800 redemit
2851 2745 3070 2814 proprio
3117 2741 3404 2809 sanguine,
3441 2749 3496 2792 et

1906 2853 2028 2907 qua:
2087 2836 2138 2891 ei
2193 2837 2387 2890 obtulit
2445 2844 2651 2890 tantum
2703 2849 2993 2906 martyrum
3046 2835 3492 2896 multitudinem,

1912 2945 2098 2982 eorum
2129 2929 2386 2983 victorias
2418 2939 2474 2984 et
2521 2931 2820 2983 certamina
2881 2928 3138 2998 praeclare
3186 2926 3492 2998 praedicans

1917 3021 2034 3072 orbi
2072 3029 2248 3077 terrae.
3191 3043 3197 3046 ·

222 3109 497 3179 τοσαύτην
529 3108 677 3179 αὐτῷ
720 3108 1016 3180 μαρτύρων
1043 3108 1269 3179 χορείαν
1312 3109 1658 3179 προσήγαγε,
1685 3111 1814 3171 τοὺς
1872 3110 2089 3177 ἀγῶνας
2119 3115 2300 3167 αὐτῶν
2332 3117 2422 3169 καὶ
2484 3115 2585 3179 τὰς
2647 3115 2806 3176 νίκας
2870 3114 3139 3186 λαμπρῶς
3192 3115 3256 3183 τῇ
3312 3113 3494 3163 οἰκου-

227 3202 367 3272 μένῃ
404 3201 822 3271 ἁνακηρύξασα.

302 3297 428 3350 κε’,
460 3296 568 3349 Καὶ
600 3297 771 3348 ταῦτα
807 3298 904 3363 μὲν
935 3296 998 3364 δὴ
1034 3299 1259 3348 τοιαῦτα
1308 3298 1400 3349 καὶ
1456 3296 1628 3358 οὕτως
1658 3297 1805 3365 ἕχον-

1988 3293 2156 3350 XXV.
2191 3295 2256 3349 Et
2315 3296 2431 3349 haec
2488 3294 2706 3363 quidem
2743 3295 2814 3348 ita
2851 3309 2908 3347 sc
2961 3293 3254 3347 habebant.
3294 3296 3496 3352 Rever-

223 3406 315 3443 τα.
360 3389 872 3456 ’Υποστρέφοντιδέ
927 3387 1004 3458 τῷ
1055 3389 1294 3459 Ἑϐραίῳ
1344 3388 1453 3456 πῦρ
1489 3388 1574 3456 ἐφ’
1618 3389 1806 3451 ἱκανὰς

225 3480 444 3551 ἡμέρας
483 3482 695 3550 ἑωρᾶτο
727 3481 794 3533 δι’
828 3483 951 3551 ὅλης
982 3481 1172 3545 νυκτὸς
1205 3482 1295 3533 τὸν
1325 3481 1522 3550 αἰθέρα
1543 3479 1806 3556 πληροῦν,

224 3575 322 3628 καὶ
362 3574 524 3626 αὐτόν
547 3593 606 3626 τε
637 3577 882 3628 Δουναὰν
906 3574 1001 3626 καὶ
1050 3574 1149 3642 τὴν
1184 3573 1349 3625 αὑτοῦ
1407 3573 1668 3642 στρατιὰν
1691 3575 1808 3637 εξε-

223 3666 505 3733 ὅειμάτου,
545 3668 640 3718 καὶ
674 3665 772 3735 τὴν
801 3667 971 3733 ὀργὴν
1006 3665 1148 3716 κατὰ
1181 3665 1286 3716 τῶν
1324 3663 1538 3715 ἀσεϐῶν
1565 3666 1806 3731 ἐτεκμη-

225 3755 431 3826 ριοῦτο.
490 3752 623 3807 Εἶτα
651 3756 745 3806 καὶ
780 3755 888 3822 πῦρ
942 3753 1236 3824 ἄνωθεν,ή
1299 3753 1516 3824 ἐντελὴς
1572 3752 1792 3822 μάστιξ,

225 3849 321 3900 ἐπὶ
345 3849 442 3917 τὴν
471 3849 592 3916 γῆν,
627 3847 770 3900 ὕετο.
814 3846 954 3899 Ἀλλ’
1000 3846 1118 3898 οὐδὲ
1168 3847 1341 3916 βραχὺ
1383 3846 1647 3907 συνιέναι,
1684 3847 1804 3897 οὐδὲ

230 3941 669 4012 σωφρονίζεσθαι
700 3936 845 4009 εἶχεν
872 3941 900 3991 ὁ
930 3938 1231 4004 ἁλιτήριος,
1274 3938 1382 3990 οὐδ’
1417 3937 1520 3990 ὑπὸ
1549 3940 1648 4007 τὴν
1679 3953 1808 4006 κραν

229 4035 392 4086 ταιὰν
425 4033 521 4085 τοῦ
563 4032 701 4085 Θεοῦ
741 4034 901 4102 χεῖρα
937 4029 1339 4083 καλύπτεσθαι.
1385 4032 1478 4093 Εἰς
1507 4031 1666 4086 τοῦτο
1697 4031 1806 4100 γὰρ

230 4127 436 4195 μανίας
472 4124 676 4193 ἐξήχθη
712 4124 850 4174 κατὰ
880 4122 1243 4193 Χριστιανῶν,
1278 4122 1362 4184 ὡς
1381 4124 1475 4174 καὶ
1508 4121 1806 4190 πρεσϐείαν

228 4217 516 4288 ἐκπέμψαι
546 4216 625 4286 τῷ
680 4217 787 4268 τῶν
831 4216 1058 4283 Περσῶν
1096 4214 1324 4282 βασιλεῖ,
1359 4215 1525 4278 ἀξιῶν
1561 4217 1655 4264 καὶ
1709 4213 1807 4265 αύ-

226 4313 322 4364 τὺν
354 4313 424 4363 τὰ
471 4311 633 4378 ὃμοια
683 4309 905 4376 δρᾶσαι,
957 4305 1051 4358 καὶ
1082 4307 1291 4368 πάντας
1321 4306 1446 4368 τοὺς
1479 4303 1805 4373 εὑρισκομέ-

229 4419 350 4467 νους
395 4401 489 4456 ὑπ’
519 4401 712 4469 ἐκείνῳ
747 4399 1112 4466 Χριστιανοὺς
1143 4397 1310 4468 ἄρδην
1341 4397 1628 4460 ἀπολέσαι,
1657 4395 1799 4463 εἴγε

225 4499 320 4550 τον
352 4497 503 4565 ἥλιον
544 4495 774 4564 εὐμενῆ,
805 4492 958 4560 φησὶ,
992 4491 1236 4558 βούλοιτο
1265 4491 1410 4559 ἔχειν
1457 4490 1554 4542 καὶ
1587 4490 1678 4542 τὸν
1707 4490 1805 4541 αύ-

225 4589 322 4641 τοῦ
353 4587 593 4657 πατέρα,
624 4587 698 4646 ὡς
717 4587 922 4646 ἐκεῖνος
941 4584 1281 4652 άπεφλυάρει
1305 4582 1393 4632 τὸν
1415 4580 1520 4631 τῶν
1537 4579 1804 4648 Ἐϐραίων

227 4681 383 4734 Θεόν.
415 4680 496 4732 Τὰ
522 4682 659 4732 αὐτὰ
689 4680 743 4730 δὲ
774 4678 947 4731 ταῦτα
979 4678 1070 4729 καὶ
1114 4674 1536 4745 ’Λλαμουνδάρῳ
1569 4673 1642 4741 τῷ

222 4775 516 4843 ηγονμένῳ
543 4773 651 4823 τῶν
705 4770 808 4822 ὑπὸ
857 4771 1088 4840 Πέρσαις
1123 4767 1454 4836 Σαρακηνῶν
1499 4765 1805 4816 ἐπέστειλεν

227 4861 662 4931 ὑπισχνούμενος
704 4861 800 4914 καὶ
851 4863 1111 4930 χρήματα
1155 4861 1368 4924 δώσειν,
1412 4861 1460 4911 εἰ
1518 4861 1662 4913 κατὰ
1696 4860 1804 4911 τῶν

227 4958 334 5009 ὑπὸ
391 4959 545 5027 χεῖρα
605 4957 948 5026 Χριστιανῶν
1004 4957 1245 5024 διωγμὶν
1296 4955 1532 5023 κινήσει.
1602 4954 1742 5006 Ἀλλ’
1777 4957 1803 5005 ὁ

231 5050 332 5117 μὲν
363 5048 507 5100 οὕτω
539 5049 889 5118 Χριστιανοῖς
915 5048 1224 5116 ἀπήχθετο,
1258 5049 1350 5099 καὶ
1385 5046 1560 5109 οὕτως
1606 5047 1800 5109 ὲποίει,

229 5144 262 5209 ἠ
293 5141 415 5210 δίκη
439 5141 494 5193 δὲ
529 5145 643 5203 τοῖς
684 5141 1084 5210 πραττομένοις
1118 5143 1218 5192 οὐκ
1254 5139 1621 5209 ὲφησύχαζεν.
1666 5139 1800 5192 Ἰου-

232 5234 412 5294 στῖνος
457 5234 564 5302 γάρ
616 5236 642 5285 ὁ
705 5234 992 5299 Ῥωμαίων
1033 5233 1266 5301 εὐσεϐὴς
1329 5231 1608 5301 βασιλεὺς,
1665 5232 1804 5284 οὕτω

228 5325 388 5389 δόξαν
421 5325 590 5389 αὐτῷ,
618 5327 900 5397 εἰρηνικὰς
930 5325 1354 5396 Ἀλατλιουνδάρῳ
1381 5325 1612 5388 σπονδάς
1668 5325 1804 5392 πρὸς

225 5419 354 5480 τοὺς
389 5418 695 5486 ὑποφόρους
739 5418 1028 5487 Ῥωμαίων
1070 5419 1417 5488 Σαρακηνοῦς
1441 5418 1630 5470 θέσθαι
1660 5434 1802 5487 παρα

227 5511 346 5584 ῄνει
377 5526 389 5539 ⁸
424 5514 519 5563 καὶ
546 5512 573 5563 ὀ
600 5510 771 5562 ταῦτα
803 5510 1121 5581 πρεσϐεύων
1164 5510 1486 5580 ’Λϐράμιος,
1515 5510 1654 5579 ἀνὴρ
1685 5510 1802 5562 θεο-

227 5605 388 5675 φιλὴς
443 5605 536 5657 καὶ
590 5602 982 5673 πρεσϐύτερος,
1021 5602 1383 5672 ἐξεπέμπετο.
1457 5601 1718 5672 Παρῆσαν
1745 5600 1802 5651 δὲ

224 5699 320 5751 καὶ¹
361 5698 467 5749 am
489 5696 583 5750 τοῦ
639 5695 860 5765 Περσῶν
908 5693 1172 5762 βασιλέως
1203 5697 1318 5747 ἐκεῖ
1347 5695 1494 5748 ἄλλοι
1545 5694 1604 5745 τὲ
1635 5710 1798 5757 τινες,

227 5791 324 5846 καὶ
363 5792 630 5854 Ἰσαάκιος
680 5790 1070 5861 πρεσϐύτερος,
1123 5791 1151 5842 δ
1182 5791 1414 5852 καὶτοῖς
1460 5791 1518 5840 ὲν
1562 5787 1783 5858 Περσίδι

226 5887 571 5956 Χριστιανοῖς
606 5883 905 5954 ὀρθοδὸξοις
941 5881 1034 5946 τὰς
1066 5883 1386 5952 ἀποκρίσεις
1433 5881 1788 5951 διακονούμε-

1715 4672 1804 4736 ὲξ-
1838 4647 1876 4698 ί)

1912 3396 2058 3439 tentc
2086 3397 2269 3440 autem
2305 3387 2550 3449 Hebraeo,
2592 3386 2841 3455 apparuit
2867 3387 3007 3454 ignis
3045 3385 3492 3457 aliquntdichus,

1913 3486 2021 3531 tota
2061 3487 2222 3530 nocte
2277 3478 2507 3546 llllpiClls
2534 3493 2739 3538 acrem,
2784 3478 2874 3544 qui
2921 3477 3098 3544 ipsum
3165 3477 3385 3532 Dunaan
3444 3492 3497 3535 et

1912 3571 2032 3639 ejus
2062 3570 2294 3624 terrebat
2332 3570 2652 3630 exercitum,
2686 3578 2737 3621 et
2777 3569 3174 3635 conjiciendam
3208 3573 3490 3638 praebebat

1911 3663 2003 3715 Dei
2059 3663 2192 3716 iram
2252 3665 2513 3716 adversus
2555 3665 2772 3731 impios.
2836 3660 3038 3715 Deinde
3091 3663 3227 3730 ignis
3265 3679 3488 3732 quoque

1911 3753 2164 3822 desuper,
2202 3753 2293 3822 qui
2322 3763 2438 3806 erat
2469 3751 2704 3820 perfecta
2752 3751 2924 3821 plaga.
2967 3752 3101 3818 pluit
3155 3753 3204 3805 in
3266 3765 3488 3808 terram.

1912 3843 2018 3898 Sed
2057 3861 2122 3898 ne
2149 3845 2223 3898 sic
2250 3846 2467 3912 quidem
2496 3847 2672 3910 potuit
2695 3843 2888 3909 corrigi
2931 3843 3254 3906 sceleratus,
3311 3861 3488 3914 neque

1910 3935 2050 3989 flecti
2099 3935 2200 3991 sub
2258 3936 2464 4003 potenti
2513 3949 2677 3987 manu
2720 3936 2835 3987 Dei.
2870 3934 3046 3988 Tanto
3081 3945 3263 3988 autem
3299 3937 3487 3991 furore

1911 4039 2029 4084 erat
2063 4044 2326 4083 accensus
2383 4029 2649 4083 adversus
2704 4027 3064 4093 Christianos,
3107 4036 3166 4082 ut
3221 4030 3386 4083 etiam
3428 4031 3495 4084 ad

1913 4139 2092 4189 regem
2129 4121 2412 4175 Persarum
2483 4122 2691 4174 miserit
2735 4121 3082 4189 legationem.
3132 4130 3189 4176 et
3226 4122 3496 4191 rogaverit

1911 4224 1968 4268 ut
1998 4216 2111 4282 ipse
2137 4230 2356 4282 quoque
2415 4212 2617 4265 faceret
2668 4212 2884 4272 similia,
2927 4223 2980 4265 et
3039 4228 3253 4276 omnes,
3304 4213 3396 4281 qui
3435 4213 3489 4265 in

1909 4323 2006 4361 sua
2062 4307 2270 4361 ditione
2345 4305 2790 4370 im'eniebantur,
2846 4303 3190 4358 Christianos
3239 4305 3496 4373 perderet

1908 4399 2153 4453 funditus
2193 4415 2206 4451 ι
2241 4397 2285 4451 si
2323 4395 2508 4461 vellet,
2540 4396 2812 4465 inquiens,
2860 4397 3030 4450 solem
3077 4396 3277 4450 habere
3305 4398 3489 4464 propi-

1913 4491 2064 4553 tium,
2110 4500 2164 4544 ct
2212 4489 2328 4557 ejus
2379 4502 2606 4557 patrem.
2669 4491 2810 4542 sicut
2847 4487 2935 4541 ille
2995 4492 3304 4557 nugabatnr
3372 4503 3494 4542 esse

1915 4583 2082 4636 Demn
2115 4581 2486 4634 Hebraeorum.
2547 4579 2781 4648 Scripsit
2835 4580 3003 4634 etiam
3047 4581 3115 4634 ad
3150 4579 3487 4634 Alamuuda-

1911 4690 2029 4729 rum
2061 4675 2254 4727 ducem
2306 4672 2755 4736 Sarracenorum,
2809 4673 2898 4741 qui
2931 4683 3090 4726 erant
3136 4674 3241 4726 sub
3289 4673 3491 4736 Persis,

1914 4766 2238 4836 promittens
2279 4780 2336 4819 se
2381 4764 2429 4816 ei
2470 4764 2632 4816 etiam
2677 4763 2930 4816 daturum
2972 4763 3250 4830 pecunias,
3299 4762 3341 4813 si
3374 4778 3491 4813 mo-

1913 4874 2038 4916 veat
2070 4861 2501 4929 persecutionem
2533 4859 2793 4912 adversus
2822 4858 3190 4924 Christianus,
3234 4859 3324 4926 qui
3363 4869 3492 4911 sunt

1912 4956 1960 5008 ei
2003 4953 2251 5021 subjecti.
2303 4951 2404 5006 Sed
2455 4951 2542 5004 ille
2602 4951 2820 5020 quidem
2871 4960 2987 5003 erat
3056 4951 3188 5002 adeo
3253 4932 3493 5001 infestus

1911 5048 2259 5107 Christianis,
2297 5056 2349 5098 et
2402 5047 2479 5096 sic.
2517 5043 2750 5096 faciebat
2783 5059 2797 5095 :
2829 5041 3031 5110 iustitia
3065 5053 3247 5094 autem
3284 5057 3492 5109 nequa-

1905 5157 2063 5209 quam
2105 5140 2340 5192 cessavit
2367 5137 2591 5204 implere
2633 5153 2758 5189 suas
2795 5146 2976 5203 partes
3033 5134 3085 5186 in
3133 5133 3219 5193 iis.
3256 5150 3376 5202 qua:
3411 5135 3491 5187 sic

1906 5234 2121 5285 lichant.
2164 5231 2413 5284 Justinus
2443 5230 2589 5283 enim
2640 5227 2978 5297 (imperatur)
3029 5243 3152 5281 cum
3191 5228 3267 5280 sic
3311 5228 3358 5279 ei
3414 5229 3491 5279 vi-

1902 5340 2021 5378 sum
2051 5332 2215 5385 esset,
2257 5324 2502 5376 hortatus
2547 5333 2627 5375 est
2685 5315 3134 5385 Alaiuuudarum,
3171 5329 3227 5373 ut
3279 5319 3487 5374 foedera

1904 5414 2053 5483 pacis
2085 5414 2248 5468 iniret
2275 5429 2396 5466 cum
2431 5412 2748 5466 Sarracenis
2813 5411 3184 5465 Romanorum
3239 5412 3484 5480 vectiga-

1905 5509 2045 5561 libus
2076 5525 2088 5560 :
2125 5515 2180 5561 et
2210 5507 2410 5562 missus
2436 5515 2520 5559 est
2556 5505 2899 5567 Ahraamius,
2929 5505 3010 5558 vir
3036 5506 3157 5572 pius
3198 5503 3492 5574 etpresby—

1905 5612 2008 5664 ter,
2043 5599 2134 5668 qui
2179 5600 2278 5652 hac
2303 5597 2622 5668 fungeretur
2666 5597 2954 5665 legatione.
3008 5596 3254 5650 Aderant
3296 5604 3480 5648 autem

1903 5693 2012 5747 illic
2069 5705 2289 5760 quoque
2328 5705 2357 5742 a
2405 5705 2529 5758 rege
2576 5689 2885 5751 Persarum,
2942 5700 3064 5738 cum
3113 5683 3201 5736 alii
3230 5684 3479 5751 quidam,

1901 5798 2014 5841 tum
2045 5784 2280 5839 lsaacius
2305 5797 2521 5852 quoque
2551 5781 2850 5849 presbyter,
2906 5776 2996 5847 qui
3045 5787 3271 5846 prmerat
3317 5774 3477 5829 Chri-

1900 5875 2088 5931 stianis
2119 5871 2453 5935 orthodoxis,
2516 5869 2607 5940 qui
2671 5869 2722 5922 in
2787 5868 3001 5922 Perside
3059 5873 3232 5920 erant.
3271 5863 3472 5918 Aderat
