4216 6432
211 386 344 451 I281

1354 369 1828 436 MARTYRIUM
1872 375 1931 436 S.
1975 374 2326 436 ARE'I‘ILB.

3328 377 3460 441 1282

205 495 423 548 εὐσεϐεῖ
476 491 737 546 δοκοῦντα
815 491 1107 562 Ἰουστίνῳ,
1170 490 1290 545 οὐδὲ
1343 487 1510 551 αὐτὸς
1558 486 1853 556 ἀπαράοΑ

1802 488 1853 546 Α
1879 484 2221 554 septuaginta
2251 485 2305 539 in
2343 487 2455 554 ipsa
2492 486 2671 540 hieme
2693 485 3107 553 construxisset,
3137 488 3272 558 quin
3300 488 3463 544 etiam

210 603 406 649 σκευος
464 581 550 656 ἦν·
614 585 768 655 έτυχε
823 588 933 656 γάρ
997 583 1391 652 συλλεξάμενος
1465 581 1764 649 ἀξιόμαχον

206 678 472 748 στρατιάν
533 677 595 730 ἔκ
642 694 702 728 τε
734 676 946 739 οἰκείας
993 677 1087 728 καὶ
1131 673 1476 744 συμμαχίδος
1506 672 1634 742 ἄχρι
1674 669 1783 721 τῶν

206 767 540 822 δυοκαίδεκα
570 768 874 838 μυριάδων.
905 766 1013 820 Ἦν
1041 766 1096 819 δὲ
1128 767 1224 818 καὶ
1256 766 1422 818 πλοῖα
1453 779 1785 816 κατεσκευα-

210 859 320 921 κὼς
357 859 736 929 ἐϐδομήκοντα
773 860 904 929 παρ’
961 858 1110 927 αὐτῷ
1157 857 1232 928 τῷ
1266 857 1535 927 χειμῶνι’
1577 855 1638 907 οὐ
1677 853 1784 924 μὴν

212 950 350 1003 ἀλλὰ
381 953 475 1003 καὶ
506 952 568 1003 ἐκ
601 952 710 1005 τῶν
739 952 999 1022 ἐμπόρων
1027 949 1253 1022 Περσῶν
1284 967 1341 1002 τε
1369 951 1463 1002 καὶ
1486 947 1780 1010 Αἰθιόπων,

213 1041 490 1111 ἐμπορίας
523 1044 687 1113 χάριν
717 1045 913 1106 ,ἐκεῖσε
965 1043 1299 1112 κατάραντα,
1334 1041 1462 1109 περί
1513 1055 1614 1090 που
1665 1038 1787 1105 ἐξή-

208 1148 379 1184 κοντα
431 1134 802 1198 συνελέξαντο.
843 1134 984 1186 Ὅσα
1031 1132 1162 1202 γοῦν
1213 1132 1554 1202 πεπονηκότα
1606 1126 1674 1200 ἦν
1726 1129 1785 1194 ἐξ

208 1223 396 1276 αὐτῶν
453 1225 981 1294 ἐπισκευασάμενος,
1043 1225 1138 1277 καλ⁸
1201 1223 1378 1276 πάντα
1425 1221 1649 1291 θέμενος
1697 1221 1786 1273 εὑ-

207 1316 410 1385 τρεπῆ,
445 1316 560 1385 ἅμα
605 1317 727 1388 έαρι
785 1319 884 1388 τὴν
918 1317 1182 1386 στρατιὰν
1218 1316 1495 1386 ἐμϐαλὼν,
1552 1315 1692 1367 ὅπλα
1723 1330 1783 1366 τε

210 1408 306 1457 καὶ
356 1406 552 1468 ἵππους
582 1407 677 1459 καί
728 1407 828 1475 τὴν
893 1405 1057 1474 ἄλλην
1089 1401 1475 1475 παρασκευὴν,
1527 1401 1787 1470 ἠπείγετο

214 1498 488 1567 συμμίξαι
526 1501 637 1562 τοῖς
670 1498 972 1569 πολεμίοις.
1014 1499 1125 1552 Καὶ
1165 1497 1230 1551 δι’
1285 1495 1515 1565 ἠπείρου
1570 1493 1668 1563 μὲν
1713 1491 1788 1554 ὡς

211 1586 276 1637 ἐκ
300 1586 453 1639 νότου
483 1589 580 1657 τῆς
636 1589 936 1652 Αἰθιόπων,
986 1586 1262 1656 ἐξέπεμπέ
1310 1601 1461 1645 τινας
1492 1582 1600 1635 τῶν
1650 1581 1788 1651 Βαρ-

1887 592 1952 630 ex
1987 577 2415 646 negotiatoribus
2459 577 2638 633 Persis
2670 587 2725 634 et
2774 580 3150 650 AitltiOpibus.
3206 580 3296 650 qui
3343 582 3471 638 illuc

1887 676 2153 720 venerant
2184 679 2505 723 mercatura:
2530 671 2702 740 gratia
2725 712 2738 735 ,
2771 686 2940 726 naves
2979 673 3116 726 altas
3163 673 3473 744 collegisset

1887 758 1953 812 ad
1984 760 2264 828 sexaginta
2301 783 2313 816 :
2353 777 2587 832 cumque
2620 779 2745 829 eas,
2783 779 2902 834 qua:
2936 779 3001 819 cx
3030 765 3162 834 ipsis
3209 768 3466 835 collapsae

1889 849 2142 918 fuerant,
2183 853 2542 910 instaurasset
2592 871 2656 911 ac
2691 856 2994 921 refecisset,
3040 868 3095 912 et
3137 860 3320 913 omnia
3380 878 3470 930 pa-

1889 950 2085 1006 rasset,
2120 944 2264 998 veris
2311 945 2467 1001 initio
2501 948 2672 1003 movit
2705 953 3028 1018 exercitum,
3079 953 3355 1021 armisque
3414 965 3468 1005 et

1890 1034 2044 1102 equis
2084 1044 2137 1089 et
2189 1036 2295 1089 alio
2337 1048 2596 1108 apparatu
2631 1042 2981 1111 properabat,
3015 1055 3075 1097 ut
3125 1044 3308 1112 prwlio
3338 1059 3469 1097 con-

1889 1122 2096 1195 fligeret
2128 1143 2251 1180 cum
2287 1129 2540 1186 inimicis.
2583 1131 2644 1186 Et
2672 1148 2768 1201 per
2819 1134 3197 1189 continentem
3246 1134 3466 1203 quidem

1884 1217 1950 1271 ab
2009 1218 2251 1273 inferiori
2333 1233 2484 1290 parte
2550 1223 2843 1295 Ethiopize
2906 1227 3053 1280 misit
3147 1227 3463 1297 quindecim

1885 1309 2053 1362 millia
2082 1310 2400 1382 [Ethiopum
2435 1317 2501 1370 ad
2533 1317 2884 1374 IIomeritidis
2935 1328 3120 1390 partes
3161 1321 3331 1390 magis
3382 1335 3470 1373 oc-

1886 1400 2207 1467 cidentales,
2244 1418 2302 1459 ut
2331 1405 2450 1476 ipse
2486 1412 2708 1478 quidem
2743 1428 2839 1482 per
2870 1429 3018 1467 mare
3049 1429 3171 1469 cum
3208 1414 3463 1477 navibus,

1888 1492 1962 1544 illi
2004 1504 2184 1548 autem
2216 1511 2312 1564 per
2351 1504 2550 1553 terram
2583 1500 2879 1568 irruentes,
2917 1504 3107 1559 hostes
3144 1504 3198 1558 in
3226 1503 3468 1559 medium

1897 1597 2234 1642 CUCI‘CCI‘CI‘II.

213 1678 399 1749 ὀάρων
456 1681 730 1735 Αἰθιόπων
777 1680 1002 1751 μυρίους
1058 1678 1153 1731 καὶ
1183 1672 1651 1743 πεντακισχιλίους
1689 1671 1825 1740 πρὸς
1865 1673 1933 1724 τὰ
1990 1674 2084 1726 τοῦ
2152 1675 2450 1749 Ὀμηρίτου
2502 1681 2959 1757 ἀνατολικώτερα,
3021 1687 3098 1751 ὡς
3143 1686 3211 1739 ἂν
3257 1688 3319 1739 ἐκ
3368 1675 3491 1752 μὲν

212 1773 436 1843 δυσμῶν
485 1769 638 1838 οὗτος
683 1775 771 1828 διὰ
805 1774 1080 1842 θαλάσσης
1117 1772 1256 1842 μετὰ
1303 1770 1412 1823 τῶν
1465 1768 1690 1835 πλοίων,
1741 1768 1940 1822 ἐκεῖνοι
1989 1771 2046 1824 δὲ
2099 1772 2184 1826 διά
2233 1774 2337 1845 γῆς
2383 1775 2444 1841 ἐξ
2493 1779 2769 1832 ἀνατολῶν
2807 1782 3157 1852 ἐμϐαλόντες,
3189 1784 3315 1846 τοὺς
3371 1799 3471 1834 πο-

227 1872 448 1942 λεμίους
478 1875 556 1936 είς
583 1875 749 1942 μέσον
782 1871 1056 1942 είρξωσιν.

286 1967 425 2022 KH'.
464 1969 527 2020 Oi
565 1968 661 2036 μὲν
711 1965 805 2019 οὖν
839 1966 1142 2036 Βάρϐαροι,
1188 1965 1412 2028 πολλαῖς
1461 1963 1697 2034 ἡμέραις
1729 1963 1794 2016 δι’
1834 1969 1874 2024 Β

1834 1969 1874 2024 Β
1969 1960 2208 2016 XXVIII.
2251 1962 2518 2020 Caeterum
2550 1964 2625 2020 illi
2657 1966 2896 2036 quidem,
2934 1981 3057 2022 cum
3111 1973 3311 2027 muItos
3359 1975 3472 2032 dies

214 2054 461 2126 ἀνύδρων
495 2071 553 2107 τε
582 2056 678 2108 καὶ
713 2055 993 2111 δυσϐάτων
1025 2055 1344 2117 ὁδεύσαντες
1401 2054 1508 2105 τῶν
1539 2053 1782 2122 χωρίων,

215 2146 458 2212 ἆπαντες
504 2148 898 2220 διεφθάρησαν,
942 2151 1080 2220 μήτε
1136 2148 1271 2218 πρὸς
1331 2147 1421 2199 τὸν
1466 2145 1785 2214 Ὀμηρίτην,

220 2245 361 2313 μήτε
423 2244 560 2316 πρὸς
595 2245 694 2317 τὴν
743 2247 952 2300 οἰκείαν
985 2246 1378 2315 διαρκέσαντες
1414 2240 1786 2312 ὑποστρέψαι.

228 2331 289 2388 Ὀ
319 2333 377 2386 δέ
418 2350 482 2402 γε
543 2334 819 2404 βασιλεὺς,
867 2336 968 2404 ήδη
1001 2336 1129 2402 περὶ
1159 2334 1248 2386 τὸν
1280 2331 1512 2385 ἔκπλουν
1539 2330 1633 2397 ὢν,
1667 2330 1793 2399 ἀφί-

221 2440 349 2479 κετο
380 2427 459 2488 είς
485 2427 544 2477 τὸ
578 2426 742 2495 ἱερὸν,
781 2428 875 2478 καὶ
926 2426 1031 2495 πρὸ
1066 2426 1164 2494 τῆς
1203 2426 1411 2477 εἰσόδου
1447 2427 1505 2476 ἐν
1532 2423 1610 2493 τῷ
1659 2440 1793 2490 προ-

219 2517 358 2588 νάῳ,
393 2517 491 2588 τὴν
523 2516 792 2588 βασίλειον
824 2516 1030 2586 ἐσθῆτα
1070 2516 1251 2582 ἐκδὺς,
1283 2516 1453 2568 τᾶλλα
1484 2533 1544 2568 τε
1595 2516 1792 2567 ἀποθέ-

224 2625 390 2680 μενος
447 2610 756 2682 παράσημα
808 2609 908 2679 τῆς
965 2608 1164 2678 ἀρχῆς,
1199 2611 1256 2660 ἐν
1289 2607 1549 2676 ἰδιωτικῷ
1587 2607 1684 2677 μὲν
1716 2607 1793 2657 εί-

221 2695 391 2765 σῆλθε
443 2697 518 2766 τῷ
575 2700 818 2768 σχήματι
843 2715 858 2730 ο
921 2698 1050 2760 στὰς
1081 2698 1137 2749 δέ
1171 2695 1572 2749 κατέναντιτοῦ
1610 2694 1794 2745 θυσια-

223 2788 474 2857 στηρίου,
507 2790 598 2839 καὶ
647 2789 819 2841 πολλὰ
863 2789 1080 2858 δεηθεὶς
1105 2788 1199 2842 τοῦ
1234 2789 1392 2853 Θεοῦ,
1427 2789 1519 2841 καὶ
1549 2786 1797 2856 ἀναμνή-

223 2894 326 2940 σας
355 2880 462 2931 τῶν
489 2880 606 2932 κατ’
633 2880 908 2947 Αἴγυπτον
937 2880 1284 2950 θαυμασίων,
1341 2883 1437 2932 καὶ
1499 2880 1608 2932 τῶν
1653 2880 1796 2932 κατὰ

223 2971 328 3042 τὴν
363 2971 567 3043 ἔρημον
624 2977 733 3036 τοῖς
791 2971 1066 3043 Ἑϐραίοις
1124 2973 1273 3044 αὐτῷ
1321 2974 1649 3042 γενομένων,
1703 2973 1798 3023 καὶ

237 3063 329 3126 Ὠς
360 3067 662 3136 ἀχάριστοι,
695 3066 846 3137 φησὶ,
881 3066 1010 3136 περὶ
1038 3065 1128 3119 τὸν
1171 3065 1490 3136 εὐεργέτην,
1519 3065 1616 3117 οὐκ
1660 3065 1800 3116 ἐκεί-

230 3171 314 3207 νοι
351 3157 536 3221 μόνον,
569 3156 706 3209 ἀλλὰ
771 3158 864 3210 καὶ
917 3152 1064 3209 οὗτοι
1118 3157 1166 3210 οἱ
1221 3157 1446 3210 ἐκείνων
1508 3157 1800 3225 γεγόνασιν

229 3247 468 3315 ἔκγονοι,
496 3250 602 3302 καὶ
651 3251 750 3302 ὅσα
791 3248 1237 3319 ἐπονηρεύσαντο
1287 3252 1343 3302 ἐν
1382 3253 1448 3320 τῇ
1486 3251 1639 3301 πόλει
1683 3266 1798 3312 σου,

1890 2053 1994 2107 iter
2032 2056 2291 2110 fecissent
2347 2075 2443 2127 per
2478 2060 2595 2115 loca
2630 2062 2779 2116 arida
2826 2070 2881 2116 et
2934 2063 3166 2117 transitu
3212 2065 3471 2134 difficilia,

1889 2160 2079 2200 omnes
2117 2149 2467 2212 interierunt,
2502 2161 2560 2204 ut
2586 2153 2678 2220 qui
2707 2169 2808 2207 nec
2836 2156 3125 2222 pervenire
3175 2157 3242 2210 ad
3275 2157 3477 2215 Home-

1890 2236 2082 2300 ritam,
2119 2253 2222 2293 nec
2277 2238 2343 2292 ad
2386 2241 2660 2312 regionem
2713 2259 2866 2298 suam
2933 2245 3212 2314 potuerint
3269 2251 3470 2306 redire.

1892 2326 2007 2382 Rex
2057 2337 2240 2384 autem
2277 2346 2399 2386 cum
2445 2333 2557 2403 jam
2592 2343 2739 2390 esset
2782 2337 3169 2406 navigaturus,
3215 2341 3363 2395 venit
3406 2343 3472 2396 ad

1895 2421 2178 2490 templum,
2213 2424 2280 2477 ad
2313 2425 2472 2494 cujus
2509 2425 2677 2494 fores,
2734 2426 2878 2497 regia
2943 2440 3091 2484 veste
3131 2432 3358 2503 aliisque
3398 2435 3467 2486 in-

1893 2514 2082 2583 signiis
2128 2516 2339 2584 imperii
2377 2518 2673 2586 depositis,
2708 2519 2985 2589 ingressus
3017 2522 3236 2589 quidem
3284 2534 3367 2578 est
3417 2525 3472 2579 in

1894 2605 2105 2671 privato
2138 2608 2347 2662 habitu.
2405 2608 2563 2663 Stans
2593 2620 2772 2665 autem
2808 2626 2873 2665 ex
2916 2611 3145 2668 adverso
3177 2629 3317 2682 am,
3351 2632 3473 2670 cum

1896 2695 2066 2750 Deum
2099 2699 2330 2751 multum
2365 2713 2594 2769 orasset,
2621 2717 2673 2756 et
2705 2703 2842 2758 facta
2875 2706 2942 2758 ab
2987 2705 3107 2772 ipso
3157 2707 3210 2759 in
3241 2706 3474 2778 [Egypto

1896 2787 2154 2841 miracula
2187 2797 2347 2859 atque
2393 2792 2445 2844 in
2496 2792 2611 2859 ipsa
2642 2793 2935 2847 solitudine
2971 2810 3067 2862 pro
3119 2795 3358 2853 Hebraeis
3421 2801 3476 2856 in

1899 2881 2216 2934 memoriam
2273 2889 2583 2936 revocasset
2629 2898 2642 2935 :
2684 2882 2787 2947 IIIi,
2841 2883 3095 2949 dicebat,
3128 2886 3350 2943 fuerunt
3398 2890 3480 2943 ἰη-

1901 2974 2036 3038 grati
2069 2972 2123 3025 in
2163 2983 2212 3027 te
2242 2974 2682 3040 benefactorem,
2724 2991 2901 3042 neque
2946 2977 3021 3031 illi
3048 2978 3261 3044 solum,
3293 2983 3388 3036 sed
3442 2981 3478 3034 ii

1900 3063 2086 3126 etiam,
2118 3065 2207 3131 qui
2246 3081 2308 3116 ex
2348 3067 2427 3118 eis
2457 3068 2568 3119 nati
2599 3075 2747 3120 sunt.
2782 3066 2862 3121 Tu
2895 3069 3039 3122 enim
3065 3071 3194 3135 scis,
3225 3072 3476 3139 Domine,

1903 3168 2063 3223 quam
2094 3170 2150 3208 se
2182 3155 2319 3209 male
2355 3157 2622 3227 gesserint
2649 3157 2702 3210 in
2742 3167 2830 3210 tua
2858 3160 3077 3212 civitate
3099 3200 3112 3224 ,
3149 3171 3206 3215 ut
3257 3163 3349 3232 qui
3383 3179 3480 3232 po-

1906 3245 2092 3311 pulum
2135 3245 2282 3299 iIIum
2318 3262 2414 3315 per
2457 3246 2639 3300 dolum
2697 3247 3179 3316 circumvenerint,
3213 3261 3268 3306 et
3297 3255 3479 3311 consi-

225 3314 321 3391 τὸν
353 3340 478 3392 λαόν
529 3358 621 3393 σου
675 3314 1374 3410 καταπανο-υργευσάμενοι,
1423 3314 1528 3390 ’καὶ
1588 3314 1872 3408 βουλευ-Ο

1827 3314 1872 3376 C
1907 3336 2034 3388 lium
2075 3339 2298 3392 inierint
2327 3339 2590 3394 adversus
2626 3351 2845 3396 sanctos
2877 3350 3018 3407 tuos,
3046 3353 3099 3396 et
3140 3344 3191 3397 in
3220 3361 3316 3399 eos
3337 3387 3352 3412 ,
3383 3347 3476 3415 qui

231 3432 460 3499 σάμενοι
496 3436 638 3484 κατὰ
700 3434 810 3484 τῶν
870 3433 1042 3499 ἁγίων
1103 3449 1222 3497 σου,
1261 3432 1356 3484 καὶ
1388 3431 1468 3483 έτι
1506 3432 1647 3484 κατὰ
1695 3430 1804 3482 τῶν

233 3524 681 3595 ὑπολειπομένων
714 3525 930 3596 πονηρὰ
989 3526 1378 3596 σκεπτόμενοι,
1430 3525 1522 3578 καὶ
1556 3523 1629 3587 ὡς
1688 3525 1806 3592 είγε

230 3618 289 3668 σί
323 3619 605 3688 ἡμέτεραι,
646 3619 916 3682 Δέσποτα,
973 3617 1473 3686 παρεμποδίζουσιν
1515 3615 1802 3682 ἁμαρτίαι,

233 3709 372 3762 ἀλλὰ
419 3712 493 3778 μὴ
528 3713 650 3771 ταῖς
698 3710 923 3761 ἐκείνων
963 3708 1260 3779 παραδῲης
1313 3709 1522 3776 χερσὶν,
1571 3707 1687 3760 ἀλλ’
1731 3709 1806 3769 ὡς

232 3802 302 3856 ἂν
361 3803 522 3864 αὐτὸς
582 3801 898 3870 ἐθελήσειας
954 3801 1225 3872 τιμωρίαν
1266 3801 1396 3868 ἡμῖν
1451 3800 1662 3865 ἐπίθες,
1727 3804 1799 3872 μή

234 3913 368 3948 ποτε
404 3896 621 3961 εἴπωσι,
660 3896 769 3948 Ποῦ
799 3898 946 3949 ἐστιν
976 3896 1060 3963 ἐφ’
1090 3892 1132 3960 ᾧ
1167 3892 1545 3962 ἐγκαυχῶνται
1575 3894 1809 3962 Χριστὸς

233 3990 330 4041 καὶ
371 3989 397 4040 ό
434 3989 624 4042 τούτου
659 3989 928 4054 σταυρός;
975 3986 1163 4039 Ταῦτα
1209 3987 1306 4038 σὺν
1343 3985 1612 4057 δάκρυσιν
1646 3987 1812 4037 ἐπευι

238 4081 496 4150 ξάμενος,
563 4084 653 4135 καὶ
688 4080 1031 4146 ἐπιθειάσας,
1087 4078 1255 4143 έξεισι
1300 4081 1394 4131 καὶ
1432 4077 1527 4130 τοῦ
1569 4077 1672 4129 νεὼ
1709 4077 1802 4129 καὶ

238 4176 339 4242 τῆς
382 4173 607 4239 πόλεως,
666 4172 762 4225 καὶ
797 4162 931 4244 πρός
964 4189 1083 4225 τινα
1122 4175 1360 4241 μοναχὶν
1396 4170 1724 4240 προϐλέπειν
1751 4170 1810 4221 τὸ

242 4265 442 4334 μέλλον
470 4263 538 4314 δι’
565 4261 760 4331 ἀρετῆς
798 4263 1058 4332 ἐργασίαν
1104 4248 1424 4330 ἦξιωμένον,
1464 4261 1558 4311 καὶ
1593 4261 1649 4311 ἐν
1675 4276 1811 4328 πυρ-

247 4361 426 4427 γίσκῳ
457 4357 778 4426 στενοχὼρῳ
807 4356 897 4408 ἐπὶ
926 4355 1139 4425 χρόνοις
1177 4352 1277 4422 ἤδη
1309 4352 1467 4404 πέντε
1493 4353 1587 4404 καὶ
1616 4368 1810 4405 τεσσα-

253 4452 493 4520 ράκοντα
546 4449 968 4518 καθειργμένον,
1029 4444 1278 4508 πεζεύων
1319 4446 1547 4513 άψίκετο
1596 4446 1686 4496 ἐπὶ
1713 4443 1807 4495 τοῦ

240 4542 409 4596 αὐτοῦ
478 4543 782 4611 σχήματος,
840 4538 1180 4607 πευσόμενός
1243 4557 1298 4589 τι
1353 4537 1461 4589 τῶν
1513 4555 1654 4589 κατλ
1712 4538 1810 4604 τὴν

247 4636 448 4705 μάχην.
499 4635 765 4702 Ἐπήγετο
794 4633 847 4684 δὲ
877 4634 965 4682 καὶ
1003 4629 1322 4698 θυμιάματα
1353 4629 1604 4694 σύνθετα,
1643 4631 1699 4681 ἐν
1732 4624 1812 4689 οἷς

243 4724 310 4797 ἦν
346 4726 437 4777 καὶ
467 4725 686 4794 χρυσίον
706 4723 914 4792 ἀδήλως
942 4722 1374 4792 συγκαταμὶξας.
1406 4722 1474 4773 "A
1507 4722 1600 4773 καὶ
1620 4721 1698 4791 τῷ
1725 4722 1815 4788 γέ-

243 4835 393 4888 ροντι
425 4816 717 4881 ἐπιδιδοὺς,
745 4817 923 4886 ἐξῄτει
949 4817 1112 4884 εὐχὴν
1145 4818 1238 4866 καὶ
1263 4815 1494 4884 δήλωσιν
1522 4815 1629 4867 τῶν
1652 4814 1818 4883 ἐκϐη-

245 4913 513 4980 σομένων.
560 4909 619 4961 Ὀ
646 4910 700 4962 δὲ
730 4911 821 4963 τὸν
854 4910 1002 4962 δόλον
1032 4909 1315 4977 φωράσας,
1353 4909 1448 4960 καὶ
1473 4908 1633 4975 γνοὺς
1661 4909 1818 4988 ἀκριέ

244 5003 354 5066 εὼς
414 5006 562 5064 ὅστις
613 5001 722 5070 εἴη,
761 5003 941 5054 Ἔστω
995 5004 1134 5071 μετὰ
1195 4999 1312 5064 σοῦ,
1365 4999 1519 5069 φησὶ,
1555 5000 1709 5061 Θεὸς,
1760 4998 1818 5061 ὃς

245 5095 342 5147 καὶ
375 5092 766 5163 συμϐασιλεύει
802 5109 903 5145 σοι.
950 5093 1095 5162 Πλὴν
1130 5091 1243 5143 ἀλλ’
1297 5091 1454 5144 ἄπιθι
1487 5106 1816 5158 κατωχυρω-

249 5188 410 5257 μένος
443 5189 507 5254 τῇ
542 5189 649 5238 τῶν
686 5185 980 5255 μαρτύρων
1014 5185 1197 5256 θυσίᾳ,
1255 5178 1324 5254 ἧς
1358 5181 1654 5252 ὠσφράνθη
1712 5181 1823 5233 Κύ-

254 5297 387 5352 ριος,
444 5281 539 5330 καὶ
598 5286 717 5343 ταῖς
790 5280 976 5347 εὐχαῖς
1041 5277 1346 5347 ἀρχιερέως
1387 5276 1819 5342 ’Δλεξανὸρείας,

251 5375 348 5426 καὶ
378 5376 487 5434 τοῖς
523 5372 784 5443 δάκρυσιν
833 5373 1148 5425 Ἰουστίνον.

325 5467 454 5522 KG'.
498 5468 715 5519 Τούτων
749 5471 988 5529 ἀκούσας
1031 5465 1348 5529 Ἑλεσϐαὰν,
1387 5468 1476 5516 καὶ
1513 5463 1824 5529 περαιτέρω

256 5562 332 5629 μὴ
371 5559 654 5628 πειράζειν
720 5561 976 5627 προσθεὶς
1034 5557 1450 5625 ἐπευλογηθεὶς,
1489 5558 1654 5623 ἀπῄει
1707 5555 1826 5622 χαί-

258 5669 386 5720 pun,
417 5652 511 5704 καὶ
558 5649 1114 5720 παρακελευσάμενος
1166 5649 1246 5717 τῷ
1297 5648 1688 5716 στρατεύματι,

255 5743 420 5796 πλέον
474 5746 505 5814 ἢ
566 5745 786 5814 ἡμερῶν
841 5743 1015 5793 εἴκοσι
1064 5760 1269 5813 τροφκς
1326 5737 1684 5808 ἐπιφέρεσθαι
1738 5738 1826 5787 τὸν

1378 5832 1406 5843 ις

255 5833 420 5887 πλοῦν
454 5835 708 5889 ἐποιεῖτο.
750 5836 880 5888 Οὐδὲ
920 5837 944 5886 ὁ
992 5833 1092 5885 τῶν
1135 5832 1448 5901 Ὀμηριτῶν
1504 5827 1694 5899 ἡμέλει
1729 5829 1823 5896 βα-

1904 3435 2130 3492 restant,
2179 3431 2356 3483 adhuc
2402 3432 2540 3483 mala
2579 3434 2987 3489 machinentur.
3031 3436 3186 3501 Quod
3215 3435 3260 3492 si
3295 3446 3479 3493 nostra

1907 3530 2126 3590 peccata
2161 3520 2213 3575 id
2247 3532 2548 3588 merentur,
2585 3524 2678 3578 sed
2711 3540 2780 3579 ne
2818 3535 2872 3579 tu
2916 3543 3012 3581 nos
3049 3530 3231 3583 tradas
3266 3531 3482 3584 illorum

1905 3614 2157 3665 manibus
2193 3630 2206 3664 :
2243 3615 2387 3681 quod
2424 3627 2606 3668 autem
2644 3619 2760 3686 ipse
2802 3617 3060 3683 volueris,
3099 3619 3200 3674 hoc
3228 3631 3481 3690 excepto,

1904 3702 2064 3757 nobis
2096 3703 2314 3773 impone
2344 3707 2695 3776 supplicium,
2725 3723 2794 3762 ne
2826 3708 2967 3763 forte
2999 3711 3217 3764 dicant:
3252 3712 3483 3768 Ubinam

1907 3806 1988 3849 est
2019 3797 2255 3863 ipsorum
2294 3796 2568 3864 Christus,
2607 3810 2828 3869 propter
2864 3817 3025 3871 quem
3062 3803 3395 3873 gloriantur,
3427 3812 3484 3860 et

1907 3903 2040 3943 crux
2073 3888 2223 3958 ejus?
2243 3889 2369 3944 Haec
2395 3907 2516 3944 cum
2547 3905 2802 3960 precatus
2833 3895 3025 3949 fuisset
3051 3911 3174 3949 cum
3208 3897 3479 3968 Iacrymis,

1909 3980 2184 4050 egreditur
2214 3999 2243 4035 e
2275 3983 2497 4052 templo,
2529 3993 2582 4037 et
2616 3998 2646 4037 e
2688 3985 2924 4050 civitate,
2978 3995 3033 4042 et
3079 3987 3144 4043 ad
3191 3990 3480 4058 quemdam

1912 4073 2284 4139 monachum,
2352 4076 2443 4144 qui
2517 4084 2739 4144 propter
2821 4079 3037 4132 virtutis
3109 4082 3484 4150 operationem

1911 4163 2107 4234 dignus
2140 4175 2257 4218 erat
2307 4165 2547 4230 habitus,
2600 4177 2656 4220 ut
2707 4169 3031 4235 prmvideret
3072 4170 3275 4234 futura,
3323 4182 3377 4226 et
3431 4175 3486 4227 in

1910 4265 2143 4327 augusta
2177 4257 2571 4330 turriculajam
2613 4260 2968 4331 quadraginta
3020 4264 3262 4332 quinque
3313 4279 3490 4321 annos

1912 4349 2091 4404 fuerat
2116 4350 2394 4414 inclusus,
2448 4354 2612 4420 pedes
2655 4354 2806 4406 venit
2840 4355 2891 4408 in
2942 4357 3130 4409 eodem
3184 4356 3391 4419 habitu,
3420 4355 3488 4410 de

1912 4442 2099 4511 praelio
2135 4443 2533 4497 sciscitaturus.
2576 4443 2768 4498 Attulit
2802 4453 2982 4497 autem
3019 4445 3319 4515 composita
3355 4463 3491 4518 quo-

1914 4548 2019 4601 que
2054 4533 2402 4602 thymiamata
2427 4574 2440 4596 ,
2475 4535 2527 4586 in
2575 4535 2770 4602 quibus
2802 4535 2963 4587 etiam
3010 4551 3204 4591 aurum
3257 4539 3489 4592 latenter

1920 4625 2305 4678 immiscuerat.
2335 4623 2466 4688 Quae
2509 4639 2632 4678 cum
2667 4624 2982 4680 tradidisset
3023 4629 3163 4691 seni,
3214 4632 3489 4698 quaerebat

1921 4733 2130 4787 preces,
2174 4727 2228 4771 et
2259 4717 2708 4786 significationem
2744 4734 2956 4784 eorum,
2991 4737 3111 4789 qua:
3139 4731 3293 4776 erant
3326 4737 3484 4775 ereu-

1919 4819 2056 4863 tura.
2097 4809 2188 4863 IIIe
2217 4819 2422 4874 autem,
2477 4809 2601 4864 dolo
2651 4811 3026 4880 deprehenso,
3081 4827 3202 4865 cum
3239 4812 3488 4881 quisnam

1917 4909 2086 4961 esset,
2116 4899 2320 4968 optime
2350 4908 2536 4953 nosset
2567 4917 2581 4953 :
2618 4900 2703 4954 Sit
2731 4915 2929 4965 tecum,
2961 4901 3167 4969 inquit,
3203 4899 3364 4968 Deus,
3400 4905 3491 4971 qui

1919 4990 2080 5044 etiam
2104 5001 2280 5046 tecum
2313 5002 2523 5063 regnat.
2561 4992 2910 5048 Verumenim
2950 5010 3082 5050 vero
3114 4996 3220 5058 abi,
3252 4997 3493 5050 munitus

1920 5095 2218 5154 martyrum
2267 5085 2554 5147 sacrificio,
2602 5087 2746 5154 quod
2799 5086 2940 5142 Deus
2992 5095 3075 5140 est
3118 5086 3393 5149 odoratus,
3442 5094 3494 5139 et

1925 5177 2180 5244 precibus
2212 5175 2484 5245 pontificis
2512 5176 2872 5241 AIexandria},
2909 5185 2962 5231 et
2995 5177 3245 5246 Iacrymis
3272 5175 3487 5230 Justini.

1999 5462 2189 5516 XXIX.
2249 5463 2370 5515 Haec
2426 5476 2548 5514 cum
2599 5461 2861 5514 audiissel
2915 5461 3205 5519 Elesbaan.
3276 5467 3328 5513 et
3369 5474 3492 5513 eum

1927 5571 2032 5608 non
2079 5563 2340 5606 tentasset
2371 5554 2628 5622 amplius,
2665 5553 3040 5605 benedictione
3078 5558 3319 5618 accepta,
3365 5550 3495 5602 abiit

1927 5650 2096 5702 Ianus.
2133 5648 2198 5699 Et
2229 5662 2351 5700 cum
2381 5647 2633 5714 jussisset
2665 5644 2960 5706 exercitui,
2995 5661 3058 5696 ne
3096 5647 3296 5695 ferrent
3336 5641 3492 5694 vtati-

1929 5755 2049 5795 cum
2101 5739 2220 5806 plus
2277 5751 2435 5802 quam
2487 5738 2674 5805 viginzi
2737 5739 2988 5800 dierum,
3039 5735 3323 5803 nawgavit.
3387 5731 3492 5785 Sed

1933 5846 2105 5900 neque
2146 5829 2422 5898 negligens
2465 5826 2564 5879 fuit
2601 5843 2691 5880 rex
2743 5828 3174 5892 Homeritarum;
3225 5840 3342 5876 nam
3381 5825 3493 5885 ipse
