4216 6432
215 377 358 442 1285

1353 355 1840 426 MARTYRIUM
1878 363 1942 426 S.
1983 359 2334 423 ARETHIE.

3338 360 3471 425 1286

216 493 330 548 νῶν
358 489 565 549 ἀνωθεν
604 489 808 554 κοντοῖς
835 487 1142 560 φερομένην
1172 482 1485 558 προσδήσας
1527 483 1601 547 ὡς
1619 483 1797 536 δοκεῖν
1827 492 1870 550 Α

1827 492 1870 550 Α
1903 478 2051 534 ηιίειι
2087 479 2253 533 etiam
2283 475 2575 545 quemdam
2608 491 2672 530 ex
2707 475 2822 533 suis
2853 476 3098 547 cognatis
3130 492 3255 532 cum
3285 478 3469 547 viginti

217 586 288 639 τά
321 585 422 656 ὅρη
455 584 726 639 κινεῖσθαί
758 599 869 635 τισι
909 583 1178 651 μηχαναῖς
1215 579 1305 631 καὶ
1342 574 1608 645 φέρεσθαι
1649 573 1794 628 κατὰ

215 679 331 733 τῶν
364 679 564 732 πλοίων
597 679 664 746 τῇ
701 677 766 730 ὲκ
798 673 1006 728 τούτων
1037 672 1167 740 σκιᾷ
1199 670 1258 722 τὸ
1288 665 1496 721 λυποῦν
1533 665 1628 719 τοῦ
1659 665 1794 718 καύο

221 789 398 844 ματος
429 769 787 840 ἀπεκρούετο.
820 766 1129 834 Ἐξέπεμπε
1158 765 1212 816 δὲ
1234 762 1324 815 καί
1343 778 1464 814 τινα
1487 759 1595 812 τῶν
1624 757 1785 810 αὐτοῦ

217 863 504 930 συγγενῶν
542 860 682 932 μετά
735 859 1036 929 δισμυρίων
1087 856 1323 914 ἱππέων,
1358 855 1494 922 πρὸς
1525 853 1588 904 τὸ
1621 867 1793 902 κατα-

217 957 497 1022 σκοπῆσαι
528 954 589 1005 τὸ
641 952 828 1022 μέρος,
872 950 998 1001 ἓνοα
1043 945 1109 1019 ἦν
1141 948 1168 999 ὁ
1208 945 1528 1001 Ἑλεσϐαάν.
1567 944 1675 996 Καί
1709 957 1794 1003 τις

217 1049 332 1099 clm
364 1045 635 1115 εὐνούχων
671 1043 762 1094 τοῦ
817 1040 1105 1111 βασιλέως,
1142 1037 1433 1090 ὑπολαϐὼν
1462 1036 1654 1088 τοῦτον
1715 1035 1795 1095 εἷς

219 1139 526 1209 γυμνάσιον
595 1137 816 1200 ἐξιέναι,
869 1129 1095 1204 δοράτια
1153 1132 1316 1184 πέντε
1371 1131 1557 1200 χρυσᾶ
1615 1125 1795 1213 λαϐὰψ

225 1232 554 1302 συνεξῆλθεν
587 1228 758 1297 αὐτῷ.
796 1225 954 1279 Ἐπεί
982 1226 1037 1277 δὲ
1077 1226 1201 1287 τοὺς
1232 1226 1358 1294 περὶ
1386 1223 1476 1274 τὸν
1501 1219 1797 1274 Ἐλεσῧαὰν

223 1320 719 1393 ὲπαγρυπνοῦντας
750 1317 920 1389 εὕροι,
950 1316 1133 1369 λαϐὼν
1163 1317 1254 1368 τον
1284 1315 1559 1383 εὐνοῦχον,
1595 1311 1686 1363 καί
1719 1329 1799 1363 τι·-

222 1433 323 1477 νας
356 1415 464 1467 τῶν
495 1410 660 1465 αὐτοῦ
699 1413 870 1482 τρεῖς,
908 1407 1186 1478 μακρόθεν
1227 1405 1391 1475 ἀπῄει
1429 1405 1563 1474 πρὸς
1597 1402 1796 1470 θήραν.

225 1508 462 1575 Ἔτυχον
488 1505 541 1557 δέ
571 1521 716 1566 τινες
743 1501 850 1556 τῶν
881 1501 975 1554 τοῦ
1041 1498 1338 1554 Ἐλεσϐαάν
1369 1497 1446 1565 τῷ
1485 1494 1644 1566 λιμῷ.
1682 1511 1801 1545 πιε-

229 1597 447 1665 ζὸμενοι
496 1595 678 1648 ἵππων
732 1592 1020 1654 ἐπιϐάντες
1069 1590 1262 1651 νυκτὸς
1299 1590 1432 1658 πρὶς
1484 1587 1608 1648 τοὺς
1642 1585 1801 1636 πολε-

230 1689 388 1758 μίους
441 1685 864 1756 διαδιδράσκειν,
921 1682 971 1734 οἳ
1013 1683 1108 1733 καὶ
1148 1679 1548 1749 περιτυχόντες
1592 1677 1798 1738 αὐτοῖς,

224 1782 356 1842 τους
393 1779 493 1848 μὲν
549 1777 745 1837 ἄλλους
791 1773 1152 1837 ἀπέκτειναν,
1211 1771 1304 1822 τὸν
1340 1771 1576 1839 συγγενῆ
1611 1767 1668 1819 δὲ
1703 1771 1800 1818 λοι-

1897 571 2138 625 millibus
2167 569 2412 636 equitum
2440 568 2506 622 ad
2543 569 2932 637 speculandam
2969 578 3178 638 partem
3215 570 3383 637 illam,
3417 573 3471 626 in

1893 680 2000 734 qua
2031 672 2151 716 erat
2175 662 2463 718 Elesbaan.
2491 661 2721 726 Quidam
2755 671 2934 714 autem
2977 677 3043 715 ex
3079 663 3347 717 eunuchis
3388 679 3476 717 re-

1894 756 1974 825 gis
2009 754 2302 807 arbitratus
2354 768 2477 805 eum
2514 753 2660 805 exire
2715 754 2780 805 ad
2839 767 2897 806 se
2943 754 3338 818 exercendum,
3384 772 3477 809 ac-

1895 851 2064 914 ceptis
2091 849 2332 915 quinque
2365 848 2550 900 aureis
2585 847 2861 910 lanceolis,
2897 862 3021 900 eum
3061 861 3126 901 eo
3162 858 3246 901 est
3293 863 3476 918 egres-

1903 953 2022 991 sus.
2077 938 2212 992 Cum
2251 940 2295 992 is
2353 949 2534 992 autem
2597 939 2861 992 Elesbaan
2925 941 3111 1007 c0pias
3169 941 3476 994 invenisset

1898 1029 2213 1098 vigilantes,
2263 1044 2497 1097 quarum
2552 1045 2680 1098 pars
2732 1030 2845 1098 jam
2880 1044 2910 1083 e
2950 1030 3182 1083 navibus
3227 1045 3471 1100 egreSsa,

1896 1117 2074 1170 locum
2109 1118 2160 1170 in
2217 1117 2399 1170 littore
2439 1126 2772 1186 occuparat,
2828 1128 3054 1187 accepto
3096 1121 3370 1184 eunucho,
3423 1127 3481 1172 et

1897 1209 2070 1264 tribus
2100 1223 2164 1261 ex
2197 1209 2329 1269 suis,
2366 1208 2498 1261 abiit
2530 1208 2714 1278 procul
2744 1209 2812 1261 ad
2847 1209 3216 1262 venationem.
3243 1210 3474 1271 Quidam

1897 1307 2079 1350 autem
2113 1313 2176 1350 ex
2213 1297 2480 1352 Elesbaan
2514 1300 2756 1352 exercitu
2797 1300 3042 1368 Oppressi
3093 1299 3233 1352 [alite
3257 1339 3270 1362 ,
3307 1314 3478 1368 equos

1899 1398 2062 1442 noctu
2114 1391 2584 1452 conscenderant,
2639 1399 2697 1444 ut
2755 1391 2938 1445 hostes
2993 1391 3317 1461 etIngerent.
3373 1391 3478 1455 Qui

1900 1495 2021 1534 cum
2056 1479 2107 1532 in
2159 1495 2254 1533 eos
2308 1481 2646 1543 incidissent,
2684 1482 2818 1536 alios
2866 1483 3088 1551 quidem
3132 1484 3473 1548 occiderunt,

1899 1574 2042 1641 regis
2070 1585 2252 1630 autem
2284 1584 2572 1643 cognatum
2607 1576 2910 1644 capientes,
2939 1584 2995 1628 et
3031 1591 3226 1629 aureas
3263 1576 3482 1628 lanceas

1899 1671 2182 1730 portantes
2217 1702 2230 1725 ,
2283 1665 2352 1717 ad
2405 1679 2572 1718 naves
2626 1665 2924 1718 redierunt.
2982 1665 3085 1718 Eas
3129 1676 3309 1719 autem
3357 1682 3482 1719 eum

1901 1756 2201 1822 accepisset
2231 1771 2322 1808 rex
2355 1757 2497 1825 pius,
2525 1759 2706 1810 statim
2757 1758 2862 1810 Deo
2892 1757 3179 1810 dedicavit.
3229 1756 3348 1825 Ipse
3389 1771 3486 1808 au-

229 1842 543 1932 εόντες-τοῦ
571 1866 861 1937 βασιλέως,
895 1863 990 1917 καὶ
1023 1863 1091 1916 τά
1153 1863 1334 1931 χρυσᾶ
1381 1862 1605 1926 δόρατα,
1664 1859 1798 1926 πρὸς
1836 1842 1878 1898 Β

1836 1842 1878 1898 Β
1906 1857 2041 1911 tem,
2083 1849 2289 1917 reliquo
2315 1859 2524 1902 armato
2559 1848 2802 1901 exercitu
2852 1849 3093 1901 immisso
3124 1849 3178 1900 in
3209 1847 3486 1900 breviores

228 1967 297 2015 τὰ
330 1965 488 2014 πλοῖα
526 1959 686 2014 πάλιν
735 1957 1073 2026 ἀνέστρεφον
1099 1972 1110 1984 ’
1161 1955 1197 2007 ὃ.
1233 1956 1326 2007 καὶ
1378 1952 1561 2005 λαϐὼν
1591 1954 1618 2004 ὁ
1649 1952 1804 2003 εὐσε-

232 2055 331 2126 6ὴς
364 2053 615 2123 βασιλεὺς
642 2051 804 2114 εὐθὺς
845 2048 1178 2118 ἀνέθετοιτῷ
1211 2047 1347 2117 Θεῷ.
1377 2047 1546 2106 Αὐτὸς
1581 2044 1637 2096 δὲ
1699 2041 1798 2112 τὴν

237 2143 499 2214 στρατιὰν
574 2140 926 2210 ὡπλισμένην
978 2142 1034 2193 έν
1097 2142 1209 2200 τοῖς
1269 2135 1621 2207 βραχυτέροις
1692 2133 1800 2184 τῶν

235 2236 438 2288 πλοίων
470 2233 746 2304 ἐμϐαλὼν,
785 2233 977 2301 ἐξῆλθε
1009 2233 1142 2301 πρὸς
1176 2232 1297 2290 τους
1340 2230 1400 2279 ὲν
1431 2225 1664 2295 αἰγιαλῷ
1701 2241 1798 2275 πο-

233 2328 482 2397 λεμίους,
544 2330 641 2382 καὶ
677 2328 858 2398 μάχην
917 2324 1186 2392 συνάψας,
1244 2323 1388 2374 νῶτα
1441 2321 1632 2380 δόντας
1674 2318 1798 2378 τοὺς

245 2421 540 2491 Ἐϐραίους
584 2421 822 2488 πολέμου
874 2418 1020 2485 νόμω
1071 2416 1279 2475 πάντας
1313 2411 1676 2479 κατέσφαξεν,
1727 2409 1802 2470 ὡς

237 2515 375 2586 μηδὲ
426 2512 656 2581 ἄγγελον
707 2513 814 2564 τῶν
846 2512 1154 2580 γενομένων
1191 2504 1570 2558 ὑπολιπέσθαι.
1613 2502 1796 2570 ’Ἑχων

232 2610 289 2664 δὲ
321 2608 426 2660 τῶν
456 2606 551 2659 τοῦ
589 2607 852 2677 βασιλέως
891 2601 1149 2670 συγγενῆ,
1187 2598 1470 2650 δεικνύντα
1531 2594 1629 2663 τὴν
1660 2595 1794 2662 προς

236 2705 389 2774 Φαρῆ
416 2703 512 2774 τὴν
547 2703 699 2754 πόλιν
724 2701 864 2764 ὁδδν,
898 2695 1024 2748 ἔνθα
1049 2690 1116 2764 ἦν
1149 2692 1216 2744 τα
1253 2689 1503 2760 βασίλεια
1536 2687 1799 2750 Δουνααν,

238 2798 437 2851 ἄνεισι.
468 2797 578 2848 Καὶ
603 2792 806 2859 ταύτης
844 2789 1150 2858 κρατήσας,
1189 2783 1486 2853 ἀφυλάκτῳ
1516 2793 1574 2832 τε
1599 2781 1665 2848 τῇ
1704 2781 1807 2828 πό-

237 2891 322 2942 λει
353 2883 688 2958 περιτυχὼν,
726 2882 904 2933 πάντα
933 2879 1023 2929 τὸν
1065 2877 1195 2945 περὶ
1233 2878 1300 2928 τά
1345 2873 1597 2943 βασίλεια
1641 2867 1802 2922 πλοῦ·

239 2998 353 3045 τον,
386 2980 479 3032 καὶ
510 2976 677 3035 αὑτάς
709 2969 978 3041 λαμϐάνει
1010 2970 1106 3031 τὰς
1146 2966 1445 3037 βασιλίδας.

318 3071 438 3123 AB’.
476 3067 588 3138 Τὴν
647 3065 700 3116 δὲ
746 3062 848 3132 τῆς
893 3059 1103 3121 πόλεως
1141 3058 1365 3120 ἅλωσιν,
1417 3057 1510 3110 καὶ
1543 3057 1641 3127 τὴν
1695 3057 1805 3110 τῶν

244 3160 536 3234 βασιλείων
586 3153 910 3225 διαφθορὰν,
942 3153 1022 3204 ἔτι
1053 3149 1108 3203 δὲ
1164 3148 1260 3203 καὶ
1298 3148 1398 3220 τὴν
1444 3147 1552 3201 τῶν
1587 3149 1805 3201 οἰκείων

242 3247 625 3321 αἰχμαλωσίαν
656 3243 900 3297 Δουναάν
949 3241 1339 3303 διενωτισθεὶς,
1369 3240 1468 3292 καὶ
1501 3240 1684 3302 δείσας
1737 3241 1811 3309 μὴ

242 3342 352 3395 τῶν
384 3337 550 3392 αὑτοῦ
579 3332 856 3402 συγγενῶν
880 3348 1021 3393 τινες
1062 3331 1140 3400 τῷ
1178 3331 1470 3384 Ἐλεσϐαὰν
1503 3332 1816 3400 προσρυῶσι

249 3433 343 3486 τοῦ
369 3430 501 3482 Θεοῦ
527 3427 828 3496 σφήλαντος
856 3423 950 3493 τὴν
979 3422 1144 3475 αὑτοῦ
1167 3424 1391 3491 γνώμην
1413 3425 1620 3492 χρυσῆν
1653 3437 1817 3473 κατα-

247 3520 653 3588 σκευασάμενος
677 3515 885 3580 ἄλυσιν,
911 3513 1241 3585 καὶὲνδήσας
1256 3514 1414 3566 αὐτόν
1434 3531 1492 3565 τε
1513 3511 1816 3578 κάκείνους,

248 3611 486 3682 ἐκάθητο
505 3607 613 3661 τῶν
639 3606 975 3678 πραγμάτων
998 3605 1316 3674 ἠμεληκὼς.
1351 3605 1412 3656 0i
1438 3605 1617 3671 μέντοι
1639 3606 1818 3656 Αἰθίοο

249 3722 373 3770 πες,
403 3704 452 3755 ot.
472 3705 528 3755 ἐν
562 3703 670 3763 τοῖς
703 3700 923 3759 πλοίοις,
949 3698 1114 3765 μηδὲν
1132 3698 1257 3766 περὶ
1285 3693 1579 3747 Ἑλεσόαάν
1608 3695 1697 3746 τοῦ
1729 3695 1821 3746 αύ-

246 3797 356 3850 τῶν
384 3793 667 3864 βασιλέως,
703 3787 871 3860 ἣτῶν
907 3786 997 3840 ὑπ’
1037 3787 1200 3840 αὑτοῦ
1246 3787 1649 3855 πεπραγμένων
1683 3788 1820 3855 ἀκη-

253 3889 440 3947 κοότες
472 3884 665 3936 σπάνει
698 3897 756 3932 τε
788 3879 896 3931 τῶν
914 3879 1693 3947 ἀναγκαίωνδιαφθειρόμενοι,
1731 3879 1822 3928 καὶ

251 3983 309 4032 ἐν
348 3977 537 4046 ἀπόρῳ
559 3974 734 4034 ὄντες,
799 3970 1154 4036 ἀπογνόντες,
1205 3970 1504 4038 ἐτράποντο
1539 3969 1672 4036 πρὸς
1705 3969 1823 4020 ἱκε-

254 4071 403 4123 τείαν
442 4065 534 4118 τοῦ
565 4065 747 4116 Θείου.
790 4061 896 4114 Καὶ
930 4060 999 4112 τὰ
1036 4061 1245 4129 μέγαλα
1288 4061 1395 4114 τῶν
1425 4060 1626 4113 πλοίων
1671 4061 1825 4128 ἐνδή-

255 4175 450 4219 σαντες
507 4156 644 4226 πρὸς
715 4154 885 4206 ἑαυτὰ
952 4153 1235 4218 κυκλόθεν,
1291 4153 1496 4205 ἄνωθέν
1533 4170 1592 4204 τε
1639 4152 1708 4204 τὰ
1732 4154 1822 4203 εὑ-

257 4252 410 4321 μήκη
445 4247 577 4312 ξύλα
615 4247 706 4299 καὶ
745 4246 891 4296 ἱστία
923 4244 1444 4311 προσεπιδήσαντες,
1489 4247 1582 4294 καὶ
1617 4241 1806 4307 ὥσπερ

253 4345 378 4394 τινὰ
421 4340 570 4390 πόλιν
600 4341 657 4389 ἐν
687 4339 752 4404 τῇ
790 4333 1036 4408 Θαλάσσῃ
1069 4333 1634 4404 διαμηχανησαμενοι,
1679 4335 1736 4385 ἐν
1766 4334 1821 4385 δὲ

257 4436 377 4494 ταῖς
418 4429 677 4496 πλαγίαις
727 4426 927 4490 ἔξωθεν
982 4427 1049 4476 τά
1092 4424 1407 4495 βραχύτερα
1461 4424 1572 4478 τῶν
1601 4425 1821 4487 πλοίων,

1908 1954 2097 2004 naves,
2141 1955 2389 2009 egressus
2420 1949 2503 1992 est
2533 1941 2597 1992 ad
2629 1941 2832 2002 hostes,
2865 1940 2956 2007 qui
2991 1948 3146 1991 erant
3180 1939 3232 1990 in
3275 1939 3485 2004 littore,

1910 2039 1966 2084 et
1997 2046 2174 2099 pugna
2211 2041 2352 2083 terra
2404 2031 2651 2097 marique
2695 2032 3008 2087 commissa.
3048 2027 3344 2091 Hebraeos,
3390 2028 3484 2096 qui

1911 2132 2056 2192 terga
2091 2123 2377 2184 dederant,
2411 2121 2534 2190 jure
2582 2122 2705 2175 belli
2749 2135 2941 2174 omnes
2978 2121 3200 2184 occidit,
3255 2122 3391 2174 adeo
3429 2127 3488 2174 ut

1909 2230 1977 2267 nc
2023 2230 2164 2267 unus
2211 2214 2428 2281 quidem
2487 2214 2558 2266 sit
2612 2214 2834 2267 relictus
2883 2213 2957 2266 rei
3012 2223 3176 2281 gesta:
3239 2213 3487 2269 nuntius.

1908 2304 2043 2358 Cum
2075 2313 2256 2358 autem
2293 2304 2516 2357 haberet
2549 2315 2840 2373 cngnatum
2875 2305 3038 2374 regis,
3068 2306 3158 2374 qui
3202 2305 3251 2358 ci
3299 2315 3490 2358 osten-

1909 2398 2073 2452 debat
2109 2398 2272 2460 viam,
2313 2413 2434 2466 quae
2462 2397 2610 2450 ducit
2642 2398 2708 2450 ad
2738 2397 3012 2450 civitatem
3045 2397 3220 2451 Phare
3243 2440 3255 2463 ,
3292 2399 3345 2451 in
3381 2413 3488 2467 qua

1909 2494 2027 2539 erat
2060 2485 2205 2552 regia
2242 2484 2490 2549 Dunaan,
2523 2486 2590 2538 ad
2621 2485 2764 2537 illam
2801 2487 3074 2540 ascendit.
3106 2488 3221 2551 Qua
3264 2488 3487 2555 potitus,

1910 2586 1969 2631 ut
2025 2579 2115 2646 qui
2152 2577 2540 2629 incustoditam
2600 2577 2920 2630 oﬂ'endisset
2973 2577 3286 2640 civitatem,
3347 2579 3489 2646 capit

1910 2683 2101 2725 omnes
2129 2670 2368 2736 divitias,
2401 2685 2521 2738 qua:
2552 2678 2708 2724 erant
2752 2669 2806 2722 in
2843 2669 3006 2740 regia,
3037 2679 3091 2724 et
3137 2671 3283 2738 ipsas
3327 2669 3491 2724 etiam

1919 2761 2156 2829 reginas.

1984 3064 2201 3121 XXXII.
2245 3068 2442 3122 Verum
2492 3083 2614 3121 cum
2666 3077 2879 3137 captam
2931 3067 3145 3132 urbem,
3181 3076 3237 3123 et
3285 3068 3490 3140 regiam

1912 3165 2228 3224 occupatam
2266 3195 2281 3220 ,
2337 3166 2497 3224 atque
2551 3173 2679 3211 suos
2750 3158 2891 3211 bello
2977 3170 3166 3227 captos
3234 3161 3499 3214 andiisset

1923 3248 2172 3311 Dunaan,
2231 3249 2432 3302 timens
2474 3263 2544 3302 ne
2595 3248 2763 3318 aliqui
2805 3263 2868 3302 ex
2918 3251 3161 3319 cognatis
3201 3251 3501 3307 deﬁcerent

1917 3339 1982 3391 ad
2018 3337 2284 3392 Elesbaan
2313 3378 2328 3403 ,
2377 3349 2558 3394 mente
2611 3340 2659 3394 ei
2710 3356 2739 3393 a
2790 3339 2897 3394 Deo
2936 3341 3132 3400 ablata.
3168 3357 3288 3396 cum
3335 3356 3498 3395 aurea

1915 3438 2107 3483 catena
2169 3445 2226 3481 sc
2302 3443 2357 3484 et
2443 3433 2560 3484 illos
2649 3433 2946 3502 alligasset,
3014 3433 3236 3488 sedebat
3295 3433 3500 3488 nullam

1918 3534 2100 3575 rerum
2144 3534 2329 3574 curam
2355 3536 2570 3590 gerens.
2602 3521 2705 3585 Qui
2749 3534 2930 3576 autem
2965 3528 3017 3575 in
3052 3527 3302 3594 pluribus
3330 3525 3502 3579 navi-

1919 3613 2022 3666 bus
2053 3622 2209 3665 erant
2243 3612 2551 3682 Aithiopes,
2588 3630 2710 3668 cum
2745 3615 2882 3668 nihil
2925 3617 3262 3670 audivissent
3295 3621 3358 3670 de
3399 3633 3502 3673 suo

1920 3719 2046 3773 rege
2080 3702 2367 3769 Elesbaan,
2402 3717 2497 3758 aut
2527 3706 2594 3759 de
2647 3708 2733 3769 iis,
2779 3723 2900 3775 quae
2943 3721 3207 3776 gesserat,
3244 3720 3299 3763 et
3349 3710 3500 3765 labo-

1923 3805 2108 3848 rarent
2165 3795 2346 3863 inopia
2422 3811 2604 3850 rerum
2670 3798 3147 3863 necessariarum,
3209 3811 3502 3868 essentun

1921 3883 2103 3936 animo
2145 3883 2294 3935 dubii
2343 3892 2396 3936 et
2443 3885 2710 3954 perplexi,
2736 3887 2986 3939 conversi
3051 3897 3180 3940 sunt
3230 3889 3295 3940 ad
3329 3888 3500 3943 Deum

1923 3973 2357 4043 supplicandum.
2390 3975 2451 4027 Et
2485 3986 2606 4029 cum
2645 3991 2865 4045 magnas
2908 3976 3125 4045 quidem
3160 3992 3326 4032 naves
3360 3979 3504 4034 inter

1923 4081 1981 4120 se
2009 4067 2342 4134 alligassem,
2387 4076 2442 4120 et
2484 4081 2646 4136 super
2679 4067 2909 4138 oblonga
2951 4068 3095 4138 ligna
3137 4071 3256 4123 vela
3304 4071 3502 4124 deinde

1925 4157 2268 4219 vinxissent,
2301 4167 2357 4210 et
2394 4157 2559 4211 veluti
2596 4161 2886 4226 quamdam
2926 4161 3200 4212 civitatem
3256 4161 3309 4214 in
3367 4161 3501 4215 mari

1924 4256 2108 4300 essent
2153 4247 2398 4302 fabricati
2431 4251 2813 4304 :extrinsccus
2849 4259 3031 4304 autem
3083 4251 3368 4307 breviores
3410 4271 3506 4307 na-

1925 4354 2040 4405 ves,
2077 4357 2196 4409 qua:
2244 4341 2514 4409 quoddam
2575 4358 2853 4395 murorum
2904 4343 3258 4397 imitabantur
3303 4363 3504 4414 propu-

1928 4434 2253 4498 gnaculum,
2289 4433 2666 4496 ordinassent,
2720 4448 2913 4486 omnes
2960 4435 3121 4486 simul
3169 4437 3504 4506 congregati,

261 4523 575 4594 προτείχιὸν
629 4537 680 4571 τι
742 4516 1077 4590 μιμούμενα,
1139 4517 1582 4587 παραζεύξαντες
1635 4517 1823 4585 ἀθρόοι
1861 4542 1900 4594 D

1861 4542 1900 4594 υ
1930 4535 2052 4573 cum
2087 4521 2340 4589 lacrymis
2375 4525 2483 4574 Deo
2521 4523 2734 4592 longam
2787 4525 3105 4577 obtulerunt
3153 4529 3503 4595 supplicatio-

258 4615 565 4686 γενόμενοι,
611 4611 748 4682 μετά
776 4610 1025 4678 δακρύων
1068 4609 1350 4676 ἱκετηρίαν
1375 4607 1452 4675 τῷ
1478 4607 1593 4676 θεῷ
1622 4608 1826 4675 προσῆ-

257 4727 355 4777 γον
399 4707 632 4776 μακράν.
706 4704 837 4754 Εὶτα
873 4702 978 4752 τῶν
1030 4699 1190 4768 ἱερῶν
1243 4699 1682 4767 ἀπογευσάμενοι
1728 4717 1825 4767 μυ-

263 4800 504 4867 στηρίων
538 4795 634 4847 καὶ
681 4793 1065 4861 ὁπλισάμενοι,
1105 4790 1427 4842 κατέὸαινον
1463 4791 1556 4841 ἐπὶ
1594 4791 1661 4841 τὰ
1696 4790 1829 4858 βρα-

259 4891 467 4961 χύτεροι
506 4885 684 4937 πλοία⁴
723 4886 815 4937 καί
844 4884 1066 4944 στάντες
1096 4884 1158 4933 ἐκ
1190 4880 1444 4948 πλαγίου,
1477 4880 1553 4949 τῷ
1591 4881 1666 4950 μὴ
1703 4879 1826 4948 βλά-

262 4980 364 5049 6ην
406 4978 530 5031 τινα
566 4974 671 5026 ὑπὸ
703 4975 812 5024 τῶν
850 4972 1020 5040 βελῶν
1053 4970 1345 5039 ὑπομένειν
1375 4969 1484 5020 τῶν
1531 4970 1825 5038 πολεμίοιν,

265 5074 440 5124 ὧυουν
474 5069 612 5121 αὑτά
652 5067 786 5134 πρὸς
837 5066 936 5132 τὴν
970 5064 1094 5132 γῆν,
1138 5061 1291 5116 αὐτοί
1329 5077 1387 5111 τε

267 5164 560 5221 ναυτικόνο
594 5162 660 5214 τά
700 5160 757 5212 δὲ
817 5160 928 5220 τοῖς
994 5157 1250 5224 μεγάλοις
1321 5154 1686 5221 συνδεδεμένα
1739 5155 1833 5204 καὶ

269 5257 409 5308 αὐτὰ
473 5250 910 5319 συνεφείλκοντο,
964 5249 1121 5315 άχρις
1181 5248 1245 5298 ἂν
1278 5247 1334 5297 αἱ
1389 5245 1623 5314 πλευραὶ
1654 5244 1833 5297 αὐτῶν

271 5346 698 5420 προσοκείλασαι
757 5343 1129 5411 προσήρεισαν
1187 5339 1262 5407 τῷ
1317 5338 1574 5407 αἰγιαλῷ,
1631 5337 1702 5397 ὡς
1746 5353 1834 5402 γε-

1457 5064 1548 5112 καὶ
1588 5063 1732 5113 ἆπαν
1772 5062 1832 5110 τὸ

268 5442 457 5495 νὲσθαι
493 5440 666 5506 τεῖχος
696 5435 880 5495 αὐτοῖς
912 5435 1004 5485 καὶ
1033 5435 1143 5494 τοῖς
1182 5432 1612 5501 Ὀμηρίταις.τά
1651 5430 1832 5482 πλοῖα.

272 5532 681 5600 Προςϐαλοντες
712 5527 764 5578 δὲ
809 5529 857 5577 οἱ
896 5526 1142 5594 πολέμιοι
1178 5529 1289 5584 τοῖς
1325 5526 1511 5593 Gripum
1563 5523 1655 5573 καὶ
1715 5525 1832 5582 ταῖς

275 5629 501 5686 πέλταις
560 5624 842 5677 κατέκλων
898 5623 1000 5683 τὰς
1061 5620 1168 5672 τῶν
1228 5620 1582 5689 βραχυτέρων
1636 5618 1838 5669 πλοίων

278 5722 536 5789 πλευράς,
573 5719 663 5770 καὶ
695 5717 860 5769 πολλὰ
892 5716 1015 5776 τους
1045 5713 1309 5774 Αιθίοπας
1365 5711 1620 5763 ἐλύπουν.
1679 5712 1740 5761 Οἱ
1782 5709 1835 5760 δὲ

275 5815 409 5872 πρὸς
444 5813 656 5870 ἄμυναν
689 5809 846 5872 abiit,-
878 5807 1012 5871 μετὰ
1062 5805 1311 5872 δακρύω)
1357 5803 1708 5866 ἐξεκαλοῦντο
1748 5802 1836 5853 τὶν

1931 4626 2078 4667 nem.
2114 4611 2321 4665 Deinde
2356 4627 2478 4666 cum
2511 4628 2663 4665 sacra
2695 4619 3000 4683 gustassent
3029 4617 3308 4685 mysteria,
3355 4629 3408 4671 et
3443 4633 3500 4672 se

1930 4713 2268 4766 armassent,
2321 4705 2725 4758 descenderunt
2782 4707 2832 4758 in
2885 4721 3050 4759 naves
3095 4709 3416 4761 breviores:
3451 4719 3506 4764 et

1933 4801 2141 4848 stantes
2170 4809 2236 4847 ex
2263 4794 2507 4861 obliquo,
2543 4811 2610 4847 ne
2643 4796 2950 4862 acciperent
2987 4797 3204 4864 aliquod
3248 4798 3506 4851 danmum

1934 4895 1965 4934 a
2003 4881 2124 4934 telis
2153 4882 2412 4946 hostium,
2444 4897 2538 4936 eas
2573 4884 2671 4951 ipsi
2706 4886 2943 4953 majores
2974 4897 3094 4954 post
3143 4903 3200 4940 se
3232 4888 3508 4942 trahentes

1933 4973 2292 5042 impulserunl
2320 4975 2384 5028 ad
2412 4984 2636 5039 terram,
2664 4975 2835 5029 donec
2866 4979 3088 5045 appulsa
3120 4993 3306 5030 eorum
3337 4980 3503 5032 latera

1935 5062 2035 5115 lixa
2069 5062 2270 5116 fuerint
2319 5064 2370 5116 in
2413 5065 2629 5126 littore,
2679 5066 2813 5118 adeo
2852 5077 2910 5118 ut
2957 5081 3122 5120 naves
3155 5079 3341 5119 essent
3383 5069 3510 5136 ipsis

1936 5170 2034 5222 pro
2065 5170 2241 5207 muro.
2276 5153 2472 5208 Hostes
2510 5171 2637 5208 vero
2667 5157 2939 5209 irruentes
2971 5172 3092 5210 cum
3125 5159 3348 5221 lanceis,
3387 5174 3505 5210 ron-

1936 5244 2248 5313 fringebant
2307 5246 2473 5300 latera
2542 5247 2854 5300 breviorum
2913 5249 3156 5310 navium,
3220 5257 3274 5300 et
3323 5265 3507 5316 magna

1939 5337 2187 5390 molestia
2236 5337 2544 5392 adiciebant
2576 5339 2886 5408 Ethiopes.
2938 5340 3039 5404 Qui
3093 5356 3214 5392 eum
3264 5341 3514 5410 larrymis

1941 5443 2128 5482 rursus
2187 5429 2397 5481 Domini
2449 5431 2776 5484 invocabant
2825 5436 3104 5483 auxilium.
3162 5433 3280 5498 ipse
3336 5443 3513 5481 autem

1941 5534 2034 5572 eos
2088 5523 2375 5574 exaudiit:
2421 5534 2472 5576 et
2521 5525 2702 5576 statim
2764 5541 2860 5574 vox
2917 5525 3161 5590 φηγ-(ἰδίει
3227 5523 3326 5573 ιύἰι
3380 5521 3516 5573 ωθιυ

1941 5613 2210 5675 exaudita,
2239 5631 2358 5682 qna:
2390 5617 2603 5668 dicebat
2643 5633 2655 5668 τ
2692 5617 2931 5679 Gabriel,
2981 5615 3218 5677 Gabriel,
3251 5613 3462 5666 Gabriel
3499 5631 3511 5664 :

1942 5713 1995 5757 et
2033 5705 2249 5774 quidam
2289 5725 2350 5760 ex
2388 5709 2514 5770 iiiis,
2551 5709 2641 5777 qui
2682 5725 2846 5762 naves
2904 5707 3274 5774 impellebant,
3312 5706 3514 5773 virgam

1946 5796 2124 5853 ferens
2151 5798 2400 5866 ferream,
2437 5816 2556 5876 qua:
2591 5815 2826 5867 superne
2870 5801 3087 5866 quidem
3127 5798 3356 5852 habebat
3389 5814 3518 5852 cru-
