4216 6432
201 389 380 457 1313
1106 378 1585 453 MARTYR‘UM
1626 394 1732 452 ss.
1783 396 2089 455 zeaosu
2134 396 2227 455 ET
2266 399 2611 459 zsxonm
3363 400 3499 462 1314

192 508 585 576 λανθρώπου,
622 506 713 559 καὶ
753 507 1074 576 λιπαρουτιν
1112 508 1269 560 αὑτζν
1292 506 1443 555 ’ὥστε
1476 502 1573 555 τοῦ
1605 506 1809 567 πάθους

1918 509 2090 577 magis
2147 511 2403 579 tangebat
2458 510 2719 564 animant.
2795 509 2889 564 llle
2949 520 3129 563 autem
3194 511 3497 565 curationis

190 600 644 669 ἀπαλλαγῆναι.
705 601 764 652 El
792 599 899 668 γαρ
929 600 1021 651 καὶ
1063 598 1139 667 τῷ
1179 598 1276 666 τῆς
1312 596 1568 664 γυναικὸς
1603 596 1809 665 θώρακι

1924 602 2229 656 mercedem
2260 603 2325 656 ab
2356 601 2434 655 eis
2480 602 2717 671 postulat
2757 603 3038 672 pietatem,
3071 612 3125 653 et
3164 608 3222 653 ut
3259 617 3287 653 a
3326 604 3499 669 patrio

188 694 267 745 τὸ
316 693 509 756 πάθος
543 695 692 761 ἐνῆν.
741 693 876 747 ἀλλὰ
914 691 1091 758 πολλῷ
1147 691 1310 741 πλέον
1347 694 1445 758 τῆς
1492 690 1586 741 τοῦ
1622 690 1809 758 ἀνδρὸς

1922 705 2106 743 errore
2134 692 2495 752 discedentes.
2530 692 2595 745 ad
2652 693 2942 762 agnitionis
3003 694 3283 745 veritatem
3321 703 3498 745 trans-

189 784 423 854 ψυχῆς
488 786 711 853 ἥπτετο.
778 784 833 835 Ὀ
867 784 921 834 δὲ
963 784 1151 851 μισθὸν
1200 784 1397 843 αὑτοὺς
1436 783 1531 850 τῆς
1572 782 1809 851 ἰατρείας

1920 780 2192 849 fugerent.
2255 784 2407 846 Quod
2453 785 2671 852 quidem
2720 796 2972 853 prompto
3027 795 3080 837 et
3123 786 3282 837 alat-ri
3331 784 3495 836 animi

190 877 494 944 ἐπιζητεί
543 876 640 944 τὴν
680 874 981 935 εὑσέθειαν,
1014 875 1105 927 καὶ
1138 876 1198 927 τὸ
1224 875 1323 935 τῆς
1347 876 1577 943 πατρίου
1610 874 1809 939 πλάνης

1920 876 2098 927 studio
2132 891 2189 927 se
2218 874 2457 929 facturos
2494 880 2571 929 eis
2611 879 3008 944 proﬁtentibus,
3044 879 3326 944 excipiens
3368 894 3494 932 sau-

188 968 603 1028 ἁττοστὰντας,
662 966 1026 1034 αὐτομολῆσαι
1081 967 1214 1034 πρὸς
1261 965 1358 1035 τὴν
1402 968 1499 1034 τῆς
1564 966 1809 1033 ἀληθείας

1921 978 2041 1020 ctus
2077 983 2089 1017 ι
2122 966 2177 1019 In
2214 968 2432 1021 nomine
2464 969 2591 1022 Jesu
2637 968 2861 1033 Christi,
2912 971 3105 1037 inquit,
3153 972 3242 1037 qui
3281 969 3499 1022 sanavit

190 1059 557 1123 ἐπίγνωσιν.
592 1058 767 1125 Ὅπερ
790 1053 883 1108 οὖν
914 1056 1205 1125 προθύμως
1231 1056 1409 1107 αὑτῶν
1445 1059 1616 1108 ποιεῖν
1644 1058 1808 1123 ἐπαγ·

1920 1061 2207 1114 mulierem
2275 1060 2538 1130 prolluvio
2592 1062 2874 1131 sanguinis
2933 1062 3308 1123 laborantem,
3367 1075 3497 1113 sana

1918 1165 2055 1212 e5to,
2084 1154 2302 1215 mulier,
2327 1163 2381 1205 et
2409 1153 2636 1207 liberare
2669 1171 2697 1206 a
2736 1154 2963 1215 morbo;
3003 1153 3290 1219 statimque
3323 1154 3502 1221 gravis

1918 1245 2007 1298 ille
2065 1246 2285 1299 morbus
2340 1246 2519 1302 verbo.
2576 1255 2828 1312 tauquam
2886 1244 3095 1313 ﬂagello
3143 1246 3346 1313 aliquo,
3397 1244 3509 1298 fuit.

1916 1338 2179 1403 expulsus
2215 1353 2225 1387 :
2262 1348 2313 1389 et
2347 1336 2591 1391 divinum
2626 1339 2952 1407 baptismum
2998 1347 3051 1391 et
3086 1338 3219 1406 ipse.
3251 1347 3305 1390 et
3338 1351 3498 1399 uxor,

1918 1433 1972 1477 et
2020 1424 2174 1478 liberi
2212 1425 2429 1479 fuerunt
2462 1431 2721 1482 assecuti.
2764 1430 2965 1483 Deinde
3001 1433 3163 1483 etiam
3208 1445 3328 1483 cum
3372 1427 3503 1479 fuis-

1917 1524 2037 1566 sent
2069 1515 2359 1585 participes
2390 1525 2876 1577 sacramentorum,
2913 1519 3134 1571 domum
3174 1518 3280 1573 laeti
3326 1516 3501 1569 redie-

1917 1616 2065 1669 runt,
2118 1618 2175 1660 ut
2225 1608 2318 1676 qui
2368 1624 2491 1662 cum
2539 1611 2729 1663 morbo
2782 1610 3049 1667 mulieris.
3109 1611 3199 1675 qui
3260 1618 3376 1661 erat
3439 1608 3493 1660 in

188 1151 593 1218 γελλομένων,
630 1150 657 1200 ὁ
688 1150 841 1217 ἆγιος
890 1150 1196 1213 ὑπολαϐὼν,
1247 1150 1334 1201 Ἐν
1366 1148 1589 1217 ὀνόματι
1638 1148 1813 1219 Ἰησοῦ

190 1242 477 1308 Χριστοῦ
516 1240 610 1292 τοῦ
643 1241 741 1311 τὴν
795 1242 1096 1312 αἱμόρρουν
1135 1243 1451 1310 ίασαμένου,
1488 1242 1643 1308 ὑγιὴς
1681 1240 1811 1305 ἴσθι,

192 1332 423 1397 γύναι,
464 1333 617 1401 φησὶ,
655 1334 750 1384 καὶ
786 1331 880 1383 τοῦ
915 1333 1125 1396 πάθους
1165 1331 1478 1402 ἐλευθεροῦ,
1502 1332 1598 1384 καὶ
1628 1347 1812 1401 παρα-

192 1424 433 1493 χρῆμα
483 1424 516 1492 ἥ
568 1441 627 1475 τε
688 1425 897 1493 χαλεπὴ
954 1426 1106 1487 vico;
1169 1425 1352 1494 ἐκείνη
1394 1424 1649 1491 καθάπερ
1705 1424 1816 1476 τινὶ

194 1517 463 1583 μάστιγι
494 1516 569 1583 τῷ
610 1520 817 1587 ῥήματι
853 1520 1182 1588 ἀπελήλατο·
1244 1522 1337 1572 καὶ
1369 1519 1462 1571 τοῦ
1496 1518 1639 1570 θείου
1674 1516 1815 1585 βαπο

188 1608 497 1675 τίσματος
528 1611 693 1672 αὑτός
722 1629 780 1662 τε
814 1614 904 1662 καὶ
938 1612 1169 1678 σύζυγος
1204 1614 1297 1664 καὶ
1325 1614 1372 1663 οἱ
1428 1612 1613 1671 παῖδες
1649 1611 1813 1676 ἀξιω-

192 1698 443 1761 Θέντες,
499 1700 689 1753 ἔπειτα
756 1703 813 1754 δὲ
868 1704 963 1756 καὶ
1012 1704 1121 1755 τῶν
1160 1704 1322 1774 ιερῶν
1377 1704 1809 1773 κοινωνήσαντες

1918 1699 2158 1763 thorace,
2215 1715 2319 1751 una
2367 1715 2578 1767 quoque
2625 1701 2983 1767 perdidissent
3032 1702 3283 1751 morbum
3333 1700 3495 1752 dece-

194 1792 578 1860 μυστηρίων,
621 1793 803 1847 οἴκαδε
868 1795 1149 1864 χαίροντες
1214 1798 1545 1867 ἐπανῄεσαν,
1589 1796 1664 1865 τῷ
1713 1798 1809 1863 τῆς

1917 1792 2140 1862 ptionis,
2174 1804 2226 1845 et
2250 1793 2481 1846 sanitate
2515 1792 2706 1845 animae
2733 1791 2961 1845 fuissent
2988 1789 3326 1858 locupletati.

191 1886 494 1950 γυναικὸς
562 1887 689 1952 περὶ
750 1887 840 1937 τὸν
883 1887 1109 1959 θώρακα
1159 1889 1323 1943 πάθει
1376 1893 1530 1959 κοινῇ
1565 1889 1624 1940 τὸ
1655 1889 1753 1957 τῆς
1801 1887 2016 1957 ἀπάτης
2075 1887 2287 1955 νόσημα
2348 1884 2834 1949 συναποδαλόντες,
2886 1886 2979 1938 καὶ
3033 1886 3130 1956 τὴν
3169 1886 3267 1954 τῆς
3315 1884 3493 1954 ψυχῆς

191 1978 221 2028 ἒ
233 1995 466 2040 καστος
498 1979 689 2045 ὑγείαν
723 1978 1148 2050 πλουτήσαντες.

285 2070 377 2125 Δ’.
424 2067 555 2123 Εἶτα
602 2076 695 2125 καὶ
751 2076 887 2145 γυνή
930 2094 1010 2139 τις
1051 2078 1213 2146 ἑτέρα
1249 2077 1410 2129 πάλιν
1453 2078 1509 2129 ἐν
1563 2079 1627 2144 τῇ
1667 2075 1801 2140 πρὸς
1837 2080 1877 2132 Β

189 2167 449 2233 Δάφνην
503 2163 823 2236 Ἀντιοχείᾳ,
865 2170 923 2220 ὲν
985 2169 1154 2238 ἀρετῇ
1211 2170 1384 2233 ζῶσα,
1449 2168 1542 2220 και
1590 2167 1806 2229 πολλοῖς

192 2256 556 2325 ἐπαρκοῦσα
598 2257 704 2309 τῶν
736 2259 1067 2327 πενομένων,
1106 2261 1269 2313 πάθει
1296 2261 1621 2332 περιπίπτει
1653 2260 1809 2328 χαλε-

194 2348 471 2415 πωτάτῳ
497 2364 510 2377 ·
554 2348 890 2414 φαγέδαιναν
943 2350 1099 2402 τοῦτο
1134 2352 1324 2415 παῖδες
1372 2352 1571 2421 ἰατρῶν
1610 2350 1809 2420 ὀνομά-

1976 2069 2063 2125 ιν.
2118 2069 2231 2121 Alia
2285 2084 2501 2138 quoque
2569 2071 2781 2133 mulier,
2842 2086 2962 2139 quae
3033 2072 3234 2127 virtute
3285 2074 3499 2130 vivebat

1914 2159 2246 2220 Antiochiae,
2281 2166 2335 2212 et
2356 2174 2510 2227 opem
2549 2158 2753 2213 ferebat
2783 2161 2967 2213 multis
3014 2162 3405 2231 indigentibus,
3443 2168 3497 2218 in

1913 2254 2160 2308 morbum
2195 2253 2382 2307 incidit
2420 2252 2824 2320 gravissimum.
2868 2253 3006 2307 Eum
3060 2256 3254 2309 medici
3312 2259 3498 2310 nomi~

1912 2359 2045 2399 nant
2077 2345 2485 2416 phagedmnam.
2524 2346 2758 2399 Exortus
2790 2356 2972 2399 autem
3019 2347 3161 2400 inter
3199 2350 3486 2413 mamillas,

1913 2438 2163 2492 vastabat
2210 2440 2391 2489 omnia
2441 2436 2813 2490 circumcirca.
2864 2436 3094 2491 Omnem
3154 2454 3281 2506 ergo
3333 2440 3498 2493 aliam

1911 2531 2208 2598 desperans
2236 2530 2350 2598 ipsa
2382 2543 2598 2597 quoque
2633 2528 2992 2587 curationem,
3027 2529 3301 2597 egreditur
3327 2542 3497 2584 noctu

1909 2637 1939 2674 e
1972 2621 2199 2674 civitate
2230 2638 2243 2673 :
2274 2635 2507 2689 cumque
2556 2620 2798 2674 venisset
2846 2636 2943 2689 per
2982 2620 3311 2683 Seleuciam,
3348 2633 3401 2676 et
3433 2626 3500 2677 ad

1909 2709 2061 2763 littus
2093 2713 2436 2771 accessisset,
2488 2721 2544 2764 et
2587 2727 2778 2764 navem
2816 2712 3100 2777 quamdam
3138 2713 3499 2777 ascendisset,

1910 2800 2129 2870 appellit
2185 2798 2366 2869 ZEgas.
2440 2801 2506 2852 Et
2567 2802 2777 2853 ardenti
2852 2801 3031 2853 studio
3093 2800 3160 2853 ad
3239 2806 3489 2855 sanetum

1912 2891 2200 2951 accedens,
2244 2889 2292 2943 ei
2346 2889 2586 2943 ostendit
2637 2905 2853 2957 gravem
2920 2891 3063 2943 illam
3120 2891 3495 2958 affectionem,

1911 2997 2147 3050 eumque
2184 2990 2336 3051 rogat
2365 2992 2419 3034 et
2452 2981 2742 3049 supplicat,
2781 2992 2832 3035 ut
2870 2983 2952 3035 vel
2979 2992 3106 3037 ante
3133 2984 3275 3038 illius
3302 2985 3493 3039 oculos

1912 3074 2196 3135 moriatur,
2231 3082 2285 3125 et
2320 3073 2427 3124 cito
2458 3072 2699 3125 exsolvat
2727 3073 2997 3138 debitum;
3033 3077 3113 3127 vel
3153 3075 3415 3131 liberetur
3450 3093 3478 3130 a

1912 3164 2075 3226 malo,
2118 3162 2262 3231 quod
2312 3178 2429 3215 eam
2482 3160 2688 3231 afﬂigit.
2737 3160 2956 3216 Morbus
2997 3166 3144 3217 enim
3197 3165 3246 3219 ei
3292 3174 3496 3220 tantam

1913 3256 2174 3310 all‘erebat
2230 3255 2645 3315 necessitatem,
2710 3264 2764 3308 et
2823 3264 3032 3308 tantum
3089 3257 3333 3311 dolorem
3367 3297 3381 3317 ,
3442 3268 3499 3310 ut

194 2440 406 2503 ζουσι.
438 2439 657 2503 Μεταξὺ
689 2439 743 2490 δὲ
776 2440 883 2509 ἄρα
922 2442 1029 2494 τῶν
1072 2446 1295 2512 μαστῶν
1348 2446 1574 2513 ἐκφυὲν,
1623 2445 1809 2513 κύκλῳ

196 2531 277 2581 τὰ
314 2530 456 2598 περὶ
492 2530 688 2591 αὑτοὺς
721 2530 1064 2598 ἐλυμαίνετο.
1120 2534 1309 2601 Πάσης
1344 2530 1437 2585 οὗν
1472 2535 1638 2604 ἄλλης
1668 2537 1809 2586 ἁπο-

196 2621 437 2689 γνοῦσα
494 2622 589 2674 καὶ
628 2622 766 2691 αὑτὴ
808 2623 1130 2693 θεραπείας,
1174 2624 1422 2689 ὑπέξεισι
1454 2625 1669 2696 νύκτωρ
1708 2626 1807 2691 τῆς

206 2715 446 2774 πόλεως
469 2729 482 2742 ο
518 2713 750 2766 ἐλθοῦσα
778 2732 832 2766 τε
874 2715 960 2767 διὰ
988 2716 1328 2778 Σελευκείας,
1366 2717 1458 2768 καὶ
1488 2717 1597 2777 τοῖς
1628 2719 1807 2781 αἰγια-

198 2806 331 2867 λοῖς
368 2806 665 2870 ὲπιστᾶτα,
696 2806 883 2857 πλοίου
914 2807 972 2857 τέ
1016 2824 1159 2868 τινος
1202 2809 1470 2872 ἐπιϐᾶσα,
1505 2811 1585 2872 είς
1635 2810 1807 2879 Αἰγὰς

208 2898 511 2966 καταίρει.
569 2896 677 2948 Καὶ
732 2895 1105 2965 προσελθοῦσα
1152 2896 1367 2965 θερμῶς
1408 2901 1482 2967 τῷ
1536 2902 1694 2968 ἁγίῳ,
1749 2903 1809 2953 τὸ

200 2988 403 3042 δεινὸν
440 2990 615 3040 ἐκεῖνο
672 2987 842 3050 πάθος
876 2986 1241 3050 ὑποδεικνύει,
1270 2988 1363 3039 καὶ
1418 2986 1589 3039 δεῖται
1619 2988 1805 3040 τούτου

204 3083 314 3134 καὶ
405 3080 638 3132 ἱκετεύει
675 3079 815 3132 ὥστε
856 3079 976 3150 ἢὲν
1027 3079 1325 3148 ὀφθαλμοῖς
1381 3079 1672 3133 ἀποθανεῖν
1696 3083 1806 3144 τοῖς

203 3174 465 3235 ἐκείνου,
533 3175 628 3225 καὶ
683 3175 778 3225 σὺν
833 3174 988 3241 τάχει
1023 3174 1083 3224 τὸ
1122 3173 1471 3242 ὀφειλόμενον
1524 3175 1806 3238 ἀποτίσαι,

203 3269 239 3336 ἢ
287 3268 392 3321 τοῦ
444 3265 723 3328 πιέζοντος
756 3266 1138 3334 ἀπαλλαγῆναι
1174 3266 1345 3317 κακοῦ
1368 3282 1382 3296 ’
1413 3266 1671 3318 τοσοῦτον
1700 3269 1809 3335 γαρ

203 3358 324 3408 ὑπδ
358 3354 460 3406 τοῦ
510 3355 716 3415 πάθους
748 3356 1040 3421 ἠνέγκατο,
1069 3355 1164 3404 καὶ
1194 3353 1553 3421 τηλικαύταις
1586 3353 1804 3415 ὀδύναις

206 3446 532 3515 συνείχετο,
563 3445 637 3506 ὡς
674 3445 766 3495 καὶ
796 3444 887 3495 τὸν
934 3442 1168 3496 θάνατον
1202 3444 1259 3495 ὲν
1287 3444 1605 3513 εὑεργεσίας
1634 3446 1805 3497 αἰτεῖ·
1835 3423 1876 3478 C

207 3542 350 3594 σθαι
393 3542 574 3609 μέρει,
618 3538 714 3591 καὶ
748 3537 935 3590 τοῦτον
966 3532 1105 3593 εἶναι
1140 3537 1316 3589 δοκεῖν
1363 3538 1470 3588 τῶν
1496 3537 1803 3601 λυπούντων

201 3630 565 3697 ἐλευθερίαν.
610 3626 794 3679 Ταῦτα
833 3624 925 3676 τοῦ
983 3626 1137 3690 ἁγίου
1198 3625 1669 3694 δεδυσωπημένος,
1712 3627 1805 3679 καὶ

202 3724 275 3788 τῇ
328 3721 482 3787 χειρὶ
521 3715 699 3768 τὸτοῦ
745 3715 982 3784 σταυροῦ
1047 3717 1274 3786 σημεῖον
1321 3716 1802 3781 ὑποτυπῶσαντος,

211 3816 422 3863 ἔπειτα
455 3810 510 3861 δὲ
530 3804 623 3861 καὶ
646 3809 707 3862 τὸ
728 3810 823 3862 τοῦ
851 3810 1088 3877 Χριστοῦ
1124 3809 1265 3861 θεῖον
1292 3810 1804 3876 ὂνομαέπιφθεγξα-

215 3906 394 3974 μένου
423 3906 434 3957 !
481 3906 563 3973 (ὣ
600 3903 732 3956 Θεοῦ
764 3905 1048 3972 χριμάτων
1078 3905 1088 3954 !
1131 3902 1174 3953 ῶ
1206 3905 1527 3956 ἀνεικέστου
1577 3902 1803 3973 χρηστό-

205 4000 468 4069 τητοςῑ)
528 4000 792 4069 ῥήγνυται
854 3996 950 4063 μὲν
990 3994 1191 4059 “ei”;
1258 3996 1318 4046 τδ
1361 3998 1552 4062 "iam
1612 3999 1805 4066 ίκῶρθς

210 4090 530 4159 πληρῶσαν
559 4088 618 4138 τὸ
644 4086 860 4154 ἔδαφος,
908 4084 1093 4139 λύεται
1118 4087 1173 4139 δὲ
1202 4084 1311 4138 τῶν
1344 4087 1547 4139 ὀδυνῶν
1580 4088 1611 4156 ἡ
1644 4088 1800 4158 γυνὴ,

208 4185 312 4235 καὶ
354 4182 493 4249 πρὸς
533 4180 630 4249 τὴν
670 4179 945 4246 Ἀντιόχου
986 4178 1140 4248 ὑγιὴς
1168 4180 1452 4248 ἐπανήκει.

288 4276 374 4328 E'.
415 4274 496 4325 Τὰ
524 4272 579 4323 δὲ
615 4270 754 4339 μετὰ
806 4269 979 4321 ταῦτα
1024 4271 1262 4349 διωγμὸς
1312 4270 1458 4323 κατὰ
1510 4271 1611 4341 τῆς
1647 4272 1803 4326 εὑσε-

208 4368 378 4428 Gaia;
420 4363 825 4433 Διοκλητιανοῦ,
869 4365 962 4415 καὶ
1012 4363 1189 4432 δόγμα
1223 4363 1354 4434 παρ’
1404 4367 1569 4419 αὑτοῦ
1607 4368 1803 4436 θεομά.

206 4479 341 4527 χρυ,
401 4460 496 4510 καὶ
527 4456 731 4520 Λυσίας
789 4457 888 4525 τῆς
946 4457 1226 4526 ὠμότητος
1295 4459 1504 4510 ἐκείνου
1567 4460 1660 4510 καὶ
1705 4458 1804 4526 τῆς

207 4552 623 4621 ἀπανθρωπίας
652 4550 928 4619 ὑπηρέτης
965 4548 1321 4617 θερμότατος.
1352 4551 1540 4615 Ὅστις
1567 4553 1635 4604 τὰ
1662 4551 1801 4603 κατὰ

208 4648 306 4697 τὸν
339 4646 484 4695 θεῖον
528 4640 715 4709 μαθὼν
761 4642 1035 4711 Ζηνόδιον,
1076 4644 1169 4694 καὶ
1205 4645 1351 4707 ὅπως
1384 4645 1477 4697 ἕνα
1520 4646 1680 4712 μόνον
1704 4661 1802 4713 κη-

212 4738 409 4807 ρύττει
450 4734 601 4799 Θεὸν,
641 4735 736 4786 καὶ
766 4734 875 4785 τῶν
925 4733 1089 4787 αὑτοῦ
1133 4736 1365 4787 ἐντολῶν
1405 4753 1463 4787 τε
1502 4737 1595 4788 καὶ
1640 4736 1799 4805 θελη-

214 4833 414 4900 ματων
470 4827 747 4896 ἐπιμελῶς
788 4827 1145 4897 περιέχεται,
1210 4830 1355 4889 ὅπως
1410 4845 1467 4879 τε
1518 4831 1584 4897 τῇ
1634 4829 1800 4882 αὑτοῦ

211 4920 510 4991 ἐπικλήσει
565 4921 753 4983 νόσους
790 4919 1054 4989 εὑγειρῶς
1103 4920 1216 4971 λύει
1263 4921 1462 4983 πάσας,
1520 4922 1610 4973 καὶ
1645 4923 1801 4990 χεῖρα

212 5020 330 5077 τοῖς
388 5013 666 5081 δεομένοις
710 5016 980 5081 προτείνει
1042 5012 1281 5081 δαψιλῶς
1344 5015 1597 5081 ῥέουσαν,
1640 5014 1801 5076 εὐθὺς

214 5109 388 5161 αὑτὸν
432 5104 817 5174 συλλαμϐάνει,
858 5109 949 5157 καὶ
992 5105 1329 5174 προκαθίσας
1372 5104 1469 5160 ἐπὶ
1505 5104 1679 5175 μέσης
1701 5104 1801 5172 τῆς

215 5202 457 5264 πρλεως,
507 5199 602 5251 καὶ
657 5199 746 5249 τὸν
798 5198 965 5266 ἄνδρα
1022 5200 1162 5249 κατα
1202 5196 1493 5265 πρόσωπον
1553 5195 1797 5262 ἀγαγὼν,

216 5293 403 5344 Πολλά
439 5307 550 5359 μοι,
583 5290 735 5359 φησι,
767 5291 894 5357 περὶ
928 5288 1042 5353 σού,
1081 5290 1324 5357 Ζηνόϐιε,
1363 5290 1646 5357 ἡκουσται·
1684 5286 1797 5338 ἀλλ’

214 5382 329 5451 ἐγὼ
361 5390 500 5452 μόνη
546 5380 826 5433 πιστεύειν
888 5383 1023 5449 ἀκοῇ
1062 5382 1256 5451 ῥᾳδίως
1295 5379 1396 5431 οὑκ
1462 5380 1623 5448 ἔχων,
1657 5377 1796 5431 ὥστε

218 5481 315 5530 καὶ
346 5477 665 5545 ὀφθαλμοὺς
695 5476 980 5545 μάρτυρας
1011 5476 1236 5544 ποιῆσαι
1262 5473 1369 5526 τῶν
1400 5474 1795 5539 ἀκουσθέντων,

217 5571 315 5623 καὶ
357 5572 443 5623 ἵνα
478 5571 536 5621 τ’)
572 5569 707 5621 πολὺ
751 5566 956 5619 συνέλω
1015 5566 1110 5617 τοῦ
1151 5567 1333 5633 λόγου,
1370 5565 1461 5616 δύο
1515 5580 1597 5615 σοι
1624 5566 1797 5618 ταῦτα

218 5664 575 5730 προτίθεμαι,
619 5663 649 5729 ἢ
700 5660 990 5727 πεισθῆναι
1054 5657 1129 5727 τῷ
1168 5659 1275 5710 τῶν
1332 5656 1676 5725 κρατούντων
1709 5659 1802 5710 εὑ-

218 5760 374 5808 σεελεί
412 5756 767 5827 διατάγματι,
816 5756 912 5807 καὶ
976 5752 1132 5804 θῦσαι
1175 5754 1271 5805 σὺν
1318 5756 1449 5823 ἡμῖν
1488 5759 1598 5817 τοῖς
1636 5755 1801 5822 θεοῖς,

217 5848 361 5921 ὅπερ
393 5850 559 5920 τιμῆς
596 5865 651 5901 σε
676 5848 775 5917 τῆς
808 5847 1069 5916 μεγίστης
1103 5845 1411 5901 ἀπολαῦσαι
1448 5850 1857 5917 παρασκευάσει

1884 5895 1897 5920 7

1913 3350 2074 3399 etiam
2100 3355 2327 3399 mortem
2356 3356 2564 3415 peteret
2591 3346 2708 3399 loco
2739 3345 3009 3406 beneﬁcii,
3040 3357 3097 3400 et
3123 3364 3183 3399 ea
3214 3349 3494 3403 videretur

1909 3454 2028 3493 esse
2084 3438 2336 3490 liberatio
2404 3454 2431 3488 a
2495 3438 2675 3490 malis.
2746 3440 2880 3490 Cum
2946 3440 2992 3491 is
3054 3449 3233 3493 motus
3300 3438 3498 3494 fuisset

1911 3538 2153 3596 sanctus,
2185 3538 2238 3583 et
2272 3544 2437 3582 manu
2467 3527 2649 3582 crucis
2675 3527 2889 3597 signum
2932 3527 3173 3590 fecisset,
3211 3541 3263 3583 ct
3291 3532 3491 3585 deinde

1907 3620 2149 3672 divinum
2181 3622 2381 3671 Christi
2416 3635 2611 3672 nomen
2652 3619 2959 3674 invocasset
2990 3621 3044 3688 (ο
3078 3614 3169 3672 Dei
3202 3620 3431 3686 judicia,
3463 3641 3495 3672 o

1908 3712 2318 3783 benignitatem,
2346 3725 2465 3777 quae
2512 3708 2675 3762 nullis
2710 3719 2889 3778 potest
2934 3712 3112 3762 verbis
3147 3712 3377 3779 exprimi
3411 3715 3422 3763 ι
3458 3722 3493 3778 ),

1909 3806 2180 3869 rumpitur
2222 3806 2441 3869 quidem
2496 3803 2677 3853 statim
2726 3800 2970 3864 morbus,
3016 3801 3109 3870 qui
3153 3803 3327 3855 solum
3395 3803 3493 3855 im-

1909 3895 2078 3965 plevit
2114 3895 2270 3947 sanie
2309 3910 2321 3945 :
2359 3891 2589 3945 solvitur
2644 3900 2821 3943 autem
2878 3892 3071 3945 mulier
3120 3908 3147 3944 a
3190 3894 3490 3957 doloribus,

1908 3996 1962 4041 et
1994 3986 2284 4040 revertitur
2322 3999 2451 4036 sana
2484 3982 2851 4038 Antiochiam.

1980 4302 2042 4357 ν.
2083 4303 2213 4367 Quae
2245 4310 2425 4355 autem
2454 4310 2573 4371 post
2611 4302 2729 4355 lucc
2755 4313 3081 4370 sequuntur,
3120 4312 3249 4358 sunt
3282 4303 3491 4359 Diocle-

1909 4397 2039 4449 tiani
2096 4396 2403 4461 persecutio
2448 4393 2706 4445 adversus
2746 4395 3023 4460 pietatem,
3068 4402 3121 4446 et
3168 4393 3278 4447 Deo
3313 4396 3492 4448 inimio

1905 4502 2027 4539 eum
2080 4485 2148 4538 ab
2192 4498 2256 4537 eo
2314 4484 2617 4551 profectum
2678 4484 2941 4547 edictum,
2990 4494 3043 4538 et
3099 4482 3286 4554 Lysias
3343 4487 3488 4541 illius

1905 4577 2127 4632 saivitize
2159 4584 2213 4629 et
2255 4574 2671 4628 inhumanitatis
2724 4575 2979 4629 minister
3013 4580 3335 4633 acerrimus.
3381 4579 3484 4644 Qui

1908 4686 2033 4723 cum
2069 4669 2374 4737 accepisset
2398 4668 2637 4720 divinum
2669 4666 2966 4721 Zenobium
3001 4670 3295 4738 praedicare
3315 4688 3483 4726 unum

1832 4758 2076 4816 Dsolum
2134 4760 2331 4821 Deum,
2386 4762 2613 4826 ejusque
2684 4769 2951 4826 prmeepta
3019 4768 3075 4812 et
3146 4761 3483 4817 voluntatem

1903 4853 2142 4906 studiose
2170 4860 2223 4903 et
2251 4850 2541 4920 diligenter
2578 4850 2855 4919 amplecti,
2892 4863 2944 4903 et
2977 4850 3095 4919 ejus
3136 4850 3483 4908 invocatione

1903 4942 2124 4995 morbos
2178 4954 2370 4994 omnes
2421 4939 2578 4993 lacrle
2635 4941 2867 5003 solvere,
2911 4950 2963 4993 et
2998 4956 3217 4993 manum
3263 4944 3480 4998 abundo

1900 5033 2339 5101 suppeditantem
2399 5032 2677 5099 porrigere
2723 5034 3047 5101 egentibus,
3102 5046 3226 5085 eum
3294 5035 3480 5089 statim

1899 5122 2338 5190 comprehendit,
2387 5135 2440 5173 et
2482 5136 2604 5173 cum
2662 5122 2713 5173 in
2756 5123 2933 5175 media
2967 5126 3305 5190 praesediSset
3341 5116 3477 5180 civi-

1900 5225 2031 5280 tate,
2060 5224 2114 5268 et
2145 5231 2266 5269 eum
2302 5229 2480 5267 coram
2509 5214 2627 5283 ipso
2656 5226 2900 5268 curasset
2927 5217 3224 5269 sistendum
3258 5237 3269 5270 :
3298 5218 3477 5288 Saepe,

1899 5307 2101 5378 inquit,
2134 5324 2165 5362 ο
2196 5308 2418 5371 Zenobi,
2450 5323 2478 5360 a
2514 5322 2597 5359 me
2626 5306 2693 5359 de
2721 5317 2770 5359 te
2798 5321 2880 5361 est
2905 5308 3147 5362 auditum
3178 5327 3189 5361 :
3226 5312 3319 5363 sed
3354 5329 3479 5365 eum

1898 5418 2007 5455 non
2038 5401 2194 5455 facile
2222 5415 2436 5467 possem
2472 5398 2571 5451 soli
2616 5399 2773 5453 lanne
2820 5403 3062 5462 credere,
3101 5413 3384 5471 propterea
3424 5414 3479 5458 te

1899 5494 1952 5547 in
2009 5509 2185 5547 meum
2244 5493 2439 5545 adduxi
2491 5504 2884 5560 conspectum,
2947 5501 3004 5545 ut
3072 5496 3233 5547 etiam
3289 5498 3482 5551 oculos

1900 5586 2154 5639 haberent
2200 5594 2366 5638 testes
2396 5600 2605 5646 eorum,
2656 5599 2775 5652 qum
2805 5585 2984 5638 audivi
3022 5605 3033 5639 :
3068 5596 3142 5652 et,
3197 5599 3252 5641 nt
3290 5592 3477 5657 paucis

1902 5677 2201 5739 absolvam,
2247 5678 2357 5731 hmo
2386 5677 2494 5730 duo
2527 5676 2620 5730 tibi
2656 5692 2921 5746 pr0pouo,
2955 5688 3012 5730 ut
3048 5679 3130 5732 vel
3164 5696 3350 5748 pareas
3387 5686 3476 5751 pio

1902 5772 2080 5826 edicto
2118 5770 2532 5838 imperatorum,
2580 5779 2635 5823 et
2680 5770 2781 5823 diis
2813 5771 3097 5823 nobiscum
3150 5774 3461 5829 saeriliees:

2011 5862 2098 5912 καὶ
2193 5862 2423 5915 πλούτου
2489 5863 2775 5930 δαψίλειαν
2808 5861 2864 5915 εὖ
2902 5863 3010 5917 ἴσθι
3044 5866 3135 5916 καὶ
3176 5867 3289 5934 βίον
3336 5869 3473 5935 λαμ-
