4216 6432
783 405 923 470 1315

2067 391 2356 451 MENSIS
2395 387 2760 449 OCTOBER.

3899 379 4044 439 1316

780 519 920 585 quod
982 513 1197 582 quidem
1246 511 1464 575 efficiet,
1523 519 1580 563 ut
1628 519 1684 562 tu
1745 507 2037 561 maximum
2091 505 2355 558 honorem

2459 502 2732 569 πρὸτητα,
2797 498 2892 549 καὶ
2944 494 3165 562 ἀγαθῶν
3196 493 3370 547 ἄλλων
3415 492 3648 562 ἀμοιϐὰς
3705 493 4050 560 προξενήσει

779 606 1108 676 assequaris,
1144 617 1195 658 et
1229 619 1448 675 magnas
1478 617 1630 671 opes,
1657 610 1710 654 et
1743 600 1866 652 vita:
1895 597 2265 668 splendorem,
2297 605 2351 649 et

775 698 1004 750 aliorum
1054 696 1320 747 bonorum
1368 691 1838 746 remunerationes
1887 689 1981 742 tibi
2040 686 2352 742 conciliabit

779 791 904 857 (hoc
938 789 1032 841 tibi
1076 799 1228 858 poles
1259 797 1408 841 certo
1445 786 1846 857 persuadere)_:
1882 784 1964 838 vel
1999 792 2054 836 ut
2078 780 2352 836 damneris

779 881 845 933 ad
874 880 1074 948 plagas,
1111 879 1349 944 vincula,
1383 878 1684 939 cruciatus,
1733 885 1788 930 et
1827 884 2020 928 caatera
2057 881 2348 927 tormenta.

779 972 1021 1037 Quorum
1053 971 1307 1040 quisnam
1357 980 1437 1024 est
1467 970 1601 1023 alius
1632 968 1772 1033 linis,
1819 966 1921 1020 nisi
1952 981 2102 1020 mors
2133 966 2356 1019 omnino

779 1065 1095 1127 saevissima,
1128 1071 1183 1115 et
1211 1062 1366 1128 plena
1405 1063 1641 1115 maximo
1677 1060 1903 1114 dolore?
1941 1059 2020 1112 Ad
2056 1058 2168 1110 haec
2200 1071 2352 1126 egre-

777 1158 898 1226 gius
929 1154 1202 1209 Zenobius
1235 1173 1250 1209 :
1281 1155 1431 1217 Mihi,
1473 1154 1672 1223 inquit,
1724 1167 1866 1204 unus
1910 1158 1994 1203 est
2023 1163 2184 1202 verus
2215 1148 2355 1202 Deus

774 1247 932 1301 Jesus
963 1247 1235 1312 Christus,
1274 1247 1328 1300 in
1376 1260 1484 1314 quo
1516 1259 1617 1314 ego
1648 1243 1879 1304 confido,
1915 1257 1941 1293 a
1977 1257 2084 1310 quo
2116 1250 2200 1294 est
2238 1240 2355 1308 ipsa

776 1344 1013 1394 essentia
1045 1350 1098 1394 et
1143 1341 1269 1403 vita,
1333 1347 1650 1406 et-propter
1691 1350 1850 1404 quem
1900 1343 1984 1386 est
2031 1333 2165 1386 mihi
2214 1331 2350 1386 mori

776 1431 1035 1484 lucrum:
1084 1445 1263 1498 neque
1303 1429 1451 1483 enim
1499 1426 1790 1494 quidquam
1841 1441 1907 1480 ex
1957 1426 2041 1486 iis,
2091 1440 2211 1494 qua:
2264 1426 2352 1479 hic

775 1523 1164 1591 suntjucunda
1199 1530 1252 1574 et
1281 1520 1642 1585 delectabilia,
1672 1531 1752 1572 est
1785 1519 2183 1573 conferendum
2226 1533 2349 1570 cum

772 1629 857 1674 ea,
886 1631 989 1682 qua
1016 1625 1100 1666 est
1132 1614 1259 1675 illic,
1289 1611 1748 1666 remuneratione.
1782 1609 2143 1674 Quamobrem
2176 1625 2350 1664 saevus

2461 607 2565 654 σοι,
2615 591 2645 660 ἢ
2680 587 2897 659 πληγὰς
2926 586 3019 640 καὶ
3063 585 3347 656 στρὲολας,
3385 585 3474 636 καὶ
3510 583 3782 652 βασάνους
3835 584 4048 648 ἐτέρας

2459 683 2884 753 κατακριθῆναι,
2926 675 2999 734 ὧν
3040 681 3091 732 τί
3144 679 3202 731 τὸ
3237 679 3392 740 τέλος
3449 677 3481 748 ἢ
3527 677 3765 745 χαλεπὸς
3815 675 4050 735 παντως

2459 781 2553 832 καὶ
2587 775 2980 844 ὀδυνηρότατος
3021 771 3292 837 θάνατος;
3341 769 3482 839 Πρὸς
3512 769 3685 821 ταῦτα
3720 771 3746 820 ὁ
3785 771 4048 834 γενναῖος

2457 870 2738 938 Ζηνὸὅιος,
2792 867 2948 935 Ἐμοὶ
2986 865 3116 926 Θεὸς
3149 860 3228 926 εἷς
3254 862 3505 931 ἀληθινὸς
3530 863 3556 912 ὁ
3584 860 3792 924 Κύριος
3829 858 4046 926 Ἰησοῦς

2455 962 2694 1030 Χριστός
2743 963 2916 1024 ἐστιν,
2962 958 3090 1027 ἔψη,
3133 956 3218 1025 ἐφ’
3264 957 3322 1008 ὃν
3355 954 3465 1023 ἐγὼ
3503 953 3768 1013 πέποιθα,
3811 952 3946 1021 παρ’
3979 939 4044 1001 οὗ

2454 1055 2549 1108 καὶ
2588 1053 2722 1106 αὐτὸ
2747 1052 2808 1105 τὸ
2839 1047 2979 1104 εἶναι
3015 1067 3105 1120 μοι
3138 1049 3236 1102 καὶ
3266 1049 3326 1100 τὸ
3366 1048 3484 1115 ζῇν,
3508 1047 3602 1098 καὶ
3635 1045 3704 1096 δι’
3726 1043 3787 1094 ὃν
3821 1044 3952 1110 ἐμοὶ
3977 1043 4043 1094 τὸ

2453 1149 2744 1202 ἀποθανεῖν
2784 1145 2995 1215 κέρδος.
3062 1143 3195 1195 Οὐδὲ
3235 1141 3343 1209 γὰρ
3374 1141 3490 1191 ἔστι
3517 1155 3569 1190 τι
3602 1138 3712 1189 τῶν
3741 1135 3873 1202 τῇδε
3914 1151 4044 1202 τερ-

2453 1241 2602 1294 πνῶν
2629 1241 2728 1310 τῆς
2756 1239 2967 1292 ἐκεῖθεν
2999 1236 3322 1298 ἀντιδόσεως
3353 1234 3521 1299 ἄξιον.
3568 1231 3686 1298 Ἐφ’
3722 1225 3808 1290 οἷς
3844 1231 3872 1281 ὁ
3904 1221 4044 1293 ἀπη-

2456 1334 2552 1402 νὴς
2585 1333 2792 1394 ἐκεῖνος
2841 1330 3250 1398 ἀγανακτήσας,
3316 1325 3639 1396 μετεωρίζει
3668 1323 3762 1374 τὸν
3802 1319 4048 1388 ἀθλητὴν

2458 1426 2552 1476 ἐπὶ
2588 1424 2765 1489 ξύλου,
2791 1425 2884 1476 καὶ
2916 1423 3180 1490 στρέϐλας
3207 1419 3375 1473 αὑτοῦ
3411 1420 3506 1471 καὶ
3536 1416 3815 1484 ξύστῆρας
3844 1416 4042 1476 ἐπα-(ει

2456 1515 2534 1585 τῷ
2577 1515 2790 1584 σώματι
2818 1531 2832 1546 ο
2902 1515 3128 1583 Ἵδωμεν
3167 1512 3214 1563 εἰ
3264 1509 3503 1579 Χριστὸς
3545 1505 3712 1567 ἔλθοι,
3751 1503 4043 1573 βοηθήσων

2458 1609 2627 1678 αὐτῷ.

776 1706 1088 1774 indignatus
1121 1705 1324 1774 Lysias,
1359 1705 1594 1758 sublime
1631 1704 1684 1756 in
1722 1702 1867 1771 ligno
1920 1700 2060 1755 tollit
2115 1703 2399 1766 athletam,
2459 1710 2516 1758 et
2547 1710 2818 1757 tormenta
2855 1699 3019 1754 infert
3044 1699 3162 1767 ejus
3186 1695 3398 1768 corpori
3434 1693 3801 1752 :Videamus,
3835 1690 4042 1743 dicens.

778 1815 844 1852 an
882 1799 1131 1851 Christus
1166 1800 1236 1852 sit
1264 1805 1547 1858 venturus,
1587 1804 1646 1850 ut
1679 1797 1727 1850 ei
1763 1812 1919 1866 opem
1948 1797 2108 1850 ferat.

852 1893 938 1946 Vl.
965 1892 1175 1945 Interea
1199 1908 1326 1946 vero
1355 1907 1581 1947 currens
1597 1893 1865 1955 alicunde,
1886 1893 2031 1944 venit
2050 1893 2114 1945 ad
2127 1907 2245 1944 eum
2265 1891 2368 1945 Ze—
2401 1900 2442 1956 Β

778 1985 938 2038 nobia
962 2001 1116 2039 soror
1133 1986 1272 2052 ejus.
1300 1985 1430 2048 Quae
1449 2001 1570 2037 cum
1596 2001 1717 2036 eum
1739 1985 2034 2051 aspexisset
2051 1985 2102 2036 in
2128 1985 2289 2054 ligno,
2309 1995 2362 2038 et

779 2076 865 2129 vel
881 2091 945 2128 ex
964 2076 1079 2143 ipso
1099 2075 1408 2142 spectaculo
1427 2074 1625 2142 repleta
1646 2073 2088 2137 fuissetaudacia,
2109 2075 2217 2129 etsi
2234 2076 2361 2143 quid

777 2174 859 2220 est
892 2166 1072 2226 molle,
1097 2173 1188 2218 aut
1208 2163 1558 2229 imbecillum,
1588 2173 1676 2218 aut
1711 2166 1994 2228 muliebre,
2016 2165 2248 2218 idtotum
2271 2167 2364 2218 ab-

777 2258 1017 2326 jecisset,
1037 2260 1089 2309 et
1108 2270 1164 2309 se
1192 2270 1314 2307 vere
1332 2270 1450 2308 esse
1467 2259 1584 2325 ejus
1609 2270 1848 2307 sororem
1878 2255 2204 2308 ostendisset
2229 2272 2239 2305 :
2263 2256 2364 2309 Su-

781 2348 968 2414 perbe,
999 2346 1190 2415 inquit,
1211 2355 1453 2416 tyranne,
1483 2346 1737 2414 quidnam
1766 2346 1981 2399 sceleris
2004 2348 2219 2401 admisit
2253 2349 2362 2402 fra-

785 2449 883 2500 ter,
913 2438 1054 2506 quod
1081 2446 1134 2490 tu
1159 2453 1281 2490 eum
1303 2439 1379 2491 sic
1400 2437 1651 2505 torques?
1672 2437 1764 2491 llle
1789 2448 1966 2491 autem
1998 2440 2048 2506 (o
2068 2441 2356 2505 sinistram,

783 2539 839 2583 et
855 2530 1116 2592 dolosam,
1135 2529 1513 2584 etilliberalem
1531 2530 1786 2596 animam)
1816 2530 1877 2582 ad
1898 2530 2362 2584 mulierisdicendi

789 2621 1091 2673 libertatem
1147 2620 1511 2688 placidissime
1556 2620 1835 2688 respondit
1863 2631 1919 2675 et
1964 2621 2264 2686 lenissime,
2305 2634 2363 2677 ut

785 2721 836 2765 et
865 2713 917 2764 in
949 2727 1087 2777 eam,
1135 2722 1321 2782 utpote
1352 2712 1634 2776 feminam,
1665 2728 1722 2766 se
1756 2713 1966 2768 blandis
2016 2715 2193 2769 verbis
2230 2717 2362 2769 insi-

786 2813 1001 2864 nuaret,
1056 2810 1108 2854 et
1165 2804 1444 2856 induceret
1501 2813 1559 2856 ut
1604 2805 2012 2860 imbecilliorem
2053 2823 2064 2858 :
2108 2807 2360 2861 Sacrifica

786 2897 953 2957 enim,
984 2896 1178 2962 inquit.
1207 2897 1445 2950 Zenobia
1481 2909 1533 2950 tu
1558 2913 1774 2965 quoque
1807 2900 1930 2960 diis,
1964 2915 2062 2953 nec
2093 2905 2362 2954 sustineas

788 2988 972 3039 videre
1003 2987 1238 3055 speciem
1288 3002 1350 3038 ac
1404 2989 1644 3056 vigorem
1693 2999 1747 3041 et
1780 2989 1966 3042 florem
2005 2991 2078 3042 tui
2115 2993 2362 3060 corporis

787 3079 1168 3132 miserabiliter
1195 3077 1380 3130 multis
1407 3093 1469 3130 ac
1502 3080 1662 3131 rariis
1695 3081 1827 3133 tradi
1864 3083 2143 3150 suppliciis
2175 3102 2186 3135 :
2222 3100 2358 3152 quo-

789 3186 930 3233 rum,
967 3186 999 3223 o
1032 3171 1244 3231 mulier,
1282 3172 1521 3224 dedecus
1561 3181 1645 3224 est
1673 3176 1828 3240 longe
1860 3174 1978 3240 ipso
2014 3177 2198 3228 dolore
2241 3192 2358 3243 gra-

787 3263 926 3314 vius.
958 3262 1046 3313 illa
1081 3271 1264 3315 autem
1301 3263 1458 3314 simul
1495 3277 1617 3316 cum
1664 3262 1827 3316 fratre
1884 3264 2032 3332 loqui
2089 3267 2357 3335 incipiens
2388 3247 2428 3302 (ί

791 3354 955 3407 veluti
990 3369 1097 3407 uno
1142 3354 1374 3421 quodam
1411 3365 1557 3406 motu
1590 3356 1755 3407 anin'ii
1789 3367 1841 3409 et
1881 3372 2149 3412 consensu
2184 3377 2198 3411 :
2244 3360 2363 3414 Non

791 3445 970 3507 nobis,
1036 3446 1312 3506 dixerunt,
1370 3447 1751 3514 persuadebis,
1799 3465 1830 3501 0
1881 3459 2138 3518 tyranne,
2197 3455 2362 3502 Deum

789 3550 980 3588 verum
1029 3543 1082 3587 et
1117 3535 1295 3587 vivum
1332 3547 1640 3602 permutare
1675 3553 1797 3588 eum
1835 3539 2138 3591 simulacris
2166 3549 2366 3592 morta-

791 3626 918 3680 lium
967 3628 1272 3686 hominum.
1323 3643 1424 3679 nec
1463 3629 1506 3679 si
1566 3629 1677 3679 fieri
1713 3629 1932 3696 quidem
1970 3639 2174 3698 posset,
2218 3641 2273 3684 ut
2309 3642 2365 3684 tu

794 3719 1220 3771 innumerabiles
1253 3719 1410 3771 nobis
1457 3730 1663 3769 mortes
1706 3719 1948 3783 afferres,
1986 3729 2041 3772 et
2085 3737 2192 3772 non
2228 3723 2366 3776 hanc

796 3822 980 3869 unam,
1013 3821 1132 3873 quae
1165 3805 1322 3858 nobis
1349 3804 1430 3857 vel
1462 3805 1528 3857 ab
1559 3805 1674 3874 ipsa
1703 3815 1896 3860 natura
1928 3808 2157 3862 debetur
2178 3827 2366 3865 ncces-

793 3899 956 3954 sario.
1015 3898 1139 3952 Haec
1192 3914 1318 3968 ergo
1373 3913 1495 3951 eum
1546 3899 1833 3960 dixissent,
1887 3911 2152 3969 martyres
2185 3904 2364 3954 statim

797 3990 925 4043 lecti
963 3990 1240 4056 excipiunt
1291 3990 1472 4052 ferrei,
1513 3998 1568 4040 et
1613 3990 1749 4057 ignis
1801 3991 1899 4041 sub
1935 3990 2086 4043 lectis
2116 3991 2366 4043 accendi-

796 4092 900 4134 tur.
931 4081 1131 4134 Aderat
1164 4088 1344 4133 autem
1385 4079 1571 4149 Lysias
1615 4096 1832 4149 quoque
1871 4083 2177 4136 aeclamans
2211 4101 2222 4136 :
2269 4082 2368 4136 Ve-

797 4172 910 4225 niat
940 4173 1209 4233 Christus,
1245 4181 1299 4225 et
1349 4187 1507 4239 opem
1561 4171 1699 4224 ferat
1741 4174 1828 4236 iis,
1878 4174 1967 4242 qui
2005 4190 2102 4243 pro
2127 4177 2241 4245 ipso
2274 4195 2368 4246 pa-

798 4263 1025 4316 tiuntur.
1065 4261 1335 4315 Zenobius
1367 4273 1546 4314 autem
1565 4263 1610 4315 ei
1636 4264 1860 4316 honeste
1887 4266 2056 4318 dixit:
2091 4266 2168 4317 En
2197 4269 2365 4332 adest,

798 4371 954 4411 suum
995 4371 1168 4409 rorem
1207 4358 1451 4424 pra-hens
1487 4354 1644 4408 nobis
1675 4355 2035 4420 medicinam,
2070 4357 2279 4410 etiamsi
2316 4369 2368 4411 tu

801 4452 904 4502 hoc
944 4464 1050 4501 non
1085 4451 1262 4517 possis
1292 4448 1495 4513 videre,
1533 4462 1656 4501 cum
1701 4447 1780 4502 sis
1811 4448 2182 4504 circumdatus
2223 4458 2369 4505 tanta

801 4541 1031 4608 caligine
1064 4540 1379 4607 impietatis.

873 4629 988 4683 γιι.
1029 4627 1314 4697 Tyrannus
1346 4643 1475 4697 ergo
1503 4642 1623 4681 cum
1658 4629 1867 4684 videret
1901 4645 1995 4683 eos
2037 4640 2143 4684 tam
2176 4647 2368 4702 magno

800 4731 857 4774 et
895 4731 1002 4774 tam
1035 4721 1160 4774 forti
1193 4720 1379 4773 animo
1413 4719 1689 4788 prteditos,
1737 4721 1788 4772 in
1835 4722 2121 4790 praesentia
2151 4724 2369 4788 quidem

801 4829 1014 4867 cessare
1043 4812 1168 4888 facit
1201 4828 1388 4865 eorum
1415 4814 1735 4878 cruciatum,
1774 4815 1933 4868 simul
1961 4815 2178 4882 quidem
2222 4824 2275 4867 et
2304 4815 2371 4868 ad

800 4917 1021 4957 sensum
1068 4904 1266 4957 doloris
1313 4918 1436 4956 eum
1489 4919 1827 4972 nequaquam
1880 4905 2126 4958 sullicere
2176 4907 2367 4961 existi-

805 5013 979 5056 mans,
1017 5008 1070 5050 et
1116 5012 1209 5066 spe
1268 4997 1496 5064 quadam
1556 4998 1658 5051 sibi
1709 4997 1994 5052 blandiens
2055 4999 2171 5052 lore
2217 5012 2275 5052 ut
2337 5001 2371 5055 ii

805 5095 1255 5162 persuadeantur.
1303 5100 1356 5146 et
1391 5102 1802 5158 convertantur,
1846 5111 1947 5148 nec
1993 5107 2256 5165 perpetuo
2300 5097 2373 5152 ita

804 5187 903 5240 sibi
941 5186 1074 5239 nihil
1124 5195 1366 5254 parcant.
1405 5185 1537 5240 Cum
1590 5186 1770 5255 itaque
1799 5188 2011 5242 electis
2047 5189 2244 5242 ferreis
2281 5198 2374 5242 eos

806 5281 1025 5333 fecisset
1062 5296 1282 5350 surgere
1317 5296 1330 5331 :
1365 5279 1562 5344 Vestri,
1592 5280 1786 5349 inquit,
1820 5283 1980 5336 modo
2018 5282 2370 5349 miseremini,

805 5387 981 5440 neque
1010 5372 1078 5425 sit
1117 5375 1252 5424 alter
1287 5373 1438 5427 alteri
1472 5373 1702 5426 invicem
1736 5385 1988 5442 aspectus
2029 5375 2372 5442 miserabilis,

805 5465 973 5518 frater
1007 5471 1134 5517 ante
1159 5466 1343 5518 oculos
1382 5467 1584 5521 sororis
1629 5471 1886 5519 atrociter
1927 5466 2264 5521 interfectus.
2297 5466 2372 5520 llli

804 5568 984 5610 autem
1019 5557 1260 5611 moribus
1285 5565 1338 5609 et
1369 5559 1564 5613 animis
1593 5559 1761 5630 magis
1789 5558 2003 5624 fratres,
2051 5577 2210 5628 quam
2256 5576 2376 5614 cor-

806 5650 1069 5716 poribus:
1105 5649 1243 5713 'l'ibi,
1298 5648 1625 5710 dixerunt,o
1667 5653 1853 5719 judex,
1912 5653 2093 5721 potius
2135 5651 2373 5705 consuli-

806 5756 948 5800 mus.
983 5749 1037 5793 ut
1071 5750 1173 5795 tuae
1197 5744 1390 5798 animae
1420 5742 1651 5811 aliquam
1679 5759 1862 5796 curam
1895 5760 2071 5814 geras,
2097 5754 2150 5798 et
2185 5746 2375 5799 timeas

802 5834 1021 5906 quidem
1056 5835 1380 5904 gehennam,
1417 5836 1574 5907 cujus
1604 5836 1764 5891 ruinae
1799 5837 1890 5891 tibi
1927 5839 2287 5906 intentantur,
2324 5849 2374 5894 et

2546 1891 2634 1955 ς’.
2676 1888 2906 1940 Ἔπειτα
2941 1885 3063 1954 ἥκει
3097 1883 3369 1952 δρομαίως
3421 1878 3580 1932 ποθὲν
3611 1879 3644 1946 ἡ
3696 1875 3908 1944 ἀδελφὴ
3945 1878 4046 1943 Ζηο

2465 1982 2638 2044 νοϐία,
2672 1979 2766 2032 καὶ
2793 1978 2982 2029 τοῦτον
3008 1977 3099 2028 ἐπὶ
3130 1974 3222 2026 τοῦ
3251 1973 3411 2037 ξύλου
3438 1970 3780 2039 θεασαμένη,
3805 1968 4042 2037 θάρσους

2464 2093 2520 2126 τε
2552 2072 2646 2126 καὶ
2685 2071 2778 2124 ἀπ’
2807 2069 2978 2138 αὐτῆς
3018 2071 3116 2133 τῆς
3159 2067 3288 2129 θέας
3341 2064 3774 2133 ὑποπλησθείσα,
3814 2064 3909 2114 καὶ
3939 2063 4045 2111 πᾶν

2465 2167 2595 2217 εἴτι
2644 2163 2887 2232 μαλακὸν
2928 2163 2960 2230 ἢ
2994 2159 3217 2222 ἀσθενὲς
3245 2158 3276 2229 ἢ
3311 2159 3618 2225 γυναικεῖον
3652 2152 4042 2213 ἀποϐαλοῦσα,

2464 2259 2560 2312 καὶ
2593 2257 2808 2326 ἀληθῶς
2847 2255 2930 2307 ὅτι
2963 2255 3205 2305 τοιούτου
3230 2249 3297 2321 ἦν
3326 2251 3518 2318 ἀνδρὸς
3545 2250 3750 2316 ἀδελφὴ
3795 2247 4040 2309 δείξασα,

2475 2349 2735 2415 ’Λλαζὼν,
2766 2349 2891 2417 ἔφη,
2925 2345 3180 2413 τύραννε,
3219 2346 3339 2395 τίνα
3372 2342 3626 2410 τοιαύτην
3659 2341 4043 2409 ἐργασάμενον

2463 2441 2701 2494 ἀτοπίαν
2760 2440 2994 2500 αἰκίζεις
3035 2435 3126 2487 τὸν
3169 2434 3423 2502 ἁδελιρὸν;
3504 2434 3561 2485 ὐ
3615 2433 3693 2491 δὲ,
3733 2432 3801 2499 (ὦ
3851 2435 4041 2492 sxxii;

2464 2532 2647 2602 ψυχῆς
2687 2531 2782 2584 καὶ
2813 2531 3036 2599 δολερᾶς
3059 2529 3152 2580 καὶ
3171 2525 3580 2593 ἁνελευθὲρουῑ)
3613 2525 3748 2591 πρὶς
3779 2524 4042 2589 τηλικαύ-

2465 2643 2564 2694 την
2597 2623 2856 2692 γυναικὸς
2886 2622 3202 2691 παρρησίαν
3231 2620 3350 2686 μεθ’
3377 2619 3508 2684 ὅσης
3544 2617 3887 2686 ομαλὸτητος
3912 2619 4045 2666 απο-

2463 2717 2729 2786 κρίνεται,
2763 2716 2848 2766 ἵνα
2877 2717 2970 2766 καὶ
3001 2715 3076 2768 ὠς
3111 2712 3242 2780 θῆλυ
3279 2711 3452 2779 κλέψῃ
3483 2709 3575 2759 καὶ
3619 2708 3694 2769 ὠς
3721 2710 4045 2760 ἀσθενέστε-

2470 2823 2560 2873 ρον
2612 2805 2874 2873 μαλακοῖς
2934 2804 3172 2870 ῥήμασιν
3244 2799 3624 2868 ἐπαγάγηταιῐ
3684 2798 3859 2850 Θύσον
3910 2799 4044 2865 γὰρ,

2467 2897 2618 2965 φησὶ,
2648 2894 2902 2964 Ζηνοϐία,
2934 2893 3035 2945 κᾶν
3075 2893 3210 2960 αὑτὴ
3267 2895 3380 2953 τοῖς
3413 2891 3576 2952 θεοῖς,
3613 2891 3705 2940 καὶ
3853 2889 4044 2954 σώμα-

2463 3004 2548 3048 τος
2583 2988 2784 3038 οἰκείου
2844 2986 3149 3050 εὐγένειαν,
3186 2983 3276 3034 καὶ
3311 2983 3496 3048 ἀκμὴν
3545 2978 3716 3046 ὧρας,
3756 2979 3853 3029 καὶ
3887 2978 4046 3038 ἄνθος

2466 3081 2714 3146 νεότητος
2750 3079 2876 3128 ἰδεῖν
2933 3076 3182 3136 ἐλεεινῶς
3239 3075 3449 3142 ἀνάσχῃ
3484 3072 3852 3140 πολυτρόποις
3895 3076 4046 3123 αἰκι-

2469 3171 2625 3234 σμοῖς
2686 3166 3026 3231 ἐκδιδόμενα,
3087 3159 3162 3217 ὧν
3195 3164 3354 3227 πολὺ,
3391 3165 3573 3230 γύναι,
3626 3163 3725 3230 τῆς
3759 3163 3954 3229 ὀδύνης
4012 3162 4043 3229 ἡ

2464 3259 2691 3328 αἰσχύνη
2721 3256 3043 3326 βαρύτερον.
3081 3255 3145 3306 Ἠ
3171 3255 3245 3315 δὲ,
3274 3254 3367 3307 τοῦ
3400 3254 3556 3320 λόγου
3591 3256 3688 3304 σὺν
3719 3253 3798 3321 τῷ
3827 3253 4045 3321 αδελφιῇ

2463 3352 2835 3420 ἐπιλαϐομένη
2861 3392 2874 3414 ,
2908 3349 3158 3418 καθάπερ
3196 3349 3283 3424 ὑφ’
3315 3349 3395 3399 ἐνὶ
3424 3349 3598 3416 ψυχῆς
3633 3347 3925 3414 κινήματι,
3953 3349 4045 3397 καὶ

2466 3444 2879 3510 παραστήματι,
2919 3444 2991 3491 Ού
3025 3443 3255 3500 πείσεις,
3297 3438 3471 3498 εἷπον,
3509 3443 3678 3507 ἡμᾶς,
3711 3435 3756 3491 ὧ
3785 3441 4041 3507 τύραννε,

2465 3533 2599 3585 Θεοῦ
2652 3534 2853 3595 ζῶντος
2914 3530 3170 3598 ἀληθινοῦ
3225 3531 3424 3582 εἴδωλα
3472 3531 3680 3598 θνητῶν
3735 3533 4045 3599 ἀνθρώπων

2465 3625 2796 3687 ἀλλάξασθαι
2829 3625 2938 3677 οὐδ’
3000 3625 3064 3677 ἂν
3099 3624 3148 3676 εἰ
3183 3623 3279 3676 καὶ
3323 3624 3550 3693 μυρίους
3588 3640 3671 3675 σοι
3713 3625 3943 3676 δυνατὸν

2467 3718 2596 3785 ἡμῖν
2635 3716 2898 3778 θανάτους
2932 3719 3258 3782 ἐπαγαγεῖν,
3295 3717 3432 3767 ἀλλὰ
3470 3719 3544 3785 μὴ
3587 3718 3677 3768 τὸν
3710 3719 3808 3769 ἕνα
3855 3719 4046 3771 τοῦτον

2467 3811 2613 3871 ὅστις
2639 3812 2729 3861 καὶ
2760 3807 2888 3877 παρ’
2927 3808 3095 3873 αὐτῆς
3128 3809 3260 3876 ἡμῖν
3301 3806 3517 3874 φύσεως
3553 3809 3877 3874 ἀναγκαίως
3902 3811 4051 3878 ὀρεί-

2467 3903 2638 3956 λεταε.
2690 3903 2873 3956 ταῦτα
2935 3902 3226 3969 τοιταρυῦν
3309 3903 3608 3972 εἰρηκότας
3677 3903 3860 3956 κλῖναι
3924 3907 4047 3965 τοὺς

2473 3994 2760 4061 μάρτυρας
2797 3994 2956 4053 εὐθὺς
3000 3993 3360 4059 ὑποδέχονται
3402 3995 3642 4060 σιδηραῖ,
3673 4001 3766 4044 καὶ
3804 3995 3918 4061 πῦρ
3947 3996 4048 4046 ὑπὸ

2468 4087 2587 4146 ταῖς
2632 4085 2841 4145 κλίναις
2880 4083 3203 4136 ἁνάπτεται.
3237 4084 3425 4151 Παρῆν
3457 4085 3511 4135 δὲ
3568 4087 3663 4134 καὶ
3693 4086 3900 4147 Λυσίας
3933 4088 4048 4137 ἐπι.

2471 4180 2703 4248 φωνῶν·
2769 4177 3002 4228 Ἐλθέτω
3053 4176 3308 4245 Χριστὶς,
3365 4176 3688 4245 βοηθησάτω
3741 4176 3856 4241 τοῖς
3909 4182 4046 4248 ὑπὲρ

2471 4269 2636 4321 αὑτοῦ
2679 4267 2968 4341 ⁸πάσχουσι.
3005 4268 3110 4317 Καὶ
3139 4269 3165 4317 ὁ
3201 4270 3459 4335 Ζηνὸὄιος
3490 4269 3746 4338 εὐκόσμῳ
3785 4270 3864 4338 τῷ
3902 4271 4043 4341 ῆθει,

2480 4333 2773 4428 Ιιάρεστῖν,
2812 4359 3021 4424 ἔλεγεν,
3049 4359 3180 4422 ἰδοὺ,
3222 4358 3321 4428 τὴν
3350 4359 3481 4429 παρ’
3509 4363 3672 4412 αὐτοῦ
3691 4361 3884 4428 δρόσον
3915 4365 4047 4428 ἴαμα

2476 4452 2736 4522 παρέχων
2781 4452 2938 4520 ἡμῖν,
2991 4453 3038 4504 εξ
3078 4454 3172 4503 καὶ
3227 4455 3290 4504 σὺ
3341 4454 3533 4505 τοῦτον
3579 4455 3680 4504 οὐκ
3714 4455 3862 4521 ἔχεις
3894 4458 4046 4525 ὁρᾷν,

2395 4585 2448 4641 D
2473 4546 2745 4615 τοσαύτην
2775 4547 3030 4609 ἀσεϐείας
3061 4545 3229 4616 ἀχλὺν
3265 4549 3676 4617 περικείμενος.

2543 4641 2616 4693 Z'.
2663 4640 2719 4691 '0
2757 4637 2886 4706 γοῦν
2913 4638 3199 4709 τύραννος,
3225 4639 3398 4701 οὕτως
3451 4641 3648 4704 αὐτοὺς
3682 4643 3827 4712 ὀρῶν
3882 4648 4044 4716 554-3—

2473 4749 2580 4801 χως
2613 4735 2706 4784 καὶ
2733 4735 3077 4803 καρτερικῶς
3113 4735 3360 4803 ἔχοντας,
3400 4735 3582 4802 ἵστησι
3620 4741 3828 4808 ταύτην
3859 4742 3920 4792 τὸ
3951 4761 4052 4793 πα-

2479 4825 2568 4893 ρὸν
2598 4828 2710 4888 τοῖς
2739 4827 3005 4891 γενναίοις
3032 4827 3129 4896 τὴν
3171 4826 3466 4895 τιμωρίαν,
3497 4828 3633 4896 ὁμοῦ
3662 4832 3763 4899 μὲν
3795 4836 3894 4901 οὐχ
3930 4837 4051 4885 ἱκα-

2471 4915 2570 4987 νὴν
2599 4916 2765 4984 αὐτὴν
2792 4919 2869 4979 εἰς
2899 4918 3087 4987 ὀδύνης
3110 4917 3360 4987 αἴσθησιν
3384 4920 3718 4992 δριμυτέρας
3739 4924 4047 4988 ὑπολαῦὼιι,

2474 5008 2610 5078 ὁμοῦ
2662 5006 2716 5060 δὲ
2749 5007 2840 5059 καί
2869 5025 3010 5060 τισιν
3038 5009 3253 5060 ἐλπίσιν
3283 5009 3475 5062 ἑαυτὸν
3505 5015 3818 5066 ὑποσαίνων
3846 5016 3920 5078 ὠς
3945 5018 4052 5086 ἄρα

2476 5100 2862 5167 πεισθήσονται
2915 5103 3007 5153 καὶ
3045 5101 3434 5169 μεταϐαλοῦσι,
3485 5106 3581 5157 καὶ
3620 5108 3717 5175 οὐχ
3768 5107 3912 5160 οὕτω
3967 5113 4055 5164 δια

2475 5193 2658 5254 τέλους
2681 5193 2887 5246 ἑαυτῶν
2915 5195 3287 5263 ἀφειδήσουσι.
3321 5195 3538 5266 Ἀμέλει
3562 5201 3653 5250 καὶ
3683 5199 3794 5250 τῶν
3817 5202 4054 5272 σιδηρῶν

2476 5285 2701 5336 ἐκείνων
2731 5283 2928 5336 κλινῶν
2968 5284 3167 5347 αὐτοὺς
3217 5286 3549 5356 ἀναστήσας,
3587 5291 3912 5358 Οἱκτείρατε
3951 5297 4052 5347 κᾶν

2475 5377 2602 5443 ἄρτι
2631 5376 2874 5439 ἑαυτοὺς,
2905 5375 3058 5445 φησὶ,
3089 5375 3282 5428 λάϐετέ
3338 5395 3459 5430 τινα
3489 5381 3639 5446 σφῶν
3669 5385 3851 5435 αὐτῶν
3881 5387 4050 5450 ἔλεον,

2481 5468 2615 5536 μηδὲ
2671 5465 2791 5537 ὄψις
2840 5467 3088 5538 ἀλλήλοις
3151 5470 3346 5538 οἰκτρὰ
3398 5471 3651 5541 γένησθε,
3707 5475 3938 5544 ἁδελφὸς
3996 5483 4052 5530 ἐν

2477 5559 2775 5629 ὀφθαλμοῖς
2828 5557 3056 5625 ἀδελφοῦ
3111 5561 3365 5630 χαλεπῶς
3416 5566 3835 5634 ἀναιρούμενος.
3870 5570 3930 5620 ΟΞ
3995 5571 4048 5622 δὲ

2477 5654 2571 5706 τὸν
2605 5655 2804 5723 τρόπον
2839 5654 3038 5704 ἐκεῖνοι
3073 5654 3276 5721 μᾶλλον
3307 5656 3525 5722 ἀδελφοὶ
3560 5661 3650 5708 καὶ
3679 5659 3777 5720 τὰς
3810 5661 3986 5725 ψυχας
4016 5665 4044 5730 ἦ

2478 5747 2547 5797 τὰ
2575 5746 2824 5815 σώματα,
2850 5745 2937 5797 Σοὶ
2966 5745 3189 5814 μᾶλλον,
3224 5742 3268 5800 ὦ
3296 5749 3554 5810 δικαστὰ,
3585 5751 4046 5822 συμϐουλεύομεν,

2485 5835 2658 5911 εἷπον,
2694 5840 2885 5894 θέσθαι
2915 5842 3033 5894 τινα
3061 5843 3154 5895 καὶ
3195 5843 3292 5912 τῆς
3330 5844 3528 5896 σαυτοῦ
3559 5844 3738 5913 ψυχῆς
3772 5850 4044 5917 πρόνοιαν,
