4216 6432
260 381 395 450 i321

327 498 388 550 Γ.
423 494 556 549 Τότε
590 493 772 547 τοίνυν
811 488 911 543 οὐκ
942 482 1010 560 ἦν
1053 487 1134 541 ἐτι
1186 482 1414 544 ἀνεκτὸν
1463 484 1750 556 Ἑπιμάχῳ
1793 482 1826 551 ἡ
1861 485 1907 543 Α

220 586 234 601 ⁸
257 589 467 661 ἐρημία
500 585 593 640 καὶ
641 584 702 637 τὸ
763 581 996 654 ἄμικτον
1029 581 1210 634 ἐκεῖνο
1244 576 1339 632 τοῦ
1398 576 1515 647 βίου
1549 577 1642 631 καὶ
1683 577 1830 628 ἀκοι-

257 682 521 753 νώνητον.
594 677 755 731 Ἀλλὰ
817 675 894 746 τῷ
951 673 1138 744 θερμῷ
1199 671 1330 738 περὶ
1387 668 1487 740 τὴν
1547 668 1831 721 εὐσέϐειαν

257 774 427 844 ζήλῳ,
456 772 555 842 τὴν
589 767 769 838 ψυχὴν
807 766 1146 838 σφοδρότατα
1166 761 1427 832 κινηθεὶς,
1461 761 1556 813 καὶ
1591 760 1731 812 ὥστε
1759 760 1832 830 μὴ

256 866 466 935 ταύτην
491 859 826 931 ὑὸρῐζεσθαι,
862 860 956 911 καὶ
979 859 1121 927 ζωῆς
1150 856 1265 924 ἅμα
1287 855 1378 906 καὶ
1406 852 1638 924 ἡσυχίας
1663 867 1831 904 κατα·

261 961 573 1029 φρονήσας,
609 953 859 1008 κάτεισιν
906 953 985 1014 είς
1020 951 1191 1019 μέσην
1230 949 1328 1016 τὴν
1377 947 1531 999 πόλιν
1572 945 1681 999 ὁ.πὸ
1733 943 1832 1012 τῆς

258 1049 519 1119 ἐρημίας,
553 1046 804 1117 πρόσεισι
843 1043 903 1096 δὲ
951 1042 1032 1112 τῷ
1079 1039 1388 1112 τυραννικῷ
1424 1040 1628 1110 βήματι
1669 1038 1833 1108 μηδὲν

259 1139 580 1208 ὑποπτήξας
613 1136 723 1190 τῶν
754 1136 1076 1206 ὁρωμένων,
1110 1133 1280 1203 μηδὲν
1309 1131 1418 1184 τῶν
1448 1131 1632 1200 φοϐεῖν
1667 1129 1832 1181 δυναο

263 1233 437 1301 μένων
479 1228 875 1294 καταπλαγεὶς,
901 1227 1016 1301 ,καὶ
1054 1229 1214 1279 τοῦτο
1253 1224 1472 1294 πρῶτον
1523 1223 1831 1293 ἁρίστευμα

256 1327 358 1391 τῆς
393 1321 713 1390 θαυμαστῆς
744 1318 911 1371 αὐτοῦ
947 1321 1185 1371 ποιεῖται
1221 1317 1424 1386 ψυχῆς.
1467 1311 1602 1368 Εἶτα
1633 1312 1832 1366 καθαι-

261 1417 347 1485 ρεῖ
381 1415 480 1483 μὲν
525 1411 803 1464 εἰδωλικδν
852 1411 1062 1462 ἐκεῖνον
1112 1410 1296 1480 βωμὸν
1349 1410 1444 1460 καὶ
1509 1408 1590 1470 είς
1639 1406 1834 1474 ἔδαφος

261 1505 592 1577 ἀνατρέπει,
645 1502 782 1573 ὁμοῦ
837 1504 932 1557 καὶ
975 1503 1120 1574 χειρὶ
1163 1500 1389 1571 γενναίᾳ
1449 1499 1544 1554 καὶ
1605 1497 1834 1566 δυνάμει

262 1602 484 1669 ἀοράτῳ
535 1598 840 1669 χρώμενος.
883 1597 1062 1667 ὀρμᾷ
1113 1595 1170 1648 δὲ
1223 1595 1318 1648 καὶ
1363 1594 1483 1646 κατ’
1539 1590 1705 1646 αὐτοῦ
1736 1588 1831 1642 τοῦ

263 1691 572 1755 δικάζοντος
607 1689 762 1760 θυμῷ
791 1689 987 1758 δικαίῳ
1013 1688 1106 1740 τδν
1143 1687 1410 1757 ὑϐριστὴν
1437 1685 1534 1738 καὶ
1565 1682 1701 1736 Θεοῦ
1739 1681 1832 1735 καὶ

265 1785 444 1854 νόμων
491 1783 654 1852 ίερῶν
705 1783 1074 1852 ἀμυνόμενος.
1108 1781 1218 1833 Καὶ
1244 1778 1295 1830 εἴ
1338 1795 1401 1846 γε
1439 1779 1513 1848 μὴ
1545 1777 1696 1846 παρὰ
1723 1775 1832 1828 τῶν

266 1877 474 1928 ἐκείνου
529 1873 846 1942 δορυφόρων
881 1873 982 1937 τῆς
1041 1871 1220 1942 ὁρμῆς
1271 1870 1566 1940 ἐπεσχέθη,
1631 1869 1834 1939 πτῷμα

266 1969 516 2038 δακρύων
543 1967 694 2032 ἄξιον
721 1967 809 2032 ἂν,
845 1969 871 2021 6
898 1966 1161 2037 τύραννος
1190 1964 1390 2017 ἔκειτο.

334 2258 409 2313 Δ’.
450 2261 626 2329 Ὅπερ
667 2261 872 2321 ἐκεῖνος
925 2259 1025 2310 οὐκ
1049 2253 1312 2324 ἐνεγκὼν,
1353 2251 1488 2305 ἀλλὰ
1521 2250 1695 2320 μέσην
1738 2247 1838 2317 τὴν

264 2350 498 2418 καρδίαν
541 2349 646 2401 ὑπὸ
690 2349 792 2416 τῆς
832 2348 1002 2417 ὀργῆς
1041 2346 1334 2411 ἀνατέσας,
1389 2345 1471 2396 ὅτι
1517 2358 1622 2409 περ
1666 2339 1838 2401 οὕτως

264 2437 489 2506 εὐτελὴς
550 2437 690 2506 ἀνὴρ
755 2437 1041 2506 αὐχμηρὸς
1095 2436 1194 2505 τὴν
1252 2435 1450 2505 κόμην,
1507 2431 1722 2500 οἰκτρὸς
1779 2428 1840 2480 τὸ

260 2529 552 2600 ’τριϐώνιον
587 2531 724 2596 μετὰ
764 2533 1032 2596 τοσαύτης
1079 2526 1224 2596 αὐτῷ
1267 2527 1365 2596 τῆς
1404 2525 1612 2593 τόλμης
1666 2538 1838 2592 προσ-

267 2619 533 2690 ενεχθείη,
557 2621 769 2688 φυλακῇ
800 2619 890 2672 τὸν
913 2620 1065 2686 ἅγιον
1089 2620 1180 2670 καὶ
1201 2619 1418 2686 δεσμοῖς
1445 2616 1834 2684 παραδίδωσιν,

265 2708 352 2765 οἶα
408 2712 718 2782 παρ-ἀϐολόν
753 2729 806 2763 τι
865 2711 959 2764 καὶ
1012 2710 1186 2779 θρασὺ
1237 2710 1561 2778 δεδρακότα.
1603 2711 1699 2758 καὶ
1741 2711 1836 2774 τὴν

265 2805 422 2872 δίκην
455 2803 611 2865 ἀξίαν
646 2802 931 2870 ὑφέξοντα.
973 2800 1209 2862 Πολλοὺς
1245 2801 1343 2868 μὲν
1381 2796 1475 2852 οὖν
1508 2801 1601 2850 καὶ
1644 2799 1836 2859 ἄλλους

268 2888 384 2960 εἶχε
439 2892 497 2942 τὸ
548 2891 920 2959 δεσμωτήριον
975 2890 1112 2958 ὑπὲρ
1163 2888 1444 2950 εὐσεϐείας
1510 2888 1603 2939 καὶ
1641 2887 1839 2948 αὐτοὺς

269 2981 868 3050 κατακεκλεισμένους.
913 2981 1074 3044 Ἀλλὰ
1121 2982 1285 3034 πᾶσιν
1330 2981 1514 3042 αὐτοῖς
1563 2980 1702 3049 ῥοπὴ
1738 2997 1835 3048 με·

271 3075 436 3144 γίστη
472 3075 565 3127 καὶ
606 3073 742 3143 πρὸς
775 3073 834 3124 τὸ
862 3072 1168 3142 μαρτύριον
1220 3071 1584 3142 παράκλησις,
1620 3072 1648 3122 ὁ
1676 3071 1839 3132 καλὸς

1368 358 1851 429 MARTYRIUM
1887 362 1944 425 S.
1985 361 2380 424 EPIMACIII.

3365 366 3500 434 1322

2009 477 2105 533 Ill.
2146 477 2300 532 Tunc
2356 475 2520 548 igitur
2573 476 2870 548 Epimacho
2930 478 3164 535 solitudo
3223 479 3338 551 ipsa
3388 497 3498 538 non

1937 571 2171 641 amplius
2209 572 2311 625 fuit
2357 571 2632 641 Optabilis,
2683 589 2860 643 neque
2896 573 2983 628 illa
3021 574 3145 630 vitae
3185 577 3324 631 ratio
3356 587 3506 647 grata

1936 673 2072 727 erat,
2118 678 2226 732 qua
2274 665 2724 720 consuetudinem
2771 675 2823 720 et
2855 665 3136 720 hominum
3172 667 3505 736 impietatem

1935 757 2181 819 vitabat;
2229 757 2326 811 sed
2359 758 2560 811 amoris
2602 759 2793 813 ardore
2825 758 2877 812 in
2911 758 3006 814 Dei
3053 758 3310 829 pietatem
3342 759 3510 814 vehe-

1937 847 2279 902 mentissime
2315 863 2600 913 accensus,
2629 857 2684 903 et
2714 849 2830 902 zelo
2859 849 3095 918 quodam
3128 864 3324 920 magno
3357 851 3509 905 exci-

1937 946 2106 1001 tatus,
2138 941 2301 994 vitam
2354 939 2536 1006 simul,
2577 941 2926 994 solitudinem
2973 948 3025 995 et
3073 942 3313 1011 quietem
3361 940 3509 996 illam

1937 1031 2288 1100 contempsit,
2326 1041 2380 1085 et
2407 1033 2475 1086 ab
2501 1047 2686 1086 eremo
2710 1032 2766 1086 in
2799 1032 3031 1086 mediam
3062 1033 3252 1087 urbem
3277 1033 3507 1089 descen-

1936 1121 2055 1176 dit:
2092 1121 2340 1191 quiuimo
2383 1123 2517 1176 adiit
2557 1123 2624 1177 ad
2665 1124 2900 1178 tribunal
2950 1123 3188 1194 tyranni,
3235 1125 3372 1178 nihil
3410 1139 3507 1178 eo-

1939 1224 2058 1262 rum
2094 1218 2366 1274 metuens,
2406 1223 2523 1277 qua:
2556 1211 2830 1278 corporeis
2854 1211 3025 1265 oculis
3055 1218 3380 1276 cernuntur,
3410 1223 3511 1264 ne-

1942 1314 2047 1369 (μισ
2085 1299 2172 1354 his
2221 1301 2404 1365 rebus,
2443 1315 2562 1368 quae
2606 1308 2870 1354 terrorem
2925 1303 3200 1371 injiciunt,
3237 1311 3511 1372 perterre-

1937 1389 2131 1445 factus.
2170 1390 2347 1455 Quare
2385 1390 2761 1444 admirabilem
2799 1390 2965 1443 animi
2996 1389 3371 1445 fortitudinem
3423 1391 3510 1446 in-

1937 1487 2156 1540 dicavit.
2192 1487 2456 1556 Deinceps
2510 1488 2777 1542 idolorum
2829 1503 2978 1542 aram
3027 1487 3249 1554 evertit,
3282 1503 3512 1558 eamque

1949 1578 2066 1632 solo
2127 1579 2451 1646 adaequavit,
2512 1579 2706 1647 partim
2757 1593 3019 1649 generosa
3073 1587 3128 1632 et
3161 1578 3289 1632 forti
3324 1594 3511 1640 manu,

1940 1669 2140 1737 partim
2173 1669 2415 1736 potentia
2454 1669 2707 1736 quadam,
2742 1684 2850 1723 non
2896 1669 3153 1734 humana,
3191 1669 3286 1724 sed
3323 1670 3508 1724 divina

1940 1775 2092 1813 usus.
2128 1760 2209 1813 Ad
2249 1760 2362 1813 lucc
2391 1768 2445 1813 et
2493 1760 2752 1814 adversus
2781 1759 3021 1829 judicem
3066 1760 3328 1830 impetum
3363 1762 3511 1823 fecit,

1936 1855 2093 1924 justo
2127 1853 2363 1921 quodam
2399 1852 2585 1906 furore
2625 1852 2776 1906 illum
2808 1853 3098 1918 ulciscens,
3129 1854 3222 1922 qui
3261 1853 3430 1908 Deum
3461 1865 3514 1908 et

1941 1944 2058 2009 ejus
2090 1955 2272 1993 sacras
2298 1940 2442 2010 leges
2473 1940 2729 1996 violabat.
2770 1943 2841 1994 At
2868 1943 2971 1996 nisi
3006 1943 3073 1996 ab
3106 1942 3279 2010 ipsius
3306 1943 3514 1998 satelli-

1944 2033 2088 2085 tibus
2126 2033 2379 2100 martyris
2415 2033 2652 2102 impetus
2706 2035 2960 2088 detentus
2995 2034 3212 2101 luisset,
3254 2043 3514 2106 tyrannus

1943 2119 2033 2171 ille
2069 2121 2362 2174 miserabili
2394 2137 2524 2175 casu
2557 2124 2841 2191 jacuissct.

2020 2244 2107 2301 IV.
2153 2244 2286 2310 Qua:
2342 2249 2524 2302 omnia
2583 2252 2901 2322 cumjudex
2955 2269 3064 2308 non
3125 2255 3311 2323 ferret,
3369 2260 3514 2326 quod

1941 2336 2108 2390 homo
2158 2345 2263 2390 tam
2299 2337 2421 2390 vilis
2455 2348 2509 2390 et
2545 2340 2814 2408 abjectus,
2849 2357 3005 2396 coma
3043 2345 3353 2413 squalidus,
3393 2357 3514 2418 toga

1940 2427 2129 2492 miser,
2166 2437 2316 2482 tanto
2348 2429 2552 2499 impetu
2582 2432 2636 2484 in
2671 2447 2795 2484 eum
2831 2433 3040 2489 irruere
3075 2451 3240 2490 ausus
3268 2447 3434 2500 esset,
3459 2439 3510 2492 in

1943 2532 2219 2572 carcerem
2244 2529 2300 2573 et
2335 2520 2546 2574 vincula
2575 2522 2751 2574 virum
2785 2524 2934 2578 illum
2969 2529 3374 2582 sanctissimum
3398 2530 3516 2599 jus-

1941 2609 2010 2662 sit
2044 2610 2267 2678 conjici,
2305 2624 2588 2680 prepterea
2625 2615 2771 2684 quod
2823 2617 3106 2671 audaciam
3142 2626 3196 2673 et
3234 2623 3514 2674 temerita-

1941 2706 2049 2752 tem
2092 2716 2344 2769 magnam
2375 2718 2485 2770 prae
2516 2719 2574 2758 se
2599 2706 2796 2758 tulerat
2827 2722 2841 2759 :
2877 2709 3228 2775 quamobrem
3258 2722 3312 2764 et
3337 2712 3515 2780 justas

1945 2803 2137 2856 ptenas
2164 2790 2210 2841 ei
2245 2791 2631 2858 persolvcndas
2666 2809 2786 2848 esse
2826 2795 3088 2851 decrevit.
3115 2798 3262 2851 Multi
3295 2802 3512 2869 quidem

1942 2879 2052 2943 alii,
2108 2890 2162 2935 et
2211 2883 2312 2950 ipsi
2366 2884 2587 2953 pietatis
2637 2901 2798 2940 causa
2851 2888 3116 2952 conclusi,
3165 2904 3386 2945 carcere
3425 2892 3514 2945 illo

1941 2972 2344 3028 detinebantur.
2379 2977 2483 3030 Sed
2525 2978 2628 3030 illis
2655 2980 2909 3034 omnibus
2932 2983 3160 3036 multum
3191 2984 3515 3053 atljumenti,

1943 3081 2244 3135 magnaque
2277 3069 2344 3122 ad
2370 3071 2689 3139 martyrium
2742 3073 2974 3127 libenter
3003 3076 3384 3144 perferendum
3416 3081 3510 3134 ad-

268 3167 508 3235 κατέστη
552 3167 848 3233 Ἐπίμαχος
878 3179 892 3195 ⁶
926 3164 1143 3233 ἀμελῶν
1197 3164 1294 3231 μὲν
1343 3164 1447 3215 τῶν
1500 3164 1621 3216 καθ’
1654 3164 1842 3216 ἑαυτὸν
1870 3160 1911 3218 C

1840 3155 2186 3218 Iahortatio
2240 3168 2356 3212 erat
2420 3159 2701 3227 Epimaehi
2768 3164 2941 3217 oratio
3006 3177 3168 3234 atque
3236 3168 3505 3236 alacritas,

265 3260 479 3322 δεινῶν,
514 3258 609 3310 καὶ
642 3259 737 3327 τῆς
772 3256 996 3308 ἐκείνων
1046 3255 1346 3324 θεραπείας
1388 3255 1836 3324 ἐπιμελούμενος.

274 3352 508 3401 Ἔπειτα
530 3350 585 3401 δὲ
619 3350 712 3401 καὶ
737 3350 1117 3417 παραινέσεως
1156 3348 1285 3416 πρὸς
1316 3345 1537 3410 αὐτοὺς,
1569 3346 1664 3398 καὶ
1693 3347 1840 3398 διδα-

274 3442 500 3503 οκαλίας
530 3441 854 3505 ἁπτόμενος,
881 3438 976 3489 καὶ
1003 3437 1320 3505 συγκροτῶν
1342 3439 1561 3500 αὐτοὺς,
1594 3438 1842 3505 τειχίζων

274 3532 635 3601 πανταχόθεν,
698 3533 888 3597 νήφειν
947 3528 1134 3589 ποιῶν,
1171 3526 1474 3586 ἀναλώτους
1530 3528 1668 3593 ὅλως
1722 3531 1843 3588 ταῖς

272 3625 368 3677 τοῦ
402 3623 598 3693 ἐχθροῦ
653 3623 921 3691 μηχαναῖς
962 3620 1346 3691 ἐργαζόμενος.

344 3918 419 3970 E'.
450 3913 948 3984 Παραστησάμενος
974 3912 1262 3981 τοιγαροῦν
1297 3911 1492 3971 αὐτοὺς
1529 3909 1554 3959 ὁ
1583 3909 1840 3974 δικάζων,

275 4011 370 4062 καὶ
405 4008 626 4060 πλεὶονα
676 4005 828 4078 παρὰ
874 4005 1010 4056 πολὺ
1043 4005 1139 4073 τῆς
1191 4003 1463 4072 προτέρας
1503 4003 1596 4054 καὶ
1649 4002 1846 4072 θερμο-

275 4102 441 4169 τέραν
479 4101 575 4169 τὴν
610 4101 862 4151 ἔνστασιν
898 4095 1018 4148 ἰδὼν
1049 4097 1552 4165 ὲπδεικνυμένους,
1593 4094 1842 4162 πυθόμε-

276 4208 363 4255 νος
393 4193 451 4244 δὲ
497 4194 590 4245 καὶ
637 4193 733 4262 τὴν
761 4189 940 4244 αἰτίαν
975 4188 1068 4242 τοῦ
1126 4191 1474 4258 πράγματος,
1525 4188 1618 4241 καὶ
1655 4187 1844 4255 μαθὼν

275 4285 351 4347 ὡς
405 4285 704 4354 Ἐπιμαχον
759 4281 932 4336 ταῦτα
984 4281 1284 4350 συμϐουλαί
1328 4299 1384 4333 τε
1420 4281 1514 4335 καὶ
1549 4280 1842 4349 ὑποθῆκαι.

278 4375 495 4428 Τούτων
531 4375 627 4444 μὲν
662 4374 798 4441 μετὰ
831 4373 1030 4436 πολλὰς
1067 4373 1168 4444 ἤδη
1202 4374 1294 4426 καὶ
1328 4375 1636 4443 ἀφορήτους
1669 4390 1845 4439 τιμω·

1945 3250 2146 3319 quippc
2183 3253 2325 3319 quod
2367 3268 2556 3306 omnes
2587 3255 2884 3318 cruciatus,
2920 3273 3057 3326 quos
3087 3261 3181 3313 sibi
3211 3272 3427 3332 paratos
3450 3282 3513 3318 ac.

1943 3345 2257 3412 propositos
2309 3345 2544 3411 videbat,
2593 3348 2902 3416 negligens,
2950 3350 3016 3402 de
3070 3352 3285 3407 illorum
3340 3358 3512 3410 salute

1945 3443 2154 3490 tantum
2199 3445 2316 3490 erat
2356 3436 2642 3492 sollicitus.
2681 3440 2758 3492 Ad
2799 3442 2912 3494 hzee
2964 3445 3432 3502 admonitionibus
3463 3461 3514 3503 et

1943 3530 2190 3582 doctrina
2220 3529 2389 3580 multa
2425 3546 2521 3583 eos
2572 3531 2878 3587 instruebat
2920 3546 3084 3604 atque
3131 3538 3509 3596 conﬁrmabat.

1945 3619 2180 3686 undique
2212 3618 2357 3688 ipsos
2389 3619 2663 3682 muniens,
2696 3622 2888 3689 eisque
2922 3630 3258 3692 persuadens
3289 3641 3349 3684 ut
3381 3635 3514 3704 vigi—

1943 3715 2118 3767 lantes
2151 3729 2216 3768 ac
2253 3712 2386 3766 tales
2433 3729 2554 3766 esse
2593 3715 2898 3782 studerent,
2934 3719 3026 3786 qui
3054 3723 3278 3777 omnino
3319 3728 3385 3780 ab
3417 3727 3511 3781 ho-

1945 3805 2044 3858 stis
2081 3804 2281 3858 diaboli
2313 3805 2580 3858 machinis
2607 3809 2905 3878 expugnari
2935 3826 3045 3864 non
3080 3827 3328 3881 possent.

2017 3943 2080 3995 V.
2124 3942 2257 3997 Cum
2290 3958 2418 3996 vero
2464 3943 2628 4011 judex
2673 3946 2793 4003 illos
2843 3950 2908 4004 ad
2959 3966 3016 4006 se
3064 3953 3188 4009 duci
3233 3954 3512 4024 jussisset,

1944 4048 2146 4102 eosque
2204 4035 2374 4088 multo
2424 4041 2784 4104 constantius,
2840 4057 3001 4111 quam
3057 4056 3254 4110 antea,
3309 4052 3511 4106 Christi

1945 4124 2344 4179 confessionem
2387 4129 2626 4196 proﬁteri
2655 4133 2900 4200 vidisset,
2930 4136 3156 4207 ejusque
3183 4141 3258 4195 rei
3293 4157 3510 4199 causam

1945 4208 2226 4280 Epimachi
2282 4215 2508 4268 consilia
2549 4225 2602 4270 et
2653 4218 3067 4278 adhortationes
3106 4225 3274 4282 fuisse
3313 4245 3512 4301 cogno-

1946 4303 2132 4369 visset,
2165 4303 2378 4357 illorum
2408 4307 2676 4372 omnium,
2704 4313 3040 4378 postmultos
3061 4324 3117 4370 et
3139 4316 3512 4376 intolerabiles

1946 4394 2244 4455 cruciatus,
2294 4393 2507 4463 linguas
2552 4401 2796 4454 exscindi
2831 4403 3018 4471 jussit,
3060 4406 3168 4476 (his
3210 4410 3354 4464 enim
3390 4421 3512 4466 ute-

279 4470 402 4538 ρίας
445 4468 695 4536 ἐκτέμνει
751 4465 848 4528 τὰς
884 4465 1168 4532 γλώσσας·
1221 4460 1379 4518 αὗται
1428 4466 1536 4533 γὰρ
1587 4461 1726 4534 ἦσαν
1788 4466 1842 4517 αἱ
1875 4499 1920 4554 D

336 4561 346 4574 .
547 4560 557 4574 .
616 4559 638 4569 η
749 4559 785 4571 ..
1018 4557 1031 4568 .
1062 4558 1073 4573 ,
1236 4573 1249 4574 γ
1407 4560 1416 4573 ,
1532 4556 1542 4574 .
1637 4558 1647 4573 ,
1793 4559 1839 4574 ,γ

1840 4503 1842 4513 ι
1875 4499 1920 4554 ι)
1949 4487 2146 4539 bantur
2181 4497 2441 4556 martyres
2487 4489 2552 4542 ad
2591 4493 2873 4547 veritatem
2922 4496 3340 4567 defendendam,
3386 4521 3505 4574 quae

283 4561 455 4629 μέσην
502 4559 648 4626 αὺτῷ
692 4559 925 4628 μάλιστα
976 4557 1314 4627 πλήττονσαι
1367 4560 1464 4626 τὴν
1516 4556 1697 4626 ψυχὴν
1733 4559 1842 4618 τοῖς

285 4652 525 4720 ἐλέγχοις
559 4652 654 4720 τῆς
689 4649 964 4720 ἀληθείας.
991 4647 1122 4702 Εἶτα
1153 4649 1246 4701 καὶ
1281 4650 1420 4717 ξίφει
1451 4652 1547 4711 τὰς
1587 4666 1845 4718 μαρτυρι-

283 4745 381 4806 κὰς
403 4743 582 4795 αὐτῶν
602 4741 840 4810 κεςςαλας
863 4744 1195 4812 ἀφαιρεῖται.
1242 4741 1396 4794 Μετὰ
1419 4741 1473 4794 δὲ
1491 4741 1707 4803 τούτους
1727 4739 1846 4806 ἄγει

280 4835 558 4906 δεσμώτην
589 4837 677 4887 τὸν
725 4838 965 4903 γενναῖον
1024 4834 1340 4904 Ἐπίμαχον,
1373 4834 1465 4886 καὶ
1498 4835 1611 4885 Ἵνα
1643 4832 1713 4898 τί,
1746 4850 1847 4899 φη-

283 4931 388 4992 σιν,
412 4930 438 4979 6
460 4926 653 4996 σεμνὸς
686 4928 746 4979 σὺ
775 4928 864 4978 καὶ
887 4925 947 4978 τὸ
970 4922 1106 4987 εἶδος
1136 4925 1463 4991 ἀξιοθέατος,
1493 4927 1568 4988 εἰς
1598 4925 1847 4975 τοσοῦτον

281 5021 545 5084 (gem-ca;
579 5019 915 5083 δυσσεϐείας,
960 5017 1034 5080 ὡς
1070 5019 1144 5088 μὴ
1189 5018 1346 5087 μόνον
1375 5018 1555 5087 ἡμῶν,
1589 5016 1722 5069 ἀλλὰ
1757 5015 1848 5067 καὶ

286 5113 422 5164 θεῶν
461 5110 638 5162 αὐτῶν
666 5113 755 5163 καὶ
792 5110 1060 5180 βασιλέων
1115 5111 1537 5181 αὐτοκρατόρων
1571 5127 1850 5177 καταφρο-

286 5207 427 5268 νεῖν;
475 5201 817 5271 ’Λνθρώπους
844 5202 944 5270 μὲν
969 5203 1075 5270 γὰρ
1109 5201 1290 5266 ὄντας,
1320 5202 1532 5270 ἀνάγκη
1583 5200 1848 5262 πολλάκις

286 5295 617 5363 σφάλλεσθαι
665 5294 759 5346 τοῦ
808 5296 1200 5366 προσήκοντος,
1256 5293 1392 5364 πλὴν
1425 5294 1540 5346 ἀλλ’
1599 5295 1698 5345 οὐκ
1729 5294 1849 5344 ἐπι·

289 5393 468 5458 μένειν
513 5389 590 5441 δεῖ
636 5390 746 5452 τοῖς
788 5389 992 5454 αὐτοῖς,
1025 5388 1157 5441 ἀλλὰ
1207 5387 1642 5458 μεταϐάλλεσθαι
1688 5388 1851 5439 πάλιν

283 5481 627 5551 διορθοῦσθαι
666 5482 733 5534 τὰ
775 5483 902 5552 παρ’
934 5482 1088 5553 ἡμῶν
1120 5482 1194 5552 μὴ
1227 5481 1454 5544 δεόντως
1483 5481 1844 5551 γεγενημένα.

285 5573 497 5625 υῦκοῦν
551 5573 874 5644 ἀνθρωπίνῳ
907 5575 997 5626 καὶ
1026 5574 1186 5636 αὐτὸς
1219 5575 1377 5628 πάθει
1439 5573 1693 5637 ἑαλωκὼς
1723 5574 1850 5627 ἀνά-

284 5666 451 5734 νηψον
475 5683 604 5716 πιτε
639 5667 728 5718 καὶ
749 5667 1074 5736 ἡμετέρους,
1105 5663 1247 5732 εἶξον
1272 5669 1677 5738 προστάγμασι,
1709 5669 1850 5720 θύων

285 5755 566 5828 οὒνιὴμῖν
607 5761 717 5819 τοῖς
776 5759 917 5821 θεοῖς
966 5769 1057 5810 καὶ
1107 5763 1292 5826 αὐτοῖς
1344 5755 1567 5826 εὐνοῶν,
1623 5759 1716 5814 καὶ
1775 5761 1846 5822 ὡς

450 5850 713 5910 ΡΑτειοι..
757 5853 870 5912 Gn.
921 5854 1100 5914 CXV.

1953 4593 2039 4632 res
2095 4579 2296 4647 judieis
2351 4581 2592 4635 animum
2657 4586 2890 4641 maxime
2954 4591 3250 4660 cruciabat)
3317 4596 3514 4653 deinde

1950 4672 2262 4724 eorumdem
2287 4673 2464 4742 capita
2487 4674 2660 4743 gladio
2683 4679 2970 4746 amputari.
3001 4681 3127 4736 Post
3145 4685 3255 4738 haec
3275 4686 3514 4744 vinctum

1950 4758 2016 4810 ad
2067 4772 2125 4810 se
2176 4759 2299 4812 duci
2346 4760 2510 4829 jussit
2557 4777 2881 4832 generosum
2932 4766 3307 4840 Epimachum,
3354 4793 3512 4844 quem

1953 4849 2172 4903 intuens
2201 4869 2211 4902 :
2243 4851 2440 4917 Quare,
2476 4852 2673 4922 inquit,
2714 4865 2770 4910 tu
2796 4857 2877 4910 vir
2904 4858 2980 4912 ita
3023 4861 3220 4928 gravis,
3254 4873 3307 4918 et
3341 4865 3510 4920 forma

1952 4941 2254 5009 spectabili,
2312 4942 2377 4996 ad
2429 4958 2543 4997 eam
2600 4946 2934 5015 impietatem
2983 4953 3271 5022 prolapsus
3328 4971 3406 5019 es,
3460 4969 3516 5010 ut

1953 5050 2062 5088 non
2110 5035 2282 5087 Solum
2318 5050 2439 5101 nos,
2491 5037 2587 5089 sed
2619 5037 2751 5093 deos
2780 5041 2940 5094 etiam
2991 5041 3137 5110 ipsos
3179 5054 3233 5097 et
3282 5045 3513 5114 impera-

1955 5135 2096 5179 tores
2128 5129 2546 5181 contemneres?
2579 5128 2840 5186 Homines
2873 5133 3093 5201 quidem
3135 5149 3275 5202 saepe
3307 5138 3373 5190 ab
3399 5139 3514 5191 orli-

1954 5217 2037 5272 cio
2071 5218 2326 5272 aberrare
2357 5233 2582 5275 necesse
2625 5231 2728 5286 est,
2759 5232 2814 5276 at
2854 5240 2962 5276 non
3019 5225 3176 5278 decet
3226 5235 3404 5280 tamen
3460 5233 3511 5282 in

1955 5311 2147 5364 erratis
2177 5326 2515 5379 permanere,
2549 5313 2647 5368 sed
2674 5314 2958 5369 consilium
2991 5325 3225 5385 mutare,
3259 5327 3311 5372 et
3343 5322 3514 5373 corri—

1953 5415 2100 5470 gere,
2130 5417 2250 5470 qum
2283 5417 2390 5454 non
2442 5412 2646 5457 rectca
2678 5405 2835 5460 nobis
2869 5405 3012 5460 facta
3060 5406 3283 5464 fuerint.
3317 5409 3515 5475 Quam-

1952 5491 2139 5544 obrem
2177 5502 2230 5547 et
2263 5501 2339 5558 tu,
2373 5505 2495 5546 cum
2538 5494 2776 5549 humano
2827 5513 2977 5552 more
3021 5501 3352 5568 peccaveris,
3397 5510 3513 5554 tan-

1953 5582 2074 5636 dem
2104 5583 2416 5652 resipisces,
2446 5595 2500 5638 et
2528 5585 2730 5642 nostris
2748 5588 2917 5658 jussis
2949 5590 3196 5656 obedias,
3233 5593 3517 5648 nobiscum

1955 5693 2056 5730 una
2081 5677 2183 5731 diis
2204 5677 2541 5747 sacrificans,
2565 5689 2621 5735 et
2646 5680 2700 5736 in
2726 5681 2844 5737 illos
2872 5682 3306 5738 benevolentiam
3331 5694 3510 5741 osten-

1956 5764 2110 5834 dens,
2166 5781 2257 5834 ne,
2310 5767 2352 5822 si
2403 5766 2534 5825 deos
2580 5769 2726 5840 ipsos
2760 5772 2998 5830 omnium
3047 5771 3297 5828 dominos
3341 5775 3515 5829 colere

3133 5866 3204 5924 42
