4216 6432
737 424 872 490 1323

2035 418 2318 479 MENSJS
2359 417 2722 477 OCTOBER.

3881 399 4024 463 i324

740 535 999 601 nolueris,
1029 543 1082 589 tu
1105 548 1322 606 quoque
1351 534 1741 590 sceleratorum
1767 534 2046 589 hominum
2083 542 2311 588 mortem

2425 528 2684 591 δεσπότας
2719 523 3041 597 θεραπεύων
3093 521 3372 583 ἁπάντων,
3423 517 3507 568 ἵνα
3561 513 3635 584 μὴ
3677 511 3772 564 καὶ
3807 514 3879 566 σὺ
3925 513 4023 605 τὸν

739 632 986 702 patiaris.

809 716 897 772 Vl.
940 717 1020 772 Ad
1065 718 1178 772 haec
1226 717 1645 772 ardentissimus
1683 717 1773 771 ille
1818 717 2063 770 veritatis
2110 731 2312 784 propu-

737 820 929 879 gnator
972 809 1326 878 Epimachus,
1358 819 1603 878 apertam
1647 809 1792 863 illius
1827 809 2187 863 temeritatem
2222 821 2310 859 re-

737 904 1028 973 darguens,
1057 902 1200 972 quod
1226 900 1689 956 admonitionibus
1711 912 1765 955 et
1793 901 2038 954 doctrina
2070 916 2162 954 sua
2187 915 2311 953 cum

740 991 804 1045 ad
839 992 1166 1060 impietatem
1202 991 1482 1060 impellere
1518 1002 1746 1046 conatus
1783 1000 1948 1054 esset,
1992 991 2057 1044 ab
2089 990 2311 1044 exordio

739 1083 1005 1136 orationis
1054 1098 1166 1136 sua:
1217 1082 1367 1146 fecit,
1405 1095 1463 1137 ut
1517 1093 1776 1153 tyrannus
1810 1082 1924 1152 ipsc
1976 1085 2158 1138 statim
2192 1084 2312 1152 ejus

735 1175 978 1228 animum
1017 1176 1370 1245 perspiceret,
1399 1183 1451 1227 ct
1482 1174 1548 1226 ab
1580 1174 1727 1227 omni
1762 1191 1856 1244 spe
1889 1175 2178 1229 decideret.
2209 1174 2309 1237 Me,

741 1266 936 1334 inquit,
970 1282 1001 1320 0
1033 1267 1220 1336 judcx.
1267 1282 1542 1335 nunquam
1583 1267 1651 1321 ab
1681 1283 1741 1320 ea
1776 1267 1994 1336 pietate,
2037 1267 2191 1334 cujus
2213 1282 2312 1336 ego

739 1359 992 1413 alumnus
1039 1366 1092 1410 ct
1137 1358 1348 1413 amicus
1397 1376 1536 1421 smn,
1593 1370 1647 1413 tu
1694 1369 1939 1412 avertere
1977 1361 2198 1427 poteris.
2235 1361 2312 1414 Ne

739 1449 901 1518 igitur
947 1451 1013 1504 ad
1064 1452 1368 1520 negantiam
1398 1451 1605 1505 Christi
1668 1450 2068 1505 confessionem
2114 1453 2313 1506 dehinc

738 1557 1020 1610 provoces,
1059 1559 1234 1611 neque
1264 1543 1407 1596 aliud
1443 1544 1720 1612 quippiam
1775 1559 1861 1596 me
1895 1543 2180 1609 facturum,
2221 1554 2315 1598 aut

739 1635 1010 1688 dicturum
1047 1651 1252 1703 speres,
1286 1636 1430 1704 quod
1468 1637 1634 1690 animi
1664 1647 1759 1691 aut
1789 1639 1989 1692 mentis
2029 1640 2313 1693 imbecilli-

741 1736 903 1780 tatem
936 1727 1219 1796 significet.
1246 1728 1521 1784 Christum
1555 1733 1697 1784 enim
1729 1732 2012 1796 conﬁteor,
2036 1732 2311 1787 Christum

739 1817 990 1885 prmdico,
1040 1834 1135 1887 per
1170 1835 1332 1888 quem
1383 1830 1564 1874 creata
1607 1832 1736 1876 sunt
1780 1823 1982 1886 omnia,
2027 1837 2122 1891 per
2152 1836 2309 1890 quem

742 1907 903 1961 homo
930 1907 1218 1974 formatus,
1251 1921 1301 1965 et
1338 1911 1423 1966 lex
1457 1913 1580 1967 data
1613 1925 1696 1968 est
1724 1932 1736 1968 :
1769 1914 1861 1982 qui
1893 1924 2130 1967 mentem
2160 1914 2317 1967 nobis

741 1998 892 2053 dedit
923 2001 1166 2055 omnium
1197 2003 1387 2058 ducem
1423 2020 1485 2059 ac
1518 2006 1849 2074 magistram,
1875 2007 1965 2075 qui
2000 2023 2098 2075 pro
2130 2020 2315 2061 nosua

740 2091 984 2144 omnium
1038 2094 1232 2157 salute,
1266 2111 1384 2163 quae
1427 2098 1539 2165 jam
1579 2097 1841 2166 perierat,
1880 2099 2114 2152 humana
2150 2114 2318 2153 carne

743 2198 800 2237 se
851 2184 1050 2250 indttit,
1098 2196 1152 2241 et
1202 2189 1498 2243 crucifixus
1545 2206 1607 2243 ac
1662 2191 1908 2260 sepultus
1961 2192 2081 2257 fuit,
2134 2209 2320 2246 resur-

744 2275 904 2341 rexit,
956 2287 1010 2331 et
1060 2277 1111 2331 in
1167 2280 1336 2334 cmlos
1380 2291 1692 2352 assumptus
1743 2293 1846 2346 est,
1906 2293 2069 2352 atque
2120 2285 2316 2340 iterum

743 2373 1012 2418 venturus
1060 2383 1181 2420 cum
1217 2369 1380 2437 gloria
1415 2373 1674 2426 creditur.
1726 2373 1941 2427 Utinam
1977 2385 2029 2426 et
2062 2383 2117 2427 tu
2160 2376 2318 2428 istam

745 2455 1013 2510 idolorum
1052 2462 1348 2515 caecitatem
1400 2463 1466 2517 ab
1500 2466 1671 2519 oculis
1702 2465 1894 2519 animae
1945 2467 2234 2534 abjiccrcs,
2267 2474 2322 2519 et

745 2561 967 2603 suavem
1002 2567 1063 2606 ac
1111 2553 1401 2608 salutarem
1434 2555 1626 2610 Christi
1672 2558 1845 2611 lucem
1890 2560 2186 2626 aspiceres.
2219 2559 2326 2613 N0-

747 2641 837 2695 lim
873 2644 1016 2697 enim
1063 2656 1214 2714 putet
1259 2649 1477 2717 aliquis,
1515 2661 1718 2704 temere
1754 2666 1817 2705 ac
1852 2652 2049 2704 frustra
2077 2667 2178 2704 nos
2207 2665 2324 2703 cor-

749 2750 877 2802 pora
910 2747 1093 2790 nostra
1136 2741 1469 2794 cruciatibus
1515 2743 1747 2796 libenter
1799 2744 2029 2796 tradere.
2079 2743 2194 2795 Non
2253 2743 2325 2795 ita

748 2843 938 2884 smnus
988 2831 1282 2898 nobisipsis
1338 2833 1546 2888 inimici
1599 2845 1651 2888 ct
1702 2836 2072 2892 insidiatores.
2127 2834 2324 2890 Verum

747 2920 1002 2985 quoniam
1036 2921 1200 2974 altera
1235 2927 1478 2990 quadam
1512 2925 1620 2978 vita
1653 2939 1736 2979 est
1763 2929 1933 2979 multo
1982 2926 2326 2996 praestantior

751 3013 872 3073 hac,
901 3028 1020 3082 quae
1048 3013 1263 3067 videtur
1292 3033 1304 3070 :
1336 3016 1472 3070 alter
1496 3019 1714 3085 quidam
1750 3021 2008 3080 mundus,
2046 3028 2100 3072 et
2131 3018 2327 3085 sempi-

751 3112 902 3158 terna
962 3122 1146 3158 rerum
1199 3109 1466 3162 bonarum
1516 3111 1828 3172 delectatio,
1884 3110 2031 3162 nullo
2083 3117 2326 3176 tempore

747 3198 1180 3269 circumscripta,
1233 3203 1325 3256 sed
1390 3218 1688 3271 perennem
1745 3203 2143 3271 jucunditatem
2194 3200 2325 3254 alle-

751 3307 874 3344 rens
899 3310 910 3344 :
939 3302 1223 3361 propterea
1251 3297 1515 3349 mundum
1543 3297 1689 3349 hunc
1717 3295 2093 3364 spectabilem,
2126 3303 2179 3348 et
2206 3310 2329 3348 car-

750 3398 871 3435 nem
907 3381 1048 3438 hanc
1079 3384 1323 3453 fragilem
1359 3396 1519 3454 atque
1545 3387 1804 3441 caducam
1829 3389 2180 3456 despicimus.
2218 3387 2325 3440 Ta-

753 3475 818 3528 lis
855 3484 937 3528 est
989 3487 1172 3530 nostra
1212 3477 1507 3530 confessio.
1561 3478 1614 3531 In
1671 3481 1772 3531 hac
1828 3480 1965 3532 firmi
2003 3488 2055 3533 et
2106 3481 2330 3532 stabiles

751 3585 851 3620 con
893 3569 1124 3621 istimus.
1174 3570 1275 3624 Pro
1313 3571 1414 3624 hac
1466 3580 1520 3624 et
1575 3587 1674 3639 ego
1734 3574 1985 3638 quemvis
2029 3571 2329 3620 crueiatum

751 3662 1024 3715 sustinere
1054 3673 1279 3731 paratus
1311 3679 1452 3716 sum.
1484 3662 1562 3714 Tu
1600 3678 1728 3715 vero
1757 3661 1796 3714 si
1825 3666 2058 3714 celerem
2102 3669 2331 3713 mortem

753 3753 1023 3816 attuleris,
1071 3763 1386 3821 pergratum
1415 3754 1549 3806 mihi
1591 3752 1779 3815 facies,
1813 3762 1867 3805 et
1901 3751 2133 3820 teipsum
2168 3751 2334 3804 dede-

755 3863 882 3900 core
930 3847 1208 3899 liberabis.
1243 3845 1360 3910 Quo
1391 3845 1536 3899 cnim
1573 3844 1914 3897 diuturniore
1957 3843 2198 3897 cruciatu
2248 3858 2333 3896 me

757 3937 980 4006 allliges,
1023 3951 1088 3990 co
1128 3936 1433 4005 promptior
1480 3936 1547 3989 ad
1595 3937 1743 4003 jussa
1798 3945 1886 3988 tua
1933 3933 2335 3988 contemnenda

759 4030 1026 4083 inveniar.
1068 4027 1201 4080 Nam
1238 4028 1284 4082 si
1325 4028 1465 4081 nihil
1498 4026 1645 4080 aliud
1679 4036 1846 4092 esset,
1878 4036 2026 4080 certe
2058 4035 2110 4079 et
2142 4034 2338 4096 marty-

759 4138 847 4177 res
875 4123 995 4175 illos
1024 4135 1297 4182 revereor,
1321 4120 1412 4187 qui
1445 4128 1570 4172 ante
1593 4134 1692 4173 nos
1723 4128 2002 4172 certamen
2027 4119 2335 4182 subierunt,

763 4227 815 4270 et
851 4217 1088 4284 reliquos
1120 4216 1275 4279 istos,
1308 4214 1399 4282 qui
1447 4213 1735 4266 nobiscum
1771 4226 1874 4264 una
1904 4225 2178 4265 carcerem
2215 4225 2338 4262 rur-

763 4325 856 4362 sus
887 4310 1129 4362 habitant
1161 4325 1172 4360 :
1207 4307 1274 4361 ob
1307 4308 1466 4377 idque
1492 4319 1545 4362 et
1574 4308 1690 4375 ipse
1719 4307 1847 4360 illud
1874 4307 2088 4369 studeo,
2126 4321 2194 4358 nc
2220 4305 2339 4358 sine

764 4412 964 4448 corona
1018 4395 1293 4449 discedam
1346 4410 1359 4448 :
1418 4395 1512 4450 sed
1569 4405 1629 4448 ut
1677 4407 1960 4464 postquam
2013 4395 2064 4447 in
2119 4396 2336 4448 illorum

765 4484 931 4538 choro
958 4493 1313 4537 enumeratus
1342 4482 1519 4548 fuero,
1545 4483 1661 4539 istis
1691 4485 1986 4554 optabilem
2020 4483 2340 4539 certaminis

767 4573 868 4626 mei
901 4587 1121 4627 cursum
1154 4572 1457 4625 ostendam.

838 4662 971 4715 Vlll.
1018 4660 1143 4714 Hmc
1175 4661 1428 4731 martyris
1456 4660 1616 4713 verba
1653 4659 2054 4713 dubitationem
2089 4676 2340 4726 magnam

770 4759 1000 4818 tyranno
1029 4750 1368 4805 attulerunt:
1404 4750 1494 4818 qui
1527 4765 1646 4803 cum
1679 4748 1979 4817 Epimacho
2013 4749 2342 4815 persuadere

769 4856 876 4892 non
914 4851 1113 4905 posset,
1146 4855 1270 4892 cum
1295 4839 1349 4890 in
1380 4839 1524 4908 ligno
1556 4837 1815 4905 suspendi
1844 4837 2026 4903 jussit,
2060 4851 2122 4888 ac
2152 4835 2343 4889 ferreis

780 4934 1044 5002 unguibus
1082 4933 1326 4987 lacerari.
1359 4933 1450 4985 Ille
1482 4946 1547 4984 eo
1581 4929 1748 4998 magis
1774 4926 2042 4996 ejusmodi
2076 4936 2346 4980 tormento

780 5028 1082 5090 lzetabatur,
1116 5043 1222 5095 quo
1251 5043 1308 5081 se
1339 5026 1408 5079 ob
1447 5041 1566 5078 eam
1602 5039 1713 5075 retu
1745 5021 2039 5075 beatiorem
2071 5021 2348 5075 existima-

782 5128 905 5176 bat:
948 5121 1147 5189 quippe
1167 5120 1308 5186 quod
1339 5117 1574 5170 imitator
1602 5122 1748 5168 esset
1777 5128 1988 5176 eorum,
2014 5129 2131 5180 quae
2165 5111 2347 5165 Domi-

777 5232 875 5271 nus
900 5214 1059 5269 Jesus
1089 5228 1280 5282 passus
1313 5214 1507 5266 fuerat.
1541 5211 1726 5278 Itaque
1757 5209 1970 5260 aiebat:
2002 5208 2053 5260 Si
2085 5206 2349 5262 Dominus

775 5321 961 5364 noster
995 5307 1152 5362 Jesus
1183 5306 1430 5361 Christus
1458 5313 1682 5374 prOpter
1712 5317 1808 5355 nos
1837 5301 2131 5355 cruciﬁxus
2164 5309 2266 5362 est,
2299 5308 2352 5352 et

778 5402 916 5457 fellis
967 5411 1128 5469 atque
1159 5399 1300 5452 aceti
1354 5397 1630 5466 potionem
1683 5393 1930 5463 accepit:
1966 5391 2010 5445 si
2058 5391 2176 5460 ejus
2210 5392 2352 5445 latus

778 5500 964 5552 lancea
994 5508 1311 5564 percussum
1355 5490 1477 5552 fuit,
1530 5490 1573 5543 si
1625 5488 1816 5558 palinaa
1859 5485 2026 5540 clavis
2067 5485 2352 5554 perforata:

781 5595 926 5649 sunt,
955 5602 1122 5658 quare
1153 5601 1260 5639 non
1293 5583 1467 5638 debeo
1496 5591 1548 5636 et
1588 5595 1689 5650 ego
1737 5579 1882 5634 illius
1912 5595 2123 5642 servus,
2159 5594 2352 5647 magna

779 5701 901 5740 Cum
947 5684 1225 5750 voluptate
1278 5679 1331 5730 in
1385 5677 1465 5729 bis
1512 5674 1643 5744 ipsis
1679 5690 1801 5726 cum
1853 5673 2072 5726 Christo
2125 5671 2355 5725 Domino

783 5791 905 5830 meo
941 5769 1386 5827 communicare?
1415 5768 1575 5821 Certe
1606 5776 1811 5835 martyr
1843 5765 1930 5817 ille
1963 5765 2126 5818 etiam
2166 5764 2353 5814 lancea

785 5869 993 5942 percuti
1043 5867 1337 5937 cupiebat:
1391 5862 1636 5933 quinimo
1669 5860 1736 5914 fel
1787 5859 1960 5930 ipsum
2027 5856 2355 5926 appetebat:

2415 621 2523 674 τῶν
2549 620 2876 688 κακούργων
2909 617 3137 670 θάνατον
3168 613 3437 680 ὑποστῇς.

2487 709 2576 779 (τ’.
2604 713 2746 782 Πρὸς
2779 712 2950 764 ταῦτα
2990 712 3016 762 ὁ
3061 706 3260 777 θερμὸς
3296 704 3464 764 ὄντως
3501 703 3710 764 ἐκεῖνος
3740 701 3844 767 τῆς
3880 698 4021 765 ἀληο

2417 806 2566 868 θείας
2596 805 2918 874 ὑπέρμαχος
2950 801 3211 854 ἀπόνοιαν
3246 794 3412 849 αὑτοῦ
3461 796 3608 864 σαφῆ
3661 793 4016 856 καταγνοὺς,

2415 899 2497 952 ὅτι
2533 898 2624 951 καὶ
2661 895 3016 966 παραινέσεσι
3050 892 3215 960 δῆθεν
3261 888 3427 942 αὑτὸν
3471 887 3565 939 καὶ
3611 883 4009 943 διδασκαλίαις

2416 987 2797 1057 ἐπαγαγέσθαι
2830 986 2966 1056 πρὸς
3001 986 3100 1054 τὴν
3132 983 3392 1036 ἀσέϐειαν
3427 981 3712 1048 ἐπειρᾶτο,
3748 979 4020 1044 ἀπόγνω-

2419 1100 2503 1133 σιν
2549 1077 2699 1148 αὑτῷ
2746 1079 2809 1130 ἐκ
2845 1077 3147 1148 προοιμιῶν
3182 1075 3344 1136 εὐθὺς
3389 1070 3586 1125 ἐαυτοῦ
3633 1072 3861 1137 ἐμποιεῖ
3917 1068 4018 1118 καὶ

2416 1174 2522 1226 τῶν
2566 1172 2800 1224 ἐλπίδων
2831 1173 3057 1223 ἐκείνων
3080 1169 3355 1235 ἐκκρούει.
3408 1163 3539 1231 Ἐμὲ
3567 1161 3698 1227 γὰρ,
3731 1160 3931 1224 φησιν,
3969 1152 4016 1207 ᾧ

2420 1265 2670 1326 δικαστὰ,
2717 1263 2816 1316 οὐκ
2867 1263 2932 1316 ἄν
2989 1276 3117 1311 ποτε
3171 1258 3267 1326 τῆς
3336 1255 3642 1322 συντρόφου
3695 1251 3793 1302 καὶ
3847 1250 4018 1316 φίλης

2416 1357 2702 1417 εὐσεϐείας
2750 1352 3104 1421 ἁποστήσεις,
3152 1349 3213 1402 οὐ
3243 1347 3378 1416 πρὸς
3433 1347 3666 1414 ἄρνησιν
3697 1341 4014 1409 ἐκκαλέση,

2417 1457 2512 1524 τῆς
2541 1454 2633 1507 τοῦ
2671 1452 2906 1522 Χριστοῦ
2935 1449 3228 1520 ὁμολογίας
3263 1446 3363 1500 οὐκ
3399 1445 3526 1498 ἄλλο
3559 1460 3611 1494 τι
3643 1442 3754 1492 τῶν
3789 1437 4017 1504 ἀγενῶν

2415 1548 2613 1616 δρᾶσαι
2647 1545 3097 1613 παρασκευάσεις
3143 1544 3174 1612 ἢ
3210 1537 3570 1606 φθέγξασθαι.
3617 1532 3864 1600 Χριστδν
3900 1531 4016 1598 γὰρ

2417 1636 2683 1708 ὁμολογῶ,
2737 1635 2971 1703 Χριστὸν
3013 1630 3405 1700 ἁνακηρὺττω,
3469 1627 3535 1678 δι’
3594 1617 3656 1676 οῦ
3706 1623 3777 1674 τὰ
3831 1623 4017 1673 πάντα

2421 1731 2699 1800 παρῆκται
2729 1729 2820 1780 καὶ
2847 1728 3135 1797 ἄνθρωπος
3165 1724 3498 1783 πέπλασται,
3527 1719 3621 1770 καὶ
3655 1719 3822 1782 νόμος
3857 1713 4016 1780 αὐτῷ

2421 1827 2699 1877 τελεῖταιο
2761 1821 2857 1874 καὶ
2905 1819 3029 1881 νοῦς
3082 1819 3289 1870 δέδοται
3345 1814 3564 1866 πάντων
3609 1806 3841 1878 ἡγεμὼν
3920 1805 4017 1855 καὶ

2423 1916 2764 1982 διδάσκαλος,
2799 1915 2856 1978 ὃς
2898 1913 2990 1966 ἐπὶ
3017 1910 3266 1979 σωτηρίᾳ
3291 1908 3400 1960 τῶν
3434 1903 3798 1958 ἀπολωλότων
3825 1897 4013 1968 ἡμῶν,

2423 2012 2519 2065 καὶ
2552 2011 2921 2079 σεσάρκωται,
2954 2007 3047 2058 καὶ
3080 2002 3448 2071 ἐσταύρωται.
3484 1998 3575 2049 καὶ
3604 1995 3880 2045 τέθαπται
3919 1989 4018 2041 καὶ

2423 2105 2744 2172 ἐγήγερται,
2777 2100 2870 2152 καὶ
2901 2098 3036 2168 πρὸς
3075 2094 3341 2164 οὐρανοὺς
3371 2091 3727 2158 ἁνείληπται·
3778 2085 3877 2135 καὶ
3912 2081 4020 2134 πά-

2421 2199 2504 2250 λιν
2545 2192 2863 2246 ἐλεύσεσθαι
2915 2188 3054 2260 μετὰ
3108 2186 3266 2254 δόξης
3306 2183 3693 2234 πεπίστευται.
3763 2177 3855 2234 Ὠς
3902 2172 4018 2222 εἴθε

2423 2289 2515 2342 καὶ
2550 2289 2608 2340 οὐ
2641 2288 2740 2354 τὴν
2778 2283 3067 2350 εἰδωλικὴν
3109 2280 3292 2348 λήμην
3322 2275 3431 2328 τῶν
3482 2274 3577 2340 τῆς
3612 2270 3794 2338 ψυχῆς
3826 2263 4020 2333 ὀμμά-

2421 2400 2530 2434 των
2568 2377 2880 2440 ἀποϐαλὼν,
2923 2374 3060 2443 πρὸς
3089 2371 3151 2424 τὸ
3187 2370 3361 2437 γλυκὺ
3406 2368 3518 2434 cpi};
3559 2362 3775 2414 ἐκείνου
3811 2358 4020 2410 διέϐλε-

2423 2469 2551 2539 φας.
2589 2469 2738 2536 Μηδὲ
2769 2466 2876 2535 γὰρ
2907 2462 3103 2516 οἰέσθω
3140 2479 3222 2520 τις
3261 2457 3386 2524 είκῆ
3427 2456 3517 2507 καὶ
3549 2453 3730 2521 μάτην
3763 2451 3918 2516 ἡμᾶς
3957 2447 4019 2495 τὸ

2428 2563 2585 2630 σῶμα
2618 2563 2733 2622 ταῖς
2777 2557 3034 2627 βασάνοις
3064 2551 3423 2621 παραδιδόναι
3449 2564 3460 2576 ·
3507 2546 3604 2614 οὐχ
3647 2542 3819 2599 οὕτως
3850 2541 4019 2605 ἐσμὲν

2425 2649 2813 2705 αὑτοὶέαυτῶν
2866 2645 3053 2716 ἐχθροὶ
3098 2644 3194 2696 καὶ
3254 2638 3557 2693 ἐπίϐουλοι.
3619 2632 3768 2684 Ἀλλ’
3825 2629 4018 2697 ἐπειδὴ

2427 2744 2540 2814 ζωή
2575 2762 2659 2804 τις
2698 2742 2845 2794 ἐστὶν
2879 2741 3042 2807 ἐτέρα
3081 2732 3235 2804 παρὰ
3266 2731 3399 2783 πολὺ
3437 2728 3707 2796 κρείττων
3741 2723 3842 2789 τῆς
3879 2721 4020 2789 δρω-

2432 2836 2622 2904 μένης,
2664 2833 2754 2885 καὶ
2787 2830 2990 2896 κόσμος
3040 2825 3245 2892 ἕτερος,
3309 2823 3404 2874 καὶ
3438 2817 3658 2884 ἀγαθῶν
3712 2814 4021 2872 ἀπόλαυσις

2428 2926 2638 2982 αἱωνία,
2683 2925 2741 2974 οὐ
2774 2922 2950 2989 χρόνῳ
2991 2916 3343 2988 μητρουμένη
3371 2953 3384 2976 ,
3447 2908 3582 2962 ἀλλὰ
3622 2907 3896 2975 μένουσαν
3934 2904 4022 2954 ἀεὶ

2428 3016 2523 3084 τὴν
2552 3013 2896 3081 εὐφροσύνην
2950 3007 3330 3076 παρεχομένη,
3374 3002 3568 3054 τούτου
3604 3015 3664 3064 γε
3707 2997 3876 3049 ἕνεκα
3930 2995 4024 3045 καὶ

2428 3109 2634 3173 κόσμου
2668 3104 2760 3156 τοῦ
2807 3100 3110 3169 ὁρωμένου,
3166 3099 3261 3148 καὶ
3299 3094 3500 3160 σαρκὸς,
3558 3085 4020 3156 καταφρονοῦμεν

2357 3229 2398 3286 C
2431 3198 2504 3258 ὡς
2539 3197 2827 3264 λυομένης,
2857 3194 3004 3259 Αὕτη
3038 3193 3183 3242 ἐστὶν
3216 3190 3244 3256 ἡ
3273 3186 3519 3255 ἡμετέρα
3556 3181 3841 3252 ὁμολογία.
3879 3181 4016 3284 πρίός

2434 3288 2636 3356 ταύτην
2673 3283 3044 3354 ἐστηρίγμεθα
3111 3281 3204 3332 καλ⁸
3238 3276 3580 3347 ἠδράσμεθα.
3630 3273 3806 3340 ’Υπὲρ
3844 3269 4017 3328 αὐτῆς

2433 3380 2527 3432 καὶ
2565 3380 2672 3431 πᾶν
2725 3376 2905 3430 ὁτιοῦν
2959 3377 3074 3443 εἰμι
3108 3371 3215 3422 τῶν
3263 3368 3453 3421 δεινῶν
3503 3366 3735 3432 πάσχειν
3779 3362 4020 3426 ἕτοιμος.

2447 3471 2587 3523 Ἀλλ’
2615 3471 2665 3521 εί
2702 3469 2798 3535 μὲν
2843 3466 3065 3532 ταχεῖάν
3119 3478 3208 3529 μοι
3255 3460 3353 3527 τὴν
3398 3455 3658 3523 τελευτὴν
3690 3452 4023 3531 ἐπαγαγοις,

2437 3561 2568 3626 ἡμῖν
2609 3574 2669 3607 τε
2711 3557 2777 3607 τὰ
2815 3553 3051 3621 μάλιστα
3089 3551 3291 3619 χαριεῖ,
3343 3546 3437 3598 καὶ
3485 3544 3715 3596 σεαυτὸν
3779 3540 4025 3592 ἀπαλλα-

2439 3646 2549 3711 ξεις
2582 3645 2862 3716 αίσχύνης.
2907 3643 2967 3695 El
3022 3642 3079 3694 δὲ
3127 3641 3222 3693 καὶ
3274 3637 3563 3690 κολάσεσιν
3617 3632 3797 3701 αὐτὴν
3843 3647 4025 3697 παρα-

2435 3740 2634 3801 τείνεις
2679 3739 2774 3790 καὶ
2833 3733 3151 3804 τιμωρίαις,
3202 3729 3459 3783 τοσοῦτον
3509 3726 3672 3778 πλέον
3745 3724 3869 3789 ὕψει
3930 3724 4025 3772 καὶ

2440 3833 2585 3901 ἡμᾶς
2661 3827 2756 3880 τοῦ
2830 3827 2924 3878 σοῦ
2999 3823 3483 3893 καταφρονοῦντας
3565 3819 4024 3886 προστάγματος.

2441 3923 2712 3989 Αἰδοῦμαι
2745 3919 2854 3988 γὰρ
2879 3919 2926 3970 εί
2959 3918 3034 3987 μή
3061 3934 3114 3968 τι
3138 3916 3347 3983 ἕτερον,
3391 3912 3528 3965 ἀλλὰ
3559 3911 3687 3972 τοὺς
3723 3909 3834 3979 πρὸ
3868 3909 4023 3975 ἡμῶν

2442 4013 2518 4081 τῷ
2553 4011 2840 4083 μαρτυρίῳ
2887 4007 3296 4069 τελειωθέντας,
3335 4005 3429 4057 καὶ
3463 4003 3560 4055 σὺν
3597 4003 3731 4070 ἡμῖν
3773 4000 3936 4051 πάλιν
3971 3998 4028 4049 τὸ

2442 4105 2818 4174 δεσμωτήριον
2865 4097 3295 4159 κατοικοῦνταςο
3330 4097 3423 4148 καὶ
3467 4093 3557 4146 διὰ
3599 4092 3764 4144 τοῦτο
3813 4089 4028 4141 σπεύδω

2445 4197 2521 4267 μὴ
2566 4195 2824 4249 ἀπελθεῖν
2876 4191 3292 4258 ἀστεφάνωτος,
3342 4189 3474 4241 ἀλλὰ
3521 4186 3633 4239 τῶν
3691 4184 3920 4236 ἐκείνων
3973 4199 4026 4231 τε

2444 4287 2591 4358 χορῷ
2625 4283 3101 4354 συναριθμηθῆναι
3161 4279 3258 4333 καὶ
3293 4278 3508 4340 τούτοις
3546 4275 3644 4345 τὴν
3681 4273 4028 4340 ποθουμένην

2443 4380 2542 4450 τῆς
2574 4377 2853 4448 ἀθλήσεως
2889 4373 3163 4437 ὑποδεῖξαι
3199 4371 3445 4441 πορείαν.

2530 4651 2611 4701 H'.
2666 4647 2851 4700 Ταῦτα
2889 4647 2968 4708 εἰς
3024 4642 3336 4714 ἀμηχανίαν
3391 4639 3484 4692 τὸν
3531 4637 3806 4706 τύραννον
3877 4651 4035 4702 περι-

2455 4743 2657 4812 ίστησι,
2697 4743 2790 4794 καὶ
2820 4742 2879 4791 τὸ
2927 4737 3135 4790 πείθειν
3180 4734 3280 4786 οὐκ
3341 4733 3501 4802 ἔχων,
3565 4731 3659 4782 ἐπὶ
3731 4729 3892 4792 ξύλου
3943 4727 4033 4776 τὸν

2450 4837 2619 4906 ἄνδρα
2669 4831 3010 4904 μετεωρίζει,
3081 4829 3175 4881 καὶ
3222 4826 3484 4888 διαξαίνει
3545 4822 3792 4890 σιδηροῖς
3864 4821 4029 4872 αὐτὸν

2451 4931 2654 4995 ὄνυξιν.
2698 4929 2756 4979 Ὀ
2805 4926 2861 4977 δὲ
2904 4922 3159 4975 τοσοῦτον
3211 4919 3398 4989 ἔχαιρε
3439 4914 3640 4985 μᾶλλον
3671 4917 3738 4983 τῇ
3790 4914 4034 4981 τιμωρία

2449 5021 2524 5082 ὡς
2549 5020 2643 5071 καὶ
2677 5014 3014 5085 μακαριστὸν
3053 5009 3250 5063 ἐαυτὸν
3274 5007 3482 5060 τιθέναι
3516 5005 3616 5075 τῆς
3646 5003 4025 5073 ἀναρτήσεως,

2452 5113 2535 5165 ὅτι
2574 5107 2910 5161 δεσποτικῶν
2956 5101 3296 5171 παθημάτων
3351 5096 3598 5165 μιμητὴς
3643 5096 3989 5147 ἀνεδεΞκ-ιυτο
4016 5109 4027 5120 ·

2454 5203 2517 5257 El
2549 5202 2654 5270 γὰρ
2687 5202 2711 5251 ὁ
2750 5197 2952 5266 Κύριος
2996 5195 3153 5263 ἡμῶν
3196 5189 3404 5259 Ἰησοῦς
3455 5187 3714 5256 Χριστὸς,
3757 5187 3934 5252 ἐλεγε,
3969 5185 4033 5234 δι’

2455 5298 2602 5366 ἡμᾶς
2656 5292 2751 5345 καὶ
2795 5287 3016 5358 σταυρῴ
3062 5283 3408 5356 προσήλωτο,
3441 5281 3537 5332 καὶ
3584 5279 3748 5349 χολὴν
3785 5279 3881 5331 καὶ
3915 5277 4033 5339 ὅξος

2456 5380 2920 5453 προσήκατο,καὶ
2966 5379 3137 5449 λόγχῃ
3198 5375 3296 5444 την
3349 5371 3592 5442 πλευρὰν
3647 5371 3894 5430 νένυκτο,
3946 5370 4036 5419 καὶ

2457 5479 2609 5548 ἥλοις
2649 5476 2970 5542 διατέτρητο
3003 5470 3102 5531 τὰς
3134 5466 3394 5535 παλάμας
3415 5480 3428 5494 ⁸
3458 5464 3574 5524 πῶς
3600 5463 3660 5515 οὐ
3699 5463 3801 5532 χρὴ
3853 5477 3919 5529 με
3951 5459 4034 5509 τὸν

2460 5571 2641 5624 δοῦλον
2668 5567 2774 5618 τῶν
2803 5563 2984 5616 αὐτῶν
3009 5561 3086 5630 τῷ
3115 5559 3357 5628 Δεσπότῃ
3400 5555 3526 5626 μεθ’
3563 5556 3762 5625 ἡδονῆς
3783 5551 4036 5616 κοινωνῆ-

2463 5679 2586 5724 σαι;
2625 5659 2842 5728 ’Λμέλει
2874 5657 2967 5709 καὶ
3000 5657 3096 5723 τὴν
3127 5654 3329 5720 λόγχην
3378 5649 3586 5718 ἐζήτει,
3627 5647 3724 5699 καὶ
3755 5647 3856 5714 τῆς
3883 5643 4035 5713 χολῆς

2464 5754 2747 5817 ἐπεθύμει,
2797 5750 2914 5812 καὶ,
2953 5745 3291 5808 ἰῐκέτωσαν,
3322 5742 3498 5809 ἔλεγε,
3525 5739 3594 5791 τὰ
3635 5739 4035 5806 κολαφίσματα,

2463 5852 2526 5902 τὰ
2559 5845 2960 5922 ἐμπτῦσματα·
3009 5843 3035 5895 ὁ
3074 5837 3364 5900 ἁκάνθινος
3403 5831 3736 5888 ἐπιτιθέσθω
3796 5847 3885 5901 μοι
3926 5827 4036 5882 στὲ·
