4216 6432
271 364 290 427 1
305 369 410 430 325

1400 364 1869 428 MARTYRIUM
1901 366 1957 427 S.
2007 363 2397 424 EPIMACHI.

3390 359 3409 418 1
3423 360 3525 421 326

264 494 474 547 φανος·
522 479 915 550 δγχειριζέσθω
945 480 1211 550 κάλαμος.
1263 481 1327 533 Ol
1391 479 1704 551 ιμπαιγμοὶ
1757 479 1833 541 δὲ,

1962 487 2018 542 :t,
2071 476 2307 531 Veniant
2372 479 2426 530 in
2483 492 2567 530 me
2632 477 2821 546 alapae,
2877 475 3153 529 dicebat:
3209 473 3526 542 injiclantur

264 571 421 638 φησὶ,
451 570 576 634 ποῦ,
612 571 716 625 ποῦ
740 572 808 624 τὰ
843 569 1209 640 ραπίσματα;
1241 572 1430 642 Μικρὰ
1476 574 1584 644 γὰρ
1617 572 1742 641 ἐμοὶ
1772 571 1840 624 τὰ

264 659 515 727 παρόντα
543 665 678 730 πρὸς
707 664 892 715 ἐκεῖνα
927 663 1177 731 βλέποντι
1209 664 1303 715 καὶ
1341 663 1516 726 οὕτως
1541 665 1839 732 ἐφιεμένῳ.

1947 580 2146 640 Sputa:
2204 570 2570 626 circumdetur
2623 581 2788 640 caput
2836 586 3018 624 meum
3066 584 3266 624 corona
3298 569 3524 635 spinea;

1949 663 2109 717 detur
2143 663 2197 716 in
2230 679 2422 716 manus
2445 673 2498 717 et
2531 663 2759 717 arundo.
2793 661 3024 722 Ubinam
3081 670 3206 714 sunt
3261 660 3525 714 dedecora

266 760 323 804 et
368 751 690 807 irrisiones?
724 753 814 806 ubi
861 755 1062 823 alapae?
1104 752 1302 809 Omnia
1350 756 1495 810 enim
1547 753 1834 824 praesentia
1897 752 2009 808 haec
2049 757 2181 809 mihi
2235 757 2299 810 ad
2340 756 2524 811 futura
2560 756 2645 808 illa
2679 756 2820 809 bona
2867 754 3158 824 spectanti.
3217 768 3389 821 eaque
3428 769 3528 819 ap-

268 844 494 910 petenti,
530 842 787 896 videntur
818 859 978 911 parva
1010 843 1254 912 qutedam
1279 859 1421 908 esse,
1448 860 1511 898 ac
1539 860 1634 913 pro
1660 839 1832 897 nihilo
1858 837 2123 896 facienda.

338 931 414 987 ϐ’.
449 933 548 985 Διά
574 933 730 986 τοῦτο
753 934 846 986 καὶ
876 934 1107 1003 βάσανος
1133 935 1295 1005 ἑτέρα
1320 936 1397 1004 τῷ
1429 936 1634 1006 ἀθλητῇ
1669 951 1838 1003 προσ-

267 1025 412 1094 θήκη
455 1024 558 1092 τῆς
605 1025 983 1093 προλαϐούσης
1029 1026 1292 1093 ἐπήγετο,
1330 1026 1422 1078 καὶ
1461 1027 1629 1088 λίθοις
1672 1025 1847 1089 ὀξέσιν

267 1117 297 1168 ὀ
328 1118 575 1182 γενναῖος
622 1116 943 1184 ὲπλήττετο,
987 1117 1318 1185 πρόσταγμα
1350 1117 1404 1168 δὲ
1440 1118 1531 1169 τοῦ
1577 1119 1844 1186 τυράννου

267 1206 452 1273 τοῦτο,
494 1208 721 1277 καὶτῆς
750 1207 994 1276 ἀπηνοῦς
1051 1209 1231 1279 ψυχῆς
1259 1211 1477 1278 ὲκείνης
1527 1211 1620 1260 καὶ
1671 1211 1846 1262 ἀπαν-

270 1299 514 1367 θρώπου.
554 1301 690 1363 Ἵνα,
726 1302 878 1368 φησὶ,
919 1302 1098 1354 πυκνὰ
1125 1303 1585 1373 διαθραττομένου
1617 1304 1708 1355 τοῦ
1745 1302 1847 1354 σώ-

274 1405 465 1458 ματος,
509 1391 702 1442 θᾶττον
749 1393 1041 1461 ἀπορρήξῃ
1077 1393 1172 1445 καὶ
1203 1393 1302 1461 τὴν
1331 1393 1531 1461 ψυχήν.
1571 1392 1848 1461 Ἐλελήθει

271 1484 325 1534 δὲ
356 1483 462 1552 ἄρα
491 1483 873 1553 λαμπρότερον
896 1484 1056 1536 αὑτὸν
1080 1484 1469 1554 ἐργαζόμενος,
1498 1487 1590 1537 καὶ
1624 1485 1846 1537 πλείονα

271 1575 349 1642 τῷ
380 1575 616 1645 μάρτυρι
645 1574 917 1643 προξενῶν
943 1575 1041 1645 τὴν
1067 1577 1202 1644 πρὸς
1225 1576 1316 1628 τὸν
1347 1575 1482 1629 Θεὸν
1512 1577 1845 1648 παρρησίαν.

288 1666 453 1718 Ἀλλὰ
501 1665 828 1735 προσεκτέον
861 1666 937 1735 τῷ
969 1667 1267 1735 διηγήματι
1292 1680 1305 1693 ’
1341 1668 1432 1719 καὶ
1465 1669 1570 1736 γὰρ
1619 1668 1837 1737 ἐκδηλο-

2023 935 2115 989 IX.
2161 936 2283 992 Haec
2309 952 2431 989 cum
2461 937 2667 988 diceret
2689 944 2909 1004 martyr,
2935 935 3214 1003 prioribus
3239 933 3511 986 tormenti.

1947 1043 2084 1080 nova
2135 1028 2377 1095 quaedam
2430 1027 2848 1089 adiiciebantur,
2915 1035 2971 1079 et
3016 1027 3192 1078 acutis
3240 1023 3510 1090 lapidibus

1947 1133 2243 1187 generosus
2278 1118 2367 1172 ille
2404 1117 2628 1180 athleta,
2663 1117 2898 1186 tyranni,
2939 1118 3043 1171 hoc
3075 1126 3159 1170 est
3193 1116 3430 1168 crudelis
3464 1126 3519 1168 et

1947 1213 2258 1265 inhumana:
2295 1226 2516 1279 prorsus
2546 1210 2740 1262 animae
2773 1211 2954 1276 jussu.
2983 1210 3304 1264 feriebatur.
3343 1207 3522 1263 Insta-

1946 1303 2039 1354 bat
2079 1305 2221 1355 euim
2255 1317 2318 1355 ac
2351 1301 2613 1371 urgebat:
2655 1298 2752 1358 Ita,
2788 1298 3062 1366 inquiens,
3098 1298 3374 1351 hominem
3406 1313 3526 1365 per-

1950 1395 2142 1454 cutite,
2176 1403 2234 1448 ut
2285 1395 2406 1461 ejus
2445 1406 2674 1459 corpore
2724 1391 2934 1444 crebris
2985 1390 3181 1443 ietihus
3226 1389 3522 1457 perfracto,

1950 1487 2236 1540 celerrime
2266 1485 2499 1537 animam
2542 1485 2712 1551 ipsam
2750 1484 3060 1554 abrumpat.
3098 1481 3202 1535 Sed
3241 1497 3347 1534 non
3378 1482 3531 1534 vide-

1951 1579 2044 1632 bat
2092 1587 2352 1647 tyrannus
2407 1576 2514 1638 ille,
2570 1581 2860 1643 martyrem
2931 1589 2992 1626 ea
3055 1588 3112 1626 re
3180 1572 3530 1625 illustriorem

1956 1670 2118 1730 eﬂici,
2158 1667 2531 1735 maioremque
2571 1667 2710 1734 apud
2754 1664 2922 1717 Deum
2963 1663 3215 1715 ﬁduciam
3253 1662 3354 1730 ipsi
3392 1677 3530 1714 con-

273 1757 435 1826 τέρας
465 1758 564 1827 ἢδη
591 1760 690 1824 τῆς
717 1759 938 1826 χάριτος
967 1757 1284 1820 ἀπολαύειν,
1307 1760 1400 1810 καὶ
1423 1760 1530 1812 τῶν
1556 1761 1848 1830 θαυμάτων

1962 1761 2150 1819 ciliari.
2178 1759 2446 1813 Caeterum
2483 1769 2697 1818 earum,
2732 1772 2851 1824 quae
2884 1755 3113 1807 dicenda
3149 1761 3298 1814 sunt,
3333 1770 3533 1806 narra-

284 1848 590 1920 Ἐπίμαχος
622 1850 874 1919 ἄρχεται.

347 2113 403 2166 l'.
475 2112 533 2165 '0
590 2115 688 2182 μὲν
737 2114 980 2179 ὲξαίνετο
1044 2115 1316 2186 μετέωρος
1366 2117 1459 2170 ἐπὶ
1521 2116 1702 2183 ξύλου,
1757 2120 1852 2172 καὶ

274 2201 440 2264 λίθοις
469 2203 536 2256 τὰ
585 2206 717 2257 ὀστᾶ
748 2206 1124 2261 διακέκλαστο.
1165 2209 1312 2278 Κόρη
1354 2209 1410 2261 δέ
1441 2227 1522 2272 τις
1555 2211 1672 2263 ἐκεῖ
1710 2229 1851 2280 παρ-

274 2296 515 2364 ειστήκει
585 2296 750 2365 μέρος
816 2294 950 2352 οὖσα
997 2300 1091 2352 καὶ
1138 2300 1274 2370 αὑτὴ
1317 2300 1410 2354 τοῦ
1460 2301 1714 2369 θεάτρου,
1763 2303 1852 2354 τδν

276 2384 464 2454 ἕτερον
518 2389 895 2460 πεπηρωμένη
956 2390 1064 2442 τῶν
1121 2390 1435 2460 ὀφθαλμῶν.
1491 2391 1709 2461 Ταύτης
1761 2389 1853 2444 οὖν

281 2477 496 2539 ἀτενῶς
559 2479 694 2546 πρὸς
749 2481 955 2532 ἐκεῖνον
1007 2480 1244 2550 ὁρώσης,
1297 2483 1390 2533 καὶ
1444 2483 1543 2545 τὰς
1608 2484 1855 2553 χαλεπὰς

281 2569 497 2630 ὲκείνας
537 2569 790 2632 κολάσεις
818 2571 1051 2643 ὀδυρμδν
1087 2574 1441 2643 ποιουμένης,
1479 2577 1642 2644 μέρος
1668 2594 1718 2628 τι
1744 2577 1853 2628 τῶν

282 2658 375 2711 τοῦ
443 2662 725 2729 μάρτυρος
773 2664 993 2733 σαρκῶν
1047 2663 1261 2716 ἐκεῖθεν
1326 2667 1682 2719 ἀποσπασθὲν
1762 2669 1853 2720 καὶ

281 2752 518 2820 διαέριόν
550 2770 664 2815 πως
695 2755 1017 2823 φερόμενον,
1053 2757 1351 2821 ἀποστάζει
1381 2757 1479 2810 τοῦ
1511 2760 1741 2828 αἵματος
1777 2762 1854 2820 εἰς

282 2844 375 2895 τὸν
415 2846 724 2915 ὀφθαλμόνσ
754 2849 848 2900 καὶ
898 2851 926 2900 ὁ
975 2849 1285 2919 σταλαγμὸς
1308 2851 1508 2903 αὐτίκα
1552 2855 1747 2919 παγείς
1791 2854 1856 2920 (ῶ

285 2934 570 3003 Θαύματος
632 2939 953 2992 ἀνεικάστου
993 2941 1006 2993 !
1046 2940 1090 2992 ὣ
1161 2943 1342 2994 πάντα
1400 2941 1559 3008 λόγον
1617 2944 1853 3013 νικώσης

282 3027 738 3095 φιλανθρωπίας),
793 3030 908 3096 φῶς
959 3030 1168 3097 γίνεται
1207 3031 1400 3103 ταύτῃ.
1441 3035 1537 3084 καὶ
1579 3034 1706 3101 ὑγιῆ
1763 3035 1851 3086 τὸν

1957 1856 2159 1908 tionem
2216 1869 2529 1922 sequamur.
2600 1849 2866 1916 Deinceps
2918 1847 3062 1900 enim
3137 1847 3358 1915 planum
3421 1846 3536 1907 ﬁet,

1953 1946 2416 2016 quemadmodum
2454 1941 2793 2011 Epimachus
2823 1936 3258 1992 manifestiorem
3290 1936 3381 1990 Dei
3409 1952 3539 2006 gra-

1956 2039 2088 2090 tiam
2121 2050 2175 2090 et
2207 2036 2468 2089 miracula
2499 2043 2719 2087 secutus
2751 2040 2857 2085 est.

2026 2128 2092 2180 Χ.
2140 2127 2500 2180 Lacerabatur
2530 2125 2617 2177 ille
2639 2123 2859 2191 quidem
2895 2123 2949 2174 in
2977 2123 3146 2190 ligno,
3181 2132 3233 2173 et
3266 2119 3537 2186 lapidibus

1957 2221 2278 2279 feriebatur,
2315 2228 2373 2269 ut
2426 2216 2544 2283 ejus
2572 2229 2693 2266 ossa
2744 2215 2907 2266 etiam
2966 2213 3080 2281 ipsa
3131 2212 3534 2278 frangerentur.

1958 2309 2140 2362 Puella
2167 2322 2296 2362 vero
2318 2307 2561 2376 quaedam
2593 2305 2700 2358 illic
2719 2303 2952 2368 astabat,
2986 2314 3040 2357 et
3070 2305 3182 2372 ipsa
3207 2320 3312 2355 una
3343 2320 3408 2356 ex
3445 2318 3541 2357 eo-

1956 2419 2075 2456 rum
2109 2415 2360 2462 numero,
2411 2400 2503 2468 qui
2553 2398 2868 2467 spectaculo
2899 2397 3149 2450 aderant.
3189 2397 3318 2449 Erat
3353 2405 3537 2449 autem

1959 2493 2115 2548 oculo
2143 2494 2314 2545 altero
2353 2501 2645 2545 excaecata.
2703 2490 2798 2542 llla
2831 2504 2955 2542 cum
3007 2487 3072 2539 ad
3115 2496 3404 2555 martyrem
3456 2486 3540 2537 iu-

1961 2595 2108 2637 tenta
2144 2591 2310 2644 esset,
2353 2593 2405 2635 et
2438 2582 2790 2649 gravissimos
2818 2581 2937 2649 ejus
2975 2579 3252 2632 cruciatus
3285 2579 3543 2630 lamenta-

1960 2687 2125 2736 retur,
2155 2691 2277 2744 pars
2303 2675 2548 2743 quaedam
2584 2689 2613 2727 e
2654 2675 2908 2742 martyris
2946 2671 3206 2723 carnibus
3234 2676 3539 2732 abstracta,

1957 2778 2010 2822 et
2040 2785 2134 2836 per
2169 2783 2350 2821 acrem
2380 2767 2609 2834 perlata,
2647 2765 2700 2817 in
2739 2764 2884 2822 illius
2927 2763 3123 2832 puclla'.
3155 2761 3372 2816 oculum
3406 2775 3534 2813 san-

1959 2859 2134 2925 guinis
2165 2866 2368 2926 guttam
2400 2854 2702 2915 instillavit,
2739 2869 2858 2922 qum
2897 2853 3115 2920 quidem
3141 2852 3194 2920 (ο
3225 2849 3544 2903 miraculum

1957 2948 2252 3018 singulare,
2288 2963 2320 3000 o
2350 2944 2442 2999 Dei
2473 2946 2870 3016 benignitatem
2907 2942 3061 2997 omni
3088 2943 3341 2995 oratione
3376 2942 3548 3009 majo-

1956 3038 2094 3107 rem)
2132 3038 2185 3091 in
2217 3039 2399 3091 lumen
2431 3038 2616 3090 statim
2655 3051 2915 3092 conversa
2949 3043 3055 3098 est,
3103 3043 3156 3087 et
3186 3034 3379 3102 puella:
3408 3049 3541 3087 ocu-

279 3117 560 3184 ὀφθαλμὸν
593 3121 941 3176 ἀποδίδωσιν.
988 3122 1150 3174 ’Λλλὰ
1176 3123 1335 3175 τοῦτο
1363 3123 1460 3193 μὲν
1489 3123 1551 3192 δὴ
1576 3124 1852 3192 πάρεργον

1962 3125 2067 3178 lum
2102 3141 2295 3179 sanum
2333 3125 2532 3178 elTeeit.
2564 3124 2676 3176 Hoc
2709 3123 2990 3192 Epimachi
3017 3122 3272 3191 martyris
3304 3121 3543 3173 miracu-

292 3208 580 3280 Ἐπιμάχῳ
644 3211 737 3264 τοῦ
798 3214 1126 3283 μαρτυρίου,
1173 3217 1264 3267 καὶ
1305 3215 1476 3276 οὕτως
1539 3217 1706 3268 αὑτοῦ
1763 3218 1857 3267 καί

283 3300 435 3367 ῥανὶς
459 3300 691 3368 αἵματος
728 3303 863 3371 μόνη
907 3303 1176 3372 τοσαύτην
1209 3303 1434 3356 δύναται
1468 3304 1731 3374 παρέχειν
1760 3306 1857 3374 τὴν

280 3389 600 3455 θεραπείαν,

357 3481 465 3536 IA’.
513 3482 664 3532 Ἐπεὶ
690 3483 746 3534 δὲ
775 3481 999 3551 ἀκλινὴς
1029 3483 1236 3545 ἐκεῖνος
1259 3482 1438 3552 ὡρᾶτο
1457 3486 1550 3536 καὶ
1583 3488 1680 3552 τὴν
1707 3487 1861 3536 εὐσέ-

283 3569 442 3622 ϐειαν
492 3570 827 3638 ἀμετάθετος
871 3574 904 3640 ἡ
940 3572 1224 3625 τελευταία
1283 3572 1404 3625 κατ’
1452 3572 1616 3624 αὑτοῦ
1661 3573 1860 3626 δίδοται

284 3661 485 3730 ψῆφος,
510 3664 604 3713 καὶ
635 3663 780 3730 ξίφει
806 3665 904 3734 τὴν
938 3664 1089 3737 ἱερὰν
1117 3664 1336 3734 ἐκείνην
1374 3665 1401 3715 ὁ
1445 3664 1654 3734 μάρτυς
1693 3683 1864 3733 κεφα-

285 3753 382 3822 λὴν
408 3755 725 3825 ἀφαιρεῖται
751 3771 766 3785 ο
803 3755 861 3806 τὸ
909 3755 1092 3822 μέντοι
1128 3755 1287 3825 σῶμα
1331 3756 1525 3809 τούτου
1575 3757 1634 3807 τὸ
1682 3757 1862 3823 τίμιον

287 3842 498 3895 πιστῶν
531 3844 720 3912 χερσὶν
747 3843 909 3905 ὁσίως
944 3843 1293 3911 περισταλὲν,
1328 3845 1452 3896 ἐκεῖ
1482 3844 1860 3908 κατατίθεται,

287 3935 420 3986 ὅπου
449 3938 542 3987 καὶ
563 3935 664 4003 τὴν
697 3934 1042 4005 μαρτυρικὴν
1071 3935 1282 4005 ὑπέστη
1315 3937 1618 3990 τελείωσιν.
1653 3937 1861 3988 Τούτου

287 4026 387 4093 τὴν
436 4026 739 4094 μαρτυρίαν
783 4024 1060 4094 ἐθαύμασε
1115 4025 1211 4094 μὲν
1264 4027 1413 4078 καὶὸ
1443 4027 1551 4078 τῶν
1613 4027 1865 4091 Ἀλεξαν-

290 4117 460 4185 δρέων
483 4117 672 4187 δῆμος,
708 4118 801 4171 καὶ
832 4121 946 4172 ὅσοι
995 4118 1095 4186 τῆς
1128 4121 1428 4188 προσοίκου
1474 4121 1750 4187 Αἰγύπτου
1797 4121 1864 4174 τὰ

293 4208 524 4260 πιότατα
572 4208 850 4277 νέμονται,
899 4214 1280 4281 κατεκόσμησε
1317 4213 1370 4262 δὲ
1410 4213 1503 4263 καὶ
1531 4213 1867 4275 αὑτὸς-ἅνω-

292 4297 382 4348 θεν
412 4298 571 4349 αὑτὸν
603 4299 888 4367 στεφάνοις
912 4302 1187 4371 λαμπροῖς
1233 4305 1259 4354 ὁ
1283 4302 1678 4373 Ἀγωνοθέτης,
1710 4301 1776 4356 δι’
1809 4307 1866 4356 εν

288 4407 348 4442 τε
396 4393 589 4446 παθεῖν
623 4393 823 4457 εἵλετο,
859 4395 952 4448 καὶ
988 4388 1048 4448 οὗ
1113 4397 1355 4466 μιμητὴς
1409 4397 1565 4466 ὲδίψα
1612 4398 1865 4464 γενέσθαι

290 4483 398 4537 τῶν
425 4487 804 4556 παθημάτων
860 4482 904 4555 ᾧ
955 4488 1153 4556 πρέπει
1205 4491 1356 4541 πᾶσα
1387 4489 1537 4553 δόξα,
1594 4491 1727 4558 τιμὴ
1773 4491 1865 4541 καὶ

208 4623 210 4626 ,
291 4579 680 4649 προσκύνησις,
722 4581 817 4634 νῦν
847 4583 940 4634 καὶ
981 4582 1067 4633 ἀεὶ
1104 4583 1199 4633 καὶ
1230 4582 1310 4642 είς
1351 4582 1476 4642 τοὺς
1520 4582 1721 4644 αἰῶνας
1757 4581 1866 4634 τῶν

290 4671 524 4726 αἰώνων.
558 4674 750 4745 Ἀμήν.

1963 3217 2074 3270 lum
2119 3215 2272 3284 quasi
2307 3225 2760 3283 pertranseuntes
2815 3214 3076 3274 diximus,
3123 3221 3180 3265 ut
3216 3213 3536 3265 ostendere-

1967 3322 2087 3360 mus
2131 3317 2292 3358 unam
2325 3307 2445 3373 ejus
2496 3305 2598 3357 viri
2629 3303 2911 3372 sanguinis
2950 3311 3156 3372 guttam
3198 3304 3385 3357 subito
3424 3313 3546 3358 tan-

1965 3407 2074 3452 tam
2103 3398 2440 3451 curationem
2467 3397 2663 3450 aﬂ‘erre
2700 3396 2970 3465 potuisse.

2033 3487 2131 3537 XI.
2172 3488 2308 3541 Cum
2366 3504 2494 3540 vero
2527 3496 2732 3555 martyr
2787 3488 2838 3539 in
2891 3488 3164 3540 diversam
3214 3486 3548 3539 sententiam

1965 3575 2107 3629 ﬂecti
2135 3593 2243 3629 non
2281 3587 2483 3643 posset.
2519 3588 2574 3629 et
2605 3579 2696 3628 Dei
2727 3579 3046 3645 religionem
3084 3593 3421 3646 nequaquam
3452 3593 3551 3629 ne-

1966 3686 2095 3740 gare
2123 3668 2306 3730 vellet,
2341 3667 2533 3720 ultima
2566 3667 2620 3718 in
2659 3681 2783 3719 eum
2809 3668 3081 3720 sententia
3117 3667 3220 3720 lata
3251 3679 3352 3728 est,
3383 3678 3436 3721 et
3461 3685 3550 3723 sa-

1965 3775 2118 3812 crum
2159 3759 2290 3810 illud
2325 3760 2581 3825 martyris
2621 3766 2788 3823 caput
2822 3757 2998 3810 securi
3047 3773 3369 3825 percussum
3408 3757 3548 3812 fuit:

1966 3860 2021 3904 et
2050 3851 2167 3920 ejus
2201 3848 2418 3918 quidem
2466 3846 2837 3900 venerandum
2884 3860 3102 3915 corpus,
3157 3847 3396 3900 ﬁdelium
3455 3847 3554 3900 ho-

1969 3942 2175 3995 minum
2216 3939 2466 3992 manibus
2491 3937 2744 4006 religiose
2791 3948 3066 4000 curatum,
3123 3938 3231 3990 illic
3268 3938 3548 3992 conditum

1968 4042 2070 4093 est,
2123 4031 2211 4084 ubi
2269 4038 2322 4082 et
2380 4029 2623 4100 martyrii
2679 4029 2944 4082 sustinuit
2992 4031 3550 4083 consummationem.

1970 4124 2099 4193 Ejus
2135 4125 2235 4179 viri
2267 4132 2545 4177 certamen
2593 4136 2702 4175 non
2753 4121 3155 4175 Alexandrinus
3196 4129 3406 4173 tantum
3452 4138 3551 4189 po-

1969 4227 2146 4286 pulus,
2179 4215 2378 4283 quique
2410 4213 2668 4266 ﬁnitimas
2702 4227 2764 4266 ac
2798 4211 3166 4266 feracissimas
3200 4211 3414 4280 ngypti
3447 4228 3545 4264 re-

1969 4309 2158 4375 giones
2190 4305 2395 4367 colunt,
2427 4305 2584 4357 valde
2615 4303 2868 4356 admirati
2903 4318 2965 4355 ac
2997 4303 3218 4357 reveriti
3254 4311 3383 4356 sunt
3412 4319 3426 4356 :
3459 4301 3553 4355 sed

1972 4397 2103 4449 illud
2163 4396 2399 4448 mundus
2446 4409 2595 4447 nunc
2641 4393 2880 4447 celebrat
2931 4397 3238 4448 universus.
3289 4392 3552 4446 Eumdem

1973 4503 2188 4557 quoque
2218 4486 2577 4540 certaminum
2610 4495 2804 4539 auctor
2846 4496 2899 4539 et
2941 4485 3108 4554 judex
3145 4483 3289 4537 Deus
3339 4500 3370 4538 e
3413 4484 3555 4536 cmlo

1975 4579 2168 4634 illustri
2203 4593 2404 4632 corona
2453 4576 2696 4638 donavit,
2749 4587 2976 4645 propter
3025 4592 3186 4644 quem
3223 4575 3555 4644 Epimachus

1972 4673 2247 4727 cruciatus
2287 4685 2478 4724 omnes
2519 4683 2808 4737 perpessus
2859 4677 2962 4727 est,
3016 4669 3247 4735 ejusque
3305 4666 3556 4720 imitatur

293 4775 412 4815 esse
449 4763 501 4813 in
533 4766 816 4820 tormentis
849 4764 1189 4835 perferendis
1234 4769 1467 4819 maxime
1495 4767 1806 4835 concupivit
1847 4783 1909 4821 ac
1949 4766 2178 4820 studuit.
2213 4765 2319 4834 Ipsi
2355 4764 2598 4818 Creatori
2647 4773 2700 4816 et
2739 4761 3026 4826 Salvatori,
3067 4760 3294 4814 Domino
3329 4772 3391 4809 ac
3444 4757 3554 4809 Deo

297 4868 485 4910 nostro
528 4859 596 4912 sit
655 4860 847 4930 gloria,
909 4859 1083 4912 honor
1141 4867 1196 4913 et
1256 4860 1501 4914 adoratio
1554 4876 1676 4915 cum
1732 4861 1890 4916 Patre
1941 4860 2194 4931 principii
2276 4858 2506 4928 ﬁnisque
2568 4867 2812 4927 experte,
2881 4867 2937 4910 et
2999 4854 3344 4909 sanctissimo
3391 4861 3554 4920 atque

297 4953 606 5006 viviﬁcante
638 4953 864 5022 Spiritu,
899 4970 1018 5023 quae
1044 4964 1125 5008 est
1162 4970 1267 5007 una
1323 4955 1577 5010 divinitas
1625 4958 1674 5010 in
1705 4958 1897 5026 aequali
1935 4968 1988 5012 et
2024 4956 2299 5010 individua
2331 4955 2619 5020 'l‘rinitate,
2648 4955 2807 5008 vitam
2856 4953 3108 5022 praebens
3138 4949 3283 5007 omni
3309 4946 3558 5018 spiritui,

299 5050 352 5094 et
387 5056 616 5111 regnans
649 5059 799 5098 nunc
835 5052 890 5099 et
920 5059 1157 5114 semper,
1190 5053 1246 5098 et
1287 5044 1343 5097 in
1389 5047 1583 5100 smcula
1634 5048 1982 5102 saeculorum.
2019 5047 2213 5100 Amen.
