4044 6326
215 305 218 310 ·
273 291 348 346 15
1711 295 1849 352 CAP]

1950 293 2164 352 ILARE.
3479 305 3552 366 N-

267 423 388 462 esse
417 423 616 460 eorum
637 407 976 474 voluntatem,
1013 419 1060 463 et
1084 411 1140 464 in
1163 409 1272 480 lege
1293 409 1406 480 ejus
1433 409 1672 464 meditari
1693 407 1776 462 die
1799 425 1858 462 ac
1887 411 1942 472 Α
2033 407 2252 465 Decimo
2273 395 2576 474 octavo,'ut
2611 413 2788 468 nullus
2829 415 3109 472 ordinatus
3149 418 3265 474 sive
3289 421 3516 478 ordinan

271 505 430 550 nocte
457 495 638 566 (Psal.
671 511 712 560 ι,
749 495 824 568 2).
849 497 918 550 Ει
951 499 1092 568 quod
1139 499 1194 552 in
1233 497 1490 568 Apostolo
1511 498 1862 568 praecipitur:

273 585 456 640 Nemo
485 587 726 642 militum
768 588 878 642 Deo
907 589 1130 660 implicet
1168 592 1468 666 seﬂuegotiis
1503 591 1868 657 smeulan’bus,

273 687 330 730 ut
351 677 402 732 ei
427 677 750 748 placeatcui
773 695 828 734 se
856 679 1088 749 probauit
1111 681 1198 754 (II
1222 681 1356 736 Tim.
1379 699 1442 748 ll,
1475 683 1554 752 4).

347 769 714 838 Duodecimo,
743 779 802 826 ut
823 771 998 828 sciant
1028 773 1154 844 quia
1181 789 1342 830 nemo
1363 789 1462 844 per
1487 775 1746 846 pecunias
1773 789 1864 830 or-

271 861 560 917 dinandus
587 869 690 928 est,
735 877 836 918 nec
865 879 960 934 per
995 879 1220 920 munera
1255 865 1550 922 Ecclesium
1585 867 1744 920 debet
1771 881 1866 920 oc-

271 969 508 1024 cupare,
540 955 664 1026 quia
697 949 742 1010 si
771 951 973 1010 factum
1013 949 1192 1022 fuerit,
1231 965 1286 1012 et
1332 959 1445 1028 ipse
1503 967 1559 1012 et
1591 957 1866 1012 ordinator

273 1047 396 1120 eius
421 1041 732 1118 deponendi
781 1055 904 1101 sunt
934 1066 946 1100 :
984 1049 1108 1118 quia
1139 1047 1478 1104 manifestum
1511 1057 1594 1104 est
1655 1061 1748 1102 eos
1773 1047 1862 1116 qui

275 1143 410 1197 talia
453 1145 628 1212 agunt
680 1139 972 1194 simoniaea
1023 1141 1214 1194 haeresi
1264 1149 1554 1212 aegrotare;
1611 1149 1664 1194 et
1705 1140 1862 1194 talem

271 1243 384 1286 non
413 1245 516 1302 per
537 1233 740 1290 ostium
775 1233 828 1288 in
859 1233 1000 1290 ovile
1028 1234 1208 1290 ovium
1249 1233 1404 1304 juxta
1433 1235 1704 1302 Evangelii
1737 1250 1862 1288 ver-

273 1325 370 1389 ba,
399 1323 498 1380 sed
553 1327 936 1380 ascendentem
979 1325 1217 1391 aliunde,
1267 1325 1442 1380 furem
1469 1339 1588 1380 esse
1615 1335 1666 1380 ct
1693 1325 1862 1380 latro-

275 1431 424 1472 nem.
457 1415 530 1470 Et
567 1431 674 1470 non
715 1417 888 1472 solum
917 1417 1016 1486 ipsi
1039 1417 1132 1486 qui
1162 1419 1264 1472 hoc
1300 1415 1525 1482 faciunt,
1563 1413 1657 1472 sed
1686 1423 1740 1470 et
1772 1417 1860 1486 qui

273 1509 632 1564 consentiunt
663 1507 1004 1576 facientibus,
1043 1509 1546 1566 excommunicaudi
1571 1517 1716 1564 sunt.

343 1599 538 1656 Tertio
571 1602 802 1668 decimo,
833 1611 892 1658 ut
933 1603 1112 1660 nullus
1137 1613 1422 1672 vagantem
1463 1617 1526 1658 ex
1569 1601 1740 1658 aliena
1767 1618 1862 1674 pa-

273 1691 464 1746 rocbia
489 1691 690 1746 audeat
719 1693 980 1762 recipere,
1013 1701 1106 1748 aut
1143 1709 1324 1748 secum
1355 1693 1744 1758 commorandi,
1769 1701 1861 1748 aut

1969 497 2070 554 dus
2095 499 2286 570 migret
2313 501 2380 556 de
2407 517 2500 558 sua
2525 503 2778 572 parochia
2805 505 2872 558 ad
2901 505 3098 571 aliam;
3131 523 3230 562 nec
3255 509 3324 564 ad
3347 509 3536 570 limina

1969 589 2332 654 apostolorum
2367 606 2530 646 causa
2565 593 2844 658 orationis,
2875 595 3118 650 ecclesiae
3147 610 3259 654 sua:
3279 613 3410 654 cura
3437 601 3506 656 de

1968 679 2188 748 relicta;
2221 697 2320 736 nec
2349 683 2416 736 ad
2439 683 2694 752 palatium
2729 701 2888 740 causa
2925 687 3340 758 interpellandi;
3381 707 3486 748 nec
3507 707 3538 748 a

1967 773 2340 828 communione
2371 789 2678 844 suspensus,
2711 775 2780 832 ab
2805 777 2912 832 alio
2939 781 3370 836 communionem
3395 783 3538 838 reci-

1965 861 2166 931 piendi,
2193 861 2308 916 sine
2335 865 2686 934 permissione
2726 875 2778 922 et
2801 869 3138 936 praescientia
3159 871 3396 940 episcopi
3425 873 3529 928 sui.

1965 951 2118 1020 Quod
2143 953 2189 1008 si
2225 954 2434 1022 fecerit,
2478 957 2614 1012 nihil
2657 959 2801 1014 valet
2847 960 3152 1030 huiusmodi
3206 965 3536 1030 communio,

1965 1053 2058 1097 aut
2085 1045 2352 1100 ordinatio
2397 1057 2490 1102 aut
2535 1049 2876 1120 demigratio.
2909 1051 2974 1106 Et
3009 1054 3112 1108 hoc
3133 1055 3384 1110 omnibus
3407 1055 3538 1112 ﬁde-

1965 1133 2104 1188 libus
2141 1135 2564 1192 denuntiandum
2609 1149 2710 1205 est,
2751 1149 2810 1193 ut
2847 1142 2936 1211 qui
2975 1157 3134 1198 causa
3173 1145 3432 1198 orationis
3468 1145 3536 1198 ad

1965 1225 2150 1282 limina
2177 1229 2456 1284 beatorum
2486 1231 2848 1300 apostolozum
2877 1249 3101 1305 pergere
3121 1237 3364 1306 cupiunt,
3391 1237 3536 1292 domi

1963 1317 2320 1376 conﬁteantur
2335 1331 2556 1392 peccata
2579 1339 2696 1390 sua,
2737 1335 2792 1380 et
2817 1327 2884 1380 sit
2923 1327 3160 1398 proﬁciat
3175 1337 3338 1382 antur
3365 1349 3378 1382 :
3409 1329 3534 1398 quia

1965 1423 1996 1462 a
2033 1411 2254 1480 proprio
2286 1413 2540 1484 episcopo
2585 1423 2678 1468 aut
2721 1417 2996 1472 sacerdote
3017 1417 3262 1488 litigandi
3295 1427 3390 1474 aut
3427 1419 3536 1474 sol-

1961 1499 2120 1554 vendi
2147 1511 2288 1568 sunt,
2319 1519 2426 1558 non
2447 1505 2516 1558 ab
2551 1515 2828 1562 extraneo.

2033 1591 2186 1648 Nono
2207 1593 2418 1648 decimo
2447 1595 2766 1665 (Burchard.
2797 1597 2886 1650 lib.
2930 1615 3014 1664 ιιι,
3045 1617 3090 1653 c.
3127 1599 3284 1670 198),
3307 1609 3368 1654 ut
3391 1601 3536 1656 aliud

1963 1682 2018 1738 in
2041 1683 2268 1740 ecclesia
2315 1701 2422 1740 non
2465 1687 2676 1758 legatur
2721 1695 2812 1742 aut
2861 1697 3134 1756 cantetur,
3175 1691 3280 1746 nisi
3329 1707 3390 1746 ea
3417 1707 3540 1761 qua

271 1783 498 1838 missam
529 1783 859 1848 celebrandi,
895 1783 998 1837 nisi
1021 1783 1376 1854 permissione
1399 1791 1582 1838 nostra
1611 1801 1622 1834 :
1653 1797 1754 1838 nec
1773 1783 1856 1836 ul-
1889 1765 1934 1826 Β
1964 1779 2299 1834 auctoritatis
2340 1780 2534 1836 divina:
2557 1791 2726 1850 sunt,
2755 1791 2808 1836 et
2842 1781 3066 1838 Patrum
3109 1783 3534 1839 orthodoxorum

271 1873 376 1930 lius
417 1873 678 1930 Ecclesiae
723 1883 816 1930 aut
863 1873 1036 1944 plebis
1081 1875 1442 1948 gubernacula
1499 1875 1854 1946 suscipiendi,

269 1967 372 2022 nisi
401 1969 772 2036 prmveniente
801 1969 1133 2024 conscientia
1161 1977 1378 2036 nostra;
1409 1969 1500 2040 qui
1535 1983 1692 2025 secus
1709 1969 1856 2026 fece-

269 2057 360 2123 rit,
385 2057 972 2112 cxcommunicabitur.

339 2149 554 2218 Quarto
579 2149 808 2216 decimo,
831 2157 892 2204 ut
923 2149 978 2204 in
1011 2149 1262 2220 tuguriis,
1289 2151 1373 2206 vel
1401 2151 1453 2204 in
1482 2151 1726 2208 ecclesiis
1747 2169 1856 2208 non

268 2241 628 2304 censecratis,
663 2239 746 2294 vel
768 2239 820 2292 in
844 2239 1112 2302 domibus,
1145 2239 1246 2294 nisi
1279 2239 1416 2294 forte
1445 2241 1696 2296 visitandi
1729 2257 1852 2313 gra-

269 2331 342 2385 tia
373 2331 696 2386 inﬁrmitate
727 2331 980 2396 detentis,
1027 2331 1314 2386 missarum
1345 2333 1600 2402 mysteria
1633 2347 1738 2388 non
1767 2349 1856 2388 ce-

269 2421 498 2480 lebrent.
539 2421 696 2492 Quod
739 2425 782 2480 si
841 2421 1106 2490 facerint,
1161 2427 1384 2496 propter
1433 2423 1850 2482 iuobedieutiam

271 2515 648 2587 degradandos
675 2533 734 2572 se
759 2517 952 2574 sciant.

339 2609 548 2678 Quintu
569 2611 778 2666 decimo
797 2651 812 2676 ,
841 2609 986 2678 quod
1009 2609 1240 2676 decima,
1268 2625 1386 2679 quae
1411 2623 1442 2664 a
1481 2609 1728 2668 ﬁdelibus
1759 2613 1852 2668 da-

271 2709 374 2765 tur,
407 2702 504 2756 Dei
523 2715 550 2742 υ
585 2715 780 2756 census
805 2702 1165 2770 nuncupanda
1187 2709 1289 2766 est,
1324 2711 1378 2755 et
1403 2703 1522 2758 ideo
1543 2719 1608 2758 ex
1639 2704 1850 2776 integro

269 2801 346 2848 est
387 2793 684 2848 reddenda.
711 2791 878 2860 Cujus
923 2791 1080 2846 tertia
1111 2807 1238 2861 pars
1265 2793 1560 2848 secundum
1589 2811 1848 2850 canonem

269 2883 590 2940 Toletanum
641 2881 825 2954 (Couc.
889 2881 1050 2938 Tolet.
1109 2883 1218 2953 ix),
1273 2885 1648 2954 episcoporum
1692 2887 1848 2940 debet

265 2989 404 3030 esse.
439 2975 554 3030 Nos
569 2989 698 3030 vero
713 2975 814 3028 hac
833 2981 1098 3044 potestate
1119 2975 1196 3028 uti
1219 2975 1493 3038 nolumus,
1518 2978 1612 3032 sed
1633 2985 1844 3031 tantum

269 3075 524 3134 quartam
553 3065 804 3135 partemb
827 3065 982 3134 juxta
1006 3064 1296 3120 constituta
1329 3065 1696 3120 Romanorum
1715 3083 1846 3136 pon-

1963 1871 2140 1926 sanxit
2167 1873 2480 1928 auctoritas.
2507 1871 2616 1928 Nec
2651 1871 2782 1928 falsa
2817 1883 2840 1912 θ
2873 1875 3088 1930 nomine
3113 1873 3426 1944 angelorum
3447 1889 3536 1930 co—

1959 1959 2114 2024 lant,
2167 1961 2262 2016 sed
2293 1975 2355 2015 ea
2395 1971 2602 2016 tantum
2641 1977 2760 2032 quae
2805 1963 3120 2032 prophetica
3145 1971 3200 2018 et
3219 1963 3532 2034 evangelica

1958 2049 2116 2106 docet
2141 2050 2442 2122 Scriptura,
2469 2053 2522 2108 id
2549 2061 2655 2118 est,
2701 2053 2950 2120 Michael,
2999 2055 3240 2120 Gabriel,
3272 2055 3532 2126 Raphael.

1955 2141 2066 2198 Nec
2095 2143 2308 2200 diversa
2355 2145 2590 2200 sentiant
2635 2145 2688 2200 in
2727 2144 2948 2214 iudiciis
2985 2149 3384 2216 pmnitentium,
3413 2164 3534 2204 cum

1957 2249 2098 2290 unus
2126 2235 2326 2302 minus,
2365 2235 2502 2290 alter
2531 2251 2660 2292 vero
2681 2235 2856 2308 majus
2883 2237 3036 2292 alteri
3067 2239 3354 2304 adulando,
3379 2239 3534 2294 alteri

1955 2327 2290 2384 detrahendo
2319 2329 2538 2398 placere
2565 2329 2696 2384 velit
2725 2344 2740 2383 :
2775 2329 2868 2384 sed
2903 2331 3246 2390 considerata
3277 2331 3536 2402 qualitate

1953 2433 2200 2488 personae
2245 2417 2398 2488 juxta
2439 2419 2656 2476 modum
2713 2421 2886 2492 culpae
2929 2433 3122 2494 agatur
3151 2437 3383 2478 censura
3413 2423 3532 2478 vin-

1953 2515 2130 2570 dictae.
2177 2507 2180 2510 ’

2025 2605 2322 2686 Vicesimo,
2351 2606 2673 2662 admonendi
2725 2615 2850 2662 sunt
2896 2615 2956 2662 ut
2997 2607 3364 2678 perpendant,
3407 2609 3532 2677 quia

1951 2699 2210 2770 quidquid
2239 2715 2268 2752 a
2305 2699 2554 2756 ﬁdelibus
2600 2701 2780 2766 datur,
2835 2701 3134 2770 redemptio
3183 2709 3528 2770 peccatorum

1949 2801 2032 2846 est
2059 2809 2071 2844 :
2102 2799 2156 2845 et
2201 2791 2322 2845 ideo
2362 2805 2468 2846 non
2507 2791 2806 2860 glorientur
2857 2789 3052 2844 talibus
3091 2791 3392 2860 sumptibus
3428 2791 3528 2854 uti,

1949 2881 2042 2936 sed
2093 2881 2262 2950 magis
2299 2881 2523 2933 timeant
2571 2879 2714 2950 quod
2765 2881 2818 2933 in
2853 2881 3032 2934 Veteri
3087 2881 3430 2936 Testamento
3465 2883 3530 2938 de

1949 2972 2320 3028 sacerdotibus
2345 2971 2550 3026 dictum
2591 2979 2676 3026 est
2708 2991 2720 3026 :
2753 2969 3090 3042 Iniquitatem
3121 2971 3299 3042 populi
3328 2989 3414 3028 eos
3435 2973 3520 3026 de-

1948 3065 2064 3120 bere
2087 3075 2315 3134 portare.
2356 3063 2424 3118 Et
2459 3063 2582 3118 ideo
2602 3079 2724 3118 cum
2767 3079 2962 3134 magno
2989 3063 3222 3120 timoref
3255 3081 3414 3136 super
3437 3081 3540 3121 eos.

265 3125 496 3222 tilicum,
519 3125 578 3210 el
595 3125 992 3210 observantiam
1037 3165 1242 3210 sanctae
1283 3155 1540 3212 Ecclesiae
1571 3125 1840 3224 Ennianus,
1874 3125 1918 3192 ο
1949 3125 2164 3210 solliciti
2197 3155 2328 3218 sint,
2361 3169 2596 3224 quorum
2621 3153 2778 3210 denis
2808 3155 3222 3224 participantur,
3261 3157 3388 3224 quia
3415 3171 3528 3212 ma-

265 3247 330 3302 de
351 3247 550 3300 eadem
588 3245 786 3300 habere
812 3245 1074 3300 volumus.
1113 3245 1264 3312 Quod
1307 3247 1350 3300 si
1383 3247 1504 3316 quis
1544 3247 1846 3302 contentio-

263 3351 356 3392 sus
407 3337 542 3391 inde
569 3347 813 3406 repertus
837 3335 1020 3403 fuerit,
1061 3335 1174 3392 sive
1205 3337 1456 3404 clericus,
1487 3339 1602 3394 sive
1624 3351 1644 3378 ε
1677 3339 1846 3395 laicus

263 3427 350 3482 ille
389 3428 490 3490 sit,
537 3427 910 3482 communione
937 3427 1252 3496 privabitur,
1277 3437 1330 3482 et
1353 3431 1596 3499 synodali
1617 3445 1846 3488 censura

263 3519 668 3588 diiudicabitur.

335 3611 506 3666 Sexto
535 3611 766 3676 decimo,
797 3621 857 3666 ut
893 3612 1260 3682 unusquisque
1311 3613 1412 3668 hoc
1461 3609 1762 3680 provideat,
1787 3621 1848 3670 ut

263 3703 522 3758 mulieres
547 3703 614 3758 ad
637 3703 808 3758 altare
851 3717 960 3756 non
995 3701 1274 3764 accedant,
1323 3717 1423 3756 nec
1465 3703 1592 3772 ipsae
1626 3691 1736 3757 Deo
1760 3703 1842 3758 di-

265 3803 396 3850 catae
451 3793 506 3848 in
565 3793 710 3848 nullo
755 3793 1060 3854 ministerio
1107 3794 1296 3848 altaris
1346 3794 1840 3850 iutermisceantur.

265 3885 414 3953 Quod
447 3877 498 3942 si
525 3887 680 3956 pallae
725 3887 916 3942 altaris
965 3887 1208 3942 lavandae
1251 3895 1398 3952 sunt,
1425 3903 1454 3940 a
1487 3885 1698 3940 clericis
1721 3885 1842 3942 abs-

267 3981 568 4044 trahamur,
611 3987 666 4034 et
696 3979 764 4034 ad
791 3979 1062 4036 cancellos
1083 3979 1300 4036 feminis
1331 3981 1626 4048 tradantur,
1658 3991 1712 4038 et
1743 3983 1846 4036 ibi-

265 4069 380 4124 dem
407 4079 746 4140 repetantur.
787 4069 1048 4126 Similiter
1093 4079 1148 4126 et
1197 4071 1520 4142 presbyteri,
1577 4087 1700 4128 cum
1747 4073 1843 4128 ob-

265 4159 368 4214 lata
413 4163 484 4216 ab
509 4161 712 4216 eisdem
743 4161 1058 4218 mulieribus
1087 4159 1420 4228 oll‘eruntur,
1465 4163 1666 4218 ibidem
1695 4165 1842 4220 acci-

263 4251 504 4319 piantur,
537 4259 590 4306 et
623 4252 692 4306 ad
721 4251 888 4306 altare
909 4251 1240 4306 deierantur.

333 4343 578 4414 Septimo
637 4345 886 4410 decimo,
947 4353 1006 4398 ut
1063 4345 1164 4414 ipsi
1213 4345 1524 4400 sacerdotes
1579 4347 1743 4402 verbo
1787 4357 1843 4402 et

265 4435 512 4504 exemplo
531 4437 782 4490 omnibus
811 4435 1122 4506 praedicent,
1161 4447 1218 4492 ut
1267 4437 1444 4492 nullas
1471 4453 1664 4494 usuras
1695 4441 1840 4494 acci-

265 4527 430 4595 piant,
473 4543 576 4582 nec
613 4527 880 4598 sescupla,
931 4543 1032 4584 nec
1069 4529 1302 4599 speciem
1343 4545 1442 4600 pro
1471 4531 1670 4600 specie.
1697 4532 1835 4600 Quia

265 4617 414 4674 valde
445 4617 672 4674 inﬁdelis
699 4627 752 4674 et
781 4619 994 4674 rebellis
1021 4621 1114 4674 Dei
1136 4619 1466 4688 jussionibus
1503 4629 1588 4677 est
1611 4623 1704 4692 qui
1737 4625 1838 4680 hoc

265 4711 370 4778 agit
401 4729 414 4762 :
448 4709 590 4780 quod
621 4711 870 4766 omnibus
917 4709 1242 4766 Christianis
1269 4709 1294 4746 ἀ
1325 4727 1478 4780 teque
1527 4713 1728 4768 dictum
1753 4713 1836 4770 di-

267 4803 556 4870 gnoscitur,
605 4803 839 4860 maxime
877 4813 1056 4868 tamen
1093 4804 1482 4871 sacerdotibus,
1528 4807 1620 4875 qui
1665 4805 1837 4862 forma

265 4903 318 4948 et
351 4895 658 4950 crematum
689 4895 814 4952 ﬁdei
841 4897 1092 4952 omnibus
1119 4913 1240 4954 esse
1263 4899 1478 4954 debent.

335 5041 360 5068 ιι
391 5029 490 5102 pei
511 5045 714 5085 census.
732 5029 832 5102 Sic
851 5030 1051 5084 laudati
1071 5032 1304 5102 codices,
1333 5039 1476 5088 recte
1509 5049 1522 5086 :
1549 5035 1696 5102 prior
1722 5037 1834 5090 edi-

267 5097 356 5174 tio,
385 5099 482 5174 Dei
505 5117 656 5154 cense
683 5117 701 5154 :
729 5100 782 5174 in
805 5101 992 5174 eadem
1024 5111 1070 5155 et
1095 5101 1204 5156 Deo
1233 5119 1298 5174 ex
1327 5097 1830 5174 integroreddenda.

333 5169 360 5208 ι)
389 5169 554 5224 Juxta
579 5173 880 5226 constituta.
917 5171 1151 5244 Uterque
1169 5173 1334 5228 codex
1363 5169 1614 5241 SfGalli,
1643 5191 1832 5230 δεδαη-

265 5237 384 5294 dum
411 5259 580 5296 usum.

335 5309 578 5384 fLuicus
623 5313 728 5366 ille.
775 5311 930 5380 Prior
959 5314 1144 5380 editio,
1193 5313 1464 5380 diaconus,
1523 5317 1666 5384 quod
1710 5333 1830 5372 cum

273 5379 512 5456 vitiosum
537 5379 960 5456 csset,_eodices
1005 5387 1137 5438 duos
1183 5401 1324 5456 saepe
1372 5379 1614 5442 laudatos
1663 5389 1832 5443 secuti

267 5463 465 5526 sumus:
489 5453 546 5508 lu
577 5455 680 5526 line
710 5453 1004 5526 legebatur,
1029 5453 1376 5526 judicabitur.

332 5521 356 5560 ιι
389 5523 560 5594 {Eque
611 5521 826 5578 dictum.
875 5521 1043 5580 Prior'
1071 5527 1254 5584 editio.
1311 5541 1456 5596 teque
1503 5529 1834 5586 interdictum

266 5605 370 5644 εδει
377 5633 390 5646 .

335 5663 614 5738 thomina
660 5665 852 5738 colunt.
908 5669 978 5724 Ut
1027 5669 1346 5724 Adalbertus
1413 5669 1696 5738 episcopus
1741 5687 1830 5726 an.

269 5733 362 5788 Tit
393 5735 444 5790 in
469 5737 696 5792 concilio
721 5735 1092 5794 Suessioneusi
1135 5733 1562 5809 daumatus,'qui
1597 5733 1832 5798 orationi

1948 3261 2110 3314 gnum
2137 3245 2434 3316 periculum
2474 3251 2559 3300 est
2601 3243 2838 3314 judicem
2877 3243 2994 3300 ﬁeri
3035 3247 3158 3302 vitae
3189 3247 3400 3314 alienae,
3433 3247 3526 3318 qui

1945 3337 2120 3392 nescit
2145 3345 2328 3392 tenere
2353 3337 2721 3392 moderamina
2750 3337 2876 3392 vita:
2905 3353 3034 3392 suae.

2023 3427 2288 3484 Vicesimo
2309 3429 2507 3498 primo,
2553 3437 2614 3484 ut
2641 3429 2816 3486 sciant
2857 3439 2914 3485 et
2952 3429 3252 3502 intelligant
3291 3433 3420 3500 quid
3455 3433 3528 3488 sit

1947 3519 2142 3578 Incesti
2169 3521 2376 3576 crimen
2401 3562 2416 3586 ,
2449 3529 2504 3576 et
2541 3523 2644 3578 hac
2665 3523 3036 3594 unusquisque
3069 3523 3124 3578 in
3147 3541 3242 3580 sua
3265 3527 3524 3594 parochia

1947 3609 2230 3680 provideat
2257 3627 2326 3666 ne
2367 3611 2482 3678 ﬁat,
2511 3621 2568 3668 et
2600 3611 2646 3666 si
2693 3611 2894 3668 factum
2929 3613 3114 3682 fuerit,
3145 3625 3402 3686 quantum
3437 3633 3524 3672 ce-

1947 3701 2168 3758 lerrime
2195 3701 2428 3774 potuerit
2473 3695 2828 3772 emendetur;
2875 3705 2928 3761 io
2976 3717 3079 3773 est,
3117 3715 3174 3761 ut
3215 3709 3392 3764 nullus
3419 3710 3520 3764 sibi

1947 3795 2184 3866 accipiat
2233 3795 2298 3850 de
2345 3795 2745 3866 propinquitate
2771 3811 2944 3867 usque
2976 3799 3002 3836 ε
3037 3797 3090 3852 in
3121 3799 3310 3870 quinto
3361 3815 3519 3870 genu.

1947 3885 2101 3954 Quod
2137 3886 2182 3940 si
2213 3885 2524 3957 ignoranter
2553 3885 2756 3941 factum
2795 3887 2974 3954 fuerit,
2999 3904 3108 3944 non
3145 3889 3301 3946 facile
3329 3891 3522 3946 creda-

1947 3986 2060 4044 tur,
2091 3979 2186 4033 sed
2210 3977 2416 4046 judicio
2441 3977 2536 4032 Dei
2567 3979 2898 4034 examinetut
2937 3993 2950 4032 :
2985 3993 3006 4032 ε
3065 3993 3169 4036 ιλςιι
3205 3993 3524 4052 separentur

1945 4071 2002 4126 in
2026 4079 2218 4142 quarto
2243 4085 2404 4140 genu,
2431 4069 2458 4108 ιι
2499 4069 2596 4124 sed
2639 4069 2696 4124 in
2731 4069 3050 4140 ptenitentia
3082 4073 3290 4127 cunctis
3335 4069 3522 4128 diebus

1947 4163 2345 4234 ednjunctlonis
2374 4175 2483 4218 suae
2509 4171 2874 4232 perseverent.
2907 4163 3168 4220 Similiter
3195 4173 3250 4220 et
3281 4167 3360 4220 vir
3389 4167 3522 4222 duas

1945 4271 2144 4314 uxores
2171 4255 2313 4310 inter
2359 4269 2419 4310 se
2457 4253 2618 4308 simili
2653 4253 2860 4308 ratione
2897 4253 3230 4322 conjunctas,
3263 4265 3356 4310 aut
3385 4273 3522 4310 uxor

1946 4349 2080 4404 duos
2134 4347 2282 4402 viros
2329 4345 2471 4398 inter
2521 4357 2578 4398 se
2609 4343 2798 4398 eodem
2847 4345 3004 4399 modo
3055 4345 3392 4414 coniunctos,
3429 4357 3524 4402 aut

1946 4419 2240 4507 cempater,
2268 4443 2356 4490 aut
2399 4443 2718 4500 commater,
2749 4433 2946 4488 ﬁliolus
2971 4445 3064 4488 aut
3087 4435 3246 4490 ﬁliola
3267 4437 3522 4507 spiritua-

1867 4497 1920 4556 Β
1945 4531 2012 4586 lis
2037 4497 2104 4586 de
2131 4497 2300 4592 fonte,
2337 4535 2430 4581 aut
2475 4525 2542 4580 de
2581 4497 3008 4590 conﬁrmatione,
3049 4534 3144 4580 aut
3185 4497 3517 4592 Deo-dicata,

1942 4633 2036 4680 aut
2058 4623 2280 4678 alterius
2313 4635 2450 4677 uxor
2469 4619 2682 4674 vivente
2713 4619 2932 4685 marito,
2965 4623 3060 4672 aut
3099 4619 3320 4675 alterius
3351 4621 3520 4675 mari-

1943 4723 2028 4770 tus
2049 4715 2262 4770 vivente
2287 4727 2472 4767 uxore.
2517 4707 2614 4766 His
2654 4709 2852 4766 talibus
2885 4703 3029 4762 nulla
3075 4709 3284 4764 ratione
3325 4709 3378 4764 in
3408 4725 3522 4762 ma-

1941 4807 2252 4862 trimonium
2277 4805 2484 4860 lcitum
2511 4813 2594 4858 est
2627 4803 2902 4873 conjungi.
2935 4801 2991 4858 ln
3027 4802 3202 4872 primo
3229 4817 3360 4858 vero
3377 4817 3516 4873 genu

1939 4901 2024 4957 vel
2069 4899 2298 4956 secunde
2353 4897 2400 4954 si
2449 4897 2654 4952 inventi
2703 4895 2904 4950 iuerint
2961 4895 3136 4952 scelus
3179 4905 3520 4966 perpetrasse

1941 5039 2150 5093 cuidam
2187 5051 2296 5092 suae
2329 5043 2536 5104 septem
2579 5035 2894 5105 angelorum
2943 5035 3158 5090 nomina
3203 5035 3385 5104 ignota
3439 5031 3522 5086 in.

1941 5117 2242 5262 ῗῗιὲῗιξὲν
2271 5193 2375 5232 eos.
2409 5177 2450 5232 Ε
2475 5177 2684 5232 duobus
2709 5177 2986 5234 codicibus
3017 5173 3076 5229 S.
3111 5171 3246 5228 Galli
3283 5173 3400 5228 haec
3425 5173 3522 5229 ad-

1941 5249 2336 5389 ὠίὲηῖἓῗαὶηεο
2375 5335 2528 5388 genu.
2555 5319 2782 5380 Laudati
2809 5319 3042 5389 codices,
3077 5317 3132 5369 in
3155 5315 3394 5389 quintum
3429 5331 3516 5386 ge-

1941 5406 2076 5444 nus:
2105 5381 2348 5454 et'iul‘ra,
2375 5381 2434 5442 in
2472 5401 2716 5460 quartum
2754 5407 2936 5458 genus.
2975 5381 3036 5460 In
3062 5381 3215 5460 conc.
3249 5381 3514 5460 Vcrmér.,

1941 5475 2084 5516 anno
2107 5461 2207 5514 75?
2233 5457 2520 5532 :elebrato,
2549 5457 2772 5532 perinde
2801 5471 2962 5532 atque
2991 5458 3045 5532 i_n
3073 5457 3520 5532 Legibusliipua-

1941 5532 2172 5603 riorum,
2261 5543 2276 5586 t
2318 5531 2408 5596 55,
2439 5529 2466 5603 §
2491 5529 2563 5596 δέ
2581 5541 2636 5585 et
2667 5532 2720 5584 in
2749 5529 2983 5603 Legibus
2997 5529 3472 5598 Longobardoruin
3497 5565 3512 5590 ,

1943 5603 2024 5657 tit.
2053 5603 2140 5666 Η,
2163 5602 2198 5654 Ι.
2233 5603 2282 5666 Ι,
2311 5599 2604 5672 ςθηίὸιιίωη
2627 5617 2725 5672 pro
2747 5599 3092 5672 generatione
3131 5607 3430 5672 usurpatur.

2015 5677 2034 5710 "
2073 5671 2172 5728 Sed
2215 5675 2270 5726 in
2299 5669 2834 5742 prettitent‘iafTotnm
2867 5671 2970 5742 hoc
2995 5671 3256 5740 usquead
3281 5669 3518 5724 similiter

1944 5746 1996 5798 in
2027 5753 2216 5800 neutro
2251 5741 2306 5798 S.
2337 5743 2470 5798 Galli
2499 5743 2680 5796 codice
2707 5741 2992 5810 reperitur.
