4044 6326
497 411 562 465 l5
1303 380 1312 385 ’
1459 407 1766 463 annnam
1805 403 2232 461 sssoasNSIs
2269 401 2771 460 CHOREPISCOPI
3697 407 3768 468 ιδ

493 523 904 587 fornicationis,
955 521 1286 576 matrimOnii
1325 533 1351 560 ιι
1374 509 1511 588 jura
1549 521 1771 576 alterius
1810 519 1984 574 sciant
2014 533 2072 574 se
2101 523 2148 581 Α
2248 517 2518 572 Vicesimo
2547 525 2730 581 tertio,
2781 515 3101 571 admonendi
3146 525 3272 573 sunt
3309 526 3368 572 ut
3410 520 3588 575 sciant
3634 522 3768 592 quia

492 615 736 670 funditus
782 613 1102 683 perdidisse.
1139 613 1198 667 In
1237 613 1396 667 tertio
1437 627 1567 667 vero
1596 627 1734 681 genu
1771 611 1815 665 si
1866 611 2067 664 inventi

494 706 695 760 ﬁtertnt
719 705 808 759 tali
840 705 1068 760 crimine
1109 703 1339 774 pollutos
1381 718 1521 766 esse,
1556 702 1713 771 digna
1752 701 2069 771 poenitentia

495 813 589 854 eos
617 797 999 864 subsequatur,
1022 805 1076 850 et
1115 805 1294 851 tamen
1324 794 1652 850 matrimonii
1682 794 1806 864 jura
1832 794 1932 859 eis,
1963 809 2070 848 non

492 888 756 954 vicissim,
787 889 881 944 sed
902 889 971 943 ad
999 887 1133 943 alios
1169 904 1274 942 non
1313 897 1592 958 negentur.
1623 886 1724 942 Ubi
1750 901 1878 942 vero
1913 903 2066 941 man-

492 979 631 1050 cipia
661 994 768 1034 non
783 979 944 1035 unius
965 980 1059 1035 sed
1085 980 1308 1035 diversae
1330 979 1612 1049 potestatis
1633 977 1819 1046 juncta
1846 963 2065 1044 iuerint,

492 1067 600 1124 nisi
654 1069 1113 1125 consentientibus
1161 1069 1405 1138 utrisque
1455 1068 1717 1132 dominis,
1763 1068 2068 1135 hujusmodi

492 1159 762 1229 capulatio
787 1168 904 1215 rata
943 1176 1050 1216 non
1087 1160 1208 1215 erit.
1236 1160 1264 1198 ι’
1292 1159 1562 1230 Quidquid
1599 1176 1728 1215 vero
1753 1161 2069 1231 negligendo

492 1249 760 1316 sentitur,
800 1259 854 1305 et
897 1250 1096 1304 virtute
1129 1264 1234 1318 qua
1277 1249 1516 1318 potuerit
1559 1265 1665 1327 non
1715 1250 2064 1316 emendetur;

492 1356 618 1396 nam
663 1341 824 1412 hujus
862 1341 1064 1413 copula:
1095 1351 1284 1397 auctor
1311 1343 1443 1409 erit,
1472 1343 1561 1413 qui
1603 1343 1729 1398 huic
1752 1343 2069 1414 negligendo

490 1429 776 1488 consentit.
803 1433 963 1488 Plura
998 1442 1126 1489 sunt
1157 1449 1275 1504 qua:
1317 1433 1384 1488 ad
1426 1434 1619 1490 incesti
1647 1435 1863 1489 'crimen
1904 1434 2068 1490 scribi

488 1531 757 1592 poterant,
784 1525 922 1580 sicut
948 1525 1002 1580 in
1025 1534 1219 1590 matre,
1249 1534 1303 1581 et
1331 1525 1462 1590 ﬁlia,
1484 1534 1538 1580 et
1567 1540 1822 1591 noverca,
1845 1535 1898 1580 et
1932 1541 2069 1594 pene

489 1611 771 1668 innumera
802 1630 923 1684 quae
946 1616 1114 1669 menti
1141 1615 1206 1669 ad
1232 1615 1574 1670 scribendum
1605 1631 1712 1670 non
1735 1624 2064 1671 occurrunt:

488 1701 793 1773 hujusmodi
823 1713 1024 1772 tamen,
1055 1715 1109 1761 et
1145 1707 1228 1760 his
1278 1705 1542 1761 similibus
1581 1707 1848 1774 personis,
1878 1707 2068 1777 cepula

490 1796 752 1852 maritalis
791 1798 844 1852 in
875 1799 1260 1869 sempiternum
1292 1800 1650 1855 subtrahitur.

559 1888 829 1946 Vicesimo
854 1893 1110 1958 secundo,
1159 1893 1482 1950 admonendi
1526 1905 1652 1950 sunt
1679 1904 1737 1950 ut
1774 1897 1950 1952 sciant
1974 1912 2068 1967 po-
2097 1885 2143 1944 Β

485 1977 625 2048 pulis
653 1981 972 2038 denuntiare
1023 1999 1141 2053 qum
1178 1985 1287 2040 sint
1313 2001 1478 2056 opera
1521 1987 1909 2043 misericordiae
1939 2004 2062 2042 cum

485 2067 760 2127 fructibus
775 2070 905 2140 suis,
945 2089 1065 2144 quae
1096 2076 1409 2146 evangelica
1458 2086 1516 2132 et
1541 2077 1838 2147 apostolica
1870 2078 2066 2148 pagina

486 2163 878 2233 complectitur,
925 2167 1120 2236 quibus
1168 2170 1481 2239 pervenitur
1524 2171 1590 2225 ad
1631 2171 1836 2226 vitam:
1882 2186 2069 2241 quaeve

484 2267 650 2323 opera
686 2254 990 2326 iniquitatis
1041 2274 1162 2314 eum
1201 2259 1465 2316 fructibus
1519 2261 1630 2316 suis
1663 2261 2066 2332 multiplicibus,

485 2347 681 2416 quibus
708 2349 844 2405 calle
864 2351 1086 2409 sinistro
1118 2353 1184 2409 ad
1205 2363 1472 2410 aeternum
1495 2355 1736 2410 tenditur
1762 2356 2063 2410 interitum.

485 2437 552 2492 Et
571 2448 629 2494 ιιι
658 2440 882 2511 perjurii
906 2445 1110 2501 crimen
1138 2447 1282 2502 omni
1308 2447 1467 2504 modo
1495 2448 1734 2504 devitent
1761 2467 1773 2503 :
1808 2451 1933 2519 quia
1961 2465 2068 2504 non

484 2529 657 2585 solum
685 2529 739 2587 in
776 2533 1069 2607 Evangelio
1094 2539 1180 2593 vel
1216 2539 1459 2609 reliquiis
1504 2550 1814 2597 sanctorum
1864 2543 2069 2598 crimen

485 2621 730 2692 perjurii,
764 2627 857 2682 sed
899 2628 955 2683 in
996 2630 1222 2686 veritate
1268 2647 1387 2702 quae
1415 2631 1558 2690 Deus
1585 2643 1669 2690 est
1695 2635 1764 2707 (si
1786 2635 2068 2706 mentitur)

485 2722 799 2783 perpetrare
829 2718 1183 2791 dignoscitur.

553 2861 582 2930 fl
620 2849 1033 2935 Jurohlterius.
1061 2858 1383 2935 SicAlaudati
1411 2861 1642 2927 codices,
1685 2863 1884 2918 rectius
1906 2879 2069 2934 quam

485 2924 634 2989 prior
661 2924 846 2990 editio,
862 2927 994 2990 jura
1020 2929 1258 2984 ulterius.

557 2991 584 3030 δ
610 2991 878 3058 Quidquid
907 3016 1042 3054 vero.
1073 2999 1276 3057 Locum
1303 3003 1449 3058 hunc
1477 3004 1553 3059 ita
1595 3006 1847 3063 emendat
1895 3007 2067 3062 Ache-

2165 607 2420 666 ’ecclesiis
2459 609 2655 680 quibus
2690 617 2964 680 prmsunt,
2988 610 3182 679 sponsi
3205 609 3333 667 facti
3359 621 3483 667 sunt
3515 632 3528 667 :
3560 623 3618 670 et
3643 615 3767 670 ideo

2172 703 2319 758 omni
2343 701 2620 773 vigilantia
2648 701 2884 770 qualiter
2912 714 3007 756 eas
3028 701 3308 767 decorent,
3334 710 3389 756 et
3425 703 3768 760 incessanter

2174 793 2506 860 deserviant,
2543 801 2707 849 totius
2733 801 2857 849 vna:
2877 808 2990 850 sua:
3027 792 3365 864 vigilantiam
3388 795 3727 866 impendant.

2243 905 2512 964 Vicesimo
2537 918 2754 977 quarto,
2784 919 2846 963 ut
2871 910 3037 966 horas
3063 912 3375 977 canonicas,
3407 920 3520 966 tam
3541 921 3768 967 noctur-

2171 1013 2271 1054 nas
2284 1014 2447 1070 quam
2463 1000 2705 1066 diurnas,
2722 1001 3030 1058 nullatenus
3045 1002 3478 1073 praetermittam.
3497 1004 3637 1071 Quia
3653 1005 3764 1059 sic.-

2173 1090 2490 1146 utRomana
2501 1091 2741 1148 Ecclesia
2765 1093 2942 1162 psallit
2962 1134 2977 1160 ,
3007 1095 3081 1148 ita
3107 1094 3355 1150 omnibus
3382 1093 3624 1164 ejusdem
3645 1110 3769 1166 pro-

2171 1181 2329 1248 positi
2352 1183 2490 1236 viam
2523 1182 2870 1238 tendentibus
2892 1185 3197 1240 faciendum
3218 1193 3319 1242 est.
3344 1186 3412 1240 Et
3440 1202 3546 1242 non
3585 1186 3764 1242 solum

2173 1269 2306 1327 Novi
2348 1272 2681 1330 Testamenti
2725 1285 2851 1331 sunt
2896 1277 3217 1332 documenta
3253 1279 3442 1333 eadem
3472 1279 3764 1334 formulam

2171 1364 2515 1432 observandi,
2547 1367 2642 1423 sed
2669 1369 2834 1424 etiam
2865 1369 3079 1426 Veteris
3108 1371 3442 1426 Testamenti
3489 1380 3642 1441 patet
3673 1387 3765 1426 ra-

2172 1455 2248 1511 tio
2274 1474 2286 1510 :
2312 1457 2437 1527 quia
2459 1457 2729 1530 Propheta
2755 1459 2964 1530 Spiritu
2987 1471 3176 1517 sancto
3203 1462 3490 1517 instinctus
3516 1462 3724 1530 profert
3750 1479 3763 1516 :

2174 1544 2375 1617 Septies
2405 1549 2460 1602 in
2491 1549 2576 1603 die
2605 1550 2814 1604 laudem
2845 1551 2960 1605 dimi
3002 1552 3096 1606 tibi
3141 1551 3316 1621 (Psat.
3363 1568 3552 1619 cxvm,
3613 1553 3764 1621 164).

2171 1638 2241 1694 Et
2264 1657 2278 1694 :
2311 1640 2491 1696 Media
2516 1652 2662 1697 nocte
2689 1653 2966 1715 surgebam
2996 1645 3064 1698 ad
3089 1645 3440 1714 conﬁtendum
3458 1646 3550 1700 tibi
3573 1644 3766 1718 (Ibid.,

2173 1747 2304 1786 vers.
2334 1731 2446 1804 62).

2241 1846 2512 1903 Vicesimo
2573 1850 2762 1918 quinto
2790 1892 2804 1915 ,
2853 1859 2913 1905 ut
2967 1849 3215 1921 plebibus
3249 1850 3568 1907 denuntient
3617 1851 3766 1924 quod

2171 1937 2313 1994 ﬁlios
2343 1948 2398 1994 et
2432 1939 2571 1996 ﬁlias
2609 1943 2919 2012 spirituales
2946 1958 3085 2012 quos
3127 1944 3180 1997 in
3218 1944 3545 2014 baptismate
3587 1944 3768 1999 susei-

2170 2032 2347 2100 piunt,
2375 2032 2454 2088 eis
2481 2032 2825 2101 ﬁdejussores
2850 2043 2905 2088 et
2933 2050 3225 2104 sponsores
3253 2035 3375 2091 ﬁdei
3395 2035 3687 2099 exsistunt,
3711 2043 3769 2089 et

2171 2139 2271 2195 pro
2298 2124 2379 2181 eis
2409 2125 2643 2190 diabolo,
2679 2126 2764 2183 oui
2794 2135 2919 2184 ante
2957 2127 3248 2199 mancipati
3303 2126 3515 2182 fuerant
3538 2167 3551 2192 ,
3604 2126 3770 2206 abre-

2173 2216 2465 2270 nuntiant:
2509 2229 2562 2273 et
2607 2213 2728 2275 ideo
2776 2235 2948 2290 usque
2975 2236 3099 2277 cum
3125 2221 3293 2276 adulti
3318 2219 3542 2287 fuerint,
3583 2227 3641 2276 et
3684 2217 3768 2272 eis

2177 2306 2301 2364 ﬁdei
2351 2325 2462 2366 sua:
2491 2312 2839 2381 sponsionem
2878 2323 2934 2368 et
2962 2313 3449 2370 abrenuntiationis
3496 2327 3771 2383 exposue-

2177 2400 2285 2455 rint
2328 2410 2384 2457 et
2424 2403 2773 2471 reddiderint,
2804 2407 2860 2460 in
2890 2422 2988 2461 sua
3014 2406 3352 2477 providentia
3401 2405 3656 2460 habeant.
3700 2403 3770 2457 Et

2177 2490 2322 2560 quod
2348 2490 2424 2545 illi
2454 2508 2553 2562 pro
2572 2494 2652 2549 eis
2669 2495 3088 2565 spoponderant,
3107 2496 3175 2551 ab
3191 2495 3271 2552 eis
3290 2495 3476 2551 eadem
3499 2508 3766 2564 responsa

2178 2595 2245 2638 ex
2281 2581 2494 2652 integro
2526 2585 2745 2656 exigant

2175 2869 2294 2991 {ius
2326 2887 2339 2922 :
2368 2869 2635 2940 Quidquid
2665 2885 2781 2925 vero
2810 2870 3122 2942 negligenter
3151 2871 3471 2926 consentitur
3500 2879 3547 2923 et
3589 2871 3760 2923 virtu-

2196 2955 2244 2991 e.
2275 2949 2378 2991 etc.

2196 2955 2244 3006 e,
2275 2949 2378 2996 etc.

1737 3328 1908 3371 ANNO
1952 3327 2186 3374 DOMINI
2231 3329 2518 3375 DCCCLIV.

1343 3403 2926 3728 AUDBADUS

1593 3836 2024 3896 SENONENSIS
2064 3838 2655 3898 CHOREPISCOPUS.

1927 4000 2318 4020 *—

1190 4117 1628 4200 NOTITIA
1704 4119 2248 4200 HISTORICA
2324 4117 2436 4199 IN
2512 4117 3109 4199 AUDBADUM.

1670 4294 1938 4361 (Galland.,
1962 4297 2092 4349 Bibl.
2116 4298 2273 4363 Patr.,
2297 4302 2415 4350 tan.
2437 4296 2594 4364 XIII.)

564 4539 647 4596 Ex
677 4537 959 4596 sacerdote
994 4536 1414 4605 cborepiscopus
1461 4532 1790 4605 Senonensis
1817 4533 1946 4605 fuit;
1967 4534 2079 4588 Au-
2105 4541 2148 4601 C
2181 4532 2568 4597 Floret'ﬁensis,
2607 4533 2748 4605 inter
2771 4526 3279 4605 Scriptores_Galliae
3314 4523 3586 4605 etnlielgii.
3611 4525 3742 4605 Erra

497 4611 696 4666 dradus
737 4617 920 4665 noster
965 4607 1034 4662 ad
1067 4602 1268 4662 annum
1299 4602 1471 4674 usque
1525 4602 1651 4669 849,
1682 4619 1789 4674 quo
1820 4604 1874 4658 in
1918 4603 2077 4674 Pari-

495 4681 664 4738 siensi
685 4680 916 4736 concilio
946 4695 1122 4733 omnes
1148 4675 1502 4745 chorepiscopi
1524 4675 1615 4745 qui
1649 4684 1796 4745 erant
1824 4676 1878 4728 in
1906 4673 2080 4728 Fran-

498 4753 580 4829 cia
603 4750 971 4829 depositiuiunt
995 4749 1092 4829 (α).
1125 4743 1357 4829 Scripsit
1376 4743 1583 4829 ‘librutn
1604 4745 1683 4829 De
1713 4743 2079 4829 ‘Rerelation'i-

499 4826 614 4886 bus,
630 4815 772 4874 anno
788 4819 914 4883 855,
931 4815 1085 4886 cujus
1099 4815 1353 4886 excerpta
1376 4816 1522 4887 legas
1545 4817 1684 4887 apud
1699 4815 1986 4887 Andraeam
2009 4817 2079 4870 du

497 4884 712 4946 Chesne
740 4889 836 4961 (b).
888 4890 947 4944 In
971 4884 1071 4961 his
1093 4884 1604 4961 meme—ratur'liber
1628 4886 1725 4961 De
1743 4884 1914 4961 Fonte
1944 4887 2078 4951 vitaz,

500 4957 830 5016 hexametris
877 4958 1240 5030 scriptus,a4d
1286 4957 1641 5030 Ilincmarum
1693 4957 2081 5030 Illiemensem,

503 5046 659 5102 quem
706 5030 913 5102 primus
964 5027 1132 5086 e'didit
1180 5028 1422 5085 Oudinus
1473 5027 1544 5100 (c)
1588 5043 1656 5082 ex
1715 5042 1816 5081 ms.
1851 5027 2084 5081 abbatiae

596 5169 650 5238 a)
678 5167 879 5239 Lupus,
907 5182 994 5239 ep.
1019 5165 1114 5231 40,
1144 5180 1271 5239 eum
1297 5164 1604 5239 magistrum
1623 5178 1777 5217 suum
1803 5170 1984 5216 vocat.

596 5170 650 5238 a)
678 5170 879 5239 Lupus,
907 5182 992 5236 ep.
1019 5170 1114 5231 40,
1144 5180 1271 5220 eum
1297 5170 1520 5234 magism

571 5170 652 5312 ib)
674 5239 899 5307 Baron.,
931 5237 999 5294 ad
1025 5252 1115 5291 an.
1144 5235 1270 5304 838,
1296 5250 1444 5291 num.
1470 5233 1520 5289 6.

2181 4607 2254 4660 vit
2305 4616 2486 4660 tamen
2527 4594 2610 4657 vir
2635 4603 2824 4656 doctus
2853 4594 2967 4664 toto
3001 4598 3160 4662 coelo,
3192 4597 3316 4650 dum
3359 4594 3596 4664 libellum
3623 4597 3764 4650 hunc.

2184 4677 2399 4747 ipsimet
2447 4675 2740 4747 Hincmaro
2802 4662 3082 4733 attribuit,
3115 4682 3236 4747 cunt
3283 4662 3593 4747 Audradum
3650 4667 3767 4720 sine

2185 4737 2552 4816 controversia
2575 4752 2852 4816 parentem
2873 4748 3148 4816 agnoscat.
3177 4737 3252 4791 Ex
3275 4752 3342 4792 eo
3370 4751 3467 4792 nos
3495 4737 3648 4816 illum.
3668 4752 3767 4790 ex-

2189 4819 2459 4888 hibemus.
2473 4806 2606 4888 Fuit
2627 4829 2786 4884 porro
2809 4806 3474 4888 Audraduscognomento
3501 4806 3766 4888 Modicus,

2187 4887 2486 4943 Burchardi
2506 4881 2854 4941 Carnotensis
2874 4881 3108 4951 episcopi
3131 4881 3584 4951 consanguineus,
3603 4881 3771 4933 inter-

2192 4959 2398 5028 fuitque
2411 4957 2638 5014 concilio
2666 4949 3123 5011 Senonen'sianno
3146 4950 3255 5008 853
3284 4949 3386 5022 (ά).

2302 5154 2349 5222 c)
2380 5151 2570 5209 Annal.
2604 5151 2858 5208 Fuldens.

2302 5155 2349 5222 c)
2380 5155 2570 5209 Annal.
2604 5155 2858 5208 Fuldens.

2279 5155 2357 5298 id)
2397 5225 2689 5296 Sigebert.,
2716 5239 2833 5294 cap.
2867 5221 2936 5279 94
2957 5220 3024 5278 de
3050 5217 3113 5277 ὃ.
3139 5218 3202 5274 Ε.

507 5367 3766 5408 _____________________________._______________.

1148 5495 1640 5574 EPISTOLA
1723 5488 2178 5571 AUDRADI
2258 5486 2389 5563 AD
2478 5480 3126 5561 HINCMARUM.

1965 5647 2371 5666 ψ

504 5737 711 5799 Nobilis
739 5738 937 5813 ingenii
966 5742 1223 5811 linguam,
1251 5742 1479 5796 facunde
1509 5750 1687 5812 poeta,

506 5834 734 5891 Ctelitus
759 5849 878 5891 esse
911 5833 1004 5890 tibi
1031 5833 1171 5889 dulei
1197 5834 1562 5890 modulamine
1588 5834 1801 5906 pandis,

2193 5737 2330 5790 Dum
2355 5735 2589 5804 ﬂagrans
2613 5731 2815 5798 animo,
2837 5730 3101 5786 virtutum
3128 5740 3327 5802 pascua
3362 5725 3578 5796 lustras,

2201 5831 2339 5885 Dum
2369 5829 2612 5886 salientis
2642 5843 2793 5898 aqttae
2822 5825 3104 5900 perfundis
3140 5826 3338 5882 lumina
3371 5841 3509 5881 rore.
