4044 6326
278 439 348 493 17
1532 432 1659 490 LIB.
1703 432 1791 488 DE
1828 431 2056 490 FONTE
2096 432 2297 488 VlT/E.
3478 437 3545 492 18

281 553 448 610 Ocius
480 551 607 606 hinc
636 548 788 605 lecta:
812 549 953 605 lauri
979 549 1228 605 succedis
1249 557 1306 604 et
1331 550 1535 603 umbra:

277 644 541 702 Pallentis
560 645 796 710 hederae,
826 657 1041 700 necnon
1068 651 1125 700 et
1149 642 1364 714 pinguis
1390 642 1544 698 oliva:
1575 657 1588 694 :

280 739 430 794 bans
456 737 597 792 miro
626 751 821 792 nexam
849 735 1013 805 capiti
1041 737 1106 791 de
1131 734 1277 791 fonte
1302 750 1580 790 coronam.

281 827 526 897 Denique
547 841 682 898 quos
712 826 911 882 dudum
939 827 1182 882 sitientes
1207 827 1288 882 ire
1316 841 1415 897 per
1437 840 1592 896 agros

281 919 560 975 Cernebas
585 919 832 985 miseros,
863 918 1040 973 studio
1059 916 1283 973 florente
1311 918 1591 982 monebas,

285 1014 357 1071 Ut
379 1012 567 1084 (fontis
593 1012 736 1084 vitae)
765 1011 1063 1067 clarissima
1092 1025 1318 1067 cernere
1349 1011 1547 1080 templa

283 1104 452 1170 lrent,
485 1113 540 1159 et
563 1105 703 1160 votis
733 1113 982 1175 peterent
1009 1107 1110 1161 sibi
1137 1107 1274 1161 dona
1299 1104 1505 1159 salutis.

287 1192 372 1248 Me
393 1208 608 1264 quoque
628 1192 945 1265 jamdudum
970 1196 1195 1251 charum
1229 1211 1388 1266 quem
1421 1194 1572 1250 ducis
1609 1195 1864 1261 amicum,

289 1283 507 1339 Talibus
525 1284 1050 1351 Audradumdictis,
1083 1287 1392 1351 Hincmare,
1424 1286 1718 1342 monebas:

291 1374 360 1430 Ut
384 1377 530 1431 vivas
556 1376 705 1442 felix,
731 1379 953 1434 monitis
975 1395 1119 1434 nunc
1144 1387 1300 1435 utere
1323 1381 1540 1444 nostris,

286 1463 496 1535 Rumpe
519 1480 720 1532 moras,
749 1482 911 1522 cursu
945 1484 1243 1540 properans
1267 1485 1374 1540 quo
1416 1470 1616 1525 mmnia
1659 1471 1860 1528 cernis.

285 1554 428 1610 Fons
459 1556 533 1611 ibi
559 1558 624 1612 de
646 1558 823 1614 medio
851 1559 996 1614 sedis
1023 1560 1331 1615 diverberat
1357 1575 1536 1626 auras,

282 1646 349 1701 Et
373 1650 508 1704 mihi
529 1649 758 1722 largitur
782 1653 935 1708 vivos
957 1653 1180 1708 haurire
1205 1669 1444 1724 sapores,

279 1741 460 1812 Atque
482 1743 580 1798 tibi
607 1743 800 1799 faciam
826 1747 1136 1816 praecedens
1163 1746 1349 1801 limina
1376 1747 1560 1816 pandi.

600 1872 774 1928 Fictio
802 1876 1004 1945 poetica
1026 1877 1268 1932 Audradi
1293 1879 1537 1949 episcopi.

275 2003 543 2060 Credulus
568 2005 654 2061 his
682 2007 933 2076 equidem
963 2007 1123 2065 dictis
1155 2009 1383 2066 festinus
1407 2011 1567 2066 amici

275 2095 576 2165 Explorare
601 2096 799 2163 locum,
826 2113 1052 2155 cernens
1080 2101 1174 2156 sed
1202 2101 1434 2156 culmina
1465 2103 1606 2158 veni.

275 2184 406 2240 Sive
436 2185 571 2243 fides
595 2187 782 2244 horret
811 2190 978 2256 dictu,
1011 2207 1105 2248 seu
1131 2191 1278 2248 fictio
1300 2193 1483 2250 fratris

271 2276 442 2334 Fama
467 2296 592 2337 mox
619 2281 764 2338 facili
787 2293 975 2340 sancto
1000 2298 1086 2339 me
1110 2285 1301 2341 clausit
1329 2288 1397 2342 ab
1427 2287 1606 2343 imbri.

271 2367 474 2424 Verte:
504 2385 627 2426 eum
652 2371 830 2428 subito
858 2382 1012 2444 paret
1039 2375 1104 2430 de
1138 2377 1380 2448 margine
1411 2378 1539 2433 bino

273 2457 573 2515 Sacrarum
602 2462 760 2517 tereti
789 2462 993 2518 fontem
1020 2465 1360 2522 circumdare
1387 2483 1541 2532 saxo,

273 2551 331 2608 Si
358 2553 498 2609 foret
529 2569 802 2622 emensus,
836 2565 1041 2626 septem
1070 2558 1154 2612 bis
1181 2559 1430 2616 redderet
1457 2560 1613 2617 ulnas

271 2643 515 2700 Candida
544 2646 753 2715 septeni
785 2648 993 2716 species
1017 2648 1253 2720 fulgebat
1290 2650 1346 2704 in
1375 2651 1536 2718 ulnis,

267 2735 349 2790 Ac
381 2737 604 2793 totidem
631 2738 830 2795 mixtas
858 2740 1068 2795 nebulis
1091 2741 1389 2797 obduxerat
1415 2744 1611 2800 Eurus.

266 2827 386 2882 Illic
413 2829 538 2884 dum
565 2830 766 2886 frustra
791 2831 1054 2888 duodenis
1083 2841 1288 2888 atteror
1307 2836 1477 2900 horis,

268 2919 463 2990 Tuque
497 2923 642 2977 domi
669 2922 896 2993 placidis
931 2923 1137 2980 celares
1168 2934 1412 2997 tempora
1441 2928 1628 2993 ramis,

264 3014 526 3070 lncusare
553 3016 714 3072 fidem
745 3017 883 3086 coepi
913 3016 1120 3073 fallacis
1149 3019 1330 3083 amici,

264 3107 382 3163 Nec
410 3109 604 3163 desunt
638 3108 912 3180 lacrymre,
943 3125 1039 3166 cur
1062 3118 1116 3165 te
1145 3111 1449 3180 praecedere
1478 3113 1599 3168 sivi.

262 3196 528 3254 Occiduis
557 3213 769 3268 quoque
789 3201 1082 3270 surgebant
1099 3199 1212 3270 jam
1237 3203 1482 3272 partibus
1516 3204 1742 3272 umbrae,

263 3287 485 3358 Vesper
515 3298 573 3344 et
601 3289 890 3360 Hesperias
919 3293 1149 3347 ornabat
1172 3292 1419 3363 lampade
1441 3302 1633 3349 terras.

261 3380 409 3436 Cum
437 3378 566 3435 fletu
594 3379 762 3436 victos
781 3382 966 3438 oculos
995 3397 1092 3453 per
1119 3384 1321 3438 moenia
1348 3384 1525 3450 volvo,

262 3469 512 3526 Vocibus
559 3469 641 3525 his
685 3469 967 3526 Dominum
988 3514 1003 3539 ,
1027 3475 1164 3530 votis
1193 3475 1498 3546 iterumque
1528 3493 1813 3548 reposcens
1839 3502 1851 3537 :

261 3559 306 3615 O
331 3560 649 3630 quicunque
677 3561 780 3617 loci
806 3572 990 3619 custos
1012 3574 1298 3636 rectorque
1321 3568 1544 3635 videris,

259 3649 308 3706 Ο
337 3650 567 3720 dignare
595 3652 741 3707 sitim
772 3653 972 3708 misero
995 3656 1334 3728 restinguere
1357 3667 1562 3714 tantam
1587 3663 1600 3714 !

262 3741 395 3796 Mox
427 3740 496 3796 de
525 3744 652 3798 sede
689 3757 844 3798 sacra
864 3760 968 3800 vox
989 3755 1073 3802 est
1097 3747 1259 3803 allata
1287 3762 1386 3819 per
1415 3766 1576 3806 auras
1603 3767 1619 3804 :

264 3832 405 3888 Sum
439 3850 621 3890 rerum
652 3845 855 3902 custos,
889 3854 1009 3894 sum
1039 3840 1146 3895 vivi
1169 3841 1333 3898 fontis
1361 3843 1530 3915 origo,

265 3925 379 3980 Sed
408 3926 527 3980 sine
553 3941 681 3982 vase
710 3943 838 3984 suos
862 3931 1179 3988 mortalibus
1215 3936 1447 4006 abnegat
1471 3935 1696 3992 haustus
1731 3955 1744 3990 :

264 4016 350 4072 Sit
377 4017 467 4072 cui
493 4033 788 4090 cognoscas
815 4020 937 4076 talis
959 4031 1244 4092 compacta
1276 4024 1471 4095 figura,

264 4107 492 4164 Scilicet
521 4117 582 4164 ut
609 4111 832 4166 calamis
857 4114 1093 4183 septenis
1120 4124 1306 4185 surgat
1328 4117 1396 4172 ab
1425 4117 1553 4182 imo,

263 4197 456 4270 Erigat
485 4209 540 4256 et
569 4216 837 4258 summum
867 4204 1203 4276 distinguens
1225 4223 1356 4262 ausa
1387 4224 1671 4276 cacumen,

262 4291 375 4346 Ora
406 4293 626 4363 quidem
658 4295 879 4352 totidem
907 4297 1032 4353 colli
1059 4299 1125 4354 de
1147 4301 1352 4356 vertice
1379 4301 1630 4374 ﬂagrant.

262 4385 307 4441 O
327 4401 494 4456 quam
533 4389 823 4457 gratisonis
849 4390 1160 4447 celebrabat
1189 4393 1318 4448 talia
1346 4396 1559 4451 verbis!

262 4475 496 4530 Demum
526 4477 656 4546 quid
688 4477 946 4545 facerem,
978 4482 1158 4536 docuit
1180 4497 1428 4541 sermone
1449 4496 1698 4556 paterno.

1896 551 1946 609 Α
1969 546 2106 601 Audi
2135 546 2443 613 consilium,
2474 562 2572 603 cur
2602 548 2686 604 his
2709 549 2956 605 exureris
2981 549 3172 606 auris?

1971 637 2087 693 Huc
2103 639 2320 709 quidam
2336 637 2568 707 juvenis,
2597 648 2648 695 te
2677 650 2836 697 nocte
2857 642 3049 711 dieque
3071 640 3397 711 frequentat,

1968 729 2036 783 Et
2060 731 2263 800 scypho
2291 732 2489 786 nostris
2516 731 2769 786 libamina
2798 731 2975 788 fundit
3002 734 3056 787 in
3088 733 3196 788 aris
3223 752 3234 786 :

1969 820 2071 877 Olli
2095 837 2191 878 nos
2218 825 2687 880 nostris‘dedimus
2714 824 3003 880 viridantia
3027 825 3198 894 pratis

1971 913 2158 979 Tecta,
2191 916 2386 984 quibus
2413 926 2631 971 maneat
2654 917 2856 987 jussus,
2884 933 2978 973 seu
3003 917 3177 988 prosit
3213 917 3422 972 amicis.

1968 1004 2184 1076 Cygnea
2205 1005 2426 1075 jamque
2449 1008 2552 1062 sibi
2580 1008 2808 1063 costinis
2827 1008 2965 1062 atria
2989 1017 3169 1079 gyrat,

1969 1095 2151 1152 Utitur
2179 1105 2233 1151 et
2255 1097 2418 1152 claris
2444 1106 2632 1153 nostro
2665 1099 3032 1156 moderamine
3061 1099 3314 1170 lymphis,

1965 1186 2084 1242 Jam
2107 1205 2200 1244 seu
2227 1189 2376 1245 dives
2401 1199 2547 1244 amat
2571 1191 2734 1260 pictis
2764 1193 3024 1248 recubare
3054 1193 3270 1263 tapetis.

1967 1277 2129 1334 Ocius
2155 1278 2489 1345 accelerans,
2524 1280 2599 1335 illi
2632 1283 2747 1336 haec
2775 1297 2893 1336 mea
2923 1282 3064 1338 diota
3091 1282 3325 1338 referto:

1967 1370 2209 1440 Hospitio
2233 1381 2476 1427 sanctam
2505 1373 2746 1442 requiem
2778 1374 3040 1429 meruisse
3065 1373 3252 1428 fideles

1967 1462 2055 1518 Sis
2083 1465 2320 1519 memor!
2355 1479 2389 1519 ο
2407 1463 2642 1531 juvenis,
2676 1480 2817 1520 nunc
2841 1475 2897 1521 et
2925 1466 3044 1522 sine
3067 1464 3174 1521 fine
3202 1465 3399 1522 valeto.

1964 1554 2200 1610 Auribus
2229 1570 2331 1610 noc
2357 1556 2555 1627 capiat,
2591 1557 2749 1611 tectis
2771 1565 2824 1611 te
2843 1557 3046 1612 vimine
3076 1559 3241 1613 textis

1965 1644 2254 1716 Temperet
2284 1655 2445 1716 atque
2474 1647 2642 1712 sitim,
2671 1661 2918 1702 somnum
2942 1649 3043 1703 sub
3077 1657 3236 1705 nocte
3260 1650 3443 1718 quiete

1968 1738 2207 1804 Sternat,
2238 1748 2293 1795 et
2317 1741 2586 1796 haerentes
2613 1750 2823 1795 recreet
2847 1756 2946 1810 per
2965 1741 3176 1797 viscera
3211 1741 3399 1796 ﬁbras.

1965 1831 2034 1885 Et
2060 1832 2230 1900 prima
2258 1847 2378 1887 cum
2403 1832 2522 1887 luce
2549 1833 2662 1887 dies
2688 1833 2945 1903 dejecerit
2973 1833 3216 1898 umbras,

1889 1929 1938 1988 Β
1968 1920 2171 1977 Molliat
2206 1923 2472 1994 argillam,
2499 1923 2676 1993 primo
2717 1923 2803 1978 vel
2833 1923 2946 1979 sole
2973 1932 3238 1995 tepescat,

1964 2013 2032 2069 Et
2060 2023 2186 2070 nota
2217 2023 2399 2070 tornet
2424 2017 2624 2086 specie,
2657 2031 2820 2084 quam
2842 2017 2994 2072 novit
3018 2017 3230 2072 abunde
3258 2034 3270 2070 :

1963 2102 2207 2159 Obducat
2232 2119 2379 2170 cera,
2404 2120 2696 2176 ceramque
2722 2106 2980 2161 recondat
3010 2119 3200 2170 arena,

1960 2190 2226 2249 Innocuos
2252 2195 2585 2265 ignes-juxta
2612 2211 2738 2250 mox
2768 2195 2996 2251 collocet
3019 2195 3170 2262 illud,

1960 2283 2162 2354 ZEquet
2191 2284 2365 2350 lance,
2403 2285 2616 2339 metalla
2644 2286 2823 2356 placet
2847 2301 2971 2340 cum
2996 2285 3237 2356 pondere
3260 2284 3436 2342 librae.

1960 2375 2090 2442 Quae
2120 2377 2411 2433 commissa
2447 2377 2550 2434 sibi
2578 2378 2849 2445 meminit,
2878 2377 3124 2448 lucrique
3146 2373 3354 2434 memor
3380 2376 3442 2432 fit

1959 2466 2064 2522 Per
2093 2482 2212 2536 qua:
2237 2468 2402 2538 pollet
2423 2484 2616 2534 ovans,
2647 2471 2851 2526 uostris
2883 2470 3242 2527 vernantibus
3263 2470 3434 2535 aulis;

1957 2560 2234 2614 Ambahus
2255 2560 2502 2616 manibus
2521 2569 2643 2631 post
2669 2563 2854 2618 omnia
2883 2561 3098 2619 follibus
3122 2562 3287 2630 efflet,

1959 2651 2025 2705 Et
2063 2661 2254 2706 vacuet
2283 2652 2515 2708 formam
2543 2669 2692 2720 cera,
2718 2655 3032 2725 repleatque
3055 2654 3292 2710 metallo.

1959 2739 2086 2795 Post
2114 2741 2332 2810 aliquod
2358 2743 2616 2813 Spatium,
2647 2758 2744 2798 vas
2772 2744 2927 2798 testis
2957 2753 3120 2799 exuat
3139 2744 3298 2807 assis,

1958 2834 2310 2904 Effigiemque
2337 2849 2530 2889 novam
2558 2835 2703 2889 ferro
2731 2835 3031 2905 difi‘umiget
3059 2849 3225 2899 unco,

1956 2923 2325 2993 Concilietque
2350 2924 2457 2979 tuis
2491 2924 2744 2978 manibus
2768 2924 3076 2980 venerabile
3108 2925 3323 2996 pignus.

1955 3014 2088 3069 illud
2115 3016 2222 3068 huc
2251 3023 2428 3069 tecum
2454 3014 2679 3069 veniens
2705 3013 2918 3070 deferre
2943 3023 3239 3079 memento,

1957 3106 2071 3161 Hoc
2096 3107 2291 3162 libabis
2313 3122 2467 3177 aquae
2495 3105 2700 3163 fontem
2724 3107 2966 3164 salientis
2993 3109 3062 3164 ad
3084 3117 3252 3176 astra,

1953 3199 2176 3270 Insuper
2205 3208 2261 3254 et
2287 3215 2507 3255 causam
2529 3209 2736 3256 reseret
2755 3201 2886 3271 quid
2917 3217 3047 3257 vase
3069 3201 3321 3272 figurem,

1879 3288 1924 3354 C
1956 3290 2024 3347 Et
2049 3290 2238 3347 dubios
2259 3292 2439 3347 verbis
2463 3293 2674 3347 animos
2705 3293 2804 3349 tibi
2826 3292 3008 3347 firmet
3030 3293 3224 3348 amicis

1958 3383 2170 3438 Interea
2204 3382 2424 3454 triplum
2449 3384 2623 3439 solvat
2655 3399 2778 3439 cum
2810 3384 3056 3440 carmine
3083 3383 3308 3448 nodum,

1960 3474 2131 3542 Quem
2168 3476 2367 3544 poterit
2395 3475 2574 3530 fusum
2599 3490 2853 3531 reserans
2881 3490 3079 3532 ornare
3113 3473 3388 3530 metallum

1959 3569 2115 3626 Hunc
2138 3569 2234 3624 tibi
2264 3579 2443 3624 mente
2473 3569 2674 3625 locans.
2707 3567 2816 3625 Olli
2844 3570 2922 3625 sic
2950 3583 3187 3642 pangere
3212 3567 3412 3624 mando

1958 3662 2015 3716 ln
2051 3661 2278 3733 gemina:
2312 3661 2493 3733 specie
2519 3661 2660 3718 luna:
2686 3663 3034 3736 distinguitur
3066 3663 3234 3728 orbis,

1960 3751 2180 3808 Scilicet
2203 3751 2432 3808 obscura
2468 3752 2723 3823 claraque
2752 3751 2972 3824 fugante
2993 3753 3272 3816 tenebras,

1956 3846 2202 3903 Luminis
2230 3856 2285 3902 et
2312 3847 2505 3903 faciem
2531 3856 2708 3904 terras
2739 3849 2867 3904 dum
2896 3847 3059 3902 vertit
3081 3847 3149 3901 ad
3177 3845 3336 3908 imas,

1955 3939 2140 3994 Altera
2162 3953 2290 4008 pars
2320 3938 2458 3994 coelo
2481 3939 2722 3994 tenebris
2753 3939 2987 3995 obducta
3017 3946 3252 3994 tenetur.

1954 4028 2198 4098 Denique
2219 4028 2302 4082 bis
2336 4037 2542 4098 septem
2571 4028 2753 4084 lumen
2782 4026 3030 4083 mirabile
3050 4028 3170 4083 visu

1956 4119 2174 4174 Evomit
2201 4120 2256 4173 in
2278 4121 2438 4175 terris
2464 4119 2763 4190 glomerata
2787 4119 2966 4175 fronte
2997 4119 3204 4175 diebus.

1955 4209 2111 4275 Nam,
2136 4209 2333 4265 mirum
2372 4211 2552 4266 dictu!
2599 4219 2854 4268 crescunt
2883 4211 3010 4278 dum
3058 4211 3261 4266 lumina
3301 4207 3538 4277 thbte,

1953 4303 2241 4358 lnstituere
2264 4303 2451 4360 Patres
2472 4305 2699 4360 nimium
2727 4305 2989 4362 solemnia
3016 4304 3255 4360 Pascha.

1957 4396 2063 4451 Sed
2091 4412 2309 4452 sursum
2335 4398 2564 4468 pallens,
2591 4407 2650 4453 ut
2667 4399 2902 4469 primum
2935 4399 3169 4457 condere
3190 4400 3370 4453 lumen

1951 4485 2208 4556 Coeperit,
2232 4496 2288 4542 et
2315 4489 2478 4544 terris
2503 4490 2660 4560 nigra
2684 4489 2949 4546 vilescere
2975 4488 3153 4545 forma

263 4565 439 4622 Curre
480 4568 720 4637 domum,
758 4574 1114 4644 manibusque
1159 4575 1303 4632 refer
1331 4593 1450 4648 qua:
1499 4582 1717 4648 mando,
1747 4584 1850 4638 mi-
1873 4649 1912 4653 _
1953 4577 2059 4634 Ter
2093 4589 2296 4650 septem
2320 4590 2627 4648 numerant,
2660 4598 2797 4653 quos
2825 4598 2935 4638 non
2959 4567 3225 4638 excedere
3251 4580 3392 4637 soles

1659 4670 1843 4743 [selle;
1955 4669 2060 4736 Sit,
2089 4649 2255 4726 sedin
2275 4671 2362 4727 his
2389 4672 2619 4738 licitum,
2651 4649 2899 4728 sanctum
2923 4673 3166 4729 solemne
3194 4672 3414 4743 requiri.

261 4751 372 4807 Aut
399 4753 444 4809 si
463 4758 753 4826 pauperies
777 4767 829 4813 te
859 4758 987 4814 illud
1018 4775 1125 4815 non
1156 4761 1285 4816 sinit
1315 4762 1541 4828 habere,

263 4842 452 4899 Invida
483 4860 578 4901 seu
605 4847 790 4903 furtim
821 4851 999 4920 rapuit
1028 4851 1094 4906 de
1124 4862 1282 4908 nocte
1311 4869 1566 4920 noverca,

261 4936 373 4993 Aut
403 4940 448 4994 si
475 4940 624 4996 nulla
647 4941 794 4997 domi
825 4945 1024 4999 mansit
1047 4959 1171 5016 spes
1195 4947 1524 5002 inveniendi.

1951 4764 2090 4832 Quid
2113 4766 2202 4821 hic
2229 4765 2436 4821 Pascha
2459 4768 2609 4837 pium
2631 4783 2914 4834 numerus,
2947 4783 3042 4822 seu
3065 4767 3190 4821 luna
3219 4766 3450 4837 figurcnt

1951 4858 2199 4928 Explicet
2232 4877 2244 4914 :
2271 4869 2326 4915 et
2357 4861 2577 4931 triplum
2604 4862 2805 4930 poterit
2840 4861 3135 4917 dissolvere
3167 4860 3385 4915 nodum.

1953 4950 2053 5005 Hic
2085 4968 2293 5008 memor
2330 4961 2465 5017 esto,
2502 4953 2678 5009 locum
2699 4953 2918 5022 juvenis
2941 4969 3202 5024 respousa
3228 4957 3533 5023 capessant.

275 5079 3527 5125 —'—————-I—-—————-—————_——_—_——_—‘

1028 5207 1445 5324 LIBER
1529 5212 1710 5325 DE
1794 5211 2265 5327 FONTE
2349 5215 2791 5332 VIT/E.

257 5519 403 5576 Tum
421 5516 886 5592 presensjuvenis
915 5518 1156 5575 referens
1175 5518 1289 5573 haec
1314 5518 1504 5575 ordine
1525 5520 1699 5591 jusso,

255 5612 420 5669 Jussa
451 5611 645 5679 refers,
676 5627 908 5685 agnosco
929 5613 1146 5683 quidem
1180 5613 1434 5668 mandata
1463 5613 1672 5680 relatis,

255 5704 568 5762 lmmortale
595 5705 759 5761 decus
788 5705 1038 5772 Domino,
1066 5720 1399 5778 regnumque
1428 5722 1664 5778 perenne

255 5797 362 5866 Qui
395 5799 524 5854 mihi
545 5800 801 5872 dignatur
827 5800 1070 5870 geminas
1100 5801 1358 5856 mandare
1383 5801 1605 5868 salutes,

256 5888 468 5960 Quique
495 5893 641 5950 dedit
665 5893 790 5949 vivo
818 5890 1011 5948 faciem
1036 5891 1358 5963 perfundere
1383 5893 1522 5960 rivo,

1947 5525 2329 5596 Vimineasque
2353 5525 2544 5581 domus
2571 5523 2844 5580 frondenti
2871 5520 3105 5592 tegmine
3127 5521 3328 5578 cessit:

1945 5617 2158 5686 Excipit
2180 5632 2245 5672 ac
2272 5618 2442 5672 nostri
2471 5617 2672 5688 scypho
2693 5614 2949 5670 libamina
2971 5614 3102 5680 voti,

1943 5709 2088 5764 Illius
2119 5709 2261 5764 haud
2287 5709 2510 5765 dubium
2540 5707 2696 5762 nobis
2733 5711 2999 5775 praecepta
3027 5704 3217 5760 tulisti.

1943 5801 2042 5866 Da,
2072 5799 2284 5866 dilecte,
2316 5814 2558 5862 manum,
2591 5811 2910 5867 mecumque
2949 5797 3052 5853 hac
3074 5806 3235 5853 nocte
3285 5796 3523 5867 quiesce,

1943 5893 2360 5961 Florentemque
2385 5890 2600 5944 domum
2621 5887 2732 5957 jam
2762 5903 2906 5942 nunc
2931 5886 3221 5943 fidissimus
3252 5888 3414 5950 intra,
