4044 6326
398 2256 403 2261 ·
505 2236 654 2299 Intra
686 2255 805 2311 quae
834 2241 1037 2309 saliens
1058 2240 1181 2299 fons
1207 2242 1365 2299 vivus
1388 2242 1644 2301 verberat
1667 2252 1837 2301 astra.

503 483 569 541 l9
1467 470 1771 531 AUDRADI
1811 466 2239 525 SENONENSIS
2277 467 2773 526 CHOREPISCOPI
3694 463 3773 522 90

500 596 677 665 Atque
703 592 897 647 sedens
924 589 1167 647 animum
1196 596 1441 644 recreato
1464 585 1767 643 salubribus
1793 582 1974 649 undis,
2109 582 2163 644 Α
2187 582 2419 637 Confero
2458 582 2624 638 multa
2648 581 2764 649 tibi,
2793 579 2945 649 nobis
2978 588 3031 634 tu
3058 594 3234 665 pauca
3267 577 3555 665 rependas,

502 686 671 744 Utere
696 686 778 742 vel
801 684 988 741 stratis
1014 699 1204 740 somno
1224 683 1328 740 sub
1358 689 1519 737 nocte
1554 679 1767 749 tapetis.
2193 673 2363 729 Unius
2384 681 2443 727 ut
2472 673 2601 746 ligni
2629 682 2821 745 tangas
2856 687 2923 727 ne
2952 670 3091 731 mala
3120 679 3413 739 memento,

500 780 706 835 Caetera
720 792 960 848 quaeque
982 776 1172 843 refers,
1197 790 1393 833 aurora
1424 780 1559 830 teste
1585 770 1870 827 lacessam.
2190 763 2327 819 Nam
2362 772 2415 820 te
2436 765 2502 820 de
2526 764 2655 820 limo
2680 764 2804 835 feci,
2825 764 3046 834 vitaque
3072 762 3272 841 replevi

504 871 620 928 Non
648 870 861 927 meritis
884 870 1102 941 indigna
1131 869 1239 927 tuis
1266 870 1360 923 tibi
1386 865 1556 938 gloria
1584 866 1774 922 crevit.
2192 856 2267 912 Ut
2296 871 2510 928 semper
2535 856 2709 923 vivas,
2733 856 2778 912 si
2805 872 2911 912 non
2942 854 3247 928 neglexeris
3274 853 3405 913 illud
3434 873 3447 909 :

504 964 702 1029 Tanta,
731 963 905 1018 bonus
933 961 1133 1035 hospes
1152 975 1310 1018 sacro
1340 960 1406 1014 de
1432 957 1581 1017 fonte
1607 956 1815 1021 bibisti,
2189 949 2257 1004 Et
2287 964 2498 1004 mecum
2523 964 2738 1019 regnes,
2762 948 2915 1004 senio
2943 962 3049 1002 non
3076 944 3282 1005 fractus
3307 946 3360 1000 in
3382 960 3577 1001 aevum.

504 1056 747 1125 Namque
765 1055 916 1111 vales
935 1056 1111 1123 doctis
1135 1067 1340 1124 agrum
1366 1065 1565 1117 sanare
1592 1049 1823 1125 loquelis
2190 1038 2343 1107 Quod
2366 1039 2414 1094 si
2434 1040 2498 1095 de
2518 1039 2685 1103 vetita
2714 1037 3017 1111 gustaveris
3041 1037 3235 1092 arbore
3265 1035 3488 1103 malum,

502 1148 581 1204 En
612 1149 835 1218 quaesita
856 1162 1071 1214 manus,
1102 1160 1207 1216 quo
1232 1145 1315 1201 vis
1340 1158 1713 1219 properemus,
1740 1140 1949 1199 amice?
2191 1129 2458 1187 Continuo
2482 1129 2725 1185 mortalis
2749 1130 2879 1195 eris,
2904 1130 3147 1200 captivus
3167 1139 3223 1183 et
3246 1126 3372 1194 ibis,

504 1238 617 1309 Nec
637 1238 898 1295 fraudabo
924 1247 1102 1307 torum
1127 1237 1408 1303 membris,
1436 1250 1537 1293 nec
1561 1235 1752 1309 pocula
1782 1232 1976 1289 labris-
2191 1222 2443 1294 l‘onsque
2474 1223 2571 1278 tibi
2600 1223 2727 1278 vitae
2757 1222 3040 1280 claudelur
3063 1236 3186 1277 cum
3218 1219 3491 1291 paradiso.

510 1331 658 1387 Illius
678 1339 940 1389 aeternum
968 1337 1189 1399 maneat
1215 1344 1315 1401 per
1347 1328 1543 1385 saecula
1578 1341 1773 1385 nomen
2191 1317 2327 1373 Nam
2356 1326 2407 1374 te
2428 1317 2519 1387 qui
2553 1325 2713 1374 terra:
2733 1317 3011 1373 dominum
3040 1314 3282 1372 concedo
3306 1328 3549 1401 manere,

506 1425 743 1496 Hospitis
766 1423 948 1490 electi,
979 1423 1071 1494 qui
1096 1437 1183 1479 me
1209 1400 1409 1478 direxit
1433 1421 1500 1479 ad
1531 1420 1733 1481 aulam.
2132 1490 2139 1499 .
2191 1411 2424 1467 Carcere
2445 1409 2831 1479 ﬂammlvomo,
2866 1409 3007 1465 tristi
3035 1424 3136 1465 nec
3160 1400 3385 1481 torqueb
3411 1406 3581 1485 fumo,

505 1512 611 1571 Sed
637 1530 759 1570 cum
789 1522 937 1571 tanta
966 1514 1064 1583 tibi
1088 1514 1260 1573 virtus
1285 1512 1578 1583 laudesque
1601 1518 1914 1577 manerent;
2192 1502 2588 1573 Horrisonique
2610 1501 2765 1559 canis
2788 1502 2996 1559 rabiem
3021 1517 3128 1559 non
3154 1516 3380 1567 cernere
3409 1514 3567 1573 cogo,

503 1605 669 1662 Miror
692 1622 793 1663 cur
817 1606 984 1663 tantis
1012 1605 1233 1671 voluisti
1256 1604 1489 1661 subdere
1519 1603 1699 1674 poenis
2193 1596 2303 1652 Nec
2328 1596 2431 1654 feci
2458 1597 2692 1669 gelidum
2722 1598 2965 1657 tenebris
2996 1597 3202 1655 sentire
3224 1595 3495 1661 dolorem,

502 1695 605 1760 Me,
632 1696 726 1767 qui
751 1695 825 1751 nil
847 1695 1027 1761 nocui,
1046 1695 1303 1771 juvenem
1330 1694 1425 1751 sed
1451 1709 1665 1769 semper
1690 1692 1887 1751 amavi.
2191 1687 2427 1743 Alterius
2446 1687 2620 1759 fugias
2646 1688 2850 1744 domini
2880 1687 3440 1759 succumberejussis.

504 1786 696 1841 Dicere
723 1785 769 1840 si
806 1785 989 1851 liceat,
1014 1784 1272 1856 placitum
1298 1785 1527 1856 culpabo
1551 1784 1819 1856 magistri.
2191 1779 2358 1850 Cujus
2387 1788 2661 1853 suggestu,
2689 1781 2891 1837 misero
2917 1781 2965 1837 si
2985 1780 3172 1836 riseris
3194 1790 3339 1846 actu,

506 1874 642 1929 Nam
671 1874 942 1945 quondam
966 1875 1194 1951 placidis
1214 1889 1442 1933 caneres
1467 1891 1590 1932 cum
1616 1874 1839 1935 vocibus
1856 1871 2006 1939 odas,
2116 1946 2158 1951 _
2193 1874 2339 1943 Quas
2370 1875 2530 1931 retuli
2551 1890 2739 1946 supra,
2763 1875 2961 1931 merito
2984 1874 3326 1931 succumbito
3352 1872 3548 1946 poenis.

505 1965 589 2022 Mc
614 1981 713 2021 ceu
741 1946 1023 2033 dilectum,
1056 1966 1332 2035 mulcebas
1361 1967 1605 2027 carmine
1627 1966 1720 2023 tali
1749 1980 1765 2019 :
2116 1946 2168 2008 Β

2254 1990 2427 2045 Homo
2447 2006 2668 2059 peccans
2691 1990 2882 2044 amittit
2902 1988 3001 2045 sibi
3026 1997 3075 2044 et
3096 1989 3316 2060 posteris
3345 1987 3545 2059 [autem
3580 1986 3725 2042 vita.

507 2056 740 2113 Consule
760 2057 1007 2129 festinus.
1031 2061 1283 2131 propriaz,
1313 2060 1526 2126 dilecte,
1553 2059 1735 2115 saluti.

508 2101 740 2201 .‘IZV'WW
760 2101 1007 2129 “’“’”””“’
1031 2101 1283 2163 ε”“’¹’”“”
1313 2101 1526 2163 “”’“”’“ἷ’
1554 2101 1735 2163 ῗ“³“’”’
2195 2106 2378 2162 Eheu!
2413 2104 2502 2174 qui
2533 2104 2695 2175 primi
2722 2103 2967 2160 recinam
2995 2118 3138 2159 nunc
3166 2102 3305 2159 facta
3331 2101 3577 2175 parentis

553 2164 583 2203 e
608 2164 825 2220 quoque
848 2150 1108 2221 paulatim
1129 2151 1443 2223 praecedens
1470 2151 1656 2217 limina
1675 2151 1934 2223 pandam,
2196 2197 2295 2223 nn,
2331 2196 2531 2223 mm,“
2554 2192 2822 2223 Μωλωη
2852 2193 2948 2223 nn,
3002 2196 3282 2223 “mnu”
3310 2192 3530 2223 unm“

2196 2197 2298 2265 Qui
2331 2196 2535 2267 sprevit
2554 2192 2825 2266 praecepta
2852 2193 2970 2260 Dei,
3002 2196 3283 2266 vitamque
3310 2192 3555 2265 reliquit,

2195 2289 2264 2344 Et
2291 2288 2481 2344 mortis
2504 2287 2723 2343 domino
2743 2288 3043 2345 consensit.
3065 2298 3123 2344 et
3150 2288 3338 2343 intulit
3362 2286 3480 2342 orbi

2195 2381 2370 2449 Atque
2389 2379 2505 2436 suis
2529 2379 2694 2445 natis,
2723 2380 2870 2435 omni
2899 2379 3179 2451 sobolique
3205 2378 3449 2453 sequenti

2196 2472 2341 2541 Quas
2370 2472 2569 2528 meruit
2594 2486 2802 2543 ptenas,
2835 2472 3053 2529 domino
3076 2482 3349 2527 mereatur
3378 2472 3581 2542 iniquo.

2195 2563 2297 2631 Qui
2313 2564 2465 2619 vetiti
2492 2563 2692 2618 malum
2728 2563 2857 2636 ligni
2882 2571 3201 2635 porrexerat
3226 2563 3372 2629 Evte,

2198 2656 2309 2710 Eva
2329 2656 2465 2717 viro,
2498 2664 2727 2712 mortem
2758 2656 3079 2727 cunctisque
3101 2655 3426 2725 sequacibus
3455 2654 3637 2710 ambo.

2200 2746 2292 2803 Sic
2317 2748 2481 2803 homo
2505 2763 2628 2803 cum
2651 2746 2845 2813 voluit,
2876 2749 3041 2803 vitam
3067 2762 3167 2820 pro
3196 2755 3370 2804 morte
3404 2746 3641 2818 reliquit.

2196 2839 2377 2911 Incipe
2400 2856 2542 2896 nunc
2570 2855 2782 2896 mecum
2809 2839 3047 2896 caelestis
3074 2839 3248 2912 gratia
3280 2855 3499 2895 carmen

2200 2932 2410 2990 Eterni
2436 2933 2626 2999 fontis,
2652 2933 2826 3005 cipbri
2855 2931 3151 3004 paschalis,
3180 2940 3236 2988 et
3259 2932 3426 2988 hom.

504 2327 659 2389 Ficta
684 2331 816 2389 ﬁdes
838 2334 1022 2407 placiti
1048 2335 1228 2407 rapuit
1253 2334 1480 2407 vestigia
1511 2336 1676 2407 pacti,

506 2423 877 2498 Condictoqne
904 2427 1023 2489 loco
1043 2429 1268 2487 veniens
1297 2429 1608 2500 incognitus
1637 2429 1832 2491 horror
1862 2446 1875 2481 :

506 2517 704 2589 Bisque
727 2528 1029 2593 quaterque
1054 2535 1256 2589 vocans
1286 2521 1657 2587 llincmarum,
1677 2522 1904 2577 vocibus
1928 2521 2089 2579 addo.

508 2606 802 2673 Hauribam
824 2625 1026 2671 vacuas
1053 2612 1245 2673 crebra
1269 2612 1339 2677 de
1369 2626 1501 2669 voce
1534 2611 1775 2685 loquelas

509 2700 676 2765 Aure,
700 2708 867 2772 tuque
898 2701 1060 2763 fidem
1088 2704 1300 2770 velans,
1325 2719 1583 2776 responsa
1605 2707 1862 2777 negabas.

508 2788 817 2848 Altitonans
842 2794 1017 2861 donec
1041 2810 1129 2855 me
1154 2795 1302 2855 misit
1322 2797 1568 2866 partibus
1592 2796 1734 2864 istis,

509 2883 824 2957 Cunctaque
856 2902 977 2959 qua:
1003 2888 1184 2959 retuli,
1214 2890 1397 2957 docuit
1414 2906 1669 2953 sermone
1699 2904 1944 2965 paterno.

509 2971 851 3041 Confortare,
877 2991 1093 3047 precor,
1122 2978 1287 3037 violet
1308 2996 1377 3039 ne
1402 2997 1535 3039 cura
1564 2986 1832 3055 quietem;

512 3062 596 3120 Sit
620 3065 717 3121 tibi
740 3046 889 3125 ηυηρ
903 3069 1142 3139 requies,
1180 3071 1356 3141 εροηο
1376 3071 1477 3131 sub
1498 3046 1676 3135 ηοέηε
1701 3046 1903 3145 opac'a,’
2360 3047 2442 3101 Ad
2467 3063 2619 3120 quem
2644 3055 2920 3103 revocatur
2941 3064 2974 3101 a
2996 3046 3105 3102 Deo
3130 3064 3225 3119 per
3250 3048 3630 3120 pmuitentwm.

511 3153 578 3208 Et
598 3155 845 3213 veniente
875 3156 963 3213 die
984 3156 1142 3214 dictis
1166 3175 1427 3235 responsa
1452 3163 1674 3235 parabo.
2203 3162 2309 3218 Sed
2346 3170 2526 3221 tamen
2568 3159 2924 3233 Omnipotens
2951 3175 3135 3219 rerum
3166 3160 3252 3229 cui
3288 3175 3496 3219 summa
3524 3168 3795 3232 potestas,

512 3244 717 3303 Pallida
740 3247 1025 3307 luciferum
1051 3254 1299 3322 sequitur
1317 3253 1429 3327 jam
1459 3255 1569 3315 ﬁlia
1592 3257 1746 3322 solis,
2123 3304 2167 3327 η
2200 3253 2372 3322 Quem
2401 3251 2529 3309 fecit
2551 3252 2829 3311 hominem
2858 3251 3050 3320 doluit,
3073 3251 3366 3311 miseratus
3384 3261 3442 3307 et
3471 3250 3641 3317 illum,

511 3337 557 3396 ο
580 3353 732 3395 meus
752 3304 1027 3411 Αιιατωιὲζ
1050 3304 1845 3420 is‘ﬁeé'éiéféeiiﬁa'infusa,
2122 3304 2167 3370 ε
2200 3304 2981 3413 ιῖάιὲἓὸέιὲζιὶιᾉὶιῶὲξέἱεὲιέᾷ
2990 3304 3427 3405 maca};

512 3431 558 3491 0
584 3436 887 3492 venerande
916 3437 1098 3507 nimis,
1124 3454 1317 3511 sanum
1348 3458 1437 3503 me
1461 3445 1670 3509 somnia
1704 3446 1955 3517 linquunt
2203 3438 2322 3507 Quo
2343 3434 2506 3508 fugis,
2537 3449 2571 3493 o
2596 3433 2802 3491 factura
2831 3434 2975 3493 mei?
3001 3449 3097 3504 per
3121 3435 3279 3495 devia
3300 3436 3450 3495 vallis

514 3522 794 3595 Principio
819 3524 979 3594 lucis,
1010 3529 1154 3603 pacti
1182 3530 1265 3587 vel
1294 3534 1556 3605 temporis
1579 3535 1736 3593 liora.
2203 3528 2405 3585 Tendis
2431 3528 2499 3583 ad
2525 3527 2734 3599 ignotas
2760 3536 2815 3583 et
2836 3526 2961 3583 caeci
2988 3528 3228 3585 carceris
3255 3528 3418 3587 aedes.

512 3616 717 3672 Perﬁce
742 3634 974 3690 namque
999 3637 1194 3692 precor
1218 3624 1446 3687 multum
1469 3627 1757 3687 laudabilis
1788 3630 2010 3699 hospes,
2204 3621 2647 3691 Sulphureasque
2681 3620 2889 3686 domos,
2919 3617 3164 3683 ﬂammas
3184 3620 3303 3679 sine
3340 3621 3447 3679 line
3489 3633 3793 3689 vomentes.

512 3706 713 3787 Pignus
742 3728 755 3762 :
787 3718 842 3765 et
860 3727 1100 3783 exponas
1127 3716 1352 3777 missum
1379 3733 1499 3773 cum
1524 3720 1766 3777 carmine
1789 3721 2013 3783 nodum.
2202 3715 2313 3771 Illic
2334 3731 2482 3773 mors
2505 3715 2727 3779 inimica
2750 3713 2946 3775 sedans
2975 3722 3064 3779 tua
3086 3713 3276 3773 funera
3304 3717 3502 3782 sarcit,

507 3797 690 3869 Incipe
708 3817 852 3859 nunc
881 3820 1093 3861 mecum
1117 3808 1357 3869 cmlestis
1382 3812 1557 3883 gratia
1588 3828 1812 3871 carmen
2204 3807 2377 3864 Obvia
2400 3805 2546 3862 mille
2574 3817 2665 3865 tuo
2693 3806 3027 3875 praemittens
3056 3806 3260 3876 spicula
3291 3807 3459 3863 cordi.

510 3888 721 3944 Aiterni
754 3889 934 3961 fontis,
960 3896 1133 3971 cipbri
1157 3897 1459 3966 Paschalis,
1485 3910 1541 3957 et
1563 3903 1732 3959 horte.

2204 3898 2405 3961 Flecte,
2445 3896 2634 3963 miser,
2663 3911 2905 3963 cursum,
2930 3895 3140 3966 quosol
3163 3898 3443 3967 consurgit
3470 3911 3573 3955 eoo
3605 3914 3617 3927 ·

511 3981 593 4035 Sit
618 3984 728 4055 regi
762 3985 991 4053 Domino
1013 3990 1205 4059 virtus,
1234 3991 1376 4061 laus,
1412 3993 1584 4064 gloria
1618 4012 1855 4067 semper,
2204 3988 2297 4042 Est
2319 3987 2411 4041 ubi
2440 3995 2626 4043 nostra
2652 3987 2864 4053 domus,
2888 3995 2945 4047 et
2958 3988 3066 4045 vivi
3101 3987 3262 4051 fontis
3290 3989 3461 4059 origo.

508 4071 655 4129 Illius
680 4083 736 4131 et
762 4076 955 4134 faciem
978 4083 1229 4153 precibus
1250 4099 1538 4157 poscamus
1564 4097 1809 4159 uterque,
2204 4084 2270 4139 Et
2292 4090 2498 4153 septem
2522 4081 2715 4152 palmae
2738 4079 2931 4145 faciem
2954 4081 3197 4141 salientis
3225 4082 3486 4139 amictant

512 4162 774 4223 Sensibus
794 4176 851 4223 ut
874 4172 1076 4228 nostris
1100 4175 1305 4244 aspiret
1318 4174 1467 4245 iussa
1495 4176 1675 4243 fateri,
2202 4175 2470 4230 Fceundae
2498 4172 2696 4239 frum-tt.
2731 4188 2961 4244 quarum
2988 4189 3096 4233 non
3126 4189 3285 4243 poma
3312 4180 3649 4244 Ρυιτθεωηιο

511 4256 612 4325 Qui
638 4260 735 4315 tibi
763 4261 1145 4333 diﬂ'errijussit
1177 4282 1271 4327 sua
1301 4270 1515 4341 pocula,
1546 4273 1719 4331 donec
1969 4286 1975 4291 ο
2204 4267 2516 4340 Temperies
2540 4267 2705 4334 veris,
2728 4266 2890 4325 tiores
2913 4277 2969 4323 et
2998 4268 3207 4327 roscida
3236 4267 3418 4334 mella,

514 4353 800 4413 Aiternum
826 4357 1051 4421 fatearis
1075 4378 1221 4431 eum,
1252 4366 1555 4437 credasque
1582 4367 1860 4440 colasque.
2202 4359 2271 4415 Et
2306 4361 2549 4417 miranda
2573 4376 2702 4419 suos
2727 4360 2980 4423 emittunt
3002 4360 3246 4430 gramina
3268 4359 3452 4425 ﬂores,

786 4493 897 4519 πη--
948 4495 1130 4519 ,ωηηη
1182 4506 1222 4519 Α,
1262 4498 1479 4519 μωμμ
1694 4500 1732 4519 η
1878 4503 1891 4516 ,
1934 4503 1956 4519 ,
2048 4505 2100 4519 ,η
2202 4467 2489 4509 Putcnrtus
2514 4467 2566 4509 ιιι
2592 4467 2704 4509 toto
2728 4468 2916 4509 verum
2944 4467 3019 4508 IIII
3044 4467 3453 4509 cerniturornc.

516 4488 592 4542 De
636 4493 897 4547 creatione
946 4495 1130 4549 mundi
1173 4498 1516 4574 etftominia,
1557 4500 1643 4554 cui
1685 4500 1824 4558 Deus
1870 4503 2102 4574 infundit
3526 4543 3734 4574 -..Μ-..ε

1207 4544 1516 4622 malim"
1557 4544 1641 4554 η’
1685 4544 1824 4558 ""v
1872 4544 2100 4574 ’”’¹”’“’”
2206 4544 3508 4617 Hucplansenslacrymansqneredi,veniamque
3524 4544 3789 4614 precaris,

2128 4669 2182 4731 Β
2208 4636 2275 4691 Ει
2302 4636 2441 4691 votis
2470 4647 2705 4705 exposce
2728 4633 2822 4688 tibi
2849 4632 2934 4702 pia
2958 4631 3147 4731 pocula
3172 4631 3356 4731 fontis,

2209 4727 2274 4781 Et
2304 4725 2478 4782 fructu
2508 4725 2701 4797 palmaa
2730 4723 2939 4796 peccati
2972 4721 3183 4778 vincula
3207 4721 3341 4779 solvi
3376 4746 3388 4776 ;

2209 4819 2450 4888 Namque
2480 4830 2585 4877 tua:
2610 4818 2824 4883 mortis,
2848 4828 2903 4873 tu
2934 4817 3186 4877 conscius
3210 4832 3333 4873 esse
3359 4816 3577 4875 videris.

2209 4913 2334 4967 Haec
2368 4912 2674 4971 celebrante
2706 4912 2815 4967 Deo
2841 4912 3093 4969 clementi
3121 4913 3361 4969 carmine
3391 4913 3575 4975 verba,

2210 5002 2401 5056 Infelix
2427 5003 2633 5067 oculos,
2665 5018 2908 5075 gressum
2933 5018 3035 5058 nec
3064 5003 3215 5059 flexit
3241 5004 3307 5058 ad
3339 5003 3511 5071 illum,

2209 5091 2315 5148 Sed
2339 5095 2532 5149 mortis
2558 5095 2833 5150 dominum
2858 5094 3043 5150 lethali
3072 5095 3218 5151 fonte
3247 5104 3486 5159 secutus,

2210 5186 2433 5257 Excepit
2458 5187 2647 5259 dignas
2674 5196 2825 5247 tanto
2846 5202 2946 5273 pro
2973 5188 3201 5243 crimine
3229 5202 3420 5257 pinnas

2210 5278 2392 5334 Hostis
2417 5288 2475 5334 ut
2504 5281 2721 5352 agnovit
2750 5280 2993 5335 revocari
3023 5280 3265 5335 carmine
3294 5280 3550 5341 vinctum,

2206 5372 2418 5427 Fraude
2438 5373 2590 5429 dolos
2614 5375 2778 5439 acuit,
2814 5375 3036 5446 figitque
3072 5374 3353 5430 cacumine
3378 5373 3563 5437 culmi,

2207 5463 2543 5523 Mortiferum
2570 5481 2790 5541 pomum
2819 5467 2999 5537 nexit,
3030 5464 3346 5537 calamoque
3375 5465 3666 5533 draconem

520 5536 850 5612 Prwceptttm
874 5562 906 5600 a
926 5545 1040 5637 Deo
1056 5550 1272 5637 homini.
1285 5551 1455 5637 primo
1476 5553 1800 5637 impositum,
1828 5555 1924 5612 sub
1948 5571 2099 5629 paena
2209 5556 2432 5625 Extulit,
2466 5567 2521 5615 et
2546 5536 2698 5631 virga
2722 5559 2933 5629 signum
2964 5536 3125 5627 pomo
3154 5556 3483 5627 colubroque

997 5622 1451 5693 αηιδηθπιίδΐοηιῖδ
1480 5622 1614 5680 νέην·
1786 5622 1793 5624 ﬁ
1948 5622 1961 5629 ’
2210 5651 2348 5705 Ante
2372 5622 2582 5722 patrem
2605 5622 2809 5723 prolem
2837 5622 2987 5705 suam
3023 5667 3037 5703 :
3065 5665 3168 5705 ron
3194 5622 3375 5711 intulit
3399 5622 3509 5707 illis

512 5724 755 5799 Quaque
779 5742 1065 5789 moventur
1094 5735 1147 5791 in
1176 5738 1309 5794 orbe
1334 5755 1492 5805 novo,
1520 5739 1874 5815 frondemque
1901 5743 2102 5803 virent-
2210 5742 2348 5805 Vim,
2378 5743 2520 5813 quoi
2553 5752 2745 5813 sponte
2772 5756 2867 5797 sua
2890 5740 3068 5797 cuncti
3092 5741 3302 5815 periere
3328 5748 3632 5815 sequentes.

513 5815 711 5876 Omnia
739 5824 896 5881 trado
920 5825 1038 5893 tibi,
1076 5829 1323 5885 mihimet
1352 5839 1407 5886 tu
1431 5831 1676 5887 subditus
1707 5841 1825 5889 esto
1853 5853 1865 5889 :
1933 5833 2095 5911 [que;
2211 5834 2301 5889 Sic
2338 5835 2508 5889 victor
2530 5847 2778 5911 serpens,
2809 5833 3074 5891 victorum
3103 5834 3254 5904 signa
3289 5832 3503 5897 levavit,

514 5912 604 5968 Illa
637 5914 742 5972 tuis
766 5917 968 5988 vivant,
995 5922 1199 5978 nostris
1234 5931 1289 5976 tu
1321 5924 1740 5994 conditejnssis.
2210 5928 2276 5984 Et
2313 5926 2413 5983 sibi
2451 5943 2548 5995 per
2574 5916 2817 5993 campos,
2847 5928 3116 5997 urbesque
3154 5928 3451 5994 domosque
3492 5925 3680 5985 oetivit

512 4671 694 4744 Incipe
715 4691 858 4731 nunc
884 4692 1093 4733 mecum
1122 4681 1361 4739 ccclesiis
1383 4686 1556 4755 gratia
1579 4702 1799 4745 carmen

516 4764 726 4822 literni
748 4766 935 4835 fontis,
958 4771 1128 4842 cipbri
1156 4776 1430 4844 paschalis
1454 4786 1510 4833 et
1532 4779 1700 4835 horae.

516 4854 643 4911 Vult
666 4860 867 4915 etenim
894 4862 1046 4928 sciri,
1078 4867 1261 4920 mundi
1295 4868 1387 4937 qui
1412 4878 1652 4942 tempora
1678 4872 1850 4939 ducit,

515 4946 768 5015 Pontum,
796 4950 1169 5024 telluremque,
1198 4957 1457 5030 polusque
1486 4963 1712 5027 creavit,
1746 4972 1799 5016 rt
1826 4962 1933 5019 illis

513 5035 645 5097 Ere
673 5040 854 5099 subtili
880 5040 1110 5099 formam
1138 5048 1484 5120 speciemque
1512 5051 1743 5116 reducit,

516 5131 695 5186 Astris
718 5134 806 5203 qui
829 5136 1016 5201 caelos,
1048 5140 1213 5195 variis
1241 5142 1566 5205 animalibus
1591 5161 1741 5209 arva,

518 5225 557 5279 E
586 5242 751 5300 grege
798 5247 1145 5301 squammoso
1174 5234 1385 5303 ﬂuvios,
1414 5238 1803 5313 volucrumque
1844 5254 2102 5313 perornat

517 5320 680 5385 Aera,
720 5332 845 5391 post
872 5326 1145 5382 hominem
1180 5329 1308 5385 fecit
1332 5333 1543 5389 ratione
1566 5344 1867 5404 repertum,

520 5407 741 5467 Talibus
761 5421 819 5468 et
843 5413 1004 5471 dictis
1029 5416 1224 5474 eﬂ'atur
1251 5422 1502 5479 conditor
1525 5423 1696 5479 illum.
