  <div class='ocr_page' id='page_1' title='image "/cluster/home/n/w/nwhite01/storage/ocr_20150623/115/hvd.32044015466873/016.png"; bbox 0 0 4044 6326; ppageno 0'>
   <div class='ocr_carea' id='block_1_1' title="bbox 277 455 3534 520">
    <p class='ocr_par' dir='ltr' id='par_1_1' title="bbox 277 455 3534 520">
     <span class='ocr_line' id='line_1_1' title="bbox 277 455 3534 520; baseline -0.003 -2"><span class='ocrx_word' id='word_1_1' title='bbox 277 463 342 520; x_wconf 70' lang='grc'><strong>21</strong></span> <span class='ocrx_word' id='word_1_2' title='bbox 1539 456 1666 512; x_wconf 86' lang='lat' dir='ltr'><strong>LIB.</strong></span> <span class='ocrx_word' id='word_1_3' title='bbox 1705 457 1792 512; x_wconf 63' lang='lat' dir='ltr'><strong>Dis</strong></span> <span class='ocrx_word' id='word_1_4' title='bbox 1827 457 2053 512; x_wconf 69' lang='lat' dir='ltr'><strong>FUNI&#39;h</strong></span> <span class='ocrx_word' id='word_1_5' title='bbox 2093 457 2293 508; x_wconf 64' lang='lat' dir='ltr'><strong>mm.</strong></span> <span class='ocrx_word' id='word_1_6' title='bbox 3463 455 3534 508; x_wconf 59' lang='grc' dir='ltr'><strong>εἰ</strong></span> 
     </span>
    </p>
   </div>
   <div class='ocr_carea' id='block_1_2' title="bbox 281 567 3386 648">
    <p class='ocr_par' dir='ltr' id='par_1_2' title="bbox 281 567 3386 648">
     <span class='ocr_line' id='line_1_2' title="bbox 281 567 3386 648; baseline -0.002 -16"><span class='ocrx_word' id='word_1_7' title='bbox 281 575 350 632; x_wconf 84' lang='lat' dir='ltr'><strong>Et</strong></span> <span class='ocrx_word' id='word_1_8' title='bbox 373 591 621 644; x_wconf 79' lang='lat' dir='ltr'><strong>nemora,</strong></span> <span class='ocrx_word' id='word_1_9' title='bbox 647 575 818 648; x_wconf 80' lang='lat' dir='ltr'><strong>scalpi</strong></span> <span class='ocrx_word' id='word_1_10' title='bbox 849 573 1462 644; x_wconf 69' lang='lat' dir='ltr'><strong>simulacra,~Deumque</strong></span> <span class='ocrx_word' id='word_1_11' title='bbox 1483 571 1692 644; x_wconf 90' lang='lat' dir='ltr'><strong>precari</strong></span> <span class='ocrx_word' id='word_1_12' title='bbox 1885 571 1936 632; x_wconf 80' lang='grc' dir='ltr'><strong>Α</strong></span> <span class='ocrx_word' id='word_1_13' title='bbox 1961 567 2184 640; x_wconf 86' lang='lat' dir='ltr'><strong>Insuper</strong></span> <span class='ocrx_word' id='word_1_14' title='bbox 2211 577 2268 624; x_wconf 89' lang='lat' dir='ltr'><strong>et</strong></span> <span class='ocrx_word' id='word_1_15' title='bbox 2291 571 2508 640; x_wconf 87' lang='lat' dir='ltr'><strong>proprio</strong></span> <span class='ocrx_word' id='word_1_16' title='bbox 2531 567 2796 640; x_wconf 78' lang='lat' dir='ltr'><strong>complevi</strong></span> <span class='ocrx_word' id='word_1_17' title='bbox 2823 569 3076 642; x_wconf 88' lang='lat' dir='ltr'><strong>dogmate</strong></span> <span class='ocrx_word' id='word_1_18' title='bbox 3105 572 3386 628; x_wconf 86' lang='lat' dir='ltr'><strong>mundum.</strong></span> 
     </span>
    </p>
   </div>
   <div class='ocr_carea' id='block_1_3' title="bbox 283 661 3286 742">
    <p class='ocr_par' dir='ltr' id='par_1_3' title="bbox 283 661 3286 742">
     <span class='ocr_line' id='line_1_3' title="bbox 283 661 3286 742; baseline -0.001 -18"><span class='ocrx_word' id='word_1_19' title='bbox 283 669 354 724; x_wconf 90' lang='lat' dir='ltr'><strong>Se</strong></span> <span class='ocrx_word' id='word_1_20' title='bbox 377 669 564 740; x_wconf 88' lang='lat' dir='ltr'><strong>jussit,</strong></span> <span class='ocrx_word' id='word_1_21' title='bbox 593 668 984 740; x_wconf 82' lang='lat' dir='ltr'><strong>hominumque</strong></span> <span class='ocrx_word' id='word_1_22' title='bbox 1011 683 1180 742; x_wconf 88' lang='lat' dir='ltr'><strong>genus</strong></span> <span class='ocrx_word' id='word_1_23' title='bbox 1201 667 1306 722; x_wconf 89' lang='lat' dir='ltr'><strong>sibi</strong></span> <span class='ocrx_word' id='word_1_24' title='bbox 1331 663 1572 722; x_wconf 87' lang='lat' dir='ltr'><strong>subdidit</strong></span> <span class='ocrx_word' id='word_1_25' title='bbox 1601 678 1782 722; x_wconf 88' lang='lat' dir='ltr'><strong>omne.</strong></span> <span class='ocrx_word' id='word_1_26' title='bbox 1959 661 2042 716; x_wconf 88' lang='lat' dir='ltr'><strong>Me</strong></span> <span class='ocrx_word' id='word_1_27' title='bbox 2077 663 2192 718; x_wconf 87' lang='lat' dir='ltr'><strong>sine</strong></span> <span class='ocrx_word' id='word_1_28' title='bbox 2221 679 2320 718; x_wconf 88' lang='lat' dir='ltr'><strong>nec</strong></span> <span class='ocrx_word' id='word_1_29' title='bbox 2349 663 2550 734; x_wconf 85' lang='lat' dir='ltr'><strong>prolem</strong></span> <span class='ocrx_word' id='word_1_30' title='bbox 2575 671 2774 722; x_wconf 78' lang='lat' dir='ltr'><strong>matres</strong></span> <span class='ocrx_word' id='word_1_31' title='bbox 2799 681 3035 736; x_wconf 76' lang='lat' dir='ltr'><strong>genuere</strong></span> <span class='ocrx_word' id='word_1_32' title='bbox 3057 667 3286 732; x_wconf 87' lang='lat' dir='ltr'><strong>maritis,</strong></span> 
     </span>
    </p>
   </div>
   <div class='ocr_carea' id='block_1_4' title="bbox 279 753 1876 846">
    <p class='ocr_par' dir='ltr' id='par_1_4' title="bbox 279 773 1858 846">
     <span class='ocr_line' id='line_1_4' title="bbox 279 773 1858 846; baseline -0.001 -16"><span class='ocrx_word' id='word_1_33' title='bbox 279 775 442 830; x_wconf 73' lang='lat' dir='ltr'><strong>Mittit</strong></span> <span class='ocrx_word' id='word_1_34' title='bbox 469 777 614 832; x_wconf 72' lang='lat' dir='ltr'><strong>Deus</strong></span> <span class='ocrx_word' id='word_1_35' title='bbox 654 777 726 832; x_wconf 82' lang='lat' dir='ltr'><strong>ad</strong></span> <span class='ocrx_word' id='word_1_36' title='bbox 763 777 1120 832; x_wconf 68' lang='lat' dir='ltr'><strong>revocandum“</strong></span> <span class='ocrx_word' id='word_1_37' title='bbox 1147 777 1422 832; x_wconf 73' lang='lat' dir='ltr'><strong>hominem</strong></span> <span class='ocrx_word' id='word_1_38' title='bbox 1441 777 1734 846; x_wconf 73' lang='lat' dir='ltr'><strong>prophetas,</strong></span> <span class='ocrx_word' id='word_1_39' title='bbox 1769 773 1858 846; x_wconf 85' lang='lat' dir='ltr'><strong>qui</strong></span> 
     </span>
    </p>
   </div>
   <div class='ocr_carea' id='block_1_5' title="bbox 1791 753 3388 846">
    <p class='ocr_par' dir='ltr' id='par_1_5' title="bbox 1791 753 3388 846">
     <span class='ocr_line' id='line_1_5' title="bbox 1791 753 3388 846; baseline 0.003 -34"><span class='ocrx_word' id='word_1_40' title='bbox 1791 773 1858 841; x_wconf 57' lang='grc' dir='ltr'><strong><em>με</em></strong></span> <span class='ocrx_word' id='word_1_41' title='bbox 1963 753 2042 846; x_wconf 65' lang='lat' dir='ltr'><strong>lix</strong></span> <span class='ocrx_word' id='word_1_42' title='bbox 2079 771 2188 826; x_wconf 89' lang='lat' dir='ltr'><strong>quo</strong></span> <span class='ocrx_word' id='word_1_43' title='bbox 2215 765 2402 812; x_wconf 87' lang='lat' dir='ltr'><strong>nostra</strong></span> <span class='ocrx_word' id='word_1_44' title='bbox 2431 757 2619 814; x_wconf 84' lang='lat' dir='ltr'><strong>volens</strong></span> <span class='ocrx_word' id='word_1_45' title='bbox 2645 759 2816 814; x_wconf 85' lang='lat' dir='ltr'><strong>Adam</strong></span> <span class='ocrx_word' id='word_1_46' title='bbox 2843 767 3118 830; x_wconf 67' lang='lat' dir='ltr'><strong>praecepta</strong></span> <span class='ocrx_word' id='word_1_47' title='bbox 3147 767 3388 827; x_wconf 82' lang='lat' dir='ltr'><strong>secutus,</strong></span> 
     </span>
    </p>
   </div>
   <div class='ocr_carea' id='block_1_6' title="bbox 727 845 3294 922">
    <p class='ocr_par' dir='ltr' id='par_1_6' title="bbox 727 845 3294 922">
     <span class='ocr_line' id='line_1_6' title="bbox 727 845 3294 922; baseline 0.002 -20"><span class='ocrx_word' id='word_1_48' title='bbox 727 847 858 904; x_wconf 76' lang='lat' dir='ltr'><strong>nihil</strong></span> <span class='ocrx_word' id='word_1_49' title='bbox 889 859 1102 918; x_wconf 72' lang='lat' dir='ltr'><strong>possunt</strong></span> <span class='ocrx_word' id='word_1_50' title='bbox 1133 847 1190 902; x_wconf 79' lang='lat' dir='ltr'><strong>iu</strong></span> <span class='ocrx_word' id='word_1_51' title='bbox 1217 849 1316 904; x_wconf 68' lang='lat' dir='ltr'><strong>truc</strong></span> <span class='ocrx_word' id='word_1_52' title='bbox 1343 845 1449 902; x_wconf 28' lang='lat' dir='ltr'><strong>re.’</strong></span> <span class='ocrx_word' id='word_1_53' title='bbox 1537 845 1543 846; x_wconf 14' lang='lat'><em>7</em></span> <span class='ocrx_word' id='word_1_54' title='bbox 1781 845 1789 846; x_wconf 16' lang='lat'><em>7</em></span> <span class='ocrx_word' id='word_1_55' title='bbox 1959 845 2138 916; x_wconf 87' lang='lat' dir='ltr'><strong>Seque</strong></span> <span class='ocrx_word' id='word_1_56' title='bbox 2159 861 2392 918; x_wconf 88' lang='lat' dir='ltr'><strong>suosque</strong></span> <span class='ocrx_word' id='word_1_57' title='bbox 2415 847 2562 904; x_wconf 91' lang='lat' dir='ltr'><strong>dedit</strong></span> <span class='ocrx_word' id='word_1_58' title='bbox 2583 849 2740 906; x_wconf 89' lang='lat' dir='ltr'><strong>nobis</strong></span> <span class='ocrx_word' id='word_1_59' title='bbox 2771 849 2974 906; x_wconf 80' lang='lat' dir='ltr'><strong>servire</strong></span> <span class='ocrx_word' id='word_1_60' title='bbox 3003 861 3294 922; x_wconf 86' lang='lat' dir='ltr'><strong>parentes:</strong></span> 
     </span>
    </p>
   </div>
   <div class='ocr_carea' id='block_1_7' title="bbox 275 937 1872 1034">
    <p class='ocr_par' dir='ltr' id='par_1_7' title="bbox 275 961 1580 1034">
     <span class='ocr_line' id='line_1_7' title="bbox 275 961 1580 1034; baseline 0 -18"><span class='ocrx_word' id='word_1_61' title='bbox 275 961 460 1032; x_wconf 83' lang='lat' dir='ltr'><strong>incipe</strong></span> <span class='ocrx_word' id='word_1_62' title='bbox 489 977 634 1018; x_wconf 90' lang='lat' dir='ltr'><strong>nunc</strong></span> <span class='ocrx_word' id='word_1_63' title='bbox 657 975 872 1018; x_wconf 87' lang='lat' dir='ltr'><strong>mecum</strong></span> <span class='ocrx_word' id='word_1_64' title='bbox 895 961 1134 1018; x_wconf 68' lang='lat' dir='ltr'><strong>caelestis</strong></span> <span class='ocrx_word' id='word_1_65' title='bbox 1161 961 1334 1034; x_wconf 88' lang='lat' dir='ltr'><strong>gratia</strong></span> <span class='ocrx_word' id='word_1_66' title='bbox 1359 977 1580 1018; x_wconf 88' lang='lat' dir='ltr'><strong>carmen</strong></span> 
     </span>
    </p>
   </div>
   <div class='ocr_carea' id='block_1_8' title="bbox 1668 937 3265 1034">
    <p class='ocr_par' dir='ltr' id='par_1_8' title="bbox 1955 937 3265 1012">
     <span class='ocr_line' id='line_1_8' title="bbox 1955 937 3265 1012; baseline 0.006 -20"><span class='ocrx_word' id='word_1_67' title='bbox 1955 937 2190 1010; x_wconf 76' lang='lat' dir='ltr'><strong>Legibus</strong></span> <span class='ocrx_word' id='word_1_68' title='bbox 2221 939 2306 994; x_wconf 77' lang='lat' dir='ltr'><strong>his</strong></span> <span class='ocrx_word' id='word_1_69' title='bbox 2337 942 2508 998; x_wconf 90' lang='lat' dir='ltr'><strong>donec</strong></span> <span class='ocrx_word' id='word_1_70' title='bbox 2535 951 2692 1010; x_wconf 86' lang='lat' dir='ltr'><strong>pacto</strong></span> <span class='ocrx_word' id='word_1_71' title='bbox 2713 959 2819 1012; x_wconf 88' lang='lat' dir='ltr'><strong>quo</strong></span> <span class='ocrx_word' id='word_1_72' title='bbox 2843 944 3028 1000; x_wconf 90' lang='lat' dir='ltr'><strong>nescia</strong></span> <span class='ocrx_word' id='word_1_73' title='bbox 3055 942 3265 1008; x_wconf 86' lang='lat' dir='ltr'><strong>fractis,</strong></span> 
     </span>
    </p>
   </div>
   <div class='ocr_carea' id='block_1_9' title="bbox 275 1029 3254 1124">
    <p class='ocr_par' dir='ltr' id='par_1_9' title="bbox 275 1029 3254 1124">
     <span class='ocr_line' id='line_1_9' title="bbox 275 1029 3254 1124; baseline -0.001 -16"><span class='ocrx_word' id='word_1_74' title='bbox 275 1029 496 1114; x_wconf 54' lang='lat' dir='ltr'><strong>[literni</strong></span> <span class='ocrx_word' id='word_1_75' title='bbox 527 1051 712 1118; x_wconf 88' lang='lat' dir='ltr'><strong>fontis,</strong></span> <span class='ocrx_word' id='word_1_76' title='bbox 743 1053 918 1122; x_wconf 85' lang='lat' dir='ltr'><strong>ciphri</strong></span> <span class='ocrx_word' id='word_1_77' title='bbox 949 1029 1235 1124; x_wconf 72' lang='lat' dir='ltr'><strong>paschalis,</strong></span> <span class='ocrx_word' id='word_1_78' title='bbox 1265 1061 1320 1108; x_wconf 90' lang='lat' dir='ltr'><strong>et</strong></span> <span class='ocrx_word' id='word_1_79' title='bbox 1345 1053 1509 1106; x_wconf 77' lang='lat' dir='ltr'><strong>horae.</strong></span> <span class='ocrx_word' id='word_1_80' title='bbox 1955 1029 2162 1124; x_wconf 46' lang='lat' dir='ltr'><strong>iram“</strong></span> <span class='ocrx_word' id='word_1_81' title='bbox 2183 1031 2236 1084; x_wconf 64' lang='grc' dir='ltr'><strong>⁵η</strong></span> <span class='ocrx_word' id='word_1_82' title='bbox 2251 1029 2382 1124; x_wconf 50' lang='grc' dir='ltr'><strong>οΓῙᾏῖ</strong></span> <span class='ocrx_word' id='word_1_83' title='bbox 2407 1045 2560 1100; x_wconf 63' lang='lat' dir='ltr'><strong>Puer:</strong></span> <span class='ocrx_word' id='word_1_84' title='bbox 2587 1031 2784 1088; x_wconf 69' lang='grc' dir='ltr'><strong>ηυίίίυδ</strong></span> <span class='ocrx_word' id='word_1_85' title='bbox 2803 1033 3053 1124; x_wconf 46' lang='lat' dir='ltr'><strong>criminis</strong></span> <span class='ocrx_word' id='word_1_86' title='bbox 3078 1036 3254 1090; x_wconf 65' lang='grc' dir='ltr'><strong>Ῑιαπεε</strong></span> 
     </span>
    </p>
   </div>
   <div class='ocr_carea' id='block_1_10' title="bbox 277 1119 3278 1202">
    <p class='ocr_par' dir='ltr' id='par_1_10' title="bbox 277 1119 3278 1202">
     <span class='ocr_line' id='line_1_10' title="bbox 277 1119 3278 1202; baseline 0.001 -26"><span class='ocrx_word' id='word_1_87' title='bbox 277 1143 388 1200; x_wconf 72' lang='lat' dir='ltr'><strong>sed</strong></span> <span class='ocrx_word' id='word_1_88' title='bbox 411 1145 554 1200; x_wconf 68' lang='lat' dir='ltr'><strong>Deus</strong></span> <span class='ocrx_word' id='word_1_89' title='bbox 579 1119 816 1200; x_wconf 41' lang='lat' dir='ltr'><strong>manus},</strong></span> <span class='ocrx_word' id='word_1_90' title='bbox 843 1119 1118 1200; x_wconf 46' lang='lat' dir='ltr'><strong>hoﬁnem</strong></span> <span class='ocrx_word' id='word_1_91' title='bbox 1147 1145 1338 1201; x_wconf 55' lang='grc' dir='ltr'><strong>εωνετθ</strong></span> <span class='ocrx_word' id='word_1_92' title='bbox 1373 1145 1593 1202; x_wconf 56' lang='grc' dir='ltr'><strong>,πρωιιο</strong></span> <span class='ocrx_word' id='word_1_93' title='bbox 1955 1119 2144 1184; x_wconf 84' lang='lat' dir='ltr'><strong>intrat,</strong></span> <span class='ocrx_word' id='word_1_94' title='bbox 2173 1131 2228 1176; x_wconf 91' lang='lat' dir='ltr'><strong>et</strong></span> <span class='ocrx_word' id='word_1_95' title='bbox 2251 1121 2502 1192; x_wconf 83' lang='lat' dir='ltr'><strong>antiquas</strong></span> <span class='ocrx_word' id='word_1_96' title='bbox 2525 1124 2807 1192; x_wconf 70' lang='lat' dir='ltr'><strong>praesumit</strong></span> <span class='ocrx_word' id='word_1_97' title='bbox 2835 1123 3084 1197; x_wconf 73' lang='lat' dir='ltr'><strong>frangere</strong></span> <span class='ocrx_word' id='word_1_98' title='bbox 3113 1125 3278 1196; x_wconf 82' lang='lat' dir='ltr'><strong>leges.</strong></span> 
     </span>
    </p>
   </div>
   <div class='ocr_carea' id='block_1_11' title="bbox 273 1217 3531 1308">
    <p class='ocr_par' dir='ltr' id='par_1_11' title="bbox 273 1217 3531 1308">
     <span class='ocr_line' id='line_1_11' title="bbox 273 1217 3531 1308; baseline 0.001 -38"><span class='ocrx_word' id='word_1_99' title='bbox 273 1233 531 1301; x_wconf 51' lang='lat' dir='ltr'><strong>Indoluit,</strong></span> <span class='ocrx_word' id='word_1_100' title='bbox 565 1235 834 1308; x_wconf 44' lang='lat' dir='ltr'><strong>“egitque</strong></span> <span class='ocrx_word' id='word_1_101' title='bbox 853 1235 1022 1304; x_wconf 48' lang='lat' dir='ltr'><strong>viros,</strong></span> <span class='ocrx_word' id='word_1_102' title='bbox 1053 1251 1188 1306; x_wconf 66' lang='lat' dir='ltr'><strong>quos</strong></span> <span class='ocrx_word' id='word_1_103' title='bbox 1217 1251 1338 1292; x_wconf 68' lang='lat' dir='ltr'><strong>esse</strong></span> <span class='ocrx_word' id='word_1_104' title='bbox 1357 1235 1648 1307; x_wconf 53' lang='lat' dir='ltr'><strong>prophetas</strong></span> <span class='ocrx_word' id='word_1_105' title='bbox 1961 1217 2092 1270; x_wconf 89' lang='lat' dir='ltr'><strong>Dum</strong></span> <span class='ocrx_word' id='word_1_106' title='bbox 2117 1217 2250 1272; x_wconf 88' lang='lat' dir='ltr'><strong>mihi</strong></span> <span class='ocrx_word' id='word_1_107' title='bbox 2273 1221 2626 1286; x_wconf 81' lang='lat' dir='ltr'><strong>prostratum,</strong></span> <span class='ocrx_word' id='word_1_108' title='bbox 2655 1220 2850 1288; x_wconf 62' lang='lat' dir='ltr'><strong>quaerit</strong></span> <span class='ocrx_word' id='word_1_109' title='bbox 2875 1221 2976 1276; x_wconf 86' lang='lat' dir='ltr'><strong>sibi</strong></span> <span class='ocrx_word' id='word_1_110' title='bbox 3007 1235 3230 1292; x_wconf 84' lang='lat' dir='ltr'><strong>surgere</strong></span> <span class='ocrx_word' id='word_1_111' title='bbox 3253 1220 3531 1286; x_wconf 87' lang='lat' dir='ltr'><strong>mundum,</strong></span> 
     </span>
    </p>
   </div>
   <div class='ocr_carea' id='block_1_12' title="bbox 275 1309 3464 1396">
    <p class='ocr_par' dir='ltr' id='par_1_12' title="bbox 275 1309 3464 1396">
     <span class='ocr_line' id='line_1_12' title="bbox 275 1309 3464 1396; baseline 0 -16"><span class='ocrx_word' id='word_1_112' title='bbox 275 1323 466 1390; x_wconf 69' lang='lat' dir='ltr'><strong>Iussit,</strong></span> <span class='ocrx_word' id='word_1_113' title='bbox 487 1333 544 1380; x_wconf 89' lang='lat' dir='ltr'><strong>et</strong></span> <span class='ocrx_word' id='word_1_114' title='bbox 572 1333 850 1380; x_wconf 84' lang='lat' dir='ltr'><strong>errantem</strong></span> <span class='ocrx_word' id='word_1_115' title='bbox 879 1327 1062 1381; x_wconf 84' lang='lat' dir='ltr'><strong>docuit</strong></span> <span class='ocrx_word' id='word_1_116' title='bbox 1091 1341 1348 1382; x_wconf 86' lang='lat' dir='ltr'><strong>revocare</strong></span> <span class='ocrx_word' id='word_1_117' title='bbox 1379 1333 1674 1396; x_wconf 86' lang='lat' dir='ltr'><strong>parentem.</strong></span> <span class='ocrx_word' id='word_1_118' title='bbox 1957 1309 2110 1364; x_wconf 68' lang='lat' dir='ltr'><strong>nunc</strong></span> <span class='ocrx_word' id='word_1_119' title='bbox 2135 1325 2236 1380; x_wconf 72' lang='lat' dir='ltr'><strong>ego</strong></span> <span class='ocrx_word' id='word_1_120' title='bbox 2265 1319 2348 1364; x_wconf 70' lang='grc' dir='ltr'><strong>ῑθι·</strong></span> <span class='ocrx_word' id='word_1_121' title='bbox 2379 1317 2594 1368; x_wconf 54' lang='lat' dir='ltr'><strong>tenuius</strong></span> <span class='ocrx_word' id='word_1_122' title='bbox 2621 1311 2892 1366; x_wconf 70' lang='lat' dir='ltr'><strong>hominem</strong></span> <span class='ocrx_word' id='word_1_123' title='bbox 2919 1327 3244 1384; x_wconf 71' lang='grc' dir='ltr'><strong>οοεηυεοθνθ</strong></span> <span class='ocrx_word' id='word_1_124' title='bbox 3271 1327 3464 1381; x_wconf 69' lang='lat' dir='ltr'><strong>Durum</strong></span> 
     </span>
    </p>
   </div>
   <div class='ocr_carea' id='block_1_13' title="bbox 277 1401 1874 1484">
    <p class='ocr_par' dir='ltr' id='par_1_13' title="bbox 277 1413 1674 1484">
     <span class='ocr_line' id='line_1_13' title="bbox 277 1413 1674 1484; baseline -0.001 -14"><span class='ocrx_word' id='word_1_125' title='bbox 277 1415 342 1470; x_wconf 81' lang='lat' dir='ltr'><strong>Hi</strong></span> <span class='ocrx_word' id='word_1_126' title='bbox 369 1415 580 1470; x_wconf 88' lang='lat' dir='ltr'><strong>Domini</strong></span> <span class='ocrx_word' id='word_1_127' title='bbox 611 1415 794 1470; x_wconf 80' lang='lat' dir='ltr'><strong>videre</strong></span> <span class='ocrx_word' id='word_1_128' title='bbox 813 1415 1054 1482; x_wconf 88' lang='lat' dir='ltr'><strong>domum,</strong></span> <span class='ocrx_word' id='word_1_129' title='bbox 1085 1416 1398 1484; x_wconf 80' lang='lat' dir='ltr'><strong>fontemque</strong></span> <span class='ocrx_word' id='word_1_130' title='bbox 1419 1413 1674 1470; x_wconf 87' lang='lat' dir='ltr'><strong>biberunt</strong></span> 
     </span>
    </p>
   </div>
   <div class='ocr_carea' id='block_1_14' title="bbox 1790 1401 3387 1484">
    <p class='ocr_par' dir='ltr' id='par_1_14' title="bbox 1959 1401 3387 1473">
     <span class='ocr_line' id='line_1_14' title="bbox 1959 1401 3387 1473; baseline 0 -17"><span class='ocrx_word' id='word_1_131' title='bbox 1959 1401 2086 1456; x_wconf 78' lang='lat' dir='ltr'><strong>Arte</strong></span> <span class='ocrx_word' id='word_1_132' title='bbox 2125 1417 2244 1456; x_wconf 87' lang='lat' dir='ltr'><strong>mea</strong></span> <span class='ocrx_word' id='word_1_133' title='bbox 2273 1401 2448 1468; x_wconf 84' lang='lat' dir='ltr'><strong>volui;</strong></span> <span class='ocrx_word' id='word_1_134' title='bbox 2479 1403 2582 1456; x_wconf 89' lang='lat' dir='ltr'><strong>heu</strong></span> <span class='ocrx_word' id='word_1_135' title='bbox 2609 1402 2796 1472; x_wconf 83' lang='lat' dir='ltr'><strong>pulsus</strong></span> <span class='ocrx_word' id='word_1_136' title='bbox 2815 1403 3122 1473; x_wconf 89' lang='lat' dir='ltr'><strong>dubiusque</strong></span> <span class='ocrx_word' id='word_1_137' title='bbox 3149 1403 3387 1459; x_wconf 84' lang='lat' dir='ltr'><strong>recessi!</strong></span> 
     </span>
    </p>
   </div>
   <div class='ocr_carea' id='block_1_15' title="bbox 273 1491 1870 1578">
    <p class='ocr_par' dir='ltr' id='par_1_15' title="bbox 273 1507 1608 1578">
     <span class='ocr_line' id='line_1_15' title="bbox 273 1507 1608 1578; baseline -0.004 -14"><span class='ocrx_word' id='word_1_138' title='bbox 273 1507 526 1564; x_wconf 78' lang='lat' dir='ltr'><strong>Gustavit</strong></span> <span class='ocrx_word' id='word_1_139' title='bbox 551 1507 742 1578; x_wconf 66' lang='lat' dir='ltr'><strong>palma!</strong></span> <span class='ocrx_word' id='word_1_140' title='bbox 777 1507 1031 1574; x_wconf 88' lang='lat' dir='ltr'><strong>fructum,</strong></span> <span class='ocrx_word' id='word_1_141' title='bbox 1061 1509 1155 1562; x_wconf 88' lang='lat' dir='ltr'><strong>sed</strong></span> <span class='ocrx_word' id='word_1_142' title='bbox 1183 1507 1360 1562; x_wconf 89' lang='lat' dir='ltr'><strong>nullus</strong></span> <span class='ocrx_word' id='word_1_143' title='bbox 1397 1519 1608 1570; x_wconf 87' lang='lat' dir='ltr'><strong>eorum,</strong></span> 
     </span>
    </p>
   </div>
   <div class='ocr_carea' id='block_1_16' title="bbox 1595 1491 3192 1578">
    <p class='ocr_par' dir='ltr' id='par_1_16' title="bbox 1595 1491 3192 1570">
     <span class='ocr_line' id='line_1_16' title="bbox 1595 1491 3192 1570; baseline 0.002 -25"><span class='ocrx_word' id='word_1_144' title='bbox 1595 1547 1608 1570; x_wconf 63' lang='grc'><strong>,</strong></span> <span class='ocrx_word' id='word_1_145' title='bbox 1957 1491 2100 1563; x_wconf 86' lang='lat' dir='ltr'><strong>Ergo</strong></span> <span class='ocrx_word' id='word_1_146' title='bbox 2127 1494 2282 1550; x_wconf 86' lang='lat' dir='ltr'><strong>decet</strong></span> <span class='ocrx_word' id='word_1_147' title='bbox 2307 1495 2511 1564; x_wconf 81' lang='lat' dir='ltr'><strong>majora</strong></span> <span class='ocrx_word' id='word_1_148' title='bbox 2543 1493 2718 1548; x_wconf 82' lang='lat' dir='ltr'><strong>virum</strong></span> <span class='ocrx_word' id='word_1_149' title='bbox 2741 1495 2948 1550; x_wconf 87' lang='lat' dir='ltr'><strong>sentire</strong></span> <span class='ocrx_word' id='word_1_150' title='bbox 2971 1493 3192 1566; x_wconf 89' lang='lat' dir='ltr'><strong>pericla.</strong></span> 
     </span>
    </p>
   </div>
   <div class='ocr_carea' id='block_1_17' title="bbox 275 1583 1872 1686">
    <p class='ocr_par' dir='ltr' id='par_1_17' title="bbox 275 1583 1616 1670">
     <span class='ocr_line' id='line_1_17' title="bbox 275 1583 1616 1670; baseline 0 -19"><span class='ocrx_word' id='word_1_151' title='bbox 275 1597 502 1652; x_wconf 83' lang='lat' dir='ltr'><strong>Vincula</strong></span> <span class='ocrx_word' id='word_1_152' title='bbox 533 1615 632 1656; x_wconf 90' lang='lat' dir='ltr'><strong>nec</strong></span> <span class='ocrx_word' id='word_1_153' title='bbox 655 1601 828 1670; x_wconf 89' lang='lat' dir='ltr'><strong>potuit</strong></span> <span class='ocrx_word' id='word_1_154' title='bbox 851 1599 1048 1670; x_wconf 80' lang='lat' dir='ltr'><strong>captivi</strong></span> <span class='ocrx_word' id='word_1_155' title='bbox 1071 1597 1280 1654; x_wconf 85' lang='lat' dir='ltr'><strong>solvere</strong></span> <span class='ocrx_word' id='word_1_156' title='bbox 1305 1583 1616 1670; x_wconf 84' lang='lat' dir='ltr'><strong>quisquam.</strong></span> 
     </span>
    </p>
   </div>
   <div class='ocr_carea' id='block_1_18' title="bbox 1824 1583 3421 1686">
    <p class='ocr_par' dir='ltr' id='par_1_18' title="bbox 1961 1583 3421 1656">
     <span class='ocr_line' id='line_1_18' title="bbox 1961 1583 3421 1656; baseline 0 -18"><span class='ocrx_word' id='word_1_157' title='bbox 1961 1583 2102 1640; x_wconf 82' lang='lat' dir='ltr'><strong>Mors</strong></span> <span class='ocrx_word' id='word_1_158' title='bbox 2129 1586 2262 1640; x_wconf 88' lang='lat' dir='ltr'><strong>mihi</strong></span> <span class='ocrx_word' id='word_1_159' title='bbox 2294 1594 2348 1640; x_wconf 91' lang='lat' dir='ltr'><strong>te</strong></span> <span class='ocrx_word' id='word_1_160' title='bbox 2375 1587 2578 1642; x_wconf 86' lang='lat' dir='ltr'><strong>sociam</strong></span> <span class='ocrx_word' id='word_1_161' title='bbox 2607 1587 2768 1642; x_wconf 89' lang='lat' dir='ltr'><strong>solito</strong></span> <span class='ocrx_word' id='word_1_162' title='bbox 2795 1602 2920 1642; x_wconf 84' lang='lat' dir='ltr'><strong>cum</strong></span> <span class='ocrx_word' id='word_1_163' title='bbox 2941 1583 3148 1642; x_wconf 60' lang='lat' dir='ltr'><strong>foedere</strong></span> <span class='ocrx_word' id='word_1_164' title='bbox 3177 1585 3421 1656; x_wconf 84' lang='lat' dir='ltr'><strong>jungam,</strong></span> 
     </span>
    </p>
   </div>
   <div class='ocr_carea' id='block_1_19' title="bbox 271 1675 3319 1782">
    <p class='ocr_par' dir='ltr' id='par_1_19' title="bbox 271 1675 3319 1782">
     <span class='ocr_line' id='line_1_19' title="bbox 271 1675 3319 1782; baseline 0.002 -23"><span class='ocrx_word' id='word_1_165' title='bbox 271 1705 524 1762; x_wconf 75' lang='lat' dir='ltr'><strong>Christus</strong></span> <span class='ocrx_word' id='word_1_166' title='bbox 547 1747 564 1776; x_wconf 90' lang='lat'><strong>,</strong></span> <span class='ocrx_word' id='word_1_167' title='bbox 601 1708 720 1782; x_wconf 79' lang='lat' dir='ltr'><strong>[om</strong></span> <span class='ocrx_word' id='word_1_168' title='bbox 775 1709 894 1764; x_wconf 72' lang='lat' dir='ltr'><strong>vita:</strong></span> <span class='ocrx_word' id='word_1_169' title='bbox 933 1719 1178 1776; x_wconf 76' lang='lat' dir='ltr'><strong>wternus,</strong></span> <span class='ocrx_word' id='word_1_170' title='bbox 1231 1709 1492 1764; x_wconf 80' lang='lat' dir='ltr'><strong>hominem</strong></span> <span class='ocrx_word' id='word_1_171' title='bbox 1543 1723 1640 1768; x_wconf 81' lang='lat' dir='ltr'><strong>sua</strong></span> <span class='ocrx_word' id='word_1_172' title='bbox 1687 1717 1854 1764; x_wconf 68' lang='lat' dir='ltr'><strong>morte</strong></span> <span class='ocrx_word' id='word_1_173' title='bbox 1955 1675 2055 1782; x_wconf 62' lang='grc' dir='ltr'><strong>ἓυί</strong></span> <span class='ocrx_word' id='word_1_174' title='bbox 2095 1676 2196 1730; x_wconf 53' lang='lat' dir='ltr'><strong>ﬂigi</strong></span> <span class='ocrx_word' id='word_1_175' title='bbox 2227 1683 2516 1748; x_wconf 70' lang='grc' dir='ltr'><strong>⁰⁰δ¹¹⁰⁵⁰³ί</strong></span> <span class='ocrx_word' id='word_1_176' title='bbox 2543 1691 2758 1746; x_wconf 62' lang='lat' dir='ltr'><strong>semper</strong></span> <span class='ocrx_word' id='word_1_177' title='bbox 2777 1676 2908 1746; x_wconf 56' lang='lat' dir='ltr'><strong>quid</strong></span> <span class='ocrx_word' id='word_1_178' title='bbox 2931 1675 3102 1780; x_wconf 47' lang='lat' dir='ltr'><strong>p05?“</strong></span> <span class='ocrx_word' id='word_1_179' title='bbox 3127 1677 3319 1782; x_wconf 59' lang='lat' dir='ltr'><strong>amica:</strong></span> 
     </span>
    </p>
   </div>
   <div class='ocr_carea' id='block_1_20' title="bbox 945 1767 3429 1844">
    <p class='ocr_par' dir='ltr' id='par_1_20' title="bbox 945 1767 3429 1844">
     <span class='ocr_line' id='line_1_20' title="bbox 945 1767 3429 1844; baseline -0.005 -14"><span class='ocrx_word' id='word_1_180' title='bbox 945 1767 1177 1832; x_wconf 57' lang='lat' dir='ltr'><strong>redimit:</strong></span> <span class='ocrx_word' id='word_1_181' title='bbox 1611 1767 1614 1768; x_wconf 57' lang='grc'><strong><em>⁷</em></strong></span> <span class='ocrx_word' id='word_1_182' title='bbox 1955 1770 2088 1826; x_wconf 88' lang='lat' dir='ltr'><strong>Esse</strong></span> <span class='ocrx_word' id='word_1_183' title='bbox 2109 1777 2288 1844; x_wconf 79' lang='lat' dir='ltr'><strong>potest</strong></span> <span class='ocrx_word' id='word_1_184' title='bbox 2318 1778 2490 1826; x_wconf 90' lang='lat' dir='ltr'><strong>totum</strong></span> <span class='ocrx_word' id='word_1_185' title='bbox 2518 1777 2740 1828; x_wconf 81' lang='lat' dir='ltr'><strong>revocet</strong></span> <span class='ocrx_word' id='word_1_186' title='bbox 2759 1783 2860 1842; x_wconf 82' lang='lat' dir='ltr'><strong>per</strong></span> <span class='ocrx_word' id='word_1_187' title='bbox 2877 1767 3128 1826; x_wconf 87' lang='lat' dir='ltr'><strong>carmina</strong></span> <span class='ocrx_word' id='word_1_188' title='bbox 3151 1767 3429 1822; x_wconf 88' lang='lat' dir='ltr'><strong>mundum.</strong></span> 
     </span>
    </p>
   </div>
   <div class='ocr_carea' id='block_1_21' title="bbox 269 1881 3533 1992">
    <p class='ocr_par' dir='ltr' id='par_1_21' title="bbox 269 1881 3533 1992">
     <span class='ocr_line' id='line_1_21' title="bbox 269 1881 3533 1992; baseline -0.002 -50"><span class='ocrx_word' id='word_1_189' title='bbox 269 1889 524 1960; x_wconf 56' lang='lat' dir='ltr'><strong>[Equalis</strong></span> <span class='ocrx_word' id='word_1_190' title='bbox 547 1891 696 1954; x_wconf 89' lang='lat' dir='ltr'><strong>Patri</strong></span> <span class='ocrx_word' id='word_1_191' title='bbox 725 1893 898 1952; x_wconf 91' lang='lat' dir='ltr'><strong>donec</strong></span> <span class='ocrx_word' id='word_1_192' title='bbox 927 1893 994 1948; x_wconf 93' lang='lat' dir='ltr'><strong>de</strong></span> <span class='ocrx_word' id='word_1_193' title='bbox 1017 1893 1224 1966; x_wconf 80' lang='lat' dir='ltr'><strong>virgine</strong></span> <span class='ocrx_word' id='word_1_194' title='bbox 1247 1901 1406 1950; x_wconf 85' lang='lat' dir='ltr'><strong>natus</strong></span> <span class='ocrx_word' id='word_1_195' title='bbox 1879 1933 1927 1992; x_wconf 82' lang='grc' dir='ltr'><strong>Β</strong></span> <span class='ocrx_word' id='word_1_196' title='bbox 1957 1885 2122 1950; x_wconf 86' lang='lat' dir='ltr'><strong>Quem</strong></span> <span class='ocrx_word' id='word_1_197' title='bbox 2155 1901 2294 1938; x_wconf 72' lang='lat' dir='ltr'><strong>mors</strong></span> <span class='ocrx_word' id='word_1_198' title='bbox 2321 1883 2628 1956; x_wconf 83' lang='lat' dir='ltr'><strong>alloquitur,</strong></span> <span class='ocrx_word' id='word_1_199' title='bbox 2657 1891 2995 1954; x_wconf 79' lang='lat' dir='ltr'><strong>regnaturum</strong></span> <span class='ocrx_word' id='word_1_200' title='bbox 3033 1881 3222 1952; x_wconf 82' lang='lat' dir='ltr'><strong>ubique</strong></span> <span class='ocrx_word' id='word_1_201' title='bbox 3251 1889 3533 1934; x_wconf 80' lang='lat' dir='ltr'><strong>terrarum.</strong></span> 
     </span>
    </p>
   </div>
   <div class='ocr_carea' id='block_1_22' title="bbox 267 1982 3242 2070">
    <p class='ocr_par' dir='ltr' id='par_1_22' title="bbox 267 1982 3242 2070">
     <span class='ocr_line' id='line_1_22' title="bbox 267 1982 3242 2070; baseline 0.003 -34"><span class='ocrx_word' id='word_1_202' title='bbox 267 1982 310 2036; x_wconf 72' lang='grc' dir='ltr'>Ρ</span> <span class='ocrx_word' id='word_1_203' title='bbox 315 1983 440 2038; x_wconf 88' lang='lat' dir='ltr'><strong>ilius</strong></span> <span class='ocrx_word' id='word_1_204' title='bbox 475 1983 713 2052; x_wconf 81' lang='lat' dir='ltr'><strong>advenit,</strong></span> <span class='ocrx_word' id='word_1_205' title='bbox 745 1985 992 2042; x_wconf 78' lang='lat' dir='ltr'><strong>homines</strong></span> <span class='ocrx_word' id='word_1_206' title='bbox 1019 1987 1254 2044; x_wconf 88' lang='lat' dir='ltr'><strong>retinere</strong></span> <span class='ocrx_word' id='word_1_207' title='bbox 1279 1988 1542 2058; x_wconf 82' lang='lat' dir='ltr'><strong>labentes,</strong></span> <span class='ocrx_word' id='word_1_208' title='bbox 1879 1982 1924 1992; x_wconf 40' lang='grc' dir='ltr'><strong>θ’</strong></span> <span class='ocrx_word' id='word_1_209' title='bbox 1955 1999 2097 2054; x_wconf 82' lang='lat' dir='ltr'><strong>Mors</strong></span> <span class='ocrx_word' id='word_1_210' title='bbox 2125 1999 2269 2054; x_wconf 75' lang='lat' dir='ltr'><strong>dedit</strong></span> <span class='ocrx_word' id='word_1_211' title='bbox 2292 2009 2514 2056; x_wconf 73' lang='lat' dir='ltr'><strong>econtra</strong></span> <span class='ocrx_word' id='word_1_212' title='bbox 2545 2001 2681 2054; x_wconf 78' lang='lat' dir='ltr'><strong>tales</strong></span> <span class='ocrx_word' id='word_1_213' title='bbox 2705 1999 2772 2054; x_wconf 79' lang='lat' dir='ltr'><strong>de</strong></span> <span class='ocrx_word' id='word_1_214' title='bbox 2795 2007 3012 2070; x_wconf 74' lang='lat' dir='ltr'><strong>pectore</strong></span> <span class='ocrx_word' id='word_1_215' title='bbox 3031 2011 3195 2052; x_wconf 70' lang='lat' dir='ltr'><strong>voces</strong></span> <span class='ocrx_word' id='word_1_216' title='bbox 3227 2013 3242 2050; x_wconf 89' lang='lat'><strong>:</strong></span> 
     </span>
    </p>
   </div>
   <div class='ocr_carea' id='block_1_23' title="bbox 267 2075 3360 2162">
    <p class='ocr_par' dir='ltr' id='par_1_23' title="bbox 267 2075 3360 2162">
     <span class='ocr_line' id='line_1_23' title="bbox 267 2075 3360 2162; baseline 0.006 -33"><span class='ocrx_word' id='word_1_217' title='bbox 267 2075 334 2129; x_wconf 82' lang='lat' dir='ltr'><strong>Et</strong></span> <span class='ocrx_word' id='word_1_218' title='bbox 367 2089 624 2132; x_wconf 87' lang='lat' dir='ltr'><strong>revocare</strong></span> <span class='ocrx_word' id='word_1_219' title='bbox 653 2075 755 2132; x_wconf 86' lang='lat' dir='ltr'><strong>sibi</strong></span> <span class='ocrx_word' id='word_1_220' title='bbox 783 2077 976 2134; x_wconf 88' lang='lat' dir='ltr'><strong>mortis</strong></span> <span class='ocrx_word' id='word_1_221' title='bbox 1005 2077 1073 2134; x_wconf 90' lang='lat' dir='ltr'><strong>de</strong></span> <span class='ocrx_word' id='word_1_222' title='bbox 1099 2093 1318 2136; x_wconf 88' lang='lat' dir='ltr'><strong>carcere</strong></span> <span class='ocrx_word' id='word_1_223' title='bbox 1347 2079 1542 2156; x_wconf 87' lang='lat' dir='ltr'><strong>lapsos.</strong></span> <span class='ocrx_word' id='word_1_224' title='bbox 1953 2089 2180 2146; x_wconf 64' lang='lat' dir='ltr'><strong>Foedera</strong></span> <span class='ocrx_word' id='word_1_225' title='bbox 2209 2091 2254 2146; x_wconf 89' lang='lat' dir='ltr'><strong>si</strong></span> <span class='ocrx_word' id='word_1_226' title='bbox 2279 2091 2501 2162; x_wconf 68' lang='lat' dir='ltr'><strong>qumris,</strong></span> <span class='ocrx_word' id='word_1_227' title='bbox 2533 2101 2710 2148; x_wconf 84' lang='lat' dir='ltr'><strong>tecum</strong></span> <span class='ocrx_word' id='word_1_228' title='bbox 2741 2105 2860 2146; x_wconf 88' lang='lat' dir='ltr'><strong>sum</strong></span> <span class='ocrx_word' id='word_1_229' title='bbox 2897 2103 3110 2160; x_wconf 84' lang='lat' dir='ltr'><strong>semper</strong></span> <span class='ocrx_word' id='word_1_230' title='bbox 3139 2087 3360 2158; x_wconf 80' lang='lat' dir='ltr'><strong>ubique,</strong></span> 
     </span>
    </p>
   </div>
   <div class='ocr_carea' id='block_1_24' title="bbox 265 2165 3372 2256">
    <p class='ocr_par' dir='ltr' id='par_1_24' title="bbox 265 2165 3372 2256">
     <span class='ocr_line' id='line_1_24' title="bbox 265 2165 3372 2256; baseline 0.003 -36"><span class='ocrx_word' id='word_1_231' title='bbox 265 2165 388 2236; x_wconf 86' lang='lat' dir='ltr'><strong>Ipse</strong></span> <span class='ocrx_word' id='word_1_232' title='bbox 409 2167 626 2236; x_wconf 78' lang='lat' dir='ltr'><strong>quidem</strong></span> <span class='ocrx_word' id='word_1_233' title='bbox 657 2183 898 2238; x_wconf 62' lang='lat' dir='ltr'><strong>praeeris</strong></span> <span class='ocrx_word' id='word_1_234' title='bbox 921 2169 1198 2236; x_wconf 80' lang='lat' dir='ltr'><strong>Dominus,</strong></span> <span class='ocrx_word' id='word_1_235' title='bbox 1231 2173 1346 2228; x_wconf 84' lang='lat' dir='ltr'><strong>haec</strong></span> <span class='ocrx_word' id='word_1_236' title='bbox 1375 2171 1539 2228; x_wconf 84' lang='lat' dir='ltr'><strong>verba</strong></span> <span class='ocrx_word' id='word_1_237' title='bbox 1571 2171 1774 2238; x_wconf 88' lang='lat' dir='ltr'><strong>salutis,</strong></span> <span class='ocrx_word' id='word_1_238' title='bbox 1954 2181 2162 2239; x_wconf 78' lang='lat' dir='ltr'><strong>Perﬁce</strong></span> <span class='ocrx_word' id='word_1_239' title='bbox 2187 2183 2328 2255; x_wconf 83' lang='lat' dir='ltr'><strong>quod</strong></span> <span class='ocrx_word' id='word_1_240' title='bbox 2349 2186 2575 2256; x_wconf 65' lang='lat' dir='ltr'><strong>gaudes,</strong></span> <span class='ocrx_word' id='word_1_241' title='bbox 2603 2193 2748 2240; x_wconf 71' lang='grc' dir='ltr'><strong>ιοιιιε</strong></span> <span class='ocrx_word' id='word_1_242' title='bbox 2767 2199 2930 2255; x_wconf 79' lang='lat' dir='ltr'><strong>quam</strong></span> <span class='ocrx_word' id='word_1_243' title='bbox 2953 2183 3180 2252; x_wconf 75' lang='lat' dir='ltr'><strong>suscipit</strong></span> <span class='ocrx_word' id='word_1_244' title='bbox 3203 2181 3372 2246; x_wconf 75' lang='lat' dir='ltr'><strong>orbis,</strong></span> 
     </span>
    </p>
   </div>
   <div class='ocr_carea' id='block_1_25' title="bbox 267 2257 3196 2346">
    <p class='ocr_par' dir='ltr' id='par_1_25' title="bbox 267 2257 3196 2346">
     <span class='ocr_line' id='line_1_25' title="bbox 267 2257 3196 2346; baseline 0.005 -34"><span class='ocrx_word' id='word_1_245' title='bbox 267 2257 498 2329; x_wconf 88' lang='lat' dir='ltr'><strong>Eloquio</strong></span> <span class='ocrx_word' id='word_1_246' title='bbox 522 2259 666 2316; x_wconf 87' lang='lat' dir='ltr'><strong>dulci</strong></span> <span class='ocrx_word' id='word_1_247' title='bbox 695 2261 898 2318; x_wconf 84' lang='lat' dir='ltr'><strong>saliens</strong></span> <span class='ocrx_word' id='word_1_248' title='bbox 921 2263 1066 2330; x_wconf 81' lang='lat' dir='ltr'><strong>fons,</strong></span> <span class='ocrx_word' id='word_1_249' title='bbox 1088 2265 1270 2320; x_wconf 83' lang='lat' dir='ltr'><strong>intulit</strong></span> <span class='ocrx_word' id='word_1_250' title='bbox 1295 2265 1412 2322; x_wconf 88' lang='lat' dir='ltr'><strong>orbi</strong></span> <span class='ocrx_word' id='word_1_251' title='bbox 1445 2283 1458 2320; x_wconf 91' lang='lat'><strong>:</strong></span> <span class='ocrx_word' id='word_1_252' title='bbox 1955 2273 2208 2330; x_wconf 65' lang='lat' dir='ltr'><strong>Aimulus</strong></span> <span class='ocrx_word' id='word_1_253' title='bbox 2229 2273 2318 2330; x_wconf 88' lang='lat' dir='ltr'><strong>ille</strong></span> <span class='ocrx_word' id='word_1_254' title='bbox 2343 2283 2470 2330; x_wconf 88' lang='lat' dir='ltr'><strong>tuus</strong></span> <span class='ocrx_word' id='word_1_255' title='bbox 2501 2291 2680 2330; x_wconf 85' lang='lat' dir='ltr'><strong>morsu</strong></span> <span class='ocrx_word' id='word_1_256' title='bbox 2715 2276 2964 2346; x_wconf 88' lang='lat' dir='ltr'><strong>degustet</strong></span> <span class='ocrx_word' id='word_1_257' title='bbox 2993 2289 3196 2330; x_wconf 85' lang='lat' dir='ltr'><strong>amaro.</strong></span> 
     </span>
    </p>
   </div>
   <div class='ocr_carea' id='block_1_26' title="bbox 269 2347 3422 2438">
    <p class='ocr_par' dir='ltr' id='par_1_26' title="bbox 269 2347 3422 2438">
     <span class='ocr_line' id='line_1_26' title="bbox 269 2347 3422 2438; baseline 0.004 -36"><span class='ocrx_word' id='word_1_258' title='bbox 269 2347 578 2420; x_wconf 72' lang='lat' dir='ltr'><strong>Tcrrigena:</strong></span> <span class='ocrx_word' id='word_1_259' title='bbox 599 2352 906 2422; x_wconf 81' lang='lat' dir='ltr'><strong>quicunque</strong></span> <span class='ocrx_word' id='word_1_260' title='bbox 931 2355 1078 2410; x_wconf 87' lang='lat' dir='ltr'><strong>sitim</strong></span> <span class='ocrx_word' id='word_1_261' title='bbox 1109 2356 1470 2428; x_wconf 86' lang='lat' dir='ltr'><strong>restringuere</strong></span> <span class='ocrx_word' id='word_1_262' title='bbox 1497 2357 1612 2414; x_wconf 86' lang='lat' dir='ltr'><strong>rivo</strong></span> <span class='ocrx_word' id='word_1_263' title='bbox 1957 2365 2134 2437; x_wconf 78' lang='lat' dir='ltr'><strong>Erige,</strong></span> <span class='ocrx_word' id='word_1_264' title='bbox 2167 2366 2242 2422; x_wconf 81' lang='lat' dir='ltr'><strong>nil</strong></span> <span class='ocrx_word' id='word_1_265' title='bbox 2271 2367 2470 2432; x_wconf 72' lang='lat' dir='ltr'><strong>tardes,</strong></span> <span class='ocrx_word' id='word_1_266' title='bbox 2497 2367 2730 2438; x_wconf 68' lang='lat' dir='ltr'><strong>virgam,</strong></span> <span class='ocrx_word' id='word_1_267' title='bbox 2755 2383 2974 2438; x_wconf 79' lang='lat' dir='ltr'><strong>pomum</strong></span> <span class='ocrx_word' id='word_1_268' title='bbox 3003 2365 3422 2434; x_wconf 74' lang='lat' dir='ltr'><strong>colubrumque;</strong></span> 
     </span>
    </p>
   </div>
   <div class='ocr_carea' id='block_1_27' title="bbox 271 2439 3252 2527">
    <p class='ocr_par' dir='ltr' id='par_1_27' title="bbox 271 2439 3252 2527">
     <span class='ocr_line' id='line_1_27' title="bbox 271 2439 3252 2527; baseline 0.006 -36"><span class='ocrx_word' id='word_1_269' title='bbox 271 2439 468 2504; x_wconf 72' lang='lat' dir='ltr'><strong>Vultis,</strong></span> <span class='ocrx_word' id='word_1_270' title='bbox 497 2451 760 2498; x_wconf 67' lang='lat' dir='ltr'><strong>aeternum</strong></span> <span class='ocrx_word' id='word_1_271' title='bbox 787 2445 992 2500; x_wconf 87' lang='lat' dir='ltr'><strong>cursim</strong></span> <span class='ocrx_word' id='word_1_272' title='bbox 1035 2448 1348 2502; x_wconf 88' lang='lat' dir='ltr'><strong>contendite</strong></span> <span class='ocrx_word' id='word_1_273' title='bbox 1379 2447 1602 2504; x_wconf 85' lang='lat' dir='ltr'><strong>fontem.</strong></span> <span class='ocrx_word' id='word_1_274' title='bbox 1957 2455 2072 2522; x_wconf 85' lang='lat' dir='ltr'><strong>Quo</strong></span> <span class='ocrx_word' id='word_1_275' title='bbox 2104 2455 2214 2510; x_wconf 86' lang='lat' dir='ltr'><strong>lato</strong></span> <span class='ocrx_word' id='word_1_276' title='bbox 2241 2456 2400 2527; x_wconf 82' lang='lat' dir='ltr'><strong>digne</strong></span> <span class='ocrx_word' id='word_1_277' title='bbox 2427 2457 2688 2516; x_wconf 83' lang='lat' dir='ltr'><strong>Dominus</strong></span> <span class='ocrx_word' id='word_1_278' title='bbox 2717 2445 2992 2512; x_wconf 83' lang='lat' dir='ltr'><strong>veneraris</strong></span> <span class='ocrx_word' id='word_1_279' title='bbox 3017 2457 3072 2510; x_wconf 90' lang='lat' dir='ltr'><strong>in</strong></span> <span class='ocrx_word' id='word_1_280' title='bbox 3101 2453 3252 2520; x_wconf 85' lang='lat' dir='ltr'><strong>orbe,</strong></span> 
     </span>
    </p>
   </div>
   <div class='ocr_carea' id='block_1_28' title="bbox 275 2529 3439 2626">
    <p class='ocr_par' dir='ltr' id='par_1_28' title="bbox 275 2529 3439 2626">
     <span class='ocr_line' id='line_1_28' title="bbox 275 2529 3439 2626; baseline -0.004 -11"><span class='ocrx_word' id='word_1_281' title='bbox 275 2529 476 2626; x_wconf 40' lang='lat' dir='ltr'><strong>5173mm</strong></span> <span class='ocrx_word' id='word_1_282' title='bbox 500 2547 630 2588; x_wconf 70' lang='lat' dir='ltr'><strong>ecce</strong></span> <span class='ocrx_word' id='word_1_283' title='bbox 649 2533 748 2626; x_wconf 18' lang='grc' dir='ltr'><strong>ίθθί</strong></span> <span class='ocrx_word' id='word_1_284' title='bbox 779 2533 902 2592; x_wconf 56' lang='lat' dir='ltr'><strong>fons</strong></span> <span class='ocrx_word' id='word_1_285' title='bbox 925 2535 1066 2604; x_wconf 64' lang='grc' dir='ltr'><strong>νίῑεθ»</strong></span> <span class='ocrx_word' id='word_1_286' title='bbox 1091 2537 1216 2608; x_wconf 63' lang='lat' dir='ltr'><strong>iure</strong></span> <span class='ocrx_word' id='word_1_287' title='bbox 1239 2540 1460 2610; x_wconf 70' lang='grc' dir='ltr'><strong>Ρθτθιιηί</strong></span> <span class='ocrx_word' id='word_1_288' title='bbox 1958 2547 2174 2618; x_wconf 82' lang='lat' dir='ltr'><strong>Lexque</strong></span> <span class='ocrx_word' id='word_1_289' title='bbox 2199 2559 2396 2616; x_wconf 85' lang='lat' dir='ltr'><strong>manet,</strong></span> <span class='ocrx_word' id='word_1_290' title='bbox 2423 2551 2632 2626; x_wconf 82' lang='lat' dir='ltr'><strong>priscos</strong></span> <span class='ocrx_word' id='word_1_291' title='bbox 2661 2551 2896 2606; x_wconf 81' lang='lat' dir='ltr'><strong>subdens</strong></span> <span class='ocrx_word' id='word_1_292' title='bbox 2923 2550 3018 2605; x_wconf 87' lang='lat' dir='ltr'><strong>tibi</strong></span> <span class='ocrx_word' id='word_1_293' title='bbox 3036 2549 3160 2620; x_wconf 88' lang='lat' dir='ltr'><strong>jure</strong></span> <span class='ocrx_word' id='word_1_294' title='bbox 3195 2545 3439 2610; x_wconf 87' lang='lat' dir='ltr'><strong>colonos,</strong></span> 
     </span>
    </p>
   </div>
   <div class='ocr_carea' id='block_1_29' title="bbox 275 2621 3088 2714">
    <p class='ocr_par' dir='ltr' id='par_1_29' title="bbox 275 2621 3088 2714">
     <span class='ocr_line' id='line_1_29' title="bbox 275 2621 3088 2714; baseline 0.002 -38"><span class='ocrx_word' id='word_1_295' title='bbox 275 2621 444 2678; x_wconf 76' lang='lat' dir='ltr'><strong>l-Itiluo</strong></span> <span class='ocrx_word' id='word_1_296' title='bbox 471 2639 618 2680; x_wconf 86' lang='lat' dir='ltr'><strong>nunc</strong></span> <span class='ocrx_word' id='word_1_297' title='bbox 649 2625 826 2698; x_wconf 86' lang='lat' dir='ltr'><strong>largos</strong></span> <span class='ocrx_word' id='word_1_298' title='bbox 853 2629 1004 2684; x_wconf 80' lang='lat' dir='ltr'><strong>vobis</strong></span> <span class='ocrx_word' id='word_1_299' title='bbox 1030 2629 1340 2686; x_wconf 87' lang='lat' dir='ltr'><strong>sitientibus</strong></span> <span class='ocrx_word' id='word_1_300' title='bbox 1369 2631 1590 2686; x_wconf 84' lang='lat' dir='ltr'><strong>imbres.</strong></span> <span class='ocrx_word' id='word_1_301' title='bbox 1957 2639 2102 2696; x_wconf 72' lang='lat' dir='ltr'><strong>unus</strong></span> <span class='ocrx_word' id='word_1_302' title='bbox 2124 2642 2178 2696; x_wconf 72' lang='lat' dir='ltr'><strong>in</strong></span> <span class='ocrx_word' id='word_1_303' title='bbox 2209 2640 2400 2702; x_wconf 71' lang='lat' dir='ltr'><strong>faciem</strong></span> <span class='ocrx_word' id='word_1_304' title='bbox 2425 2621 2686 2698; x_wconf 61' lang='grc' dir='ltr'><strong>’νίριιιίρίθ</strong></span> <span class='ocrx_word' id='word_1_305' title='bbox 2713 2643 2866 2714; x_wconf 67' lang='lat' dir='ltr'><strong>signa</strong></span> <span class='ocrx_word' id='word_1_306' title='bbox 2893 2641 3088 2696; x_wconf 65' lang='grc' dir='ltr'><strong>ιθνειο,</strong></span> 
     </span>
    </p>
   </div>
   <div class='ocr_carea' id='block_1_30' title="bbox 273 2713 3306 2806">
    <p class='ocr_par' dir='ltr' id='par_1_30' title="bbox 273 2713 3306 2806">
     <span class='ocr_line' id='line_1_30' title="bbox 273 2713 3306 2806; baseline -0.001 -19"><span class='ocrx_word' id='word_1_307' title='bbox 273 2713 516 2806; x_wconf 47' lang='grc' dir='ltr'><strong>ἕῖιιιιίιιιθ</strong></span> <span class='ocrx_word' id='word_1_308' title='bbox 545 2731 692 2772; x_wconf 68' lang='lat' dir='ltr'><strong>meas</strong></span> <span class='ocrx_word' id='word_1_309' title='bbox 725 2717 1000 2774; x_wconf 64' lang='lat' dir='ltr'><strong>hominm“</strong></span> <span class='ocrx_word' id='word_1_310' title='bbox 1033 2721 1276 2798; x_wconf 75' lang='lat' dir='ltr'><strong>quisquis</strong></span> <span class='ocrx_word' id='word_1_311' title='bbox 1299 2723 1600 2792; x_wconf 61' lang='grc' dir='ltr'><strong>κυδιανενὶι</strong></span> <span class='ocrx_word' id='word_1_312' title='bbox 1625 2725 1816 2790; x_wconf 67' lang='lat' dir='ltr'><strong>“imas.</strong></span> <span class='ocrx_word' id='word_1_313' title='bbox 1957 2732 2206 2788; x_wconf 85' lang='lat' dir='ltr'><strong>Humano</strong></span> <span class='ocrx_word' id='word_1_314' title='bbox 2233 2735 2326 2804; x_wconf 90' lang='lat' dir='ltr'><strong>qui</strong></span> <span class='ocrx_word' id='word_1_315' title='bbox 2357 2749 2508 2790; x_wconf 88' lang='lat' dir='ltr'><strong>more</strong></span> <span class='ocrx_word' id='word_1_316' title='bbox 2529 2735 2636 2788; x_wconf 87' lang='lat' dir='ltr'><strong>nisi</strong></span> <span class='ocrx_word' id='word_1_317' title='bbox 2669 2745 2760 2788; x_wconf 88' lang='lat' dir='ltr'><strong>tua</strong></span> <span class='ocrx_word' id='word_1_318' title='bbox 2788 2743 3002 2806; x_wconf 86' lang='lat' dir='ltr'><strong>sceptra</strong></span> <span class='ocrx_word' id='word_1_319' title='bbox 3027 2739 3306 2802; x_wconf 86' lang='lat' dir='ltr'><strong>sequatur,</strong></span> 
     </span>
    </p>
   </div>
   <div class='ocr_carea' id='block_1_31' title="bbox 275 2803 3348 2892">
    <p class='ocr_par' dir='ltr' id='par_1_31' title="bbox 275 2803 3348 2892">
     <span class='ocr_line' id='line_1_31' title="bbox 275 2803 3348 2892; baseline 0.005 -32"><span class='ocrx_word' id='word_1_320' title='bbox 275 2803 426 2860; x_wconf 89' lang='lat' dir='ltr'><strong>Ultra</strong></span> <span class='ocrx_word' id='word_1_321' title='bbox 457 2821 562 2862; x_wconf 90' lang='lat' dir='ltr'><strong>non</strong></span> <span class='ocrx_word' id='word_1_322' title='bbox 595 2809 762 2876; x_wconf 83' lang='lat' dir='ltr'><strong>sitiet,</strong></span> <span class='ocrx_word' id='word_1_323' title='bbox 787 2807 912 2866; x_wconf 84' lang='lat' dir='ltr'><strong>felix</strong></span> <span class='ocrx_word' id='word_1_324' title='bbox 940 2813 1032 2866; x_wconf 89' lang='lat' dir='ltr'><strong>sed</strong></span> <span class='ocrx_word' id='word_1_325' title='bbox 1059 2813 1204 2868; x_wconf 81' lang='lat' dir='ltr'><strong>Vivet</strong></span> <span class='ocrx_word' id='word_1_326' title='bbox 1225 2813 1280 2874; x_wconf 86' lang='lat' dir='ltr'><strong>in</strong></span> <span class='ocrx_word' id='word_1_327' title='bbox 1313 2831 1504 2870; x_wconf 80' lang='lat' dir='ltr'><strong>aevum.</strong></span> <span class='ocrx_word' id='word_1_328' title='bbox 1960 2825 2118 2880; x_wconf 88' lang='lat' dir='ltr'><strong>Sorte</strong></span> <span class='ocrx_word' id='word_1_329' title='bbox 2145 2803 2265 2882; x_wconf 77' lang='lat' dir='ltr'><strong>mea</strong></span> <span class='ocrx_word' id='word_1_330' title='bbox 2294 2825 2524 2880; x_wconf 82' lang='lat' dir='ltr'><strong>calidam</strong></span> <span class='ocrx_word' id='word_1_331' title='bbox 2555 2827 2808 2880; x_wconf 86' lang='lat' dir='ltr'><strong>divellam</strong></span> <span class='ocrx_word' id='word_1_332' title='bbox 2841 2803 3070 2892; x_wconf 83' lang='lat' dir='ltr'><strong>corpore</strong></span> <span class='ocrx_word' id='word_1_333' title='bbox 3091 2831 3348 2878; x_wconf 86' lang='lat' dir='ltr'><strong>mentem.</strong></span> 
     </span>
    </p>
   </div>
   <div class='ocr_carea' id='block_1_32' title="bbox 271 2897 3462 2988">
    <p class='ocr_par' dir='ltr' id='par_1_32' title="bbox 271 2897 3462 2988">
     <span class='ocr_line' id='line_1_32' title="bbox 271 2897 3462 2988; baseline 0.003 -34"><span class='ocrx_word' id='word_1_334' title='bbox 271 2897 508 2954; x_wconf 88' lang='lat' dir='ltr'><strong>Cernitis</strong></span> <span class='ocrx_word' id='word_1_335' title='bbox 539 2915 666 2957; x_wconf 89' lang='lat' dir='ltr'><strong>ecce</strong></span> <span class='ocrx_word' id='word_1_336' title='bbox 697 2903 914 2974; x_wconf 83' lang='lat' dir='ltr'><strong>quidem</strong></span> <span class='ocrx_word' id='word_1_337' title='bbox 943 2907 1196 2976; x_wconf 56' lang='lat' dir='ltr'><strong>praisenti</strong></span> <span class='ocrx_word' id='word_1_338' title='bbox 1223 2923 1448 2982; x_wconf 88' lang='lat' dir='ltr'><strong>corpore</strong></span> <span class='ocrx_word' id='word_1_339' title='bbox 1476 2917 1682 2974; x_wconf 88' lang='lat' dir='ltr'><strong>natum,</strong></span> <span class='ocrx_word' id='word_1_340' title='bbox 1791 2951 1794 2954; x_wconf 42' lang='lat'><strong><em>.</em></strong></span> <span class='ocrx_word' id='word_1_341' title='bbox 1855 2961 1858 2966; x_wconf 97' lang='lat'><strong>.</strong></span> <span class='ocrx_word' id='word_1_342' title='bbox 1959 2917 2150 2986; x_wconf 89' lang='lat' dir='ltr'><strong>Tuque</strong></span> <span class='ocrx_word' id='word_1_343' title='bbox 2181 2923 2376 2988; x_wconf 86' lang='lat' dir='ltr'><strong>potens</strong></span> <span class='ocrx_word' id='word_1_344' title='bbox 2396 2915 2632 2970; x_wconf 80' lang='lat' dir='ltr'><strong>animum</strong></span> <span class='ocrx_word' id='word_1_345' title='bbox 2663 2915 2864 2986; x_wconf 85' lang='lat' dir='ltr'><strong>rapies,</strong></span> <span class='ocrx_word' id='word_1_346' title='bbox 2895 2921 3212 2984; x_wconf 87' lang='lat' dir='ltr'><strong>raptamque</strong></span> <span class='ocrx_word' id='word_1_347' title='bbox 3237 2907 3462 2972; x_wconf 87' lang='lat' dir='ltr'><strong>tenebis,</strong></span> 
     </span>
    </p>
   </div>
   <div class='ocr_carea' id='block_1_33' title="bbox 275 2993 3298 3078">
    <p class='ocr_par' dir='ltr' id='par_1_33' title="bbox 275 2993 3298 3078">
     <span class='ocr_line' id='line_1_33' title="bbox 275 2993 3298 3078; baseline 0.004 -32"><span class='ocrx_word' id='word_1_348' title='bbox 275 2993 358 3048; x_wconf 84' lang='lat' dir='ltr'><strong>Me</strong></span> <span class='ocrx_word' id='word_1_349' title='bbox 385 2993 562 3052; x_wconf 85' lang='lat' dir='ltr'><strong>Patris</strong></span> <span class='ocrx_word' id='word_1_350' title='bbox 588 2999 780 3054; x_wconf 63' lang='lat' dir='ltr'><strong>aeterni</strong></span> <span class='ocrx_word' id='word_1_351' title='bbox 813 3001 1052 3070; x_wconf 88' lang='lat' dir='ltr'><strong>genitum</strong></span> <span class='ocrx_word' id='word_1_352' title='bbox 1081 3003 1199 3058; x_wconf 89' lang='lat' dir='ltr'><strong>sine</strong></span> <span class='ocrx_word' id='word_1_353' title='bbox 1229 3005 1492 3074; x_wconf 88' lang='lat' dir='ltr'><strong>temporis</strong></span> <span class='ocrx_word' id='word_1_354' title='bbox 1517 3007 1674 3060; x_wconf 89' lang='lat' dir='ltr'><strong>hora.</strong></span> <span class='ocrx_word' id='word_1_355' title='bbox 1960 3007 2166 3078; x_wconf 87' lang='lat' dir='ltr'><strong>Corpus</strong></span> <span class='ocrx_word' id='word_1_356' title='bbox 2193 3008 2246 3062; x_wconf 91' lang='lat' dir='ltr'><strong>in</strong></span> <span class='ocrx_word' id='word_1_357' title='bbox 2274 3016 2460 3077; x_wconf 88' lang='lat' dir='ltr'><strong>optata</strong></span> <span class='ocrx_word' id='word_1_358' title='bbox 2491 3007 2774 3064; x_wconf 81' lang='lat' dir='ltr'><strong>claudetur</strong></span> <span class='ocrx_word' id='word_1_359' title='bbox 2803 3015 2978 3060; x_wconf 88' lang='lat' dir='ltr'><strong>morte</strong></span> <span class='ocrx_word' id='word_1_360' title='bbox 3008 3003 3298 3078; x_wconf 88' lang='lat' dir='ltr'><strong>sepultum,</strong></span> 
     </span>
    </p>
   </div>
   <div class='ocr_carea' id='block_1_34' title="bbox 275 3085 3306 3172">
    <p class='ocr_par' dir='ltr' id='par_1_34' title="bbox 275 3085 3306 3172">
     <span class='ocr_line' id='line_1_34' title="bbox 275 3085 3306 3172; baseline 0.002 -31"><span class='ocrx_word' id='word_1_361' title='bbox 275 3085 348 3142; x_wconf 89' lang='lat' dir='ltr'><strong>De</strong></span> <span class='ocrx_word' id='word_1_362' title='bbox 377 3103 487 3154; x_wconf 89' lang='lat' dir='ltr'><strong>me,</strong></span> <span class='ocrx_word' id='word_1_363' title='bbox 509 3089 684 3160; x_wconf 88' lang='lat' dir='ltr'><strong>deque</strong></span> <span class='ocrx_word' id='word_1_364' title='bbox 721 3091 882 3148; x_wconf 86' lang='lat' dir='ltr'><strong>Patre</strong></span> <span class='ocrx_word' id='word_1_365' title='bbox 901 3095 1139 3168; x_wconf 87' lang='lat' dir='ltr'><strong>procedit</strong></span> <span class='ocrx_word' id='word_1_366' title='bbox 1177 3093 1414 3166; x_wconf 85' lang='lat' dir='ltr'><strong>Spiritus</strong></span> <span class='ocrx_word' id='word_1_367' title='bbox 1443 3095 1640 3164; x_wconf 86' lang='lat' dir='ltr'><strong>almus,</strong></span> <span class='ocrx_word' id='word_1_368' title='bbox 1963 3099 2054 3156; x_wconf 86' lang='lat' dir='ltr'><strong>Sic</strong></span> <span class='ocrx_word' id='word_1_369' title='bbox 2082 3113 2298 3172; x_wconf 89' lang='lat' dir='ltr'><strong>quoque</strong></span> <span class='ocrx_word' id='word_1_370' title='bbox 2325 3099 2560 3154; x_wconf 87' lang='lat' dir='ltr'><strong>cessabit</strong></span> <span class='ocrx_word' id='word_1_371' title='bbox 2583 3107 2800 3152; x_wconf 88' lang='lat' dir='ltr'><strong>nostros</strong></span> <span class='ocrx_word' id='word_1_372' title='bbox 2827 3097 3126 3168; x_wconf 87' lang='lat' dir='ltr'><strong>irrumpere</strong></span> <span class='ocrx_word' id='word_1_373' title='bbox 3153 3095 3306 3148; x_wconf 86' lang='lat' dir='ltr'><strong>fines.</strong></span> 
     </span>
    </p>
   </div>
   <div class='ocr_carea' id='block_1_35' title="bbox 273 3181 3300 3260">
    <p class='ocr_par' dir='ltr' id='par_1_35' title="bbox 273 3181 3300 3260">
     <span class='ocr_line' id='line_1_35' title="bbox 273 3181 3300 3260; baseline 0.002 -27"><span class='ocrx_word' id='word_1_374' title='bbox 273 3181 444 3249; x_wconf 86' lang='lat' dir='ltr'><strong>Quem</strong></span> <span class='ocrx_word' id='word_1_375' title='bbox 479 3191 682 3254; x_wconf 82' lang='lat' dir='ltr'><strong>septem</strong></span> <span class='ocrx_word' id='word_1_376' title='bbox 707 3184 900 3256; x_wconf 67' lang='lat' dir='ltr'><strong>palmae</strong></span> <span class='ocrx_word' id='word_1_377' title='bbox 937 3185 1126 3244; x_wconf 88' lang='lat' dir='ltr'><strong>faciem</strong></span> <span class='ocrx_word' id='word_1_378' title='bbox 1159 3203 1279 3260; x_wconf 64' lang='lat' dir='ltr'><strong>qua:</strong></span> <span class='ocrx_word' id='word_1_379' title='bbox 1303 3187 1470 3246; x_wconf 87' lang='lat' dir='ltr'><strong>fontis</strong></span> <span class='ocrx_word' id='word_1_380' title='bbox 1501 3189 1786 3258; x_wconf 87' lang='lat' dir='ltr'><strong>amictant,</strong></span> <span class='ocrx_word' id='word_1_381' title='bbox 1963 3193 2206 3258; x_wconf 86' lang='lat' dir='ltr'><strong>Dixerat,</strong></span> <span class='ocrx_word' id='word_1_382' title='bbox 2237 3199 2292 3246; x_wconf 94' lang='lat' dir='ltr'><strong>et</strong></span> <span class='ocrx_word' id='word_1_383' title='bbox 2322 3191 2550 3256; x_wconf 82' lang='lat' dir='ltr'><strong>daemon,</strong></span> <span class='ocrx_word' id='word_1_384' title='bbox 2577 3203 2842 3244; x_wconf 89' lang='lat' dir='ltr'><strong>concusso</strong></span> <span class='ocrx_word' id='word_1_385' title='bbox 2881 3187 3116 3244; x_wconf 83' lang='lat' dir='ltr'><strong>culmine</strong></span> <span class='ocrx_word' id='word_1_386' title='bbox 3139 3185 3300 3256; x_wconf 87' lang='lat' dir='ltr'><strong>signi,</strong></span> 
     </span>
    </p>
   </div>
   <div class='ocr_carea' id='block_1_36' title="bbox 275 3265 3258 3356">
    <p class='ocr_par' dir='ltr' id='par_1_36' title="bbox 275 3265 3258 3356">
     <span class='ocr_line' id='line_1_36' title="bbox 275 3265 3258 3356; baseline 0.002 -30"><span class='ocrx_word' id='word_1_387' title='bbox 275 3272 556 3344; x_wconf 75' lang='lat' dir='ltr'><strong>Multiplici</strong></span> <span class='ocrx_word' id='word_1_388' title='bbox 589 3275 730 3332; x_wconf 90' lang='lat' dir='ltr'><strong>dono</strong></span> <span class='ocrx_word' id='word_1_389' title='bbox 757 3265 1042 3344; x_wconf 66' lang='lat' dir='ltr'><strong>distinctae,</strong></span> <span class='ocrx_word' id='word_1_390' title='bbox 1073 3279 1300 3352; x_wconf 81' lang='lat' dir='ltr'><strong>mystice</strong></span> <span class='ocrx_word' id='word_1_391' title='bbox 1325 3279 1562 3350; x_wconf 87' lang='lat' dir='ltr'><strong>signant.</strong></span> <span class='ocrx_word' id='word_1_392' title='bbox 1882 3291 1926 3356; x_wconf 72' lang='grc' dir='ltr'>α</span> <span class='ocrx_word' id='word_1_393' title='bbox 1957 3285 2134 3340; x_wconf 85' lang='lat' dir='ltr'><strong>Audet</strong></span> <span class='ocrx_word' id='word_1_394' title='bbox 2156 3285 2210 3338; x_wconf 89' lang='lat' dir='ltr'><strong>in</strong></span> <span class='ocrx_word' id='word_1_395' title='bbox 2235 3291 2442 3339; x_wconf 69' lang='lat' dir='ltr'><strong>mterno</strong></span> <span class='ocrx_word' id='word_1_396' title='bbox 2469 3281 2804 3354; x_wconf 89' lang='lat' dir='ltr'><strong>torquendus</strong></span> <span class='ocrx_word' id='word_1_397' title='bbox 2835 3279 3108 3350; x_wconf 81' lang='lat' dir='ltr'><strong>Sulphuris</strong></span> <span class='ocrx_word' id='word_1_398' title='bbox 3137 3279 3258 3350; x_wconf 86' lang='lat' dir='ltr'><strong>igne</strong></span> 
     </span>
    </p>
   </div>
   <div class='ocr_carea' id='block_1_37' title="bbox 271 3365 3164 3446">
    <p class='ocr_par' dir='ltr' id='par_1_37' title="bbox 271 3365 3164 3446">
     <span class='ocr_line' id='line_1_37' title="bbox 271 3365 3164 3446; baseline 0.002 -26"><span class='ocrx_word' id='word_1_399' title='bbox 271 3365 408 3422; x_wconf 86' lang='lat' dir='ltr'><strong>Nam</strong></span> <span class='ocrx_word' id='word_1_400' title='bbox 437 3367 692 3426; x_wconf 82' lang='lat' dir='ltr'><strong>dederam</strong></span> <span class='ocrx_word' id='word_1_401' title='bbox 717 3371 915 3426; x_wconf 88' lang='lat' dir='ltr'><strong>mundo</strong></span> <span class='ocrx_word' id='word_1_402' title='bbox 955 3371 1146 3438; x_wconf 86' lang='lat' dir='ltr'><strong>vitam,</strong></span> <span class='ocrx_word' id='word_1_403' title='bbox 1195 3387 1358 3444; x_wconf 88' lang='lat' dir='ltr'><strong>quam</strong></span> <span class='ocrx_word' id='word_1_404' title='bbox 1389 3372 1596 3446; x_wconf 89' lang='lat' dir='ltr'><strong>respuit</strong></span> <span class='ocrx_word' id='word_1_405' title='bbox 1623 3373 1794 3430; x_wconf 83' lang='lat' dir='ltr'><strong>Adam</strong></span> <span class='ocrx_word' id='word_1_406' title='bbox 1959 3375 2220 3432; x_wconf 84' lang='lat' dir='ltr'><strong>lnfestare</strong></span> <span class='ocrx_word' id='word_1_407' title='bbox 2249 3375 2346 3430; x_wconf 89' lang='lat' dir='ltr'><strong>Dei</strong></span> <span class='ocrx_word' id='word_1_408' title='bbox 2367 3373 2584 3442; x_wconf 79' lang='lat' dir='ltr'><strong>faciem,</strong></span> <span class='ocrx_word' id='word_1_409' title='bbox 2615 3387 2778 3444; x_wconf 89' lang='lat' dir='ltr'><strong>pomo</strong></span> <span class='ocrx_word' id='word_1_410' title='bbox 2815 3371 3164 3440; x_wconf 88' lang='lat' dir='ltr'><strong>eolubroque.</strong></span> 
     </span>
    </p>
   </div>
   <div class='ocr_carea' id='block_1_38' title="bbox 251 3457 3538 3556">
    <p class='ocr_par' dir='ltr' id='par_1_38' title="bbox 251 3457 3538 3556">
     <span class='ocr_line' id='line_1_38' title="bbox 251 3457 3538 3556; baseline 0.002 -28"><span class='ocrx_word' id='word_1_411' title='bbox 251 3457 534 3556; x_wconf 54' lang='grc' dir='ltr'><strong>’ξίυιξιθῐξίξ</strong></span> <span class='ocrx_word' id='word_1_412' title='bbox 575 3461 754 3530; x_wconf 71' lang='grc' dir='ltr'><strong>εθηετὶ</strong></span> <span class='ocrx_word' id='word_1_413' title='bbox 783 3461 1008 3556; x_wconf 66' lang='grc' dir='ltr'><strong>είεηθηε</strong></span> <span class='ocrx_word' id='word_1_414' title='bbox 1037 3463 1234 3520; x_wconf 69' lang='grc' dir='ltr'><strong>¹ει¹¹³¹θ</strong></span> <span class='ocrx_word' id='word_1_415' title='bbox 1263 3479 1550 3530; x_wconf 53' lang='lat' dir='ltr'><strong>&quot;animum,</strong></span> <span class='ocrx_word' id='word_1_416' title='bbox 1965 3485 2104 3542; x_wconf 80' lang='lat' dir='ltr'><strong>Fons</strong></span> <span class='ocrx_word' id='word_1_417' title='bbox 2149 3489 2268 3542; x_wconf 70' lang='lat' dir='ltr'><strong>vita:</strong></span> <span class='ocrx_word' id='word_1_418' title='bbox 2305 3495 2632 3542; x_wconf 72' lang='lat' dir='ltr'><strong>nataui-stur</strong></span> <span class='ocrx_word' id='word_1_419' title='bbox 2673 3503 2766 3556; x_wconf 84' lang='lat' dir='ltr'><strong>per</strong></span> <span class='ocrx_word' id='word_1_420' title='bbox 2805 3483 3072 3556; x_wconf 73' lang='lat' dir='ltr'><strong>Christum</strong></span> <span class='ocrx_word' id='word_1_421' title='bbox 3115 3489 3466 3552; x_wconf 74' lang='lat' dir='ltr'><strong>resurgentem</strong></span> <span class='ocrx_word' id='word_1_422' title='bbox 3507 3495 3538 3534; x_wconf 82' lang='grc' dir='ltr'><strong>τι</strong></span> 
     </span>
    </p>
   </div>
   <div class='ocr_carea' id='block_1_39' title="bbox 277 3549 2982 3628">
    <p class='ocr_par' dir='ltr' id='par_1_39' title="bbox 277 3549 2982 3628">
     <span class='ocr_line' id='line_1_39' title="bbox 277 3549 2982 3628; baseline 0.001 -23"><span class='ocrx_word' id='word_1_423' title='bbox 277 3549 428 3606; x_wconf 76' lang='lat' dir='ltr'><strong>Unde</strong></span> <span class='ocrx_word' id='word_1_424' title='bbox 459 3549 560 3614; x_wconf 88' lang='lat' dir='ltr'><strong>fuit</strong></span> <span class='ocrx_word' id='word_1_425' title='bbox 593 3561 784 3618; x_wconf 88' lang='lat' dir='ltr'><strong>totum,</strong></span> <span class='ocrx_word' id='word_1_426' title='bbox 815 3555 1006 3612; x_wconf 87' lang='lat' dir='ltr'><strong>mortis</strong></span> <span class='ocrx_word' id='word_1_427' title='bbox 1039 3557 1384 3626; x_wconf 87' lang='lat' dir='ltr'><strong>tenebrisque</strong></span> <span class='ocrx_word' id='word_1_428' title='bbox 1411 3567 1676 3628; x_wconf 83' lang='lat' dir='ltr'><strong>pererrat,</strong></span> <span class='ocrx_word' id='word_1_429' title='bbox 2511 3549 2694 3616; x_wconf 65' lang='lat' dir='ltr'><strong>nim-tis</strong></span> <span class='ocrx_word' id='word_1_430' title='bbox 2726 3555 2982 3628; x_wconf 75' lang='lat' dir='ltr'><strong>sepulcro.</strong></span> 
     </span>
    </p>
   </div>
   <div class='ocr_carea' id='block_1_40' title="bbox 275 3641 1872 3742">
    <p class='ocr_par' dir='ltr' id='par_1_40' title="bbox 275 3641 1506 3724">
     <span class='ocr_line' id='line_1_40' title="bbox 275 3641 1506 3724; baseline 0.006 -28"><span class='ocrx_word' id='word_1_431' title='bbox 275 3641 426 3698; x_wconf 89' lang='lat' dir='ltr'><strong>Illum</strong></span> <span class='ocrx_word' id='word_1_432' title='bbox 457 3645 548 3724; x_wconf 87' lang='lat' dir='ltr'><strong>qui</strong></span> <span class='ocrx_word' id='word_1_433' title='bbox 577 3643 702 3712; x_wconf 85' lang='lat' dir='ltr'><strong>feci,</strong></span> <span class='ocrx_word' id='word_1_434' title='bbox 723 3643 836 3716; x_wconf 90' lang='lat' dir='ltr'><strong>jam</strong></span> <span class='ocrx_word' id='word_1_435' title='bbox 865 3661 1106 3724; x_wconf 58' lang='lat' dir='ltr'><strong>praeeris</strong></span> <span class='ocrx_word' id='word_1_436' title='bbox 1133 3649 1246 3720; x_wconf 91' lang='lat' dir='ltr'><strong>ipse</strong></span> <span class='ocrx_word' id='word_1_437' title='bbox 1265 3649 1506 3719; x_wconf 88' lang='lat' dir='ltr'><strong>requiro.</strong></span> 
     </span>
    </p>
   </div>
   <div class='ocr_carea' id='block_1_41' title="bbox 1670 3641 3267 3742">
    <p class='ocr_par' dir='ltr' id='par_1_41' title="bbox 1957 3670 3267 3742">
     <span class='ocr_line' id='line_1_41' title="bbox 1957 3670 3267 3742; baseline -0.004 -13"><span class='ocrx_word' id='word_1_438' title='bbox 1957 3673 2140 3742; x_wconf 89' lang='lat' dir='ltr'><strong>Incipe</strong></span> <span class='ocrx_word' id='word_1_439' title='bbox 2165 3687 2308 3728; x_wconf 90' lang='lat' dir='ltr'><strong>nunc</strong></span> <span class='ocrx_word' id='word_1_440' title='bbox 2343 3687 2554 3728; x_wconf 87' lang='lat' dir='ltr'><strong>mecum</strong></span> <span class='ocrx_word' id='word_1_441' title='bbox 2579 3671 2820 3727; x_wconf 72' lang='lat' dir='ltr'><strong>ccclesiis</strong></span> <span class='ocrx_word' id='word_1_442' title='bbox 2847 3670 3020 3742; x_wconf 87' lang='lat' dir='ltr'><strong>gratia</strong></span> <span class='ocrx_word' id='word_1_443' title='bbox 3047 3683 3267 3726; x_wconf 87' lang='lat' dir='ltr'><strong>carmen</strong></span> 
     </span>
    </p>
   </div>
   <div class='ocr_carea' id='block_1_42' title="bbox 649 3757 3188 3834">
    <p class='ocr_par' dir='ltr' id='par_1_42' title="bbox 649 3757 3188 3834">
     <span class='ocr_line' id='line_1_42' title="bbox 649 3757 3188 3834; baseline 0.001 -20"><span class='ocrx_word' id='word_1_444' title='bbox 649 3757 840 3816; x_wconf 65' lang='lat' dir='ltr'><strong>Merito</strong></span> <span class='ocrx_word' id='word_1_445' title='bbox 865 3759 1132 3818; x_wconf 67' lang='lat' dir='ltr'><strong>exclusum</strong></span> <span class='ocrx_word' id='word_1_446' title='bbox 1159 3777 1188 3816; x_wconf 72' lang='grc' dir='ltr'><em>ε</em></span> <span class='ocrx_word' id='word_1_447' title='bbox 1209 3761 1480 3832; x_wconf 73' lang='lat' dir='ltr'><strong>paradiso.</strong></span> <span class='ocrx_word' id='word_1_448' title='bbox 1958 3763 2174 3818; x_wconf 64' lang='lat' dir='ltr'><strong>.‘Eterni</strong></span> <span class='ocrx_word' id='word_1_449' title='bbox 2203 3763 2388 3828; x_wconf 88' lang='lat' dir='ltr'><strong>fontis,</strong></span> <span class='ocrx_word' id='word_1_450' title='bbox 2415 3763 2590 3834; x_wconf 87' lang='lat' dir='ltr'><strong>ciphri</strong></span> <span class='ocrx_word' id='word_1_451' title='bbox 2621 3763 2914 3832; x_wconf 81' lang='lat' dir='ltr'><strong>paschalis,</strong></span> <span class='ocrx_word' id='word_1_452' title='bbox 2939 3771 2996 3818; x_wconf 91' lang='lat' dir='ltr'><strong>et</strong></span> <span class='ocrx_word' id='word_1_453' title='bbox 3023 3763 3188 3818; x_wconf 63' lang='lat' dir='ltr'><strong>horae.</strong></span> 
     </span>
    </p>
   </div>
   <div class='ocr_carea' id='block_1_43' title="bbox 276 3853 1873 3942">
    <p class='ocr_par' dir='ltr' id='par_1_43' title="bbox 276 3869 1748 3942">
     <span class='ocr_line' id='line_1_43' title="bbox 276 3869 1748 3942; baseline 0.004 -18"><span class='ocrx_word' id='word_1_454' title='bbox 276 3869 422 3942; x_wconf 85' lang='lat' dir='ltr'><strong>Eligo</strong></span> <span class='ocrx_word' id='word_1_455' title='bbox 457 3885 686 3942; x_wconf 84' lang='lat' dir='ltr'><strong>namque</strong></span> <span class='ocrx_word' id='word_1_456' title='bbox 713 3873 986 3928; x_wconf 86' lang='lat' dir='ltr'><strong>hominem</strong></span> <span class='ocrx_word' id='word_1_457' title='bbox 1015 3873 1252 3928; x_wconf 87' lang='lat' dir='ltr'><strong>moriens</strong></span> <span class='ocrx_word' id='word_1_458' title='bbox 1275 3873 1556 3930; x_wconf 84' lang='lat' dir='ltr'><strong>absolvere</strong></span> <span class='ocrx_word' id='word_1_459' title='bbox 1583 3873 1748 3940; x_wconf 88' lang='lat' dir='ltr'><strong>letho,</strong></span> 
     </span>
    </p>
   </div>
   <div class='ocr_carea' id='block_1_44' title="bbox 1844 3853 3441 3942">
    <p class='ocr_par' dir='ltr' id='par_1_44' title="bbox 1959 3853 3441 3926">
     <span class='ocr_line' id='line_1_44' title="bbox 1959 3853 3441 3926; baseline -0.003 -14"><span class='ocrx_word' id='word_1_460' title='bbox 1959 3857 2028 3912; x_wconf 78' lang='lat' dir='ltr'><strong>At</strong></span> <span class='ocrx_word' id='word_1_461' title='bbox 2055 3857 2265 3926; x_wconf 84' lang='lat' dir='ltr'><strong>patiens</strong></span> <span class='ocrx_word' id='word_1_462' title='bbox 2297 3855 2558 3912; x_wconf 87' lang='lat' dir='ltr'><strong>Dominus</strong></span> <span class='ocrx_word' id='word_1_463' title='bbox 2587 3857 2864 3910; x_wconf 84' lang='lat' dir='ltr'><strong>hominum</strong></span> <span class='ocrx_word' id='word_1_464' title='bbox 2895 3857 2984 3910; x_wconf 85' lang='lat' dir='ltr'><strong>cui</strong></span> <span class='ocrx_word' id='word_1_465' title='bbox 3007 3871 3134 3910; x_wconf 88' lang='lat' dir='ltr'><strong>cura</strong></span> <span class='ocrx_word' id='word_1_466' title='bbox 3155 3853 3441 3924; x_wconf 79' lang='lat' dir='ltr'><strong>perennis,</strong></span> 
     </span>
    </p>
   </div>
   <div class='ocr_carea' id='block_1_45' title="bbox 275 3945 1872 4036">
    <p class='ocr_par' dir='ltr' id='par_1_45' title="bbox 275 3961 1748 4036">
     <span class='ocr_line' id='line_1_45' title="bbox 275 3961 1748 4036; baseline 0.003 -20"><span class='ocrx_word' id='word_1_467' title='bbox 275 3961 520 4034; x_wconf 81' lang='lat' dir='ltr'><strong>Namque</strong></span> <span class='ocrx_word' id='word_1_468' title='bbox 542 3977 638 4034; x_wconf 87' lang='lat' dir='ltr'><strong>per</strong></span> <span class='ocrx_word' id='word_1_469' title='bbox 665 3979 948 4019; x_wconf 76' lang='lat' dir='ltr'><strong>excessum</strong></span> <span class='ocrx_word' id='word_1_470' title='bbox 979 3965 1146 4018; x_wconf 82' lang='lat' dir='ltr'><strong>vitam</strong></span> <span class='ocrx_word' id='word_1_471' title='bbox 1175 3979 1272 4034; x_wconf 90' lang='lat' dir='ltr'><strong>pro</strong></span> <span class='ocrx_word' id='word_1_472' title='bbox 1299 3973 1476 4019; x_wconf 88' lang='lat' dir='ltr'><strong>morte</strong></span> <span class='ocrx_word' id='word_1_473' title='bbox 1509 3965 1748 4036; x_wconf 88' lang='lat' dir='ltr'><strong>reliquit,</strong></span> 
     </span>
    </p>
   </div>
   <div class='ocr_carea' id='block_1_46' title="bbox 1866 3945 3463 4036">
    <p class='ocr_par' dir='ltr' id='par_1_46' title="bbox 1963 3945 3463 4018">
     <span class='ocr_line' id='line_1_46' title="bbox 1963 3945 3463 4018; baseline -0.003 -16"><span class='ocrx_word' id='word_1_474' title='bbox 1963 3947 2126 4018; x_wconf 82' lang='lat' dir='ltr'><strong>Signa</strong></span> <span class='ocrx_word' id='word_1_475' title='bbox 2149 3946 2294 4002; x_wconf 86' lang='lat' dir='ltr'><strong>levat</strong></span> <span class='ocrx_word' id='word_1_476' title='bbox 2321 3956 2510 4002; x_wconf 87' lang='lat' dir='ltr'><strong>contra</strong></span> <span class='ocrx_word' id='word_1_477' title='bbox 2541 3947 2766 4018; x_wconf 88' lang='lat' dir='ltr'><strong>lignum,</strong></span> <span class='ocrx_word' id='word_1_478' title='bbox 2795 3961 3122 4016; x_wconf 87' lang='lat' dir='ltr'><strong>pomumque</strong></span> <span class='ocrx_word' id='word_1_479' title='bbox 3161 3945 3463 4016; x_wconf 83' lang='lat' dir='ltr'><strong>Deumque;</strong></span> 
     </span>
    </p>
   </div>
   <div class='ocr_carea' id='block_1_47' title="bbox 275 4038 3358 4126">
    <p class='ocr_par' dir='ltr' id='par_1_47' title="bbox 275 4038 3358 4126">
     <span class='ocr_line' id='line_1_47' title="bbox 275 4038 3358 4126; baseline -0.001 -18"><span class='ocrx_word' id='word_1_480' title='bbox 275 4053 486 4124; x_wconf 84' lang='lat' dir='ltr'><strong>Proque</strong></span> <span class='ocrx_word' id='word_1_481' title='bbox 507 4055 618 4110; x_wconf 87' lang='lat' dir='ltr'><strong>suis</strong></span> <span class='ocrx_word' id='word_1_482' title='bbox 643 4055 852 4109; x_wconf 87' lang='lat' dir='ltr'><strong>meritis</strong></span> <span class='ocrx_word' id='word_1_483' title='bbox 875 4055 1110 4124; x_wconf 83' lang='lat' dir='ltr'><strong>paradisi</strong></span> <span class='ocrx_word' id='word_1_484' title='bbox 1135 4055 1370 4126; x_wconf 87' lang='lat' dir='ltr'><strong>perdidit</strong></span> <span class='ocrx_word' id='word_1_485' title='bbox 1393 4057 1593 4112; x_wconf 88' lang='lat' dir='ltr'><strong>aulam.</strong></span> <span class='ocrx_word' id='word_1_486' title='bbox 1959 4039 2066 4094; x_wconf 68' lang='grc' dir='ltr'><strong>Ρτο</strong></span> <span class='ocrx_word' id='word_1_487' title='bbox 2095 4038 2238 4094; x_wconf 63' lang='lat' dir='ltr'><strong>fimo</strong></span> <span class='ocrx_word' id='word_1_488' title='bbox 2261 4039 2406 4108; x_wconf 71' lang='lat' dir='ltr'><strong>Domi</strong></span> <span class='ocrx_word' id='word_1_489' title='bbox 2433 4053 2648 4096; x_wconf 63' lang='lat' dir='ltr'><strong>sacrum</strong></span> <span class='ocrx_word' id='word_1_490' title='bbox 2679 4039 2816 4094; x_wconf 67' lang='grc'><strong>(1³11⁸</strong></span> <span class='ocrx_word' id='word_1_491' title='bbox 2843 4039 2898 4093; x_wconf 75' lang='lat' dir='ltr'><strong>in</strong></span> <span class='ocrx_word' id='word_1_492' title='bbox 2925 4053 3090 4092; x_wconf 65' lang='lat' dir='ltr'>cruce</span> <span class='ocrx_word' id='word_1_493' title='bbox 3117 4051 3358 4106; x_wconf 70' lang='lat' dir='ltr'><strong>Pomm“-</strong></span> 
     </span>
    </p>
   </div>
   <div class='ocr_carea' id='block_1_48' title="bbox 275 4127 1872 4219">
    <p class='ocr_par' dir='ltr' id='par_1_48' title="bbox 275 4145 1554 4219">
     <span class='ocr_line' id='line_1_48' title="bbox 275 4145 1554 4219; baseline 0.003 -19"><span class='ocrx_word' id='word_1_494' title='bbox 275 4147 590 4219; x_wconf 86' lang='lat' dir='ltr'><strong>Cognitione</strong></span> <span class='ocrx_word' id='word_1_495' title='bbox 619 4145 713 4202; x_wconf 90' lang='lat' dir='ltr'><strong>Dei</strong></span> <span class='ocrx_word' id='word_1_496' title='bbox 741 4161 964 4210; x_wconf 82' lang='lat' dir='ltr'><strong>vacuus,</strong></span> <span class='ocrx_word' id='word_1_497' title='bbox 999 4147 1288 4204; x_wconf 84' lang='lat' dir='ltr'><strong>simulacra</strong></span> <span class='ocrx_word' id='word_1_498' title='bbox 1317 4147 1554 4218; x_wconf 91' lang='lat' dir='ltr'><strong>deosque</strong></span> 
     </span>
    </p>
   </div>
   <div class='ocr_carea' id='block_1_49' title="bbox 1825 4127 3422 4219">
    <p class='ocr_par' dir='ltr' id='par_1_49' title="bbox 1959 4127 3422 4198">
     <span class='ocr_line' id='line_1_49' title="bbox 1959 4127 3422 4198; baseline -0.001 -16"><span class='ocrx_word' id='word_1_499' title='bbox 1959 4127 2129 4198; x_wconf 81' lang='lat' dir='ltr'><strong>Hujus</strong></span> <span class='ocrx_word' id='word_1_500' title='bbox 2153 4143 2260 4182; x_wconf 90' lang='lat' dir='ltr'><strong>non</strong></span> <span class='ocrx_word' id='word_1_501' title='bbox 2281 4129 2516 4198; x_wconf 85' lang='lat' dir='ltr'><strong>speciem</strong></span> <span class='ocrx_word' id='word_1_502' title='bbox 2541 4128 2714 4196; x_wconf 90' lang='lat' dir='ltr'><strong>potuit</strong></span> <span class='ocrx_word' id='word_1_503' title='bbox 2741 4143 2884 4182; x_wconf 87' lang='lat' dir='ltr'><strong>mors</strong></span> <span class='ocrx_word' id='word_1_504' title='bbox 2913 4127 3030 4182; x_wconf 86' lang='lat' dir='ltr'><strong>l&#39;ere</strong></span> <span class='ocrx_word' id='word_1_505' title='bbox 3053 4141 3152 4180; x_wconf 84' lang='lat' dir='ltr'><strong>nec</strong></span> <span class='ocrx_word' id='word_1_506' title='bbox 3185 4127 3422 4196; x_wconf 83' lang='lat' dir='ltr'><strong>hydrus,</strong></span> 
     </span>
    </p>
   </div>
   <div class='ocr_carea' id='block_1_50' title="bbox 278 4215 1875 4310">
    <p class='ocr_par' dir='ltr' id='par_1_50' title="bbox 278 4215 1563 4310">
     <span class='ocr_line' id='line_1_50' title="bbox 278 4215 1563 4310; baseline 0 -18"><span class='ocrx_word' id='word_1_507' title='bbox 278 4215 526 4310; x_wconf 76' lang='lat' dir='ltr'><strong>Etligiare</strong></span> <span class='ocrx_word' id='word_1_508' title='bbox 551 4237 652 4292; x_wconf 91' lang='lat' dir='ltr'><strong>sibi</strong></span> <span class='ocrx_word' id='word_1_509' title='bbox 679 4238 904 4302; x_wconf 86' lang='lat' dir='ltr'><strong>studuit,</strong></span> <span class='ocrx_word' id='word_1_510' title='bbox 929 4237 1286 4308; x_wconf 88' lang='lat' dir='ltr'><strong>dominosque</strong></span> <span class='ocrx_word' id='word_1_511' title='bbox 1328 4215 1563 4308; x_wconf 75' lang='lat' dir='ltr'><strong>precari.</strong></span> 
     </span>
    </p>
   </div>
   <div class='ocr_carea' id='block_1_51' title="bbox 1946 4215 3543 4310">
    <p class='ocr_par' dir='ltr' id='par_1_51' title="bbox 1961 4215 3543 4292">
     <span class='ocr_line' id='line_1_51' title="bbox 1961 4215 3543 4292; baseline -0.001 -18"><span class='ocrx_word' id='word_1_512' title='bbox 1961 4219 2190 4291; x_wconf 83' lang='lat' dir='ltr'><strong>Moxque</strong></span> <span class='ocrx_word' id='word_1_513' title='bbox 2211 4219 2391 4292; x_wconf 86' lang='lat' dir='ltr'><strong>fugam</strong></span> <span class='ocrx_word' id='word_1_514' title='bbox 2419 4228 2692 4288; x_wconf 85' lang='lat' dir='ltr'><strong>caperent,</strong></span> <span class='ocrx_word' id='word_1_515' title='bbox 2721 4221 2764 4274; x_wconf 85' lang='lat' dir='ltr'><strong>si</strong></span> <span class='ocrx_word' id='word_1_516' title='bbox 2791 4235 2899 4274; x_wconf 88' lang='lat' dir='ltr'><strong>non</strong></span> <span class='ocrx_word' id='word_1_517' title='bbox 2933 4219 3016 4274; x_wconf 87' lang='lat' dir='ltr'><strong>vis</strong></span> <span class='ocrx_word' id='word_1_518' title='bbox 3055 4219 3304 4288; x_wconf 86' lang='lat' dir='ltr'><strong>proxima</strong></span> <span class='ocrx_word' id='word_1_519' title='bbox 3341 4215 3543 4272; x_wconf 83' lang='lat' dir='ltr'><strong>Christi</strong></span> 
     </span>
    </p>
   </div>
   <div class='ocr_carea' id='block_1_52' title="bbox 279 4311 1876 4400">
    <p class='ocr_par' dir='ltr' id='par_1_52' title="bbox 279 4329 1566 4400">
     <span class='ocr_line' id='line_1_52' title="bbox 279 4329 1566 4400; baseline -0.001 -16"><span class='ocrx_word' id='word_1_520' title='bbox 279 4331 430 4385; x_wconf 79' lang='lat' dir='ltr'><strong>l-lunc</strong></span> <span class='ocrx_word' id='word_1_521' title='bbox 457 4345 558 4400; x_wconf 84' lang='lat' dir='ltr'><strong>ego</strong></span> <span class='ocrx_word' id='word_1_522' title='bbox 585 4331 818 4396; x_wconf 79' lang='lat' dir='ltr'><strong>decrevi,</strong></span> <span class='ocrx_word' id='word_1_523' title='bbox 849 4329 948 4386; x_wconf 87' lang='lat' dir='ltr'><strong>soli</strong></span> <span class='ocrx_word' id='word_1_524' title='bbox 977 4331 1112 4385; x_wconf 88' lang='lat' dir='ltr'><strong>mihi</strong></span> <span class='ocrx_word' id='word_1_525' title='bbox 1145 4331 1380 4386; x_wconf 84' lang='lat' dir='ltr'><strong>subdere</strong></span> <span class='ocrx_word' id='word_1_526' title='bbox 1405 4331 1566 4386; x_wconf 83' lang='lat' dir='ltr'><strong>colla.</strong></span> 
     </span>
    </p>
   </div>
   <div class='ocr_carea' id='block_1_53' title="bbox 1710 4311 3307 4400">
    <p class='ocr_par' dir='ltr' id='par_1_53' title="bbox 1961 4311 3307 4386">
     <span class='ocr_line' id='line_1_53' title="bbox 1961 4311 3307 4386; baseline -0.003 -18"><span class='ocrx_word' id='word_1_527' title='bbox 1961 4313 2320 4386; x_wconf 86' lang='lat' dir='ltr'><strong>Majestasque</strong></span> <span class='ocrx_word' id='word_1_528' title='bbox 2357 4315 2452 4368; x_wconf 91' lang='lat' dir='ltr'><strong>Dei</strong></span> <span class='ocrx_word' id='word_1_529' title='bbox 2487 4313 2782 4368; x_wconf 83' lang='lat' dir='ltr'><strong>Leviathan</strong></span> <span class='ocrx_word' id='word_1_530' title='bbox 2811 4313 3104 4384; x_wconf 84' lang='lat' dir='ltr'><strong>prenderet</strong></span> <span class='ocrx_word' id='word_1_531' title='bbox 3129 4311 3307 4375; x_wconf 90' lang='lat' dir='ltr'><strong>hamo,</strong></span> 
     </span>
    </p>
   </div>
   <div class='ocr_carea' id='block_1_54' title="bbox 277 4401 1874 4494">
    <p class='ocr_par' dir='ltr' id='par_1_54' title="bbox 277 4401 1618 4494">
     <span class='ocr_line' id='line_1_54' title="bbox 277 4401 1618 4494; baseline 0.004 -20"><span class='ocrx_word' id='word_1_532' title='bbox 277 4421 412 4488; x_wconf 85' lang='lat' dir='ltr'><strong>Quid</strong></span> <span class='ocrx_word' id='word_1_533' title='bbox 441 4421 607 4475; x_wconf 81' lang='lat' dir='ltr'><strong>facit?</strong></span> <span class='ocrx_word' id='word_1_534' title='bbox 635 4423 704 4478; x_wconf 88' lang='lat' dir='ltr'><strong>ab</strong></span> <span class='ocrx_word' id='word_1_535' title='bbox 725 4423 860 4478; x_wconf 91' lang='lat' dir='ltr'><strong>furis</strong></span> <span class='ocrx_word' id='word_1_536' title='bbox 891 4423 1098 4492; x_wconf 85' lang='lat' dir='ltr'><strong>rapitur</strong></span> <span class='ocrx_word' id='word_1_537' title='bbox 1127 4423 1384 4494; x_wconf 88' lang='lat' dir='ltr'><strong>deceptus</strong></span> <span class='ocrx_word' id='word_1_538' title='bbox 1410 4401 1618 4490; x_wconf 64' lang='lat' dir='ltr'><strong>artiore,</strong></span> 
     </span>
    </p>
   </div>
   <div class='ocr_carea' id='block_1_55' title="bbox 1722 4401 3319 4494">
    <p class='ocr_par' dir='ltr' id='par_1_55' title="bbox 1959 4405 3319 4468">
     <span class='ocr_line' id='line_1_55' title="bbox 1959 4405 3319 4468; baseline -0.001 -8"><span class='ocrx_word' id='word_1_539' title='bbox 1959 4407 2027 4460; x_wconf 89' lang='lat' dir='ltr'><strong>Et</strong></span> <span class='ocrx_word' id='word_1_540' title='bbox 2055 4415 2212 4461; x_wconf 84' lang='lat' dir='ltr'><strong>natus</strong></span> <span class='ocrx_word' id='word_1_541' title='bbox 2233 4405 2470 4460; x_wconf 86' lang='lat' dir='ltr'><strong>hominis</strong></span> <span class='ocrx_word' id='word_1_542' title='bbox 2499 4413 2728 4460; x_wconf 86' lang='lat' dir='ltr'><strong>mortem</strong></span> <span class='ocrx_word' id='word_1_543' title='bbox 2763 4405 3048 4460; x_wconf 88' lang='lat' dir='ltr'><strong>moriendo</strong></span> <span class='ocrx_word' id='word_1_544' title='bbox 3075 4411 3319 4468; x_wconf 79' lang='lat' dir='ltr'><strong>necaret,</strong></span> 
     </span>
    </p>
   </div>
   <div class='ocr_carea' id='block_1_56' title="bbox 282 4495 3356 4588">
    <p class='ocr_par' dir='ltr' id='par_1_56' title="bbox 282 4495 3356 4588">
     <span class='ocr_line' id='line_1_56' title="bbox 282 4495 3356 4588; baseline -0.001 -34"><span class='ocrx_word' id='word_1_545' title='bbox 282 4513 456 4584; x_wconf 64' lang='lat' dir='ltr'><strong>mque</strong></span> <span class='ocrx_word' id='word_1_546' title='bbox 487 4511 658 4568; x_wconf 60' lang='lat' dir='ltr'><strong>Deum</strong></span> <span class='ocrx_word' id='word_1_547' title='bbox 685 4523 974 4568; x_wconf 54' lang='lat' dir='ltr'><strong>veneram-</strong></span> <span class='ocrx_word' id='word_1_548' title='bbox 991 4530 1142 4581; x_wconf 58' lang='lat' dir='ltr'><strong>eum,</strong></span> <span class='ocrx_word' id='word_1_549' title='bbox 1163 4515 1252 4570; x_wconf 71' lang='lat' dir='ltr'><strong>cui</strong></span> <span class='ocrx_word' id='word_1_550' title='bbox 1279 4495 1520 4571; x_wconf 48' lang='lat' dir='ltr'><strong>claustra</strong></span> <span class='ocrx_word' id='word_1_551' title='bbox 1561 4517 1822 4588; x_wconf 60' lang='grc' dir='ltr'><strong>εειιεηιηε</strong></span> <span class='ocrx_word' id='word_1_552' title='bbox 1958 4499 2060 4568; x_wconf 85' lang='lat' dir='ltr'><strong>Qui</strong></span> <span class='ocrx_word' id='word_1_553' title='bbox 2091 4511 2298 4572; x_wconf 89' lang='lat' dir='ltr'><strong>ponens</strong></span> <span class='ocrx_word' id='word_1_554' title='bbox 2328 4497 2564 4552; x_wconf 86' lang='lat' dir='ltr'><strong>animam</strong></span> <span class='ocrx_word' id='word_1_555' title='bbox 2595 4505 2786 4552; x_wconf 88' lang='lat' dir='ltr'><strong>sancto</strong></span> <span class='ocrx_word' id='word_1_556' title='bbox 2815 4497 3086 4550; x_wconf 89' lang='lat' dir='ltr'><strong>commisit</strong></span> <span class='ocrx_word' id='word_1_557' title='bbox 3115 4496 3184 4550; x_wconf 89' lang='lat' dir='ltr'><strong>ab</strong></span> <span class='ocrx_word' id='word_1_558' title='bbox 3219 4509 3312 4550; x_wconf 91' lang='lat' dir='ltr'><strong>ore</strong></span> <span class='ocrx_word' id='word_1_559' title='bbox 3341 4513 3356 4550; x_wconf 87' lang='lat'><strong>:</strong></span> 
     </span>
    </p>
   </div>
   <div class='ocr_carea' id='block_1_57' title="bbox 277 4587 1874 4686">
    <p class='ocr_par' dir='ltr' id='par_1_57' title="bbox 277 4587 1726 4686">
     <span class='ocr_line' id='line_1_57' title="bbox 277 4587 1726 4686; baseline 0.004 -28"><span class='ocrx_word' id='word_1_560' title='bbox 277 4603 488 4660; x_wconf 88' lang='lat' dir='ltr'><strong>lnferus</strong></span> <span class='ocrx_word' id='word_1_561' title='bbox 525 4615 582 4660; x_wconf 90' lang='lat' dir='ltr'><strong>et</strong></span> <span class='ocrx_word' id='word_1_562' title='bbox 609 4604 860 4672; x_wconf 68' lang='lat' dir='ltr'><strong>flammae,</strong></span> <span class='ocrx_word' id='word_1_563' title='bbox 895 4609 1236 4678; x_wconf 88' lang='lat' dir='ltr'><strong>tenebrisque</strong></span> <span class='ocrx_word' id='word_1_564' title='bbox 1257 4609 1488 4666; x_wconf 89' lang='lat' dir='ltr'><strong>obducta</strong></span> <span class='ocrx_word' id='word_1_565' title='bbox 1515 4625 1726 4686; x_wconf 83' lang='lat' dir='ltr'><strong>vorago_</strong></span> 
     </span>
    </p>
   </div>
   <div class='ocr_carea' id='block_1_58' title="bbox 1668 4587 3265 4686">
    <p class='ocr_par' dir='ltr' id='par_1_58' title="bbox 1668 4587 3265 4686">
     <span class='ocr_line' id='line_1_58' title="bbox 1668 4587 3265 4686; baseline -0.005 -38"><span class='ocrx_word' id='word_1_566' title='bbox 1668 4627 1714 4680; x_wconf 56' lang='grc' dir='ltr'><strong>ςο</strong></span> <span class='ocrx_word' id='word_1_567' title='bbox 1885 4659 1937 4686; x_wconf 54' lang='grc' dir='ltr'>ἢ</span> <span class='ocrx_word' id='word_1_568' title='bbox 1963 4591 2218 4646; x_wconf 86' lang='lat' dir='ltr'><strong>Protinus</strong></span> <span class='ocrx_word' id='word_1_569' title='bbox 2239 4591 2380 4644; x_wconf 86' lang='lat' dir='ltr'><strong>alma</strong></span> <span class='ocrx_word' id='word_1_570' title='bbox 2397 4589 2572 4658; x_wconf 86' lang='lat' dir='ltr'><strong>jubet,</strong></span> <span class='ocrx_word' id='word_1_571' title='bbox 2597 4591 2770 4644; x_wconf 88' lang='lat' dir='ltr'><strong>hostis</strong></span> <span class='ocrx_word' id='word_1_572' title='bbox 2793 4589 3094 4644; x_wconf 67' lang='lat' dir='ltr'><strong>sazvissima</strong></span> <span class='ocrx_word' id='word_1_573' title='bbox 3129 4587 3265 4643; x_wconf 86' lang='lat' dir='ltr'><strong>colla</strong></span> 
     </span>
    </p>
   </div>
   <div class='ocr_carea' id='block_1_59' title="bbox 273 4659 3314 4772">
    <p class='ocr_par' dir='ltr' id='par_1_59' title="bbox 273 4659 3314 4772">
     <span class='ocr_line' id='line_1_59' title="bbox 273 4659 3314 4772; baseline -0.001 -32"><span class='ocrx_word' id='word_1_574' title='bbox 273 4699 404 4752; x_wconf 66' lang='lat' dir='ltr'><strong>Am</strong></span> <span class='ocrx_word' id='word_1_575' title='bbox 435 4706 620 4754; x_wconf 60' lang='lat' dir='ltr'><strong>mane;</strong></span> <span class='ocrx_word' id='word_1_576' title='bbox 645 4699 822 4764; x_wconf 59' lang='lat' dir='ltr'><strong>sedes,</strong></span> <span class='ocrx_word' id='word_1_577' title='bbox 849 4659 1182 4770; x_wconf 49' lang='lat' dir='ltr'><strong>spirantum;</strong></span> <span class='ocrx_word' id='word_1_578' title='bbox 1211 4701 1448 4772; x_wconf 62' lang='lat' dir='ltr'><strong>“nmque</strong></span> <span class='ocrx_word' id='word_1_579' title='bbox 1475 4659 1728 4764; x_wconf 50' lang='grc' dir='ltr'><strong>ιιίιιηωτξεξ</strong></span> <span class='ocrx_word' id='word_1_580' title='bbox 1883 4659 1938 4724; x_wconf 77' lang='lat' dir='ltr'><strong>D</strong></span> <span class='ocrx_word' id='word_1_581' title='bbox 1963 4685 2172 4742; x_wconf 81' lang='lat' dir='ltr'><strong>Divinis</strong></span> <span class='ocrx_word' id='word_1_582' title='bbox 2199 4683 2390 4756; x_wconf 89' lang='lat' dir='ltr'><strong>stringi</strong></span> <span class='ocrx_word' id='word_1_583' title='bbox 2421 4683 2646 4750; x_wconf 82' lang='lat' dir='ltr'><strong>vinclis;</strong></span> <span class='ocrx_word' id='word_1_584' title='bbox 2679 4691 2998 4752; x_wconf 84' lang='lat' dir='ltr'><strong>torvumque</strong></span> <span class='ocrx_word' id='word_1_585' title='bbox 3025 4681 3314 4736; x_wconf 86' lang='lat' dir='ltr'><strong>draconem</strong></span> 
     </span>
    </p>
   </div>
   <div class='ocr_carea' id='block_1_60' title="bbox 275 4789 3150 4866">
    <p class='ocr_par' dir='ltr' id='par_1_60' title="bbox 275 4789 3150 4866">
     <span class='ocr_line' id='line_1_60' title="bbox 275 4789 3150 4866; baseline 0 -18"><span class='ocrx_word' id='word_1_586' title='bbox 275 4789 319 4848; x_wconf 90' lang='grc' dir='ltr'>Ο</span> <span class='ocrx_word' id='word_1_587' title='bbox 347 4791 556 4846; x_wconf 87' lang='lat' dir='ltr'><strong>factura</strong></span> <span class='ocrx_word' id='word_1_588' title='bbox 581 4793 710 4857; x_wconf 89' lang='lat' dir='ltr'><strong>mei,</strong></span> <span class='ocrx_word' id='word_1_589' title='bbox 749 4791 888 4846; x_wconf 88' lang='lat' dir='ltr'><strong>tristi</strong></span> <span class='ocrx_word' id='word_1_590' title='bbox 917 4795 1016 4849; x_wconf 85' lang='lat' dir='ltr'><strong>sub</strong></span> <span class='ocrx_word' id='word_1_591' title='bbox 1045 4803 1190 4850; x_wconf 91' lang='lat' dir='ltr'><strong>sorte</strong></span> <span class='ocrx_word' id='word_1_592' title='bbox 1217 4795 1500 4850; x_wconf 86' lang='lat' dir='ltr'><strong>laborans!</strong></span> <span class='ocrx_word' id='word_1_593' title='bbox 2347 4795 2536 4849; x_wconf 78' lang='lat' dir='ltr'><strong>Portus</strong></span> <span class='ocrx_word' id='word_1_594' title='bbox 2563 4799 2746 4850; x_wconf 75' lang='lat' dir='ltr'><strong>mortis</strong></span> <span class='ocrx_word' id='word_1_595' title='bbox 2775 4795 3150 4866; x_wconf 69' lang='lat' dir='ltr'><strong>e/fringentem.</strong></span> 
     </span>
    </p>
   </div>
   <div class='ocr_carea' id='block_1_61' title="bbox 275 4883 3544 4960">
    <p class='ocr_par' dir='ltr' id='par_1_61' title="bbox 275 4883 3544 4960">
     <span class='ocr_line' id='line_1_61' title="bbox 275 4883 3544 4960; baseline 0.001 -22"><span class='ocrx_word' id='word_1_596' title='bbox 275 4883 450 4952; x_wconf 87' lang='lat' dir='ltr'><strong>Quam</strong></span> <span class='ocrx_word' id='word_1_597' title='bbox 487 4883 590 4940; x_wconf 91' lang='lat' dir='ltr'><strong>feci</strong></span> <span class='ocrx_word' id='word_1_598' title='bbox 621 4887 872 4942; x_wconf 87' lang='lat' dir='ltr'><strong>manibus</strong></span> <span class='ocrx_word' id='word_1_599' title='bbox 897 4885 1606 4960; x_wconf 76' lang='lat' dir='ltr'><strong>facieni,vitaquereplevi,</strong></span> <span class='ocrx_word' id='word_1_600' title='bbox 1963 4891 2080 4946; x_wconf 70' lang='lat' dir='ltr'><strong>iam</strong></span> <span class='ocrx_word' id='word_1_601' title='bbox 2129 4899 2396 4945; x_wconf 85' lang='lat' dir='ltr'><strong>tormenta</strong></span> <span class='ocrx_word' id='word_1_602' title='bbox 2447 4899 2698 4960; x_wconf 90' lang='lat' dir='ltr'><strong>premunt</strong></span> <span class='ocrx_word' id='word_1_603' title='bbox 2745 4897 3016 4958; x_wconf 88' lang='lat' dir='ltr'><strong>suspecta,</strong></span> <span class='ocrx_word' id='word_1_604' title='bbox 3069 4891 3397 4960; x_wconf 88' lang='lat' dir='ltr'><strong>trahuntque</strong></span> <span class='ocrx_word' id='word_1_605' title='bbox 3447 4903 3544 4958; x_wconf 87' lang='lat' dir='ltr'><strong>ge-</strong></span> 
     </span>
    </p>
   </div>
   <div class='ocr_carea' id='block_1_62' title="bbox 275 4973 3544 5054">
    <p class='ocr_par' dir='ltr' id='par_1_62' title="bbox 275 4973 3544 5054">
     <span class='ocr_line' id='line_1_62' title="bbox 275 4973 3544 5054; baseline 0.001 -23"><span class='ocrx_word' id='word_1_606' title='bbox 275 4975 356 5031; x_wconf 82' lang='lat' dir='ltr'><strong>Ad</strong></span> <span class='ocrx_word' id='word_1_607' title='bbox 387 4989 474 5029; x_wconf 91' lang='lat' dir='ltr'><strong>me</strong></span> <span class='ocrx_word' id='word_1_608' title='bbox 499 4973 772 5030; x_wconf 86' lang='lat' dir='ltr'><strong>deﬂectas.</strong></span> <span class='ocrx_word' id='word_1_609' title='bbox 801 4975 934 5032; x_wconf 76' lang='lat' dir='ltr'><strong>Nam</strong></span> <span class='ocrx_word' id='word_1_610' title='bbox 958 4977 1048 5048; x_wconf 90' lang='lat' dir='ltr'><strong>qui</strong></span> <span class='ocrx_word' id='word_1_611' title='bbox 1075 4993 1208 5032; x_wconf 87' lang='lat' dir='ltr'><strong>voco</strong></span> <span class='ocrx_word' id='word_1_612' title='bbox 1230 4993 1456 5050; x_wconf 90' lang='lat' dir='ltr'><strong>corpore</strong></span> <span class='ocrx_word' id='word_1_613' title='bbox 1485 4989 1698 5050; x_wconf 88' lang='lat' dir='ltr'><strong>sumpto</strong></span> <span class='ocrx_word' id='word_1_614' title='bbox 2007 4995 2012 5002; x_wconf 83' lang='lat'>&#39;</span> <span class='ocrx_word' id='word_1_615' title='bbox 3269 4981 3544 5054; x_wconf 88' lang='lat' dir='ltr'><strong>[mentem</strong></span> 
     </span>
    </p>
   </div>
   <div class='ocr_carea' id='block_1_63' title="bbox 277 5067 3334 5144">
    <p class='ocr_par' dir='ltr' id='par_1_63' title="bbox 277 5067 3334 5144">
     <span class='ocr_line' id='line_1_63' title="bbox 277 5067 3334 5144; baseline 0.003 -24"><span class='ocrx_word' id='word_1_616' title='bbox 277 5067 352 5122; x_wconf 88' lang='lat' dir='ltr'><strong>Te</strong></span> <span class='ocrx_word' id='word_1_617' title='bbox 381 5081 642 5124; x_wconf 85' lang='lat' dir='ltr'><strong>revocare</strong></span> <span class='ocrx_word' id='word_1_618' title='bbox 671 5067 878 5130; x_wconf 89' lang='lat' dir='ltr'><strong>volens,</strong></span> <span class='ocrx_word' id='word_1_619' title='bbox 909 5069 1030 5124; x_wconf 89' lang='lat' dir='ltr'><strong>veni</strong></span> <span class='ocrx_word' id='word_1_620' title='bbox 1063 5069 1356 5126; x_wconf 89' lang='lat' dir='ltr'><strong>moriturus</strong></span> <span class='ocrx_word' id='word_1_621' title='bbox 1394 5071 1446 5126; x_wconf 89' lang='lat' dir='ltr'><strong>in</strong></span> <span class='ocrx_word' id='word_1_622' title='bbox 1477 5073 1666 5128; x_wconf 83' lang='lat' dir='ltr'><strong>orbein</strong></span> <span class='ocrx_word' id='word_1_623' title='bbox 1965 5073 2046 5128; x_wconf 80' lang='lat' dir='ltr'><strong>Ad</strong></span> <span class='ocrx_word' id='word_1_624' title='bbox 2079 5083 2266 5144; x_wconf 87' lang='lat' dir='ltr'><strong>portas</strong></span> <span class='ocrx_word' id='word_1_625' title='bbox 2287 5073 2750 5138; x_wconf 67' lang='lat' dir='ltr'><strong>erebi,‘Domlnus</strong></span> <span class='ocrx_word' id='word_1_626' title='bbox 2775 5089 2910 5144; x_wconf 87' lang='lat' dir='ltr'><strong>quas</strong></span> <span class='ocrx_word' id='word_1_627' title='bbox 2936 5073 3136 5138; x_wconf 88' lang='lat' dir='ltr'><strong>obruit,</strong></span> <span class='ocrx_word' id='word_1_628' title='bbox 3171 5083 3334 5144; x_wconf 85' lang='lat' dir='ltr'><strong>atque</strong></span> 
     </span>
    </p>
   </div>
   <div class='ocr_carea' id='block_1_64' title="bbox 281 5157 3223 5236">
    <p class='ocr_par' dir='ltr' id='par_1_64' title="bbox 281 5157 3223 5236">
     <span class='ocr_line' id='line_1_64' title="bbox 281 5157 3223 5236; baseline 0.003 -24"><span class='ocrx_word' id='word_1_629' title='bbox 281 5157 520 5228; x_wconf 89' lang='lat' dir='ltr'><strong>Signifer</strong></span> <span class='ocrx_word' id='word_1_630' title='bbox 545 5157 636 5214; x_wconf 92' lang='lat' dir='ltr'><strong>ille</strong></span> <span class='ocrx_word' id='word_1_631' title='bbox 661 5159 878 5230; x_wconf 90' lang='lat' dir='ltr'><strong>quidem</strong></span> <span class='ocrx_word' id='word_1_632' title='bbox 903 5159 1058 5226; x_wconf 89' lang='lat' dir='ltr'><strong>lethi,</strong></span> <span class='ocrx_word' id='word_1_633' title='bbox 1075 5163 1370 5232; x_wconf 88' lang='lat' dir='ltr'><strong>mortisque</strong></span> <span class='ocrx_word' id='word_1_634' title='bbox 1397 5171 1640 5234; x_wconf 81' lang='lat' dir='ltr'><strong>repertor</strong></span> <span class='ocrx_word' id='word_1_635' title='bbox 1967 5167 2196 5222; x_wconf 81' lang='lat' dir='ltr'><strong>Tartara</strong></span> <span class='ocrx_word' id='word_1_636' title='bbox 2223 5167 2471 5236; x_wconf 87' lang='lat' dir='ltr'><strong>disrupit.</strong></span> <span class='ocrx_word' id='word_1_637' title='bbox 2497 5165 2632 5222; x_wconf 65' lang='lat' dir='ltr'><strong>Caeci</strong></span> <span class='ocrx_word' id='word_1_638' title='bbox 2661 5173 2788 5222; x_wconf 85' lang='lat' dir='ltr'><strong>tunc</strong></span> <span class='ocrx_word' id='word_1_639' title='bbox 2816 5167 3056 5222; x_wconf 83' lang='lat' dir='ltr'><strong>carceris</strong></span> <span class='ocrx_word' id='word_1_640' title='bbox 3081 5167 3223 5220; x_wconf 74' lang='lat' dir='ltr'><strong>mdes</strong></span> 
     </span>
    </p>
   </div>
   <div class='ocr_carea' id='block_1_65' title="bbox 280 5247 3264 5322">
    <p class='ocr_par' dir='ltr' id='par_1_65' title="bbox 280 5247 3264 5322">
     <span class='ocr_line' id='line_1_65' title="bbox 280 5247 3264 5322; baseline 0.002 -20"><span class='ocrx_word' id='word_1_641' title='bbox 280 5247 502 5310; x_wconf 82' lang='lat' dir='ltr'><strong>Talibus</strong></span> <span class='ocrx_word' id='word_1_642' title='bbox 526 5249 746 5318; x_wconf 87' lang='lat' dir='ltr'><strong>auditis,</strong></span> <span class='ocrx_word' id='word_1_643' title='bbox 769 5249 926 5306; x_wconf 82' lang='lat' dir='ltr'><strong>furiis</strong></span> <span class='ocrx_word' id='word_1_644' title='bbox 953 5265 1214 5308; x_wconf 83' lang='lat' dir='ltr'><strong>accensus</strong></span> <span class='ocrx_word' id='word_1_645' title='bbox 1243 5261 1294 5314; x_wconf 90' lang='lat' dir='ltr'><strong>et</strong></span> <span class='ocrx_word' id='word_1_646' title='bbox 1327 5253 1428 5318; x_wconf 89' lang='lat' dir='ltr'><strong>ira,</strong></span> <span class='ocrx_word' id='word_1_647' title='bbox 1965 5257 2080 5314; x_wconf 86' lang='lat' dir='ltr'><strong>Lux</strong></span> <span class='ocrx_word' id='word_1_648' title='bbox 2111 5259 2251 5314; x_wconf 86' lang='lat' dir='ltr'><strong>Deus</strong></span> <span class='ocrx_word' id='word_1_649' title='bbox 2289 5257 2578 5322; x_wconf 71' lang='lat' dir='ltr'><strong>iri-adiens,</strong></span> <span class='ocrx_word' id='word_1_650' title='bbox 2609 5257 2808 5314; x_wconf 88' lang='lat' dir='ltr'><strong>evertit</strong></span> <span class='ocrx_word' id='word_1_651' title='bbox 2835 5257 2958 5314; x_wconf 89' lang='lat' dir='ltr'><strong>luce</strong></span> <span class='ocrx_word' id='word_1_652' title='bbox 2991 5257 3264 5312; x_wconf 85' lang='lat' dir='ltr'><strong>tenebras.</strong></span> 
     </span>
    </p>
   </div>
   <div class='ocr_carea' id='block_1_66' title="bbox 281 5339 1671 5417">
    <p class='ocr_par' dir='ltr' id='par_1_66' title="bbox 281 5339 1671 5417">
     <span class='ocr_line' id='line_1_66' title="bbox 281 5339 1671 5417; baseline 0.004 -21"><span class='ocrx_word' id='word_1_653' title='bbox 281 5339 502 5398; x_wconf 84' lang='lat' dir='ltr'><strong>Artibus</strong></span> <span class='ocrx_word' id='word_1_654' title='bbox 528 5340 806 5400; x_wconf 87' lang='lat' dir='ltr'><strong>insimulat</strong></span> <span class='ocrx_word' id='word_1_655' title='bbox 829 5341 984 5412; x_wconf 85' lang='lat' dir='ltr'><strong>fidis;</strong></span> <span class='ocrx_word' id='word_1_656' title='bbox 1016 5341 1114 5398; x_wconf 86' lang='lat' dir='ltr'><strong>Sat</strong></span> <span class='ocrx_word' id='word_1_657' title='bbox 1145 5359 1448 5416; x_wconf 87' lang='lat' dir='ltr'><strong>possumus,</strong></span> <span class='ocrx_word' id='word_1_658' title='bbox 1479 5347 1671 5417; x_wconf 91' lang='lat' dir='ltr'><strong>inquit.</strong></span> 
     </span>
    </p>
   </div>
   <div class='ocr_carea' id='block_1_67' title="bbox 281 5433 1764 5498">
    <p class='ocr_par' dir='ltr' id='par_1_67' title="bbox 281 5433 1764 5498">
     <span class='ocr_line' id='line_1_67' title="bbox 281 5433 1764 5498; baseline 0.007 -10"><span class='ocrx_word' id='word_1_659' title='bbox 281 5433 414 5490; x_wconf 87' lang='lat' dir='ltr'><strong>Cum</strong></span> <span class='ocrx_word' id='word_1_660' title='bbox 439 5443 612 5492; x_wconf 86' lang='lat' dir='ltr'><strong>mater</strong></span> <span class='ocrx_word' id='word_1_661' title='bbox 639 5435 918 5498; x_wconf 87' lang='lat' dir='ltr'><strong>hominum</strong></span> <span class='ocrx_word' id='word_1_662' title='bbox 949 5445 1136 5494; x_wconf 89' lang='lat' dir='ltr'><strong>nostro</strong></span> <span class='ocrx_word' id='word_1_663' title='bbox 1163 5439 1284 5494; x_wconf 89' lang='lat' dir='ltr'><strong>sine</strong></span> <span class='ocrx_word' id='word_1_664' title='bbox 1305 5439 1526 5494; x_wconf 87' lang='lat' dir='ltr'><strong>numine</strong></span> <span class='ocrx_word' id='word_1_665' title='bbox 1555 5447 1764 5498; x_wconf 85' lang='lat' dir='ltr'><strong>tantum</strong></span> 
     </span>
    </p>
   </div>
   <div class='ocr_carea' id='block_1_68' title="bbox 285 5525 3232 5602">
    <p class='ocr_par' dir='ltr' id='par_1_68' title="bbox 285 5525 3232 5602">
     <span class='ocr_line' id='line_1_68' title="bbox 285 5525 3232 5602; baseline 0 -20"><span class='ocrx_word' id='word_1_666' title='bbox 285 5526 526 5584; x_wconf 87' lang='lat' dir='ltr'><strong>Ediderit</strong></span> <span class='ocrx_word' id='word_1_667' title='bbox 551 5529 730 5594; x_wconf 88' lang='lat' dir='ltr'><strong>terris,</strong></span> <span class='ocrx_word' id='word_1_668' title='bbox 762 5529 960 5600; x_wconf 88' lang='lat' dir='ltr'><strong>culpati</strong></span> <span class='ocrx_word' id='word_1_669' title='bbox 983 5531 1162 5586; x_wconf 85' lang='lat' dir='ltr'><strong>nescia</strong></span> <span class='ocrx_word' id='word_1_670' title='bbox 1185 5539 1392 5602; x_wconf 84' lang='lat' dir='ltr'><strong>partus.</strong></span> <span class='ocrx_word' id='word_1_671' title='bbox 1965 5529 2010 5586; x_wconf 92' lang='grc'><strong>0</strong></span> <span class='ocrx_word' id='word_1_672' title='bbox 2039 5545 2174 5586; x_wconf 89' lang='lat' dir='ltr'><strong>nova</strong></span> <span class='ocrx_word' id='word_1_673' title='bbox 2203 5531 2430 5602; x_wconf 83' lang='lat' dir='ltr'><strong>captivis</strong></span> <span class='ocrx_word' id='word_1_674' title='bbox 2461 5527 2628 5584; x_wconf 88' lang='lat' dir='ltr'><strong>facies</strong></span> <span class='ocrx_word' id='word_1_675' title='bbox 2655 5539 2780 5584; x_wconf 89' lang='lat' dir='ltr'><strong>tunc</strong></span> <span class='ocrx_word' id='word_1_676' title='bbox 2807 5529 2920 5582; x_wconf 86' lang='lat' dir='ltr'><strong>visa</strong></span> <span class='ocrx_word' id='word_1_677' title='bbox 2951 5525 3232 5594; x_wconf 84' lang='lat' dir='ltr'><strong>Tonantis,</strong></span> 
     </span>
    </p>
   </div>
   <div class='ocr_carea' id='block_1_69' title="bbox 2129 5391 3398 5464">
    <p class='ocr_par' dir='ltr' id='par_1_69' title="bbox 2129 5391 3398 5464">
     <span class='ocr_line' id='line_1_69' title="bbox 2129 5391 3398 5464; baseline -0.002 -16"><span class='ocrx_word' id='word_1_678' title='bbox 2129 5393 2196 5448; x_wconf 87' lang='lat' dir='ltr'><strong>Et</strong></span> <span class='ocrx_word' id='word_1_679' title='bbox 2229 5395 2530 5464; x_wconf 81' lang='lat' dir='ltr'><strong>eripientem</strong></span> <span class='ocrx_word' id='word_1_680' title='bbox 2550 5411 2577 5448; x_wconf 78' lang='grc' dir='ltr'><em>ε</em></span> <span class='ocrx_word' id='word_1_681' title='bbox 2609 5393 2846 5460; x_wconf 74' lang='lat' dir='ltr'><strong>faucibus</strong></span> <span class='ocrx_word' id='word_1_682' title='bbox 2871 5391 3112 5447; x_wconf 73' lang='lat' dir='ltr'><strong>draconis</strong></span> <span class='ocrx_word' id='word_1_683' title='bbox 3147 5391 3398 5450; x_wconf 62' lang='lat' dir='ltr'><strong>homines.</strong></span> 
     </span>
    </p>
   </div>
   <div class='ocr_carea' id='block_1_70' title="bbox 285 5617 3368 5710">
    <p class='ocr_par' dir='ltr' id='par_1_70' title="bbox 285 5617 3368 5710">
     <span class='ocr_line' id='line_1_70' title="bbox 285 5617 3368 5710; baseline -0 -34"><span class='ocrx_word' id='word_1_684' title='bbox 285 5617 542 5678; x_wconf 87' lang='lat' dir='ltr'><strong>Conditor</strong></span> <span class='ocrx_word' id='word_1_685' title='bbox 565 5621 654 5678; x_wconf 89' lang='lat' dir='ltr'><strong>ille</strong></span> <span class='ocrx_word' id='word_1_686' title='bbox 681 5631 890 5694; x_wconf 88' lang='lat' dir='ltr'><strong>potens,</strong></span> <span class='ocrx_word' id='word_1_687' title='bbox 914 5621 1034 5680; x_wconf 64' lang='lat' dir='ltr'><strong>coeli</strong></span> <span class='ocrx_word' id='word_1_688' title='bbox 1059 5625 1148 5692; x_wconf 90' lang='lat' dir='ltr'><strong>qui</strong></span> <span class='ocrx_word' id='word_1_689' title='bbox 1171 5623 1410 5696; x_wconf 89' lang='lat' dir='ltr'><strong>possidet</strong></span> <span class='ocrx_word' id='word_1_690' title='bbox 1437 5639 1640 5692; x_wconf 86' lang='lat' dir='ltr'><strong>arcem,</strong></span> <span class='ocrx_word' id='word_1_691' title='bbox 1967 5623 2069 5694; x_wconf 92' lang='lat' dir='ltr'><strong>Qui</strong></span> <span class='ocrx_word' id='word_1_692' title='bbox 2093 5639 2260 5694; x_wconf 85' lang='lat' dir='ltr'><strong>genus</strong></span> <span class='ocrx_word' id='word_1_693' title='bbox 2289 5623 2582 5678; x_wconf 90' lang='lat' dir='ltr'><strong>humanum</strong></span> <span class='ocrx_word' id='word_1_694' title='bbox 2617 5621 2792 5692; x_wconf 87' lang='lat' dir='ltr'><strong>rapuit</strong></span> <span class='ocrx_word' id='word_1_695' title='bbox 2815 5618 2880 5672; x_wconf 90' lang='lat' dir='ltr'><strong>de</strong></span> <span class='ocrx_word' id='word_1_696' title='bbox 2917 5617 3072 5674; x_wconf 83' lang='lat' dir='ltr'><strong>fauce</strong></span> <span class='ocrx_word' id='word_1_697' title='bbox 3100 5621 3368 5710; x_wconf 80' lang='lat' dir='ltr'><strong>draconis.</strong></span> 
     </span>
    </p>
   </div>
   <div class='ocr_carea' id='block_1_71' title="bbox 285 5709 3288 5788">
    <p class='ocr_par' dir='ltr' id='par_1_71' title="bbox 285 5709 3288 5788">
     <span class='ocr_line' id='line_1_71' title="bbox 285 5709 3288 5788; baseline 0.001 -22"><span class='ocrx_word' id='word_1_698' title='bbox 285 5709 340 5766; x_wconf 88' lang='lat' dir='ltr'><strong>lu</strong></span> <span class='ocrx_word' id='word_1_699' title='bbox 369 5713 532 5768; x_wconf 87' lang='lat' dir='ltr'><strong>terris</strong></span> <span class='ocrx_word' id='word_1_700' title='bbox 555 5713 828 5770; x_wconf 89' lang='lat' dir='ltr'><strong>hominem</strong></span> <span class='ocrx_word' id='word_1_701' title='bbox 859 5715 1090 5786; x_wconf 87' lang='lat' dir='ltr'><strong>primum</strong></span> <span class='ocrx_word' id='word_1_702' title='bbox 1115 5731 1276 5788; x_wconf 90' lang='lat' dir='ltr'><strong>quem</strong></span> <span class='ocrx_word' id='word_1_703' title='bbox 1315 5715 1466 5782; x_wconf 90' lang='lat' dir='ltr'><strong>fecit,</strong></span> <span class='ocrx_word' id='word_1_704' title='bbox 1505 5717 1668 5783; x_wconf 87' lang='lat' dir='ltr'><strong>adivi,</strong></span> <span class='ocrx_word' id='word_1_705' title='bbox 1967 5715 2190 5772; x_wconf 80' lang='lat' dir='ltr'><strong>Vincula</strong></span> <span class='ocrx_word' id='word_1_706' title='bbox 2223 5717 2488 5784; x_wconf 86' lang='lat' dir='ltr'><strong>dissolvit,</strong></span> <span class='ocrx_word' id='word_1_707' title='bbox 2517 5715 2750 5788; x_wconf 76' lang='lat' dir='ltr'><strong>przedam</strong></span> <span class='ocrx_word' id='word_1_708' title='bbox 2779 5711 3022 5782; x_wconf 87' lang='lat' dir='ltr'><strong>patrique</strong></span> <span class='ocrx_word' id='word_1_709' title='bbox 3053 5709 3288 5780; x_wconf 82' lang='lat' dir='ltr'><strong>reduxit,</strong></span> 
     </span>
    </p>
   </div>
   <div class='ocr_carea' id='block_1_72' title="bbox 289 5804 3294 5882">
    <p class='ocr_par' dir='ltr' id='par_1_72' title="bbox 289 5804 3294 5882">
     <span class='ocr_line' id='line_1_72' title="bbox 289 5804 3294 5882; baseline 0.001 -22"><span class='ocrx_word' id='word_1_710' title='bbox 289 5804 586 5876; x_wconf 86' lang='lat' dir='ltr'><strong>Disjecique</strong></span> <span class='ocrx_word' id='word_1_711' title='bbox 613 5807 726 5862; x_wconf 88' lang='lat' dir='ltr'><strong>suis</strong></span> <span class='ocrx_word' id='word_1_712' title='bbox 753 5807 994 5864; x_wconf 81' lang='lat' dir='ltr'><strong>clausum</strong></span> <span class='ocrx_word' id='word_1_713' title='bbox 1025 5825 1184 5880; x_wconf 89' lang='lat' dir='ltr'><strong>quem</strong></span> <span class='ocrx_word' id='word_1_714' title='bbox 1216 5819 1458 5882; x_wconf 88' lang='lat' dir='ltr'><strong>sepserat</strong></span> <span class='ocrx_word' id='word_1_715' title='bbox 1489 5810 1646 5878; x_wconf 87' lang='lat' dir='ltr'><strong>aulis,</strong></span> <span class='ocrx_word' id='word_1_716' title='bbox 1969 5811 2312 5882; x_wconf 62' lang='lat' dir='ltr'><strong>Armillteque</strong></span> <span class='ocrx_word' id='word_1_717' title='bbox 2345 5819 2510 5866; x_wconf 85' lang='lat' dir='ltr'><strong>tetras</strong></span> <span class='ocrx_word' id='word_1_718' title='bbox 2541 5807 2808 5878; x_wconf 86' lang='lat' dir='ltr'><strong>percussit</strong></span> <span class='ocrx_word' id='word_1_719' title='bbox 2829 5807 3050 5878; x_wconf 86' lang='lat' dir='ltr'><strong>cuspide</strong></span> <span class='ocrx_word' id='word_1_720' title='bbox 3083 5809 3294 5872; x_wconf 82' lang='lat' dir='ltr'><strong>fauces,</strong></span> 
     </span>
    </p>
   </div>
   <div class='ocr_carea' id='block_1_73' title="bbox 295 5893 3212 5972">
    <p class='ocr_par' dir='ltr' id='par_1_73' title="bbox 295 5893 3212 5972">
     <span class='ocr_line' id='line_1_73' title="bbox 295 5893 3212 5972; baseline 0.002 -24"><span class='ocrx_word' id='word_1_721' title='bbox 295 5893 352 5948; x_wconf 82' lang='lat' dir='ltr'><strong>Et</strong></span> <span class='ocrx_word' id='word_1_722' title='bbox 377 5895 512 5952; x_wconf 88' lang='lat' dir='ltr'><strong>mihi</strong></span> <span class='ocrx_word' id='word_1_723' title='bbox 541 5895 762 5968; x_wconf 77' lang='lat' dir='ltr'><strong>subieci,</strong></span> <span class='ocrx_word' id='word_1_724' title='bbox 793 5907 850 5954; x_wconf 90' lang='lat' dir='ltr'><strong>et</strong></span> <span class='ocrx_word' id='word_1_725' title='bbox 875 5909 1044 5966; x_wconf 89' lang='lat' dir='ltr'><strong>natos,</strong></span> <span class='ocrx_word' id='word_1_726' title='bbox 1081 5901 1376 5972; x_wconf 85' lang='lat' dir='ltr'><strong>vulgusque</strong></span> <span class='ocrx_word' id='word_1_727' title='bbox 1407 5913 1684 5972; x_wconf 87' lang='lat' dir='ltr'><strong>nepotum,</strong></span> <span class='ocrx_word' id='word_1_728' title='bbox 1969 5903 2134 5960; x_wconf 89' lang='lat' dir='ltr'><strong>Posse</strong></span> <span class='ocrx_word' id='word_1_729' title='bbox 2163 5919 2262 5958; x_wconf 88' lang='lat' dir='ltr'><strong>nec</strong></span> <span class='ocrx_word' id='word_1_730' title='bbox 2291 5901 2511 5956; x_wconf 87' lang='lat' dir='ltr'><strong>indulsit</strong></span> <span class='ocrx_word' id='word_1_731' title='bbox 2537 5899 2716 5954; x_wconf 88' lang='lat' dir='ltr'><strong>sanari</strong></span> <span class='ocrx_word' id='word_1_732' title='bbox 2747 5899 2940 5956; x_wconf 85' lang='lat' dir='ltr'><strong>vulnus</strong></span> <span class='ocrx_word' id='word_1_733' title='bbox 2969 5909 3212 5962; x_wconf 82' lang='lat' dir='ltr'><strong>apertum</strong></span> 
     </span>
    </p>
   </div>
  </div>
