4044 6326
517 346 588 400 23
1494 352 1802 410 AUDRADI
1840 351 2264 411 SENONENSIS
2301 353 2795 410 CHOREPISCOPI
3707 359 3781 416 26

519 459 672 517 Tunc
693 470 882 518 mortis
909 478 1125 520 morsus
1144 465 1434 536 praedicms
1462 481 1594 521 voce
1626 466 1902 536 prophetae
1928 476 1956 505 ι
2124 469 2171 525 Α
2202 463 2306 520 Sed
2335 481 2546 522 sursum
2578 465 2804 536 pallens,
2835 473 2897 521 ut
2919 465 3156 536 primum
3184 466 3417 522 condere
3447 467 3626 524 lumen

521 553 764 621 Exstitit,
793 564 850 612 et
879 566 1089 626 partem
1118 558 1324 628 rapuit,
1357 566 1680 628 partemque
1711 555 1951 626 reliquit.
2201 557 2458 629 Coeperit,
2487 568 2542 614 et
2571 560 2732 615 terris
2761 559 2916 632 nigra
2942 557 3206 615 vilescere
3236 557 3410 614 forma
3449 575 3467 616 :

521 645 739 702 Primus
761 655 817 702 et
845 649 910 704 ad
931 649 1099 705 vitam
1125 649 1332 706 devicta
1361 659 1535 705 morte
1558 648 1916 718 triumphans,
2202 647 2308 704 Ter
2333 658 2540 720 septem
2567 658 2876 716 numerant,
2904 664 3039 719 quos
3059 664 3167 704 non
3196 650 3460 706 excedere
3497 650 3640 707 soles

520 741 630 796 Ter
658 741 916 799 redeunte
945 744 1062 810 die,
1093 753 1216 816 post
1241 745 1358 800 haec
1388 745 1627 800 surrexit
1655 743 1723 798 ab
1747 742 1956 798 umbris
2200 738 2304 806 Sit,
2328 741 2420 796 sed
2449 741 2503 796 in
2532 742 2616 798 his
2642 742 2871 807 licitum,
2902 751 3150 797 sanctum
3180 742 3422 799 solemne
3450 745 3674 815 requiri.

517 831 788 899 Christus,
818 843 874 890 et
901 849 933 888 e
961 837 1200 892 tenebris
1221 837 1402 892 lumen
1437 834 1765 904 resplenduit
1787 834 1923 889 orbi.
2199 831 2289 889 Sic
2312 835 2639 907 lacrymans,
2671 836 2902 906 primum
2932 835 3071 890 calo
3101 850 3226 890 cum
3259 845 3474 894 vertere
3499 839 3666 896 vitam

517 919 590 978 Ut
617 922 694 978 sol
724 932 847 994 post
875 925 1128 983 tenebras
1158 927 1437 998 consurgit
1469 925 1589 982 luce
1613 941 1890 990 coruscus,
2196 923 2451 996 Cmperit,
2484 934 2539 983 et
2569 935 2725 990 terris
2751 927 2874 982 vilis
2901 925 3184 998 despectus
3209 935 3424 984 etesse.

516 1013 762 1070 Condere
787 1032 948 1086 quem
979 1021 1159 1074 densze
1179 1034 1452 1088 nunquam
1486 1029 1711 1089 potuere
1741 1019 1994 1073 tenebrae.
2195 1014 2314 1071 Jam
2337 1018 2476 1074 cmlo
2501 1005 2704 1085 clarus,
2730 1029 2812 1074 ter
2833 1027 3036 1089 septem
3055 1027 3307 1089 supputet
3337 1019 3490 1085 illud,

516 1101 609 1158 Sic
635 1104 801 1160 chaos
837 1121 1170 1177 exsuperans
1190 1107 1455 1174 Christus,
1486 1108 1554 1162 de
1579 1117 1755 1163 morte
1781 1106 2053 1177 migravit,
2196 1106 2415 1163 Scilicet
2441 1109 2494 1163 in
2519 1109 2744 1174 mundo,
2779 1108 2981 1164 Christi
3013 1125 3124 1178 quo
3147 1110 3322 1178 gratia
3359 1109 3530 1181 fulget

512 1191 690 1264 Atque
715 1196 862 1265 pium
891 1197 1088 1254 celebri
1111 1213 1234 1252 cum
1255 1198 1472 1254 nomine
1495 1197 1704 1254 Pascha
1728 1197 1980 1253 sacravit.
2196 1197 2430 1267 Tempus
2457 1217 2469 1252 :
2495 1207 2550 1254 et
2568 1214 2636 1254 ex
2658 1207 2773 1254 toto
2793 1214 3094 1256 conversus
3133 1201 3296 1257 corde
3321 1201 3562 1270 requirat

512 1284 632 1353 Quo
665 1289 917 1344 transivit
941 1291 1082 1345 enim
1112 1290 1204 1345 lux
1226 1299 1330 1358 est,
1361 1300 1416 1346 et
1440 1291 1549 1346 vita
1578 1292 1855 1362 perennis,
2192 1283 2402 1342 Pascha
2433 1288 2796 1354 salutifernm,
2827 1289 3272 1345 celebri-ratione
3301 1298 3594 1360 repertum.

510 1378 658 1434 Dans
686 1379 912 1435 formam
941 1383 1098 1437 nobis
1128 1383 1365 1440 tenebris
1395 1399 1688 1455 exsurgere
1713 1397 1891 1453 posse,
2193 1378 2381 1450 Deque
2405 1381 2692 1436 tenebrosa
2720 1380 2920 1437 saliens
2957 1381 3187 1452 caligine
3219 1381 3418 1447 noctis,
3472 1446 3474 1448 ν

512 1466 568 1523 Si
601 1478 779 1526 tamen
803 1471 948 1527 illius
971 1473 1307 1530 celebremus
1333 1476 1601 1546 dogmatis
1631 1476 1847 1542 horam,
2193 1471 2458 1527 Transeat
2478 1473 2546 1528 ad
2574 1471 2770 1538 lucem,
2794 1471 3045 1528 Christus
3073 1488 3235 1542 quam
3260 1471 3489 1530 contulit
3520 1470 3679 1528 orbi:

506 1560 734 1640 Lumine
757 1577 921 1632 quam
952 1565 1093 1622 luna:
1123 1582 1347 1623 numero
1387 1568 1620 1638 signavit
1643 1576 1697 1623 et
1718 1567 1880 1624 almo.
2192 1562 2282 1631 Ut,
2318 1564 2586 1621 tribuente
2613 1565 2748 1632 Deo,
2775 1563 2903 1620 felix
2940 1580 3036 1636 per
3059 1564 3256 1621 saecula
3279 1565 3446 1619 vivat.

505 1650 768 1710 lnferiora
794 1656 964 1728 legas,
993 1659 1040 1714 si
1063 1659 1145 1714 vis
1170 1659 1283 1715 haec
1305 1661 1549 1715 carmina
1581 1675 1760 1718 nosse.

2187 1722 2396 1780 Perﬁce
2425 1739 2570 1781 nunc
2593 1738 2807 1780 mecum
2831 1724 3068 1781 cmlestis
3095 1724 3273 1795 gratia
3295 1737 3514 1778 carmen

620 1765 920 1838 Explicatio
948 1773 1170 1842 mystica
1210 1771 1491 1829 Paschalis
1511 1784 1560 1829 et
1591 1775 1707 1844 ejus
1730 1775 1956 1830 dierum.
2188 1765 2213 1778 ⁵
2234 1765 2401 1831 ”“’“’“ζ
2425 1765 2570 1831 ’¹“⁸““ί
2593 1765 2814 1831 ³⁸¹⁹ζ⁴“³⁸⁸¹,
2831 1765 3146 1828 ”““⁸”⁹““’,δ·
3161 1765 3273 1778 “““
3297 1765 3406 1777 ν·“·

620 1878 642 1890 η
1047 1875 1054 1882 .
1228 1885 1242 1890 _
1334 1885 1346 1890 _
1524 1885 1536 1890 _
2111 1829 2162 1890 Β
2188 1815 2403 1874 Eternt
2431 1818 2619 1886 fontis,
2643 1819 2817 1890 ciphri
2847 1818 3134 1890 paschalis,
3165 1824 3218 1872 et
3241 1817 3406 1871 horae.

503 1875 715 1983 Perﬁce
741 1896 885 1983 nunc
911 1875 1118 1983 mettum
1142 1885 1378 1940 εωιθεῐίε
1400 1885 1572 1956 ενειίει
1599 1899 1819 1940 carmen
2111 1875 2161 1890 υ
2183 1908 2494 1966 Auxiliante
2515 1875 2625 1966 Deo
2652 1875 2809 1983 cujus
2839 1875 2971 1964 mihi
3002 1875 3168 1964 verba
3195 1907 3388 1973 tulisti,

503 1969 718 2027 IEterni
755 1974 940 2042 fontis,
968 1977 1140 2048 ciphri
1163 1978 1456 2050 paschalis,
1489 1987 1544 2034 et
1573 1979 1740 2034 herae.

2182 1999 2457 2056 Arcanum
2484 1999 2610 2057 ﬁdei
2643 2017 2918 2068 reserans,
2951 2002 3049 2056 sub
3081 2001 3300 2056 nomine
3323 1998 3565 2065 Pascha,

500 2063 656 2171 l‘lunc
681 2068 832 2134 audi,
860 2069 1048 2136 frater,
1077 2088 1197 2142 quae
1221 2073 1293 2128 sit
1319 2073 1578 2143 displosio
1609 2072 1754 2129 nodi.

2182 2090 2429 2161 Explicui
2454 2109 2467 2145 :
2501 2091 2722 2164 triplum
2750 2063 3010 2164 potuique
3040 2092 3312 2166 resolvere
3343 2063 3564 2146 nodum.

500 2156 558 2261 in
579 2160 802 2261 mimi
827 2163 1005 2232 δρθθίθ
1034 2162 1174 2261 ¹ξ¹¹¹³ῗ
1202 2166 1554 2261 ἀίειὶηευίων
1571 2166 1740 2261 θτδίβν
2182 2156 2439 2255 Mai-ginis
2465 2193 2520 2240 et
2547 2156 2790 2256 geminas
2815 2156 2990 2241 cecini
3008 2184 3123 2254 jam
3156 2156 3304 2240 forte
3329 2183 3550 2255 ﬁguras,

500 2247 1008 2352 ἓξδίξξεθι-οδδευης
1029 2255 1270 2326 darique
1306 2255 1525 2330 ΐυςθηιθ
1557 2258 1829 2352 ῐθηθδτθξο
2183 2247 2342 2332 Clara
2369 2247 2610 2346 septenis
2637 2279 2822 2348 specie
2847 2278 2939 2348 qui
2963 2247 3132 2348 fulget
3160 2277 3216 2331 in
3242 2247 3404 2339 ulnis:

499 2337 708 2396 Dicm"
725 2342 828 2398 hac
853 2345 1035 2414 specie
1063 2361 1191 2416 Pars
1219 2356 1397 2414 ιθῐταθ»
1430 2363 1670 2420 Parsque
1706 2348 1977 2419 Ροιοτωηο
2179 2371 2258 2425 Ac
2286 2337 2508 2424 totidem
2540 2337 2722 2426 mixtis
2744 2337 2986 2425 variatur
3007 2337 3212 2426 curtice
3238 2337 3416 2442 nigro.

975 2459 1126 2516 Luna
1151 2463 1375 2518 hominis
1403 2463 1599 2535 ﬁgura.
2182 2461 2291 2518 Vos
2319 2477 2533 2532 quoque
2555 2463 2670 2533 jam
2693 2463 2825 2526 fudi,
2856 2462 3169 2518 venerabile
3195 2462 3388 2533 pignus
3413 2460 3670 2527 honoris,

493 2567 713 2640 Efﬁgies
741 2569 997 2638 hominis,
1026 2575 1277 2630 manibus
1309 2575 1573 2646 plasmata
1606 2577 1859 2633 creantis.
2183 2553 2432 2624 Septenis
2457 2553 2700 2620 calamis,
2727 2555 2878 2610 horis
2901 2556 3236 2625 totidemque
3262 2563 3346 2609 ter
3368 2567 3594 2610 ornans.

495 2659 770 2720 Hactenus
790 2673 846 2721 et
873 2667 1035 2722 terris
1056 2645 1374 2723 conversum
1407 2668 1586 2723 lumen
1615 2669 1682 2724 ad
1713 2668 1863 2724 illum

2179 2645 2293 2702 Hoc
2319 2646 2427 2702 ﬁne
2459 2648 2686 2718 quisque
2708 2647 2842 2714 sitit,
2867 2646 3070 2704 frustra
3096 2649 3370 2704 contendit
3397 2648 3466 2702 ad
3485 2647 3711 2702 umbras

498 2752 720 2812 Vertere
740 2756 864 2812 luna
889 2767 1095 2825 monet,
1124 2775 1245 2830 quae
1276 2760 1403 2814 dum
1434 2776 1532 2816 sua
1557 2760 1758 2816 lumina
1787 2762 1946 2816 terris

1744 2777 1758 2814 ι
1787 2762 1946 2816 terris
2179 2739 2392 2796 Eterni
2416 2737 2600 2804 fontis,
2627 2740 2718 2796 hic
2737 2747 2824 2796 est
2846 2741 3112 2811 sapientia
3139 2741 3341 2811 patris;

498 2845 672 2903 Volvit
694 2857 749 2905 et
777 2849 843 2906 ad
868 2852 1087 2917 coelum,
1118 2853 1356 2908 tenebris
1383 2852 1614 2908 obducta
1644 2861 1878 2908 tenetur.

2178 2833 2297 2890 Non
2321 2834 2545 2888 intrabit
2579 2834 2725 2889 enim
2753 2835 3079 2890 commercia
3109 2835 3348 2905 pectoris
3377 2835 3503 2897 atri,

493 2939 596 2994 Dat
621 2941 853 2997 hominis
880 2943 1140 3009 formam,
1170 2945 1262 3014 qui
1293 2945 1417 2999 dum
1446 2945 1725 3000 terrestria
1754 2946 1970 3015 quaerit,
2181 2927 2406 2984 summa
2436 2929 2677 2998 Ρθοοεῖίδ
2706 2944 2808 2985 nec
2837 2944 2990 2984 mens
3018 2928 3365 3000 amplecmur
3409 2927 3580 2982 mam-

494 3033 698 3103 lngenii
725 3033 904 3090 lumen
945 3044 1116 3091 terras
1139 3038 1407 3092 convertit
1433 3037 1503 3092 ad
1534 3037 1672 3093 imas
1702 3056 1715 3092 :

2181 3018 2414 3089 Spiritus
2437 3019 2550 3090 ipse
2571 3019 2689 3086 Dei,
2714 3021 2810 3076 sed
2834 3035 2941 3091 qua
2964 3021 3318 3092 dignissimus
3347 3020 3541 3088 hospes

409 3181 416 3186 _
496 3124 711 3195 Excipit
742 3135 796 3180 et
827 3127 974 3198 vulgi
1003 3129 1242 3197 gaudens
1273 3131 1398 3186 dum
1427 3147 1706 3189 murmure
1723 3132 1929 3198 laudes,

1788 3133 1929 3198 “des,
2119 3193 2151 3198 _
2177 3110 2494 3182 Expurgans
2518 3111 2682 3177 vitiis,
2710 3121 2933 3184 septeno
2959 3127 3184 3168 munere
3211 3111 3385 3176 dotat,

495 3193 778 3286 Dispectus
813 3193 971 3285 curio,
1003 3193 1243 3276 tenebris
1270 3221 1537 3277 obductus
1566 3223 1813 3278 habetur.
1916 3193 1924 3198 I
2106 3193 2152 3256 (ἶ
2182 3201 2557 3274 Ρθτρειυοίιυθ
2579 3205 2681 3260 Sibi
2706 3219 3015 3260 mensuram
3046 3203 3262 3260 dedicat
3281 3202 3483 3267 aulam»

2182 3291 2306 3346 Haec
2329 3292 2520 3348 sitiens
2541 3294 2788 3364 lymphas
2813 3297 3014 3364 poterit
3039 3296 3258 3350 haurire
3283 3293 3544 3348 salubres.

603 3349 894 3408 Celebratio
923 3352 1146 3411 Pascha:
1173 3357 1476 3428 prohibetur
1503 3368 1623 3415 ante
1646 3360 1829 3416 lunam
1855 3377 1943 3418 xv.
2178 3382 2294 3439 Hoc
2315 3398 2410 3437 vas
2441 3349 2684 3454 quiszluils
2715 3349 2900 3450 1.31;“,
2922 3349 3097 3440 tibialis
3124 3384 3342 3460 festinet
3369 3385 3438 3439 ad
3467 3381 3662 3438 undas.

493 3463 710 3520 Interea
735 3465 1018 3522 minimum
1043 3471 1243 3540 poterit
1278 3471 1534 3528 solemnis
1573 3471 1785 3539 haberi,
2179 3474 2407 3530 Hauriat
2426 3483 2482 3530 et
2509 3475 2681 3530 sacris
2709 3473 2902 3529 fundat
2931 3475 3166 3530 libamen
3196 3475 3248 3526 in
3278 3474 3404 3527 aris.

492 3557 584 3613 Bis
610 3561 814 3615 etenim
849 3571 1054 3632 septem
1081 3565 1377 3634 glomerata
1407 3565 1584 3621 fronte
1607 3565 1795 3621 diebus
2179 3567 2438 3623 Cursibus
2463 3566 2734 3632 aethereis,
2772 3566 2981 3621 sonitus
3015 3565 3076 3620 ﬁt
3102 3565 3372 3620 maximus
3402 3564 3542 3628 orbi,

492 3645 708 3703 Evomit
736 3650 790 3705 in
820 3651 979 3707 terris
1005 3652 1183 3710 lumen
1209 3655 1456 3712 mirabile
1481 3655 1626 3720 luna,
2183 3657 2283 3725 Qui
2311 3658 2447 3728 tegit
2472 3658 2617 3712 hunc
2642 3657 2839 3722 sonitu,
2867 3655 3078 3712 monuit
3105 3670 3192 3711 me
3220 3656 3468 3710 sensibus
3495 3654 3640 3710 imis.

492 3737 552 3793 ln
580 3740 778 3810 quibus
799 3750 884 3798 est
908 3745 1133 3800 vetitum
1157 3755 1401 3802 sanctum
1433 3747 1674 3802 solemne
1705 3745 1931 3817 requiri.
2182 3747 2328 3813 Haec,
2355 3747 2631 3814 Audrade,
2661 3748 2757 3805 tibi
2783 3747 3050 3804 modulari
3083 3747 3325 3802 carmine
3348 3746 3512 3813 dulci,

495 3829 597 3897 Qui
626 3832 752 3898 duo,
781 3847 901 3902 quae
923 3833 1196 3892 Christum
1225 3839 1538 3908 praecedunt
1559 3847 1803 3909 tempora
1832 3838 2068 3909 signant,
2178 3839 2416 3910 Pignora
2440 3840 2608 3895 chara
2633 3840 2786 3905 satis,
2812 3839 3027 3895 recinas
3052 3853 3172 3909 quae
3194 3837 3394 3908 saepius
3423 3850 3542 3893 oro.

493 3923 637 3979 Ante
665 3926 849 3982 datam
874 3926 1045 3999 legem
1081 3930 1337 4000 primum,
1370 3931 1471 3987 sub
1492 3931 1610 4003 lege
1639 3933 1957 3988 secundum.
2184 3929 2275 3984 Sic
2299 3943 2514 4000 quoque
2541 3928 2687 3986 felici
2714 3929 2975 3986 tractabis
2999 3937 3217 4000 gutture
3259 3926 3462 3983 fontem

494 4011 601 4068 Per
628 4029 748 4086 quae
779 4018 1058 4089 terrigenae
1079 4022 1287 4091 peccati
1317 4024 1553 4091 pondere
1579 4023 1756 4094 pressi
2180 4019 2494 4088 Quaesitum,
2525 4020 2686 4093 longo
2707 4021 3025 4087 certamine,
3062 4019 3234 4076 dulcis
3257 4018 3450 4073 amice.

494 4105 774 4178 Ingenium
799 4110 924 4165 vitae
944 4111 1164 4167 sibimet
1192 4110 1440 4168 conferre
1470 4112 1730 4178 volentes,
2178 4114 2412 4171 Maxima
2444 4115 2587 4171 dona
2613 4116 2712 4173 tibi
2739 4115 2979 4172 caelestis
3003 4114 3179 4186 gratia
3213 4112 3443 4169 confert.

494 4198 702 4272 lndigni
729 4201 887 4268 caelo,
905 4204 1140 4259 tenebris
1167 4218 1405 4260 mersere
1428 4212 1724 4271 senectam,
2177 4207 2304 4263 Haec
2325 4224 2533 4264 memor
2557 4217 2674 4266 esto
2697 4209 2826 4275 mei,
2851 4208 3022 4264 sacris
3055 4221 3179 4262 cum
3215 4203 3460 4259 funderis
3483 4203 3616 4269 aris,

500 4289 671 4349 Morte
698 4307 800 4349 nec
825 4293 1057 4365 abjecta,
1089 4303 1404 4351 meruerunt
1428 4309 1650 4352 cernere
1674 4283 1902 4352 Pascha.
2177 4299 2437 4369 Obsecro,
2461 4303 2538 4359 mi
2559 4302 2750 4368 frater,
2784 4317 2932 4358 nunc
2959 4300 3308 4358 felicissimus
3332 4306 3470 4355 esto.

569 4418 596 4447 α
635 4405 762 4464 Ose.
807 4423 942 4475 xm,
972 4409 1059 4464 M.
2539 4379 2572 4444 ο

527 4517 3728 4558 ________________________________________.

1268 4673 1788 4753 EXCEBPTA
1865 4669 2173 4763 LIBRI,
2214 4627 3026 4752 BEVELATIONUM

1133 4856 1302 4932 Quas
1365 4820 1719 4920 Aununus
1793 4854 2090 4917 Montcus
2155 4849 2412 4930 scripsit
2474 4867 2636 4910 anno
2681 4847 2918 4914 Christi
2978 4846 3119 4910 853.

775 5021 942 5087 (Apud
961 5023 1029 5076 du
1050 5022 1254 5086 Chesn.,
1276 5024 1453 5090 Script.
1478 5021 1597 5076 lter.
1625 5021 1822 5085 Frena,
1847 5027 1885 5073 t.
1919 5019 1988 5083 Π,
2011 5033 2063 5086 p.
2087 5017 2200 5083 590,
2225 5030 2292 5070 ex
2311 5030 2404 5070 ms.
2429 5019 2536 5070 cod.
2559 5017 2872 5070 eruditissimi
2897 5014 2988 5066 viri
3011 5012 3181 5065 Jacobi
3206 5009 3491 5072 Sirmondl.)

1096 5280 1324 5338 CAPUT
1357 5279 1490 5336 Vill.
2104 5282 2157 5342 Ι)
2180 5293 2277 5348 pes
2297 5273 2682 5332 Ecclesiarutn.
2747 5269 2848 5339 Qui
2887 5285 3011 5325 mox
3049 5265 3358 5331 adfuerunt,
3411 5271 3469 5319 et
3507 5263 3765 5319 adorave-

571 5377 643 5434 Et
666 5391 793 5434 ecce
821 5375 1154 5434 descendens
1199 5374 1480 5441 Dominus,
1540 5382 1594 5430 et
1639 5387 1760 5428 cum
1807 5385 2081 5428 eoomnes
2188 5375 2334 5423 runt.
2362 5365 2606 5434 Cumque
2633 5361 2997 5419 benedixissct
3023 5373 3136 5424 eos,
3175 5357 3309 5414 dixit
3337 5370 3352 5408 :
3380 5352 3546 5422 Cujus
3594 5352 3764 5424 culpas

501 5471 700 5529 sancti.
733 5469 801 5524 Et
825 5469 964 5525 sedit
997 5471 1050 5524 in
1073 5467 1307 5524 conﬁnio
1348 5465 1567 5522 aetheris
1618 5473 1672 5521 et
1717 5464 1879 5520 aeris.
1931 5463 2080 5518 Tunc
2183 5467 2288 5523 est,
2315 5457 2513 5511 fratres
2533 5453 2906 5513 amantissimi,
2947 5451 3092 5520 quod
3125 5449 3205 5503 sic
3243 5445 3495 5501 atteritur
3521 5452 3575 5500 et
3601 5458 3764 5499 vexa-

503 5565 585 5622 sol
613 5564 932 5620 obscuratus
962 5571 1045 5617 est
1076 5560 1250 5616 tribus
1277 5559 1549 5614 continuis
1595 5557 1806 5620 diebus,
1848 5563 1904 5610 et
1950 5554 2074 5608 luna
2187 5556 2274 5601 tur
2303 5545 2588 5602 luereditas
2610 5559 2750 5610 mea,
2814 5557 2974 5612 quam
3018 5539 3249 5595 redemit
3296 5535 3462 5591 Pater
3505 5535 3767 5606 sanguine

499 5655 676 5711 tribus
704 5653 906 5710 eisdem
939 5653 1208 5718 noctibus,
1255 5659 1310 5706 et
1359 5648 1565 5703 nullum
1617 5647 1829 5701 radium
1880 5645 1933 5699 in
1981 5644 2082 5698 hoc
2187 5637 2438 5694 meo?At
2485 5637 2704 5708 quidam
2746 5649 2932 5690 eorum
2991 5631 3280 5686 dixerunt:
3313 5627 3562 5691 Domine,
3609 5625 3764 5718 culpa

501 5747 676 5818 spatio
719 5744 973 5801 fuderunt
1000 5745 1055 5799 in
1094 5716 1314 5808 terram,
1335 5756 1458 5798 cum
1483 5739 1624 5796 nulla
1667 5738 1806 5793 nube
1841 5746 2083 5809 tegeren-
2186 5748 2372 5802 regum
2406 5739 2508 5786 est.
2537 5731 2681 5786 Dixit
2717 5730 2879 5801 igitur
2931 5727 3106 5818 Deus:
3137 5723 3238 5791 Qui
3270 5732 3408 5818 sunt
3459 5721 3512 5774 hi
3566 5716 3768 5785 reges?

505 5813 610 5893 tur.
639 5837 912 5901 Jussitque
945 5833 1200 5890 Dominus
1225 5842 1350 5889 ante
1376 5847 1434 5888 se
1465 5829 1650 5887 venire
1672 5843 1860 5884 omnes
1882 5828 2082 5888 orinci-
2189 5823 2300 5876 Non
2325 5821 2570 5889 cognovi,
2598 5835 2705 5874 non
2732 5816 3002 5873 constitui.
3027 5813 3461 5884 Responderunt,
3520 5824 3573 5861 et
3615 5825 3766 5862 (ﬂxe-
