4044 6326
300 381 369 436 25
1520 377 1719 432 LIBER
1759 376 1802 430 Β
1814 374 2206 432 EVELATION
2215 376 2308 433 ΠΜ
2317 417 2328 430 .
2873 419 2886 434 ι
3488 385 3558 442 26

302 506 430 554 runt
468 496 519 552 ei
549 513 562 549 :
592 492 896 548 Ludovicus
942 499 1097 563 pater
1139 505 1345 545 eorum.
1399 489 1651 560 Dixitque
1695 488 1840 542 Deus
1868 500 1882 540 :
1911 488 1966 547 Α
1989 485 2218 542 Martino
2237 487 2501 558 principe,
2539 489 2735 545 liberes
2763 490 2834 546 ab
2862 489 3185 558 inﬁdelibus,
3233 502 3289 546 et
3343 501 3434 549 tuo
3475 509 3560 550 re-

304 590 404 648 Ubi
439 597 526 644 est
552 586 677 641 ille?
697 586 763 640 Et
788 584 1125 640 adduxerunt
1143 599 1286 648 eum,
1340 592 1396 639 et
1429 583 1682 638 dixerunt
1705 597 1720 636 :
1743 581 1884 637 Ecce

302 682 470 744 adest.
520 678 592 733 Et
646 676 784 731 dixit
830 675 1090 731 Dominus
1128 673 1195 728 ad
1232 689 1356 730 eum
1389 693 1402 727 :
1443 674 1622 742 Quare
1657 673 1883 744 posuisti

300 782 444 835 inter
471 776 610 832 ﬁlios
636 783 758 830 tuos
787 780 997 828 tantam
1027 771 1370 837 discordiam,
1414 778 1475 824 ut
1501 771 1572 826 ob
1620 769 1723 825 hoc
1773 777 1883 824 tam

300 871 503 926 acriter
527 867 713 924 ﬁdeles
740 865 846 920 mei
865 863 1168 920 vexentur?
1185 862 1478 934 Respondit
1501 862 1612 927 ille,
1640 868 1695 916 et
1715 860 1879 916 dixit:

302 963 548 1028 Domine,
572 976 674 1032 ego
698 971 892 1018 nutans
931 960 1073 1030 quod
1123 959 1265 1014 ﬁlius
1298 973 1450 1030 meus
1491 958 1664 1028 major
1682 955 1883 1012 Lotha-

299 1055 416 1109 rius
445 1054 545 1108 tibi
571 1052 736 1109 vellet
759 1052 998 1118 obedire,
1019 1059 1074 1108 et
1102 1051 1394 1106 secundum
1437 1058 1584 1104 tuam
1637 1049 1885 1103 volunta-

300 1155 410 1200 tem
440 1144 741 1199 Ecclesiam
788 1150 937 1198 tuam
995 1157 1199 1213 regere,
1231 1141 1508 1198 'constitui
1554 1140 1701 1195 illum
1767 1139 1884 1194 loco

299 1254 424 1294 meo
447 1239 515 1294 ad
540 1238 835 1309 regendum
862 1235 1118 1308 populum
1149 1245 1319 1291 tuum.
1344 1233 1453 1290 Sed
1482 1241 1671 1304 postea
1693 1232 1884 1287 videns

303 1347 424 1387 eum
455 1317 518 1386 in.
531 1332 783 1401 superbia
805 1344 995 1386 contra
1020 1339 1073 1386 te
1101 1337 1364 1393 erectum,
1406 1335 1461 1384 et
1485 1326 1626 1383 nolle
1671 1325 1888 1394 acquie-

299 1441 449 1481 scere
471 1434 531 1480 ut
553 1425 846 1480 secundum
880 1432 934 1480 te
961 1425 1286 1498 gubernaret
1313 1421 1524 1492 plebem
1545 1428 1714 1482 tuam,
1760 1417 1888 1473 sub-

299 1517 443 1570 movi
473 1530 618 1577 eum,
650 1523 706 1569 et
734 1513 1015 1584 parvulum
1069 1527 1228 1583 quem
1258 1510 1454 1567 dedisti
1483 1508 1616 1564 mihi
1669 1507 1887 1563 nomine

297 1605 555 1662 Carolum
599 1605 788 1662 videns
834 1605 1092 1661 humilem
1139 1613 1194 1660 et
1231 1604 1593 1668 obedientem,
1647 1601 1885 1657 intellexi

296 1699 438 1754 dona
471 1699 860 1755 misericordiae
891 1708 995 1753 tuae
1019 1699 1074 1754 in
1099 1712 1165 1753 eo
1194 1711 1334 1763 esse,
1369 1703 1424 1751 et
1448 1695 1571 1751 ideo
1628 1694 1888 1750 constitui

293 1788 566 1845 eumlooo
592 1789 836 1860 majoris,
877 1797 940 1843 ut
988 1787 1208 1844 humilis
1258 1803 1471 1859 semper
1521 1793 1578 1840 et
1626 1786 1886 1842 obediens

293 1880 594 1935 secundum
624 1854 771 1934 tuam
803 1854 1130 1935 voluntatem
1155 1854 1391 1936 serviret
1405 1879 1502 1935 tibi
1541 1879 1596 1934 in
1641 1879 1882 1934 ministe-
1911 1854 1960 1915 Β

294 1974 381 2029 rio
403 1975 811 2045 gubernationis
831 1973 1014 2044 populi
1045 1974 1142 2029 tui.
1176 1973 1476 2044 Respondit
1509 1973 1790 2038 Dominus,
1829 1981 1883 2026 et

291 2069 603 2124 astantibus
631 2069 732 2124 sibi
764 2068 902 2124 dixit
934 2067 1132 2124 :Certe
1180 2082 1370 2124 verum
1417 2066 1567 2132 dicit,
1622 2065 1882 2135 majorem

291 2169 520 2232 propter
549 2161 853 2230 superbiam
885 2175 915 2214 a
941 2175 1109 2233 regno
1159 2175 1438 2216 removere
1478 2158 1667 2226 voluit,
1712 2158 1884 2214 mino-

293 2266 414 2306 rem
469 2261 694 2322 propter
738 2252 1094 2308 humilitatem
1142 2259 1197 2308 et
1246 2253 1607 2308 obedientiam
1653 2265 1884 2324 regnare

295 2345 597 2400 constituit.
615 2344 718 2400 Ubi
745 2347 906 2401 sunt?
931 2345 1124 2415 inquit.
1141 2344 1242 2413 Qui
1258 2345 1503 2416 protinus
1525 2344 1744 2399 adducti
1758 2351 1886 2399 sunt

296 2443 426 2490 ante
453 2449 596 2490 eum.
646 2435 716 2490 Et
741 2435 818 2491 ait
868 2435 1129 2491 Dominus
1163 2435 1492 2490 :Lotharius
1545 2435 1670 2505 quia
1727 2433 1881 2500 dixit,

298 2527 414 2597 Ego
441 2543 583 2594 sum,
615 2528 918 2599 dejiciatur.
974 2528 1197 2585 Carolus
1241 2535 1465 2599 propter
1520 2527 1883 2582 obedientiam

300 2629 357 2677 et
385 2622 743 2679 humilitatem
765 2622 1090 2678 stabiliatur.
1121 2621 1280 2690 Quid,
1305 2622 1550 2692 inquam,
1580 2621 1647 2676 de
1694 2620 1886 2676 tertio?

299 2714 371 2770 Et
412 2715 667 2772 dixerunt
708 2716 928 2786 quidam
973 2715 1038 2770 de
1081 2713 1416 2770 astantibus:
1445 2713 1689 2778 Domine,
1734 2727 1886 2768 arma

300 2809 474 2864 movit
499 2809 553 2863 in
576 2816 807 2878 patrem.
859 2805 1102 2877 Cumque
1152 2805 1332 2877 gravis
1371 2805 1640 2860 sententia
1688 2805 1755 2858 de
1795 2802 1886 2858 illo

291 2899 412 2971 jam
436 2899 767 2964 immineret,
791 2896 883 2952 alii
907 2896 972 2952 de
991 2896 1295 2951 astantibus
1315 2895 1572 2951 dixerunt
1597 2912 1610 2948 :
1637 2894 1884 2959 Domine,

301 3007 444 3062 opus
471 2993 670 3047 bonum
706 2990 983 3046 inventum
1022 2996 1106 3044 est
1141 2989 1195 3043 in
1242 3003 1327 3044 eo.
1370 2987 1504 3043 Nam
1558 2987 1685 3043 licet
1731 2986 1886 3041 multi

296 3083 421 3152 ejus
447 3097 610 3138 causa
640 3082 708 3137 de
731 3089 820 3136 tuo
848 3081 959 3135 sint
987 3079 1253 3150 absumpti
1282 3079 1521 3143 servitio,
1573 3086 1754 3133 tamen
1798 3077 1886 3133 ille

297 3176 486 3230 studet
507 3182 568 3230 ut
597 3175 662 3229 de
688 3174 1001 3244 alienigenis
1028 3173 1145 3229 loco
1173 3187 1362 3228 eorum
1387 3158 1644 3228 tibi'alios
1696 3172 1883 3243 acqui-

295 3286 431 3326 rens
471 3272 749 3340 subroget.
778 3269 846 3324 Et
867 3269 944 3323 ait
986 3269 1054 3323 ad
1083 3270 1198 3324 haec
1241 3267 1500 3323 Dominus
1528 3285 1542 3320 :
1574 3267 1884 3331 Lotharius,

292 3364 430 3433 quia
450 3377 589 3432 opus
607 3362 806 3418 bonum
833 3364 1110 3420 inventum
1137 3370 1222 3419 est
1257 3362 1315 3417 in
1346 3377 1430 3426 eo,
1482 3359 1788 3416 stabiliatur
1834 3365 1891 3415 et

295 3456 442 3524 ipse.

899 3524 1128 3583 CAPUT
1166 3525 1258 3581 IX.

313 3673 317 3677 -
373 3638 606 3694 Veniant
626 3637 792 3710 igitur
815 3646 942 3694 ante
965 3653 1070 3704 me,
1118 3647 1171 3694 et
1212 3639 1359 3695 inibo
1395 3638 1570 3694 fmdus
1609 3651 1733 3693 cum
1787 3635 1885 3703 eis,

307 3731 447 3801 quod
469 3746 578 3786 non
601 3730 763 3786 liceat
791 3730 1002 3786 violari.
1037 3728 1188 3786 Tunc
1205 3729 1360 3800 jussu
1379 3730 1474 3785 Dei
1513 3729 1774 3785 adductus
1801 3737 1887 3784 est

303 3834 357 3882 et
383 3825 689 3882 Ludovicus
716 3823 974 3880 Italorum
1003 3841 1120 3890 rex,
1151 3824 1293 3880 ﬁlius
1317 3819 1579 3888 Lotharii,
1611 3831 1666 3877 et
1701 3820 1886 3876 statuti

300 3929 430 3974 sunt
451 3919 507 3974 hi
532 3928 646 3974 tres
669 3927 796 3974 ante
819 3919 1008 3973 Deum.
1067 3917 1134 3972 Et
1163 3916 1298 3973 dixit
1350 3915 1608 3971 Dominus
1655 3913 1884 3969 Carolo:

296 4011 382 4067 Tu
409 4025 548 4084 puer
567 4028 741 4079 meus,
770 4013 816 4068 si
845 4013 1064 4069 humilis
1107 4021 1163 4067 et
1189 4009 1447 4066 obediens
1477 4008 1660 4072 fueris,
1698 4018 1751 4063 et
1771 4023 1891 4078 per-

299 4105 568 4172 manseris
597 4119 782 4161 coram
804 4120 911 4173 me,
941 4115 997 4161 et
1023 4104 1292 4161 Ecclesias
1314 4118 1460 4158 meas
1485 4103 1790 4158 restitueris
1832 4101 1886 4156 in

298 4207 501 4253 statum
525 4213 683 4253 suum
705 4213 814 4268 quo
832 4199 1076 4253 ordinavi
1103 4213 1215 4263 eas,
1267 4205 1322 4251 et
1366 4195 1658 4265 unicuique
1711 4195 1887 4250 ordini

300 4306 600 4362 congruum
637 4306 747 4346 sua:
775 4290 1050 4360 religionis
1073 4289 1374 4345 restitueris
1397 4295 1577 4357 caput,
1605 4293 1659 4340 et
1704 4284 1884 4340 ordini

302 4384 595 4453 unicuique
620 4383 896 4453 propriam
927 4383 1097 4453 legem
1129 4390 1313 4437 tenere
1351 4378 1568 4460 feceris,
1616 4385 1671 4433 et
1710 4391 1742 4431 a
1791 4391 1883 4431 ra-

298 4476 442 4546 pinis
466 4483 523 4532 et
551 4467 1036 4546 deprazdationibus
1078 4482 1132 4529 et
1180 4471 1532 4528 ecclesiarum
1579 4467 1888 4524 violationi-

301 4568 402 4622 bus
439 4581 659 4622 omnem
684 4566 937 4638 populum
980 4563 1071 4634 qui
1117 4563 1214 4620 tibi
1262 4562 1619 4618 committitur
1666 4574 1885 4615 cessare
1911 4600 1966 4660 Β

302 4657 520 4724 feceris,
545 4667 602 4713 et
625 4658 912 4729 unicuique
941 4656 1146 4714 homini
1165 4655 1432 4724 justitiam
1464 4653 1790 4720 servaveris,
1833 4662 1890 4709 et

302 4751 467 4806 corde
487 4751 631 4806 bono
657 4759 713 4804 et
735 4750 938 4820 optimo
973 4749 1304 4804 voluntatem
1332 4762 1509 4802 meam
1560 4759 1774 4815 semper
1802 4760 1889 4800 se-

303 4853 462 4900 cutus
489 4842 682 4909 fueris,
720 4858 848 4898 ecce
872 4841 942 4920 do
968 4841 1062 4896 tibi
1087 4848 1361 4911 sceptrum
1417 4837 1573 4910 regni
1621 4844 1677 4892 et
1729 4850 1886 4890 coro-

303 4953 426 4992 nam
459 4953 474 4992 :
505 4945 563 4993 et
589 4945 650 4990 ut
692 4938 835 4990 inter
891 4944 944 4989 te
995 4943 1051 4990 et
1092 4933 1314 4988 fratrem
1364 4940 1515 4986 tuum
1559 4930 1889 4985 Ludovicum

305 5025 702 5084 Germanorum
727 5039 906 5096 regem
929 5038 1033 5094 pax
1063 5023 1134 5077 sit
1183 5030 1464 5092 perpetua,
1509 5030 1564 5077 et
1605 5021 1743 5091 ipsa,
1785 5035 1891 5090 qua

303 5117 566 5187 partitum
592 5123 678 5171 est
703 5129 924 5186 regnum
961 5115 1103 5168 inter
1148 5127 1243 5167 vos
1287 5127 1411 5166 cum
1462 5110 1708 5182 fugarem
1763 5119 1890 5165 ante

309 5208 504 5265 faciem
530 5214 769 5263 vestram
825 5206 1155 5270 Lothariutn,
1209 5204 1314 5260 erit
1359 5203 1551 5260 divisio
1599 5217 1891 5272 regnorum

309 5311 638 5368 vestrorum,
663 5317 766 5356 nec
794 5308 921 5356 tuus
948 5300 1002 5354 in
1022 5307 1233 5370 partem
1259 5298 1521 5363 Lotharii,
1544 5313 1644 5354 nec
1669 5295 1786 5367 ejus
1837 5296 1892 5351 in

312 5405 519 5468 partem
549 5405 694 5450 tuam
717 5408 1021 5464 processus.
1051 5392 1119 5446 Et
1144 5399 1220 5457 tu,
1250 5389 1539 5455 Ludovice,
1586 5389 1639 5444 in
1689 5401 1892 5444 sermo-

311 5488 472 5543 nibus
500 5486 619 5542 istis
637 5485 885 5541 eumdem
909 5485 1110 5540 habeas
1130 5497 1336 5539 mecum
1359 5490 1574 5554 pactum
1599 5480 1888 5534 ﬁrmatum.

312 5577 576 5636 Similiter
602 5588 657 5634 et
681 5587 760 5645 tu,
785 5579 923 5634 alter
953 5576 1242 5642 Ludovice,
1268 5575 1524 5631 Italorum
1552 5588 1668 5629 rex.
1721 5573 1788 5628 Et
1812 5573 1894 5626 in-

311 5681 395 5730 ter
417 5689 515 5730 vos
550 5681 662 5728 tres
685 5688 790 5743 pax
817 5681 1076 5744 perpetua
1124 5671 1178 5725 in
1227 5670 1311 5724 his
1358 5667 1539 5723 verbis
1595 5673 1648 5722 et
1693 5665 1746 5720 in
1793 5664 1894 5721 hoc

311 5775 472 5840 pacto
495 5775 733 5822 maneat.
759 5766 828 5822 Et
847 5767 916 5823 ob
939 5767 1043 5823 hoc
1069 5766 1210 5836 quod
1240 5763 1371 5818 mihi
1403 5763 1456 5816 in
1488 5761 1633 5816 hunc
1675 5758 1892 5815 modum

314 5859 637 5924 servieritis,
665 5860 734 5914 do
763 5859 879 5924 tibi,
913 5857 1127 5926 Carole,
1159 5865 1218 5914 ut
1250 5855 1551 5924 Hispanias.
1579 5854 1714 5910 duce
1736 5855 1894 5910 beato

1985 591 2092 645 gno
2112 578 2179 632 ad
2201 578 2460 634 honorem
2488 581 2724 636 nominis
2767 582 2892 638 mei-
2912 582 3212 638 secundum
3254 583 3559 642 libertatem

1987 670 2225 728 ﬁdelium
2262 690 2502 732 meorum
2541 676 2836 733 consocies.
2901 677 3012 735 Nec
3046 693 3180 751 gens
3213 676 3557 749 Scytharum,

1985 779 2106 835 quae
2160 782 2384 838 regnum
2429 777 2580 823 tuum
2627 769 2914 825 immodice
2988 768 3193 842 afﬂigit,
3261 779 3453 826 contra
3505 778 3561 826 te

1991 868 2246 930 tuumque
2274 875 2498 932 regnum
2524 862 2832 933 praevaleat,
2864 870 2920 919 et
2948 862 3070 919 falsi
3117 862 3314 920 fratres
3364 880 3428 920 ac
3476 881 3562 921 re-

1986 951 2248 1007 belliones
2285 953 2362 1007 tui
2389 953 2540 1024 regni
2571 965 2695 1008 ante
2743 955 2937 1009 faciem
2994 963 3139 1010 tuam
3193 956 3340 1011 velut
3379 957 3560 1012 fumus

1987 1053 2112 1099 ante
2132 1043 2328 1099 faciem
2361 1045 2506 1100 venti
2535 1045 2804 1100 deﬁciant.
2839 1045 3066 1118 Tibique
3094 1048 3169 1102 tui
3201 1047 3294 1102 ﬁlii
3316 1056 3372 1104 et
3395 1064 3562 1120 nepo-

1987 1145 2089 1203 tes,
2114 1139 2159 1193 si
2183 1138 2286 1193 hoc
2309 1147 2528 1208 pactum
2557 1140 2908 1205 servaverint,
2937 1141 3272 1198 succedendo
3307 1141 3557 1210 feliciter,

1989 1232 2160 1287 donec
2180 1232 2235 1287 in
2258 1246 2324 1287 eo
2354 1247 2535 1287 coram
2566 1246 2654 1288 me
2681 1233 2949 1298 steterint,
2999 1236 3052 1290 in
3098 1250 3324 1306 regnum
3378 1251 3565 1291 succe-

1989 1325 2136 1380 dant.
2161 1324 2544 1380 Verumtamen
2579 1326 2704 1395 quia
2731 1326 3002 1382 Ecclesias
3033 1327 3100 1382 de
3129 1343 3228 1384 suo
3253 1335 3398 1384 statu
3427 1327 3560 1383 sub—

1990 1430 2208 1471 movere
2231 1431 2338 1470 non
2368 1415 2614 1482 timuisti,
2651 1425 2705 1470 et
2737 1427 2957 1486 propter
2990 1426 3044 1471 te
3096 1426 3306 1473 tantum
3361 1418 3564 1473 malum

1989 1505 2176 1577 affligit
2197 1505 2492 1562 Ecclesiam
2523 1521 2722 1572 meam,
2751 1507 2892 1563 scias
2934 1508 3265 1577 te.sequenti
3321 1523 3462 1562 anno
3511 1508 3568 1560 in

1989 1598 2092 1654 hoc
2111 1599 2226 1670 ipso
2254 1613 2439 1654 mense
2461 1599 2552 1668 qui
2573 1614 2718 1654 nunc
2745 1606 2848 1665 est,
2874 1597 3226 1654 Britanniam
3255 1606 3568 1664 venturum,

1989 1690 2171 1760 ibique
2191 1691 2278 1746 'ita
2322 1692 2387 1746 ab
2431 1691 2666 1745 inimicis
2711 1691 2818 1746 tuis
2866 1689 3346 1756 dehonestandum,
3405 1697 3464 1744 ut
3503 1690 3566 1761 (Γ.

1991 1782 2116 1835 add.
2150 1781 2263 1852 vix)
2298 1783 2452 1837 vivus
2490 1782 2704 1837 evadas.
2747 1781 2932 1852 Ibique
2964 1781 3225 1837 morietur
3251 1780 3490 1851 perﬁdus
3513 1788 3570 1836 et

1985 1875 2252 1930 nefandus
2273 1873 2552 1940 Vivianus,
2584 1874 2677 1946 qui
2706 1889 2812 1930 non
2837 1873 3429 1929 extimuiLconculcare
3461 1887 3568 1928 no-

1983 1963 2247 2020 bilitatem
2276 1964 2638 2020 Ecclesiarum
2665 1978 2933 2028 mearum,
2963 1962 3213 2019 abbatem
3247 1977 3304 2017 se
3332 1961 3570 2032 glorians

1985 2056 2298 2112 monasterii
2327 2056 2470 2111 beati
2502 2047 2796 2111 Martini'et
2825 2061 3167 2110 ceterorum.
3225 2053 3574 2109 Devorabunt

1984 2148 2128 2202 enim
2155 2147 2360 2203 idcirco
2384 2162 2575 2202 carnes
2593 2147 2711 2217 ejus
2733 2145 2864 2203 ferae
2886 2146 3162 2201 silvarum.
3215 2143 3476 2200 Similiter
3519 2151 3574 2199 et

1985 2240 2168 2296 caeteri
2198 2240 2352 2295 multi
2388 2246 2662 2306 corruent,
2688 2247 2745 2294 et
2781 2246 2860 2304 tu,
2894 2244 2956 2292 ut
2983 2236 3118 2302 dixi,
3142 2234 3426 2292 difﬁculter
3449 2249 3574 2289 eva-

1982 2333 2097 2390 des.
2130 2331 2188 2388 Si
2216 2333 2430 2403 quidem
2463 2331 2570 2387 noli
2606 2339 2732 2386 tunc
2760 2330 3052 2400 desperare
3078 2322 3162 2382 de
3198 2325 3569 2396 recuperanda

1984 2424 2173 2488 salute,
2201 2425 2295 2480 sed
2321 2437 2668 2494 quascunque
2695 2421 2964 2478 Ecclesias
2992 2437 3057 2477 eo
3104 2419 3247 2476 bello
3297 2407 3566 2473 delibera-

1983 2532 2134 2583 vero,
2166 2515 2390 2586 restitue
2419 2515 2472 2570 in
2498 2521 2698 2570 statum
2730 2529 2908 2579 suum,
2930 2521 2986 2568 et
3004 2527 3102 2583 ego
3126 2511 3220 2566 tibi
3235 2523 3424 2565 omnes
3440 2507 3574 2564 alias

1985 2623 2105 2678 quae
2130 2615 2256 2662 sunt
2278 2608 2332 2662 in
2355 2621 2522 2677 regno
2544 2614 2636 2661 tuo
2659 2594 3013 2671 deordinataa,
3041 2609 3438 2674 consequenter
3477 2599 3573 2655 de-

1985 2699 2248 2755 liberabo.
2284 2697 2420 2754 Vide
2462 2707 2520 2754 tu
2547 2697 2875 2754 omnimodis
2927 2705 2985 2752 ut
3035 2711 3210 2768 neque
3252 2709 3352 2764 pro
3396 2691 3574 2762 aliqua

1989 2791 2304 2856 ambitione,
2363 2798 2456 2845 aut
2515 2791 2745 2860 pristina
2803 2788 3131 2852 temeritate,
3187 2786 3385 2841 iterum
3413 2799 3443 2837 a
3475 2798 3574 2837 suo

1986 2880 2175 2936 ordine
2210 2881 2294 2935 vel
2322 2888 2467 2935 statu
2497 2895 2591 2934 eas
2618 2878 2850 2947 amplius
2899 2891 3200 2942 removeas,
3262 2874 3306 2930 si
3356 2881 3573 2944 pactum

1987 2986 2166 3026 meum
2197 2970 2339 3040 quod
2369 2969 2628 3025 hodierna
2647 2968 2734 3024 die
2759 2975 2940 3022 tecum
2960 2965 3140 3037 pepigi
3161 2965 3246 3020 vis
3267 2962 3575 3018 inviolabile

1987 3075 2324 3131 permanere.
2373 3059 2528 3127 Quod
2575 3059 2621 3114 si
2672 3058 2774 3114 hoc
2833 3067 2891 3112 tu
2936 3072 3044 3113 non
3097 3053 3422 3118 servaveris,
3473 3067 3576 3108 nec

1989 3153 2155 3217 verba
2191 3153 2334 3223 pacti
2371 3152 2476 3208 mei
2512 3151 2612 3206 tibi
2634 3165 2692 3206 se
2718 3149 3138 3206 conservabunt.
3169 3147 3238 3202 Et
3264 3155 3343 3211 tu,
3393 3144 3574 3200 Ludo-

1993 3246 2108 3300 vice
2138 3245 2531 3300 Germanorum
2558 3259 2675 3308 rex,
2699 3241 2881 3311 accipe
2901 3249 3174 3311 sceptrum
3197 3237 3351 3308 regni
3395 3243 3448 3291 et
3476 3250 3571 3290 co-

1990 3354 2176 3394 ronam
2210 3339 2351 3393 hanc
2378 3337 2433 3392 in
2463 3336 2804 3390 firmamento
2825 3333 2968 3406 pacti
2997 3331 3176 3400 hujus.
3207 3329 3360 3398 Quod
3386 3328 3432 3384 si
3453 3343 3579 3383 con-

1990 3431 2311 3496 servaveris,
2342 3429 2477 3484 duce
2499 3429 2660 3484 beato
2687 3426 2856 3482 Paulo
2886 3425 3151 3496 principe,
3179 3422 3284 3477 erit
3309 3421 3364 3475 in
3385 3427 3574 3490 gentes

1989 3538 2110 3592 quae
2150 3527 2276 3576 sunt
2317 3519 2494 3575 adhuc
2528 3516 2772 3572 inﬁdeles
2823 3515 2966 3587 apud
3013 3511 3332 3570 Germanias
3380 3507 3580 3563 felicis—

1991 3615 2127 3670 sima
2156 3611 2397 3667 dilatatio
2426 3619 2536 3665 tua.
2563 3608 2621 3664 Si
2649 3617 2829 3664 autem
2879 3614 2936 3661 tu
2989 3606 3094 3661 hoc
3129 3619 3237 3659 non
3290 3614 3576 3656 conserva-

1989 3706 2154 3770 veris,
2181 3718 2282 3760 nec
2323 3712 2542 3774 pactum
2591 3716 2767 3756 meum
2816 3699 2959 3770 quod
3021 3711 3121 3767 ego
3178 3703 3354 3750 tecum
3398 3689 3578 3764 pepigi

1991 3798 2184 3854 stabile
2218 3797 2474 3852 manebit.
2509 3795 2588 3849 Tu
2617 3801 2820 3858 autem,
2848 3790 3122 3848 Ludovice
3146 3788 3406 3844 Italorum
3456 3799 3576 3847 rex,

1991 3890 2176 3961 accipe
2198 3897 2471 3960 sceptrum
2511 3886 2661 3957 regni
2713 3894 2768 3939 et
2817 3897 3073 3938 coronam
3121 3880 3262 3935 hanc
3295 3877 3352 3932 in
3397 3875 3578 3929 ﬁrma.

1990 3990 2172 4037 mento
2195 3980 2338 4050 pacti
2367 3976 2546 4047 hujus.
2581 3974 2730 4042 Quod
2755 3961 2812 4030 si
2849 3971 3172 4037 servaveris,
3228 3969 3364 4024 duce
3412 3967 3574 4022 beato

1988 4074 2152 4130 Petro
2189 4071 2450 4143 principe,
2477 4070 2583 4124 erit
2627 4075 2817 4123 contra
2867 4072 3056 4135 gentes
3101 4076 3221 4132 quae
3264 4058 3576 4130 opprimunt

1991 4179 2215 4235 regnum
2247 4171 2421 4227 tuum,
2455 4159 2766 4214 felicissima
2807 4155 3052 4212 extensio
3098 4161 3208 4208 tua.
3240 4150 3335 4205 Sin
3367 4155 3572 4212 autem,

1989 4254 2288 4310 mutabitur
2321 4262 2375 4306 et
2398 4249 2562 4306 istud.
2623 4247 2689 4302 Ili
2729 4247 2890 4302 enim
2929 4253 3040 4299 tres
3095 4241 3392 4312 principes,
3438 4252 3579 4308 quos

1991 4349 2154 4404 duces
2191 4355 2248 4401 et
2273 4343 2546 4413 adjutores
2568 4356 2694 4398 cum
2747 4336 3082 4396 exercitibus
3135 4349 3247 4389 suae
3302 4330 3580 4387 societatis

1989 4439 2143 4496 vobis
2169 4437 2310 4503 dedi,
2339 4437 2406 4492 ab
2438 4432 2740 4491 imminenti
2761 4429 3114 4486 damnatione
3157 4423 3416 4481 mundum
3464 4421 3578 4478 suis

1990 4528 2456 4588 intestimabilibus
2510 4525 2763 4598 precibus
2817 4520 2979 4577 modo
3033 4518 3367 4588 eripuerunt.
3447 4509 3576 4566 Sine

1995 4639 2225 4700 quorum
2257 4630 2318 4676 ut
2340 4617 2586 4675 ordinavi
2611 4617 2805 4671 ducatu
2827 4620 2882 4667 et
2917 4608 3275 4681 protectione,
3301 4601 3446 4659 nulla
3470 4614 3566 4700 ve-

1998 4693 2125 4776 stris
2179 4712 2556 4785 congressibus
2603 4709 2758 4764 cedet
2799 4703 3152 4776 prosperitas.
3217 4693 3574 4755 Servantibus

1975 4824 2210 4882 quoque
2235 4805 2404 4869 vobis,
2429 4811 2489 4856 ut
2514 4800 2645 4865 dixi,
2673 4805 2888 4868 pactum
2914 4796 3041 4861 hoc,
3091 4790 3232 4864 quod
3275 4787 3433 4844 hodie
3491 4797 3582 4838 so-

1996 4901 2250 4960 lemniter
2275 4894 2550 4952 vobiscum
2577 4890 2754 4962 pepigi
2787 4908 2800 4943 :
2830 4897 2958 4943 tunc
3002 4884 3055 4941 hi
3091 4885 3255 4940 duces
3295 4888 3349 4935 et
3393 4889 3577 4934 coram

1998 5011 2085 5052 me
2105 4999 2342 5049 vestram
2365 4995 2777 5052 vestrorumque
2803 4993 3090 5049 regnorum
3116 4987 3335 5033 causam
3361 4979 3575 5038 semper

1995 5094 2273 5162 peragent,
2303 5091 2359 5139 et
2382 5093 2721 5152 quocunque,
2747 5077 2862 5132 sive
2891 5073 2958 5130 ad
2990 5073 3215 5136 bellum,
3243 5068 3353 5124 sive
3382 5063 3448 5118 ad
3477 5077 3574 5132 pa-

1997 5160 2139 5248 cem,
2165 5173 2560 5252 processeritis,
2587 5171 2755 5228 vestri
2784 5177 3194 5236 vestrorumque
3223 5160 3386 5215 duces
3424 5163 3578 5252 opta-

2000 5245 2196 5332 tissimi
2218 5281 2274 5329 et
2302 5268 2487 5327 invicti
2519 5273 2852 5338 protectores
2890 5267 3067 5316 erunt.
3126 5252 3251 5308 Haec
3304 5245 3578 5317 complens

2000 5369 2262 5426 Dominus
2303 5362 2575 5420 ordinavit
2597 5360 2650 5414 in
2695 5357 2948 5414 omnibus
2995 5344 3254 5405 Ecclesiis
3306 5339 3580 5413 principes

2000 5461 2114 5516 sive
2142 5465 2387 5530 pastores
2416 5469 2526 5509 sua:
2552 5453 2707 5508 bonae
2727 5441 3046 5505 voluntatis,
3086 5436 3220 5492 dans
3278 5432 3439 5530 ﬁnem
3493 5427 3579 5482 his

1999 5553 2092 5626 qui
2123 5525 2259 5606 falso
2284 5546 2544 5604 vocabulo
2573 5549 2862 5600 censentur
2905 5539 3169 5605 pastores.
3211 5525 3471 5626 Similiter
3491 5535 3584 5577 ea-

1999 5615 2108 5718 pita
2135 5642 2369 5715 plebium
2396 5638 2770 5694 universorum
2801 5623 3283 5718 Christianorum.“
3303 5617 3372 5672 Et
3404 5615 3583 5718 ‘bene—

1999 5702 2420 5792 dixit-mundum
2452 5728 2636 5783 dicens
2669 5740 2682 5776 :
2711 5719 2845 5787 Quia
2867 5731 2967 5788 pro
2988 5710 3371 5802 iniquitatibus
3404 5702 3551 5802 homi

2001 5843 2130 5885 num
2160 5827 2320 5882 modo
2341 5819 2499 5893 quasi
2538 5816 2651 5886 jam
2689 5813 2975 5869 damnatus
3016 5806 3266 5864 omnibus
3300 5799 3582 5855 elementis
