4044 6326
449 385 516 442 27
1016 376 1323 441 AUDRADI
1361 370 1784 433 SENONENSIS
1816 364 2307 425 CHOBEPISCOPI
2344 364 2544 420 LIBER
2584 358 3147 417 REVELATIONUM.

3654 361 3736 411 Ξδ

453 513 697 577 appares,
722 513 866 561 nunc
890 497 1073 571 accipe
1094 493 1522 555 benedictionem
1579 504 1754 549 meam
1801 497 1859 543 et
1908 492 2027 541 esto
2055 485 2103 547 Α
2132 479 2267 577 Nati}
2294 493 2415 551 θεον
2439 478 2483 533 εί
2513 491 2635 577 θδξθ
2658 484 2859 577 Ροεεεξι
2887 472 3025 533 satis
3064 472 3166 577 ιιοίξ
3194 471 3405 531 νθηθω·
3430 472 3527 577 E5}
3561 471 3728 577 εξυῖξξι

448 589 864 655 fecundissimus
882 592 988 657 hoc
1012 604 1156 653 anno
1198 586 1464 663 sequenti,
1518 592 1578 640 ut
1618 579 1749 639 nulli
1799 578 2023 640 dubium

448 693 667 749 maneat
687 682 1048 763 quinegebis
1095 681 1267 741 tribus
1295 678 1503 745 diebus,
1552 670 1751 743 quibus
1792 672 1926 733 solis
1972 678 2029 731 et

446 776 589 843 lunae
613 776 834 841 radiise
880 774 1300 839 absconderant,
1352 766 1681 831 visitaverim
1725 765 2026 825 Ecclesiam

451 882 652 933 meam,
686 864 912 943 ejusque
958 881 1179 923 causam
1225 859 1602 932 disposuerim.
1691 857 2026 929 Factumque

446 968 547 1014 cst.
586 959 654 1021 Et
675 960 792 1019 hac
826 959 1199 1035 percomplens
1232 954 1510 1020 Dominus,
1565 952 1812 1011 ascendit
1864 966 2027 1022 super

446 1064 634 1109 otttnes
659 1051 829 1115 eteius
864 1052 921 1115 in
954 1051 1178 1107 dextera
1206 1046 1401 1105 Patris.
1428 1044 1588 1103 Venit
1624 1059 1837 1121 quoque
1874 1044 2029 1103 anni-

445 1142 668 1196 versarii
693 1143 828 1211 dies,
856 1152 911 1201 et
936 1156 1115 1199 sermo
1139 1139 1353 1199 Domini
1375 1139 1674 1213 completus
1699 1145 1784 1197 est
1821 1137 1875 1199 in
1923 1137 2028 1195 tia-

442 1229 617 1288 rolum
641 1240 696 1289 et
720 1233 1015 1289 exercitum
1038 1232 1174 1301 ejus.
1200 1230 1446 1301 Namque
1485 1229 1769 1287 Vivianum
1816 1229 1885 1285 ab
1927 1230 2026 1289 bo-

440 1322 986 1385 stibus-interl’ectum
1028 1323 1426 1379 devoraverunt
1470 1322 1598 1377 ferte
1641 1321 1919 1388 silvarum,
1970 1330 2027 1378 et

442 1412 624 1468 multae
654 1414 905 1473 Ecclesiae
936 1414 1006 1471 ab
1033 1414 1445 1491 oppressoribus
1472 1412 1609 1480 suis,
1648 1421 1710 1471 ut
1764 1413 2025 1473 Dominus

439 1503 784 1573 praedixerat,
806 1520 872 1565 eo
917 1504 1059 1565 bello
1110 1515 1239 1567 sunt
1281 1504 1610 1565 deliberatae.
1671 1503 2026 1567 Mandaverat

436 1591 542 1650 hoc
578 1594 786 1667 legatus
824 1596 1187 1659 Ecclesiarum
1214 1596 1408 1657 Carolo
1456 1597 1569 1670 regi
1610 1612 1707 1669 per
1748 1597 2023 1655 Rotbber—

438 1703 565 1753 num
597 1689 888 1760 quemdam
911 1691 1303 1751 cubicularium
1322 1691 1489 1763 regis,
1536 1701 1593 1748 et
1630 1708 1849 1749 omnem
1901 1700 2022 1749 tex-

438 1787 551 1835 tum
580 1784 911 1841 narrationis
937 1793 1263 1856 exposuerat
1289 1805 1302 1841 :
1333 1786 1479 1856 quod
1524 1801 1619 1841 rex
1649 1786 1874 1847 obedire
1928 1803 2023 1845 ne—
2074 1824 2083 1837 ι

2132 570 2263 631 mihi
2304 569 2755 639 consanguineus.
2801 568 2917 639 Ago
2953 581 3083 639 ergo
3108 573 3170 627 ut
3215 579 3432 631 moneo,
3460 571 3518 620 et
3544 565 3590 625 si
3614 563 3734 623 ali-

2131 664 2259 743 quid
2304 662 2428 721 inde
2453 662 2704 734 dignatus
2730 659 2896 723 fuerit
2924 658 3216 741 ostendere
3263 657 3359 717 tibi
3408 656 3568 725 Deus,
3599 672 3727 719 non

2129 755 2427 815 abscondas
2456 771 2490 815 a
2534 770 2620 813 me
2650 754 2801 823 illud.
2832 754 2888 815 in
2934 752 3041 815 lide
3067 751 3161 815 Dei
3189 760 3241 813 te
3261 751 3524 813 obteritur.
3547 750 3732 813 Cum-

2129 862 2235 921 que
2262 861 2475 907 orarem
2516 846 2677 905 solito
2704 861 2806 917 pro
2842 845 3074 907 fratrum
3111 843 3308 913 salute,
3337 844 3502 907 etiam
3528 855 3584 907 et
3612 860 3729 921 pro

2127 942 2435 1015 supradicto
2481 942 2717 1014 negotio,
2764 956 2891 999 ecce
2918 940 3180 1003 Dominus
3224 939 3477 1013 dignatus
3514 950 3727 1003 estme

2126 1032 2335 1100 audire,
2367 1041 2419 1088 et
2447 1033 2779 1091 descendens
2809 1032 2876 1093 de
2909 1031 3047 1093 crelo
3090 1030 3294 1092 lumine
3342 1046 3441 1091 suo
3477 1032 3729 1089 circum-

2125 1124 2275 1183 fulsit
2321 1141 2409 1181 me
2437 1126 2492 1181 in
2540 1125 2657 1187 loco
2709 1141 2817 1197 quo
2852 1139 3001 1183 eram
3040 1138 3224 1190 orans,
3262 1131 3321 1179 et
3346 1122 3521 1183 dixit:
3553 1122 3731 1181 Male-

2126 1212 2269 1269 dicta
2296 1213 2413 1270 dies
2447 1230 2554 1289 qua
2605 1216 2710 1273 erit
2760 1214 3107 1275 Burcbardus
3152 1213 3457 1287 episcopus.
3494 1212 3563 1271 Et
3596 1214 3728 1271 hac

2127 1307 2331 1375 dicens,
2366 1309 2421 1365 in
2450 1308 2650 1365 coelum
2676 1309 2854 1369 rediit.
2890 1308 3041 1367 Unus
3066 1315 3249 1365 autem
3283 1322 3349 1367 ex
3388 1306 3596 1379 angelis
3618 1306 3726 1378 qui

2126 1417 2248 1457 cum
2284 1417 2350 1458 eo
2387 1410 2669 1471 venerant,
2715 1402 2782 1457 ad
2827 1401 3107 1459 dexteram
3149 1401 3283 1459 mihi
3335 1400 3617 1467 remansit,
3663 1408 3727 1457 et

2126 1492 2203 1547 ait
2235 1509 2248 1546 :
2282 1491 2436 1549 Nosti
2459 1493 2587 1565 quid
2628 1493 2827 1551 dixerit
2871 1493 3170 1553 Dominus?
3199 1493 3267 1549 Et
3300 1493 3388 1549 aio
3418 1509 3431 1547 :
3462 1492 3724 1561 Domine,

2125 1584 2363 1653 apertius
2393 1585 2534 1641 scire
2557 1584 2770 1642 vellem.
2800 1585 2871 1640 At
2889 1584 2978 1643 ille
3007 1584 3179 1641 dixit:
3208 1583 3473 1643 Omnibus
3492 1583 3720 1653 diebus,

2125 1678 2322 1748 quibus
2350 1677 2514 1737 fuerit
2546 1678 2892 1741 Burchardus
2919 1679 3226 1751 episcopus,
3256 1678 3486 1737 stillabit
3506 1679 3585 1737 ira
3615 1676 3725 1735 Dei

2126 1786 2288 1845 super
2316 1788 2506 1833 omnes
2533 1775 2795 1833 ecclesias
2826 1790 2998 1849 usque
3028 1774 3096 1833 ad
3124 1776 3336 1833 ruinam
3364 1774 3601 1841 illarum.
3635 1774 3731 1833 ldu-

438 1869 626 1943 glexit,
649 1875 745 1931 sed
769 1875 1202 1933 inhonestissime
1227 1893 1257 1933 a
1295 1877 1576 1937 Britannia
1598 1892 1871 1946 reversus,
1915 1895 2022 1939 non

2130 1863 2276 1920 circo
2321 1868 2842 1927 excommunicando
2888 1858 3143 1945 prohibet
3179 1868 3549 1927 ordiuatorem
3590 1865 3729 1937 eius

439 1964 676 2021 restituit
703 1965 973 2024 Ecclesias
1002 1969 1057 2025 in
1090 1970 1281 2029 ordine
1329 1986 1447 2027 suo.
1514 1971 1879 2040 Quamobrem
1935 1973 2027 2028 ad-

440 2052 591 2111 duxit
616 2054 982 2119 Nortmannos
1004 2061 1058 2117 in
1112 2060 1312 2118 Gallias
1368 2062 1533 2130 Deus,
1586 2065 1679 2137 qui
1732 2080 1830 2121 eas
1879 2074 2024 2125 terra

438 2147 686 2220 marique
713 2160 1009 2219 vastarent,
1034 2161 1090 2210 et
1121 2154 1433 2215 immanitas
1460 2156 1700 2213 omnium
1734 2158 2027 2230 malignan-

442 2239 574 2301 tium
601 2242 747 2301 velut
776 2245 856 2305 ira
888 2245 981 2303 Dei
1016 2248 1183 2319 coepit
1211 2249 1449 2320 undique
1478 2250 1536 2307 in
1578 2260 1786 2320 partem
1829 2253 2025 2313 borum

441 2344 627 2403 regum
652 2333 1024 2395 eﬂ'ervescere.
1054 2338 1206 2403 Tune
1255 2340 1462 2412 legatus
1512 2342 1879 2403 Ecclesiarum
1930 2347 2029 2405 tri-

440 2421 541 2479 bus
579 2425 768 2485 diebus
798 2435 855 2487 et
888 2430 1138 2489 noctibus
1164 2432 1458 2501 continuis,
1485 2433 1648 2493 tertio
1671 2435 1789 2493 sine
1810 2435 1934 2497 cibo
1970 2445 2029 2495 et

440 2522 590 2587 potu,
642 2531 827 2585 coram
855 2519 968 2579 Deo
992 2523 1307 2594 permansit,
1353 2540 1518 2587 orans
1566 2536 1627 2583 ut
1677 2527 2027 2587 misereretur

438 2610 637 2685 popqu
665 2628 783 2681 suo,
814 2622 1000 2673 etnon
1027 2617 1371 2675 subtraheret
1405 2619 1652 2679 inducias
1695 2621 1872 2683 datas.
1923 2622 2027 2693 Qui

442 2699 637 2759 iterum
662 2702 833 2767 ﬂexus
858 2706 926 2762 ad
944 2708 1201 2779 pietatem
1231 2710 1488 2769 misertus
1512 2720 1618 2778 est,
1652 2720 1708 2767 et
1752 2717 2027 2784 utcunque

441 2814 508 2854 ex
531 2809 685 2871 parte
720 2803 989 2876 mitigavit
1012 2805 1151 2865 iram
1169 2804 1374 2869 furoris
1412 2806 1515 2873 sui,
1547 2808 1823 2867 sustinens
1850 2808 2028 2867 adhuc

440 2886 784 2951 lnduciarum
810 2894 1068 2963 spatium.

1007 3024 1234 3083 CAPUT
1270 3025 1369 3083 XV

512 3155 580 3212 Et
600 3155 804 3217 factum
825 3168 909 3217 est
926 3174 1071 3219 anno
1097 3159 1224 3230 853,
1251 3162 1355 3221 boc
1380 3171 1466 3220 est
1492 3164 1834 3227 lnduciarnm
1856 3181 2026 3234 nono,

2126 1955 2458 2023 Altissimus,
2492 1973 2560 2015 ne
2593 1959 2836 2033 imponat
2880 1958 2956 2017 illi
3004 1973 3196 2019 manus
3234 1959 3289 2015 in
3334 1956 3729 2019 benedictione

2125 2047 2436 2118 episcopali.
2488 2049 2557 2109 Et
2597 2050 2713 2109 haec
2757 2051 2965 2119 dicens,
3015 2050 3302 2109 Dominum
3357 2058 3578 2113 secutus
3602 2058 3725 2109 est.

2126 2137 2241 2208 Ego
2266 2148 2447 2195 autem
2476 2141 2710 2197 adorans
2738 2149 2793 2199 et
2813 2141 3015 2217 gratias
3056 2155 3240 2214 agens,
3273 2139 3432 2199 retuli
3456 2141 3729 2199 universa

2128 2233 2540 2309 archiepiscopo
2572 2251 2716 2303 meo,
2752 2236 2846 2309 qui
2880 2252 3005 2295 mox
3050 2236 3312 2311 scriptum
3350 2235 3499 2295 misit
3524 2251 3731 2293 oracu-

2127 2322 2236 2379 lum
2268 2324 2411 2383 istud
2455 2326 2567 2397 regi
2601 2324 2817 2385 Carolo.
2854 2325 2923 2381 Et
2962 2341 3062 2399 ego
3093 2326 3380 2385 conventui
3425 2326 3721 2399 episcopo-

2127 2432 2267 2481 rum,
2289 2417 2380 2489 qui
2409 2416 2480 2475 ob
2504 2418 2607 2475 hoc
2634 2418 2877 2474 Senonas
2902 2427 3296 2487 convenerunt,
3328 2417 3723 2489 monentejam

2128 2507 2272 2567 dicto
2316 2510 2746 2585 archiepiscopo,
2792 2510 2951 2571 retuli
2982 2510 3130 2569 illud.
3161 2510 3265 2581 Qui
3294 2509 3470 2585 primo
3490 2512 3725 2582 quidem

2127 2601 2414 2665 noluerunt
2467 2604 2721 2663 ordinare
2769 2603 3083 2676 episcOpum
3137 2604 3387 2663 eumdem
3438 2605 3727 2665 Burcharo

2127 2694 2411 2765 dum,tam
2453 2697 2673 2753 evidens
2723 2696 2815 2753 Dei
2849 2696 3132 2757 oraculum
3178 2708 3550 2767 pavescentes.
3603 2696 3726 2757 Sed

2128 2786 2414 2859 imperium
2463 2788 2605 2860 regis
2644 2797 2856 2859 postea,
2912 2797 2968 2845 et
3004 2788 3295 2849 multorum
3334 2788 3725 2861 episcoporum

2128 2893 2191 2939 ac
2214 2880 2515 2957 principum
2548 2880 2700 2950 regni
2736 2895 3033 2941 consensus
3076 2879 3360 2952 prtevaluit
3385 2922 3401 2953 ,
3445 2890 3500 2939 et
3528 2896 3726 2941 mense

2128 2980 2321 3041 quarto
2343 2972 2471 3031 anni
2504 2970 2847 3033 lnduciarutn
2875 2972 3025 3038 noni,
3052 2973 3335 3030 ordinatus
3376 2981 3461 3035 est
3507 2973 3727 3047 episco-

2128 3076 2249 3133 pus.
2278 3060 2445 3134 Cujus
2463 3062 2859 3123 ordinationem
2884 3072 3070 3137 aperte
3108 3066 3190 3125 ira
3216 3064 3335 3127 ’Dei
3368 3080 3496 3125 mox
3528 3074 3727 3127 secuta

2129 3162 2236 3220 est,
2258 3163 2313 3208 et
2363 3157 2608 3227 sequenti
2650 3174 2836 3219 mense
2886 3174 2985 3233 per
3022 3169 3194 3219 totum
3242 3161 3501 3223 mundum
3554 3168 3725 3219 vento

443 3248 604 3307 tertio
625 3264 831 3317 mense,
856 3252 1052 3309 iterum
1080 3256 1331 3315 evocavit
1363 3273 1451 3315 me
1490 3272 1585 3313 rex
1607 3256 1833 3321 Carolus
1859 3259 1924 3315 ad
1945 3274 2024 3315 se.
2053 3264 2100 3328 c
2130 3254 2321 3302 urente
2342 3261 2614 3317 percussae
2649 3259 2778 3307 sunt
2799 3251 2994 3315 vincte.
3030 3260 3377 3329 tempestates
3397 3262 3453 3313 et
3480 3253 3727 3313 tonitrua

443 3340 505 3396 Et
528 3356 651 3399 cum
688 3343 1021 3419 principibus
1048 3345 1434 3417 Ecclesiarum,
1468 3350 1694 3411 testibus
1714 3347 2017 3413 Waniloae,

443 3431 757 3505 Hincmaro,
781 3437 1079 3509 Amalrico,
1111 3439 1482 3511 Leopardulo,
1512 3441 1911 3501 venerabilibus
1932 3459 2025 3501 ar-

441 3524 818 3597 chiepiscopis,
834 3537 1096 3601 prtesente
1114 3528 1572 3591 Christianissima
1590 3532 1773 3602 regina
1800 3533 2030 3597 Ermeps

444 3619 618 3684 trude,
652 3620 819 3693 etrapit
866 3623 1169 3691 percontari
1208 3623 1276 3679 de
1318 3624 1404 3678 his
1444 3623 1716 3686 omnibus,
1772 3623 1855 3679 vel
1896 3624 1938 3679 si
1970 3623 2027 3685 in

444 3709 629 3782 aliquo
671 3714 967 3783 potuissem
1024 3715 1351 3787 deprehendi
1398 3715 1679 3772 mendacio
1736 3716 2025 3777 sciscitari.

442 3803 512 3857 At
533 3818 632 3875 ego
654 3805 705 3861 in
744 3820 997 3869 sermone
1027 3807 1241 3863 Domini
1294 3808 1491 3863 iterum
1523 3807 1599 3862 illi
1622 3816 1680 3862 ut
1706 3822 1868 3878 supra
1893 3807 2031 3863 scri-

444 3904 535 3966 pta
573 3904 700 3959 sunt
748 3897 929 3961 omnia
972 3897 1242 3957 enarravi.
1285 3897 1387 3967 Qui
1431 3898 1599 3968 cmpit
1632 3898 1829 3955 iterum
1865 3905 2031 3968 atque

447 3987 641 4051 iterum
682 3990 997 4062 promittere
1049 3990 1195 4062 quod
1246 3990 1390 4047 intra
1429 3991 1565 4047 duos
1602 4003 1817 4049 menses
1854 3989 2030 4046 sancti

447 4078 661 4136 Martini
716 4080 1024 4147 ecclesiam,
1072 4096 1168 4141 seu
1224 4088 1476 4147 caeteras,
1538 4095 1658 4151 quae
1714 4079 2032 4139 videbantur

446 4179 665 4242 apertae.
701 4171 757 4231 in
782 4188 880 4229 suo
915 4172 1105 4229 ordine
1134 4172 1464 4229 restituisset
1490 4190 1503 4225 :
1534 4171 1679 4242 quod
1706 4185 1813 4225 nou
1854 4171 2030 4227 adim-

445 4265 630 4336 plevit.
654 4265 762 4323 Sed
787 4268 855 4327 ad
880 4269 1277 4339 provocandam
1323 4267 1498 4327 adhuc
1524 4267 1660 4323 iram
1685 4265 2033 4336 Omnipoten-

449 4359 538 4425 αδ,
591 4360 874 4419 accersivit
922 4361 1211 4431 quemdam
1263 4360 1573 4425 diaconum,
1626 4360 1844 4419 nomine
1897 4359 2036 4417 Bur-

447 4452 733 4518 cbsrdum,
762 4453 854 4522 qni
878 4460 996 4509 erat
1024 4468 1054 4507 e
1076 4454 1320 4524 partibus
1342 4451 1587 4509 Lotbarii
1624 4452 1786 4523 regis,
1808 4461 1864 4509 et
1884 4467 2035 4509 com-

452 4541 725 4601 mendavit
774 4539 850 4601 illi
887 4540 1186 4599 Ecclesium
1217 4541 1656 4607 Carnutensium,
1697 4551 1756 4602 ut
1799 4550 1943 4601 esset
1978 4542 2033 4598 in

2129 3346 2185 3392 et
2211 3339 2447 3409 pericula
2496 3339 2711 3397 caelitus
2758 3342 2901 3397 ultra
2925 3359 3087 3412 quam
3135 3346 3241 3401 dici
3285 3348 3461 3417 possit
3495 3347 3723 3407 emissa.

2131 3430 2441 3502 Eodemque
2495 3448 2641 3490 anno
2707 3433 3029 3495 Nortmanni
3086 3452 3187 3507 per
3238 3437 3446 3510 Ligeris
3504 3440 3728 3496 alveum

2130 3525 2484 3595 ascendentes
2514 3528 2903 3587 monasterium
2924 3529 3099 3589 sancti
3131 3529 3347 3589 Martini
3379 3531 3722 3600 Turonense,

2130 3625 2184 3675 et
2211 3616 2489 3677 basilicam
2526 3618 2645 3691 ejus
2683 3628 2797 3679 toto
2837 3622 2970 3679 orbe
3015 3624 3404 3693 venerabilem,
3432 3624 3580 3683 nullo
3622 3628 3727 3687 ob-

2130 3719 2330 3779 stante,
2366 3726 2552 3771 mense
2588 3728 2731 3770 nono
2764 3713 3075 3775 incendunt.
3109 3714 3318 3788 Corpus
3344 3725 3527 3775 autem
3574 3716 3727 3777 beati

2132 3802 2315 3859 domui
2374 3802 2590 3859 Martini
2644 3803 2828 3860 clerici
2889 3803 3006 3874 ejus
3052 3806 3177 3863 inde
3222 3805 3486 3881 fugientes
3532 3822 3727 3869 secum

2132 3904 2489 3969 portaveruut
2516 3896 2569 3955 in
2597 3897 2988 3955 monasterium
3026 3899 3412 3959 monachorum
3448 3900 3591 3970 quod
3633 3899 3724 3955 di.

2132 3986 2274 4042 citur
2313 3986 2681 4057 Cormaricus,
2727 3989 2904 4047 eidem
2938 3999 3128 4047 sancto
3185 3988 3505 4061 subjectum.
3569 3988 3727 4049 Tunc

2130 4087 2348 4148 pactum
2383 4080 2526 4151 quod
2556 4081 2839 4157 pepigerat
2861 4080 3110 4139 Christus
3156 4098 3279 4139 cum
3332 4083 3549 4155 regibus
3590 4082 3727 4139 irri-

2133 4182 2244 4228 tum
2276 4171 2477 4231 factum
2508 4183 2612 4243 est,
2638 4176 2766 4249 quia
2794 4192 2899 4233 non
2943 4178 3010 4233 ad
3054 4178 3488 4235 emendationem
3512 4191 3573 4234 se
3600 4177 3714 4234 ullo

2134 4268 2314 4339 modo,
2366 4270 2461 4325 sed
2511 4272 2853 4349 apertissime
2907 4271 2976 4327 ad
3027 4272 3423 4343 provocandam
3460 4285 3624 4343 super
3662 4286 3727 4327 se

2134 4357 2307 4437 magis
2355 4360 2493 4417 iram
2533 4358 2628 4419 Dei
2659 4362 3047 4434 omnipotentis
3075 4368 3479 4419 converterunt.
3516 4361 3727 4423 idcirco

2133 4459 2189 4508 et
2214 4452 2392 4507 omnis
2420 4467 2521 4523 pax
2557 4462 2712 4525 rupta
2743 4462 2845 4518 est,
2886 4462 2944 4510 et
2983 4469 3144 4510 omne
3176 4454 3378 4513 malum
3406 4454 3601 4511 iterum
3623 4469 3726 4510 ceu

2137 4544 2466 4601 reviviscens
2498 4561 2660 4616 super
2688 4562 2878 4605 omnes
2901 4548 3164 4607 ecclesias
3194 4546 3340 4605 velut
3367 4546 3728 4607 intolerabilis

447 4648 512 4689 ea
543 4631 813 4702 pontifex;
839 4648 903 4690 ac
930 4635 976 4691 si
1002 4634 1209 4693 nullum
1236 4635 1291 4690 in
1320 4650 1486 4707 regno
1513 4635 1774 4707 dignioris
1799 4636 2034 4692 nominis
2062 4631 2115 4694 Ι)
2138 4638 2307 4693 maris
2333 4637 2594 4710 procella,
2630 4640 3097 4710 superinundavit;
3124 4646 3182 4695 ut
3207 4638 3336 4695 nulli
3359 4638 3580 4695 dubium
3601 4652 3728 4695 esse

449 4727 708 4783 clericum
731 4727 975 4785 invenire
1012 4728 1296 4799 potuisset.
1338 4728 1406 4784 Et
1442 4729 1578 4785 dixit
1615 4728 1890 4789 Weniloni
1936 4726 2035 4784 Se-

450 4835 651 4877 nonum
701 4821 1124 4892 archiepiscopo,
1158 4832 1219 4878 ut
1251 4838 1376 4885 eum
1395 4823 1670 4879 ordinaret
1694 4822 2030 4894 episcopum.

451 4911 677 4973 Vocavit
702 4921 879 4970 autem
924 4930 1012 4970 me
1046 4914 1190 4971 idem
1233 4914 1673 4987 archiepiscopus
1698 4955 1713 4982 ,
1759 4924 1815 4973 et
1852 4915 2029 4973 dixit:

452 5005 579 5065 Scio
603 5009 669 5065 ad
700 5008 835 5065 iram
862 5007 955 5065 Dei
996 5010 1394 5081 provocandam
1434 5026 1616 5082 regem
1662 5019 1908 5067 nostrum
1928 5009 2035 5068 Ca-

452 5097 624 5157 rolutn
676 5099 871 5171 egisse,
928 5108 990 5157 ut
1032 5099 1410 5157 Burcbardum
1438 5117 1467 5156 a
1496 5100 1740 5171 partibus
1788 5100 2035 5161 Lotharii

449 5198 723 5259 evocaret,
769 5200 825 5246 et
870 5200 1143 5263 pastorem
1194 5192 1446 5249 Ecclesiae
1480 5194 1853 5251 constitueret.
1894 5194 2032 5251 Nam

451 5281 519 5337 de
544 5297 610 5339 eo
641 5296 740 5353 per
759 5284 1042 5343 universas
1075 5286 1226 5358 regni
1274 5285 1433 5357 hujus
1464 5287 1840 5345 ecclesias.....
1890 5288 2033 5345 fama

450 5374 675 5431 etdictu
707 5378 981 5435 horribilis
1026 5380 1301 5453 divulgata
1337 5388 1440 5436 est.
1484 5377 1590 5436 Sed
1629 5381 1676 5436 si
1705 5396 1825 5437 esse
1850 5387 2034 5452 posset

452 5474 514 5522 ut
541 5467 639 5523 Dei
680 5468 955 5527 ineundis
1003 5487 1111 5529 non
1147 5481 1556 5543 provocaretur,
1597 5472 1726 5544 quia
1757 5472 1900 5543 apud
1927 5487 2032 5527 εω-

450 5557 557 5614 culi
596 5574 813 5616 causam
846 5570 1099 5621 strenuus
1117 5580 1238 5622 esse
1274 5565 1633 5637 dignoscitur,
1675 5580 1806 5636 rogo
1844 5575 1896 5623 te
1918 5579 2038 5634 om-

452 5652 686 5709 nimodis
709 5662 768 5710 ut
793 5670 917 5712 ores
937 5654 1130 5722 Deum,
1168 5667 1435 5728 quatenus
1460 5660 1712 5731 dignetur
1739 5658 1835 5714 tibi
1860 5666 2039 5713 osten-

451 5743 602 5811 dere,
626 5747 671 5803 si
694 5761 815 5804 esse
837 5750 1012 5823 possit
1036 5749 1145 5805 ullo
1170 5752 1354 5825 modo,
1380 5761 1438 5807 ut
1470 5751 1767 5808 secundum
1794 5748 1912 5819 ejus
1934 5765 2039 5806 νοτε

452 5833 710 5895 luntatem
740 5840 880 5898 idem
908 5842 1251 5901 Burchardus
1273 5841 1388 5899 ﬁeri
1417 5850 1689 5900 mereatur
1712 5841 2024 5915 episcopus.

2136 4736 2320 4800 posset
2345 4728 2487 4785 ﬁdeli
2535 4737 2627 4787 aut
2680 4729 2883 4787 inﬁdeli
2938 4731 3019 4787 ira
3064 4730 3159 4785 Dei
3188 4728 3404 4787 ctelitus
3454 4728 3729 4787 Ecclesias

2136 4837 2327 4879 omnes
2369 4829 2427 4877 et
2468 4831 2638 4878 totum
2689 4824 2947 4883 mundum
2993 4824 3230 4894 undique
3282 4831 3336 4879 et
3369 4821 3568 4897 ubique
3595 4835 3727 4876 con-

2137 4913 2403 4984 quassari.
2451 4912 2602 4969 Tunc
2653 4915 2888 4971 maxima
2919 4928 3045 4985 pars
3084 4913 3369 4985 legationis
3400 4925 3533 4971 mea:
3570 4910 3727 4969 irrita

2138 5003 2279 5061 facta
2300 5014 2404 5072 est,
2434 5014 2485 5061 et
2508 5008 2687 5063 omnis
2715 5005 2965 5063 confusio
2987 5014 3043 5063 et
3085 5005 3398 5065 maledictio
3423 5004 3591 5075 capit
3627 5018 3723 5059 su-

2138 5097 2522 5168 perinundare.

2712 5168 2941 5225 CAPUT
2970 5164 3154 5224 XVIII.

2209 5260 2348 5317 Audi
2396 5277 2505 5327 me,
2539 5262 2727 5318 frater.
2758 5260 2860 5318 Hic
2907 5269 2991 5317 est
3032 5258 3176 5327 fons,
3224 5258 3292 5314 de
3317 5273 3426 5329 quo
3448 5254 3618 5312 multo
3646 5255 3725 5314 la-

2141 5354 2272 5409 bore
2316 5362 2369 5408 et
2418 5354 2596 5410 studio
2642 5353 2857 5409 edidisti
2904 5350 3269 5408 venerabilem
3318 5348 3514 5404 librum
3563 5362 3722 5421 quem

2141 5447 2279 5502 bene
2308 5445 2530 5503 titulasti
2561 5446 2627 5501 de
2665 5444 2836 5501 Fonte
2870 5445 3014 5500 vitaz.
3060 5442 3128 5499 Et
3156 5442 3293 5498 dixit
3334 5440 3464 5497 mihi
3495 5441 3719 5498 doctor:

2144 5538 2490 5609 Recognosce
2508 5537 2771 5609 scyphum
2819 5538 2984 5593 istum
3014 5554 3026 5590 :
3059 5534 3129 5591 de
3152 5548 3218 5590 eo
3244 5533 3463 5607 quidem
3485 5532 3722 5589 carmina

2140 5630 2285 5685 clara
2309 5630 2361 5685 in
2391 5639 2692 5687 memorato
2717 5631 2880 5687 Libro
2910 5631 3034 5686 vitae
3057 5629 3221 5686 fontis
3246 5626 3614 5707 composuisti.

2708 5739 2936 5797 CAPUT
2966 5739 3157 5797 XXIV.

2212 5834 2279 5892 Et
2304 5842 2432 5890 tunc
2453 5834 2620 5905 coepit
2672 5833 2836 5905 (Deus
2891 5833 3054 5890 Pater
3095 5833 3324 5904 scilicet)
3378 5848 3408 5887 a
3462 5826 3721 5903 principio
