4044 6326
259 455 328 508 ξε
1177 443 1444 500 ALDRICI
1483 443 2014 506 CENOMANENSIS
2055 443 2358 502 EPISCOPI
2399 443 2578 502 VITA.
3461 445 3531 502 50

261 571 520 624 universa
563 561 790 620 dolendo
839 567 1120 632 repetere,
1175 559 1356 616 dicens
1395 577 1406 612 :
1465 559 1522 616 In
1575 559 1682 624 die,
1717 557 1840 626 Fili,
1873 569 1918 624 Α
1949 561 2056 616 ulla
2095 561 2410 638 poenitentia
2461 579 2514 616 In
2556 561 2636 616 eis
2691 561 3004 632 perdurant.
3049 561 3294 632 Cumque
3333 561 3388 618 in
3429 563 3534 628 hoc

263 679 374 736 qua
427 655 724 720 secundum
771 665 914 720 tuam
976 653 1364 710 humanitatem
1419 651 1766 716 resurresisti
1819 667 1850 704 a

263 755 518 820 mortuis,
539 749 824 824 postulasti
849 764 880 802 a
909 761 998 802 me
1027 745 1392 816 omnipotente
1417 743 1580 800 Patre
1599 753 1708 808 tuo,
1741 759 1854 798 om-

263 849 522 920 nipotens
567 843 694 908 Fili,
741 841 876 896 mihi
923 855 1019 910 per
1073 839 1252 900 omnia
1301 836 1614 908 coaequalis,
1643 845 1698 892 et
1723 851 1852 894 con-

263 937 644 998 substantialis
675 977 690 1004 ,
719 945 772 992 et
799 933 920 990 dedi
947 933 1040 988 tibi
1069 941 1256 1006 gentes
1283 933 1338 990 in
1367 932 1754 988 haereditatem.
1787 931 1856 986 Et

265 1049 418 1088 nunc
447 1031 596 1086 vides
627 1030 894 1102 quomodo
931 1041 1068 1102 quos
1103 1025 1380 1084 redemisti
1413 1035 1464 1080 te
1491 1025 1770 1090 deserunt,
1801 1029 1856 1078 et

265 1133 462 1181 contra
495 1133 567 1186 te,
591 1121 680 1190 qui
709 1129 758 1174 te
793 1125 1164 1192 cognoverunt
1195 1125 1248 1170 et
1271 1115 1498 1176 adorare
1529 1113 1852 1180 didicerunt,

267 1231 422 1272 arma
447 1213 728 1286 tyrannica
773 1229 894 1268 cum
943 1217 1284 1268 sacramento
1321 1207 1542 1274 militari
1567 1207 1738 1278 partis
1761 1205 1856 1260 ad-

271 1323 446 1364 versa:
487 1321 704 1368 sumere
747 1321 854 1368 non
899 1313 1026 1362 sunt
1073 1303 1250 1360 veriti.
1299 1303 1408 1372 Ego
1441 1301 1684 1372 quidem,
1733 1297 1856 1364 Fili,

271 1401 474 1456 multas
499 1399 764 1466 inducias,
791 1407 844 1454 te
869 1397 1102 1460 volente,
1129 1405 1186 1450 ut
1233 1395 1302 1450 ab
1329 1394 1431 1456 hac
1465 1391 1704 1466 nequitia
1737 1403 1854 1460 pte-

271 1495 496 1550 nitendo
527 1494 926 1564 resipiscerent,
965 1505 1060 1562 pro
1081 1491 1160 1544 eis
1183 1503 1268 1544 me
1287 1503 1442 1558 aeque
1464 1495 1518 1540 et
1541 1493 1610 1550 te,
1641 1499 1706 1538 ac
1731 1481 1856 1552 Spi-

269 1585 438 1640 ritum
471 1593 716 1638 nostrum
739 1599 768 1640 a
797 1593 852 1638 te
881 1595 1072 1654 meque
1117 1595 1268 1650 atque
1307 1577 1710 1650 procedentem,
1763 1587 1860 1628 no-

269 1678 466 1748 bisque
511 1693 608 1748 pcr
649 1678 828 1740 omnia
883 1689 1162 1746 coaequum
1211 1681 1266 1728 et
1319 1669 1858 1734 consubstantialem,

271 1771 626 1826 eaorantibus
655 1771 860 1832 sanctis
881 1769 988 1832 tuis
1011 1767 1122 1824 illis
1143 1765 1420 1820 concessi:
1445 1779 1580 1834 quas
1607 1759 1860 1834 neglexe-

273 1873 422 1926 runt,
453 1871 506 1916 et
529 1862 582 1916 in
605 1861 852 1930 superbia
885 1859 1066 1916 omnia
1099 1859 1214 1914 haec
1247 1873 1346 1932 pro
1373 1855 1540 1910 nihilo
1567 1855 1856 1910 duxerunt.

1953 653 2146 710 crebro
2170 655 2238 710 ab
2272 653 2375 710 illis
2417 655 2692 726 dispectus
2737 653 2980 710 aﬂiccrer
3021 653 3198 722 taedio,
3249 655 3532 728 evaginavi

1953 743 2186 816 gladium
2223 761 2400 802 meum
2431 755 2490 800 ut
2509 745 2874 802 interﬁcerent
2903 761 3016 814 eos,
3053 757 3108 804 et
3141 755 3358 818 quantae
3389 745 3530 804 inie-

1955 837 2176 900 licitatis
2221 847 2442 906 essent,
2495 853 2560 894 ac
2605 847 2822 910 quantae
2869 837 3010 910 apud
3057 853 3146 904 me
3197 839 3534 910 dejectionis,

1955 933 2242 992 ostendens
2271 973 2284 998 ,
2333 933 2476 994 diem
2539 932 2938 992 sanctissimum
3001 943 3058 988 et
3115 931 3534 994 celeberrimum

1955 1025 2176 1086 Pascha:
2217 1025 2322 1088 ritu
2365 1041 2574 1100 pagano
2619 1023 2674 1078 in
2717 1025 2893 1082 medio
2939 1039 3128 1084 eorum
3171 1024 3310 1096 apud
3345 1023 3536 1080 urbem

1957 1118 2286 1180 Parisiacam
2317 1117 2576 1174 maculari
2605 1117 2862 1187 permisi;
2911 1125 2970 1172 ut
2995 1116 3078 1174 vel
3112 1117 3190 1174 sic
3219 1114 3534 1186 experiren-

1959 1219 2046 1262 tur
2081 1215 2312 1264 mortem
2365 1207 2468 1266 sibi
2513 1207 2716 1262 instare
2761 1189 3020 1274 vicinius,
3071 1206 3162 1278 qui
3211 1205 3414 1260 Pascha
3448 1219 3540 1260 sa—

1957 1319 2109 1360 crum
2141 1303 2192 1356 in
2214 1301 2582 1362 celeberrimis
2619 1317 2838 1366 suorum
2887 1301 3130 1358 locorum
3189 1301 3428 1356 basilicis
3457 1299 3540 1352 di-

1959 1393 2046 1466 gni
2101 1393 2374 1450 celebrare
2431 1393 2652 1448 minime
2715 1393 3046 1450 viderentur.
3089 1393 3196 1450 Sed
3243 1393 3320 1448 illi
3357 1401 3542 1448 mente

1957 1488 2188 1558 superba
2235 1487 2288 1542 in
2325 1487 2774 1544 suissceleribus
2819 1487 3244 1544 obstinatissime
3274 1485 3544 1546 obdurue-

1961 1587 2106 1644 runt,
2139 1589 2190 1634 ct
2225 1595 2326 1650 ego
2371 1579 2652 1636 exsurrexi
2695 1579 2750 1634 in
2793 1579 2871 1634 ira
2915 1587 2974 1632 ut
3022 1579 3256 1634 dolerem
3295 1593 3390 1636 eos
3427 1591 3544 1632 om-

1961 1687 2075 1728 nes.
2113 1671 2218 1728 Sed
2239 1681 2294 1726 tu
2321 1670 2636 1726 continuisti
2663 1687 2768 1736 me,
2795 1679 2852 1726 et
2881 1671 2980 1726 bas
3003 1671 3274 1730 decennes
3297 1665 3546 1724 inducias

1961 1763 2176 1820 voluisti
2209 1763 2313 1820 illis
2337 1777 2546 1818 mecum
2583 1761 2960 1842 inseparabilis
2989 1759 3238 1816 voluntas
3275 1759 3342 1812 ad
3371 1757 3546 1828 poeni-

1963 1857 2188 1912 tentiam
2209 1855 2384 1912 adhuc
2420 1855 2550 1910 dare
2571 1895 2586 1920 ,
2622 1863 2726 1910 etc.

271 1953 662 2024 Auxeruntque
709 1953 889 2026 potius
931 1951 1036 2008 sibi
1081 1965 1246 2016 opera
1277 1947 1552 2014 nequitiae,
1581 1955 1638 2002 et
1657 1945 1864 2016 absque
1893 1935 1940 1996 Β
2023 2031 2028 2034 _

287 2095 3542 2162 w-

1541 2259 1708 2306 ANNO
1755 2255 1990 2302 DOMINI
2033 2255 2322 2302 DCCCLVI.

1307 2421 2518 2610 ALDBICUS

817 2631 2014 2810 CENOMANENSIS
2127 2693 3012 2802 EPISCOPUS.

829 3011 892 3070 θ
1209 2893 2646 3112 GESTmDBICI

1397 3201 1444 3254 A
1485 3197 1868 3258 DISCIPULIS
1904 3197 2074 3256 EJUS
2113 3197 2426 3256 SCRIPTA.

1311 3331 1474 3410 (Apud
1503 3331 1688 3394 lialnm,
1713 3329 2028 3382 Miscellanea
2051 3331 2302 3396 historica,
2325 3339 2442 3386 tom.
2467 3329 2534 3394 Ι.)

1811 3464 2128 3480 ἡ

357 3645 598 3702 Domnus
641 3643 892 3698 Aldricus
935 3641 1312 3696 Cenomamcaa
1351 3641 1500 3696 urbis
1545 3641 1868 3710 episcopus,

287 3737 506 3794 natione
535 3737 706 3806 patris
751 3749 820 3790 ex
853 3743 1006 3806 parte
1035 3735 1274 3790 Francus
1303 3733 1416 3790 sive
1463 3731 1640 3798 Saxo,
1681 3733 1872 3788 matris

293 3843 508 3900 quoque
533 3843 600 3883 ex
631 3835 784 3898 parte
799 3827 1146 3882 Alamannus
1165 3834 1328 3895 atque
1349 3824 1688 3894 Bajuvarins.
1711 3823 1876 3880 Pater

285 3921 404 3993 ejus
429 3919 812 3976 nominabatur
835 3918 966 3974 Sion
985 3959 1002 3982 ,
1027 3925 1204 3972 mater
1231 3933 1446 3988 quoque
1477 3917 1590 3988 ejus
1615 3917 1870 3974 Gerildis.

287 4013 586 4068 Pnedictus
619 4027 750 4082 ergo
779 4011 1062 4082 episcopus
1107 4011 1254 4080 regia
1303 4025 1370 4066 ex
1419 4011 1676 4080 progenie
1719 4019 1874 4066 ortus

287 4115 454 4176 atque
481 4105 604 4160 aliis
645 4103 1000 4158 nobilissimis
1045 4105 1360 4174 parentibus
1407 4115 1490 4158 est
1537 4113 1870 4174 procreatus.

287 4199 370 4252 Ab
403 4195 636 4252 infantia
665 4205 844 4250 autem
871 4211 994 4250 cum
1021 4195 1292 4268 epiSCOpis
1321 4197 1588 4252 enutritus
1615 4205 1778 4266 atque
1805 4197 1874 4252 ab

285 4289 364 4344 eis
387 4285 644 4342 nobiliter
661 4293 718 4338 et
737 4285 1012 4354 sapienter
1037 4296 1120 4342 est
1141 4287 1462 4352 instructus;
1487 4285 1874 4344 ecclesiasticis

285 4391 502 4448 quoque
527 4375 829 4446 disciplinis
851 4377 1154 4432 voluntarie
1183 4391 1244 4432 se
1267 4375 1624 4444 submittens,
1655 4379 1876 4442 ordina-

287 4471 468 4526 biliter
505 4477 972 4540 congruenterque
1027 4477 1111 4523 est
1159 4469 1514 4524 inconnexus.
1561 4467 1680 4526 1am
1727 4471 1872 4528 enim

285 4563 570 4618 duodecim
601 4577 772 4616 annos
797 4561 1036 4626 habens,
1081 4577 1110 4616 a
1149 4559 1262 4630 jam
1313 4563 1458 4618 dicto
1485 4573 1639 4634 patre
1681 4579 1778 4620 suo
1803 4565 1874 4620 ad

287 4653 548 4724 palatium
587 4653 848 4708 deductus
875 4661 988 4718 est,
1031 4663 1088 4708 et
1111 4653 1344 4724 glorioso
1371 4655 1570 4711 Carolo
1627 4657 1866 4712 Franco-

287 4759 406 4798 rum
439 4745 554 4814 regi
579 4751 742 4814 atque
771 4743 968 4798 domno
993 4743 1266 4800 Ludovico
1289 4743 1406 4814 ejus
1437 4747 1546 4804 tilio
1577 4749 1874 4806 honoriﬁce

285 4827 732 4900 commendatus,
759 4845 816 4890 et
841 4837 908 4890 ab
931 4851 998 4890 eo
1025 4845 1108 4892 est
1135 4837 1390 4892 decenter
1417 4849 1718 4910 susceptus.
1753 4839 1872 4910 Ipse

1897 3549 1942 3614 C
1975 3555 2182 3604 secrete
2201 3549 2438 3618 psalmos
2459 3563 2588 3604 suos
2609 3557 2862 3620 captans,
2893 3547 3150 3604 instinctu
3179 3547 3364 3604 divino
3389 3549 3556 3607 corde

1973 3641 2282 3696 admonitus
2311 3649 2394 3696 est
2439 3647 2500 3694 ut
2545 3639 2790 3694 militiam
2837 3639 3152 3694 stecularem
3181 3637 3476 3696 dimitteret
3507 3649 3564 3698 et

1975 3731 2206 3788 Domino
2237 3729 2574 3788 solummodo
2603 3729 2858 3786 famulari
2883 3731 3148 3786 studeret.
3191 3731 3308 3802 Ipse
3345 3747 3562 3804 quoque

1975 3825 2150 3880 adhuc
2191 3835 2392 3880 tenerae
2421 3825 2598 3880 aetatis
2641 3833 2762 3880 erat
2797 3833 2964 3894 atque
3007 3824 3148 3896 pube
3189 3833 3366 3880 tenus.
3413 3825 3567 3882 Tunc

1973 3917 2150 3988 primo
2179 3917 2270 3972 is..
2327 3931 2388 3972 se
2433 3915 2762 3986 incipiebat,
2797 3915 2996 3974 timens
3025 3915 3180 3972 valde
3223 3931 3290 3972 ne
3339 3917 3440 3972 hoc
3489 3915 3566 3974 illi

1973 4007 2240 4065 diabolica
2279 4025 2346 4064 ex
2373 4017 2528 4080 parte
2573 4017 2978 4080 suggeret-stur,
3013 4009 3214 4062 obnixe
3257 4007 3424 4064 Deum
3457 4009 3552 4064 de-

1973 4113 2223 4176 precatus
2251 4113 2334 4160 est
2359 4111 2436 4168 ut,
2463 4103 2854 4158 intercessione
2883 4103 3054 4158 beata:
3075 4101 3286 4168 Mariae,
3327 4103 3382 4158 in
3405 4103 3562 4174 cujus

1973 4195 2198 4252 ecclesia
2225 4197 2436 4262 orabat,
2465 4195 2510 4250 si
2533 4193 2918 4262 divinitusjam
2941 4193 3084 4248 dicta
3111 4193 3359 4248 voluntas
3379 4195 3430 4248 in
3449 4193 3568 4262 eius

1973 4289 2138 4346 corde
2159 4297 2490 4354 versaretur,
2533 4287 2878 4342 manifestum
2905 4287 2952 4342 ei
2991 4303 3089 4358 pro
3117 4303 3214 4342 sua
3253 4289 3564 4344 miscricor-

1973 4383 2060 4438 dia
2085 4381 2322 4448 faceret;
2349 4381 2430 4436 sin
2451 4389 2634 4436 autem
2659 4379 2922 4436 diabolica
2946 4379 3212 4436 immissio
3231 4389 3400 4446 esset,
3417 4381 3568 4436 simi-

1973 4475 2098 4530 liter
2117 4485 2174 4530 et
2203 4477 2306 4532 hoc
2327 4475 2404 4530 illi
2429 4485 2617 4530 notum
2641 4472 2872 4530 faceret.
2899 4473 3052 4530 Totis
3075 4474 3256 4544 itaque
3281 4475 3490 4530 nisibus
3513 4483 3568 4530 et

1973 4567 2238 4624 ﬂectendo
2269 4583 2440 4640 genus
2457 4609 2472 4632 ,
2499 4574 2792 4638 pectusque
2817 4567 3110 4634 tundendo,
3135 4575 3262 4622 ante
3287 4569 3560 4638 praedictae

1973 4667 2176 4714 sanclm
2203 4657 2382 4714 Maria:
2407 4675 2560 4714 aram
2591 4659 2914 4728 deprecatus
2941 4667 3024 4714 est
3049 4665 3110 4712 ut
3137 4657 3348 4714 Domini
3373 4675 3438 4714 ex
3463 4659 3566 4714 hoc

1973 4751 2264 4806 meruisset
2287 4749 2466 4806 facere
2499 4749 2830 4806 voluntatem
2847 4789 2863 4816 ,
2893 4757 2954 4804 ut
2979 4749 3224 4806 diabolus
3249 4765 3372 4806 eum
3399 4751 3562 4806 sedu-

1973 4841 2128 4896 ceudi
2153 4841 2356 4896 nullum
2387 4841 2564 4896 locum
2593 4841 2836 4897 haberet.
2871 4841 2990 4912 Ipse
3027 4843 3172 4896 enim
3215 4843 3472 4898 divinitus
3509 4841 3564 4896 in

287 4929 542 4984 videlicet
565 4929 818 4984 omnibus
851 4929 1008 4984 bonis
1039 4929 1384 5000 moribusque
1429 4931 1676 4988 dulcibus
1703 4947 1867 4988 orna-
1897 4917 1950 4980 Β
1977 4935 2242 4990 antedicta
2265 4937 2405 4990 bona
2421 4935 2696 4991 voluntate
2711 4933 3050 4992 confortatus
3077 4945 3132 4990 et
3149 4935 3359 4990 ﬁrmius
3379 4933 3564 5004 subju-

289 5029 408 5086 tus,
441 5021 624 5076 omnia
651 5021 900 5076 omnibus
947 5021 1122 5078 factus
1157 5031 1272 5086 est,
1321 5031 1376 5078 et
1425 5033 1532 5078 tam
1567 5025 1676 5094 regi
1711 5041 1874 5096 quam

285 5111 544 5168 omnibus
581 5109 698 5180 ejus
725 5113 1076 5182 optimatibus
1109 5123 1166 5168 et
1189 5115 1300 5186 regi
1319 5113 1736 5178 fainulaulibus,
1773 5117 1876 5170 Do-

289 5203 440 5258 mino
489 5211 796 5266 annuente,
845 5203 1060 5270 placere
1103 5205 1318 5258 meruit.
1357 5205 1460 5259 Per
1503 5205 1644 5262 diem
1695 5207 1876 5278 itaque

291 5293 404 5362 regi
451 5301 508 5346 et
547 5291 794 5348 ﬁdelibus
833 5293 946 5348 suis
985 5293 1292 5350 amabiliter
1335 5294 1604 5360 militans,
1647 5297 1876 5372 Domino

293 5397 478 5442 autem
503 5395 664 5442 nocte
687 5399 744 5444 et
769 5399 978 5444 secrete
1003 5391 1132 5444 totis
1163 5391 1372 5446 nisibus
1399 5401 1454 5446 et
1487 5393 1684 5464 vigiliis
1709 5403 1874 5464 atque

291 5481 634 5536 orationibus
653 5483 926 5548 serviens,
957 5485 1189 5556 gratiam
1219 5485 1456 5540 divinant
1485 5489 1684 5542 meruit
1729 5503 1874 5544 asse-

293 5575 406 5642 qui.
437 5573 546 5630 Sed
573 5575 800 5632 sollicite
821 5587 1078 5632 evenerat
1103 5585 1164 5632 ut
1191 5579 1620 5650 quandocunque
1649 5581 1800 5638 locus
1823 5583 1874 5638 ei

295 5667 570 5728 eveniret,
623 5667 676 5720 in
715 5667 942 5722 ecclesia
973 5667 1186 5724 Sanctae
1223 5669 1418 5724 Maria:
1467 5685 1588 5738 qum
1621 5683 1706 5726 est
1743 5687 1872 5728 con-

295 5763 500 5810 structa
529 5757 584 5812 in
611 5759 934 5830 Aquisgrani
965 5759 1166 5830 palatio
1187 5769 1396 5816 secrete
1419 5761 1658 5832 psalmos
1685 5765 1878 5820 decan-

297 5851 438 5900 taret
455 5855 512 5902 et
531 5849 808 5904 orationes
833 5847 1048 5906 faceret.
1073 5849 1314 5918 Quadam
1343 5861 1520 5906 autem
1551 5853 1638 5908 die
1663 5853 1714 5908 in
1739 5869 1876 5924 prte-

295 5935 438 5992 dicta
465 5939 690 5994 ecclesia
727 5939 940 5996 Sanctae
967 5939 1148 5998 Maria:
1175 5941 1228 5996 in
1251 5941 1472 5998 sinistra
1501 5953 1656 6014 parte
1687 5945 1874 6004 altaris

1983 5037 2142 5098 gatus
2163 5037 2242 5084 est
2267 5037 2322 5082 et
2351 5028 2560 5100 plenius
2596 5030 3000 5086 corroboratus.
3037 5029 3238 5086 Deinde
3263 5027 3426 5098 erepit
3455 5035 3566 5084 toto

1983 5121 2144 5176 corde
2159 5135 2348 5190 rogare
2369 5121 2536 5176 Deum
2553 5129 2612 5176 ιιι
2627 5121 2672 5176 si
2687 5121 2886 5176 diaboli
2909 5131 3058 5178 esset
3073 5119 3400 5184 exhortatio,
3415 5133 3568 5176 rece-

1983 5211 2134 5266 deret
2153 5211 2324 5278 abeo,
2351 5223 2410 5266 et
2431 5211 2476 5268 si
2497 5211 2675 5268 divina
2703 5221 2848 5270 esset
2873 5215 3068 5286 gratia,
3093 5211 3320 5283 pleniter
3339 5223 3458 5264 eam
3479 5225 3566 5268 se-

1981 5301 2213 5368 cundum
2247 5301 2340 5356 Dei
2371 5301 2702 5358 voluntatem
2731 5303 3026 5374 adimplere
3047 5299 3348 5356 meruisset.
3377 5299 3434 5356 In
3457 5301 3562 5358 bac

1981 5401 2158 5450 autem
2187 5395 2484 5452 intentione
2513 5397 2684 5453 ferme
2703 5397 2982 5454 dimidium
3029 5409 3226 5450 annum
3265 5395 3428 5452 corde
3465 5413 3564 5452 an-

1979 5501 2132 5558 gens,
2153 5487 2392 5558 angelica
2411 5497 2468 5544 et
2487 5489 2666 5546 divina
2687 5489 3078 5546 confortatione
3103 5487 3371 5556 suﬂbltus,
3387 5489 3454 5546 ad
3477 5507 3566 5548 re-

1975 5595 2096 5650 gem
2121 5581 2508 5654 deprecaturus
2535 5587 2762 5642 accessit
2787 5593 2845 5640 ut
2863 5583 3176 5640 saecularem
3205 5586 3451 5642 militiam
3475 5587 3558 5642 di-

1979 5673 2196 5730 mittere
2217 5677 2266 5730 ei
2299 5675 2482 5732 liceret
2507 5685 2562 5732 et
2589 5677 2794 5732 militiae
2825 5675 3092 5748 spirituali
3133 5693 3192 5734 se
3235 5679 3562 5752 conjungere

1977 5775 2274 5838 atquecum
2293 5767 2516 5824 Domino
2533 5765 2782 5822 famulari
2799 5769 3176 5836 permitteret..
3201 5769 3356 5824 Nullo
3379 5779 3560 5834 tamen

1977 5859 2080 5914 nisi
2131 5859 2506 5916 tantummodo
2537 5875 2648 5914 uno
2691 5859 2858 5918 Deum
2891 5861 3102 5918 timenti
3143 5861 3318 5918 amico
3363 5873 3462 5916 suo
3503 5867 3562 5914 et

1977 5949 2298 6004 cbarissimo
2315 5947 2564 6004 familiari
2581 5949 2682 6008 hoc
2707 5951 2990 6008 confessus
3013 5959 3116 6018 est,
3147 5951 3342 6006 timens
3361 5947 3562 6020 quippe

3575 2615 3816 2716 ..αμα
