4044 6326
497 379 560 433 δί
1525 377 1801 435 ALDRICI
1837 369 2369 433 CENOMANENSIS
2405 368 2712 426 EPISCOPI

3689 373 3773 427 5‘2

495 505 565 548 ne
591 491 636 546 si
665 491 769 548 hoc
795 493 878 549 sui
905 491 1270 564 intelligerent
1293 501 1547 562 parentes
1572 501 1627 547 et
1662 491 1853 556 amici,
1883 489 1934 544 ei
1969 489 2073 543 hoc
2101 489 2154 548 Α
2177 483 2337 539 dictis
2388 483 2595 537 artibus
2640 481 2951 536 doctissime
2992 480 3244 536 erudivit.
3295 482 3542 538 Videntes
3589 485 3773 556 igitur

396 646 406 657 κ
496 585 676 640 facere
694 586 917 641 minime
931 585 1330 657 permitterent.
1346 583 1463 640 Rex
1478 593 1680 648 autem,
1697 585 1812 639 haec
1825 581 2069 646 audiens,

495 673 691 747 op'pido
703 677 952 732 tristatus
967 686 1074 744 est,
1088 677 1519 748 promittensque
1532 677 1583 732 ei
1597 674 1876 732 duodecim
1891 683 1946 729 et
1961 689 2075 728 am-

494 767 636 838 plius
657 769 946 824 comitatus
969 784 1028 824 se
1047 769 1302 824 daturum
1323 769 1368 825 si
1382 769 1486 825 hoc
1505 767 1803 822 dimitteret
1824 776 1880 821 et
1898 767 2072 820 inosua

497 859 689 916 militia
702 868 1095 931 perseveraret.
1108 860 1228 932 Ipse
1247 875 1376 916 vero
1407 875 1438 914 a
1462 875 1589 930 rege
1611 860 1714 914 hoc
1727 858 1951 913 audiens
1974 857 2070 922 ait,

465 1019 467 1021 ι
494 953 709 1009 etiamsi
743 955 1023 1011 dimidium
1058 970 1213 1011 suum
1240 969 1467 1026 regnum
1489 953 1539 1008 ei
1561 953 1748 1018 daret,
1778 952 1948 1021 ipsam
1975 964 2074 1003 vo-

497 1042 761 1100 luntatem
787 1054 1008 1116 propter
1044 1047 1148 1102 hoc
1176 1061 1283 1101 non
1319 1045 1635 1101 dimitteret.
1662 1042 1863 1098 Videns
1891 1047 2072 1096 autem
2097 1063 2106 1073 -

498 1150 595 1190 rex
621 1151 680 1191 se
714 1137 864 1194 illum
893 1154 923 1193 a
951 1154 1049 1194 sua
1093 1139 1393 1195 intentione
1439 1153 1546 1194 non
1586 1153 1746 1209 posse
1794 1145 2070 1201 avertere,

496 1229 766 1284 concessit
798 1231 851 1285 ei
895 1230 1171 1286 licentiam
1211 1239 1266 1286 et
1291 1230 1467 1286 locum
1503 1230 1809 1300 ubicunque
1857 1228 2077 1300 eligeret

495 1317 550 1370 in
591 1334 690 1398 suo
733 1336 917 1392 regno.
976 1321 1126 1379 Tunc
1173 1337 1304 1395 ergo
1347 1323 1495 1393 ipse,
1540 1323 1840 1394 inspirante
1895 1322 2074 1378 divina

495 1410 689 1476 gratia,
707 1413 896 1481 petivit
917 1412 1095 1469 locum
1117 1414 1220 1470 sibi
1241 1415 1359 1470 dari
1391 1414 1447 1469 in
1476 1415 1706 1484 quadam
1736 1415 1956 1470 civitate
1980 1430 2076 1471 cu-

487 1496 578 1567 jus
615 1503 936 1559 vocabulum
969 1513 1052 1560 est
1094 1505 1550 1573 Mediomatricis,
1579 1521 1699 1576 qua:
1743 1515 1796 1560 et
1831 1505 1936 1560 alio
1978 1521 2072 1562 no-

493 1591 638 1652 mine
682 1593 861 1650 Mettis
905 1583 1166 1664 vocatur;
1203 1597 1412 1667 sibique
1453 1612 1574 1652 cum
1616 1597 1824 1652 duobus
1861 1597 2075 1652 clericis

492 1690 868 1753 tantummodo
889 1691 1181 1760 postulavit
1210 1693 1326 1747 dari
1356 1691 1723 1762 praebendam.
1753 1692 1868 1748 Rex
1892 1701 2071 1749 autem

489 1785 546 1831 et
580 1777 684 1833 hoc
715 1781 1010 1848 concessit,
1040 1792 1094 1838 et
1123 1792 1384 1854 quantum
1408 1783 1623 1839 volebat
1648 1783 1749 1839 sibi
1781 1783 1910 1839 dare
1943 1770 2076 1855 spo-'

2177 575 2300 631 eum
2332 565 2643 630 antedictus‘
2668 571 2914 644 pontifex
2955 571 3188 628 domnus
3229 573 3407 645 Drogo
3441 585 3496 630 et
3525 589 3772 652 cunctus

2174 667 2353 722 clerus
2379 667 2496 722 sive
2522 666 2754 736 populus
2791 667 2845 720 in
2866 665 2980 736 jam
3009 665 3167 721 dictis
3203 667 3519 724 ministeriis
3557 677 3612 724 et
3654 672 3765 726 do-

2173 757 2368 812 ctrinis
2395 771 2648 828 magnum
2690 757 2893 812 habere
2929 756 3164 812 studium
3195 765 3249 812 et
3274 757 3474 816 multos
3503 761 3771 818 doctores

2173 860 2230 908 et
2255 852 2542 922 magistros
2565 850 2774 906 nobiles
2797 849 2992 906 fecisse
3010 891 3024 916 ,
3057 850 3113 906 in
3157 851 3334 921 majus
3363 868 3488 908 eum
3512 854 3768 910 ministe-

2173 944 2344 1010 rium,
2376 945 2621 1015 quamvis
2644 953 2830 1000 coacte
2857 945 3288 1002 sublimaverunt
3307 955 3362 1001 et
3382 947 3766 1019 primicerium

2174 1036 2470 1092 secundum
2510 1034 2813 1090 Romanum
2851 1036 3098 1092 ordinem
3139 1053 3262 1092 cum
3293 1052 3413 1094 esse
3451 1041 3762 1096 constitue-

2176 1139 2335 1196 runt,
2367 1138 2647 1200 totumque
2671 1129 2878 1186 clerqu
2907 1139 3016 1186 tam
3045 1131 3280 1186 civitatis
3303 1146 3465 1202 quam
3489 1140 3544 1188 et
3566 1149 3766 1189 mona-

2175 1223 2489 1288 steriorum,
2506 1222 2620 1278 sive
2639 1222 2806 1278 totius
2827 1222 2970 1278 illius
2987 1224 3226 1279 civitatis
3245 1226 3533 1295 parochias,
3553 1227 3606 1282 ei
3628 1228 3764 1283 sub-

2176 1314 2348 1370 ditum
2381 1328 2502 1369 esse
2527 1322 2920 1384 praeceperunt.
2944 1322 2999 1369 ct
3016 1315 3332 1387 magistrum
3359 1317 3600 1373 omnium
3630 1333 3763 1373 eum

2176 1405 2596 1461 constituerunt.
2641 1405 2737 1461 ille
2773 1407 2918 1462 enim
2971 1408 3024 1461 in
3051 1403 3149 1463 'his
3196 1407 3594 1465 studiosissime
3645 1411 3759 1465 Do-

2175 1501 2322 1556 mino
2350 1501 2622 1567 serviens,
2651 1501 2901 1556 omnibus
2926 1501 3082 1556 bonis
3112 1503 3421 1558 hominibus
3454 1503 3767 1559 amabiliter

2175 1589 2429 1645 famulari
2457 1591 2690 1656 meruit;
2721 1605 2952 1660 eumque
2998 1592 3180 1647 cuncti
3225 1594 3353 1648 boni
3384 1594 3457 1650 ita
3503 1595 3768 1648 amabant

2177 1683 2328 1752 quasi
2359 1684 2709 1754 semetipsos;
2739 1691 2794 1739 et
2823 1683 3083 1754 quidquid
3109 1685 3191 1740 eis
3216 1685 3546 1756 imperabat,
3576 1685 3755 1740 liben-

2177 1777 2260 1829 ter
2289 1774 2574 1829 faciebant.
2604 1775 2846 1830 Audiens
2875 1785 3058 1830 autem
3103 1775 3408 1860 Ludovicus
3458 1777 3766 1847 imperator

489 1870 698 1939 pondit.
723 1872 842 1928 Tali
879 1876 1024 1930 enim
1045 1875 1352 1932 conditione
1378 1876 1597 1932 licentia
1624 1884 1866 1947 accepta,
1891 1893 1922 1933 a
1945 1893 2072 1948 rege
2098 1865 2148 1927 Β
2174 1867 2511 1923 Francorum
2533 1867 2650 1937 eius
2674 1868 3009 1938 Opinionem,
3037 1869 3104 1924 ad
3131 1883 3188 1925 se
3213 1885 3335 1924 eum
3364 1869 3598 1934 νοοδνίῐ,
3629 1877 3683 1924 ει
3703 1869 3765 1924 in

491 1960 766 2018 osculatus
785 1973 900 2032 est,
948 1975 1003 2021 et
1045 1968 1113 2022 ad
1153 1967 1268 2036 jam
1313 1969 1510 2024 dictam
1540 1970 1731 2025 urbem
1768 1969 2069 2026 festinando

489 2050 766 2122 profectus
801 2065 912 2124 est;
960 2057 1145 2130 ibique
1171 2059 1477 2116 amabiliter
1505 2071 1561 2116 et
1585 2062 1776 2118 devote
1804 2065 1872 2119 ab
1898 2065 2071 2119 omni-

490 2145 592 2200 bus
616 2157 900 2218 susceptus
921 2191 936 2216 ,
965 2160 1020 2206 et
1061 2152 1290 2209 clericus
1321 2153 1389 2209 ab
1418 2155 1670 2226 episcopo
1715 2155 1955 2224 ejusdem
1989 2157 2068 2212 ci-

490 2235 674 2294 vitatis
701 2248 756 2294 et
773 2251 969 2298 cuncto
989 2243 1135 2301 clero
1159 2247 1357 2302 divinis
1380 2247 1848 2304 benedictionibus
1875 2249 2072 2306 decan-

491 2328 733 2384 tantibus
759 2338 813 2385 et
841 2331 1055 2403 hymnis
1092 2336 1463 2406 spiritualibus
1496 2338 1898 2395 modulantibus
1943 2355 2071 2396 con-

490 2418 718 2477 fortatus
748 2431 860 2491 est,
887 2435 942 2480 et
972 2429 1312 2485 vestimentis
1355 2427 1696 2487 clericalibus
1723 2430 1973 2498 indutus,
2018 2441 2073 2487 et

491 2525 750 2569 manuum
772 2516 1209 2586 impositionibus
1235 2522 1302 2576 ab
1331 2523 1584 2592 episcopo
1613 2532 1666 2578 et
1693 2540 1724 2578 a
1743 2525 1956 2582 cunctis
1985 2540 2071 2580 sa-

491 2604 802 2662 cerdotibus
828 2609 1065 2666 clericali
1109 2613 1484 2668 benedictione
1512 2625 1898 2683 consecratus,
1930 2617 2073 2672 inter

491 2697 733 2755 seniores
760 2699 957 2760 fratres
976 2714 1061 2780 est
1081 2707 1392 2764 collocatus.
1420 2709 1532 2764 Deo
1553 2710 1718 2781 igitur
1739 2710 1812 2765 ibi
1838 2711 1965 2767 totis
1990 2711 2073 2766 ni-

491 2787 639 2844 sibus
667 2791 755 2847 die
780 2803 1056 2867 noctuque
1080 2799 1410 2866 deserviens,
1443 2799 1646 2856 factum
1679 2811 1765 2857 est
1791 2811 1850 2856 ut
1874 2802 2072 2859 multos

491 2878 718 2938 Domino
752 2883 1114 2944 lucrifaceret.
1149 2888 1377 2946 Cautum
1405 2891 1604 2962 quippe
1650 2891 1957 2948 Romanum
1992 2902 2074 2949 at-

492 2968 1040 3052 qne_Grammaticam
1063 2979 1177 3034 sive
1204 2978 1401 3034 divina:
1424 2978 1719 3052 Scriptum
1745 2984 1944 3039 seriem
1973 2983 2074 3038 hu-

493 3045 696 3117 militer
721 3065 929 3122 discere
959 3071 1194 3138 meruit,
1237 3073 1434 3139 quibus
1463 3081 1518 3127 et
1556 3073 1788 3128 donante
1831 3075 2073 3130 omnium

492 3152 722 3210 Domino
742 3155 972 3226 pleniter
993 3168 1154 3230 atque
1173 3160 1484 3218 doctissime
1505 3164 1801 3221 instructus
1819 3174 1922 3222 est.
1943 3165 2075 3222 Post

2174 1975 2272 2015 suo
2294 1961 2517 2030 palatio,
2533 1960 2744 2016 volente
2768 1960 2852 2015 vel
2875 1960 3111 2028 nolente,
3129 1977 3252 2016 eum
3279 1963 3549 2019 seniorem
3579 1979 3763 2018 sacer-

2178 2056 2358 2112 dotem
2387 2069 2650 2124 suumque
2679 2055 3045 2111 confessorem
3068 2070 3300 2125 praeesse
3320 2056 3620 2112 constituit.
3653 2056 3760 2122 Qui

2173 2157 2228 2202 et
2257 2147 2332 2202 ibi
2380 2146 2628 2202 omnibus
2675 2147 2928 2218 palatinis
2967 2146 3124 2202 bonis
3168 2147 3420 2217 placens,
3456 2157 3517 2204 ut
3566 2148 3763 2204 solitus

2173 2250 2320 2307 erat,
2353 2242 2602 2296 omnibus
2646 2241 2829 2296 omnia
2877 2241 3088 2309 factus,
3127 2244 3194 2299 ab
3228 2243 3480 2300 omnibus
3522 2245 3762 2301 honora-

2171 2333 2334 2388 batur
2357 2341 2519 2402 atque
2547 2333 2931 2389 venerabatur.
2958 2333 3037 2388 Ita
3065 2349 3281 2404 quoque
3308 2350 3499 2391 omnes
3521 2350 3642 2390 eum
3672 2337 3758 2394 di-

2173 2425 2440 2499 ligebant,
2468 2425 2512 2480 si
2541 2424 2661 2480 fieri
2689 2432 2898 2495 potest,
2944 2427 3100 2496 quasi
3140 2427 3488 2497 semetipsos,
3535 2429 3761 2498 ejusque

2166 2517 2501 2592 jussionibus
2556 2517 2615 2571 in
2679 2517 2930 2574 omnibus
2975 2517 3130 2589 quasi
3181 2517 3408 2573 senioris
3453 2518 3762 2573 voluntarie

2140 2617 2229 2692 _et
2255 2610 2398 2664 bono
2429 2608 2610 2664 animo
2644 2609 3085 2680 obtemperantes
3109 2617 3283 2666 erant.
3312 2608 3554 2676 Quatuor
3577 2619 3761 2666 autem

2174 2717 2391 2758 menses
2434 2717 2557 2758 cum
2602 2702 2928 2772 imperatore
2957 2701 3013 2756 in
3041 2717 3140 2757 suo
3162 2691 3362 2772 palatio
3390 2702 3638 2758 nobiliter
3666 2703 3764 2758 de-

2175 2812 2305 2869 gens
2323 2839 2336 2865 ,
2368 2797 2526 2868 eique
2555 2799 2860 2854 amabiliter
2889 2799 3168 2866 serviens,
3201 2814 3302 2855 nec
3327 2800 3396 2855 ad
3417 2815 3584 2854 unum
3611 2799 3760 2853 diem

2173 2888 2450 2945 licentiam
2475 2890 2669 2946 exinde
2709 2891 2969 2947 evadendi
3020 2900 3074 2947 et
3122 2893 3177 2946 in
3219 2891 3452 2963 patriam
3499 2889 3762 2963 pergendi

2175 2979 2469 3050 impetrare
2497 2981 2730 3036 valebat.
2759 2982 3139 3052 Episcopatum
3162 2981 3213 3037 ei
3241 2983 3439 3053 quippe
3463 2982 3756 3052 quoddam,

2177 3073 2331 3142 cujus
2353 3066 2674 3131 vocabulum
2705 3084 2788 3130 est
2813 3075 3168 3142 Cenomanis,
3202 3075 3433 3148 eligente
3462 3092 3586 3132 eum
3615 3074 3761 3145 ejus-

2129 3165 2300 3238 ~_dem
2363 3167 2655 3236 provincim.
2717 3167 3131 3238 archiepiscopo
3185 3167 3530 3222 Landramno
3599 3176 3762 3237 atque

492 3246 628 3302 duos
651 3263 865 3320 quoque
889 3251 1176 3309 clericatus
1197 3255 1280 3309 sui
1303 3270 1476 3311 annos
1516 3257 1584 3312 ab
1629 3258 1882 3329 episcopo
1925 3259 2070 3331 ejus-
2097 3233 2143 3297 Ο
2177 3257 2371 3312 comite
2429 3255 2668 3324 ejusdem
2733 3259 3002 3326 parochias
3053 3258 3349 3329 Rorigone,
3404 3258 3517 3313 sive
3576 3257 3756 3311 omni-

494 3335 616 3391 dem
668 3339 904 3397 civitatis
951 3344 1170 3400 nomine
1205 3343 1478 3403 Gundulfo
1523 3348 1579 3404 in
1605 3349 1833 3406 ecclesia
1885 3351 2069 3409 Sancti
2123 3355 2125 3358 ⁴

495 3425 754 3498 Stephani
783 3432 1039 3489 diaconus
1059 3443 1141 3490 est
1160 3437 1459 3515 ordinatus.
1482 3440 1542 3494 In
1571 3441 1688 3512 ipso
1716 3443 1880 3513 igitur
1900 3445 2070 3516 gradu

495 3527 608 3577 tres
634 3521 810 3579 ferme
839 3539 1010 3581 annos
1041 3527 1280 3585 militans
1314 3531 1636 3588 mirabiliter
1662 3542 1716 3588 et
1748 3534 1905 3590 docte
1933 3551 2068 3606 quo-

497 3611 628 3667 tidie
693 3613 1006 3672 diaconatus
1051 3619 1133 3672 sui
1181 3620 1476 3691 adimplere
1530 3624 1758 3679 certavit
1813 3625 2067 3684 ofﬁcium.

498 3701 709 3760 Mortuo
737 3722 952 3779 quoque
975 3709 1088 3779 jam
1118 3712 1260 3770 dicto
1283 3713 1552 3772 Gundulfo
1573 3719 1832 3789 prcedicto
1853 3721 2071 3777 ordina-

498 3804 617 3851 tore
646 3812 776 3864 suo,
817 3800 956 3856 alius
984 3804 1269 3876 episcopus
1294 3806 1350 3861 in
1379 3807 1566 3864 eadem
1610 3810 1828 3868 civitate
1857 3815 2074 3869 nomine

499 3887 698 3960 Drogo,
731 3889 872 3948 filius
901 3892 1076 3950 Caroli
1102 3896 1330 3966 piissimi
1362 3899 1725 3970 imperatoris,
1756 3905 2074 3974 subrogatus

499 3989 554 4036 et
591 3983 872 4040 ordinatus
901 3995 985 4042 est
1016 4004 1029 4042 :
1061 3989 1153 4059 qui
1180 3991 1371 4047 videns
1397 3994 1639 4062 praedicti
1668 3995 1871 4051 Aldrici
1899 3996 2075 4051 levita:

498 4070 852 4130 intentionem
877 4088 934 4132 et
958 4079 1195 4134 studium
1234 4081 1472 4151 bonum,
1498 4087 1640 4156 quod
1669 4094 1774 4142 tam
1823 4087 1880 4142 in
1917 4087 2078 4142 minio

500 4167 666 4222 sterio
695 4183 792 4224 suo
821 4185 983 4240 quam
1013 4181 1068 4228 et
1095 4189 1221 4247 erga
1245 4189 1434 4233 omnes
1469 4179 1732 4245 habebat,
1761 4180 1926 4250 cmpit
1953 4195 2075 4236 eum

502 4259 782 4316 exhortari
812 4271 872 4318 ut
905 4269 1160 4322 sacerdos
1183 4267 1501 4326 efﬁceretur.
1529 4271 1709 4327 Noluit
1751 4282 1928 4327 autem
1961 4271 2077 4342 jam

502 4351 678 4408 dictus
703 4354 962 4412 diaconus
1003 4359 1254 4418 Aldricus
1301 4378 1476 4434 neque
1519 4379 1685 4420 ausus
1725 4373 1810 4422 est
1838 4363 2078 4422 divinam

503 4443 765 4511 repellere
794 4447 1225 4506 benedictionem
1249 4493 1264 4520 ,
1291 4453 1356 4508 ad
1387 4468 1550 4524 quam
1596 4455 1892 4526 saepissime
1914 4470 2077 4512 voca-

504 4533 663 4588 batur
685 4549 717 4588 a
759 4536 1009 4609 Drogone
1034 4539 1272 4610 ejusdem
1303 4544 1539 4600 civitatis
1566 4545 1818 4616 episcopo
1861 4554 1916 4602 et
1957 4561 2080 4603 suc-

2171 3353 2275 3408 bus
2310 3353 2544 3423 praefixae
2577 3354 2846 3422 parochiae
2897 3352 3161 3408 nobilibus
3211 3352 3549 3416 hominibus,
3578 3359 3757 3420 atque

2173 3445 2382 3500 cunctis
2421 3442 2672 3514 palatinis
2693 3483 2707 3508 ,
2739 3450 2793 3496 et
2818 3442 2966 3497 clero
2994 3449 3048 3495 et
3091 3441 3318 3510 populo,
3369 3457 3466 3510 per
3501 3440 3753 3496 baculum

2174 3535 2502 3591 Landramni
2527 3535 2810 3590 Turonicae
2833 3533 3070 3588 civitatis
3104 3539 3158 3585 et
3183 3530 3452 3600 praedictae
3485 3533 3755 3600 parochize

2175 3626 2578 3698 metropolitani
2605 3624 2716 3694 jam
2746 3625 2948 3680 dictum
2981 3623 3344 3693 episcopatum
3379 3621 3435 3676 in
3479 3635 3572 3676 sua
3616 3637 3756 3690 pra:-

2176 3719 2348 3776 sentia
2376 3727 2431 3772 et
2457 3733 2523 3773 eo
2553 3717 2846 3788 instigante
2875 3731 2906 3770 a
2939 3714 3211 3769 Ludovico
3239 3711 3626 3783 gloriosissimo
3653 3712 3756 3766 im-

2175 3818 2445 3882 peratore,
2468 3810 2750 3864 orantibus
2779 3807 3008 3874 cunctis,
3039 3821 3167 3862 cura
3197 3805 3457 3876 pastorali
3482 3812 3565 3860 est
3605 3818 3756 3859 com-

2177 3905 2432 3968 missum;
2459 3903 2551 3972 qui
2577 3910 2632 3957 et
2659 3903 2761 3957 hoc
2796 3899 3104 3972 refugiens,
3135 3908 3188 3954 et
3227 3899 3416 3954 nolens
3440 3897 3758 3969 praedictum

2175 3995 2540 4064 episcopatum
2571 3992 2876 4063 suscipere,
2920 3990 3172 4046 omnibus
3199 3998 3414 4054 tamen;
3456 3988 3582 4043 licet
3635 4002 3759 4043 coa-

2176 4096 2327 4152 ctus,
2363 4086 2740 4151 hortantibus,
2792 4087 2969 4156 ipsum
2993 4099 3211 4152 sacrum
3236 4082 3484 4152 suscepit
3514 4079 3758 4134 ministe-

2178 4181 2342 4235 rium.
2370 4177 2664 4234 Ordinatus
2695 4173 2969 4248 quoque‘a
3015 4191 3114 4231 suo
3159 4173 3418 4245 praedicto
3449 4171 3758 4240 metropoli-

2181 4281 2306 4327 tano
2332 4282 2388 4326 et
2415 4271 2626 4326 caeteris
2651 4269 2921 4324 nobilibus
2945 4275 2998 4322 et
3035 4265 3370 4336 sapientibus
3408 4264 3679 4334 episcopis
3707 4263 3760 4316 in

2179 4362 2412 4434 idipsum
2442 4361 2923 4427 convenientibus,
2971 4358 3201 4427 eligente
3227 4353 3523 4424 eum-clero
3569 4362 3624 4408 et
3667 4369 3760 4424 po-

2179 4456 2308 4529 pulo
2333 4457 2390 4511 in
2417 4455 2674 4526 praedicta
2701 4455 2922 4509 civitate
2951 4462 3022 4507 'et
3064 4452 3120 4506 in
3157 4451 3272 4521 ipsa
3314 4454 3490 4502 matre
3520 4447 3760 4502 Ecclesia

2183 4550 2271 4605 die
2296 4549 2358 4602 11
2390 4546 2508 4603 Cal.
2539 4545 2784 4600 Januarii
2821 4552 2936 4610 est,
2984 4557 3128 4597 anno
3165 4541 3328 4612 igitur
3371 4536 3762 4594 incarnationis

505 4640 719 4682 cessore
739 4630 852 4700 jam
879 4632 1022 4689 dicto
1049 4637 1346 4692 ordinatori
1379 4654 1474 4693 suo
1492 4679 1505 4702 ,
1541 4639 1666 4693 dum
1700 4639 1951 4695 nobiliter
1980 4641 2078 4696 de-
2107 4621 2161 4680 Ῐ)
2185 4640 2396 4697 Domini
2420 4637 2591 4694 nostri
2617 4636 2745 4692 Jesu
2768 4635 2970 4691 Christi
2993 4631 3443 4702 octingentesimo
3487 4629 3762 4704 trigesimo

504 4719 664 4787 gebat
691 4720 746 4776 in
790 4723 1105 4782 diaconatus
1147 4727 1354 4794 ofﬁcio,
1400 4729 1628 4801 eligente
1666 4747 1796 4799 eum
1835 4732 1983 4787 clero
2026 4741 2081 4787 et

503 4812 698 4882 populo
723 4817 1010 4885 presbyter
1031 4828 1115 4876 est
1151 4823 1453 4878 ordinatus.
1499 4823 1616 4893 Ipse
1663 4831 1846 4878 autem
1889 4825 2082 4881 melius

505 4917 569 4956 ac
597 4903 790 4960 melius
813 4906 1075 4964 virtutum
1102 4911 1311 4981 pollens
1338 4912 1579 4980 actibus,
1619 4913 1924 4984 multosque
1952 4929 2079 4970 eru-

505 4999 658 5057 diens
684 5003 796 5059 suis
833 5007 1306 5075 praedicationibus
1335 5008 1450 5064 sive
1489 5009 1646 5064 bonis
1693 5010 2082 5066 exhortationi—

505 5089 635 5156 bus,
665 5094 864 5151 mnltos
887 5105 942 5151 et
971 5098 1394 5153 innumerabiles
1442 5097 1550 5154 Deo
1580 5107 1635 5155 et
1662 5107 1862 5154 sanctae
1903 5099 2087 5155 Eccle-

507 5179 604 5236 siae
631 5181 831 5240 lucrari
859 5187 1074 5241 meruit.
1107 5186 1333 5243 Demum
1372 5203 1589 5259 quoque
1622 5189 1943 5261 eligentibus
1981 5187 2089 5245 fra-

511 5270 711 5340 tribus,
748 5284 803 5330 et
846 5276 1108 5344 suadente
1155 5277 1270 5332 sive
1314 5277 1639 5333 exhortante
1689 5279 1945 5350 episcopo
1991 5294 2089 5334 suo

489 5362 785 5436 Drogone,
816 5367 943 5423 licet
972 5375 1156 5424 coacte
1174 5407 1190 5432 ,
1224 5368 1408 5424 senior
1433 5377 1622 5424 cantor
1645 5369 1720 5424 ibi
1743 5369 2087 5426 sublimatur.

509 5457 568 5514 In
599 5459 800 5517 scholis
826 5476 956 5516 vero
984 5461 1038 5516 in
1059 5459 1256 5533 quibus
1281 5460 1393 5532 jam
1429 5461 1689 5532 magister
1731 5469 1850 5518 erat
1883 5461 2087 5517 consti-

513 5558 660 5607 tutus
685 5552 958 5623 sapienter
984 5553 1184 5609 multos
1215 5559 1269 5607 et
1311 5551 1732 5608 innumerabiles
1759 5552 1813 5607 in
1843 5552 2089 5622 supradi-

512 5645 616 5701 ctis
639 5646 846 5700 artibus
871 5645 1144 5712 erudiens,
1179 5660 1433 5718 magnum
1457 5644 1667 5700 lucrum
1698 5645 1750 5700 in
1782 5633 1968 5701 sancta
1997 5643 2091 5699 Dei

512 5735 756 5795 Ecclesia
799 5736 981 5793 facere
1010 5739 1240 5806 meruit,
1285 5739 1393 5794 imo
1440 5737 1862 5796 innumerabiles
1899 5738 1953 5794 in
1977 5735 2089 5807 jam

586 5867 612 5896 ι
636 5853 772 5910 Vide
799 5850 1034 5909 Annales
1060 5852 1424 5919 Bertinianos,
1455 5868 1542 5907 an.
1581 5852 1705 5910 832.

2187 4742 2242 4788 et
2269 4731 2524 4797 secundo,
2553 4730 2835 4801 episcopus
2857 4735 2940 4782 est
2958 4732 3360 4782 consecratus.n
3375 4721 3560 4790 Tertio
3581 4729 3762 4774 autem

2189 4826 2274 4880 die
2308 4831 2430 4895 post
2458 4821 2854 4877 ordinationem
2879 4833 3030 4874 suam
3052 4815 3168 4886 jam
3195 4816 3369 4872 dictus
3399 4813 3630 4870 domnus
3659 4811 3760 4865 im-

2187 4924 2406 4987 perator
2434 4915 2491 4969 in
2518 4928 2672 4967 suam
2703 4910 2996 4966 adveniens
3024 4909 3296 4964 civitatem
3315 4947 3330 4972 ,
3367 4905 3572 4976 gratias
3601 4917 3762 4974 agens

2190 5005 2476 5061 Dominum
2515 5001 2755 5056 laudavit
2782 4999 2924 5070 quod
2947 4997 3062 5067 jam
3087 4996 3368 5054 ordinatus
3407 5002 3526 5050 erat
3559 4992 3759 5062 episco-

2190 5111 2309 5167 pus.
2345 5092 2641 5148 Prardictus
2685 5106 2816 5164 ergo
2845 5089 3086 5162 pontifex
3133 5091 3388 5146 domuum
3431 5084 3762 5141 Ludovicum

2189 5186 2571 5256 imperatorem
2597 5198 2722 5239 cum
2753 5182 3041 5255 psallentio
3083 5189 3139 5236 et
3181 5179 3396 5252 hymnis
3440 5186 3494 5234 et
3541 5175 3762 5234 canticis

2191 5277 2305 5333 sive
2339 5275 2591 5332 crucibus
2615 5283 2670 5330 et
2695 5273 2909 5330 caeteris
2945 5272 3144 5328 divinis
3183 5269 3418 5327 oraculis
3443 5270 3671 5340 benigne
3709 5276 3762 5323 et

2190 5369 2460 5439 sapienter
2500 5368 2831 5438 suscipiens,
2877 5380 3106 5436 eumque
3154 5363 3221 5418 ad
3265 5361 3552 5418 ecclesiam
3600 5377 3760 5416 manu

2192 5471 2381 5519 tenens
2409 5470 2465 5518 et
2491 5462 2762 5519 deducens
2792 5474 2891 5532 per
2927 5459 3121 5514 altaria
3163 5455 3398 5520 orando,
3433 5456 3546 5512 suis
3588 5455 3761 5526 preci-

2190 5558 2321 5624 bus,
2353 5571 2478 5612 eum
2502 5556 2731 5612 Domino
2753 5550 3168 5609 commendavit.
3195 5547 3575 5619 Suprascripto
3603 5547 3760 5618 igitur

2195 5649 2503 5720 imperatori
2536 5647 2894 5716 omnibusque
2918 5644 3030 5700 suis
3070 5642 3323 5698 nobiliter
3351 5651 3402 5698 et
3432 5641 3660 5698 dulciter
3687 5638 3756 5693 fa-

2193 5742 2390 5798 mulari
2415 5741 2649 5807 studuit,
2675 5740 2856 5809 ibique
2888 5738 3117 5794 domnus
3143 5736 3438 5807 imperator
3464 5733 3759 5790 Ludovicus
