4044 6326
233 419 310 473 53
1793 409 1971 465 VITA.
3426 401 3501 460 54

236 529 586 586 nativitatem
618 525 830 581 Domini
859 527 1028 580 nostri
1055 526 1182 581 Jesu
1220 525 1438 589 Christi,
1469 525 1694 596 praefato
1720 523 1816 577 Al-
1844 523 2097 582 Aclesiae
2127 531 2236 578 tam
2269 522 2409 578 infra
2432 537 2586 578 suam
2616 523 2928 592 parochiam
2965 537 3128 592 quam
3148 529 3205 579 et
3225 530 3382 579 extra
3417 521 3502 580 fa—

238 620 397 675 drico
422 617 676 687 episcopo
699 625 756 670 et
780 630 877 670 suo
906 615 1054 670 clero
1097 615 1492 684 sapientissime
1513 623 1566 669 et
1601 611 1821 668 honori-

239 711 349 766 ﬁce
375 709 612 766 ofﬁcium
653 716 973 778 peragente,
1005 707 1317 763 solemniter
1344 706 1651 762 celebravit.
1686 704 1822 761 Octo

236 814 461 869 quoque
487 797 600 854 dies
621 797 894 852 in.eadem
921 797 1138 852 civitate
1164 797 1392 852 domnus
1419 797 1712 866 imperator
1737 808 1822 848 re-

237 892 462 957 sidens,
494 890 674 944 villam
705 889 991 959 quamdam
1026 903 1146 959 quae
1170 888 1419 959 Brogilus
1454 896 1512 943 et
1545 885 1820 942 Novavilla

238 989 593 1052 nuncupatur
618 995 741 1034 cum
777 979 1026 1034 omnibus
1052 978 1120 1034 ad
1153 993 1212 1034 se
1235 977 1629 1050 pertinentibus
1651 1017 1666 1042 ,
1703 985 1824 1044 qua!

239 1074 453 1130 dudum
475 1073 599 1126 inde
626 1073 898 1126 abstracta
933 1079 988 1126 et
1013 1071 1068 1125 in
1095 1070 1417 1126 beneﬁcium
1449 1069 1584 1124 data'
1615 1067 1820 1132 fuerat,

238 1179 347 1234 per
387 1179 541 1218 suum
588 1170 917 1232 praeceptum
945 1162 995 1217 ei
1025 1170 1187 1231 atque
1221 1161 1478 1218 Ecclesia:
1521 1175 1632 1215 sua:
1679 1158 1825 1235 sedis.

241 1255 366 1309 sive
391 1253 603 1309 clericis
627 1261 683 1308 et
705 1253 908 1308 domini
937 1254 1110 1308 servis
1138 1252 1270 1308 inibi
1303 1253 1532 1331 Domino
1562 1251 1822 1305 famulan-

243 1343 395 1398 tibus
409 1342 530 1412 jure
551 1341 861 1398 ﬁrmissimo
881 1344 1154 1414 perpetuis
1181 1343 1520 1414 temporibus
1540 1343 1822 1413 possiden-

240 1437 372 1492 dam
398 1434 649 1492 reddidit.
1001 1506 1044 1560 ﬂ

313 1619 612 1675 Przdictus
631 1633 845 1689 quoque
866 1617 1132 1690 pontifex,
1171 1619 1226 1674 in
1259 1619 1435 1689 primo
1474 1603 1825 1688 pontiﬁcatus

239 1712 330 1768 sui
363 1725 506 1765 anno
525 1751 540 1776 ,
573 1724 767 1780 aquam
795 1724 892 1780 per
927 1710 1302 1780 aquaeductum
1333 1710 1386 1764 in
1406 1709 1722 1779 praedictam
1746 1709 1823 1764 ci-

236 1805 468 1858 vitatem
509 1799 961 1865 Cenomanicam,,
1009 1817 1172 1872 quam
1214 1801 1392 1856 nullus
1425 1801 1703 1857 hominum
1746 1800 1821 1856 ibi

1921 628 2042 669 cere
2075 615 2294 681 meruit,
2324 623 2378 670 et
2405 623 2602 671 multos
2621 616 2848 670 Domino
2875 615 3074 671 lucrari
3104 616 3319 671 meruit.
3348 602 3505 673 Fecit

1921 705 2086 776 igitur
2095 706 2385 776 praedictus
2404 707 2651 762 Aldricus
2673 706 2912 777 pontifex
2936 708 2989 762 in
3013 708 3332 778 praescripto
3351 708 3499 764 clau-

1921 804 2033 852 stro
2059 805 2206 852 recta
2230 812 2369 852 nova
2409 806 2463 852 et
2490 797 2668 868 dupla,
2702 798 2975 870 inquibus
2998 809 3053 855 et
3080 801 3322 856 diversas
3343 816 3500 856 man-

1921 889 2102 944 siones
2126 889 2191 944 ad
2211 905 2345 960 opus
2365 889 2592 946 fratrum
2619 901 2676 947 et
2696 893 2763 948 ad
2793 894 3362 960 eorumnecessitates
3381 909 3501 964 pro-

1919 981 2191 1036 curandas
2219 981 2543 1036 mirabiliter
2571 990 2626 1038 et
2645 983 2898 1038 nobiliter
2925 985 3248 1040 construxit.
3277 985 3501 1055 Insuper

1921 1078 1977 1126 et
2020 1070 2075 1124 in
2111 1071 2223 1140 jam
2250 1071 2394 1127 dicto
2425 1071 2663 1128 claustro
2708 1072 2836 1128 fecit
2870 1075 3156 1131 ecclesiam
3187 1071 3263 1131 'in
3293 1078 3501 1132 honore

1922 1163 2097 1217 sancti
2137 1161 2397 1232 Stephani
2427 1178 2458 1218 a
2485 1180 2644 1232 novo,
2687 1182 2849 1237 quam
2875 1175 2930 1222 et
2954 1168 3008 1222 in
3043 1168 3250 1224 honore
3294 1169 3504 1240 praeﬁxi

1922 1252 2094 1306 sancti
2125 1250 2385 1323 Stephani
2415 1261 2471 1308 et
2491 1254 2732 1309 omnium
2755 1265 3065 1312 sanctorum
3099 1239 3510 1328 quintailduum'

1923 1342 2241 1400 Novembris
2281 1345 2592 1402 solemniter
2613 1349 2982 1416 consecravit;
3017 1350 3071 1405 in
3091 1366 3198 1421 qua
3223 1360 3278 1405 ct
3306 1353 3359 1406 in
3389 1339 3510 1421 ipsa
3577 1365 3594 1380 ί

1923 1434 2008 1490 die
2061 1436 2480 1491 consecrationis
2525 1438 2643 1508 ejus
2681 1438 2893 1509 signum
2939 1441 3186 1510 apparuit
3235 1427 3506 1499 mirabile;

1923 1525 2150 1594 Quidam
2197 1529 2340 1582 enim
2379 1527 2637 1585 sacerdos
2688 1530 2820 1584 inibi
2865 1547 2992 1586 suos
3016 1541 3226 1588 wantos
3275 1535 3507 1603 perdidit

1922 1615 2048 1673 dum
2094 1618 2409 1688 praedictum
2439 1629 2750 1675 sacraretur
2791 1621 3082 1690 templum;
3127 1638 3262 1692 quos
3289 1624 3507 1693 quidam

1923 1707 2151 1765 clericus
2175 1709 2472 1775 inveniens,
2525 1711 2708 1766 furtim
2739 1711 2804 1766 de
2833 1711 2946 1782 ipsa
2965 1712 3194 1768 ecclesia
3234 1728 3373 1769 nova
3403 1731 3468 1769 ex
3488 1743 3501 1750 -

1922 1808 2142 1869 portare
2163 1802 2407 1873 cupiens,
2433 1801 2502 1858 de
2527 1803 2782 1874 praedicta
2815 1802 2997 1858 Sancti
3028 1804 3286 1874 Stephani
3311 1815 3365 1861 et
3385 1820 3507 1860 om-

238 1909 406 1953 antea
432 1899 618 1953 venire
641 1897 881 1962 viderat,
913 1911 1011 1952 suo
1035 1911 1197 1968 opere
1219 1904 1274 1952 et
1299 1898 1440 1952 bono
1480 1896 1696 1966 ingenio
1730 1895 1824 1950 ad-
1851 1889 1901 1950 B
1929 1893 2076 1948 nium
2097 1903 2411 1950 sanctorum
2439 1897 2668 1952 ecclesia
2708 1898 2857 1953 exire
2878 1912 2983 1954 non
3014 1898 3210 1968 potuit,
3233 1913 3335 1954 nec
3362 1899 3508 1968 ipsos

237 1991 443 2044 ducere
469 1989 686 2053 meruit,
717 1988 1076 2057 omnibusque
1099 1988 1192 2058 qui
1214 1996 1372 2043 antea
1407 1987 1562 2042 valde
1585 2001 1722 2056 aqua
1744 1986 1822 2040 in-

237 2081 518 2152 digebant,
546 2095 645 2136 nec
667 2095 789 2135 eam
815 2079 918 2135 nisi
943 2095 1039 2151 per
1058 2095 1312 2152 magnum
1341 2080 1579 2134 laborem
1600 2088 1822 2134 eatenus

236 2172 446 2226 habere
473 2177 722 2239 poterant
741 2210 755 2234 ,
785 2168 1135 2224 sufﬁcientem
1155 2210 1168 2234 ,
1216 2169 1512 2224 auxiliante
1558 2169 1786 2225 Domino
1806 2209 1821 2234 ,

236 2263 445 2318 habere
473 2262 618 2318 fecit.
651 2261 829 2317 Unum
865 2262 1128 2331 siquidem
1169 2262 1254 2317 vel
1295 2263 1402 2318 duo
1465 2263 1645 2318 modia
1671 2277 1824 2332 aquae

237 2353 383 2408 infra
413 2353 685 2408 civitatem
713 2361 868 2407 antea
897 2367 1081 2408 emere
1106 2368 1267 2408 nemo
1291 2353 1506 2410 valebat
1528 2353 1631 2408 nisi
1651 2369 1819 2408 unum

241 2451 524 2506 denarium
555 2448 903 2504 aﬁ'erentibus
931 2463 1050 2503 eam
1098 2450 1164 2504 de
1200 2449 1399 2505 Sartha
1420 2449 1505 2504 vel
1548 2451 1614 2504 de
1642 2449 1823 2520 aliquo

243 2541 391 2597 fonte
416 2540 683 2602 dedisset,
723 2539 979 2610 quoniam
1008 2553 1107 2595 nec
1135 2548 1358 2608 puteum
1404 2538 1536 2594 inibi
1581 2539 1815 2610 aliquem

240 2631 532 2686 habebant.
565 2630 689 2685 Ideo
721 2638 828 2684 tam
857 2630 1023 2684 chara
1045 2639 1182 2684 erat.
1215 2629 1270 2682 In
1297 2628 1412 2698 ipso
1437 2643 1654 2698 quoque
1683 2643 1824 2684 anno

239 2722 538 2776 claustrum
567 2721 659 2776 ubi
691 2719 773 2776 sui
811 2719 1058 2774 canonici
1087 2719 1400 2774 conversari
1430 2717 1750 2788 regulariter
1771 2726 1826 2774 et

238 2814 504 2868 canonice
516 2819 738 2881 possent
757 2810 1026 2866 aediﬁcare
1042 2811 1226 2880 cmpit,
1242 2810 1334 2880 qui
1356 2817 1512 2865 antea
1529 2813 1841 2880 nunquam,

237 2912 300 2957 ut
327 2902 522 2968 fertur,
555 2903 855 2957 claustrum
882 2902 1087 2956 habere
1117 2910 1464 2967 meruerunt,
1493 2901 1588 2958 sed
1612 2915 1708 2972 per
1751 2902 1826 2956 ci-

237 2991 465 3046 vitatem
501 2992 608 3046 huc
645 2999 701 3046 et
729 2990 858 3046 illuc
882 2998 1143 3058 vagantes
1169 2999 1224 3045 et
1265 2991 1596 3046 dormientes
1633 2999 1688 3045 et
1713 2990 1827 3045 dis-

236 3089 526 3138 currentes
549 3122 564 3148 ,
604 3090 715 3136 tam
744 3082 801 3136 in
844 3089 1002 3136 nocte
1043 3096 1206 3152 quam
1238 3081 1294 3135 in
1325 3081 1432 3147 die,
1466 3096 1564 3151 per
1612 3081 1824 3136 diversa

237 3171 516 3228 domicilia
541 3187 763 3228 manere
803 3173 1069 3239 solebant,
1102 3184 1158 3228 et
1193 3181 1416 3244 propter
1449 3173 1552 3229 hoc
1595 3173 1824 3243 impedi-

1923 1994 2136 2040 vvantos
2165 2000 2349 2040 secum
2373 1986 2585 2042 deferre
2611 1988 2798 2054 valuit,
2842 1997 3132 2059 antequam
3161 2006 3256 2045 eos
3305 1991 3360 2045 in
3391 1991 3506 2062 ipsa

1925 2072 2149 2128 ecclesia
2179 2074 2487 2131 videntibus
2515 2076 2700 2132 multis
2729 2077 2906 2148 ejecit,
2935 2087 2989 2132 et
3015 2077 3141 2151 fuga
3167 2079 3347 2150 lapsus
3384 2063 3522 2136 eva-l

1925 2164 2015 2219 sit.
2055 2163 2209 2240 Fecit
2235 2181 2468 2237 namque
2519 2168 2572 2223 in
2603 2169 2858 2239 praedicta
2884 2170 3114 2226 ecclesia
3151 2171 3343 2226 altaria
3368 2187 3462 2227 sex
3489 2190 3505 2239 ;

1924 2271 2155 2327 quorum
2189 2273 2357 2313 unum
2386 2274 2601 2315 sursum
2627 2261 2860 2330 positum
2887 2261 2941 2316 in
2962 2263 3138 2318 media
3164 2262 3352 2319 absida
3394 2264 3506 2320 col-

1927 2347 2159 2404 locatum
2200 2349 2253 2403 in
2278 2350 2483 2406 honore
2519 2360 2720 2407 sanctae
2766 2351 2980 2423 Sophia:
3009 2354 3264 2422 sacravit,
3299 2364 3353 2410 et
3384 2355 3508 2410 reli-

1926 2444 2084 2516 quias
2119 2444 2331 2501 Domini
2367 2447 2541 2503 nostri
2586 2445 2710 2502 Jesu
2749 2446 2974 2514 Christi,
3021 2456 3132 2502 tam
3183 2449 3248 2504 de
3285 2450 3508 2521 spongia

1925 2552 2086 2607 quam
2107 2545 2162 2593 et
2182 2537 2247 2592 de
2281 2537 2538 2594 sandaliis
2563 2537 2681 2608 ejus
2709 2539 2965 2609 propriis,
2999 2539 3052 2594 in
3077 2538 3418 2595 confessione
3451 2541 3520 2610 in,

1925 2644 1991 2685 eo
2017 2625 2157 2686 facta
2186 2630 2488 2686 collocavit.
2532 2629 2682 2686 Fecit
2711 2647 2924 2702 quoque
2945 2640 3106 2702 atque
3131 2633 3366 2688 sacravit
3395 2631 3507 2700 jam

1929 2722 2104 2778 dictus
2130 2707 2372 2794 pontifex
2402 2724 2457 2776 in
2479 2724 2742 2793 superiori
2761 2733 2815 2778 et
2845 2725 2899 2778 in
2919 2725 3142 2780 dextera
3164 2735 3317 2796 parte
3341 2726 3512 2795 ipsius

1927 2810 2168 2864 ecclesiae
2208 2809 2352 2863 aliud
2384 2809 2556 2864 altare
2601 2810 2656 2863 in
2679 2811 2884 2864 honore
2933 2811 3104 2866 sancti
3142 2810 3424 2882 Stephani,
3457 2824 3514 2868 et

1929 2901 2102 2955 sancti
2142 2900 2434 2966 Vincentii,
2486 2916 2550 2956 ac
2583 2903 2755 2957 sancti
2777 2901 3041 2968 Gervasii,
3084 2905 3365 2976 sanctique
3393 2906 3513 2962 Pri-

1928 2993 2056 3059 vati,
2090 2993 2202 3048 sive
2227 2994 2400 3048 sancti
2427 2993 2662 3061 Quirini,
2698 3004 2860 3067 atque
2883 2997 3054 3052 sancti
3093 2996 3344 3066 Naboris,
3384 3017 3512 3057 nec-

1929 3099 2034 3139 non
2062 3093 2117 3140 et
2137 3087 2311 3142 sancti
2333 3085 2548 3141 Nazarii
2583 3097 2892 3159 martyrum
2912 3087 3134 3154 Christi,
3170 3098 3224 3146 et
3253 3091 3308 3146 in
3335 3107 3398 3148 eo
3419 3092 3511 3147 de-

1932 3183 2122 3231 center
2177 3192 2364 3232 eorum
2413 3175 2670 3248 reliquias
2721 3177 3022 3235 collocavit.
3082 3179 3234 3237 Fecit
3279 3198 3513 3254 namque

236 3271 487 3319 mentum
520 3263 590 3318 ad
617 3262 846 3319 ofﬁcium
870 3263 1111 3318 divinum
1134 3277 1440 3329 occurrere,
1469 3270 1530 3318 ut
1563 3263 1820 3330 decebat,
1851 3253 1896 3319 C
1927 3269 1984 3324 in
2015 3269 2279 3339 superiori
2324 3277 2380 3326 et
2409 3269 2465 3324 in
2491 3269 2711 3326 sinistra
2732 3279 2888 3342 parte
2918 3273 3089 3342 ipsius
3110 3274 3352 3330 ecclesiae.
3400 3253 3509 3331 ter-

237 3357 470 3412 minime
494 3355 776 3421 valebant;
808 3357 993 3428 eisque
1023 3371 1176 3413 suam
1209 3357 1459 3423 domum,
1493 3359 1550 3412 in
1580 3372 1685 3428 qua
1709 3373 1822 3412 mas

237 3458 468 3516 nerent,
493 3458 548 3504 et
573 3451 796 3507 solarios
821 3453 934 3507 sive
956 3451 1174 3508 cellaria
1203 3461 1258 3508 et
1292 3453 1394 3506 alia
1422 3451 1682 3520 aediﬁcia,
1703 3468 1823 3523 qua:

237 3543 306 3597 ad
336 3558 498 3597 suum
523 3558 661 3612 opus
689 3543 957 3609 habebat,
991 3544 1233 3600 tradidit.
1263 3545 1331 3599 Et
1358 3559 1465 3599 non
1499 3545 1555 3599 in
1583 3544 1688 3600 hoc
1713 3543 1825 3600 suf-

242 3633 429 3689 ﬁciens
467 3643 613 3699 erat,
664 3633 758 3690 sed
803 3636 968 3689 etiam
997 3634 1132 3690 alias
1173 3636 1361 3691 domos
1393 3651 1492 3706 per
1535 3635 1824 3691 circuitum

241 3724 516 3792 nobiliter,
550 3726 690 3781 sicut
721 3725 789 3780 ad
822 3725 923 3780 hoc
950 3741 1085 3794 opus
1111 3726 1336 3781 decebat
1363 3737 1680 3782 construere
1708 3742 1826 3783 cer-

242 3819 398 3873 tavit.
429 3816 696 3873 Praefatus
725 3833 858 3888 ergo
884 3817 1128 3889 pontifex
1159 3817 1260 3872 fuit
1294 3819 1378 3873 vir
1421 3819 1744 3874 mitissimus
1773 3827 1827 3874 et

243 3911 461 3981 sapiens
485 3911 670 3976 valde,
713 3911 895 3980 lingua
943 3911 1208 3977 eruditus,
1253 3909 1489 3980 psalmos
1515 3925 1703 3966 omnes
1732 3927 1828 3982 per

241 4006 491 4061 ordinem
518 4005 834 4060 memoriter
865 3997 1106 4060 retinens
1127 4045 1141 4069 ,
1178 4012 1234 4059 et
1261 4003 1316 4058 in
1347 4019 1538 4060 eorum
1581 4004 1826 4060 sensibus

241 4097 594 4154 subtilissima
624 4097 1018 4154 exercitatione
1047 4095 1287 4161 limatus,
1319 4094 1503 4167 lingua
1527 4109 1742 4166 quoque
1773 4095 1826 4149 in

240 4189 477 4245 lectione
495 4190 690 4260 posita,
707 4196 762 4244 et
783 4188 1103 4244 exhortator
1123 4187 1366 4242 omnium
1393 4188 1660 4243 bonorum
1701 4201 1828 4256 ope-

239 4302 381 4350 rum,
406 4283 656 4355 plebique
676 4283 1073 4340 ﬂorentissimae
1097 4283 1358 4339 salutaria
1379 4283 1680 4352 praedicans
1703 4282 1829 4339 ﬁdei

237 4393 300 4433 ca
308 4375 522 4432 tholicze
533 4384 584 4431 et
599 4375 927 4445 apostolicae,
944 4374 1287 4430 immaculate
1299 4388 1624 4430 conservare
1634 4389 1830 4444 peren-

238 4467 383 4522 niter
399 4483 497 4522 sua
514 4466 718 4522 monita
751 4467 1009 4522 salutaria
1039 4466 1374 4536 praedicans,
1403 4465 1566 4521 corda
1589 4466 1829 4520 ﬁdelium

237 4560 625 4625 corroborans,
665 4561 976 4615 orthodoxae
1008 4559 1131 4614 ﬁdei
1162 4559 1442 4615 aemulator
1480 4575 1544 4614 ac
1574 4559 1828 4615 defensor

235 4655 587 4722 fortissimus,
603 4656 935 4727 paupertatis
947 4663 1176 4722 amator,
1193 4671 1319 4728 erga
1332 4655 1519 4725 inopes
1535 4669 1640 4709 non
1655 4653 1825 4709 solum

235 4750 407 4816 mitis,
437 4750 532 4805 sed
552 4749 719 4804 etiam
744 4748 1022 4811 sollicitus,
1058 4747 1393 4818 captivorum
1421 4747 1586 4801 etiam
1612 4744 1827 4801 redem-

233 4852 379 4912 ptor,
418 4844 788 4914 orphanorum
820 4857 1035 4913 quoque
1061 4851 1116 4895 et
1149 4841 1432 4895 viduarum
1455 4839 1698 4910 largitor,
1729 4855 1824 4894 ne-

235 4935 478 4990 cessaria
523 4935 786 4999 tribuens,
839 4942 1052 4988 amator
1099 4931 1466 5001 religiositatis
1504 4929 1826 4984 Christiana

235 5041 470 5090 normae,
501 5034 557 5080 et
585 5025 832 5096 religiose
851 5023 1154 5079 volentibus
1177 5023 1358 5078 vivere
1378 5031 1430 5077 et
1459 5021 1554 5076 Dei
1579 5021 1826 5076 timorem

235 5115 441 5172 habere
477 5116 533 5170 in
558 5115 670 5172 suis
705 5115 1018 5186 praecordiis
1045 5111 1260 5170 dilectio
1284 5112 1556 5179 residens;
1588 5111 1673 5166 vir
1699 5126 1827 5167 vero

235 5216 357 5262 erat
394 5206 716 5262 mitissimus
754 5214 917 5276 atque
945 5205 1127 5260 suavis
1173 5203 1424 5272 omnique
1464 5202 1704 5258 bonitate
1738 5217 1828 5257 or-

236 5307 425 5362 natus,
449 5305 663 5352 amator
691 5295 823 5353 cleri
847 5295 1132 5366 omnisque
1158 5291 1341 5366 populi
1371 5292 1685 5357 Christiani,
1718 5299 1827 5346 tar-

239 5388 341 5442 dus
373 5386 442 5440 ad
473 5387 835 5454 irascendum,
885 5394 940 5442 et
960 5385 1116 5440 velox
1159 5384 1226 5440 ad
1255 5383 1646 5448 miserandum,
1695 5381 1825 5436 nulli

237 5497 337 5552 pro
365 5482 511 5538 malo
542 5482 740 5538 malum
772 5481 1022 5546 reddens,
1079 5494 1254 5548 neque
1289 5477 1582 5532 vindictam
1631 5490 1826 5531 secun-

239 5577 365 5631 dum
393 5577 648 5632 meritum
679 5576 920 5631 tribuens
951 5591 965 5638 ;
1012 5573 1108 5629 sed
1131 5572 1252 5643 pius
1298 5581 1352 5626 et
1376 5570 1686 5626 misericors
1709 5577 1826 5624 erat

241 5666 512 5731 onmibus,
545 5673 770 5721 cunctos
803 5665 1102 5727 attrahens,
1131 5663 1507 5732 neminemque
1533 5659 1820 5730 dissipans.

242 5756 491 5830 Magnum
524 5773 741 5829 gregem
762 5759 998 5813 adunare
1027 5756 1079 5812 in
1106 5772 1270 5811 unum
1293 5764 1350 5811 et
1376 5754 1564 5826 ingens
1592 5753 1823 5818 lucrum,

243 5853 661 5910 adminiculante
690 5853 918 5909 Domino
973 5849 1321 5930 infrasinum
1357 5848 1697 5930 sanctze__l)ei
1727 5849 1801 5902 Ec

1927 3359 2059 3414 tium
2083 3359 2276 3426 altare,
2322 3367 2486 3431 atque
2503 3362 2740 3416 sacravit
2766 3361 2821 3416 in
2847 3363 3053 3418 honore
3079 3372 3280 3420 sanctae
3305 3365 3398 3421 Dei
3423 3383 3529 3440 ge-g

1927 3450 2135 3506 nitricis
2159 3450 2359 3516 Mariae,
2391 3451 2503 3506 sive
2532 3452 2703 3508 sancti
2726 3450 3020 3508 Clementis
3049 3453 3309 3510 Romanae
3328 3455 3513 3510 Eccle-

1928 3541 2022 3596 sia:
2059 3542 2292 3612 episcopi
2341 3551 2396 3597 et
2435 3543 2712 3614 martyris,
2764 3553 2820 3599 et
2871 3545 3039 3599 sancti
3087 3545 3293 3612 Albini,
3339 3547 3512 3602 sancti

1928 3631 2166 3688 Amantii
2194 3647 2258 3687 ac
2287 3632 2462 3688 sancti
2489 3632 2777 3704 Arnulphi,
2810 3649 2905 3689 seu
2931 3638 3105 3690 sancti
3135 3635 3375 3701 Martini,
3429 3645 3512 3690 at-

1929 3738 2033 3795 que
2060 3723 2231 3778 sancti
2253 3722 2545 3779 Clementis
2583 3724 2745 3795 primi
2770 3723 3024 3781 Metensis
3051 3725 3203 3782 urbis
3245 3725 3506 3797 episcopi,

1929 3823 2091 3886 atque
2117 3815 2289 3870 sancti
2311 3815 2575 3882 Audoeni,
2606 3831 2818 3871 necnon
2851 3826 2905 3872 et
2929 3817 3106 3872 sancti
3136 3816 3415 3888 Martialis,
3444 3833 3508 3874 ac

1929 3907 2103 3962 sancti
2139 3905 2436 3974 Benedicti,
2485 3915 2540 3962 et
2563 3908 2735 3962 sancti
2761 3907 2999 3974 Paterni,
3055 3919 3108 3964 et
3137 3911 3313 3965 sancti
3337 3909 3510 3966 Silve-

1929 3999 2052 4066 stri,
2097 3999 2466 4055 confessorum
2495 3999 2729 4066 Domini,
2761 4011 2816 4055 et
2838 4002 2890 4055 in
2915 4016 2980 4057 eo
3005 4002 3240 4074 propriis
3263 4004 3513 4059 manibus

1929 4091 2183 4146 decenter
2204 4090 2582 4160 praedictorum
2606 4102 2918 4148 sanctorum
2939 4081 3195 4164 reliquias
3223 4094 3278 4148 in
3308 4095 3516 4151 confes

1930 4184 2081 4239 sione
2105 4183 2272 4253 ipsius
2287 4183 2474 4241 altaris
2495 4184 2793 4240 collocavit.
2818 4185 2876 4240 ln
2893 4186 3183 4242 subteriori
3203 4201 3335 4259 ergo
3359 4197 3512 4259 parte
3534 4175 3536 4178 ’

1929 4276 2055 4331 etin
2076 4275 2264 4332 absida
2291 4277 2458 4347 ipsius
2483 4277 2744 4342 ecclesiae,
2764 4277 2892 4333 fecit
2910 4287 2964 4333 et
2991 4279 3329 4335 consecravit
3351 4295 3512 4351 quar-

1931 4377 2044 4425 tum
2066 4369 2237 4426 altare
2265 4370 2320 4424 in
2342 4370 2546 4426 honore
2561 4372 2733 4426 sancti
2758 4371 3014 4442 Stephani
3035 4383 3090 4428 et
3111 4373 3354 4430 omnium
3383 4391 3479 4431 san
3496 4407 3510 4417 -

1929 4470 2158 4529 ctorum,
2182 4470 2238 4518 et
2262 4463 2316 4518 in
2339 4477 2405 4518 eo
2433 4465 2604 4518 sancti
2639 4463 2900 4534 Stephani
2919 4474 3079 4536 atque
3107 4466 3335 4523 aliorum
3370 4468 3511 4522 mul-

1931 4562 2108 4610 torum
2142 4564 2452 4610 sanctorum
2477 4555 2730 4626 reliquias
2754 4549 2988 4628 propriis
3017 4559 3267 4615 manibus
3308 4560 3477 4617 decen

1933 4653 2014 4700 ter
2056 4643 2337 4700 collocavit
2380 4653 2542 4716 atque
2571 4647 2852 4702 conclusit.
2910 4647 2964 4702 ln
2995 4648 3216 4705 dextera
3246 4650 3410 4722 igitur
3459 4662 3512 4708 ct

1929 4737 2217 4792 subteriori
2244 4745 2398 4808 parte
2423 4738 2590 4808 ipsius
2621 4740 2862 4796 ecclesraa
2882 4742 3127 4811 quintum
3163 4742 3293 4800 fecit
3319 4745 3506 4811 altare,

1931 4828 2071 4897 quod
2091 4837 2146 4883 et
2179 4829 2519 4885 consecravit
2557 4831 2612 4886 in
2641 4832 2848 4889 honore
2875 4835 3048 4890 sancti
3070 4835 3218 4893 Pauli
3259 4848 3313 4894 et
3337 4841 3509 4894 sancti

1929 4915 2114 4973 Jacobi
2142 4919 2367 4988 apostoli
2391 4927 2446 4974 et
2473 4921 2645 4978 sancti
2672 4921 2908 4981 Matthtei
2937 4928 3164 4997 apostoli
3200 4938 3255 4986 et
3277 4945 3507 4999 evange-

1929 5007 2086 5074 listae,
2137 5017 2192 5064 et
2237 5010 2290 5064 in
2325 5012 2658 5069 confessione
2702 5015 2870 5084 ipsius
2910 5017 3096 5074 altaris
3130 5021 3505 5090 praedictorum

1931 5108 2240 5176 sanctorum
2291 5103 2654 5172 apostolorum
2704 5107 2958 5178 reliquias
2998 5112 3232 5181 propriis
3261 5111 3507 5168 manibus

1930 5194 2186 5250 decenter
2233 5199 2532 5268 composuit
2589 5207 2751 5272 atque
2774 5203 3054 5259 conclusit.
3095 5203 3155 5258 In
3195 5204 3411 5259 sinistra
3452 5217 3508 5260 et

1928 5286 1984 5341 in
2013 5286 2302 5344 subteriori
2339 5299 2494 5360 parte
2537 5291 2706 5362 ipsius
2735 5293 2978 5350 ecclesia:
3017 5302 3227 5349 sextum
3261 5293 3391 5352 fecit
3429 5297 3506 5352 al-

1931 5389 2064 5447 tare,
2114 5385 2256 5451 quod
2283 5394 2340 5437 et
2362 5385 2696 5440 consecravit
2723 5386 2779 5441 in
2811 5387 3016 5442 honore
3037 5386 3208 5442 sancti
3238 5387 3506 5446 Theodori

1931 5482 1987 5528 et
2024 5474 2196 5530 sancti
2227 5473 2424 5531 Juliani
2465 5486 2624 5548 atque
2647 5479 2822 5535 sancti
2850 5477 3146 5546 Lamberti,
3205 5490 3505 5556 martyrum

1933 5564 2152 5634 Christi,
2210 5569 2346 5623 etin
2377 5569 2714 5627 confessione
2745 5571 2912 5640 ipsius
2944 5569 3130 5629 altaris
3178 5589 3366 5632 eorum
3419 5577 3506 5648 pi—

1933 5674 2099 5730 gnora
2125 5661 2357 5732 propriis
2394 5662 2674 5718 collocavit
2698 5660 2966 5722 manibus.

2673 5755 2756 5810 ΙΙΙ.

2006 5847 2160 5902 Anno
2186 5847 2445 5916 siquidem
2484 5847 2873 5904 incarnationis
2919 5850 3127 5907 Domini
3165 5852 3333 5908 nostri
3381 5847 3507 5907 Jesu
