4044 6326
501 366 577 432 ,35
1534 368 1811 426 ALDRlCl
1847 363 2381 425 CENOMANENSJS
2419 364 2726 425 EPISCOPI
3686 362 3763 425 36

499 485 701 544 Christi
770 484 1219 555 octingentesimo
1256 484 1536 557 trigesimo
1582 493 1638 541 et
1663 492 1879 556 quarto,
1936 483 2074 539 indi—
2099 483 2153 545 Α
2177 482 2270 537 tali
2300 481 2495 553 quippe
2514 490 2670 553 parte
2690 481 2861 553 ipsius
2888 481 3149 546 ecclesiae,
3185 480 3241 535 in
3270 480 3386 550 ipso
3411 479 3608 536 solario
3628 480 3763 538 fecit

498 566 676 635 ctione
704 594 831 632 vero
854 574 1172 643 tredecima,
1197 582 1253 632 et
1292 592 1435 633 anno
1460 577 1671 649 imperii
1699 576 1881 632 domni
1910 573 2083 630 Ludo-

498 670 605 726 vici
632 668 859 741 piissimi
895 669 1236 741 imperatoris
1270 668 1529 743 vigesimo
1556 676 1612 724 et
1636 668 1892 733 secundo,
1937 682 2079 723 anno

499 752 630 816 vero
672 760 1030 816 ordinationis
1055 761 1354 832 praescripti
1398 758 1598 815 Aldrici
1629 759 1867 830 episcopi
1893 759 2077 826 tertio,

498 850 811 924 pmdictam
837 851 1124 908 ecclesiam
1154 852 1268 924 jam
1296 851 1470 907 dictus
1491 848 1735 921 pontifex
1765 848 2080 906 solemniter

497 950 556 1002 et
575 942 829 1000 decenter
856 942 1143 1001 dedicavit.
1192 940 1251 1000 In
1282 944 1596 1015 prmscripto
1618 960 1851 1015 namque
1889 942 2082 1002 Calen-

497 1030 691 1105 darum
720 1034 827 1099 die,
875 1032 1451 1105 Turonis-metropolis
1477 1033 1695 1090 civitate
1728 1049 1824 1105 per
1848 1048 2078 1090 consen-

496 1134 616 1179 sum
665 1126 720 1177 et
763 1120 1081 1177 electionem
1120 1116 1450 1177 Landramni
1484 1118 1754 1194 praedictae
1797 1118 2080 1178 Turonica:

495 1212 648 1268 urbis
669 1212 1080 1284 archiepiscopi,
1108 1213 1222 1269 sive
1243 1213 1471 1269 aliorum
1499 1205 1876 1284 episcoporum
1917 1222 2081 1285 atque

496 1304 790 1363 multorum
836 1305 1091 1360 abbatum
1139 1312 1300 1375 atque
1326 1304 1584 1360 comitum
1628 1318 1834 1359 necnon
1864 1310 1919 1358 et
1943 1302 2078 1357 alio—

496 1408 618 1449 rum
668 1394 1139 1449 innumerabiliuin
1172 1393 1520 1465 prudentium
1552 1392 1787 1449 virorum
1832 1408 1862 1448 a
1904 1390 2080 1449 Ludo-

495 1484 618 1541 vico
642 1486 960 1556 praescripto
988 1484 1336 1558 imperatore,
1367 1500 1496 1543 cura
1531 1482 1906 1542 Cenomanicae
1934 1478 2084 1542 urbis

494 1583 551 1630 et
577 1574 883 1632 sollicitudo
911 1576 1076 1632 totius
1110 1577 1292 1648 populi
1325 1576 1493 1649 ipsius
1522 1572 1675 1633 urbis
1699 1576 1970 1648 parochiae
1994 1576 2085 1633 Al-

493 1663 644 1723 drico
672 1664 896 1736 praefato
925 1668 1178 1737 episcopo
1216 1668 1505 1725 commissa
1530 1676 1644 1737 est;
1703 1669 1789 1723 cui
1830 1669 2081 1740 omnipo-

493 1764 615 1812 tens
640 1752 803 1825 Deus,
834 1758 1151 1829 suppliciter
1172 1776 1412 1828 oramus,
1437 1777 1543 1817 una
1569 1758 1851 1819 nobiscum
1876 1764 2083 1819 tribuat

2180 581 2342 644 atque
2373 573 2607 629 sacravit
2635 573 2804 630 altare
2833 573 2887 629 in
2925 570 3128 629 honore
3155 572 3396 629 omnium
3418 580 3761 642 sanctorum,

2179 662 2236 718 in
2257 679 2364 734 quo
2401 673 2458 718 et
2494 664 2785 720 multorum
2812 672 3121 721 sanctorum
3144 664 3369 735 pignora
3396 665 3632 737 propriis
3652 665 3767 723 col-

2178 754 2375 810 locavit
2403 755 2665 812 manibus.
2716 752 2771 811 lu
2802 756 3018 812 sinistra
3055 764 3233 812 autem
3260 763 3412 827 parte
3459 756 3630 828 ipsius
3665 773 3762 814 ec-

2179 843 2356 901 clesiae
2382 854 2438 902 et
2456 845 2513 900 in
2546 842 2765 903 sinistro
2790 845 3216 903 deambulatorio
3257 845 3312 902 in
3340 845 3587 903 orientali
3606 856 3766 919 parte

2178 930 2311 992 fecit
2344 947 2398 993 et
2423 938 2759 994 consecravit
2783 934 2953 994 altare
2999 937 3054 992 in
3078 939 3286 994 honore
3307 936 3480 995 sancti
3518 937 3764 1010 Dionysii

2180 1038 2233 1085 et
2274 1029 2449 1085 sancti
2493 1022 2791 1096 Laurentii,
2866 1044 2931 1085 ac
2963 1028 3135 1085 sancti
3191 1027 3422 1101 Remigii
3476 1029 3783 1099 sanctique.

2181 1112 2441 1187 Medardi,
2474 1134 2570 1175 seu
2597 1119 2774 1176 sancti
2792 1117 3054 1176 Bonifacii
3094 1128 3150 1176 et
3172 1120 3347 1176 sancti
3374 1116 3604 1187 Rustici,
3630 1135 3765 1177 neco

2180 1226 2290 1265 non
2318 1218 2374 1267 et
2408 1208 2581 1267 sancti
2610 1208 2906 1268 Eleutherii
2944 1222 3242 1285 martyrum
3290 1221 3346 1269 et
3387 1211 3762 1269 confessorum

2181 1300 2404 1369 Christi,
2436 1312 2491 1358 et
2512 1319 2699 1359 eorum
2738 1294 2995 1375 reliquias
3028 1306 3082 1360 in
3108 1306 3226 1376 ipso
3249 1306 3484 1377 propriis
3508 1306 3766 1363 manibus

2182 1394 2468 1450 collocavit
2487 1394 2664 1450 altari.
2708 1392 2764 1450 lu
2786 1397 3045 1468 praedicto
3073 1396 3325 1452 videlicet
3344 1395 3565 1455 sinistro
3594 1395 3763 1452 solari

2180 1494 2237 1542 et
2266 1487 2691 1544 deambulatorio
2743 1489 2797 1542 in
2844 1489 3023 1546 medio
3075 1487 3222 1545 aliud
3251 1487 3379 1544 fecit
3427 1498 3483 1544 et
3522 1487 3767 1543 sacravit

2183 1578 2354 1634 altare
2380 1579 2437 1634 in
2457 1580 2663 1636 honore
2691 1588 2892 1637 sancta:
2917 1580 3012 1637 Dei
3035 1580 3316 1653 genitricis
3337 1579 3521 1637 Maria:
3541 1596 3608 1637 ac
3637 1596 3762 1637 san-

2184 1678 2284 1726 cta:
2321 1668 2622 1728 Anastasia:
2672 1680 2976 1742 sanctaeque
3004 1671 3253 1739 Czeciliae,
3299 1686 3508 1728 necnon
3539 1679 3595 1727 et
3635 1687 3758 1727 om-

2146 1761 2335 1817 -nium
2385 1770 2696 1818 sanctarum
2743 1762 3035 1834 virginum,
3083 1771 3139 1818 et
3184 1762 3409 1833 pignora
3448 1770 3763 1817 sanctarum

493 1849 735 1918 requiem
756 1849 1139 1920 sempiternam
1165 1859 1221 1908 et
1245 1853 1410 1907 vitam
1439 1860 1718 1910 aeternam.
1757 1848 2080 1924 Praescripto
2106 1837 2155 1898 Β
2180 1845 2450 1926 virginum
2496 1856 2550 1911 in
2587 1870 2653 1911 eo
2691 1855 2858 1911 multa
2897 1855 3131 1929 propriis
3175 1854 3455 1911 collocavit
3489 1853 3759 1909 manibus.

493 1936 742 1994 videlicet
770 1953 912 1995 anno
932 1938 1322 1997 incarnationis
1343 1942 1557 1999 Domini
1579 1942 1749 1999 nostri
1775 1942 1903 2000 Jesu
1923 1943 2079 2001 Chri-

492 2029 597 2096 sti,
655 2030 943 2089 undecimo
973 2036 1189 2104 duoque
1229 2032 1587 2090 Calendarum
1632 2033 1946 2091 Decembris
1990 2035 2079 2091 die

492 2122 806 2180 solemniter
837 2128 1179 2184 consecravit
1203 2127 1318 2199 jam
1344 2127 1521 2184 dictus
1558 2126 1808 2185 Aldricus
1832 2126 2076 2198 pontifex

491 2212 731 2271 absidam
768 2219 958 2275 matris
1006 2227 1062 2274 et
1083 2219 1312 2275 senioris
1333 2220 1570 2276 civitatis
1598 2219 1866 2288 ecclesiae,
1912 2235 2074 2293 quam

491 2319 523 2359 a
550 2320 689 2361 novo
728 2302 974 2363 fundavit
1008 2316 1063 2364 et
1091 2309 1412 2365 mirabiliter
1444 2310 1659 2366 ornavit
1694 2318 1857 2380 atque
1913 2306 2111 2366 fabri--

491 2398 654 2464 cavit,
676 2399 731 2453 in
755 2412 861 2469 qua
891 2406 947 2454 et
964 2398 1136 2456 altare
1157 2400 1478 2456 mirabiliter
1502 2400 1824 2456 fabricatum
1849 2408 1905 2457 et
1933 2416 2073 2456 com-

491 2488 723 2558 positum
750 2483 1070 2546 construxit.
1104 2488 1224 2547 Jam
1250 2493 1447 2547 dictam
1479 2488 1678 2563 quippe
1697 2491 1937 2547 absidam
1968 2508 2076 2548 una

495 2597 617 2637 cum
645 2578 870 2654 praefato
892 2581 1051 2638 altari
1081 2584 1417 2639 consecravit
1451 2582 1504 2639 in
1529 2582 1733 2639 honore
1754 2584 1928 2639 sancti
1957 2583 2076 2641 Sal-

490 2674 695 2730 vatdris
718 2682 774 2731 et
798 2681 997 2731 sanctae
1026 2670 1123 2731 Dei
1158 2676 1437 2747 genitricis
1475 2674 1658 2731 Mariae
1685 2685 1740 2731 et
1761 2684 2075 2732 sanctorum

489 2774 790 2839 martyrum
834 2766 1079 2824 Cervasii
1117 2775 1172 2823 et
1222 2767 1476 2837 Protasii,
1518 2766 1610 2824 sed
1653 2776 1709 2825 et
1741 2770 1915 2825 sancti
1955 2767 2076 2825 Ste-

488 2859 685 2931 phani;
719 2861 774 2915 in
800 2876 907 2931 quo
936 2858 991 2917 et
1012 2860 1267 2932 reliquias
1285 2862 1456 2918 sancti
1484 2860 1781 2917 Salvatoris
1801 2870 1858 2916 et
1875 2870 2075 2918 sancta:

491 2947 730 3018 ejusdem
760 2938 855 3004 Dei
890 2950 1167 3022 genitricis
1194 2949 1398 3018 Mariae,
1431 2959 1594 3022 atque
1616 2953 1682 3007 de
1705 2952 1923 3023 proprio
1951 2966 2072 3007 cor-

493 3053 628 3109 pore
657 3046 968 3095 sanctorum
1004 3048 1303 3112 martyrum
1335 3041 1577 3097 Gervasii
1602 3046 1657 3097 et
1677 3040 1931 3109 Protasii,
1961 3043 2075 3098 sive

492 3128 666 3184 sancti
689 3124 951 3199 Stephani
970 3129 1024 3185 in
1049 3132 1338 3201 saepedicto
1363 3130 1539 3194 altari,
1564 3132 1797 3202 propriis
1822 3133 2072 3188 manibus

2178 1944 2443 2001 Deorsum
2477 1961 2691 2017 quoque
2715 1954 2770 2001 et
2800 1946 2853 2000 in
2880 1944 3126 2012 dextera,
3172 1945 3286 2000 sive
3322 1940 3571 2000 orientali
3605 1954 3763 2014 parte

2176 2036 2415 2109 praefata:
2464 2038 2708 2095 ecclesiae
2736 2036 2866 2095 fecit
2913 2047 2968 2093 et
2998 2036 3336 2094 consecravit
3362 2035 3532 2091 altare
3568 2034 3623 2089 in
3658 2034 3761 2089 ho-

2175 2145 2310 2209 nore
2336 2130 2509 2187 sancti
2536 2129 2807 2186 Ambrosii
2836 2137 2891 2185 et
2922 2128 3094 2185 sancti
3123 2124 3419 2192 Benedicti,
3466 2115 3761 2209 sanctique

2176 2206 2443 2295 Gregorii,
2475 2238 2538 2279 ac
2564 2223 2735 2279 sancti
2764 2222 3050 2294 Augustini
3080 2221 3194 2277 sive
3229 2219 3404 2276 sancti
3445 2206 3644 2275 Juliani
3676 2232 3761 2273 at-

2175 2329 2281 2386 que
2333 2315 2505 2371 sancti
2553 2313 2889 2386 Hieronymi,
2940 2327 3152 2369 necnon
3210 2319 3266 2367 et
3317 2308 3491 2366 sancti
3546 2307 3760 2379 Vigoris

2175 2406 2376 2463 Christi
2436 2405 2829 2471 confessorum,
2873 2412 2929 2460 et
2967 2419 3154 2461 eorum
3190 2403 3244 2458 in
3285 2417 3350 2458 eo
3398 2403 3655 2459 decenter
3705 2408 3761 2454 et

2176 2496 2543 2554 ecclesiastico
2590 2512 2740 2553 more
2780 2494 3065 2552 collocavit
3098 2493 3375 2565 reliquias.
3426 2490 3591 2546 Extra
3627 2490 3761 2546 cho-

2176 2603 2297 2644 rum
2323 2586 2527 2643 scilicet
2570 2597 2625 2642 et
2653 2587 2707 2643 in
2740 2586 2964 2642 dextera
2998 2593 3151 2657 parte
3176 2585 3343 2656 ipsius
3367 2578 3607 2639 ecclesiae
3629 2579 3759 2636 fecit

2177 2686 2232 2734 et
2256 2678 2597 2735 consecravit
2625 2677 2793 2734 altare
2820 2678 2873 2732 in
2895 2678 3098 2733 honore
3118 2675 3291 2732 sancti
3316 2672 3531 2746 Georgii
3558 2679 3613 2729 et
3632 2689 3760 2728 san-

2176 2773 2248 2828 cti
2284 2771 2500 2839 Felicis,
2550 2788 2614 2828 ac
2641 2771 2815 2827 sancti
2845 2768 3222 2842 Symphoriani
3277 2768 3389 2824 sive
3411 2766 3585 2822 sancti
3616 2763 3758 2820 Sixti

2177 2874 2338 2937 atque
2360 2865 2534 2921 sancti
2564 2863 2814 2930 Tiburtii,
2869 2871 3180 2919 sanctorum
3208 2861 3406 2932 quippe
3448 2846 3754 2919 Marcellini

2178 2967 2233 3015 et
2255 2957 2421 3023 Petri,
2455 2966 2511 3013 et
2532 2972 2719 3013 eorum
2742 2957 2796 3010 in
2824 2971 2888 3010 eo
2907 2957 3158 3012 decenter
3177 2950 3458 3010 collocavit
3480 2949 3753 3019 reliquias.

2178 3049 2237 3103 lu
2265 3048 2485 3103 sinistra
2518 3062 2751 3117 namque
2780 3054 2835 3102 et
2864 3047 2918 3102 in
2941 3044 3189 3103 orientali
3211 3052 3366 3115 parte
3392 3043 3560 3113 ipsius
3582 3039 3761 3096 eccle-

2180 3141 2274 3198 siae
2299 3140 2429 3197 fecit
2452 3151 2507 3196 et
2541 3140 2777 3197 sacravit
2801 3140 2971 3195 altare
2997 3140 3050 3194 in
3071 3139 3276 3194 honore
3299 3144 3497 3193 sancta:
3528 3132 3758 3191 Schola-

491 3218 745 3274 decentcr
771 3198 1056 3276 collocavit
1090 3198 1144 3276 et
1166 3218 1489 3277 mirabiliter
1526 3198 1848 3291 composuit.
1894 3220 2070 3274 Aliam
2100 3198 2148 3262 (ἶ
2179 3231 2329 3286 sum;
2345 3241 2400 3285 ει
2428 3240 2628 3287 sancta;
2655 3231 2878 3303 Agnetis
2901 3246 2966 3286 ac
2986 3240 3188 3286 sanctae
3216 3228 3415 3293 μυρίαι,
3441 3235 3606 3296 atque
3630 3240 3761 3280 san-

487 3316 703 3381 quoque
744 3318 957 3381 partem
981 3312 1308 3383 praescripta:
1337 3311 1526 3367 matris
1545 3318 1602 3367 et
1627 3310 1860 3367 civitatis
1903 3310 2073 3367 eccle-

493 3400 609 3468 siae,
651 3403 803 3474 cujus
858 3388 1282 3460 consecrationis
1319 3404 1436 3459 dies
1474 3404 1691 3475 penitus
1730 3404 1798 3459 ab
1822 3403 2073 3460 omnibus

490 3492 863 3561 ignorabatur,
922 3495 976 3548 in
1004 3494 1260 3565 praedicto
1295 3494 1505 3550 Domini
1561 3492 1856 3550 Salvatoris
1902 3494 2071 3550 nostri

489 3580 617 3640 Jesu
645 3580 846 3641 Christi
891 3586 1106 3641 nomine
1143 3593 1199 3641 et
1228 3586 1427 3641 sanctae
1448 3582 1541 3641 Dei
1567 3585 1843 3658 genitricis
1867 3582 2071 3653 Mariae,

491 3684 913 3748 sanctorumth
939 3682 1234 3750 martyrum
1264 3676 1510 3734 Gervasii
1545 3682 1601 3732 et
1627 3674 1878 3744 Protasii,
1911 3686 2075 3748 atque

488 3774 665 3831 sancti
693 3768 973 3845 Swphani,
1008 3768 1380 3829 reconciliavit
1406 3781 1569 3844 atque
1591 3770 1905 3828 solemniter
1931 3769 2077 3827 dedi-

490 3865 652 3920 cavit.
704 3858 761 3920 ln
812 3862 1035 3937 praefata
1081 3880 1314 3937 namque
1357 3862 1586 3922 ecclesia
1623 3866 1822 3922 seniori
1882 3863 2074 3919 altaria

488 3957 791 4012 constrintit
814 3962 916 4011 eta
939 3960 1078 4013 nov’o
1101 3955 1367 4027 fundavit,
1394 3966 1555 4027 atque
1577 3958 1628 4013 in
1657 3957 1959 4029 supradicta
1990 3954 2076 4013 die

489 4047 722 4102 sacravit
743 4062 968 4105 numero
998 4049 1182 4105 decem
1210 4067 1224 4104 :
1251 4058 1307 4107 et
1334 4050 1550 4106 nomina
1591 4065 1754 4121 super
1780 4066 1843 4105 ea
1885 4063 2075 4105 eorum

489 4148 819 4206 sanctorum,
849 4141 902 4196 in
931 4157 1163 4213 quorum
1188 4144 1465 4199 memoriis
1488 4158 1553 4198 ea
1583 4143 1939 4209 consecravit,
1982 4136 2075 4198 de-

492 4247 653 4303 super
682 4234 953 4290 ascribere
971 4233 1166 4304 jussit;
1200 4251 1320 4306 quae
1346 4242 1401 4291 et
1423 4234 1600 4289 adhuc
1636 4249 1735 4305 per
1760 4233 1971 4305 singula
1998 4232 2075 4289 al-

490 4324 629 4378 taria
652 4324 855 4380 inserta
883 4320 1196 4397 singillatim
1219 4332 1275 4381 et
1305 4322 1557 4381 distincte
1598 4339 1661 4379 ac
1681 4322 1966 4395 diligenter
1990 4324 2076 4378 in-

494 4418 884 4488 vestigantibus
906 4417 1133 4489 reperiri
1167 4416 1426 4473 hodierna
1451 4415 1537 4471 die
1560 4423 1782 4485 queunt.
1812 4412 2079 4470 Deambu-

492 4509 677 4564 latoria
741 4509 1007 4581 siquidem
1074 4525 1289 4566 sursum
1352 4524 1448 4580 per
1496 4512 1670 4563 totum
1737 4506 1790 4562 in
1845 4505 2074 4563 circuitu

492 4601 661 4671 ipsius
712 4598 952 4656 ecclesiae
984 4596 1130 4667 fecit,
1192 4599 1248 4655 in
1285 4600 1481 4670 quibus
1512 4605 1568 4654 et
1608 4597 1797 4654 altaria
1839 4600 2076 4670 quinque

493 4692 745 4748 nobiliter
764 4692 1069 4748 construxit
1097 4700 1257 4763 atque
1279 4692 1535 4749 sacravit.
1581 4688 1826 4747 Primum
1852 4692 1995 4748 enim
2022 4692 2078 4748 iu

494 4785 715 4841 dextera
738 4782 857 4838 etin
880 4781 1128 4839 orientali
1154 4786 1305 4853 parte
1326 4782 1497 4838 altare
1523 4782 1576 4837 in
1604 4778 1875 4855 praedictis
1898 4783 2080 4839 deam-

495 4874 781 4933 bulatoriis
809 4874 1042 4945 positum
1071 4873 1307 4929 sacravit
1357 4874 1410 4929 in
1430 4874 1639 4930 honore
1665 4875 1838 4931 sancti
1864 4872 2081 4929 Martini

497 4974 555 5025 et
584 4966 758 5024 sancti
787 4964 997 5032 Hilarii,
1020 4982 1083 5022 ac
1109 4966 1281 5022 sancti
1308 4964 1561 5023 Germani
1599 4968 1879 5038 sanctique
1913 4966 2083 5023 Veda-

497 5058 602 5123 sti,
625 5056 738 5112 sive
767 5056 940 5112 sancti
972 5056 1221 5112 Domnoli
1250 5064 1411 5129 atque
1442 5058 1614 5114 sancti
1639 5056 1854 5114 Cariieii
1871 5066 1927 5115 et
1952 5073 2078 5114 san-

498 5148 568 5202 cti
594 5147 869 5220 Rigomeri
901 5144 1272 5204 Confessorum
1290 5144 1510 5216 Christi,
1547 5154 1601 5205 et
1634 5149 1861 5221 pignora
1882 5146 2078 5219 praedi-

500 5244 708 5294 ctorum
738 5242 1050 5295 sanctorum
1094 5237 1151 5293 in
1176 5248 1242 5295 eo‘
1261 5240 1494 5311 propriis
1528 5241 1778 5295 manibus
1824 5239 2078 5295 decenter

500 5336 555 5385 et
584 5326 954 5387 ecciesiastico
990 5344 1142 5387 more
1187 5322 1488 5388 collocavit.
1540 5331 1699 5386 Aliud
1728 5345 1858 5386 vero
1908 5324 2078 5386 altare

502 5420 557 5476 in
598 5421 904 5492 supradicta
950 5423 1170 5479 dextera
1200 5431 1355 5495 parte
1398 5430 1455 5478 et
1476 5424 1529 5478 in
1552 5422 1741 5478 eodem
1770 5420 2079 5476 deambula-

503 5513 647 5569 tbrio
692 5506 743 5569 in
770 5515 948 5572 medio
991 5517 1228 5587 positum
1269 5518 1542 5570 sacratum
1570 5514 1625 5568 in
1671 5514 1875 5569 honore
1905 5515 2079 5571 sancti

501 5601 644 5660 Petri
670 5610 725 5661 ct
747 5607 916 5662 sancti
942 5600 1167 5663 Joannis
1194 5602 1421 5677 apostoli
1460 5610 1515 5659 et
1542 5604 1884 5676 evangelistae
1916 5612 2079 5678 atque

503 5697 673 5753 sancti
712 5697 960 5763 Andrete,
1000 5710 1207 5753 necnon
1235 5700 1290 5752 et
1313 5696 1553 5751 omnium
1593 5694 1981 5766 apostolorum,
2024 5706 2078 5754 et

505 5791 760 5861 reliquias
783 5808 966 5847 eorum
993 5791 1044 5845 in
1079 5792 1193 5861 ipso
1212 5790 1493 5846 collocavit
1522 5790 1696 5845 altari.
1748 5789 1804 5845 ln
1828 5790 2078 5847 occiden~

2104 4558 2157 4621 Ι)

2175 3332 2277 3379 cla:
2308 3322 2650 3389 Lodesindae,
2683 3325 2797 3379 sive
2816 3332 3017 3379 sancta:
3043 3320 3209 3387 Afrae,
3251 3330 3555 3392 sanctaque
3585 3316 3762 3374 Gere-

2177 3413 2353 3469 trudis
2379 3418 2436 3470 et
2465 3422 2665 3470 sancta:
2691 3412 3038 3484 Aldcgundis,
3060 3413 3326 3483 virginum
3348 3410 3576 3477 Christi,
3620 3419 3676 3466 et
3704 3410 3763 3464 in

2176 3521 2243 3561 eo
2268 3520 2455 3573 earum
2489 3502 2744 3573 reliquias
2788 3503 3020 3574 propriis
3046 3503 3301 3557 decenter
3327 3499 3612 3556 collocavit
3648 3515 3762 3555 ma-

2177 3596 2353 3653 nibus.
2411 3596 2573 3650 Extra
2600 3596 2823 3650 chorum
2851 3604 3032 3649 autem
3069 3592 3122 3647 in
3149 3593 3370 3648 sinistra
3409 3601 3566 3663 parte
3590 3592 3764 3662 ipsius

2176 3682 2418 3743 ecclesiae
2446 3684 2573 3741 fecit
2596 3693 2653 3740 et
2678 3685 3018 3741 consecravit
3051 3683 3219 3740 altare
3245 3683 3300 3739 in
3330 3685 3535 3739 honore
3557 3692 3765 3739 sancta

2174 3779 2398 3852 Agathae
2417 3788 2474 3834 et
2506 3787 2707 3834 sanctae
2728 3777 3024 3834 Felicitatis
3050 3793 3115 3834 ac
3143 3787 3345 3833 sanctae
3377 3775 3591 3833 Sabinas
3636 3791 3765 3830 sau-

2178 3878 2385 3939 ctaeque
2399 3867 2710 3939 Euphemia:
2725 3868 2839 3923 sive
2855 3877 3058 3923 sanctae
3078 3867 3357 3940 Perpetuaa
3379 3876 3540 3939 atque
3558 3873 3763 3922 sancte

2175 3960 2427 4032 Brigidae,
2454 3974 2659 4015 necnon
2682 3967 2737 4014 et
2759 3969 2960 4015 sanctae
2981 3954 3287 4027 Genovefae,
3313 3960 3579 4031 virginum
3604 3957 3766 4012 Chri-

2178 4054 2268 4120 sti,
2306 4064 2360 4108 et
2380 4068 2568 4109 earum
2593 4054 2646 4108 in
2679 4068 2744 4108 eo
2768 4053 3025 4110 decenter
3058 4053 3295 4124 propriis
3322 4052 3567 4107 manibus
3595 4050 3764 4105 collo-

2177 4146 2322 4202 cavit
2357 4144 2632 4217 reliquias.
2692 4143 2749 4198 ln
2780 4144 2955 4199 media
2979 4158 3194 4215 quoque
3234 4142 3473 4217 Ecclesia
3509 4140 3639 4197 fecit
3678 4139 3762 4194 ai-

2177 4246 2296 4294 tare
2352 4237 2408 4292 in
2447 4252 2556 4309 quo
2584 4244 2638 4293 et
2684 4236 2997 4292 cruciﬁxum
3028 4234 3239 4289 Domini
3268 4233 3435 4289 nostri
3454 4232 3578 4287 Jesu
3605 4230 3765 4287 Chri-

2179 4327 2250 4382 sti
2290 4343 2423 4383 auro
2449 4338 2497 4382 et
2538 4335 2763 4399 argento
2791 4324 3110 4381 mirabiliter
3136 4320 3455 4379 fabricatum
3484 4321 3678 4387 erexit,
3707 4328 3763 4375 et

2178 4417 2353 4489 ipsum
2406 4417 2575 4473 altare
2625 4419 2677 4472 in
2703 4416 2875 4472 media
2921 4415 3146 4472 ecclesia
3176 4413 3406 4485 positum
3464 4412 3517 4466 in
3556 4412 3764 4467 honore

2182 4510 2535 4568 sanctissimae
2564 4506 2844 4564 Trinitatis
2888 4510 2939 4562 in
2965 4520 3031 4563 eo
3068 4510 3324 4564 decenter
3366 4504 3601 4578 propriis
3653 4496 3764 4559 col-

2178 4603 2380 4659 locavit
2407 4601 2673 4657 manibus.
2734 4596 3054 4654 Antedictus
3090 4598 3256 4669 igitur
3299 4596 3546 4652 Aldricus
3592 4592 3765 4650 Ceno-

2184 4696 2414 4751 manica:
2445 4690 2680 4764 praefatae
2709 4689 2859 4744 urbis
2885 4690 3169 4759 cpiscopus
3207 4702 3350 4743 anno
3374 4685 3764 4742 incarnationis

2185 4780 2399 4842 Domini
2422 4782 2591 4837 nostri
2625 4778 2751 4835 Jesu
2776 4778 2974 4834 Christi
3007 4778 3453 4851 octingentesimo
3487 4778 3765 4849 trigesimo

2187 4883 2243 4930 et
2261 4872 2470 4942 quinto,
2508 4876 2563 4924 ct
2589 4883 2730 4923 anno
2766 4868 2972 4940 imperii
2997 4868 3223 4939 piissimi
3252 4864 3507 4923 Ludovici
3532 4866 3766 4937 impera-

2184 4964 2318 5021 toris
2348 4962 2605 5033 vigesimo
2634 4968 2694 5016 et
2712 4960 2891 5025 tertio,
2932 4975 3073 5016 anno
3098 4959 3365 5031 siquidem
3409 4956 3765 5014 ordinationis

2180 5074 2293 5115 suae
2314 5056 2496 5121 tertio,
2525 5053 2817 5110 indictione
2842 5048 3305 5125 quatuordecima,
3328 5052 3617 5107 undecimo
3632 5065 3765 5105 vero

2182 5142 2543 5217 Calendarum
2563 5142 2826 5200 Juliarum
2853 5138 2941 5201 die
2969 5144 3283 5202 solemniter
3313 5142 3651 5199 consecravit
3674 5157 3766 5197 oc-

2181 5236 2502 5296 cidentalem
2525 5242 2736 5310 partem
2779 5232 3079 5310 saepedicta:
3104 5237 3293 5292 matris
3318 5242 3372 5292 et
3393 5233 3766 5290 Cenomanicae

2183 5326 2420 5386 civitatis
2459 5328 2688 5386 senioris
2723 5329 2986 5397 ecclesiae,
3038 5343 3200 5400 quam
3223 5334 3485 5383 etanovo
3524 5322 3768 5381 fundavit

2184 5428 2242 5477 et
2278 5418 2604 5477 mirabiliter
2647 5422 2886 5487 ornavit,
2933 5419 3000 5476 ad
3042 5416 3293 5475 effectum
3333 5433 3548 5489 quoque
3594 5432 3765 5486 usque

2182 5508 2435 5587 perduxit
2458 5513 2544 5569 :in
2564 5529 2668 5584 qua
2687 5522 2742 5570 et
2761 5512 2931 5569 altare
2953 5511 3081 5568 fecit
3104 5512 3158 5567 in
3178 5510 3382 5567 honore
3408 5508 3579 5566 sancti
3603 5504 3767 5564 Joan-

2181 5606 2268 5664 nis
2290 5600 2565 5678 Baptistae,
2605 5606 2748 5678 quod
2777 5614 2832 5661 et
2872 5607 3092 5679 insuper
3120 5604 3264 5661 dicto
3297 5604 3654 5662 Calendarum
3679 5604 3766 5660 die

2146 5720 2149 5723 λ
2181 5704 2238 5759 in
2264 5702 2470 5759 honore
2505 5701 2682 5758 sancti
2710 5699 2931 5757 Joannis
2962 5696 3214 5770 Baptista:
3237 5696 3547 5756 solemniter
3576 5713 3767 5753 corusco

2182 5793 2375 5862 oravit,
2424 5802 2478 5850 et
2507 5792 2745 5865 praedicti
2778 5792 2948 5848 sancti
2974 5786 3194 5849 Joannis
3224 5791 3477 5861 Baptistae
3498 5790 3611 5847 sive
3634 5787 3761 5844 alio-
