4044 6326
501 385 570 441 59
1531 387 1804 444 ALDRICI
1837 386 2365 444 CENOMANENSIS
2404 385 2708 441 EPISCOPI
2807 387 2814 392 ’
3693 389 3758 444 40

500 505 557 554 et
582 499 902 570 reparandis
939 499 1164 565 visibus,
1202 499 1316 555 sive
1345 499 1400 554 in
1424 499 1645 570 reliquis
1680 500 1773 554 Dei
1798 498 2077 555 beneﬁciis
2103 503 2155 563 Α
2179 505 2234 552 et
2257 498 2325 554 ad
2350 512 2485 566 opus
2517 496 2746 551 fratrum
2771 495 2846 576 ibi
2877 495 3182 566 degentium
3207 510 3330 550 cum
3353 511 3621 554 consensu
3644 515 3767 556 suo-

499 598 720 660 quanta,
762 599 820 645 ut
840 606 984 659 reor,
1019 591 1125 647 duo
1166 591 1250 645 vel
1289 601 1398 648 tres
1431 591 1814 662 quaterniones
1851 590 2076 645 minime

497 696 693 751 capere
715 680 975 737 valerent.
1018 681 1127 737 A‘lii
1157 691 1338 738 autem
1373 683 1570 738 inﬁrmi
1599 691 1707 736 tam
1741 681 1808 737 de
1837 681 2078 737 febribus

501 788 665 843 quam
693 772 758 827 de
779 772 900 829 aliis
929 773 1336 830 inﬁrmitatibus
1374 775 1430 829 in
1460 772 1827 844 suprascripta
1851 772 2079 828 ecclesia

501 863 969 921 innumerabiliter
1001 865 1177 932 multi,
1224 865 1450 920 Domino
1489 864 1769 936 largiente,
1823 871 1948 918 sunt
1993 879 2078 918 sa-

501 957 640 1024 nati,
689 968 850 1028 atque
871 958 1159 1030 pristinam
1199 958 1485 1013 sanitatem
1511 957 1757 1026 recipere
1785 963 1840 1012 et
1859 955 2077 1025 plenam

503 1060 820 1108 meruerunt
849 1051 1076 1123 adipisci
1101 1051 1350 1107 salutem.

1248 1164 1330 1221 VI.

569 1254 886 1312 Antedictus
917 1255 1062 1311 enim
1114 1255 1344 1312 domnus
1374 1254 1644 1321 Aldricus,
1672 1254 1910 1326 praefata:
1933 1255 2084 1310 urbis

498 1348 802 1420 episcopus,
821 1349 1034 1418 quando
1046 1348 1100 1403 in
1123 1347 1382 1418 praedicto
1407 1347 1595 1418 quinto
1619 1347 1806 1424 iduum
1831 1346 1968 1401 Nov.
1996 1345 2083 1400 die

499 1455 531 1494 a
563 1440 907 1510 largitatione
935 1441 1118 1497 domni
1153 1441 1409 1497 Ludovici
1459 1441 1688 1511 piissimi
1718 1441 2078 1512 imperatoris,

498 1547 596 1601 per
647 1547 971 1588 consensum
1020 1544 1076 1589 et
1104 1535 1422 1590 electionem
1478 1535 1772 1592 multorum
1825 1535 2082 1590 nobilium
2127 1595 2131 1599 1

495 1622 758 1688 virorum,
787 1623 928 1678 sicut
949 1639 1110 1694 supra
1140 1625 1342 1680 dictum
1368 1633 1472 1691 est,
1505 1625 1716 1694 accepit
1733 1623 1848 1693 jam
1880 1625 2082 1679 dictum

495 1714 892 1784 episcopatum,
927 1717 1148 1786 quidam
1182 1716 1360 1772 aemuli
1395 1725 1598 1772 sanctae
1625 1717 1720 1771 Dei
1744 1715 1999 1771 Ecclesia:
2028 1725 2082 1770 et

497 1807 581 1860 sui
611 1807 997 1863 intimaverunt
1023 1815 1185 1878 atque
1211 1809 1439 1864 firmiter
1473 1808 1756 1888 protestati
1783 1815 1910 1862 sunt
1935 1823 2076 1877 pra:-

498 1894 608 1950 ﬁxo
639 1897 836 1954 domno
876 1898 1148 1955 Ludovico
1175 1899 1487 1970 imperatori
1513 1900 1657 1970 quod
1690 1899 1903 1955 abbatia
1934 1898 2077 1954 San-

496 1986 568 2040 cti
613 1985 884 2044 Vincentii
933 2006 1041 2045 non
1074 1999 1218 2046 esset
1265 1991 1330 2046 de
1363 1991 1486 2062 jure
1525 1991 1783 2046 antedicti
1817 1990 2076 2060 episcopi,

493 2076 589 2132 sed
633 2078 799 2135 ﬁscus
852 2081 1123 2152 smpedieti
1186 2081 1370 2136 domni
1422 2081 1681 2137 Ludovici
1738 2082 2079 2152 imperatoris

491 2181 614 2223 esse
641 2170 888 2226 debebat.
910 2173 1150 2228 Domnus
1177 2173 1336 2242 igiter
1361 2171 1664 2228 Ludovicus
1694 2173 1986 2242 imperator
2013 2173 2077 2227 ad

492 2258 595 2316 hoc
652 2261 1030 2333 inquirendum
1094 2273 1256 2335 atque
1312 2266 1578 2320 veraciter
1643 2265 2074 2336 investigandum

491 2365 620 2406 suos
645 2361 897 2408 strenuos
934 2362 990 2409 et
1013 2354 1197 2410 ﬁdeles
1221 2355 1371 2410 misit
1393 2357 1609 2421 missos,
1635 2356 1725 2424 qui
1757 2357 1859 2410 hoc
1898 2357 2075 2425 inqui-

493 2452 680 2498 rerent
705 2446 750 2500 si
784 2446 948 2502 ﬁscus
967 2461 1090 2503 esse
1119 2448 1367 2515 debebat,
1401 2464 1468 2503 an
1499 2450 1566 2503 de
1593 2449 1716 2520 jure
1736 2459 1792 2504 et
1826 2449 2074 2505 domina-

491 2534 638 2590 tione
675 2539 934 2594 antedicti
972 2541 1207 2611 episcopi
1239 2557 1359 2596 esse
1391 2543 1629 2597 deberet.
1665 2542 1916 2598 Aldricus
1947 2560 2074 2600 vero

489 2625 545 2680 in
574 2627 678 2683 boc
699 2629 856 2686 valde
885 2631 1201 2702 angebatur,
1231 2632 1679 2704 tristabaturque,
1709 2634 1854 2703 quod
1879 2633 2076 2689 talioe-

491 2719 710 2777 casione
758 2737 790 2776 a
821 2723 944 2793 jure
984 2732 1040 2779 et
1082 2725 1447 2781 dominatione
1493 2727 1768 2796 saepedicti
1817 2727 2071 2798 episcopii

484 2806 595 2875 jam
624 2810 768 2867 dicta
795 2814 1011 2869 abbatia
1043 2816 1217 2870 sancti
1238 2815 1506 2890 Vincentii
1535 2818 1745 2887 perdita
1775 2827 1829 2873 et
1859 2819 2073 2890 injuste

487 2899 666 2955 ablata
694 2901 866 2958 ﬁeret.
914 2902 1032 2959 Non
1060 2905 1205 2960 enim
1234 2907 1468 2962 habebat
1497 2907 1570 2962 ibi
1611 2909 1854 2978 cognitos
1901 2909 2074 2964 homi-

488 3006 605 3058 nes,
629 3008 731 3048 nec
753 2995 923 3063 ipsam
951 3011 1067 3051 rem
1102 2999 1490 3068 cognoscebat;
1523 3001 1619 3055 sed
1661 2999 1947 3056 Dominum
1975 3002 2073 3057 ob-

486 3083 613 3138 nixe
647 3085 1040 3156 deprecabatur
1079 3099 1136 3142 ut
1185 3105 1282 3144 sua
1329 3091 1654 3162 negligentia
1709 3093 1823 3163 ipsa
1853 3093 2069 3149 abbatia

488 3173 684 3284 Sancti.
707 3177 975 3284 VincenItii
1004 3179 1070 3235 de
1103 3179 1226 3284 jure
1253 3182 1525 3251 praedictae
1565 3183 1820 3284 Ecclesiae
1860 3185 2069 3255 perdita
2099 3221 2145 3284 C

483 3279 588 3319 nec
616 3265 850 3321 alienata
897 3267 1071 3323 ﬁeret.
1108 3271 1277 3338 Quem
1328 3285 1523 3343 nempe
1565 3273 1825 3330 Dominus
1859 3275 1914 3329 in
1963 3276 2067 3331 hoc

485 3353 779 3420 exaudivit,
812 3363 868 3410 et
894 3358 1090 3428 oppido
1136 3359 1284 3414 illum
1317 3360 1626 3417 consolatus
1649 3371 1770 3429 est;
1825 3370 1880 3418 et
1924 3363 2069 3433 ipsas

483 3458 572 3498 res
596 3443 1018 3502 adminiculante
1059 3448 1286 3505 Domino
1329 3451 1641 3508 evindicare
1664 3453 1884 3519 meruit,
1915 3462 1970 3508 et
2001 3455 2066 3510 ad

477 3532 569 3604 jus
597 3551 708 3590 suae
736 3539 878 3594 sedis
913 3541 1155 3597 ecclesia:
1170 3543 1295 3614 jure
1323 3545 1634 3601 ﬁrmissimo
1659 3546 1914 3614 retinere,
1943 3547 2069 3605 licet

483 3623 537 3678 in
578 3625 694 3696 ipso
721 3627 808 3684 die
836 3630 1090 3689 introitus
1119 3635 1222 3701 sui,
1254 3638 1468 3706 quando
1490 3637 1666 3708 primo
1690 3639 1745 3694 in
1776 3639 2068 3696 festivitate

483 3719 654 3772 sancti
685 3719 898 3778 Martini
926 3724 981 3779 in
1020 3727 1190 3796 ipsam
1233 3729 1506 3786 civitatem
1535 3730 1954 3787 Cenomanicam
1985 3742 2069 3788 est

481 3807 780 3881 ingressus,
817 3815 934 3886 ipsa
962 3817 1240 3889 inquisitio
1262 3822 1405 3879 facta
1435 3823 1648 3890 fuisset,
1695 3825 1784 3880 ubi
1816 3833 1872 3879 et
1901 3833 2067 3881 testes

480 3899 665 3956 habuit
694 3904 787 3974 qui
816 3908 882 3962 ad
894 3907 985 3976 jus
1006 3911 1092 3966 sui
1118 3912 1323 3981 prmﬁxi
1348 3913 1688 3985 episcopatus
1715 3915 1882 3984 ipsam
1905 3916 2070 3971 abba-

485 3989 613 4045 tiam
681 3995 1106 4055 testiﬁcaverunt
1161 4011 1322 4072 atque
1377 4006 1766 4062 conﬁrmantes
1815 4006 2067 4062 dixerunt

486 4082 629 4150 quod
673 4087 772 4142 sub
801 4089 1167 4149 dominatione
1208 4102 1264 4149 et
1305 4093 1431 4164 jure
1466 4095 1678 4166 praefati
1725 4097 2067 4168 episcopatus

477 4186 600 4230 esse
633 4175 873 4233 deberet.
900 4179 1244 4254 Privilegium
1274 4199 1404 4256 ergo
1441 4185 1587 4256 quod
1631 4185 1862 4242 domnus
1900 4187 2066 4243 Dom-

480 4265 638 4322 nolus
681 4269 748 4325 de
798 4271 1020 4341 praefata
1075 4275 1290 4331 abbatia
1343 4277 1471 4332 fecit
1519 4281 1734 4348 quando
1783 4281 2067 4350 praefatum

481 4358 925 4415 monasteriolum
964 4370 1020 4418 et
1061 4363 1174 4434 jam
1215 4365 1414 4422 dictam
1449 4367 1747 4424 Ecclesiam
1786 4371 1867 4432 {de
1901 4371 2066 4427 rebus

479 4465 591 4504 suae
612 4452 755 4507 sedis
780 4453 1031 4510 Ecclesia:
1060 4457 1268 4525 ditavit,
1307 4460 1425 4529 ipso
1457 4469 1700 4532 tempore
1729 4463 1950 4521 minime
1979 4466 2063 4520 in-

480 4537 668 4592 venire
699 4540 894 4608 quivit,
940 4547 1083 4612 quod
1117 4547 1166 4600 ei
1197 4556 1325 4603 tunc
1353 4548 1730 4606 absconditum
1784 4551 1916 4607 fuit:
1955 4554 2064 4608 Sed

478 4637 831 4700 posteaquam
865 4635 994 4690 illud
1041 4635 1154 4706 jam
1195 4639 1555 4694 evindicalum
1604 4650 1659 4698 et
1711 4659 1808 4713 per
1863 4660 2066 4714 praece-

478 4728 630 4791 ptum
683 4725 1060 4780 conﬁrmatum
1121 4731 1562 4786 monasteriolum
1613 4713 1830 4801 halmit‘,
1865 4713 2063 4806 ipsum

479 4813 821 4885 privilegium
870 4816 1099 4873 Domino
1146 4821 1568 4878 adminiculante
1599 4825 1842 4880 invenire
1867 4835 1924 4880 et
1953 4827 2066 4883 adi-

476 4903 614 4974 pisci
643 4907 862 4962 meruit.
890 4907 1096 4966 Idcirco
1117 4912 1170 4966 in
1197 4912 1301 4968 hoc
1323 4914 1582 4984 opusculo
1609 4917 1924 4987 praedictum
1951 4921 2064 4990 pri--

477 4995 731 5068 vilegium
781 4999 936 5056 nobis
966 5001 1205 5060 inserere
1252 5006 1481 5076 placuit;
1519 5016 1577 5062 ut
1615 5009 1681 5075 si,
1729 5012 1874 5080 quod
1903 5011 2064 5079 absit,

479 5084 676 5145 futuris
704 5091 1036 5162 temporibus
1059 5095 1128 5152 de
1155 5112 1298 5168 saepe
1327 5095 1442 5167 jam
1472 5100 1614 5156 dicta
1639 5099 1854 5158 abbatia
1882 5103 2064 5174 aliqua

478 5181 707 5248 quzestio
733 5189 852 5240 orta
879 5183 1062 5253 fuerit,
1107 5197 1163 5243 et
1190 5189 1475 5259 praefatum
1514 5191 1855 5262 privilegium
1885 5193 2064 5264 aliqua

479 5271 878 5331 machinatione
933 5286 1026 5332 aut
1080 5280 1221 5336 malo
1264 5281 1482 5352 ingenio
1529 5282 1728 5352 aliquis
1781 5284 2060 5340 occultare

477 5362 658 5428 vellet,
699 5366 752 5421 in
782 5369 886 5426 hoc
937 5371 1195 5441 opusculo
1244 5374 1520 5445 exemplar
1543 5374 1662 5445 ejus
1707 5376 2062 5444 inveniretur,

478 5472 600 5513 cum
630 5475 738 5530 quo
788 5473 843 5519 et
881 5465 1132 5522 solatium
1191 5467 1376 5524 ﬁdeles
1417 5468 1658 5539 ejusdem
1714 5477 1914 5526 sanetae
1969 5470 2064 5525 Dei

479 5548 720 5608 ecclesia}
760 5553 1039 5624 haberent,
1067 5557 1300 5630 qualiter
1321 5557 1436 5630 ipsa
1467 5559 1686 5616 abbatia
1718 5577 1995 5632 nunquam
2031 5575 2062 5616 a

473 5638 596 5710 jure
627 5652 684 5699 et
710 5645 1076 5708 dominatione
1101 5651 1341 5724 praefata:
1383 5652 1629 5709 ecclesiae
1648 5653 1858 5725 perdita
1885 5653 2055 5707 ﬁeret.

481 5732 742 5793 Similiter
785 5747 840 5795 et
871 5741 1215 5815 privilegium
1265 5745 1410 5816 quod
1449 5741 1564 5814 jam
1613 5744 1789 5801 dictus
1835 5743 2064 5799 domnus

481 5823 776 5888 Domnolus
795 5831 863 5889 de
893 5833 1133 5892 colonica
1164 5835 1233 5893 ad
1259 5837 1548 5895 ecclesiam
1577 5835 1763 5892 Sancti
1794 5833 2064 5891 Vincentii

2181 606 2302 646 rum
2367 588 2752 644 eanonicorum
2816 595 2978 656 atque
3031 586 3258 642 aliorum
3320 596 3428 642 tam
3481 589 3768 660 episeopo-

2182 698 2302 738 rum
2323 697 2484 753 quam
2511 689 2566 738 et
2594 680 2822 736 aliorum
2852 679 3114 736 nobilium
3147 679 3388 736 virorum
3409 679 3542 737 fecit
3567 682 3660 737 hic
3685 683 3771 738 in-

2181 786 2363 828 serere
2389 771 2610 843 placuit.

2923 861 3030 916 Vll.

2186 975 2473 1046 Exemplar
2495 976 2825 1046 privilegii“
2857 975 3158 1046 traditionis
3177 991 3335 1046 qnam
3365 975 3588 1030 domnus
3615 975 3776 1031 Dant-

2257 1033 2413 1100 nulus
2443 1033 2506 1100 de
2528 1045 2650 1100 villa
2675 1033 2915 1100 Tricione
2941 1056 2988 1099 et
3021 1047 3085 1100 de
3108 1033 3427 1110 Fraxinido,
3457 1048 3562 1101 sive
3589 1047 3773 1102 villula

2257 1117 2462 1170 nomine
2486 1116 2685 1181 Debuc,
2718 1127 2872 1186 atque
2897 1116 2961 1169 de
2989 1116 3108 1186 aliis
3146 1115 3342 1170 villulis
3373 1117 3476 1171 sive
3512 1117 3664 1171 rebus
3703 1135 3772 1172 ac

2259 1187 2535 1240 terriloriis
2585 1203 2696 1239 sua:
2736 1185 2873 1240 sedis
2929 1185 3160 1240 ecclesia?
3195 1188 3250 1240 in
3298 1186 3382 1241 die
3423 1187 3773 1242 dedicationis

2257 1257 2550 1328 swpedicta:
2568 1254 2748 1310 Sancti
2781 1253 3040 1311 Vincentii
3065 1256 3293 1312 ecclesia:
3322 1257 3392 1310 ad
3413 1258 3578 1328 ipsam
3609 1258 3773 1312 eccle-

2254 1327 2384 1380 siam
2413 1327 2554 1396 fecit.

2259 1417 2488 1474 Domino
2534 1417 2828 1474 venerabili
2882 1417 3137 1485 Ecclesiae
3191 1418 3567 1476 Cenomanicae
3623 1420 3772 1478 clero

2187 1509 2484 1566 Domnolus
2509 1511 2812 1580 episcopus.

2256 1600 2563 1673 Congruum
2588 1604 2744 1659 nobis
2767 1603 2867 1660 fuit
2888 1612 2950 1660 ut
2974 1615 3156 1661 votum
3177 1604 3534 1662 desiderabile
3555 1606 3613 1662 in
3640 1606 3770 1662 cha-

2189 1695 2366 1750 ritatis
2407 1706 2602 1752 vestrae
2631 1697 2879 1752 notitiam
2913 1713 3269 1769 poneremus;
3303 1698 3431 1769 quia
3457 1699 3505 1755 si
3541 1714 3773 1755 consen—

2187 1802 2280 1841 sus
2307 1793 2489 1842 vester
2516 1787 2840 1842 desiderium
2884 1789 3062 1845 cordis
3102 1789 3274 1844 nostri
3321 1788 3541 1845 decreta
3573 1791 3772 1846 adver-

2111 1861 2155 1918 B
2186 1879 2332 1944 terit,
2363 1881 2634 1936 credimus
2662 1881 2862 1937 nullius
2897 1883 3041 1937 nullo
3071 1898 3310 1953 unquam
3355 1891 3596 1954 tempore
3633 1900 3772 1940 con-

2185 1974 2463 2030 trarietate
2505 1990 2539 2029 a
2587 1975 2742 2030 nobis
2777 1975 2984 2045 pariter
3029 1977 3238 2031 ﬁrmata
3298 1991 3457 2046 posse
3513 1977 3771 2042 convelli,

2183 2078 2303 2117 cum
2333 2079 2432 2133 pro
2462 2063 2634 2118 salute
2654 2065 2854 2134 populi,
2887 2064 3352 2120 velutcustodiam
3396 2066 3655 2133 civitatis,
3677 2082 3771 2122 re-

2181 2151 2377 2223 liquias
2399 2153 2582 2209 domui
2611 2171 2675 2210 ac
2697 2155 3024 2211 venerabilis
3063 2157 3232 2211 sancti
3273 2155 3538 2212 Vincentii
3567 2168 3776 2229 marty-

2180 2246 2256 2301 ris
2304 2247 2671 2302 intercedente
2722 2248 3141 2318 praesumptione
3189 2249 3304 2302 ausi
3341 2248 3612 2305 fuerimus
3670 2251 3772 2305 de—

2179 2335 2346 2403 ferre,
2402 2353 2526 2392 cum
2590 2338 2685 2393 Dei
2739 2339 3006 2409 adjutorio
3051 2349 3106 2396 et
3163 2349 3375 2406 vestro,
3425 2341 3600 2396 eidem
3650 2341 3774 2398 loco

2180 2427 2461 2498 dignitatis
2486 2429 2760 2486 ereximus
2789 2429 2841 2483 in
2887 2430 3150 2497 culmine,
3198 2431 3274 2486 ita
3301 2433 3536 2502 petimus
3569 2441 3629 2488 ut
3673 2451 3774 2491 no-
3862 2470 3869 2477 -

2179 2530 2292 2576 stro
2314 2523 2523 2592 pariter
2547 2524 2750 2578 ditetur
2793 2531 2846 2578 et
2892 2540 3145 2594 munere;
3177 2536 3234 2582 et
3269 2527 3316 2583 si
3345 2544 3537 2584 sensus
3585 2538 3775 2586 vester

2177 2615 2232 2669 in
2259 2629 2357 2670 nos
2395 2614 2680 2671 contulerit
2712 2616 3037 2686 claritatem,
3073 2619 3214 2675 hanc
3249 2621 3557 2692 paginolam
3595 2621 3771 2678 dona-

2179 2705 2343 2762 tionis
2368 2717 2552 2762 vestro
2591 2723 2901 2778 quaesumus
2946 2717 3007 2763 ut
3051 2709 3298 2766 ﬁrmetur
3342 2711 3558 2768 robore.
3613 2713 3773 2769 Dono

2175 2811 2306 2868 ergo
2335 2798 2387 2852 in
2418 2797 2584 2868 ipsius
2612 2799 2794 2854 domui
2827 2799 3094 2856 Vineentii
3147 2802 3354 2858 honore
3395 2803 3768 2876 donatumque

2176 2907 2296 2947 esse
2338 2892 2584 2946 volumus
2628 2892 2755 2947 villa
2805 2895 3218 2963 eognominante
3269 2896 3540 2961 Tricione,
3597 2915 3767 2970 quam

2175 2981 2555 3038 Abundantius
2577 2983 2728 3039 visus
2764 2991 2848 3039 est
2884 2986 3154 3055 quondam
3197 2988 3455 3054 tenuisse,
3499 3004 3597 3060 per
3642 2989 3768 3045 loca

2175 3075 2454 3147 designata
2509 3077 2580 3133 ad
2641 3075 2987 3133 Confluentes
3031 3094 3200 3149 usque
3241 3079 3433 3136 Bucias
3473 3081 3659 3136 deﬂuit
3712 3083 3772 3137 in

2173 3163 2340 3221 Indua
2371 3183 2542 3238 usque
2572 3169 2803 3222 termino
2833 3167 3194 3236 Proliacense,
3229 3170 3588 3242 subjungente
3613 3174 3679 3228 ad
3707 3190 3772 3230 sc

2174 3257 2477 3328 adjacentia
2514 3258 2938 3327 Saturniaeinse,
2969 3261 3092 3318 inde
3125 3264 3306 3332 pervia
3357 3263 3770 3322 Saturniaeinse

2172 3351 2425 3421 pervenit
2454 3351 2523 3404 ad
2570 3361 2767 3406 vuacta
2798 3368 2968 3421 usque
3013 3357 3204 3421 campo
3251 3354 3462 3420 Daulfo,
3510 3357 3702 3412 deinde
3729 3373 3764 3412 a

2169 3446 2376 3501 hroialo
2400 3445 2662 3502 Censurio
2706 3463 2875 3516 usque
2926 3448 2994 3501 ad
3040 3447 3257 3502 domum
3304 3449 3486 3515 Mcrae,
3538 3453 3667 3508 inde
3697 3455 3771 3509 ad

2171 3550 2421 3605 campum
2469 3535 2852 3610 Locogiacinse
2905 3537 3149 3606 pervenit
3197 3543 3268 3592 ab
3321 3539 3436 3608 ipso
3489 3540 3767 3610 Tricione,

2169 3619 2290 3682 cum
2316 3629 2371 3683 id
2391 3629 2655 3700 quidquid
2680 3625 2989 3685 Mall'aricus
3015 3628 3283 3684 Diaconus
3311 3638 3498 3686 noster
3519 3641 3769 3704 tempore

2169 3719 2292 3773 vitro
2315 3735 2423 3774 sum
2452 3719 2852 3777 usufructnario
2882 3718 3155 3793 possidere
3177 3720 3408 3784 videtur,
3425 3715 3556 3778 eum
3581 3725 3751 3796 agris,

2167 3810 2356 3878 pratis,
2395 3810 2632 3879 pascuis,
2668 3811 2820 3868 silvis
2841 3854 2856 3880 ,
2883 3809 3037 3884 aquis
3069 3825 3398 3886 aquarumve
3420 3813 3760 3878 discursibus,

2169 3916 2290 3955 eum
2342 3900 2624 3973 mancipiis
2675 3904 2762 3960 his
2817 3907 3158 3974 nominibus,
3217 3907 3562 3964 Leudomado
3630 3925 3753 3963 cum

2168 4007 2336 4047 uxore
2359 3992 2701 4050 Leudomalla
2731 4007 2787 4051 et
2810 3996 3130 4054 infantulum
3154 3998 3435 4066 Litomeri,
3468 3999 3756 4065 Leudolfo,

2167 4084 2295 4138 item
2339 4083 2616 4151 Lendolfo,
2643 4084 3027 4152 Chariobandi,
3075 4087 3373 4157 Vinoﬁede,
3403 4099 3456 4145 et
3488 4089 3758 4162 Mogiane,

2168 4176 2316 4246 gregi
2357 4175 2556 4246 equino
2582 4191 2744 4247 quem
2765 4177 3051 4234 Allomeris
3080 4179 3221 4235 intra
3262 4180 3554 4236 terminum
3577 4180 3759 4250 ipsum

2169 4283 2520 4327 eommancns
2562 4271 2835 4328 custodire
2883 4273 3179 4328 videretur.
3235 4273 3487 4342 Idemque
3535 4279 3592 4325 et
3635 4270 3762 4325 villa

2167 4361 2490 4430 Fraxeneto,
2529 4381 2691 4434 quam
2714 4366 2867 4421 bona:
2894 4367 3170 4422 memoriae
3198 4367 3301 4438 Ap.
3335 4366 3625 4438 Presbyter
3667 4373 3754 4420 te:

2167 4452 2308 4515 nuit,
2340 4469 2462 4508 cum
2506 4453 2729 4510 broialis
2757 4454 3227 4523 Marcelliaccnsis,
3270 4472 3392 4512 cum
3425 4456 3621 4522 vineis,
3661 4455 3758 4511 sil-

2169 4544 2269 4609 vis,
2299 4546 2489 4614 pratis,
2519 4547 2756 4616 pascuis,
2805 4548 2958 4617 aquis
3005 4565 3376 4620 aquarumquc
3416 4550 3758 4618 decursibus,

2170 4653 2294 4691 cum
2319 4638 2518 4693 accolis
2546 4639 2732 4694 decem
2757 4641 3227 4717 commanentibus
3250 4641 3305 4696 in
3329 4657 3445 4698 rem
3472 4642 3756 4699 Ecclesire.

2171 4727 2489 4800 Quicunque
2510 4730 2796 4800 opportuni
2829 4729 2897 4784 ad
2929 4732 3144 4786 domum
3171 4733 3343 4802 ipsam
3375 4731 3594 4799 fuerint,
3619 4748 3760 4803 quos

2170 4834 2266 4887 per
2296 4819 2362 4874 ad
2407 4819 2766 4890 signationem
2797 4820 3097 4896 Leudorico
3133 4821 3416 4878 defensore
3452 4823 3762 4893 perceperit

2169 4911 2544 4980 possidendos,
2577 4929 2699 4967 cum
2749 4913 3032 4984 mancipiis
3077 4915 3164 4970 his
3193 4914 3504 4971 nominibus
3540 4913 3762 4968 Lanvo—

2173 5010 2316 5066 neto,
2347 5000 2577 5058 Frcdulo
2605 5020 2728 5058 eum
2776 5020 2945 5060 uxore
2982 5005 3189 5077 Taligia
3209 5046 3224 5070 ,
3274 5004 3506 5074 Sesull‘o,
3536 5004 3760 5060 Castino

2171 5109 2296 5148 cum
2345 5109 2514 5150 uxore
2551 5093 2895 5151 Leudomalla
2937 5105 2990 5150 et
3039 5095 3148 5150 ﬁlio
3183 5095 3590 5168 Leudoghisilo,
3637 5111 3761 5150 cum

2171 5183 2278 5238 ﬁlia
2304 5184 2690 5255 Childegunde,
2729 5185 2914 5255 Puppa
2967 5201 3090 5240 cum
3134 5185 3243 5240 ﬁlio
3275 5202 3372 5242 suo
3431 5184 3776 5262 Populonia,

2169 5292 2293 5333 cum
2319 5271 2706 5334 Leudomundo
2737 5289 2793 5333 et
2812 5278 3192 5334 Leudomanda
3239 5294 3362 5334 cum
3400 5278 3612 5334 libertis
3639 5295 3760 5334 om-

2170 5370 2330 5426 nibus
2362 5372 2605 5442 praedicti
2631 5371 2954 5443 presbyteri.
3001 5372 3124 5427 Pari
3157 5373 3317 5428 modo
3367 5379 3423 5426 et
3457 5371 3651 5427 locello
3696 5371 3762 5426 ad

2166 5464 2377 5532 Buccis,
2431 5483 2590 5538 quem
2653 5467 2718 5522 de
2773 5466 2985 5522 Eutelio
3039 5467 3364 5538 presbytero
3419 5465 3759 5536 accepimus,

2167 5573 2292 5614 cum
2328 5560 2599 5630 mancipia
2621 5559 2713 5630 qui
2738 5558 2939 5614 ibidem
2972 5558 3221 5614 excolere
3254 5558 3524 5625 videntur,
3546 5565 3763 5628 pratum

2167 5651 2309 5706 intra
2335 5649 2602 5705 vinarium
2626 5665 2788 5720 supra
2813 5649 2927 5719 ripa
2950 5649 3162 5704 Sarthre
3185 5665 3367 5706 secum
3391 5665 3550 5720 quem
3577 5647 3763 5703 Abun-

2166 5743 2384 5799 dantius
2439 5742 2524 5799 vel
2582 5751 2794 5796 actores
2848 5740 3105 5798 Ecclesiae
3157 5742 3257 5798 visi
3314 5753 3438 5798 sunt
3498 5741 3758 5806 tenuisse,

2167 5832 2516 5908 Chyldigisilo
2538 5848 2725 5903 puero,
2756 5847 2876 5887 cum
2902 5843 3148 5890 armento
3179 5848 3434 5904 pecorum
3459 5847 3618 5902 quem
3645 5832 3761 5902 ipse

4023 2219 4025 2320 4

4023 2489 4025 2554 τ

4023 2913 4025 3008 l

4023 3739 4025 3810 ἒ

4023 3823 4025 3850 l

4023 3875 4025 3894 Α

4023 3899 4025 3926 l

4023 3935 4025 3952 l

4023 3967 4025 3990 Ι

4024 3993 4025 4016 l

4024 4301 4025 4320 ι
