4044 6326
166 369 240 427 li
1729 359 1907 417 VITA.
3380 345 3448 439 ir}

166 478 456 539 custodire
481 477 720 544 videtur,
742 483 795 532 et
823 490 1015 545 campo
1051 475 1330 546 adjacente
1356 475 1424 531 ad
1468 455 1765 528 mcmorato
1792 477 1842 536 Α
1869 473 1961 543 qui
2013 489 2250 544 praesens
2282 455 2457 530 fuerit
2486 473 2771 529 ordinatus
2797 471 2862 527 de
2905 468 3027 526 loco
3054 467 3279 540 prazfato
3310 471 3453 523 coin-

167 581 338 646 prato
359 587 521 643 quem
555 576 742 626 mistro
769 585 930 641 Opere
962 569 1209 630 fecimus.
1237 567 1619 624 Sescismundo
1644 580 1764 619 cum
1869 567 2313 620 memorationem
2343 580 2522 621 meam
2550 565 2706 619 annis
2741 562 2968 636 singulis
2995 560 3290 630 adimplere
3331 575 3454 630 pro-

175 679 356 721 uxore
383 679 480 717 sua
511 662 760 718 Wiliare.
811 661 938 718 Haec
989 663 1169 717 omnia
1220 661 1438 731 quidem
1479 677 1576 730 per
1630 660 1770 714 hanc
1870 668 2042 714 curet.
2076 659 2199 714 Ideo
2227 660 2345 726 libi,
2374 659 2629 716 Niviarde
2675 660 2922 725 diacone,
2967 673 3031 712 ac
3059 655 3310 712 defensor
3355 672 3455 711 no-

171 755 436 828 paginam
489 752 830 818 donationis,
875 767 1037 822 quam
1088 749 1320 806 Aunulfo
1365 751 1590 818 diacono
1636 765 1774 819 prm-
1872 761 1998 808 strm
2037 753 2300 820 ecclesiae,
2342 753 2520 810 indico
2557 762 2717 824 atque
2750 751 2914 821 jubeo
2949 762 3008 806 ut
3036 753 3140 806 hoc
3169 760 3258 805 tua
3289 751 3454 804 tradi-

175 859 305 906 rato
333 848 667 902 unanimiter
700 846 1008 917 rogavimus
1045 845 1515 911 conscribendam,
1560 850 1774 898 constat
1876 845 2044 910 tione,
2079 845 2236 900 sicuti
2279 861 2421 899 nunc
2454 861 2485 898 a
2533 845 2673 900 dicta
2703 843 2934 899 ecclesia
2968 843 3294 914 possidetur,
3330 857 3455 895 cum

177 941 490 1012 delegasse,
522 947 828 1007 nuncupata
851 937 1074 994 basilica
1099 937 1315 1000 habeat,
1349 944 1553 1004 teneat,
1593 934 1771 1006 possi-

179 1033 332 1097 deat,
386 1031 695 1102 quicunque
742 1029 846 1084 loci
885 1029 1054 1100 ipsius
1095 1029 1408 1100 dignitatem
1449 1029 1772 1099 perceperit,

177 1124 313 1195 jure
341 1122 688 1178 haereditario
714 1123 1098 1192 perpetualiter
1133 1123 1345 1178 sibimet
1371 1121 1618 1178 vendicet
1646 1137 1772 1192 pos-

186 1215 497 1273 sidendum.
525 1213 582 1269 Si
611 1213 719 1268 ullo
741 1228 975 1283 unquam
1001 1222 1240 1285 tempore
1270 1222 1362 1268 aut
1403 1213 1644 1284 pontifex
1695 1213 1774 1268 ci-

181 1311 376 1367 vitatis
396 1317 487 1363 ant
526 1307 779 1377 quaelibet
809 1322 1040 1377 persona
1071 1323 1102 1361 a
1134 1307 1289 1362 nobis
1315 1308 1512 1362 donata
1535 1305 1620 1361 vel
1663 1314 1772 1361 tra-

185 1403 304 1456 dita
339 1403 404 1457 de
432 1402 797 1457 dominatione
844 1402 1082 1458 basilicae
1125 1403 1292 1472 ipsius
1342 1403 1656 1458 abstrahere
1685 1417 1778 1466 vo-

184 1491 371 1555 luerit,
430 1492 616 1547 induat
661 1491 1094 1546 maledictionem
1149 1507 1246 1562 pro
1290 1491 1689 1556 benedictione,
1722 1499 1778 1546 et

187 1584 407 1640 Domini
448 1584 621 1640 nostri
659 1583 786 1640 Jesu
817 1584 1018 1640 Christi
1062 1585 1146 1641 vel
1186 1585 1428 1640 omnium
1465 1595 1776 1640 sanctorum

185 1684 498 1745 martyrum
528 1676 770 1730 incurrat
798 1671 1078 1740 oilensam,
1107 1682 1161 1730 et
1177 1674 1428 1730 voluntas
1450 1682 1633 1729 nostra
1657 1690 1780 1744 per-

185 1766 388 1836 petim,
415 1766 714 1821 auxiliante
728 1765 976 1833 Domino,
1000 1766 1180 1836 capiat
1203 1758 1663 1832 ﬁrmitatem,An's
1681 1763 1778 1822 Ju-

187 1856 322 1914 liani
353 1859 488 1930 legis
518 1859 1052 1915 indetamentionem.

276 1953 474 2008 Actum
518 1953 842 2009 Cenomanis
865 1954 1103 2020 civitate,
1135 1970 1277 2010 anno
1307 1971 1360 2010 x1
1389 1963 1642 2027 regnante
1684 1956 1782 2012 do-

206 2043 348 2098 mini
388 2045 562 2098 nostri
606 2043 896 2114 Chilperici
925 2046 1064 2114 regis
1107 2045 1281 2115 pridie
1314 2044 1494 2100 Nonas
1542 2045 1783 2102 Martias.

202 2135 248 2207 -ι-
277 2134 575 2190 Domnolus
604 2145 858 2206 peccator
886 2137 1225 2206 subscripsit.
1263 2136 1569 2192 Germanus
1591 2153 1786 2209 pecca-

200 2236 312 2294 tor,
347 2237 574 2299 rogante
607 2227 752 2282 clero
780 2226 1122 2294 Cenomanis,
1164 2227 1500 2298 subscripsit.
1529 2229 1788 2284 Dinamus

193 2328 456 2389 peccator
474 2321 750 2375 consensit
776 2328 830 2375 et
856 2320 1194 2391 subscripsit.
1219 2321 1480 2377 Drauscio
1503 2323 1788 2393 presbyter

193 2409 540 2481 subscripsit.
563 2411 860 2482 lnjuriosus
886 2422 1141 2484 peccator
1169 2415 1507 2485 subscripsit.
1527 2414 1786 2472 Meterius

193 2504 487 2575 presbyter
539 2520 864 2562 consensum
907 2517 1150 2563 nostrum
1199 2511 1515 2581 subscripsi.
1559 2510 1788 2582 Populo-

195 2597 328 2652 nius
349 2597 631 2670 presbyter
657 2601 904 2656 consensi
932 2611 986 2656 et
1013 2602 1328 2672 subscripsi.
1356 2602 1608 2659 Alloveus
1636 2619 1789 2674 pres-

193 2687 361 2760 byter
400 2705 726 2746 consensum
761 2699 1004 2748 nostrum
1058 2694 1372 2764 subscripsi.
1407 2693 1617 2751 Setrius
1664 2711 1788 2767 pec-

196 2790 357 2836 cator
401 2782 650 2837 consensi
702 2789 756 2838 et
785 2782 1099 2856 subscripsi.
1149 2785 1464 2840 Leudoveus
1502 2785 1787 2856 presbyter

196 2874 518 2944 subscripsi.
571 2873 924 2932 Dannaredus
968 2876 1254 2948 presbyter
1307 2891 1633 2933 consensum
1689 2891 1787 2931 no-

197 2973 378 3022 strum
421 2966 739 3038 subscripsi.
777 2967 1122 3041 Frigimodus
1169 2971 1470 3042 presbyter,
1504 2969 1788 3027 Ursicinus

198 3055 463 3112 diaconus
482 3073 803 3114 consensum
837 3068 1082 3115 nostrum
1114 3061 1554 3131 subscripsimus.
1579 3060 1788 3116 Census

197 3153 466 3209 diaconus
496 3169 818 3210 consensum
865 3165 1112 3210 nostrum
1162 3155 1480 3225 subscripsi.
1523 3153 1786 3209 Romolus

199 3244 467 3300 diaconus
511 3245 762 3301 consensi
811 3252 867 3301 et
911 3245 1224 3316 subscripsi.
1267 3245 1487 3301 Daddus
1525 3245 1786 3302 diaconus

202 3351 532 3390 consensum
591 3343 834 3392 nostrum
899 3335 1217 3407 subscripsi.
1287 3335 1470 3392 Noxus
1527 3336 1788 3393 diaconus

203 3425 532 3497 subscripsi.
562 3425 940 3485 Seuvovechus
977 3428 1237 3485 diaconus
1276 3429 1524 3485 consensi
1566 3436 1623 3484 et
1653 3429 1784 3486 sub-

205 3519 419 3590 scripsi.

936 3614 1066 3670 VIII.

206 3725 343 3781 Item
372 3725 637 3796 exemplar
669 3727 808 3797 quod
837 3728 1080 3782 dominus
1111 3725 1399 3781 Domnolus
1429 3727 1493 3780 de
1532 3725 1660 3797 vilia
1679 3724 1789 3797 Ca-

278 3813 387 3850 non
415 3795 848 3866 per’consertsum
893 3799 1264 3852 canonicorum
1293 3813 1512 3853 suorum
1537 3796 1606 3850 ad
1627 3795 1792 3852 eccle-

279 3865 422 3921 siam
451 3865 634 3922 Sancti
672 3865 932 3922 Vincentii
954 3867 1094 3937 fecit.

281 3979 441 4035 Anno
487 3995 560 4036 xx
604 3981 756 4052 regni
797 3981 1010 4037 Domini
1051 3981 1223 4038 nostri
1268 3980 1560 4052 Chilperici
1597 3980 1796 4052 glorio-

212 4071 412 4128 sissimi
444 4072 606 4143 regis,
633 4071 808 4142 pridie
840 4070 1021 4128 Nonas
1051 4071 1405 4144 Septembris,
1430 4072 1790 4142 egoDomno-

212 4161 296 4217 lus
342 4161 397 4216 in
443 4158 647 4217 Christi
689 4162 909 4218 nomine
964 4163 1248 4233 episcopus
1294 4178 1416 4221 cum
1481 4147 1797 4218 evocassem

214 4251 415 4307 domno
453 4258 510 4305 et
550 4250 706 4306 fratri
755 4267 877 4307 meo
901 4251 1156 4308 Audoveo
1205 4253 1456 4324 episcopo
1495 4252 1797 4322 Andegavae

215 4344 454 4399 civitatis
473 4343 693 4400 visitare
723 4345 927 4400 sanctis
949 4344 1227 4401 liminibus
1269 4345 1481 4416 patroni
1509 4327 1799 4414 peculiaris

213 4437 320 4492 mei
354 4434 586 4492 Victorii
613 4437 849 4510 episcopi
893 4439 1001 4494 imo
1029 4447 1084 4494 et
1111 4439 1428 4494 solemniter
1462 4439 1629 4510 ipsius
1657 4439 1798 4496 cele-

214 4529 482 4597 brassem,
515 4546 637 4586 cum
684 4547 948 4586 consensu
993 4532 1235 4588 omnium
1273 4531 1504 4588 fratrum
1553 4547 1796 4600 meorum

213 4622 676 4693 presbyterorum,
697 4624 823 4694 quia
851 4633 976 4679 ante
996 4633 1204 4695 tempus
1221 4634 1596 4681 testamentum
1620 4641 1799 4681 meum

215 4713 428 4768 condidi
479 4722 535 4770 et
585 4715 640 4770 in
688 4716 859 4787 ipsam
901 4717 1231 4772 voluntatem
1263 4732 1440 4773 meam
1481 4719 1658 4774 adhuc
1693 4734 1800 4774 non

215 4804 511 4875 complevi,
556 4807 700 4876 quod
744 4822 923 4861 meum
957 4809 1325 4878 conscriptum
1348 4809 1562 4865 videtur
1583 4810 1705 4865 volo
1742 4809 1798 4865 in

215 4896 473 4951 omnibus
511 4907 879 4964 conservetur,
915 4909 968 4953 et
1007 4899 1122 4954 hzec
1161 4900 1410 4971 paginola
1446 4901 1666 4972 plenum
1707 4916 1798 4957 ca-

213 4989 328 5060 piat
362 4997 492 5059 opto
514 4991 701 5044 robur.
734 4991 885 5046 Dono
918 4993 1158 5048 basilica:
1187 5002 1496 5049 sanctorum
1525 4993 1794 5050 Vincentii

212 5091 270 5138 et
298 5081 601 5146 Laurentii,
631 5098 792 5152 quam
815 5098 936 5138 meo
965 5099 1129 5154 opere
1155 5085 1434 5139 construxi
1457 5093 1512 5140 et
1537 5085 1801 5140 aedificavi

211 5188 315 5246 pro
351 5173 654 5230 salvatione
689 5175 926 5230 civitatis
974 5189 1030 5230 et
1071 5177 1253 5247 populi
1302 5176 1559 5233 collocavi
1600 5178 1803 5233 coloni-

212 5279 335 5319 cam
366 5266 800 5336 cognominatam
829 5266 1110 5331 Cannono,
1137 5281 1260 5322 cum
1292 5268 1456 5338 agris,
1483 5269 1671 5338 pratis,
1708 5284 1802 5340 pa-

214 5356 384 5417 scuis,
411 5356 582 5422 silvis,
606 5358 781 5427 aquis,
813 5373 1143 5427 aquarumve
1182 5357 1525 5424 decursibus,
1559 5369 1612 5414 et
1644 5375 1798 5414 man-

214 5445 417 5517 cipiola
443 5448 547 5502 duo
575 5449 866 5505 Waldardo
907 5466 1028 5505 cum
1056 5465 1226 5506 uxore
1256 5465 1352 5506 sua
1385 5451 1472 5507 vel
1508 5451 1800 5510 infantibus

211 5554 405 5595 eorum
448 5541 542 5612 qui
589 5541 785 5596 ibidem
836 5558 982 5597 nunc
1023 5557 1369 5600 commanere
1418 5543 1685 5611 videntur,
1732 5545 1802 5600 ab

215 5632 485 5690 hodierno
512 5635 598 5689 die
633 5636 920 5706 praedictus
952 5637 1134 5692 Abhas
1165 5639 1426 5695 antedicti
1465 5639 1567 5695 loci
1597 5639 1663 5695 ad
1701 5641 1800 5696 sti-

213 5726 414 5797 pendia
443 5724 679 5780 fratrum
703 5738 1019 5799 nuncupata:
1045 5729 1286 5788 basilica:
1329 5732 1493 5788 faciat
1519 5747 1796 5800 revocare,

212 5827 275 5882 et
308 5831 496 5880 tamen
527 5830 652 5892 post
683 5821 886 5877 obitum
915 5839 1114 5891 meum,
1145 5826 1364 5900 quando
1391 5827 1534 5884 Deus
1555 5825 1798 5897 jusserit,

533 5913 810 5976 ΡΛτιιοι.
856 5914 1047 5980 CXV.

1874 936 2022 991 omni
2053 936 2323 991 soliditate
2350 937 2433 991 vel
2461 934 2760 1004 adjacentia
2794 934 3026 989 Suolevo
3070 931 3252 988 abbati
3288 933 3458 986 iacias

1876 1029 2202 1099 consignari.
2231 1029 2343 1084 lloc
2372 1045 2500 1084 vero
2535 1029 2881 1084 inserendum
2909 1028 3114 1100 rogavi,
3151 1027 3323 1098 utqui
3361 1043 3457 1083 vo-

1876 1120 2070 1176 luntati
2132 1135 2266 1174 meae
2311 1120 2502 1176 obvius
2546 1135 2666 1176 esse
2724 1119 2974 1185 voluerit,
3025 1119 3459 1176 maledictionem

1878 1215 2024 1269 illam
2050 1215 2293 1269 incurrat
2311 1229 2472 1286 quem
2508 1213 2776 1284 Propheta
2818 1214 3105 1286 in‘psalmo
3127 1213 3242 1269 CIX
3267 1215 3464 1270 decan~

1879 1306 2036 1372 tavit,
2077 1315 2132 1360 et
2165 1319 2405 1376 praesens
2442 1305 2640 1376 pagina
2676 1315 2890 1360 maneat
2935 1305 3268 1370 incenvulsa,
3297 1320 3460 1375 quam

1878 1409 1980 1463 pro
2009 1395 2088 1449 rei
2116 1394 2346 1449 veritate
2381 1409 2543 1448 manu
2572 1394 2790 1465 propria
2829 1394 3124 1464 subscripsi
3169 1404 3225 1448 et
3253 1395 3464 1450 domuis

1881 1495 1937 1540 et
1967 1484 2224 1539 fratribus
2254 1485 2388 1539 meis
2419 1485 2766 1540 muniendam
2798 1485 2980 1557 rcgavi
3013 1485 3305 1540 Domnolus
3332 1502 3461 1555 pec-

1883 1586 2034 1631 cator
2063 1576 2377 1647 subscripsi.
2429 1576 2720 1632 Audoveus
2759 1587 3014 1647 peccator
3038 1577 3332 1647 subscripsi
3371 1592 3464 1630 ro--

1883 1677 2043 1738 gante
2072 1669 2268 1724 domno
2308 1668 2570 1744 Domnolo
2598 1670 2872 1740 episcopo.
2900 1669 3233 1725 Theodulfus
3275 1685 3467 1741 pecca-

1884 1769 1972 1816 tor
1992 1760 2308 1832 subscripsi.
2357 1759 2628 1816 Aimulfus
2652 1761 2936 1832 presbyter
2975 1759 3292 1830 subscripsi.
3328 1760 3469 1816 Leu-

1808 1850 1858 1912 B
1884 1858 2103 1918 doricus
2134 1859 2420 1932 presbyter
2448 1858 2769 1930 subscripsi.
3457 1884 3470 1911 δ

1959 2063 2170 2119 Placuit
2193 2064 2358 2118 etiam
2386 2063 2442 2118 in
2466 2064 2572 2119 hoc
2611 2061 2868 2132 opuscolo
2909 2061 3189 2132 exemplar
3214 2062 3471 2132 pratcepti

1890 2156 2035 2226 quod
2053 2156 2168 2226 jam
2201 2155 2379 2211 dictus
2421 2153 2670 2211 Aldricus
2701 2171 2734 2210 a
2775 2154 2975 2210 domno
3017 2153 3290 2210 Ludovico
3343 2153 3476 2223 piis-

1891 2249 2030 2304 simo
2057 2249 2406 2319 imperatore,
2437 2249 2654 2319 quando
2700 2263 2788 2304 res
2813 2249 2885 2304 'de
2928 2263 3072 2319 saepe
3115 2247 3260 2302 dicta
3301 2247 3473 2302 sancti

1897 2339 2164 2396 Vincentii
2195 2342 2416 2397 abbatia
2451 2350 2508 2398 et
2536 2343 2707 2414 ipsam
2749 2341 3024 2398 abbatiam
3068 2339 3380 2411 adjudicare
3420 2348 3477 2395 et

1896 2432 2122 2503 adipisci
2151 2432 2371 2488 meruit.

1891 2541 2010 2598 Hoc
2027 2552 2343 2615 praeceptum
2356 2543 2376 2614 (
2386 2541 2517 2615 [’ide
2535 2541 2858 2615 Patralogia:
2878 2553 3016 2615 temo
3029 2542 3106 2615 CI
3115 2541 3183 2612 γ,
3197 2541 3298 2601 col.
3315 2541 3476 2609 1217,

2220 2613 2372 2669 inter
2386 2613 2639 2669 Ludovici
2671 2613 2773 2670 Pii
2789 2613 3140 2688 Diplomata).

2651 2725 2718 2782 X.

1897 2867 1900 2870 .
1963 2813 2230 2871 Similiter
2259 2817 2314 2872 in
2355 2816 2460 2872 hac
2501 2815 2722 2873 scedula
2767 2817 2852 2872 vel
2879 2817 2936 2871 in
2981 2818 3088 2872 hoc
3119 2816 3302 2874 libello
3331 2817 3476 2871 inse-

1891 2925 2012 2970 rere
2065 2910 2288 2986 placuit‘
2314 2911 2592 2980 exemplar
2635 2911 2892 2980 praecepti
2941 2910 3084 2980 quod
3133 2910 3478 2980 supradictus

1891 3001 2122 3057 domnus
2171 3001 2422 3058 Aldricus
2465 3002 2532 3058 de
2573 3000 2702 3056 villa
2732 3017 2852 3072 qua:
2895 3001 3141 3074 Brogilus
3185 3001 3269 3057 vel
3303 3001 3479 3056 Nova-

1891 3095 2022 3151 villa
2053 3095 2369 3151 nominatur
2411 3111 2535 3152 cum
2562 3096 2814 3151 omnibus
2872 3096 2939 3150 ad
2981 3111 3039 3152 se
3083 3095 3480 3166 pertinentibus

1814 3217 1863 3282 ο
1893 3198 2002 3244 tam
2024 3188 2222 3243 villulis
2244 3204 2407 3258 quam
2440 3188 2770 3260 manicipiis,
2816 3189 2931 3244 siVe
2964 3188 3185 3244 reiculis
3211 3196 3375 3259 atque
3403 3187 3481 3244 foo

1891 3281 2145 3346 restibus,
2188 3295 2399 3337 necnon
2427 3289 2482 3336 et
2508 3281 2764 3337 omnibus
2789 3282 2860 3337 ad
2898 3296 2993 3337 eas
3022 3280 3169 3350 juste
3198 3281 3481 3352 pertinen-

1893 3375 2038 3433 tibus
2063 3376 2312 3445 accipere
2339 3374 2575 3441 meruit;
2608 3384 2688 3442 ut,
2712 3375 2757 3430 si
2781 3389 3006 3431 necesse
3029 3373 3219 3440 fuerit,
3245 3374 3347 3429 hoc
3384 3389 3480 3428 ex—

1893 3469 2100 3539 emplar
2155 3467 2352 3522 futuris
2401 3476 2661 3538 appareat
2707 3467 2956 3524 ﬁdelibus
3006 3467 3336 3540 praescripta:
3383 3467 3484 3522 Ec-

1895 3560 2094 3629 clesiae,
2115 3559 2353 3630 qualiter
2373 3559 2626 3616 omnibus
2674 3569 2864 3616 notum
2893 3560 2964 3616 sit
2992 3559 3304 3630 supradicta
3350 3573 3480 3615 cau-

1892 3652 2055 3710 satio.

2171 3757 2174 3760 '
2273 3746 2436 3819 (Vide
2457 3749 2545 3804 ubi
2571 3765 2752 3822 supra,
2783 3749 2885 3806 col.
2922 3749 3102 3822 1218.)

2641 3841 2736 3897 XI.

1895 3935 1902 3942 ’
1966 3932 2191 4005 Insuper
2233 3934 2289 3990 in
2328 3936 2436 3992 hoc
2463 3935 2724 4006 opusculo
2759 3936 3062 3992 inscribere
3104 3935 3264 3990 libuit
3303 3949 3486 3991 exem-

1895 4023 2019 4095 plar
2044 4027 2302 4096 praecepti
2328 4027 2472 4097 quod
2505 4027 2825 4098 saepedictus
2848 4026 3098 4081 Aldricus
3135 4028 3200 4083 de
3235 4027 3392 4083 nonis
3431 4034 3487 4083 et

1899 4118 2123 4174 decimis
2162 4119 2249 4176 vel
2299 4119 2789 4175 restaurationibus
2843 4108 3198 4175 ecclesiarum
3255 4119 3368 4175 sive
3417 4120 3487 4174 de

1899 4209 2151 4266 censibus
2201 4218 2314 4266 tam
2370 4211 2825 4267 monasteriorum
2868 4225 3030 4280 quam
3073 4209 3386 4265 cellularum
3433 4218 3490 4266 et

1898 4302 2146 4358 villarum
2186 4319 2307 4374 quae
2347 4303 2632 4376 largitione
2667 4304 2814 4376 regia
2840 4303 3056 4360 vassalli
3085 4303 3336 4358 dominici
3367 4303 3486 4358 adi-

1899 4395 2056 4467 pisci,
2084 4395 2212 4452 licet
2250 4395 2448 4465 injuste
2491 4405 2547 4450 et
2584 4405 2775 4452 contra
2816 4394 3131 4450 canonicam
3187 4394 3488 4449 auctorita-

1900 4494 2034 4553 tem,
2065 4495 2400 4542 meruerunt.
2439 4485 2573 4541 Nam
2617 4486 2821 4542 oblatio
2851 4486 3090 4542 ﬁdelium
3120 4486 3189 4540 ab
3219 4485 3489 4556 episcopis

1826 4576 1880 4638 D
1904 4585 1961 4632 et
2003 4578 2268 4633 ministris
2297 4595 2483 4635 eorum
2519 4579 2815 4635 secundum
2843 4579 3163 4634 canonicam
3194 4578 3491 4635 institutio-

1908 4685 2034 4726 nem
2061 4669 2424 4741 dispensanda
2455 4680 2509 4726 et
2535 4673 2885 4743 gubernanda
2912 4679 3014 4736 est,
3047 4686 3154 4726 non
3183 4686 3213 4724 a
3242 4670 3399 4726 laicis
3437 4679 3494 4726 et

1905 4761 2254 4819 saecularibus
2289 4764 2630 4831 hominibus;
2661 4765 2915 4834 quoniam
2956 4763 3049 4835 qui
3078 4764 3182 4819 hoc
3216 4761 3394 4820 facere
3423 4777 3492 4818 ex

1908 4854 2260 4911 saecularibus
2280 4854 2364 4910 vel
2393 4855 2549 4910 laicis
2573 4856 2882 4912 hominibus
2897 4857 3359 4926 praasumpserint,
3391 4853 3493 4909 sub

1910 4946 2268 5001 anathematis
2316 4946 2536 5001 nomine
2591 4962 2621 5000 a
2681 4948 2884 5003 sanctis
2939 4947 3192 5003 Patribus
3249 4945 3492 5002 districte

1909 5035 2198 5091 feriuntur.
2225 5035 2334 5091 Illis
2374 5051 2588 5106 quoque
2626 5037 2730 5093 hoc
2766 5038 2921 5093 valde
2957 5039 3255 5094 cavendum
3285 5043 3390 5099 est,
3423 5049 3492 5088 ne

1908 5141 2010 5198 pro
2057 5127 2444 5196 temporalibus
2489 5129 2648 5200 hujus
2693 5130 2873 5184 saeculi
2928 5145 2959 5185 a
3009 5129 3216 5187 deliciis
3255 5127 3492 5182 caalestis

1907 5221 2056 5291 regni
2081 5229 2340 5291 perpetuo
2361 5222 2760 5294 alienati,quod
2780 5224 3106 5290 absit,fiant.

1893 5347 1896 5366 ς
1979 5311 2326 5385 (Praeceptum
2347 5315 2411 5370 de
2429 5332 2532 5386 quo
2553 5317 2729 5387 agitur
2749 5316 2862 5371 vide
2882 5315 2970 5370 ubi
2983 5329 3164 5385 supra,
3186 5310 3285 5367 col.
3309 5311 3490 5387 1219.)

2646 5449 2757 5506 XII.

1897 5547 1900 5554 '
1974 5539 2181 5596 Placuit
2225 5541 2390 5596 etiam
2430 5542 2482 5598 in
2519 5543 2622 5599 hoc
2659 5543 2860 5612 scripto
2887 5541 3131 5594 inserere
3159 5541 3492 5613 exemplaria

1902 5644 2296 5708 praeceptorum
2325 5651 2445 5707 quae
2473 5638 2728 5708 praefatus
2759 5635 2987 5689 domnus
3015 5632 3287 5702 Aldricus,
3321 5650 3493 5706 saepe-

1905 5730 2063 5785 dicta:
2083 5731 2234 5786 urbis
2254 5731 2558 5802 episcopus,
2589 5730 2654 5783 de
2676 5725 3058 5782 monasteriolo
3079 5726 3290 5783 Sancta:
3313 5726 3497 5783 Maria:

1907 5824 2048 5895 quod
2090 5833 2174 5879 est
2225 5825 2386 5880 situm
2438 5823 2577 5878 intra
2632 5835 2844 5879 murum
2892 5820 3125 5878 civitatis
3167 5829 3224 5874 et
3272 5815 3492 5876 ﬂuvium

2947 5915 2988 5976 2
