4044 6326
513 411 587 471 45
1537 394 1812 453 Αωιιιω
1848 386 2380 451 CENOMANENSIS
2416 383 2729 444 EPISCOPI
3731 376 3806 453 ις

518 527 734 587 Sarthre
792 522 1040 597 accepit,
1099 516 1244 591 quod
1306 516 1471 575 etiam
1523 515 1754 570 domnus
1797 508 2105 567 Ludovicus
2132 511 2186 574 Α
2211 507 2342 563 here
2371 511 2595 576 queant.
2624 498 2893 597 Nonnulla
2931 497 3135 597 etenim
3171 494 3576 597 alia.praecepta
3603 490 3808 595 praefa-

452 656 463 669 -
514 620 795 694 piissimus
840 617 1137 686 imperator
1172 620 1396 685 propter
1438 621 1675 664 amorem
1714 603 1813 660 Dei
1851 611 1908 659 et
1947 617 2105 658 reve-

517 713 751 770 rentiam
778 718 1089 766 sanctorum
1112 705 1227 762 sive
1254 713 1476 776 propter
1499 700 1845 756 dilectionem
1868 704 1924 752 et
1951 712 2106 751 amo-

518 818 638 860 rem
676 800 920 874 praedicti
949 796 1153 854 Aldrici
1185 793 1567 868 suprascripta:
1602 788 1751 844 urbis
1775 787 2009 861 episcopi
2041 784 2109 840 ad

521 906 754 953 matrem
794 902 847 949 et
882 889 1117 948 civitatis
1154 887 1420 944 seniorem
1464 881 1748 939 ecclesiam
1787 878 2111 950 potestative

522 995 576 1042 et
599 984 843 1056 lcgaliler
869 979 1110 1036 tradidit.
1136 976 1308 1046 Quam
1340 972 1645 1028 antedictns
1671 971 1900 1025 domnus
1926 966 2109 1022 Aldri-

523 1092 620 1132 cus
650 1076 705 1130 in
730 1074 937 1131 honore
964 1073 1175 1129 Domini
1211 1069 1382 1126 nostri
1413 1066 1711 1125 Salvatoris
1752 1062 1881 1121 Jesu
1908 1062 2121 1121 Christi

522 1176 579 1221 et
619 1164 859 1233 ejusdem
908 1163 1188 1236 genitricis
1232 1160 1414 1216 Maria:
1459 1159 1572 1216 sive
1613 1164 1927 1213 sanctorum
1962 1170 2110 1209 mar-

526 1265 709 1328 tyrum
752 1254 998 1310 Gervasii
1049 1261 1105 1308 et
1150 1251 1382 1309 Protasii
1424 1258 1586 1322 atque
1628 1246 1801 1305 sancti
1848 1243 2113 1317 Stephani

524 1347 826 1414 renovavit,
855 1344 1275 1415 solemniterque
1316 1341 1659 1399 consecravit
1708 1347 1873 1411 atque
1919 1351 2116 1393 recon-

523 1436 747 1504 ciliavit,
788 1435 1128 1508 congregatis
1166 1434 1378 1490 scilicet
1414 1431 1685 1506 episcopis
1725 1436 1890 1502 atque
1924 1442 2110 1484 sacer-

500 1517 743 1587 dotibus
802 1530 988 1586 multis
1042 1529 1312 1585 nobilibus
1364 1529 1480 1585 sive
1536 1525 1759 1599 reliquis
1804 1522 2009 1581 Christi
2061 1530 2119 1579 et

525 1633 725 1682 sanctae
765 1624 861 1679 Dei
893 1622 1148 1680 Ecclesiae
1182 1621 1469 1687 ministris,
1500 1634 1623 1675 cum
1667 1634 1937 1675 consensu
1966 1614 2117 1672 vide-

524 1714 653 1771 licet
681 1714 986 1773 absentium
1028 1712 1321 1769 multorum
1359 1720 1415 1767 et
1444 1708 1917 1770 innumerabilium
1956 1706 2117 1765 nobi-

526 1806 656 1864 lium
688 1807 1066 1878 episcoporum
1098 1802 1411 1874 praedictam
1453 1811 1686 1859 matrem
1731 1800 2021 1859 ecclesiam
2059 1799 2115 1854 in

526 1898 958 1969 supradictorum
1008 1895 1287 1952 memoriis
1327 1910 1655 1955 consecrare
1688 1893 2006 1956 solemniter
2049 1908 2115 1949 ac
2144 1872 2199 1940 Β

529 1990 924 2046 studiosissime
976 1989 1195 2044 meruit.
1239 1988 1424 2044 Primo
1462 1989 1728 2060 siquidem
1759 1989 1864 2044 hoc
1907 1987 2121 2060 accepit

526 2090 877 2154 praeceptum,
906 2080 1162 2152 quoniam
1200 2079 1425 2152 putabat
1465 2079 1611 2151 quod
1649 2079 1969 2151 praedictum
1997 2094 2117 2134 mo-

528 2173 879 2229 nasteriolum
930 2171 1149 2228 donatio
1189 2184 1375 2242 regum
1419 2179 1476 2228 et
1510 2170 1675 2227 ﬁscus
1709 2178 1859 2228 esset
1886 2170 2120 2241 impera—

531 2283 731 2328 torum.
772 2270 879 2327 Sed
918 2280 1204 2343 postquam
1241 2267 1448 2325 invenit
1488 2266 1813 2323 traditiones
1846 2274 1902 2322 et
1925 2278 2118 2336 preca-

530 2364 643 2422 rias
677 2364 793 2420 sive
826 2363 1110 2436 privilegia
1154 2368 1210 2419 et
1251 2367 1555 2418 strumenta
1582 2357 1879 2415 multarum
1904 2357 2123 2414 charta-

533 2474 656 2514 rum
705 2457 1058 2529 investigario
1103 2456 1220 2512 sive
1265 2454 1503 2511 armario
1544 2452 1815 2525 praedictae
1859 2451 2121 2519 ecclesiae,

533 2550 769 2623 qualiter
802 2549 1087 2623 praefatum
1131 2546 1577 2605 monasteriolum
1604 2542 1821 2603 Sanctus
1843 2545 2033 2601 Marias
2054 2544 2125 2599 ad

534 2645 643 2716 iam
671 2644 869 2700 dictam
899 2651 1131 2697 matrem
1173 2648 1230 2696 et
1266 2639 1501 2696 civitatis
1529 2639 1814 2695 ecclesiam
1836 2655 1869 2693 a
1898 2638 2011 2694 Deo
2033 2637 2126 2694 de-

537 2735 678 2791 votis
716 2744 774 2792 et
803 2734 991 2797 liberis
1028 2742 1193 2805 atque
1218 2731 1489 2788 nobilibus
1519 2732 1802 2804 utriusque
1832 2746 1998 2787 sexus
2025 2731 2127 2786 ho-

536 2825 777 2883 minibus
820 2826 1081 2881 traditum
1130 2824 1337 2889 fuerat,
1374 2824 1523 2879 aliud
1564 2822 1690 2880 inde
1738 2822 1949 2894 accepit
1992 2834 2129 2893 prae-

536 2928 789 2989 ceptum,
838 2919 999 2974 sicuti
1049 2917 1103 2973 in
1148 2928 1215 2973 eo
1261 2916 1572 2972 continetur
1606 2914 1891 2972 insertum».
1921 2913 2130 2969 [dcimo

536 3008 645 3066 hoc
675 3007 852 3065 facere
881 3008 1085 3064 studuit
1126 3015 1187 3063 ut
1220 3006 1288 3073 si,
1317 3005 1460 3078 quod
1490 3006 1655 3072 absit,
1684 3004 1884 3061 tuturis
1917 3013 2129 3077 tempo-

542 3100 695 3157 ribus
719 3100 897 3171 aliqua
927 3115 993 3155 ex
1027 3099 1131 3154 hoc
1160 3099 1408 3154 causatio
1430 3106 1552 3153 orta
1579 3095 1765 3164 fuerit,
1791 3105 1847 3152 et
1873 3095 2129 3169 praedicta

541 3197 814 3263 praecepta
857 3188 1038 3259 aliquo
1085 3188 1298 3260 ingenio
1344 3187 1524 3243 ablata
1549 3187 1637 3244 vel
1660 3188 1869 3259 perdita
1907 3186 2128 3252 meum,

2209 607 2301 655 tus
2326 598 2558 653 domnus
2578 593 2829 649 Aldricus
2849 590 2964 662 jam
2993 589 3151 646 dictae
3182 587 3334 644 urbis
3354 586 3639 658 episcopus
3662 583 3813 639 acci~

2209 705 2344 765 pere
2367 704 2467 761 pro
2502 685 2777 744 ﬁrmitatis
2813 697 2979 740 causa
3022 680 3247 747 studuit,
3276 690 3396 750 qua:
3430 677 3485 733 in
3517 676 3602 732 his
3642 674 3809 731 sche-

2213 783 2354 842 dulis
2382 789 2605 855 propter
2636 776 3009 850 prolixitatem
3036 772 3123 829 vel
3152 770 3428 827 fastidium
3466 765 3810 824 audientium

2210 877 2300 935 vel
2346 874 2665 947 legentium,
2702 870 2818 927 sive
2871 868 3093 925 taedium
3140 862 3516 928 scribentium,
3563 860 3815 918 inserere

2214 968 2441 1027 minime
2473 965 2650 1022 libuit.

2954 1046 3071 1107 XV.

2285 1171 2586 1228 Praedictus
2619 1181 2834 1240 quoque
2860 1163 3137 1229 Aldricus,
3166 1159 3471 1233 stepedictas
3502 1158 3655 1216 urbis
3692 1156 3818 1229 epi-

2216 1280 2431 1339 scopus,
2449 1262 2663 1333 collegit
2682 1258 2929 1332 quaedam
2946 1254 3179 1327 capitula
3198 1266 3471 1309 canonum
3487 1249 3644 1306 valde
3658 1248 3820 1307 utilia

2219 1367 2276 1416 et
2301 1353 2627 1419 necessaria,
2648 1366 2770 1423 qua:
2796 1365 2829 1406 a
2860 1349 2974 1406 suis
3003 1344 3485 1404 consacerdotibus
3518 1343 3821 1414 saepissime

2218 1449 2444 1522 legenda
2495 1446 2609 1504 sive
2656 1442 2937 1500 memoriae
2979 1437 3410 1498 commendanda
3458 1434 3672 1491 tribuit.
3732 1434 3822 1492 Ex

2217 1541 2418 1613 quibus
2441 1537 2590 1595 enim
2615 1535 2915 1594 canonibus
2939 1541 3102 1604 atque
3126 1530 3322 1587 edictis
3347 1528 3576 1585 Patrum
3591 1527 3822 1601 praefata

2221 1630 2459 1702 capitula
2501 1628 2736 1686 strictim
2764 1624 3021 1696 colligere
3064 1620 3299 1688 curavit,
3334 1620 3391 1677 in
3418 1634 3522 1676 suo
3547 1618 3820 1691 prooemio

2221 1721 2529 1779 continetur
2581 1718 2867 1774 insertum.
2916 1712 3102 1770 Primo
3145 1726 3279 1768 vero
3319 1708 3538 1782 collegit
3580 1708 3824 1781 capitula

2220 1813 2478 1873 nonnulla
2506 1828 2572 1868 ex
2603 1808 2887 1869 duodecim
2924 1804 3171 1863 conciliis
3198 1804 3313 1861 sive
3338 1818 3409 1858 ex
3438 1801 3672 1858 decretis
3703 1799 3823 1857 Ro-

2221 1923 2399 1966 mana:
2440 1903 2584 1962 sedis
2629 1902 3031 1974 episcoporum,
3075 1909 3306 1969 quorum
3352 1892 3723 1966 praefationem
3761 1892 3823 1949 in

2221 2002 2400 2087 prima
2444 1998 2625 2055 fronte
2670 1993 2917 2069 praedicti
2964 1991 3147 2065 operis
3188 1989 3572 2087 valdeutilem
3614 1989 3821 2062 posuit.

2223 2080 2453 2152 Demum
2480 2104 2694 2163 quoque
2724 2102 2847 2162 quas
2884 2092 3188 2158 sequuntur
3214 2098 3285 2140 ex
3322 2081 3447 2139 aliis
3478 2080 3696 2154 collegit
3723 2098 3826 2138 ca-

2224 2188 2459 2247 nonibus
2494 2177 2659 2257 atque
2687 2182 2851 2240 dictis
2881 2179 3107 2237 Patrum
3144 2178 3485 2234 diversarum
3512 2175 3829 2249 provincia-

2152 2330 2159 2335 .
2226 2297 2369 2347 rum,
2413 2286 2585 2349 atque
2621 2273 2881 2333 nonnulla
2921 2288 2990 2330 ex
3017 2272 3105 2329 his
3138 2285 3262 2328 cum
3307 2268 3429 2326 aliis
3464 2266 3833 2325 sanctissimis

2227 2381 2285 2430 et
2327 2368 2660 2428 doctissimis
2713 2364 2983 2438 episcopis
3020 2363 3077 2420 in
3117 2361 3340 2435 synodis
3378 2359 3585 2433 pariter
3622 2358 3828 2427 sanxit,

2229 2464 2344 2519 sive
2365 2476 2435 2518 ex
2457 2458 2711 2533 capitulis
2728 2454 3323 2514 Christianissimornm
3342 2452 3755 2524 imperatorum,
3770 2452 3835 2507 in

2229 2554 2452 2630 synodis
2495 2553 2876 2624 episcoporum
2902 2547 3139 2605 decretis
3187 2554 3299 2601 tam
3338 2552 3581 2617 tempore
3608 2541 3833 2616 Pippini

2231 2661 2395 2721 quam
2437 2652 2494 2702 et
2524 2640 2708 2700 Caroli
2745 2640 2862 2697 sive
2888 2636 3171 2704 Ludovici,
3219 2636 3361 2692 sicut
3400 2635 3457 2691 in
3494 2633 3835 2707 praefationi-

2231 2741 2335 2799 bus
2375 2736 2546 2810 ipsius
2586 2733 2753 2791 libelli
2786 2748 2817 2789 a
2848 2728 3136 2805 diligenter
3175 2727 3627 2802 investigantibus
3670 2725 3834 2783 inve-

2232 2831 2338 2888 niri
2381 2837 2581 2901 potest.
2635 2825 2969 2898 Saepedictus
3009 2836 3227 2895 quoque
3253 2819 3506 2877 Aldrieus
3541 2818 3840 2892 episcopus

2234 2922 2364 2980 fecit
2395 2920 2701 2993 tugurium,
2730 2916 2877 2989 quod
2903 2925 2959 2973 et
2987 2915 3256 2972 ciborium
3302 2912 3633 2978 nominatur,
3663 2926 3838 2983 super

2235 3014 2411 3071 altare
2452 3010 2678 3077 seniori,
2707 3007 2853 3081 quod
2882 3014 2965 3064 est
2993 3016 3291 3073 sacratum,
3320 3014 3380 3062 ut
3408 3003 3691 3078 prreﬁxum
3722 3013 3837 3072 est,

2237 3107 2294 3165 in
2332 3107 2538 3163 honore
2566 3088 2780 3160 Domini
2805 3097 3106 3156 Salvatoris
3140 3106 3197 3154 et
3235 3105 3437 3155 sancta:
3471 3095 3569 3155 Dei
3606 3094 3843 3167 genitri-

2238 3199 2317 3254 cis
2352 3196 2535 3252 Mariie
2578 3202 2745 3265 atque
2782 3198 3096 3247 sanctorum
3146 3196 3448 3262 martyrum
3482 3185 3729 3245 Gervasii
3776 3194 3845 3242 et

543 3232 814 3263 νσυνννινυ-
857 3232 1036 3259 *ων-ν
1085 3232 1298 3260 ητνιην
1344 3232 1524 3243 --υο--π-
1561 3232 1637 3244 νν-
1661 3232 1869 3259 ιννινιπ·
1907 3232 2128 3252 unum"
2238 3232 2317 3254 us
2352 3232 2535 3252 ιηαιιω
2578 3232 2745 3265 αιιιυυ
2782 3232 3096 3247 “unum...”
3146 3232 3448 3262 ...μην-η.
3487 3232 3729 3245 wn.--"
3779 3232 3841 3242 ν-

543 3283 877 3354 ειθιιιριεπίίί
919 3283 1200 3338 πηδοηιω
1247 3282 1303 3337 ill
1352 3282 1439 3337 his
1476 3281 1821 3353 relloriantur
1860 3232 2211 3337 Rhemde
2238 3288 2474 3347 Protasii
2519 3287 2635 3344 sive
2679 3284 2857 3342 sancti
2905 3282 3167 3355 Stephani
3215 3297 3427 3340 necnon
3468 3288 3525 3337 et
3570 3279 3731 3338 simul
3778 3278 3841 3337 in

543 3386 962 3451 praceptorum,
988 3386 1044 3432 et
1072 3377 1127 3431 in
1170 3377 1277 3432 hoc
1310 3375 1660 3431 inveniantur
1694 3375 1902 3430 inserta
1931 3374 2124 3440 libello,

2238 3380 2590 3439 veneratione
2630 3387 2688 3436 et
2725 3378 2933 3435 honore
2980 3375 3220 3433 omnium
3268 3382 3604 3431 sanctorum.
3651 3371 3844 3445 Ipsum

544 3479 817 3539 quatenus
845 3484 912 3524 ex
945 3468 1047 3523 hoc
1082 3476 1471 3537 procuratores
1506 3466 1622 3537 jam
1663 3465 1823 3522 dieue
1861 3466 2017 3521 sedlu-
2048 3478 2124 3520 ec:

2239 3477 2385 3533 enim
2411 3473 2679 3531 cibarium
2706 3487 2841 3528 auro
2866 3479 2922 3528 et
2957 3477 3179 3541 argento
3208 3467 3463 3533 miriﬁce,
3503 3467 3646 3527 sicut
3670 3465 3842 3523 hodie

547 3561 749 3628 clesiaa,
791 3561 840 3616 si
865 3560 1164 3616 necessitas
1190 3559 1379 3626 fuerit,
1409 3557 1737 3630 adiutorium
1765 3565 1823 3612 et
1850 3570 2124 3630 recupera-

2240 3578 2489 3644 apparet,
2515 3567 2786 3625 fabricare
2818 3564 3059 3629 studuit;
3098 3563 3154 3618 in
3184 3576 3293 3633 quo
3317 3569 3373 3616 et
3398 3572 3603 3616 cennas
3633 3575 3837 3634 argen-

548 3654 755 3710 tioncm
800 3653 1003 3710 habere
1055 3651 1290 3708 valeant.

2243 3672 2360 3719 leas
2386 3669 2444 3718 et
2470 3661 2758 3717 deauratas
2801 3657 3034 3728 desuper
3075 3652 3344 3725 conﬁgere
3380 3651 3658 3725 praecepit,
3692 3652 3846 3710 sicut

783 3742 945 3817 (Vide
988 3745 1076 3800 ubi
1115 3758 1303 3815 supra,
1339 3743 1441 3800 σοι.
1473 3741 1613 3799 1255
1632 3751 1685 3798 et
1722 3740 1907 3812 1256.)

2241 3745 2508 3811 hactenus
2532 3766 2565 3807 a
2590 3744 3052 3822 conspicientibus
3076 3740 3395 3818 praedictum
3434 3759 3572 3816 opus
3597 3744 3838 3801 videtur.

1286 3826 1422 3891 XIII.
2243 3841 2384 3899 Hinc
2415 3857 2651 3913 namque
2677 3840 2813 3897 fecit
2837 3839 2893 3895 in
2920 3838 3041 3894 loco
3068 3837 3124 3892 in
3149 3851 3263 3908 quo
3288 3835 3423 3892 05m
3446 3850 3614 3892 canes
3635 3843 3694 3891 et
3721 3852 3845 3893 me-

624 3922 726 3980 Hic
751 3931 836 3980 est
865 3922 1216 3981 inserendum
1247 3923 1378 3981 item
1408 3921 1689 3996 exemplar
1713 3921 1969 3994 praesnti
1999 3921 2142 3993 qtod
2244 3932 2470 3989 retrices
2494 3932 2609 3988 sive
2631 3930 2870 3987 latrones
2890 3926 3140 4005 habitare
3163 3925 3414 3983 solebant
3439 3925 3840 3983 monasterium

558 4016 884 4088 saepedictus
907 4018 1137 4074 domnus
1162 4014 1415 4071 Aldricus
1434 4015 1501 4071 de
1520 4016 1683 4072 rebus
1702 4021 1759 4071 et
1785 4014 1853 4071 de
1876 4016 2124 4071 monade

2246 4038 2409 4095 supra
2434 4021 2656 4079 ﬁuvium
2685 4019 2895 4078 Sartbae
2930 4018 3186 4077 milliario
3211 4028 3270 4077 et
3297 4018 3461 4075 semis
3489 4033 3521 4075 a
3541 4015 3657 4087 jam
3686 4018 3840 4075 dicta

557 4109 708 4165 riolis
748 4109 863 4165 sive
902 4108 1111 4164 cellulis
1138 4116 1302 4177 atque
1334 4105 1494 4173 vicis,
1522 4120 1733 4163 necnon
1761 4112 1818 4161 et
1844 4104 2045 4161 villulis
2070 4105 2146 4161 si-
2246 4113 2382 4171 urbe
2407 4114 2639 4170 distante
2686 4113 2740 4168 in
2771 4112 2976 4168 honore
3016 4111 3192 4168 sane“
3227 4108 3528 4169 salvatoris
3550 4117 3608 4167 οι
3630 4121 3843 4168 “nam

558 4203 786 4277 gillatim
816 4203 1110 4261 nominatis
1129 4201 1232 4257 sub
1263 4199 1582 4256 emunitatis
1613 4199 1836 4255 tuitione
1864 4207 1921 4255 et
1951 4200 2146 4271 gurber-
2242 4205 2347 4267 Dei
2378 4203 2660 4278 genitricis
2693 4202 2874 4260 Mariae
2920 4211 2976 4259 et
3018 4211 3337 4260 sanctorum
3381 4211 3679 4277 martyrum
3710 4202 3840 4260 Ste-

560 4294 781 4350 natione
828 4307 940 4348 suae
985 4292 1132 4348 sedis
1171 4288 1435 4355 ecclesiae.
1471 4303 1635 4359 quam
1692 4287 2060 4354 malitiam.
2093 4297 2153 4344 et
2249 4298 2439 4372 phani,
2467 4296 2735 4363 Gervasii,
2774 4303 2831 4351 et
2855 4294 3121 4362 Protasii,
3149 4304 3314 4368 atque
3349 4295 3589 4351 omnium
3616 4302 3845 4351 sancto-

560 4385 719 4456 (Ιυῖθεί
749 4400 780 4438 ³
812 4399 954 4439 “0V0
981 4381 1244 4439 νοείτυιίι
1282 4390 1448 4451 W0
1484 4378 1865 4446 ίιιωθιίοτθνίῑο
1902 4380 2151 4453 inmaio-
2253 4403 2396 4456 rum,
2426 4387 2480 4442 in
2509 4401 2616 4458 quo
2648 4394 2706 4442 et
2731 4383 3112 4443 dormitorium
3161 4401 3361 4443 novum
3393 4386 3645 4443 decenter
3687 4400 3843 4443 com-

560 4478 829 4550 ravitqne,
872 4486 930 4534 et
969 4477 1025 4532 in
1067 4477 1274 4531 honore
1308 4474 1485 4531 sancti
1516 4474 1727 4531 Domini
1764 4472 2065 4531 Salvatoris
2094 4482 2151 4530 et
2250 4477 2487 4550 positum
2539 4468 2704 4545 fecit,
2755 4484 2811 4532 et
2859 4476 2916 4532 in
2962 4476 3079 4547 ipso
3125 4475 3443 4533 dormitorio
3486 4474 3732 4533 absidam
3782 4477 3845 4534 in

560 4570 735 4628 beata:
755 4567 997 4679 ejusdem
1025 4566 1422 4679 Deigeuigicns
1443 4565 1625 4671 Egeria:
1645 4576 1809 4639 atque
2172 4606 2227 4679 Ι)
2252 4564 2505 4624 orientali
2545 4574 2703 4639 parte
2745 4556 2975 4623 mirifice
3021 4568 3349 4635 construxit,
3387 4576 3444 4625 et
3476 4568 3532 4625 in
3562 4582 3631 4624 ea
3663 4567 3848 4625 altare

558 4670 863 4734 martyrum
909 4657 1157 4715 Gervasii
1185 4667 1241 4713 et
1268 4658 1501 4714 Protasii
1533 4658 1646 4715 sive
1684 4659 1857 4715 sancti
1884 4659 2147 4733 Stephani
2173 4657 2225 4679 ¹¹
2253 4658 2559 4716 construxit
2583 4666 2639 4714 et
2667 4659 2878 4727 erexit;
2920 4658 3095 4731 ipsam
3123 4675 3253 4716 vero
3281 4660 3549 4726 absidam,
3576 4675 3685 4716 una
3713 4675 3848 4717 cum

560 4751 882 4809 solemniter
918 4748 1281 4815 consecravit,
1311 4757 1368 4805 et
1391 4757 1723 4820 prmeeptum
1765 4750 1924 4806 istius
1955 4762 2147 4807 exesi-
2249 4750 2508 4826 praedicto
2533 4750 2705 4807 altare
2738 4748 2906 4808 indie
2929 4767 2984 4808 ιν
3009 4751 3198 4807 Iduum
3216 4749 3565 4823 Septembris
3580 4764 3686 4805 una
3713 4763 3847 4808 cum

562 4844 731 4915 plaris
757 4858 789 4897 a
819 4841 1020 4899 domno
1054 4839 1329 4899 Ludovico
1372 4842 1617 4913 piissimo
1656 4843 1985 4915 imperatore
2026 4858 2150 4916 per-
2253 4844 2367 4902 suis
2393 4843 2638 4917 reliquiis
2675 4844 2730 4901 in
2760 4843 2970 4902 honore
3008 4844 3179 4901 sancti
3207 4842 3484 4901 Benedicti
3512 4839 3851 4901 confessoris

564 4933 747 5005 cipere
791 4932 1009 4998 meruit,
1039 4931 1183 4991 sicut
1219 4931 1276 4989 in
1306 4947 1371 4989 eo
1411 4931 1721 4990 continetur
1757 4933 2041 4991 insertum.
2074 4934 2150 4991 ita
2250 4936 2509 5011 praecipui
2535 4936 2850 4994 solemniter
2874 4936 3245 5003 consecravit;
3273 4945 3328 4992 et
3356 4934 3449 4993 ubi
3478 4944 3639 4993 antea
3674 4933 3853 4993 latra-

567 5027 765 5087 ctenim
820 5025 877 5084 in
922 5041 989 5083 eo
1037 5026 1271 5085 habetur
1310 5026 1589 5099 scriptum.
2254 5039 2346 5086 tus
2383 5044 2579 5086 canum
2618 5037 2674 5087 et
2714 5028 2951 5085 ululatus
2996 5042 3297 5100 pauperum
3329 5027 3424 5101 qui
3468 5043 3501 5083 a
3542 5025 3851 5085 latronibus

926 5119 1091 5186 (Vide
1125 5119 1215 5176 ubi
1254 5136 1439 5192 supra,
1476 5118 1578 5177 col.
1607 5119 1795 5195 1257.)
2260 5122 2393 5181 inibi
2442 5122 2868 5180 inhabitantibus
2892 5119 3333 5191 exspoliabantur
3370 5119 3720 5185 resonabant,
3764 5118 3850 5177 ibi

1290 5211 1428 5269 XIV.
2257 5212 2488 5288 hymnos
2537 5212 2809 5286 angelicas
2854 5218 2910 5269 et
2951 5211 3296 5287 propheticos
3340 5210 3472 5267 sivte
3515 5220 3847 5269 caeterarum

637 5302 905 5367 Prndium
943 5318 1161 5378 qiqu
1196 5317 1465 5382 praecepta
1505 5308 1561 5365 in
1597 5309 1703 5366 hoc
1733 5306 1994 5379 opusculo
2033 5306 2155 5365 ideo
2259 5306 2564 5365 divinarum
2601 5304 3008 5379 Scripturarum
3054 5303 3242 5363 laudes
3269 5304 3562 5363 decantare
3597 5310 3654 5359 et
3690 5315 3850 5359 reso-

568 5395 812 5456 inserere
840 5400 1047 5473 placuit
1078 5410 1159 5470 ut,
1193 5398 1336 5459 sicut
1373 5402 1577 5459 dictum
1613 5409 1718 5469 est,
1755 5400 1803 5458 si
1833 5400 2033 5460 futuris
2059 5408 2155 5459 aut
2258 5415 2394 5460 nare
2420 5398 2510 5459 die
2544 5407 2815 5472 noctuque
2838 5397 3070 5457 Domino
3094 5395 3398 5473 constituit.
3446 5392 3601 5453 Fecit
3628 5408 3849 5471 quoque

569 5471 859 5551 modernis
883 5496 950 5552 de
982 5496 1308 5570 supradictis
1346 5497 1511 5555 rebus
1549 5495 1729 5569 aliqua
1767 5496 1996 5575 questio
2032 5503 2154 5553 orta
2258 5494 2315 5552 in
2352 5496 2469 5567 ipso
2510 5471 2842 5553 monasteI'io
2878 5471 3227 5549 refectorium
3262 5504 3461 5547 novum
3497 5496 3557 5548 et
3589 5486 3849 5547 nobiliter

569 5584 755 5657 fuerit,
794 5590 1123 5662 exemplaria
1165 5588 1561 5648 antedictorum
1604 5587 1659 5646 in
1701 5589 1808 5647 hoc
1847 5587 2030 5647 libello
2068 5587 2155 5645 in-

569 5682 857 5742 veniantur
905 5682 1105 5741 inserta
1154 5690 1581 5757 praeceptorum;
1637 5689 1909 5755 quatenus
1952 5696 2049 5754 per
2093 5695 2159 5737 ea

570 5773 755 5835 ﬁdeles
797 5777 1183 5852 suprascriptae
1221 5774 1467 5833 ecclesiae
1510 5783 1566 5831 et
1596 5783 1839 5831 rectores
1875 5782 2039 5847 atque
2063 5788 2163 5845 gu-

2260 5587 2639 5661 compositum,
2664 5595 2725 5643 et
2753 5593 2951 5643 cetera
2981 5582 3195 5643 amcitia
3233 5580 3490 5651 fratrum,
3528 5589 3641 5641 tam
3680 5579 3850 5639 cella-

2262 5681 2345 5737 ria
2387 5694 2551 5752 quam
2602 5686 2658 5736 et
2710 5677 2818 5735 alia
2862 5676 3077 5735 oﬁicina
3122 5676 3449 5735 mirabiliter
3489 5683 3546 5733 et
3587 5674 3852 5732 decenter

2263 5770 2570 5829 construxit
2597 5778 2656 5829 et
2679 5769 3005 5843 regulariter
3041 5770 3333 5839 ordinavit,
3362 5767 3750 5841 monachisque
3774 5765 3852 5827 ad

572 5864 888 5929 bernatores
905 5870 1147 5942 ejusdem
1158 5883 1225 5925 ex
1244 5868 1332 5924 his
1358 5866 1704 5941 exemplariis
1722 5864 2046 5939 adjutorium
2068 5867 2211 5945 ha-;~_
2266 5862 2676 5921 inhabitandam
2703 5860 3051 5919 contradidit.
3083 5862 3145 5920 lu
3172 5863 3291 5937 ipso
3319 5877 3450 5937 ergo
3477 5859 3596 5919 loco
3620 5857 3847 5918 Caleud.
