4044 6326
253 415 326 474 t5
1353 389 1360 398 '
1803 397 1857 454 ν]

1956 437 1980 452 ..
3451 392 3520 450 46

257 529 384 590 Maii
425 527 776 590 fundamenta
813 519 1054 580 ecclesia:
1089 527 1144 576 et
1181 517 1402 576 claustri
1437 517 1604 588 coepit
1641 529 1842 588 ponere
1869 517 1924 578 Α
1947 513 2002 570 in
2027 513 2406 584 praedictorum
2431 511 2640 568 honoro
2663 517 2974 568 sanctorum
2993 507 3350 578 consecravit,
3375 515 3438 568 et
3455 509 3524 564 ad
3551 507 3558 512 ’

259 631 314 680 et
340 629 696 682 construere;
741 615 796 668 in
839 627 946 684 quo
981 625 1146 682 opere
1185 611 1322 664 mira
1363 617 1418 663 et
1447 623 1642 678 magna
1671 607 1844 662 virtus

259 715 358 774 Dei
389 721 476 768 est
513 711 808 772 declarata,
841 705 966 776 quia
996 719 1116 774 quae
1163 703 1216 757 in
1247 703 1380 756 duos
1412 709 1502 754 aut
1541 709 1650 756 tres
1675 713 1844 754 annos

259 805 486 863 minime
533 803 798 874 putabant
841 812 960 852 esse
1003 803 1391 860 consummata,
1435 795 1488 850 in
1534 803 1764 864 quatuor
1789 801 1844 848 et

259 899 456 972 quinto
509 895 734 952 dimidio
785 891 1082 956 mensibus,
1125 889 1353 944 Domino
1401 887 1842 952 adminiculante,

261 995 702 1048 consummatum
751 989 850 1048 est,
885 983 939 1038 id
967 989 1070 1047 est,
1125 997 1156 1035 a
1187 979 1302 1036 Cal.
1331 977 1484 1034 Maiis
1531 991 1704 1048 usque
1751 989 1846 1030 xvr‘

259 1083 378 1142 Cal.
405 1079 690 1144 Octobris;
725 1077 778 1131 in
809 1089 916 1146 quo
945 1073 1309 1130 Calendarum
1339 1073 1424 1127 die
1453 1079 1508 1126 et
1533 1071 1648 1142 ipsa
1673 1069 1846 1125 eccle-

263 1177 344 1234 sia
385 1181 472 1228 est
505 1177 848 1232 consecrata,
891 1175 946 1222 et
987 1165 1090 1236 ipsi
1135 1163 1384 1218 monachi
1433 1163 1486 1216 in
1527 1161 1848 1216 dormitorio

265 1267 402 1324 inibi
431 1279 574 1320 novo
605 1267 888 1332 eruperunt
927 1257 1185 1321 dormire,
1219 1263 1275 1311 et
1303 1255 1358 1310 in
1389 1253 1680 1310 refectorio-
1717 1253 1848 1308 inibi

267 1373 412 1415 novo
455 1355 804 1418 manducare,
851 1365 972 1421 qua:
1005 1349 1152 1404 nullo
1179 1347 1342 1402 modo
1387 1347 1502 1400 ﬁeri
1547 1345 1848 1416 potuissent

265 1449 374 1506 nisi
401 1445 616 1502 Domini
655 1441 1030 1500 misericordia
1066 1447 1120 1494 et
1157 1437 1274 1506 ejus
1301 1451 1498 1507 magna
1533 1437 1706 1490 virtus
1745 1435 1852 1490 hoc

263 1547 490 1610 operata
529 1543 692 1592 esset.
737 1533 890 1590 Unde
915 1541 972 1588 et
1003 1531 1118 1602 ipse
1157 1529 1431 1594 laudatur,
1463 1527 1554 1596 qui
1584 1527 1687 1582 hoc
1713 1541 1852 1596 prte-

263 1641 420 1686 stare
447 1637 502 1686 et
531 1625 832 1684 concedere
861 1633 1022 1694 atque
1049 1621 1306 1677 divinitus
1343 1619 1558 1690 operari
1599 1619 1852 1689 dignatus

265 1735 380 1792 est;
415 1725 504 1780 cui
537 1729 622 1780 est
649 1722 824 1778 honor
863 1727 920 1776 et
955 1717 1128 1792 gloria
1167 1715 1220 1770 in
1269 1715 1466 1772 saecula
1509 1713 1856 1772 saeculorum.-

263 1816 466 1874 Amen.

989 1877 1130 1938 XVI.

339 2001 398 2056 In
423 1998 684 2071 praedicto
721 1993 904 2066 itaque
931 1989 1262 2047 monasterio
1293 1987 1580 2046 ecclesiam
1619 1985 1852 2042 miriﬁce

265 2099 324 2147 et
361 2087 742 2146 ordinabiiiter
782 2083 1134 2154 compositam
1179 2097 1210 2135 a
1255 2097 1396 2138 novo
1433 2079 1756 2144 construxit,
1797 2079 1856 2132 in

267 2203 376 2256 qua
403 2191 462 2240 et
485 2179 900 2254 quattuordecim
937 2175 1126 2234 altaria
1161 2161 1356 2240 erexit,
1389 2181 1446 2230 et
1473 2189 1538 2228 ea
1565 2171 1620 2228 in
1645 2187 1854 2228 memo-

269 2277 384 2330 rias
411 2283 470 2330 et
497 2271 714 2328 nornina
745 2277 908 2340 atque
933 2269 1166 2324 honores
1191 2279 1378 2322 eorum
1417 2271 1726 2320 sanctorum
1755 2261 1854 2316 de-

269 2365 478 2422 dicavit
495 2373 550 2420 et
573 2355 932 2424 consecravit,
950 2367 1006 2414 et
1033 2371 1220 2412 eorum
1247 2357 1476 2428 pignora
1505 2353 1562 2408 in
1581 2353 1660 2408 eis
1689 2341 1886 2408 collo?

269 2457 438 2522 cavit,
469 2469 702 2527 quorum
745 2451 968 2508 nomina
999 2465 1162 2522 super
1185 2465 1248 2504 ea
1277 2449 1538 2502 hactenus
1583 2445 1854 2514 adscripta

271 2563 394 2604 esse
417 2547 688 2602 videntur.
743 2543 920 2614 ipsam
953 2555 1082 2612 ergo
1119 2539 1426 2604 ecclesiam,
1477 2545 1538 2590 ut
1571 2535 1856 2606 praeﬁxum

271 2649 378 2702 est,
409 2639 464 2694 in
489 2637 698 2694 honore
729 2633 940 2690 Domini
973 2631 1272 2688 Salvatoris
1299 2637 1354 2684 et
1383 2635 1586 2684 sanctte
1613 2625 1854 2696 ejusdem

269 2729 366 2786 Dei
391 2725 672 2800 genitricis
697 2723 1028 2790 Mariae,sive
1057 2729 1368 2778 sanctorum
1399 2729 1698 2789 martyrum
1723 2715 1856 2772 Ger-

269 2819 408 2874 vasii
448 2829 502 2872 et
528 2815 764 2872 Protasii
809 2823 973 2884 atque
1009 2812 1184 2868 sancti
1225 2810 1506 2882 Stephani,
1543 2823 1752 2864 necnon
1799 2815 1858 2862 et

269 2909 434 2966 simul
462 2909 518 2962 in
547 2907 754 2962 honore
781 2904 1024 2962 omnium
1063 2909 1376 2958 sanctorum
1417 2899 1736 2956 solemniter
1763 2897 1856 2952 de—

269 3009 570 3068 centerque
613 2997 672 3052 in
717 2995 806 3052 die
855 3011 946 3050 xvr
991 2993 1212 3050 Calend.
1251 2991 1444 3048 Octob.
1488 2987 1850 3068 consecravit.

271 3091 410 3146 Dum
433 3067 564 3158 ergo
589 3087 928 3142 consecratio
953 3085 1226 3156 praedictae
1249 3083 1490 3140 ecclesiae
1519 3097 1548 3136 a
1567 3079 1680 3150 jam
1707 3067 1855 3134 ‘dicto

271 3183 528 3252 episcOpo
559 3187 614 3234 et
649 3193 682 3232 a
709 3177 820 3232 suis
849 3175 1116 3232 ministris
1141 3175 1570 3245 praeparabatur,
1599 3171 1736 3226 mira
1767 3183 1854 3224 res

1945 603 2268 660 fulciendam
2289 603 2520 658 fratrum
2541 601 2916 658 necessitatem
2939 601 3134 656 ibidem
3157 599 3386 654 Domino
3409 614 3526 654 ser-

1943 697 2236 764 vientium,
2265 711 2370 752 una
2409 711 2530 752 cum
2561 696 2676 752 suis
2709 691 3190 750 consacerdotibus
3219 701 3276 746 et
3309 691 3526 746 clericis

1945 797 2136 846 salicto
2167 790 2492 854 viventibus,
2525 803 2648 844 cum
2683 785 2932 842 consultu
2961 791 3016 838 et
3043 797 3312 838 consensu
3341 781 3527 838 videli-

1915 883 1920 890 '
1943 891 2034 936 cet
2044 880 2282 936 universi
2305 879 2440 934 cleri
2461 887 2514 933 et
2539 878 2742 949 populi,
2765 875 3092 936 contradidit
3111 861 3344 946 quatuor
3357 873 3532 930 Evan—

1945 973 2084 1045 gelia
2109 973 2336 1028 miriﬁce
2357 971 2664 1042 conscripta
2694 981 2748 1026 et
2771 969 2994 1036 calicem
3019 983 3242 1026 aureum
3271 981 3376 1022 una
3405 981 3528 1020 cum

1943 1073 2142 1136 patena
2167 1079 2286 1120 sua.
2317 1064 2528 1120 Etenim
2561 1063 2732 1132 ipsum
2751 1062 3100 1134 Evangelium
3129 1071 3186 1118 et
3215 1061 3530 1132 praedictum
3615 1057 3618 1060 “

1947 1157 2172 1214 calicem
2199 1169 2448 1220 aureum,
2475 1155 2694 1224 Deoque
2717 1161 3014 1220 sacratum,
3039 1169 3144 1208 una
3173 1169 3296 1208 cum
3317 1151 3532 1208 caeteris

1947 1248 2214 1320 episcopis
2251 1257 2308 1302 et
2333 1247 2810 1302 consacerdotibus
2843 1261 3036 1301 manus
3077 1261 3266 1300 eorum
3303 1245 3534 1316 desuper

1949 1339 2370 1410 imponentibus,
2405 1347 2460 1394 et
2484 1339 2696 1394 cunctis
2729 1337 2950 1408 reliquis
2975 1337 3434 1392 consentientibus
3469 1351 3536 1394 ac

1951 1431 2322 1497 exurentibus,
2347 1431 2546 1486 ibidem
2567 1431 2632 1486 de
2653 1431 2816 1486 rebus
2843 1431 2960 1486 sita:
2983 1429 3126 1484 sedis
3147 1429 3389 1486 ecclesiae
3411 1445 3536 1484 cum

1951 1524 2202 1582 consultu
2247 1525 2488 1578 omnium
2531 1522 2880 1588 contradidit,
2929 1522 3112 1577 multis
3157 1523 3384 1578 testibus
3423 1521 3536 1576 cir-

1951 1616 2383 1674 cumastantibus
2407 1615 2676 1670 nobilibus
2695 1623 2750 1668 et
2771 1613 2960 1668 liberis
2979 1613 3288 1670 hominibus
3301 1615 3536 1670 videnti-

1951 1707 2092 1774 bus;
2123 1708 2174 1762 id
2201 1715 2314 1764 est:
2345 1707 2526 1760 villam
2549 1705 2832 1776 Apiacum,
2863 1707 3036 1776 inqua
3053 1717 3272 1760 sanctus
3297 1705 3540 1762 Ulfacius

1955 1797 2236 1854 confessor
2271 1796 2470 1852 Christi
2509 1797 2800 1866 requiescit
2847 1795 2902 1850 in
2939 1813 3186 1868 corpore,
3217 1813 3338 1852 cum
3387 1797 3538 1852 omni

1877 1899 1930 1962 Β
1959 1889 2296 1960 integritate,
2333 1897 2390 1944 et
2413 1887 2590 1946 villam
2617 1889 2910 1944 Luciacum
2955 1905 3078 1944 cum
3124 1890 3272 1944 omni
3317 1889 3542 1958 integri-

1957 1989 2088 2046 tate,
2121 1989 2180 2036 et
2209 1981 2552 2036 medietatem
2579 1981 2644 2036 de
2671 1981 2796 2034 villa
2825 1981 2960 2046 Can,
2995 1989 3052 2036 et
3089 1983 3432 2038 medietatem
3473 1984 3544 2040 de

1957 2073 2084 2130 villa
2106 2073 2318 2140 Bernis,
2367 2083 2422 2130 et
2461 2074 2582 2130 illas
2623 2075 2864 2130 culturas
2904 2075 3038 2130 duas
3073 2073 3228 2144 juxta
3255 2075 3542 2146 praefatum

1957 2166 2350 2222 monasterium
2397 2166 2541 2222 infra
2583 2167 2730 2222 illam
2773 2167 2964 2224 silvam
3007 2171 3387 2240 conjacentes,
3433 2187 3544 2228 una

1959 2273 2082 2314 cum
2113 2267 2270 2328 prato
2305 2273 2374 2314 ex
2395 2258 2500 2314 alia
2525 2267 2682 2330 parte
2709 2261 3022 2316 monasterii
3049 2265 3402 2330 consistente,
3429 2266 3542 2322 sic-

1957 2357 2018 2404 ut
2061 2349 2278 2404 termini
2325 2351 2564 2422 ipsorum
2608 2353 2996 2408 monachorum
3045 2355 3310 2420 dividunt,
3351 2367 3407 2412 et
3453 2357 3546 2414 illa

1959 2439 2162 2494 molina
2189 2439 2296 2494 duo
2335 2439 2490 2512 juxta
2535 2443 2926 2498 monasterium
2971 2459 3136 2512 supra
3165 2443 3386 2502 fluvium
3415 2446 3546 2504 Sar-

1958 2533 2068 2588 thte
2111 2539 2516 2600 constructum,
2567 2543 2620 2589 et
2665 2533 2848 2590 villam
2895 2533 3194 2592 Salvariam
3251 2554 3372 2594 cum
3421 2539 3546 2596 aliis

1955 2625 2156 2682 villulis
2197 2627 2354 2698 juxta
2397 2642 2518 2682 eam
2563 2625 2976 2697 adiacentibus,
3025 2645 3150 2686 cum
3199 2629 3546 2688 manentibus

1959 2719 2200 2792 triginta,
2239 2727 2294 2774 et
2327 2719 2474 2774 illam
2505 2719 2720 2774 vincant
2765 2721 3208 2776 indominicatam
3233 2738 3354 2791 quae
3387 2724 3544 2794 juxta

1957 2809 2134 2878 ipsum
2179 2809 2568 2864 monasterium
2617 2809 2884 2864 consistit.
2939 2809 3058 2866 Hoc
3103 2819 3276 2866 totum
3305 2813 3544 2881 praeﬁxae

1957 2899 2200 2956 ecclesiae
2235 2909 2290 2954 et
2319 2891 2574 2970 praedicto
2605 2901 2764 2956 altari
2801 2901 2854 2954 in
2881 2901 3064 2958 dotem
3109 2905 3392 2962 monachis
3437 2905 3544 2962 ibi-

1957 2993 2080 3048 dem
2107 2993 2336 3048 Domino
2361 2991 2750 3050 famulantibus
2781 2995 3102 3064 regulariter
3125 3013 3246 3052 cum
3273 3013 3546 3056 consensu

1955 3085 2182 3158 piissimi
2211 3085 2468 3140 Ludovici
2493 3087 2838 3156 imperatoris
2863 3095 2920 3142 et
2945 3087 3320 3158 episcoporum
3347 3091 3548 3146 multo-

1958 3191 2100 3242 rum,
2141 3175 2376 3232 maxime
2419 3177 2952 3245 comprovincialium
2995 3187 3050 3234 et
3093 3183 3544 3238 consacerdotum

271 3283 330 3330 et
369 3273 598 3328 minime
640 3271 860 3326 celanda
905 3267 1123 3324 accidit.
1173 3267 1332 3322 Venit
1377 3279 1590 3336 quoque
1634 3261 1856 3332 quidam
1885 3271 1932 3336 α
1963 3283 2206 3332 suorum,
2237 3270 2516 3324 monachis
2556 3269 2754 3324 ibidem
2799 3270 3118 3340 degentibus
3161 3275 3548 3344 perpetualiter

271 3363 462 3428 homo,
491 3359 712 3416 nemine
749 3367 998 3414 movente
1031 3357 1310 3414 hominum
1350 3365 1444 3410 aut
1482 3363 1732 3420 vocante,
1762 3351 1858 3410 sed

275 3455 462 3510 divina
509 3451 788 3506 clementia
841 3451 1138 3520 inspirante
1198 3455 1590 3518 compunctus,
1641 3445 1860 3499 nomine

253 3527 840 3610 _Salahardus,nobilis
869 3555 1086 3614 genere,
1111 3539 1176 3594 ad
1203 3535 1486 3608 praefatum
1517 3535 1694 3592 locum
1717 3545 1774 3590 et
1791 3533 1861 3588 ad

265 3634 384 3706 jam
407 3633 608 3690 dictum
633 3631 968 3704 episcopum,
994 3641 1048 3686 et
1072 3629 1138 3684 ad
1169 3631 1340 3702 ipsam
1363 3628 1856 3702 congregationem,

277 3723 372 3795 qui
409 3725 547 3780 dixit
579 3737 640 3778 se
667 3721 808 3778 velle
847 3737 1000 3778 suum
1045 3721 1258 3776 tradere
1291 3721 1568 3790 proprium
1607 3719 1672 3776 ad
1714 3733 1864 3772 eam-

279 3819 402 3874 dem
425 3815 764 3872 devotionem
791 3823 848 3872 et
875 3813 942 3870 ad
975 3813 1254 3884 praeﬁxum
1283 3811 1462 3866 locum
1489 3821 1546 3866 et
1571 3825 1696 3868 suos
1724 3809 1864 3864 ﬁlios

277 3911 438 3966 binos
475 3911 544 3966 ad
581 3909 948 3982 supradictam
997 3909 1285 3966 ecclesiam
1323 3909 1540 3964 tradere
1589 3905 1860 3975 servituti,

277 4013 340 4058 ut
377 4013 434 4060 et
471 4005 568 4070 ibi,
609 4005 656 4060 si
683 4003 908 4059 Domino
941 4003 1226 4072 placuerit,
1265 4001 1518 4058 monachi
1555 3999 1766 4064 ﬁerent,
1808 4007 1866 4056 et

279 4097 494 4154 uinctis
513 4095 700 4150 diebus
721 4095 844 4150 vitae
869 4093 1080 4150 illorum
1107 4093 1236 4148 inibi
1259 4093 1486 4148 Domino
1507 4091 1860 4147 deservirent.

281 4187 434 4256 Quod
463 4187 536 4242 ita
561 4197 680 4256 post
694 4185 1158 4242 consecrationem
1175 4185 1538 4254 supradictam
1563 4197 1862 4252 peractam,

287 4279 522 4336 Domino
557 4287 854 4344 annuente,
883 4279 1082 4332 factum
1113 4285 1214 4331 est.
1248 4275 1492 4330 Tradidit
1513 4277 1694 4344 itaque
1721 4289 1864 4344 prte-

249 4449 254 4452 _
281 4377 422 4434 ﬁxus
447 4377 550 4444 vir,
581 4375 762 4430 multis
785 4375 1054 4430 nobilibus
1079 4387 1262 4428 coram
1288 4371 1612 4436 astantibus,
1645 4369 1866 4440 praeﬁxo

281 4475 534 4544 episcopo
581 4485 686 4526 una
745 4485 866 4524 cum
911 4467 1024 4524 suis
1067 4465 1440 4522 sacerdotibus
1487 4471 1544 4518 et
1585 4461 1866 4516 monachis

281 4579 446 4636 supra
487 4557 862 4634 prazscript'um
909 4559 1080 4614 altare
1125 4559 1296 4612 sancti
1329 4545 1628 4612 Salv—uteris
1679 4563 1864 4610 votum

1963 3361 2030 3416 ad
2051 3361 2432 3431 possidendum
2463 3347 2810 3428 cont'radidit,
2837 3361 3133 3431 deprecans
3157 3371 3212 3420 et
3233 3375 3546 3424 contestans

1961 3453 2346 3522 humiliterque
2385 3451 2680 3522 implorans
2723 3459 2786 3508 ut
2829 3467 2990 3509 nemo
3029 3469 3092 3510 ea
3137 3455 3260 3512 inde
3309 3457 3543 3526 auferat,

1963 3543 2058 3598 sed
2095 3541 2250 3613 plura
2313 3541 2594 3612 adaugeat,
2641 3549 2698 3596 et
2745 3543 2886 3598 sicut
2929 3543 3042 3598 vult
3081 3545 3450 3626 unusquisque
3485 3557 3548 3604 ut

1965 3649 2062 3690 sua
2099 3635 2190 3704 pia
2219 3631 2364 3688 facta
2405 3633 2620 3688 stabilia
2649 3643 3022 3704 permaneant,
3055 3636 3130 3692 ita
3159 3645 3218 3692 et
3241 3649 3450 3706 nostra,
3481 3641 3548 3696 li-

1965 3737 2054 3783 cet
2101 3741 2296 3796 pauca,
2341 3725 2727 3796 perpetualiter
2785 3741 3004 3784 manere
3055 3727 3370 3786 inconvulsa
3421 3747 3548 3802 per-

1965 3819 2168 3874 mittat.
2215 3819 2274 3874 ln
2311 3833 2418 3890 quo
2458 3819 2546 3874 die
2583 3827 2638 3874 et
2677 3819 2864 3890 inqua
2893 3820 3236 3880 solemnitate
3265 3825 3550 3884 constituit

1965 3919 2026 3968 ut
2049 3913 2300 3968 monachi
2341 3912 2398 3967 in
2437 3913 2554 3982 ipso
2592 3915 2920 3970 monasterio
2957 3915 3214 3988 degentes
3248 3927 3304 3974 et
3329 3921 3546 3992 regula-

1967 4005 2100 4060 riter
2141 4005 2388 4060 viventes
2433 4001 2688 4060 fratribus
2737 4006 3012 4062 canonicis
3059 4009 3216 4064 matri
3257 4017 3312 4066 et
3345 4013 3548 4070 seniori

1967 4095 2204 4152 civitatis
2227 4095 2470 4152 ecclesia:
2493 4095 2880 4154 famulantibus
2901 4099 3032 4154 dent
3055 4100 3268 4170 plenam
3295 4101 3548 4162 refectio-

1967 4205 2112 4254 nem,
2153 4203 2274 4260 quae
2317 4199 2374 4246 et
2415 4191 2470 4244 in
2511 4191 2966 4260 subsequentibus
3007 4195 3544 4252 commemorabitur.

1968 4281 2144 4350 Ipsam
2185 4297 2314 4352 ergo
2345 4279 2692 4338 refectionem
2721 4283 2936 4340 clericis
2963 4287 3126 4342 matri
3153 4295 3210 4343 et
3234 4290 3434 4346 seniori
3468 4293 3546 4347 ci-

1969 4373 2155 4428 vitatis
2199 4373 2442 4428 ecclesiae
2495 4373 2884 4430 famulantibus
2927 4377 3060 4432 dare
3107 4379 3356 4446 censuit;
3425 4391 3548 4452 qua:

1967 4463 2130 4518 etiam
2155 4464 2408 4520 similiter
2433 4464 2488 4520 in
2505 4465 2710 4520 honore
2725 4465 2938 4522 Domini
2953 4467 3252 4526 Salvatoris
3271 4481 3328 4528 et
3347 4485 3548 4530 sancta

1967 4551 2208 4622 ejusdem
2223 4555 2320 4612 Dei
2339 4557 2616 4626 genitricis
2635 4557 2840 4624 Mariae,
2868 4559 2984 4614 sive
3011 4569 3320 4618 sanctorum
3349 4575 3548 4638 marty-

283 4635 402 4730 ejus
427 4653 926 4726 suseipieutibusde
949 4653 1166 4724 proprio
1188 4665 1288 4706 suo
1315 4656 1600 4722 quantum,
1627 4655 1688 4702 ut
1717 4663 1860 4714 reor,
1887 4635 1942 4698 D
1967 4663 2088 4702 rum
2137 4645 2380 4702 Gervasii
2433 4655 2488 4700 et
2533 4645 2768 4704 Protasii
2833 4657 2996 4720 atque
3066 4653 3240 4708 sancti
3288 4635 3548 4726 Stephani

281 4765 406 4804 cum
437 4747 584 4802 mille
609 4745 798 4802 solidis
823 4745 1030 4816 argenti
1061 4741 1284 4814 pretiosi
1315 4756 1474 4798 nemo
1499 4755 1684 4796 emere
1715 4747 1864 4809 pote-

283 4849 386 4894 rat.
443 4837 598 4894 Unde
637 4836 892 4908 praedicto
949 4835 1202 4904 episcopo
1243 4841 1296 4888 et
1335 4831 1448 4888 suis
1491 4831 1862 4888 sacerdotibus

283 4940 448 5002 atque
475 4927 756 4984 monachis
773 4911 918 4982 inibi
943 4925 1170 4980 Domino
1195 4921 1582 4978 famulantibus
1617 4921 1864 4976 chartam

283 5019 514 5090 legalem
553 5018 704 5084 fecit,
737 5027 792 5072 et
825 5016 1164 5088 lidejussores
1192 5029 1261 5070 ex
1287 5014 1476 5070 eodem
1513 5011 1734 5084 proprio
1765 5027 1862 5068 no-

283 5111 422 5168 biles
473 5119 528 5166 et
581 5111 782 5166 electos
823 5107 1164 5166 condonavit.
1232 5107 1340 5162 Ista
1389 5105 1554 5178 igitur
1601 5105 1862 5162 miracula

283 5205 392 5260 nisi
431 5205 692 5260 instinctu
719 5203 814 5258 Dei
847 5203 992 5258 nullo
1023 5201 1181 5258 modo
1225 5199 1342 5256 ﬁeri
1381 5209 1622 5272 possent.
1659 5199 1868 5256 Idcirco

285 5307 342 5354 et
363 5314 428 5354 ea
457 5299 548 5354 hic
573 5299 920 5362 inser-nimus,
949 5306 1008 5352 ut
1031 5295 1212 5352 cuncti
1240 5293 1382 5350 servi
1413 5293 1508 5348 Dei
1538 5309 1636 5364 pro
1665 5293 1746 5348 eis
1773 5291 1868 5362 qui

235 5455 238 5458 ,
287 5392 406 5448 haec
432 5391 664 5463 legerint
687 5399 846 5448 orent
871 5390 964 5462 qui
993 5371 1107 5446 suis
1133 5389 1272 5444 votis
1303 5387 1518 5444 Domini
1548 5385 1866 5442 famulatum

285 5485 620 5558 ampliﬁcare
647 5483 1102 5556 magniﬁcumque
1129 5491 1292 5554 atque
1319 5481 1616 5554 adimplere
1643 5483 1866 5554 cupiunt

285 5577 402 5636 sive
426 5579 718 5652 cupierint.

999 5657 1160 5724 xvn.
1723 5737 1730 5744 _
1829 5737 1832 5740 _

353 5763 780 5824 Consecratione
821 5763 986 5836 igitur
1009 5759 1323 5818 solemniter
1365 5767 1422 5816 et
1447 5759 1706 5816 canonice
1746 5773 1870 5830 per-

281 5869 432 5932 acta,
457 5859 528 5916 ad
563 5859 740 5934 ipsam
777 5857 1060 5916 ecclesiam
1089 5856 1204 5914 sive
1233 5853 1300 5912 ad
1327 5853 1502 5928 ipsum
1530 5851 1698 5910 altare
1725 5851 1868 5924 quod

1971 4755 2182 4796 necnon
2215 4747 2270 4794 et
2303 4739 2464 4796 simul
2495 4741 2550 4796 in
2583 4739 2928 4798 veneratione
2959 4751 3012 4798 et
3049 4745 3266 4802 nomine
3303 4749 3546 4804 omnium

1969 4845 2278 4892 sanctorum
2315 4837 2558 4892 noscitur
2584 4853 2614 4890 a
2639 4837 2896 4908 praedicto
2919 4837 3136 4894 Aldrico
3173 4840 3426 4911 episcopo
3461 4855 3547 4894 re-

1969 4929 2250 4986 conciliata
2273 4937 2328 4984 et
2373 4929 2703 4996 solemniter,
2747 4938 2806 4984 ut
2849 4931 3130 5000 praeﬁxum
3173 4943 3288 4998 est,
3333 4941 3548 4990 sacrata

1967 5035 2112 5086 esse,
2139 5023 2207 5076 ad
2233 5019 2386 5092 cujus
2421 5021 2828 5078 similitudinem
2863 5033 2916 5078 et
2945 5023 3302 5080 imitationem
3329 5025 3546 5082 ethunc
3631 5091 3650 5104 .-

1967 5111 2252 5168 ecclesiam
2282 5113 2336 5166 in
2355 5113 2470 5184 jam
2499 5113 2642 5168 dicto
2669 5113 2998 5170 monasterio
3021 5115 3378 5172 consecravit.
3415 5115 3546 5183 Qum

1967 5203 2133 5275 igitur
2157 5203 2412 5274 quoniam
2443 5203 2684 5274 subjecta
2719 5213 2804 5260 est
2829 5205 2996 5260 matri
3033 5213 3090 5262 et
3125 5205 3328 5260 seniori
3353 5205 3547 5262 civita-

1949 5343 1958 5346 __
1969 5295 2040 5350 tis
2065 5295 2326 5364 ecclesiae,
2353 5295 2558 5354 idcirco
2585 5305 2642 5354 et
2669 5297 2724 5354 in
2761 5297 3002 5370 ipsorum
3027 5297 3288 5352 memoria
3313 5313 3545 5369 quorum

1967 5387 2224 5458 praedicta
2250 5397 2426 5445 mater
2449 5387 2680 5446 ecclesia
2707 5399 2792 5446 est
2817 5398 3134 5448 consecrata
3161 5397 3218 5446 et
3241 5389 3384 5448 hanc
3413 5407 3546 5448 con-

1969 5493 2186 5535 secrare
2227 5479 2514 5550 disposuit.
2557 5481 2708 5549 Quod
2749 5491 2806 5540 et
2839 5481 2922 5536 ita
2953 5479 3328 5540 ordinabiliter
3363 5491 3422 5542 et
3456 5499 3536 5540 so:

1965 5571 2216 5628 lenmiter
2237 5571 2466 5629 Domino
2490 5573 2779 5644 adjuvante
2815 5571 3020 5626 factum
3051 5577 3154 5626 est.

2363 5725 2392 5740 .,
2663 5663 2844 5720 xvnt.

2037 5761 2096 5817 In
2119 5761 2208 5818 die
2233 5775 2466 5832 namque
2489 5757 2910 5816 consecrationis
2931 5761 3258 5834 praescripta:
3277 5760 3544 5828 ccclesite,

1969 5865 2030 5914 ut
2053 5857 2302 5930 superius
2341 5861 2822 5912 commemoratum
2854 5863 2954 5924 est,
2983 5857 3195 5914 censuit
3219 5853 3548 5928 supradictis
