4044 6326
485 373 556 431 Π
1515 375 1791 434 ALDRICI
1827 369 2358 433 CENOMANENSIS
2393 367 2702 429 EPISCOPI
3696 371 3772 428 ιε

485 484 766 558 canonicis
794 500 850 552 et
879 493 974 552 Dei
1015 494 1191 551 servis
1215 493 1379 550 matri
1407 501 1463 549 et
1493 493 1694 550 seniori
1716 489 1954 547 civitatis
1978 505 2068 546 ec-
2097 490 2149 553 Α
2175 485 2450 551 ecclesiae,
2491 501 2654 557 quam
2694 481 2860 552 infra,
2880 482 3178 540 claustrum
3224 485 3608 543 canonieorum
3652 483 3774 556 jam

484 589 665 647 elesia:
709 587 1097 644 famulantibus
1131 587 1249 642 dari
1295 587 1362 643 de
1405 587 1518 656 jam
1547 587 1692 642 dicto
1737 584 2071 640 monasterio

483 681 659 737 sancti
705 679 1006 737 Salvatoris
1057 679 1126 734 de
1167 693 1305 751 pane
1344 679 1548 750 optimo
1577 676 1788 733 modios
1815 684 2068 746 quatuor,

481 776 627 832 etde
647 773 776 830 vino
804 774 1011 844 optimo
1036 772 1247 829 modios
1271 781 1410 840 tres,
1429 779 1486 828 et
1503 785 1735 842 quarum
1757 770 1826 826 de
1850 770 2072 840 potione

481 867 712 939 optima,
743 865 1028 937 friscingas
1057 880 1189 922 vero
1215 865 1532 921 vervecinas
1567 865 1702 918 duas
1728 870 1782 918 et
1816 862 2071 935 porcinas

483 958 738 1014 similiter
777 958 932 1014 duas.
961 957 1269 1014 Constituit
1294 957 1459 1012 etiam
1501 963 1561 1010 ut
1587 953 1704 1024 jam
1747 955 1876 1010 dicti
1904 969 2072 1010 cano-

481 1050 590 1106 nici
619 1045 854 1122 pleniter
888 1058 946 1106 et
973 1049 1229 1106 decenter
1254 1048 1504 1104 venirent
1530 1062 1654 1104 cum
1681 1047 1987 1118 psallentio,
2017 1045 2074 1101 id

484 1151 569 1196 est
622 1157 756 1196 cum
785 1141 1040 1198 crucibus
1085 1149 1143 1196 et
1185 1139 1410 1211 reliquis
1457 1137 1655 1194 divinis
1698 1137 1975 1207 obsequiis
2019 1145 2075 1192 et

484 1235 842 1299 ornamentis,
879 1243 940 1288 ut
986 1235 1170 1299 decet,
1214 1232 1482 1288 nobilibus
1515 1232 1585 1286 ad
1618 1245 1874 1300 vesperas
1903 1240 1958 1285 et
1994 1229 2076 1284 vi-

487 1325 644 1400 gilias
668 1325 779 1396 jam
824 1326 982 1381 dicta:
1009 1324 1322 1381 festivitatis
1371 1333 1426 1379 et
1471 1323 1828 1379 dedicationis
1857 1321 2072 1378 Domini

485 1419 789 1482 Salvatoris
823 1429 878 1475 et
909 1419 1076 1491 ipsius
1102 1419 1416 1475 monasterii
1443 1413 1709 1483 ecclesiae,
1743 1421 1798 1472 in
1830 1432 1935 1488 qua
1966 1426 2075 1472 tam

482 1512 844 1582 vespertinale
873 1529 1036 1586 quant
1058 1521 1114 1570 et
1141 1511 1459 1569 matutinale
1481 1527 1576 1568 seu
1606 1511 1822 1567 missale
1839 1510 2076 1568 ofﬁcium

485 1590 846 1659 dedicationis
894 1603 1182 1671 ecclesiae,
1243 1604 1388 1658 sicut
1437 1603 1492 1658 in
1541 1603 1970 1659 sacramentario
2021 1611 2078 1658 et.

480 1693 805 1750 lectionario
853 1695 967 1750 sive
1010 1695 1395 1765 antiphonario
1433 1704 1597 1765 atque
1637 1695 1690 1749 in
1719 1694 1930 1750 caeteris
1953 1692 2082 1750 san?

480 1796 694 1842 ctorum
733 1783 956 1841 Patrum
1000 1786 1263 1842 institutis
1289 1795 1344 1842 et
1373 1785 1770 1842 rationabiliter
1814 1785 2077 1842 ordinatis

2173 578 2352 634 dictus
2379 577 2632 634 Aldricus
2659 577 2944 648 cpiscopus
2989 593 3022 632 a
3049 593 3191 633 novo
3219 579 3543 646 construxit,
3575 579 3772 636 decre-

2175 678 2292 724 tum
2313 678 2400 725 est
2437 677 2496 723 ut
2522 668 2765 739 praedicti
2806 667 3054 723 canonici
3097 681 3154 724 et
3197 669 3367 740 ipsius
3395 669 3636 726 civitatis
3671 671 3774 728 Dei

2173 761 2316 817 servi
2361 769 2418 816 et
2461 759 2758 816 suburbani
2807 774 2999 816 omnes
3044 760 3349 832 presbyteri
3393 770 3450 817 et
3488 760 3672 818 clerici
3699 760 3774 817 ad

2172 853 2348 924 ipsam
2378 852 2777 909 solemnitatem
2803 851 3160 909 dedicationis
3181 852 3429 909 ecclesiae
3452 854 3627 910 sancti
3655 853 3779 910 Ste-

2173 943 2341 1016 phani
2377 959 2536 1000 mane
2564 945 2737 1016 prima
2768 943 3011 1000 revestiti
3036 945 3444 1016 convenientes,
3473 946 3773 1017 unusquis-

2175 1051 2281 1106 que
2327 1036 2586 1092 sacerdos
2634 1036 2690 1091 in
2737 1023 3126 1106 ipsa'ecclesia
3174 1052 3274 1110 pro
3312 1038 3494 1093 anima
3522 1037 3775 1110 praedicti

2173 1125 2376 1182 Aldrici
2422 1126 2701 1197 pontificis
2742 1137 2926 1183 cantet
2973 1128 3204 1204 missam,
3245 1143 3443 1196 unam;
3499 1137 3556 1185 et
3582 1129 3629 1184 si
3655 1145 3773 1184 am-

2173 1219 2316 1292 plius
2346 1220 2600 1287 voluerit,
2635 1221 2688 1276 in
2725 1221 2894 1290 ipsius
2921 1220 3027 1276 erit
3050 1220 3383 1294 benignitate
3417 1229 3473 1278 et
3500 1230 3778 1292 potestate

2176 1323 2240 1368 ut
2270 1314 2451 1370 faciat.
2478 1314 2546 1369 Et
2572 1314 2942 1386 unusquisque
2981 1315 3210 1371 clericus
3235 1314 3475 1388 psalmos
3504 1315 3779 1387 quinqua-

2175 1407 2364 1478 ginta;
2395 1415 2449 1461 et
2476 1405 2522 1461 si
2551 1404 2782 1475 amplius
2812 1405 3064 1472 voluerit,
3089 1406 3144 1461 in
3176 1405 3347 1476 ipsius
3376 1406 3483 1462 erit
3511 1405 3767 1478 benigni-

2176 1509 2289 1557 tate
2313 1507 2370 1556 et
2397 1498 2767 1556 misericordia
2797 1499 2917 1556 sine
2939 1500 3382 1556 remuneratione
3405 1510 3462 1556 ct
3481 1508 3774 1572 potestate,

2177 1601 2400 1651 orantes
2442 1601 2498 1648 et
2537 1592 2892 1664 deprecantes
2928 1591 3144 1648 Domini
3196 1591 3628 1665 misericordiam
3673 1593 3778 1649 ob-

2177 1683 2305 1741 nixe
2335 1691 2396 1738 ut
2417 1682 2597 1738 anima
2643 1682 2814 1754 ipsius
2839 1681 3045 1738 Aldrici
3075 1682 3314 1755 episcopi
3343 1683 3526 1754 quiete
3561 1693 3772 1738 aeterna

2179 1775 2287 1832 frui
2316 1775 2512 1842 valeat,
2540 1784 2595 1831 et
2621 1775 2865 1846 requiem
2917 1777 3304 1846 sempiternam
3343 1792 3450 1832 una
3479 1791 3605 1833 eum
3650 1792 3782 1833 san-

479 1894 513 1934 a
540 1879 898 1950 prudentibus
943 1887 1146 1936 sanctae
1170 1880 1264 1936 Dei
1291 1880 1548 1937 Ecclesia:
1581 1879 1884 1936 cultoribus
1925 1879 2073 1934 inve-

2179 1870 2279 1927 ctis
2306 1878 2362 1928 et
2387 1869 2574 1926 electis
2601 1868 2698 1924 Dei
2722 1868 2926 1925 habere
2951 1876 3248 1924 mereatur.
3271 1868 3465 1923 Amen.

479 1968 652 2036 nitur,
680 1967 892 2040 agatur,
920 1977 979 2026 et
1006 1968 1240 2040 pleniter
1266 1970 1627 2041 decenterque
1652 1977 1708 2025 et
1728 1967 2066 2025 rationabili-

480 2066 568 2114 ter
595 2067 757 2130 atque
801 2059 1119 2116 solemniter
1143 2075 1250 2116 una
1279 2077 1403 2117 cum
1434 2061 1716 2118 monachis
1745 2060 1946 2116 ibidem
1978 2060 2073 2116 de-

480 2150 732 2222 gentibus
803 2159 859 2208 et
901 2152 1133 2209 Domino
1182 2151 1568 2210 famulantibus
1611 2153 1958 2210 devotissime
2001 2152 2070 2209 ab

481 2242 735 2298 omnibus
775 2243 1147 2314 perficiantur,
1167 2245 1232 2300 'et
1257 2251 1380 2316 post
1407 2245 1750 2316 vesperasin
1779 2244 1950 2316 ipsius
1973 2244 2071 2300 de-

482 2333 772 2393 dicationis
821 2339 1003 2411 vigilia
1069 2339 1314 2412 praedicti
1371 2341 1616 2397 canonici
1676 2341 1731 2397 in
1763 2333 2071 2398 refectorio

481 2439 606 2480 eum
660 2425 793 2497 ipsis
839 2430 1122 2486 monachis
1169 2431 1334 2487 talem
1379 2430 1751 2488 refectionem
1777 2432 1921 2488 sicut
1968 2431 2072 2502 ipsi

483 2519 738 2574 monachi
768 2536 875 2576 una
907 2537 1031 2578 eum
1055 2513 1148 2579 eis
1172 2525 1430 2581 habeant.
1465 2525 1628 2582 Missa
1653 2521 1798 2583 'vero
1829 2526 2070 2582 crastina

481 2606 539 2664 in
587 2608 676 2664 die
720 2610 889 2682 ipsius
943 2612 1304 2672 solemnitatis
1359 2617 1622 2674 canonice
1656 2626 1712 2674 et
1759 2617 2073 2674 solemniter

484 2697 729 2768 peraCta,
762 2700 967 2758 faciant
1013 2703 1116 2776 ipsi
1161 2707 1408 2762 canonici
1441 2718 1624 2764 utrum
1668 2709 1952 2780 episcopus
1985 2709 2072 2764 vel

477 2791 724 2862 magistri
757 2807 946 2850 eorum
974 2795 1170 2852 melius
1196 2807 1252 2853 et
1273 2799 1652 2857 rationabilius
1679 2800 2072 2872 iudieaverint,

478 2891 576 2940 aut
603 2885 656 2940 in
693 2886 810 2958 ipso
839 2892 1172 2948 monasterio
1199 2893 1447 2949 reficiant
1479 2893 1732 2966 pleniter,
1761 2902 1854 2950 aut
1877 2893 2075 2964 praedi-

479 2985 568 3033 cta
605 2979 874 3050 stipendia
918 2983 986 3038 ad
1024 2998 1214 3038 eorum
1261 2985 1610 3042 refectorium
1654 2985 1842 3042 famuli
1882 3000 2072 3042 eorum

481 3066 756 3134 deferant,
786 3069 839 3124 in
858 3087 967 3142 quo
985 3081 1044 3128 et
1069 3073 1173 3144 ipsi
1199 3074 1432 3144 pleniter
1453 3084 1508 3131 et
1533 3077 1789 3133 decenter
1805 3077 2072 3145 reficiant,

479 3157 728 3218 lactantes
772 3161 972 3236 quippe
1008 3172 1064 3218 et
1091 3166 1388 3236 gaudentes
1413 3167 1480 3222 de
1503 3168 1763 3238 praedicta
1810 3157 2071 3224 solemni-

481 3258 615 3309 tate.

1219 3348 1358 3406 XIX.

556 3437 852 3496 Constituit
876 3439 1045 3497 etiam
1068 3441 1359 3514 praedictus
1383 3441 1654 3511 Aldricus,
1681 3444 1793 3516 jam
1814 3445 1972 3502 dictae
1993 3447 2076 3503 ci-

485 3533 676 3589 vitatis
703 3531 1012 3604 episcopus.
1053 3544 1108 3590 et
1136 3534 1414 3590 humiliter
1437 3535 1757 3608 deprecatus
1781 3546 1886 3605 est,
1932 3549 1992 3594 ut
2021 3540 2076 3596 in

481 3621 722 3694 praefixa:
771 3621 1129 3681 solemnitatis
1155 3623 1245 3681 die
1281 3626 1656 3697 unusquisque
1701 3635 1812 3683 tam
1839 3629 2076 3687 civitatis

483 3715 742 3771 sacerdos
774 3731 936 3788 quam
969 3723 1022 3771 et
1048 3716 1391 3772 suburbanus
1421 3717 1536 3773 sive
1561 3717 1771 3790 praefati
1800 3728 2076 3776 monaste-
2171 3731 2177 3736 '

483 3805 550 3861 rii
579 3807 864 3879 presbyter
889 3822 1055 3862 unam
1081 3807 1416 3875 decantaret;
1444 3809 1570 3866 dum
1615 3810 1669 3866 in
1695 3811 1951 3882 praesenti
1984 3827 2079 3882 pc-

482 3897 852 3969 regrinationc
897 3898 1112 3964 vixerit,
1159 3915 1260 3970 pro
1311 3916 1376 3956 eo
1417 3901 1632 3958 vivente
1676 3902 1922 3968 missam,
1954 3912 2080 3975 post

482 3989 692 4045 obitum
735 4005 949 4061 quoque
995 3991 1131 4062 ejus,
1174 3992 1392 4062 quando
1418 3992 1678 4050 Dominus
1709 3995 1965 4060 voluerit,
2005 3995 2080 4052 si-

484 4079 690 4138 militer
715 4081 998 4138 constituit
1022 4090 1078 4138 et
1101 4081 1415 4154 suppliciter
1440 4077 1764 4155 deprecatus
1783 4091 1888 4151 est,
1916 4095 2081 4156 atque

483 4188 592 4228 una
629 4189 752 4229 cum
784 4173 865 4228 cis
899 4177 1106 4245 pariter
1145 4175 1326 4230 sanxit
1358 4186 1418 4230 ut
1462 4191 1563 4246 pro
1589 4176 1770 4231 anima
1797 4175 1916 4247 ejus
1942 4193 2080 4248 pra:-

484 4265 620 4322 diCti
667 4265 979 4322 sacerdotes
1008 4266 1064 4322 in
1089 4265 1202 4337 jam
1235 4267 1376 4324 dicta
1408 4267 1497 4324 die
1524 4268 1816 4324 decantent
1839 4267 2078 4324 devotis—
2167 4284 2172 4289 ·

483 4356 621 4413 sime
651 4357 1022 4429 unusquisque
1059 4357 1282 4413 missam
1310 4374 1492 4423 unam,
1525 4367 1582 4413 et
1606 4357 1846 4428 reliquus
1875 4357 2076 4425 clerus,

484 4448 667 4504 ctnieti
715 4447 968 4503 videlicet
1012 4449 1261 4502 monachi
1299 4456 1355 4503 et
1383 4448 1652 4514 canonici,
1706 4447 2080 4518 unusquisque
2163 4478 2166 4486 -

483 4537 723 4609 psalmos
757 4538 1144 4608 quinquaginta
1171 4538 1521 4594 devotissime
1555 4539 1826 4606 decantet,
1859 4549 2082 4595 orantes

483 4645 721 4703 namque
761 4631 1048 4686 Dominum
1089 4632 1213 4688 coeli
1249 4641 1310 4687 ut
1345 4633 1516 4687 vitam
1556 4633 1758 4689 habere
1785 4633 2077 4704 praedictus
2106 4615 2158 4678 Ῐ)

483 4726 735 4784 Aldricus
789 4735 1065 4784 mereatur
1123 4727 1531 4798 sempiternam.
1612 4727 1784 4784 Porro
1831 4727 2082 4784 similiter
2165 4751 2170 4755 υ

482 4819 766 4876 constituit
787 4828 845 4874 ut
866 4818 920 4874 in
946 4819 1032 4875 die
1052 4835 1105 4875 ιιι
1131 4819 1244 4875 Cal.
1262 4817 1481 4875 Januar.
1510 4819 1866 4876 dedicationis
1890 4821 2082 4877 matris

483 4920 540 4967 et
583 4908 816 4966 senioris
858 4910 1104 4966 ecclesiae
1149 4911 1387 4967 civitatis
1437 4913 1751 4968 sacerdotes
1793 4920 1849 4967 et
1895 4912 2081 4968 clerici

369 5061 386 5074 ,
487 5003 684 5057 missas
710 5010 766 5056 et
793 5002 1090 5072 psalmodia
1129 5003 1271 5058 sicut
1300 5013 1355 5058 et
1383 5003 1436 5058 in
1470 5001 1809 5061 dedicatione
1837 5004 2080 5060 ecclesia:
2165 5023 2170 5029 ·

488 5093 679 5151 Sancti
726 5091 1025 5152 Salvatoris
1061 5094 1175 5166 jam
1207 5098 1335 5153 dicti
1380 5099 1693 5154 monasterii
1736 5114 1834 5166 pro
1859 5099 2076 5154 Aldrico

485 5193 742 5264 episeopo
780 5193 1176 5249 studiesissimc
1217 5193 1526 5259 decantent,
1558 5193 1610 5248 id
1641 5202 1744 5259 est,
1786 5194 2078 5264 unusquis-
2159 5205 2164 5220 '

484 5295 593 5354 que
618 5283 874 5340 sacerdos
903 5283 1124 5340 missam
1148 5297 1310 5337 unam
1337 5283 1424 5338 vel
1448 5299 1514 5340 eo
1545 5284 1798 5356 amplius,
1829 5286 1872 5343 si
1905 5285 2076 5342 libue-

479 5372 581 5438 rit,
619 5385 674 5432 et
700 5377 1072 5456 unusquisque
1114 5375 1347 5432 clericus
1392 5377 1631 5448 psalmos
1681 5378 2074 5451 quinquaginta

486 5475 545 5526 et
582 5481 648 5523 eo
685 5468 936 5540 amplius,
968 5468 1014 5525 si
1053 5467 1337 5540 placuerit,
1369 5479 1591 5527 orantes
1640 5479 1696 5526 et
1719 5471 2076 5544 deprecantes

487 5552 777 5614 Dominum
808 5558 930 5615 cteli
958 5568 1021 5615 ut
1046 5559 1229 5615 anima
1259 5559 1426 5632 ipsius
1453 5561 1562 5616 vita
1593 5563 1926 5634 sempiterna
1955 5579 2080 5636 per-

486 5645 596 5707 frui
625 5657 682 5706 et
707 5649 894 5722 requie
914 5660 1120 5708 eterna
1145 5660 1441 5711 mereatur.
1468 5653 1660 5712 Amcn.

561 5859 828 5934 ﬁimilitcr
873 5877 1004 5933 ergo
1033 5873 1092 5926 et
1125 5880 1179 5937 in
1210 5769 1548 5938 diﬁcatione
1592 5866 1770 5926 sancti
1811 5865 2077 5940 Stephani

2903 1975 3048 2033 XXI.

2242 2071 2433 2130 Sanxit
2477 2085 2693 2144 quoque
2737 2069 3043 2127 antedictus
3081 2069 3310 2125 domnus
3357 2066 3613 2124 Aldricus
3662 2063 3783 2136 epi-

2177 2181 2375 2238 scopus
2399 2181 2507 2221 una
2533 2181 2656 2222 cum
2681 2163 2941 2219 fratribus
2963 2171 3020 2218 et
3046 2161 3381 2234 coepiscopis
3405 2177 3470 2217 ac
3499 2160 3784 2217 canonicis

2179 2273 2292 2316 sua:
2316 2259 2464 2315 sedis
2489 2258 2771 2325 ecclesiae,”
2791 2255 3160 2313 consideravit
3183 2264 3243 2310 ut
3272 2255 3327 2310 in
3353 2254 3442 2310 die
3477 2253 3784 2309 ordinatio-

2171 2355 2256 2410 nis
2291 2353 2416 2424 ejus
2445 2367 2638 2408 omnes
2667 2351 3114 2424 presbyteri‘tam
3139 2346 3334 2405 urbani
3360 2364 3523 2429 quam
3548 2356 3604 2404 et
3640 2347 3778 2404 sub-

2171 2445 2386 2511 urbani,
2413 2445 2528 2501 sive
2549 2443 2962 2500 monasteriales
2983 2440 3368 2514 relisquunque
3389 2441 3569 2497 clerus
3594 2439 3665 2496 ad
3686 2454 3784 2496 ve-

2172 2557 2362 2614 speras
2389 2549 2444 2597 et
2475 2541 2686 2613 vigilias
2716 2541 2886 2613 ipsius
2933 2539 3264 2606 festivitatis,
3296 2541 3438 2597 sicut
3481 2540 3535 2596 in
3566 2539 3773 2596 natali-

2175 2635 2265 2690 tiis
2293 2635 2675 2706 episcoporum
2722 2634 3077 2690 constitutum
3121 2643 3206 2690 est
3243 2633 3563 2691 solemniter
3593 2649 3778 2706 agere,

2173 2726 2380 2797 pariter
2418 2734 2476 2780 et
2507 2724 2826 2781 solemniter
2851 2726 3223 2794 convenirent,
3263 2735 3321 2783 et
3357 2727 3413 2783 in
3452 2727 3567 2797 ipsa
3603 2725 3780 2784 oﬂicia

2179 2816 2496 2873 solemniter
2532 2832 2656 2871 eum
2702 2816 2837 2888 ipsis
2877 2818 3158 2874 canonicis
3193 2826 3251 2873 et
3274 2818 3620 2875 devotissime
3649 2835 3778 2890 per-

2175 2915 2422 2979 agerent,
2452 2916 2509 2964 et
2537 2917 2661 2979 post
2685 2923 2948 2980 vesperas
2984 2918 3238 2979 peractas
3269 2909 3322 2964 in
3349 2908 3639 2966 refectorio
3671 2925 3778 2965 una

2175 3021 2299 3062 cum
2342 3005 2512 3077 ipsius
2557 3005 2806 3062 ecclesia:
2847 3006 3125 3062 canonicis
3173 3014 3258 3060 ter
3304 3005 3584 3072 biberent,
3615 3013 3671 3061 et
3709 3005 3780 3061 ad

2175 3106 2473 3155 nocturnas
2498 3099 2584 3155 vel
2612 3099 2681 3156 ad
2707 3100 3002 3156 matutinas
3025 3099 3262 3172 pleniter
3283 3109 3471 3171 postea
3503 3101 3775 3166 venirent,

2178 3199 2237 3248 et
2280 3192 2662 3248 matutinalem
2710 3195 2961 3264 synaxim
3005 3209 3109 3248 una
3159 3209 3282 3249 cum
3328 3194 3461 3264 ipsis
3498 3193 3781 3250 canonicis

2180 3285 2504 3342 solemniter
2528 3295 2584 3342 et
2611 3287 2867 3342 decenter
2893 3296 3236 3358 peragerent.
3283 3284 3342 3341 ln
3375 3285 3548 3357 ipsius
3574 3284 3779 3355 quippe

2180 3376 2545 3434 solemnitatis
2570 3377 2658 3432 die
2683 3377 2968 3432 constituit
2996 3386 3160 3446 atque
3184 3375 3366 3432 sanxit
3391 3391 3499 3430 una
3533 3389 3657 3431 eum
3689 3389 3782 3430 sa-

2178 3468 2536 3542 pientissimis
2576 3468 2842 3540 episcopis
2888 3477 3052 3538 atque
3098 3467 3474 3523 sacerdotibus
3519 3479 3782 3524 ut.mano

2177 3562 2357 3632 prima
2385 3577 2580 3618 omnes
2623 3561 2938 3617 sacerdotes
2977 3569 3085 3615 tam
3133 3559 3330 3614 urbani
3359 3573 3520 3628 quam
3553 3567 3609 3614 ct
3648 3559 3780 3614 sub-

2179 3655 2377 3712 urbani
2426 3654 2670 3712 revestiti
2720 3654 2861 3709 infra
2909 3654 3080 3725 ipsam
3132 3661 3363 3709 matrem
3407 3660 3463 3708 et
3505 3653 3779 3708 seniorem

2186 3745 2474 3802 ecclesiam
2513 3746 2888 3812 convenirent,
2943 3754 2998 3802 et
3025 3744 3267 3816 reliquus
3299 3733 3480 3802 clerus
3514 3761 3619 3800 una
3656 3760 3784 3801 cum

2179 3834 2261 3892 eis
2285 3835 2642 3901 adveniat,'et
2663 3836 3037 3908 unusquisque
3066 3836 3351 3908 presbyter
3378 3851 3476 3907 pro
3495 3835 3606 3907 jam
3631 3835 3785 3914 dictq

2172 3926 2400 3984 'Aldrieo
2426 3927 2682 3998 pontifice
2729 3921 2924 3984 missas
2964 3927 3312 3984 devotissime
3360 3928 3612 3984 decantet
3643 3937 3783 3994 tres,

2181 4026 2238 4073 et
2277 4019 2651 4091 unusquisque
2695 4020 2926 4078 clericus
2953 4036 3053 4093 pro
3080 4035 3138 4077 se
3179 4021 3494 4093 psalterium
3525 4020 3785 4077 decantet

2169 4114 2373 4176 unum,
2405 4118 2498 4165 aut
2540 4111 2702 4167 simul
2739 4113 2920 4168 omnis
2949 4112 3128 4169 clerus
3150 4127 3308 4168 versa
3333 4112 3454 4167 vice
3489 4095 3654 4166 unum
3683 4109 3783 4166 de-

2184 4209 2367 4257 cantet
2397 4202 2450 4256 in
2479 4202 2646 4258 choro
2671 4203 3024 4274 psalterium;
3051 4205 3168 4259 haec
3198 4219 3327 4259 vero
3357 4201 3529 4259 oﬂicia
3561 4210 3616 4257 et
3650 4201 3786 4260 mis-

2183 4306 2372 4347 sarum
2417 4293 2682 4350 solemnia
2709 4311 2808 4365 pro
2833 4295 3052 4352 Aldrico
3079 4294 3376 4351 venerabili
3405 4295 3659 4365 episcopo
3685 4295 3786 4352 de-

2183 4386 2466 4442 votissime
2512 4388 2802 4460 completa,
2851 4389 3011 4444 simul
3055 4405 3246 4445 omnes
3286 4389 3354 4444 ad
3386 4389 3686 4460 legitimum
3723 4398 3788 4446 et

2183 4477 2506 4532 canonicum
2533 4486 2746 4548 tempus
2771 4479 2824 4533 in
2855 4479 3131 4549 publicum
3159 4488 3214 4535 et
3239 4479 3480 4536 solemne
3506 4480 3787 4537 introeant

2185 4566 2441 4631 officium,
2486 4569 2630 4625 sicut
2675 4569 2730 4624 in
2773 4571 3035 4627 natalitiis
3076 4571 3391 4642 pontificum
3430 4571 3612 4628 facere
3650 4586 3788 4628 con-

2184 4661 2434 4717 stitutum
2481 4673 2584 4718 est.
2635 4662 2767 4719 Post
2810 4673 2991 4720 actum
3036 4679 3254 4736 quoque
3297 4663 3574 4735 publicum
3615 4671 3786 4736 atque

2183 4755 2426 4812 solemne
2455 4752 2712 4820 ofiicium,
2745 4757 2906 4812 simul
2951 4768 3061 4812 tam
3103 4756 3203 4828 ipsi
3245 4757 3496 4813 canonici
3531 4772 3695 4828 quam
3727 4765 3787 4814 et

2165 4847 2374 4902 omnes
2400 4845 2580 4902 clerici
2611 4848 2679 4902 ad
2714 4848 2974 4918 praedicta
3017 4847 3193 4905 ofh'eia
3228 4849 3535 4921 peragenda
3582 4863 3787 4905 conve-

2185 4939 2398 4995 nientes
2444 4939 2498 4994 in
2527 4938 2879 4996 refectorium
2909 4942 3117 5010 pariter
3145 4951 3200 4996 et
3225 4940 3554 4998 sufficienter
3587 4941 3786 4998 solem-

2186 5033 2436 5102 niterque
2471 5030 2723 5088 reficiant
2748 5032 2816 5088 de
2843 5034 3130 5104 praebenda
3153 5047 3272 5105 qua:
3296 5032 3398 5097 eis,
3423 5033 3490 5087 ad
3517 5032 3780 5103 praedicta

2185 5121 2361 5180 ofﬁcia
2407 5125 2712 5197 peragenda
2759 5135 2816 5180 et
2854 5125 2922 5180 ad
2966 5125 3141 5196 ipsam
3188 5124 3584 5182 solemnitatem
3634 5139 3786 5180 com-

2183 5217 2460 5290 plcndam,
2490 5234 2520 5272 a
2544 5217 2767 5290 praefixo
2791 5217 3014 5274 Aldrico
3041 5219 3173 5274 dare
3199 5218 3265 5273 de
3287 5217 3410 5272 villa
3431 5217 3587 5290 cujus
3615 5231 3784 5272 voca-

2185 5311 2368 5367 bulum
2407 5321 2494 5369 est
2515 5311 2784 5368 Buxarias
2825 5312 3104 5368 decretum
3155 5321 3276 5379 est,
3323 5312 3462 5368 sicut
3511 5311 3565 5366 in
3615 5319 3786 5366 testa-

2187 5415 2373 5462 mento
2399 5405 2466 5461 de
2490 5407 2608 5477 ipsa
2631 5404 2758 5461 villa
2795 5404 3057 5462 fratribus
3083 5420 3114 5460 a
3137 5406 3401 5478 jamdicto
3426 5404 3644 5460 A-ldrico
3667 5405 3784 5480 epi-

2185 5511 2350 5568 scopo
2373 5496 2598 5569 praefato
2620 5509 2676 5554 et
2703 5497 2756 5553 in
2782 5513 2848 5554 eo
2875 5498 3080 5569 scripto
3105 5507 3268 5570 atque
3293 5496 3508 5552 firmato
3538 5512 3569 5550 a
3597 5493 3783 5550 multis

2184 5590 2455 5662 episcOpis
2497 5590 2855 5648 constitutum
2897 5600 3003 5648 est.
3045 5591 3312 5648 Praedicta
3337 5605 3470 5646 vero
3511 5588 3784 5646 festivitas

2182 5689 2241 5738 et
2275 5681 2548 5738 antedicta
2590 5681 2813 5740 refectio
2858 5681 3086 5738 fratrum
3140 5697 3260 5755 qua
3307 5682 3470 5738 modo
3515 5679 3780 5752 agiturin

2181 5789 2262 5831 xu
2308 5773 2668 5831 Calendarum
2701 5775 3083 5832 Januariarum
3131 5777 3238 5845 die,
3294 5791 3415 5848 qua:
3462 5782 3518 5832 et
3546 5789 3655 5830 una
3695 5773 3783 5831 die

2183 5865 2513 5937 anticipatur
2539 5875 2761 5940 propter
2788 5866 3188 5927 dedicationem
3222 5865 3461 5940 pmfixz
3501 5862 3694 5922 matris
3713 5873 3782 5947 et
