4044 6326
236 390 308 447 57
1752 382 1932 443 VITA.

3447 381 3519 444 58

237 512 311 567 de
349 507 623 562 frumento
661 502 866 575 optimo
902 503 1112 560 modios
1149 518 1245 560 sex
1278 511 1336 559 et
1372 503 1441 560 de
1468 505 1594 559 vino
1621 503 1825 574 optimo
1851 508 1905 568 Α
1929 504 2076 559 ciant
2113 512 2224 558 tam
2267 501 2323 558 in
2361 471 2544 560 missis
2582 518 2748 574 quam
2793 510 2849 559 et
2885 501 3198 574 psalmodiis
3243 502 3520 560 humiliter

239 601 454 658 modios
471 607 725 670 quatuor,
743 603 798 652 et
817 595 1036 666 insuper
1055 597 1272 667 potione
1293 611 1412 666 quae
1433 595 1592 669 vulgo
1613 596 1825 652 alixona

238 697 441 753 dicitur
475 693 715 748 modium
755 707 942 758 unum,
988 699 1043 747 et
1085 691 1282 747 arietes
1320 692 1551 762 optimos
1575 701 1824 762 quatuor,

236 797 296 841 et
336 798 534 855 porcos
559 782 796 852 optimos
831 782 986 837 duos.
1015 781 1084 836 Et
1119 781 1173 836 in
1213 782 1567 838 dedicatione‘
1583 783 1828 840 ecclesize

239 878 430 934 Sancti
453 875 732 945 Stephani,
749 891 871 946 qua:
895 884 980 930 est
1005 874 1144 929 infra
1168 875 1464 931 claustrum
1495 885 1826 945 constructa,

239 970 398 1039 cujus
429 967 696 1022 festivitas
726 966 1080 1022 dedicationis
1108 975 1192 1022 est
1237 968 1425 1038 quinto
1451 968 1575 1023 ldus
1606 967 1832 1024 Novem-

237 1061 383 1125 bris,
423 1059 673 1114 similiter
703 1059 939 1113 habeant
975 1058 1173 1113 fratres
1209 1059 1276 1115 de
1315 1059 1588 1116 frumento
1625 1061 1830 1131 optimo

239 1151 457 1207 modios
491 1165 618 1214 sex,
659 1157 715 1205 et
742 1149 810 1205 de
845 1151 971 1206 vino
1003 1151 1208 1220 optimo
1245 1151 1455 1206 modios
1491 1160 1744 1221 quatuor,
1775 1158 1832 1206 et

241 1242 469 1313 insuper
494 1243 562 1296 de
579 1242 801 1312 potione
825 1257 945 1311 quae
970 1243 1169 1298 dicitur
1194 1242 1347 1297 silvia
1378 1243 1616 1298 modium
1640 1257 1826 1308 unum,

247 1341 307 1388 et
338 1330 627 1402 friscingas
649 1332 902 1402 porcinas
925 1332 1195 1401 perbonas
1219 1334 1372 1400 duas,
1397 1343 1452 1389 et
1478 1333 1676 1389 arietes
1701 1348 1831 1404 qua-

243 1434 390 1481 tuor.
415 1424 475 1480 In
495 1426 870 1481 anniversario
891 1427 1054 1482 etiam
1079 1427 1436 1484 ordinationis
1467 1435 1685 1494 nostrze,
1711 1443 1832 1498 quae

240 1517 868 1582 colebaturduodecimo
895 1517 1008 1572 Cal.
1036 1517 1342 1585 Ianuarias,
1368 1534 1488 1590 quae
1520 1527 1696 1575 tamen
1730 1535 1829 1575 an-

238 1608 506 1677 ticipatur
530 1623 637 1662 una
665 1607 754 1662 die
780 1617 1000 1678 pr0pter
1024 1608 1417 1665 dedicationem
1448 1611 1641 1666 matris
1665 1618 1722 1666 et
1747 1625 1832 1666 se-

237 1701 417 1755 nioris
447 1709 646 1756 nostra:
677 1700 823 1756 sedis
843 1701 1105 1767 ecclesiae,
1134 1716 1254 1771 qua:
1287 1713 1371 1757 est
1399 1702 1686 1758 undecimo
1713 1702 1830 1758 Cal.

235 1792 551 1858 Ianuarias,
585 1794 822 1849 habeant
854 1795 1093 1864 praedicti
1125 1794 1323 1850 fratres
1362 1795 1429 1850 ad
1461 1811 1648 1852 eorum
1685 1797 1828 1852 refe—

1928 611 2233 666 precamur.
2267 594 2392 652 Haec
2421 611 2552 665 ergo
2580 598 2764 651 omnia
2796 596 3084 668 diligenter
3110 605 3353 666 peracta,
3385 598 3518 654 hora

1930 690 2087 744 tertia
2139 689 2192 743 in
2239 688 2511 760 publicum
2571 689 2842 745 introeant
2885 688 3140 756 ofﬁcium,
3189 689 3358 760 ipsius
3409 689 3518 746 diei

1930 782 2179 839 festivam
2226 791 2545 856 peragentes
2593 783 3012 839 solemnitatem.
3063 782 3291 839 Peracto
3336 792 3519 840 autem

1899 875 2243 955 _solemniter
2277 876 2546 944 pnedictaa
2587 875 2897 931 festivitatis
2931 873 3125 941 ollicio,
3164 883 3292 930 tune
3336 876 3391 930 in
3432 891 3524 930 re-

1931 967 2161 1023 fectorio
2203 984 2305 1022 una
2333 984 2454 1023 cum
2485 967 2760 1037 praedictis
2784 966 3260 1023 monasterialibus
3302 976 3356 1021 et
3394 967 3523 1022 sub-

1915 1059 2560 1114 'urbanissaeerdotibus
2601 1075 2666 1114 ac
2710 1059 2927 1115 clericis
2954 1059 3204 1131 religiose
3232 1059 3521 1114 lectionem

1933 1153 2189 1209 continuo
2213 1153 2494 1208 audientes
2518 1160 2574 1208 et
2596 1153 2939 1208 intendentes
2964 1151 3370 1223 religiosissime
3397 1164 3520 1204 cum

1934 1245 2149 1300 silentio
2192 1229 2468 1300 reficiant.
2499 1241 2615 1298 Hoc
2652 1258 2782 1314 ergo
2823 1257 3164 1313 summopere
3205 1241 3524 1312 suppliciter

1933 1336 2162 1392 obsecro
2193 1342 2411 1391 sanctos
2451 1348 2797 1390 successores
2834 1349 2986 1390 meos
3010 1343 3065 1389 et
3100 1331 3420 1405 praepositos
3459 1346 3524 1387 ac

1934 1427 2224 1500 magistros
2257 1443 2352 1483 seu
2388 1427 2666 1482 ministros
2698 1426 3084 1482 canonicorum
3113 1427 3521 1497 praedictorum,

1935 1521 2048 1578 sive
2089 1520 2235 1588 ipsos
2273 1519 2565 1575 canonicos
2605 1526 2901 1589 praesentes
2945 1518 3156 1574 scilicet
3193 1527 3248 1572 et
3288 1518 3522 1582 futuros,

1934 1620 1994 1667 ut
2012 1611 2298 1682 praedictos
2319 1609 2655 1666 suburbanos
2670 1624 2766 1664 seu
2785 1607 3196 1664 monasteriales
3217 1606 3528 1663 sacerdotes

1935 1711 1990 1759 et
2008 1702 2235 1758 clericos
2266 1701 2355 1772 qui
2391 1702 2458 1756 ad
2493 1700 2806 1772 praedictam
2855 1700 3204 1755 festivitatem
3250 1699 3520 1764 venerint,

1938 1805 1992 1852 et
2030 1796 2424 1867 suprascriptas
2461 1795 2734 1850 orationes
2759 1809 2858 1864 pro
2887 1807 2974 1848 me
2999 1793 3305 1849 miserrimo
3329 1809 3527 1864 pecca-

234 1886 482 1944 ctionem
521 1886 587 1940 de
619 1884 892 1942 frumento
915 1887 1120 1958 optimo
1151 1887 1360 1943 modios
1384 1902 1502 1953 sex,
1531 1897 1586 1942 et
1611 1891 1677 1944 de
1705 1888 1832 1944 vino
1860 1883 1909 1944 B
1937 1898 2055 1948 tore
2098 1889 2346 1954 fecerint,
2386 1904 2417 1944 a
2461 1896 2762 1944 memorata
2803 1885 3098 1941 refectione
3137 1895 3193 1941 et
3240 1886 3308 1941 ab
3338 1901 3528 1941 eorum

235 1977 448 2048 optimo
470 1977 679 2032 modios
702 1986 952 2048 quatuor,
983 1986 1038 2034 et
1067 1978 1286 2049 insuper
1309 1979 1584 2048 potionem
1612 1980 1678 2034 de
1708 1979 1832 2036 fini-

234 2069 364 2125 culo
394 2070 630 2124 modium
659 2085 846 2135 unum,
871 2078 926 2124 et
947 2069 1014 2123 ad
1039 2070 1217 2140 pisces
1237 2070 1492 2126 emendos
1519 2071 1586 2126 de
1609 2081 1836 2144 argento

234 2164 443 2220 solidos
470 2165 732 2236 quinque,
765 2163 832 2218 de
862 2179 1022 2220 caseo
1052 2173 1234 2218 autem
1274 2165 1512 2220 modium
1559 2181 1746 2232 unum,
1778 2171 1834 2221 et

233 2260 305 2316 de
354 2260 630 2332 legumine
676 2259 880 2329 optimo
925 2259 1176 2315 similiter
1237 2259 1478 2315 modium
1530 2275 1720 2313 unum.
1774 2257 1834 2313 In

235 2353 580 2408 dedicatione
618 2367 750 2408 vero
789 2352 991 2412 absidte
1031 2351 1220 2407 matris
1265 2361 1321 2407 et
1360 2352 1592 2407 senioris
1634 2360 1835 2408 nostrae

234 2443 387 2499 urbis
409 2443 654 2500 ecclesia!
671 2452 727 2500 et
748 2445 1190 2500 reconciliatione
1211 2445 1381 2514 ipsius
1403 2444 1646 2500 ecclesiae
1669 2458 1831 2514 quam

236 2538 453 2592 noviter
488 2537 752 2593 aedificavi
791 2547 953 2607 atque
985 2537 1320 2594 reaedificare
1349 2538 1553 2604 studui,
1584 2552 1747 2608 quam
1777 2545 1834 2593 et

236 2629 295 2684 in
327 2614 529 2685 honore
556 2630 729 2684 sancti
762 2628 1063 2685 Salvatoris
1089 2638 1144 2686 et
1173 2630 1228 2685 in
1255 2631 1475 2686 nomine
1503 2638 1704 2685 sancta:
1732 2629 1831 2686 Dei

233 2721 524 2798 genitricis
545 2720 728 2776 Mariae
756 2711 1178 2791 sancto'rumque
1206 2730 1504 2792 martyrum
1541 2719 1829 2791 Stephani,

233 2811 483 2870 Gervasii
521 2821 576 2869 et
611 2811 875 2880 Protasii,
906 2813 1176 2884 simulque
1209 2815 1261 2870 in
1293 2815 1501 2869 honore
1527 2823 1582 2868 et
1607 2829 1833 2870 venera-

233 2905 386 2960 tione
406 2907 646 2960 omnium
673 2914 983 2962 sanctorum
1006 2907 1293 2962 undecimo
1313 2905 1429 2961 Cal.
1449 2905 1701 2961 Januaria
1711 2922 1831 2960 rum

233 2999 346 3068 die,
361 3016 485 3056 cum
502 2999 622 3056 aliis
648 3001 918 3071 episcopis
941 3009 997 3056 et
1023 3000 1394 3057 sacerdotibus
1421 2999 1608 3056 multis
1635 3000 1830 3055 solem-

234 3097 382 3150 niter
410 3097 676 3161 dedicavi,
705 3104 760 3152 et
788 3096 1080 3151 multorum
1121 3104 1436 3152 sanetorum
1477 3094 1736 3165 reliquias
1773 3095 1827 3148 in

234 3203 298 3244 ea
327 3189 565 3259 propriis
597 3189 847 3244 manibus
873 3189 1156 3254 collocavi,
1185 3189 1301 3244 sive
1331 3188 1397 3242 de
1434 3201 1662 3258 corpore
1697 3201 1827 3256 pro-

233 3282 356 3352 prio
404 3291 720 3337 sanctorum
771 3292 1069 3354 martyrum
1114 3281 1361 3338 Gervasii
1406 3289 1460 3336 et
1507 3279 1741 3336 Protasii
1774 3280 1828 3334 in

233 3373 586 3428 confessione
611 3374 837 3430 senioris
859 3375 1048 3430 altaris
1076 3374 1336 3443 reliquias
1364 3372 1666 3429 dedicando
1687 3413 1702 3437 ,
1733 3373 1830 3428 de-

234 3474 433 3522 center
478 3468 771 3537 composui.
817 3467 873 3522 ln
917 3467 1034 3538 ipsa
1081 3483 1211 3538 ergo
1259 3465 1552 3524 festivitate
1597 3466 1832 3521 habeant

230 3558 349 3627 jam
372 3559 501 3614 dicti
532 3558 729 3615 fratres
754 3560 823 3616 de
857 3558 1131 3615 frumento
1162 3561 1368 3632 Optimo
1395 3559 1604 3614 modios
1631 3573 1746 3623 sex,
1765 3557 1831 3612 de

235 3652 367 3706 vino
395 3656 584 3707 autem
627 3654 835 3722 Optimo
866 3655 1077 3710 modios
1105 3662 1361 3724 quatuor,
1409 3655 1629 3724 insuper
1668 3661 1723 3708 et
1761 3651 1830 3708 de

236 3751 393 3798 costo
419 3743 623 3812 optimo
659 3743 894 3798 modium
933 3760 1131 3811 unum,
1163 3753 1220 3800 et
1256 3745 1323 3799 ad
1358 3745 1535 3814 pisces
1571 3744 1829 3800 emendos

237 3833 442 3890 solidos
468 3836 726 3904 quinque,
759 3838 822 3890 de
851 3851 1010 3892 caseo
1033 3852 1164 3892 vero
1191 3837 1430 3892 modium
1455 3852 1642 3902 unum,
1676 3845 1732 3892 et
1761 3837 1828 3892 de

238 3926 508 3998 legumine
531 3929 781 3984 similiter
807 3929 1043 3985 modium
1068 3945 1257 3985 unum.
1289 3929 1416 3984 Haec
1441 3940 1621 3985 autem
1644 3929 1827 3986 omnia

238 4020 304 4075 de
337 4020 562 4091 pmfata
590 4022 713 4076 villa
745 4021 1008 4078 Buxarias
1045 4023 1358 4078 memoratis
1393 4021 1687 4087 fratribus,
1730 4037 1826 4077 ve-

237 4110 337 4166 luti
367 4113 647 4182 praefixum
673 4123 776 4180 est,
809 4115 1156 4171 devotissime
1183 4115 1582 4171 ministrentur.
1618 4114 1694 4169 Ea
1723 4114 1830 4170 sei-

235 4201 367 4260 licet
411 4206 621 4261 ratione
657 4208 773 4262 haec
813 4207 915 4262 illis
951 4209 1081 4263 dare
1118 4208 1430 4263 censuimus
1459 4216 1518 4262 ut
1541 4206 1828 4277 praedictas

237 4297 478 4367 quinque
513 4296 837 4354 festivitates
873 4300 1147 4369 saepedicti
1185 4300 1385 4354 fratres
1430 4297 1744 4353 solemniter
1773 4304 1830 4353 et

235 4389 590 4445 devotissime
627 4390 902 4445 celebrent
941 4390 1368 4462 adjunctossibi
1415 4388 1829 4444 monasteriales

236 4495 452 4545 omnes,
484 4482 600 4537 sive
631 4483 967 4538 suburbanos
1006 4485 1410 4538 sacerdotes.et
1448 4480 1686 4551 reliquos
1713 4480 1826 4536 cle-

238 4575 414 4640 ricos,
445 4575 537 4644 qui
579 4575 633 4629 in
671 4576 1009 4646 supradictas
1038 4575 1389 4631 festivitatum
1419 4573 1631 4646 vigilias
1659 4575 1825 4630 devo-

239 4666 449 4720 tissime
497 4667 753 4731 veniant,
795 4675 850 4720 et
895 4676 1022 4722 tunc
1062 4683 1222 4721 mane
1261 4667 1438 4738 prima
1487 4666 1729 4722 revestiti
1766 4657 1848 4721 in'

235 4757 470 4812 ecclesia
509 4757 666 4827 cujus
706 4756 975 4814 festivitas
1006 4759 1310 4814 celebratur
1352 4758 1700 4814 devotissime
1731 4759 1826 4813 ad-

235 4862 359 4902 esse
383 4858 701 4918 procurent,
725 4851 1067 4905 ministrante
1094 4858 1275 4906 autem
1302 4851 1382 4906 eis
1408 4852 1632 4907 custode
1658 4849 1828 4920 ipsius

233 4937 485 4994 ecclesiae
513 4938 724 4996 oblatas
751 4952 805 4998 et
836 4943 1018 4997 vinum
1049 4941 1375 4997 sullicienter
1412 4941 1544 4996 inibi
1587 4957 1682 5012 per
1717 4939 1828 4996 sin-

233 5029 361 5104 gula
384 5030 578 5086 altaria
605 5049 704 5104 pro
740 5049 827 5090 me
850 5043 1158 5104 peccatore,
1195 5035 1320 5089 dum
1353 5033 1631 5098 advixero,
1663 5046 1830 5086 unus-

233 5125 470 5195 quisque
497 5129 751 5183 sacerdos
779 5128 997 5183 missam
1021 5130 1269 5184 decantet
1293 5143 1456 5183 unam
1490 5134 1545 5183 et
1574 5125 1826 5196 amplius,

235 5217 284 5272 si
311 5217 528 5273 libuerit
567 5227 622 5274 et
649 5221 892 5275 charitas
920 5220 1334 5302 ministraverit,
1377 5229 1433 5276 et
1465 5220 1832 5290 unusquisque

237 5310 474 5367 clericus
508 5313 747 5384 psalmos
771 5315 1161 5388 quinquaginta
1188 5323 1244 5370 et
1265 5315 1519 5385 amplius,
1542 5321 1827 5386 quantum,

241 5403 463 5459 dilectio
489 5413 543 5460 et
576 5422 730 5462 amor
760 5408 854 5463 Dei
900 5409 1258 5480 instigaverit.
1297 5407 1448 5478 Ipsos
1476 5416 1657 5462 autem
1687 5405 1832 5478 psal-

241 5510 362 5548 mos
384 5504 490 5549 tam
523 5497 624 5566 ipsi
660 5499 904 5554 canonici
932 5515 1093 5570 quam
1123 5508 1177 5555 et
1206 5499 1500 5556 suburbani
1529 5497 1614 5553 vel
1645 5513 1832 5554 mona~

238 5585 488 5640 steriales
535 5587 718 5643 clerici
767 5590 989 5646 alterius
1033 5591 1185 5646 chori
1231 5592 1286 5646 in
1332 5585 1556 5661 prmfata
1597 5590 1828 5646 ecclesia

237 5676 482 5731 vicissim
554 5679 846 5736 decantare
902 5685 1172 5738 studeant.
1243 5681 1373 5737 Post
1437 5682 1641 5737 obitum
1697 5697 1828 5737 vero

237 5782 454 5834 meum,
484 5770 701 5840 quando
739 5771 881 5827 Deus
919 5774 1178 5837 voluerit,
1210 5773 1264 5827 in
1299 5772 1570 5845 prmdictis
1618 5771 1826 5827 festivi-

239 5862 447 5922 tatibus
481 5862 681 5922 futuris
708 5867 1037 5942 temporibus
1065 5868 1314 5926 similiter
1337 5881 1436 5940 pro
1461 5866 1714 5924 defuncto
1743 5865 1826 5924 fa-

1937 1983 2227 2042 refectorio
2254 1997 2286 2036 a
2310 1997 2370 2038 se
2398 1996 2506 2036 non
2534 1979 2857 2046 excludant;
2891 1980 2985 2034 sed
3011 1979 3058 2033 si
3083 1977 3263 2048 aliqua
3294 1977 3530 2033 necessi-

1937 2085 2046 2132 tate
2091 2075 2294 2130 factum
2337 2072 2522 2138 fuerit,
2564 2081 2693 2128 tunc
2736 2079 3037 2126 statuentes
3080 2069 3432 2140 imploramus
3471 2075 3532 2123 ut

1935 2187 2077 2227 unus
2108 2169 2492 2226 canonicorum
2527 2168 2664 2223 bene
2711 2152 2982 2221 fidelis‘de
3019 2163 3291 2235 praedictis
3321 2163 3531 2233 stipen-

1936 2264 2041 2320 diis
2068 2241 2187 2334 quae
2215 2262 2283 2317 de
2307 2267 2605 2315 memorata
2635 2258 2761 2312 villa
2774 2257 3037 2312 Buxarias
3059 2255 3399 2317 tribuuntur,
3432 2267 3530 2308 ac-

1936 2356 2102 2427 cipiat
2126 2369 2292 2409 unum
2334 2352 2572 2409 modium
2611 2350 2768 2422 panis
2801 2357 2854 2405 et
2883 2347 3113 2404 alterum
3142 2346 3277 2411 vini,
3312 2345 3531 2414 insuper

1935 2450 2084 2508 etde
2113 2451 2226 2521 jam
2257 2449 2400 2504 dieta
2437 2446 2656 2518 potione
2697 2443 2935 2500 sextaria
2972 2449 3238 2512 quatuor,
3276 2446 3332 2494 et
3360 2452 3528 2493 unam

1937 2543 2250 2613 friscingam
2295 2539 2509 2610 qualem
2554 2537 2832 2593 meliorem
2879 2534 3167 2598 invenerit,
3203 2540 3260 2589 et
3302 2547 3369 2588 ex
3417 2530 3526 2595 his,

1936 2637 2040 2692 illis
2071 2643 2342 2706 praeparet
2387 2632 2526 2688 infra
2564 2632 2842 2703 praeﬁxum
2881 2628 3178 2684 claustrum
3225 2627 3279 2681 in
3323 2624 3528 2702 optimo

1935 2727 2054 2783 loco
2083 2729 2272 2782 devote
2307 2734 2361 2780 et
2397 2724 2646 2793 religiose
2681 2731 2737 2778 et
2761 2720 3112 2776 refectionem
3143 2718 3357 2787 plenam
3387 2733 3402 2781 ;
3431 2715 3527 2770 sed

1934 2820 2106 2890 magis
2145 2827 2271 2888 opto
2311 2826 2366 2872 et
2405 2816 2627 2886 supplex
2659 2815 2921 2884 deprecor
2958 2820 3019 2866 ut
3060 2826 3185 2866 cum
3226 2806 3530 2878 smpedictis

1933 2911 2212 2968 canonicis
2253 2909 2454 2964 nostris
2501 2910 2554 2962 in
2598 2905 2886 2960 refectorio
2927 2918 3052 2958 cum
3096 2901 3200 2956 illis
3232 2898 3529 2971 religiosis-

1934 3003 2071 3058 sime
2118 3000 2394 3062 reﬁciant,
2442 2997 2755 3053 solemniter
2807 3008 3023 3065 quoque
3072 2991 3357 3074 praedictas
3411 2989 3528 3043 dies

1935 3094 2210 3156 ducentes,
2236 3101 2294 3148 et
2321 3092 2386 3146 de
2413 3090 2576 3145 tantis
2605 3086 2990 3144 festivitatibus
3024 3085 3298 3147 laetantes,
3331 3083 3527 3137 Deum-

1934 3199 2038 3254 que
2060 3185 2112 3238 in
2133 3183 2384 3238 omnibus
2404 3181 2684 3235 laudantes
2705 3194 2770 3234 ac
2795 3181 3150 3248 deprecantes
3176 3183 3236 3228 ut
3267 3171 3532 3242 tranquil-

1936 3277 2040 3331 lam
2074 3277 2213 3330 hanc
2239 3276 2437 3346 degere
2470 3273 2687 3327 valeant
2725 3273 2912 3338 vitam,
2952 3279 3008 3326 et
3049 3267 3272 3340 praemia
3311 3274 3529 3322 aeterna:

1935 3367 2059 3422 vitae
2086 3367 2365 3437 percipere
2406 3373 2736 3420 mereantur.
2769 3363 2992 3432 Insuper
3023 3362 3088 3416 de
3121 3357 3393 3429 praedictis
3430 3356 3530 3411 sti-

1933 3459 2464 3530 pendiis’deprecans
2477 3464 2698 3512 sanctos
2719 3468 3062 3511 successores
3076 3466 3227 3507 meos
3248 3457 3411 3519 atque
3431 3447 3528 3502 mi-

1936 3553 2142 3606 nistros
2187 3550 2426 3622 praefata:
2479 3548 2670 3604 matris
2718 3545 2962 3603 ecclesiae
3011 3551 3317 3606 contestor,
3365 3547 3526 3610 atque

1934 3652 2247 3700 contestans
2283 3642 2560 3697 humiliter
2591 3641 2873 3711 deprewr,
2902 3647 2962 3693 ut
2987 3652 3155 3691 unum
3180 3633 3420 3690 modium
3459 3631 3527 3687 de

1932 3735 2154 3806 prmfixo
2177 3750 2326 3804 pane.
2351 3749 2448 3804 per
2483 3732 2722 3804 singulas
2757 3731 2872 3802 jam
2909 3729 3083 3784 dictas
3119 3725 3441 3782 festivitates
3469 3731 3526 3779 et

1933 3830 2098 3885 alium
2144 3829 2210 3883 de
2265 3828 2522 3898 praedicto
2567 3826 2717 3890 vino,
2759 3833 2815 3879 et
2854 3822 2923 3878 de
2966 3819 3208 3892 praefatis
3253 3815 3526 3887 friscingis

1933 3937 2096 3977 unam
2123 3919 2482 3990 quadraginta
2512 3915 2840 3987 pauperibus
2869 3914 2924 3968 in
2957 3911 3183 3984 singulis
3206 3907 3526 3965 memoratis

1933 4012 2318 4069 festivitatibus
2345 4010 2609 4072 tribuant,
2635 4016 2690 4063 et
2732 4008 2788 4062 in
2829 4007 3037 4077 optimo
3072 4004 3192 4061 loco
3219 4017 3285 4058 ex
3330 4001 3413 4056 his
3443 4000 3523 4055 eis

1933 4105 2283 4162 refectionem
2309 4112 2650 4174 praeparent;
2675 4100 2767 4171 qui
2797 4099 2922 4154 inde
2946 4097 3295 4153 refectionem
3321 4093 3524 4149 haben-

1935 4209 2018 4252 tes
2055 4196 2339 4250 Dominum
2380 4191 2720 4248 Salvatorem
2752 4189 2939 4246 mundi
2972 4187 3312 4250 collaudent,
3342 4192 3397 4238 et
3423 4196 3524 4254 pro

1932 4305 2021 4343 me
2056 4288 2362 4344 miserrimo
2401 4293 2688 4356 peccatore
2726 4283 2850 4338 vivo
2885 4291 3048 4351 atque
3077 4278 3331 4335 defuncto
3365 4289 3526 4332 orare

1931 4378 2206 4445 studeant,
2245 4377 2478 4448 qualiter
2515 4392 2638 4432 cum
2680 4374 2882 4430 sanctis
2921 4383 2971 4428 et
3009 4370 3200 4427 electis
3235 4368 3334 4425 Dei
3366 4377 3527 4424 teter-

1931 4471 2127 4526 naliter
2155 4470 2323 4524 laetari
2349 4469 2579 4534 valeam,
2608 4478 2664 4524 et
2703 4469 2812 4522 vita
2853 4465 2960 4520 frui
2991 4472 3250 4536 perpetua
3289 4475 3522 4515 merear.

1930 4563 2126 4618 Amen.
2175 4562 2445 4633 Quidquid
2487 4570 2666 4616 autem
2715 4561 2770 4615 in
2808 4557 2925 4629 jam
2964 4558 3108 4613 dicta
3139 4555 3262 4610 villa
3295 4552 3526 4624 amplius

1931 4655 2267 4712 elaboratum
2289 4663 2344 4709 et
2370 4654 2692 4724 acquisitum
2719 4667 2885 4722 quam
2907 4649 3156 4720 superius
3179 4648 3233 4702 in
3252 4644 3526 4717 prtedictis

1933 4747 2320 4804 festivitatibus
2365 4746 2778 4801 ministrandum
2829 4744 3092 4799 insertum
3127 4748 3211 4797 est
3246 4739 3315 4795 de
3351 4735 3526 4808 quali-

1934 4855 2146 4909 cunque
2177 4837 2325 4908 justo
2365 4838 2580 4908 ingenio
2608 4836 2694 4892 vel
2735 4842 2873 4900 arte,
2906 4835 3008 4889 hoc
3037 4833 3212 4904 ipsum
3242 4829 3424 4886 veniat
3453 4826 3520 4880 ad

1935 4947 2279 4988 communem
2327 4932 2611 4986 utilitatem
2660 4929 3044 5001 praedictorum
3074 4927 3325 4990 fratrum,
3360 4930 3416 4977 et
3455 4919 3524 4975 ad

1935 5041 2122 5082 eorum
2148 5024 2501 5080 refectionum
2532 5031 2880 5096 augmentum
2903 5007 3172 5092 proficiat,
3201 5029 3255 5076 et
3284 5016 3416 5072 nihil
3442 5016 3525 5071 eis

1937 5119 2002 5175 de
2025 5119 2330 5189 sumptibus
2357 5117 2593 5189 pncfatae
2626 5117 2764 5172 villae
2792 5133 2824 5172 a
2852 5131 3126 5188 quoquam
3157 5112 3524 5169 substractum

1933 5213 2018 5272 vel
2056 5214 2384 5268 minoratutn
2425 5213 2539 5279 ﬁat,
2571 5221 2629 5267 ut
2655 5211 2826 5284 magis
2858 5228 2921 5268 ac
2951 5211 3125 5282 magis
3154 5205 3366 5263 Domini
3402 5220 3522 5261 om-

1935 5306 2228 5378 nipotentis
2260 5303 2540 5362 servitium
2579 5306 2874 5376 adimplere
2911 5303 3148 5369 valeant,
3179 5309 3233 5356 et
3269 5315 3366 5372 pro
3403 5315 3525 5372 per-

1931 5402 2196 5472 petuitate
2223 5400 2438 5470 imperii
2465 5408 2520 5455 et
2551 5400 2733 5456 domui
2769 5407 2826 5456 et
2855 5396 3086 5454 senioris
3134 5394 3310 5458 nostri
3340 5393 3521 5449 Ludo-

1932 5495 2038 5550 vici
2082 5495 2379 5566 praescripti
2415 5495 2751 5566 piissimique
2788 5490 3134 5562 imperatoris
3165 5497 3220 5548 et
3262 5491 3523 5561 sospitate

1934 5588 2179 5661 conjugis
2207 5597 2262 5642 et
2293 5588 2457 5659 prolis
2492 5587 2607 5659 ejus
2640 5597 2799 5655 atque
2826 5582 3179 5640 invictissima
3211 5584 3293 5640 sui
3314 5582 3524 5640 exerci-

1939 5693 2025 5737 tus
2049 5682 2272 5737 victoria
2303 5696 2530 5736 exorare
2558 5677 2834 5734 humiliter
2856 5674 3174 5743 delectetur,
3197 5685 3253 5731 et
3276 5674 3428 5745 quasi
3453 5671 3521 5727 ad

1935 5773 2159 5844 vestigia
2187 5774 2380 5843 pedum
2404 5785 2590 5826 eorum
2615 5765 2930 5838 provolutus
2951 5766 3216 5838 deprecor
3239 5766 3520 5820 universos

1937 5867 1990 5922 in
2035 5867 2137 5922 hac
2173 5865 2300 5923 sede
2343 5862 2693 5920 succedentes
2729 5867 2788 5916 ut
2826 5861 2968 5918 hanc
3005 5861 3318 5917 firmitatem
3356 5869 3520 5934 quam
