4044 6326
544 303 614 363 59
1597 304 1870 362 ALDRICI
1904 260 2430 359 (zsxomnnxsm
2465 298 2771 356 EPISCOPI
3745 307 3818 362 eo

542 433 641 493 pro
668 432 854 475 amore
887 417 1101 474 Domini
1141 417 1440 475 Salvatoris
1466 427 1521 475 et
1546 421 1893 476 veneratione
1925 426 2128 473 sanctae
2153 419 2205 482 Α
2229 416 2341 472 vini
2384 400 2562 473 cultus
2602 431 2786 472 amore
2837 416 3073 480 fervens,
3127 431 3193 473 ex
3240 417 3490 475 domibus
3519 435 3654 490 quas
3692 422 3817 493 epi-

539 510 635 567 Dei
664 512 942 584 genitricis
974 511 1156 568 Maria:
1196 521 1617 585 sanctorumque
1658 521 1957 584 martyrum
2002 510 2125 568 Ste-

537 602 703 676 plmni
729 644 745 670 ,
781 604 1026 660 Gervasii
1069 611 1124 660 et
1162 603 1427 673 Protasii,
1459 613 1621 677 atque
1656 603 1897 660 omnium
1936 602 1992 658 in
2030 618 2127 659 ve-

540 695 820 780 neratione
860 704 1190 762 sanctorum,
1215 704 1271 752 et
1299 697 1643 769 eleemosyna
1670 694 1946 767 saepedicti
1974 693 2123 750 dom-

538 788 595 844 ni
636 786 895 845 Ludovici
937 790 1301 862 imperatoris,
1335 807 1401 847 ac
1429 805 1525 865 per
1559 789 1677 862 ejus
1712 788 1987 845 licentiam
2025 802 2127 860 pro

538 879 779 950 pondere
820 881 1197 951 peccaminum
1246 897 1491 938 meorum
1536 879 1656 936 ﬁeri
1700 880 2018 946 decertavit,
2068 881 2124 936 in

536 981 858 1044 perpetuum
889 983 1209 1031 conservent
1246 990 1368 1032 esse
1395 976 1738 1031 mansuram.’
1760 974 1933 1043 Quam
1964 975 2125 1031 devo-

534 1063 737 1121 tionem
761 1066 808 1121 si
832 1066 1101 1137 quispiam
1122 1066 1327 1122 violare
1350 1067 1774 1138 praesumpserit,
1798 1077 1925 1125 ante
1954 1067 2125 1124 tribu-

533 1156 623 1212 nal
652 1156 874 1227 Christi,
902 1174 1003 1230 pro
1030 1160 1183 1231 cujus
1214 1175 1399 1217 amore
1426 1161 1530 1219 hoc
1568 1160 1771 1217 factum
1794 1176 1916 1218 esse
1931 1162 2121 1234 digno—

534 1250 726 1318 scitur,
758 1251 1167 1307 tremebundam
1193 1250 1247 1305 in
1272 1250 1535 1321 judicium
1573 1252 1804 1309 deducat
1832 1252 2119 1308 rationem.

532 1338 646 1413 Ego
672 1340 923 1397 Aldricus
951 1340 1330 1398 Cenomaniczc
1354 1342 1505 1399 urbis
1546 1342 1800 1415 indignus
1840 1351 1896 1399 et
1932 1358 2124 1415 pecca-

528 1441 619 1488 tor
655 1433 939 1504 cpiscopus
976 1433 1085 1503 hoc
1124 1442 1510 1491 testamentum
1552 1452 1582 1491 a
1618 1452 1706 1492 me
1744 1435 1944 1493 factum
1995 1436 2121 1492 sub-

527 1528 743 1600 scripsi.
786 1528 1075 1587 Ursmarus
1121 1531 1375 1605 indignus
1408 1531 1697 1588 Turonicze
1747 1532 1900 1589 urbis
1941 1532 2123 1588 archi-

525 1621 810 1693 episcopus
838 1622 964 1678 huic
988 1631 1315 1679 testamento
1341 1640 1585 1681 annuens
1621 1624 1939 1697 subscripsi.
1972 1624 2120 1682 Dodo

518 1711 747 1768 humilis
772 1713 1244 1771 Andecavensium
1267 1715 1494 1772 antistes
1527 1716 1654 1773 huic
1684 1718 1994 1774 testamenti
2027 1718 2121 1774 de-

2226 507 2377 579 scopi
2422 514 2796 564 antecessores
2833 506 2918 562 sui
2947 507 3182 578 propriis
3227 509 3416 564 usibus
3444 510 3647 566 habere
3670 512 3817 569 sole-

2225 605 2372 664 rent,
2446 607 2872 654 memoratornm
2933 597 3320 653 canonicorum
3373 599 3695 658 habitaculis
3752 619 3821 660 ac

2224 687 2393 744 variis
2418 689 2608 745 usibus
2650 687 2979 755 attribuerit,
3012 687 3233 760 illicque
3280 691 3609 745 constructis
3636 700 3694 746 et
3724 707 3816 749 se.-

2224 779 2462 836 cuudum
2511 779 2968 851 opportunitatem
3009 780 3271 852 cujusque
3308 779 3498 837 usibus
3527 782 3817 840 aedificetis

2222 886 2289 927 ac
2306 871 2595 937 decoratis,
2626 886 2723 928 eos
2750 872 3045 929 secundum
3074 874 3456 930 auctoritatem
3480 876 3809 932 canonicam

2224 960 2417 1017 fecerit
2446 963 2714 1019 habitare.
2763 963 2967 1019 Retulit
2999 965 3166 1020 etiam
3206 965 3489 1021 serenitati
3523 976 3725 1022 nostra:
3751 980 3821 1022 eo

2224 1055 2368 1126 quod
2388 1053 2503 1124 jam
2532 1056 2690 1112 dictas
2720 1056 2909 1113 matris
2952 1055 3200 1112 ecclesiae
3237 1055 3557 1127 quibusdam
3604 1056 3810 1112 additis

2220 1146 2478 1202 oratoriis
2524 1147 2755 1218 aliisque
2818 1147 3118 1205 forinsecus
3171 1146 3442 1215 ecclesiis,
3495 1147 3814 1204 solemniter
3874 1196 3883 1204 .

2225 1240 2581 1311 religioseque
2607 1256 2796 1296 eorum
2818 1240 3160 1297 devotionem
3186 1240 3482 1312 adimplere
3511 1241 3814 1308 curarerit.

2225 1334 2444 1390 easdem
2485 1333 2884 1389 dedicationum
2910 1333 3235 1391 festivitates
3277 1333 3515 1405 propriis
3544 1342 3817 1403 tempori-

2222 1429 2325 1485 bus
2367 1426 2685 1484 solemniter
2733 1427 3020 1483 memorati
3054 1425 3325 1493 canonici,
3362 1425 3816 1483 convenientibus

2222 1527 2332 1573 tam
2380 1519 2758 1575 sacerdotibus
2780 1534 2944 1589 quam
2996 1518 3269 1591 religiosis
3296 1517 3450 1574 laicis
3491 1516 3816 1588 reliquoque

2220 1610 2416 1681 populo
2456 1609 2772 1666 solemniter
2816 1610 3097 1666 celebrare
3150 1609 3417 1675 valerent,
3458 1608 3664 1664 eisdem
3721 1620 3816 1664 ca-

2221 1700 2433 1757 nonicis
2455 1701 2749 1772 quamdam
2773 1700 3017 1772 ejusdem
3041 1700 3226 1756 villam
3260 1700 3525 1756 Buxarias
3548 1698 3815 1757 vocabulo

526 1813 678 1859 creto
710 1818 990 1891 assensum
1011 1806 1218 1878 praebui
1245 1816 1303 1862 et
1329 1808 1646 1879 subscripsi.
1673 1808 1840 1865 Jonas
1866 1810 2110 1882 indignus

2217 1809 2317 1866 per
2359 1794 2669 1850 testamenti
2710 1794 3168 1864 conscriptionem
3200 1794 3421 1867 propria
3462 1802 3816 1852 ceterorum-

522 1893 809 1965 episcopus
834 1895 962 1951 huic
992 1904 1319 1954 testamento
1359 1915 1605 1955 annuens
1646 1898 1962 1971 subscripsi.
2002 1901 2115 1973 Ego

521 1983 817 2043 Autcarius
835 1986 1122 2060 Magontiae
1149 1990 1300 2047 urbis
1327 1990 1768 2064 archiepiscopus
1792 1993 2110 2063 subscripsi.

514 2075 793 2135 ’Ebroinus
833 2078 1089 2153 indignus
1133 2083 1421 2157 episcopus
1466 2084 1592 2140 huic
1640 2093 1964 2141 testamento
2018 2100 2117 2141 an-

522 2182 696 2223 nuens
723 2168 1041 2241 subscripsi.
1058 2169 1370 2230 Guntardus
1399 2173 1654 2247 indignus
1679 2178 1964 2249 cpiscopus
1988 2176 2115 2235 huic

523 2264 849 2317 testamento
897 2276 1147 2319 annuens
1199 2264 1519 2335 subscripsi.
1590 2264 1703 2339 Ego
1746 2267 2114 2325 Erchinradus

518 2346 810 2409 Parisiacae
841 2354 993 2411 urbis
1029 2356 1317 2428 episcopus
1357 2358 1462 2415 hoc
1492 2367 1898 2428 testamentum,
1921 2362 2117 2433 deprc-

518 2452 677 2499 cante
708 2444 927 2503 Aldrico
960 2448 1235 2521 episcopo,
1269 2450 1587 2537 subscripsi.
1607 2452 1944 2524 Vyarnarius
1972 2452 2115 2509 indi-

514 2553 656 2608 gnus
700 2539 989 2614 episcopus
1050 2542 1180 2600 huic
1233 2552 1561 2601 testamento
1622 2546 1937 2617 subscripsi.
2000 2545 2115 2619 Ego

518 2629 803 2688 Ecbardus
850 2634 1140 2707 episcopus
1194 2637 1296 2693 hoc
1348 2646 1755 2706 testamentum,
1790 2628 2115 2711 deprecante

520 2716 740 2777 Aldrico
763 2723 1040 2796 episcopo,
1088 2726 1402 2799 subscripsi.
1454 2729 1825 2787 Theodoricus
1859 2730 2116 2789 Camera—

512 2815 696 2870 censis
731 2817 881 2874 urbis
910 2820 1200 2892 episcopus
1228 2823 1333 2878 hoc
1372 2831 1761 2881 testamentum
1790 2826 2109 2898 subscripsi.

512 2903 687 2962 David
730 2908 1152 2985 chorepiscopus
1201 2915 1519 2988 subscripsi.
1576 2917 1815 2975 Ansteus
1875 2921 2112 2978 decanus

515 2996 830 3070 subscripsi.
872 3000 1127 3060 Godenus
1166 3006 1607 3080 archipresbyter
1648 3010 1966 3081 subscripsi.
2012 3011 2108 3067 Ri-

516 3091 714 3146 cardus
747 3095 1033 3167 presbyter
1057 3097 1378 3170 subscripsi.
1400 3099 1695 3159 Dedivinus
1722 3103 2108 3176 archipresby—

2216 1899 2325 1955 que
2363 1885 2739 1955 episcopon
2776 1884 3168 1941 venerabilium
3197 1885 3449 1941 manibus
3494 1885 3813 1941 roboratam

2212 1978 2434 2048 proprie
2457 1978 2809 2050 delegaverit,
2832 1987 3104 2049 quatenus
3150 1979 3206 2034 in
3245 1978 3553 2050 saepedictis
3586 1977 3813 2033 dedica-

2216 2069 2426 2125 tionem
2448 2068 2850 2136 festivitatibus,
2876 2070 3114 2142 prﬁxis
3134 2070 3299 2125 etiam
3327 2069 3652 2139 quibusdam
3679 2068 3814 2124 cen-

2214 2162 2513 2218 ditionibus
2534 2162 2750 2234 dignam
2771 2178 2837 2218 ac
2850 2163 3215 2219 necessariam
3237 2160 3588 2218 refectionem
3607 2160 3816 2218 habere

2215 2255 2478 2311 valerent.
2496 2256 2630 2323 Quae
2648 2271 2746 2311 sua
2763 2254 3030 2311 institutio
3049 2262 3109 2309 ut
3125 2253 3454 2325 perennibus
3468 2251 3814 2323 temporibus

2208 2347 2543 2405 inviolabilis
2562 2348 2858 2419 persistere
2870 2347 3043 2419 possit
3066 2355 3286 2413 nostrae,
3309 2345 3628 2423 supplicavit
3652 2344 3816 2401 celsi-

2214 2440 2388 2495 tudini
2421 2448 2480 2495 ut
2525 2456 2689 2512 super
2729 2440 2872 2496 idem
2918 2439 3264 2496 devotissime
3307 2437 3560 2509 religiose
3588 2435 3811 2492 institu-

2210 2543 2327 2591 tam
2354 2543 2600 2592 nostram
2624 2533 2903 2591 ﬁrmitatis
2927 2534 3101 2606 gratia
3131 2531 3506 2588 auctoritatem
3526 2528 3817 2601 percipere

2212 2637 2538 2694 mereretur,
2570 2642 2668 2699 per
2696 2642 2859 2699 quam
2895 2624 3094 2684 futuris
3118 2623 3457 2697 temporibus
3486 2621 3812 2680 incenvulsc

2210 2732 2378 2794 atque
2407 2722 2789 2779 inviolabiliter
2813 2729 3178 2794 permaneret.
3204 2719 3378 2791 Cujus
3398 2715 3809 2790 supplicationio

2212 2818 2316 2873 bus
2343 2824 2668 2883 annuentes,
2696 2832 2796 2889 per
2821 2815 2926 2871 hoc
2954 2822 3156 2871 nostrae
3179 2811 3520 2869 auctoritatis
3544 2811 3814 2881 scriptun

2213 2916 2534 2977 statuentes,
2559 2909 2902 2965 decernimus
2944 2918 3005 2963 ut
3036 2906 3180 2979 quod
3214 2906 3397 2963 studio
3432 2904 3601 2962 divini
3636 2904 3811 2961 hono-

2211 3002 2290 3058 ris
2343 3011 2399 3058 et
2451 3001 2629 3058 cultus
2681 3000 2933 3072 religiose
2981 3008 3230 3072 patrasse
3282 3008 3449 3071 atque
3503 2997 3812 3055 instituisse

2213 3094 2571 3167 dignoscitur,
2620 3103 2681 3149 et
2732 3092 2845 3163 jam
2893 3092 3039 3148 dicta
3077 3091 3452 3163 inscriptionis
3497 3104 3610 3147 suae
3660 3090 3813 3146 serie

518 3193 600 3238 ter
636 3184 949 3259 subscripsi.
996 3188 1296 3261 Eruardus,
1330 3194 1459 3251 licet
1496 3196 1780 3267 indignus,
1819 3197 2108 3270 presbyter

2216 3185 2485 3241 conscribi
2513 3200 2578 3239 ac
2612 3185 2869 3241 roborare
2916 3196 3025 3240 non
3059 3183 3288 3250 distulit,
3333 3183 3542 3239 cunctis
3591 3190 3807 3254 tempo-

515 3276 833 3349 subscripsi.
854 3279 1119 3340 Geraldus
1142 3286 1460 3359 subscripsi.
1488 3286 1796 3344 Gansuinus
1818 3290 2108 3361 presbyter

513 3370 832 3444 subscripsi.
870 3372 1164 3432 Ascaricus
1192 3379 1475 3452 presbyter
1511 3380 1828 3452 subscripsi.
1870 3381 2106 3438 Alexan-

512 3459 611 3517 der
646 3466 931 3539 presbyter
971 3468 1287 3542 subscripsi.
1331 3469 1641 3529 Gerihanus
1668 3473 1954 3545 presbyter
1978 3475 2107 3532 sub-

512 3556 728 3628 scripsi.
762 3556 1092 3618 Vineboldus
1129 3562 1414 3635 presbyter
1448 3566 1764 3636 subscripsi.
1804 3565 2099 3625 Flodoinus
2155 3592 2161 3606 ·

511 3648 795 3723 presbyter
853 3651 1169 3723 subscripsi.
1229 3652 1585 3711 Flodebertus
1649 3656 1934 3729 presbyter
1985 3658 2109 3715 sub-

512 3740 731 3812 scripsi.
775 3740 1148 3800 Anisacharus
1184 3745 1447 3802 diaconus
1487 3746 1804 3817 subscripsi.
1840 3746 2107 3808 Rodricus

511 3832 773 3889 diaconus
797 3835 1117 3909 subscripsi.
1150 3834 1545 3909 Regnogardus
1590 3837 1835 3899 modicus
1865 3840 2107 3896 subscri-

510 3924 615 3997 psi.
653 3923 912 3984 Vivaldus
951 3930 1315 3996 subdiaconus
1356 3930 1673 4000 subscripsi.
1710 3929 1847 3985 Data
1876 3930 2101 3989 Kalend.

509 4005 683 4087 April.
732 4021 784 4076 in
845 4022 934 4079 die
970 4033 1163 4083 sancto
1208 4023 1452 4088 Pascha),
1514 4040 1659 4080 anno
1712 4025 2104 4083 incarnationis

512 4108 805 4169 Dominicze
826 4115 1281 4188 octingentesimo
1307 4117 1587 4191 trigesimo
1610 4124 1665 4177 et
1686 4118 1939 4189 septimo,
1966 4117 2106 4175 indi-

510 4202 689 4259 ctione
732 4218 864 4260 vero
898 4204 1241 4276 quindecima
1264 4249 1280 4275 ,
1330 4224 1475 4264 anno
1507 4225 1723 4281 quoque
1752 4210 2014 4282 vigesimo
2050 4219 2107 4268 et

510 4297 672 4353 tertio
710 4297 923 4371 imperii
963 4300 1150 4356 domui
1188 4303 1364 4357 nostri
1407 4301 1669 4360 Ludovici
1723 4303 2104 4377 gloriosissimi

510 4386 871 4464 iinperatoris,
924 4403 981 4450 et
1029 4409 1172 4451 anno
1217 4395 1577 4453 ordinationis
1633 4405 1833 4454 nostra:
1888 4397 2099 4469 quinto.

2211 3275 2365 3331 ribus
2392 3283 2610 3329 maneat
2645 3271 3049 3342 inconvulsum,
3095 3289 3199 3333 nec
3222 3274 3491 3346 quispiam
3518 3287 3809 3331 successor

2210 3379 2331 3419 rum
2370 3379 2592 3419 suorum
2638 3362 2709 3420 de
2754 3363 3157 3423 conditionibus
3202 3363 3348 3419 inea
3394 3362 3808 3434 comprehensis

2204 3456 2507 3528 quidquam
2536 3455 2737 3511 audeat
2781 3456 3072 3513 immutare
3099 3462 3193 3511 aut
3220 3463 3578 3512 memoratam
3617 3454 3805 3510 villam

2208 3562 2240 3602 a
2258 3547 2381 3619 jure
2406 3547 2721 3603 earumdem
2742 3547 3128 3607 canonioorum
3152 3547 3471 3603 abstrahere
3487 3536 3806 3618 {sedquidr

2207 3643 2339 3715 quid
2374 3642 2440 3698 de
2464 3656 2527 3699 ea
2558 3642 2855 3699 secundum
2889 3640 3286 3699 institutionem
3313 3639 3454 3711 ejus,
3486 3649 3545 3697 ut
3589 3639 3797 3696 dictum

2202 3747 2317 3804 est,
2369 3738 2625 3795 ordinare
2669 3732 3161 3810 atque'disponere
3213 3737 3486 3795 voluerint
3524 3735 3804 3808 smpedieti

2208 3831 2476 3898 canonici,
2510 3831 2738 3888 liberam
2776 3832 2834 3888 in
2866 3832 3121 3890 omnibus
3164 3830 3401 3888 habeant
3430 3836 3797 3903 p0testatetl;

2201 3934 2476 3996 quatenus
2517 3939 2618 3996 pro
2657 3925 2837 3992 nobis,
2880 3925 3133 3999 conjuge,
3176 3923 3438 3999 proleque
3481 3931 3689 3989 nostra,
3728 3937 3805 3981 ,ac

2207 4018 2502 4075 stabilitate
2530 4019 2697 4073 totius
2738 4019 2951 4090 imperii
2981 4034 3013 4073 a
3060 4018 3175 4075 Deo
3196 4018 3354 4074 nobis
3399 4016 3644 4073 concessi
3692 4015 3803 4071 Dos

2204 4112 2341 4167 mini
2372 4111 2802 4168 misericordiam
2844 4111 3048 4184 jugiter
3086 4110 3304 4167 valeant
3342 4124 3595 4167 exorare.
3646 4104 3804 4165 Etut

2202 4203 2323 4259 hac
2348 4210 2551 4259 nostrae
2579 4203 3010 4261 conﬁrmationis
3031 4204 3333 4260 auctoritas
3352 4202 3559 4259 nostris
3585 4214 3803 4259 succos»

2198 4309 2499 4365 sommqne
2526 4304 2840 4353 nostrorum
2881 4295 3218 4367 temporibus
3246 4293 3613 4351 inviolabilem
3638 4302 3699 4350 et
3718 4294 3802 4355 ia-

2202 4389 2521 4447 convulsam
2568 4391 2814 4447 obtineat
2856 4388 3191 4455 ﬁrmitatem,
3244 4389 3312 4445 de
3358 4387 3558 4445 annulo
3604 4396 3798 4444 nostis

508 4486 707 4545 Actum
733 4502 862 4563 ergo
888 4486 1252 4547 Cenomanica
1285 4490 1343 4547 in
1370 4491 1504 4549 urbe
1526 4490 1745 4567 publica
1773 4492 1831 4555 in
1872 4491 1969 4549 Dei
1999 4508 2101 4549 no-

2216 4482 2391 4539 subter
2416 4496 2539 4538 eam
2570 4480 2834 4552 iussimus
2858 4480 3104 4554 sigillari.

509 4581 657 4638 mine
678 4580 930 4639 feliciter.
968 4582 1163 4640 Amen.

1209 4694 1381 4753 XXX.

435 4793 445 4803 ‘
504 4780 802 4859 Exemplar
836 4790 1085 4864 presenti
1118 4790 1301 4864 donant
1337 4789 1591 4864 Ludovici
1626 4793 1963 4864 imperatoris
2002 4810 2096 4855 stt-

646 4875 742 4933 per
767 4860 1073 4934 prwscripto
1100 4860 1370 4935 priuilegio
1394 4864 1459 4919 de
1494 4863 1615 4919 villa
1642 4860 1931 4920 Biturica.

576 4952 637 5009 In
674 4953 895 5011 nomine
936 4953 1155 5010 Domini
1195 4952 1292 5011 Dei
1320 4964 1377 5011 et
1419 4953 1717 5013 Salvatoris
1757 4958 1932 5014 nostri
1963 4956 2094 5016 Jesu

504 5044 727 5104 Christi.
754 5047 866 5121 Ego
888 5046 1210 5114 Ludovicus,
1237 5049 1416 5105 divina
1441 5050 1828 5129 repropitiante
1856 5052 2096 5108 clemen-

506 5138 603 5205 tia,
634 5140 930 5211 imperator
972 5144 1268 5211 Augustus.
1295 5136 1557 5196 Omnibus
1606 5150 1808 5197 sancta:
1853 5138 1951 5198 Dei
1992 5140 2096 5199 Ec-

503 5230 681 5288 clesia:
706 5242 763 5288 et
792 5232 995 5289 nostris
1024 5232 1274 5290 ﬁdelibus
1308 5233 1668 5307 praesentibus
1693 5242 1749 5290 et
1774 5232 1977 5290 futuris
2002 5250 2096 5290 no-

506 5333 621 5380 tum
648 5327 721 5383 sit
766 5327 892 5398 quia
939 5326 1024 5383 vir
1052 5326 1377 5385 venerabilis
1405 5326 1675 5394 Aldricus,
1714 5325 2093 5383 Cenomanica:

504 5415 654 5472 urbis
682 5418 969 5493 episcopus
1016 5429 1239 5489 nostrae,
1271 5419 1543 5494 suggessit
1592 5419 1994 5475 mansuetudini
2023 5434 2091 5475 eo

501 5509 644 5581 quod
668 5510 980 5582 primordiis
999 5512 1359 5573 ordinationis
1386 5530 1499 5572 suae
1542 5512 1829 5571 confusum
1869 5514 2091 5569 canoni-

500 5617 687 5661 corum
722 5607 912 5663 matris
956 5608 1203 5666 ecclesia:
1236 5609 1345 5667 sibi
1385 5608 1802 5666 commissorum
1835 5605 2087 5661 ordinem

497 5704 807 5773 Statumque
831 5702 1119 5775 invenerit,
1150 5715 1205 5762 et
1234 5704 1534 5763 claustrum
1575 5702 1667 5775 qui
1691 5700 1951 5759 canonice
1999 5703 2084 5757 vi-

485 5804 625 5863 ἄνετε
644 5793 841 5862 debent
864 5807 1091 5867 eatenus
1113 5800 1323 5867 nullum
1362 5801 1681 5870 habuerant,
1729 5798 1825 5859 sed
1847 5799 1961 5873 ipse
2000 5800 2084 5858 di-

2122 4555 2185 4629 Β
2278 4575 2680 4633 Hirminmarus
2726 4575 2974 4633 notarius
3025 4576 3096 4633 ad
3142 4577 3321 4636 vicem
3363 4575 3604 4651 Hugonis
3637 4588 3797 4634 reco-

2203 4673 2365 4746 gnovi
2396 4679 2450 4729 et
2478 4671 2796 4744 subscripsi.

2273 4766 2472 4824 Datum
2498 4764 2942 4838 quatuordecimo
2960 4763 3228 4823 Calendas
3253 4765 3358 4823 Jul.
3384 4780 3549 4834 anno,
3574 4764 3798 4823 Christo

2203 4858 2457 4931 propitio,
2482 4857 2747 4930 vigesimo
2773 4866 2829 4914 et
2854 4857 3019 4914 tertio
3042 4858 3259 4929 imperii
3278 4857 3464 4915 domni
3489 4858 3662 4915 nostri
3684 4856 3797 4914 Lu-

2201 4948 2377 5005 dovici
2402 4948 2631 5021 piissimi
2657 4949 2907 5022 Augusti,
2940 4950 3237 5008 lndictione
3259 4950 3622 5022 quindecima.

2272 5041 2467 5098 Actum
2502 5041 2815 5100 Theodonis
2853 5042 3002 5112 villa,
3032 5043 3237 5117 palatio
3264 5044 3430 5121 regio,
3464 5044 3523 5100 in
3554 5043 3651 5101 Dei
3692 5058 3796 5102 no-

2198 5135 2349 5192 mine
2376 5134 2625 5194 feliciter.
2656 5137 2848 5196 Amen.

2914 5208 3110 5269 XXXI.

2196 5298 2456 5377 διψέων
2482 5302 2751 5376 malm
2777 5304 3033 5377 privileaﬂ
3056 5303 3197 5377 Md
3223 5303 3792 5377 (“ptumum

2270 5304 3795 5460 minuamimminuam

2270 5461 2363 5517 per
2393 5445 2613 5518 ﬂuvium
2653 5445 2883 5518 Sartlur,
2918 5459 2966 5504 et
3012 5446 3284 5503 monachis
3308 5445 3381 5503 ibi
3424 5445 3653 5503 Domino
3705 5447 3791 5517 [a-

2268 5518 2611 5577 mutantibus.

2267 5613 2327 5670 ln
2353 5617 2572 5672 nomine
2615 5626 2817 5674 sanctae
2846 5615 3131 5672 Trinitatis
3156 5624 3213 5671 et
3244 5615 3419 5671 unicae
3448 5590 3785 5671 Divini‘tatis.

2194 5706 2308 5781 Ego
2335 5708 2605 5776 Aldricus,
2634 5708 3009 5766 Cenomanica:
3036 5707 3191 5764 urbis
3230 5708 3485 5781 indignus
3510 5715 3566 5764 et
3590 5720 3788 5778 pecca-

2193 5811 2281 5859 tor
2310 5801 2613 5877 cpiscopus,
2650 5800 3009 5893 illustrations
3036 5798 3233 5890 divinae
3261 5799 3487 5879 pietatis
3515 5812 3787 5887 provoca-3
