4044 6326
183 327 254 400 61
1253 337 1258 344 -
1761 307 1808 356 vl

1908 335 1932 350 ..
3387 279 3456 338 62

185 451 298 506 tus,
339 453 446 492 una
487 447 612 502 cum
647 443 912 488 consensu
957 433 1010 482 et
1049 423 1266 482 licentia
1305 417 1488 476 domui
1511 413 1772 474 Ludovici
1805 417 1854 480 Δ
1880 409 2076 482 priscis
2125 405 2451 472 vocabatur;
2498 411 2553 460 et
2595 403 2660 458 ad
2706 415 2840 472 opus
2895 397 3288 454 monachorum
3337 393 3471 449 inibi

2023 499 2034 506 .
2107 499 2118 506 .
2269 497 2278 506 .
2398 494 2428 506 ,.
2594 491 2676 506 -.κ
2777 491 2787 501 .
2842 487 3257 506 κ-
3316 485 3447 506 ,μή

183 529 424 608 piissimi
459 521 828 596 imperatoris,
863 535 956 576 seu
1005 517 1246 574 omnium
1283 521 1592 570 sanctorum
1625 523 1776 564 com-

183 601 606 698 provincialium
631 616 1010 688 episcoporum
1039 619 1202 678 atque
1237 605 1462 660 aliarum
1489 601 1780 658 multarum

185 693 603 790 provinciarum
658 707 916 770 nobilium
953 719 1018 760 ac
1068 699 1390 772 sapientium
1439 693 1780 768 pontiﬁcum,

189 789 310 878 sive
348 822 474 864 cum
511 803 658 862 omni
689 810 886 860 nostrae
912 813 1056 856 cum
1079 794 1382 854 commissae
1433 791 1545 846 Deo
1575 789 1784 844 devotae

187 897 606 974 congregationi
635 897 906 966 matrique
935 901 992 950 et
1017 899 1216 948 nostrae
1257 885 1400 942 sedis
1435 881 1676 940 ecclesiae
1699 877 1782 932 l‘a-

191 997 450 1062 mulanti,
479 1001 818 1068 pertractans
845 1005 946 1062 ego
967 1001 1150 1044 casum
1181 978 1488 1054 fragilitatis
1513 979 1784 1058 humanae,

189 1065 604 1162 pavescensqite
647 1085 910 1154 ultimum,
941 1077 1268 1156 vocationis.
1295 1073 1460 1136 diem,
1503 1085 1572 1126 ne
1617 1065 1784 1124 multa

189 1183 340 1242 mole
393 1179 774 1252 peccaminum
831 1181 1112 1238 oneratus,
1173 1169 1290 1226 sine
1337 1165 1516 1220 fructu
1581 1160 1783 1230 aliquo,

191 1275 344 1346 quod
371 1249 532 1338 absit,
571 1271 698 1326 boni
727 1267 908 1340 operis
937 1273 1184 1336 repertus
1209 1258 1476 1336 inveniar,
1511 1249 1788 1310 contorta-

191 1345 400 1440 tusque
431 1365 666 1435 alloquio
689 1360 1064 1434 praedicatoris
1089 1353 1366 1432 praecipui,
1401 1349 1554 1406 Pauli
1583 1345 1790 1404 scilicet

191 1459 454 1532 apostoli,
485 1457 578 1512 ubi
623 1457 734 1512 ait:
769 1455 830 1510 Si
846 1453 1010 1532 cujus
1043 1467 1172 1522 opus
1201 1445 1472 1512 manserit,
1501 1437 1788 1496 mercedem

195 1531 462 1622 accipiat,-
491 1549 716 1612 idcirco,
763 1531 1068 1622 ut'dictum
1115 1547 1217 1606 est,
1259 1551 1384 1594 cum
1433 1547 1702 1610 consensu
1735 1535 1792 1584 et

193 1621 418 1700 licentia
459 1637 816 1712 suprascripti
867 1621 1128 1708 principis
1185 1639 1350 1702 atque
1379 1627 1790 1706 praedictorum

195 1743 514 1792 sanctorum
541 1729 830 1802 praesulum
869 1729 984 1784 sive
1007 1724 1354 1798 prmﬁxorum
1387 1713 1668 1798 servorum
1691 1715 1790 1772 Dei

193 1826 610 1902 promptissimo
651 1823 858 1888 animo,
904 1819 1084 1876 divina
1133 1816 1432 1888 inspirante
1479 1807 1790 1874 clementia,

195 1928 404 1978 nostrae
431 1917 736 1974 devotionis
763 1913 1002 1972 decrevit
1027 1909 1396 1982 compunctio,
1421 1915 1480 1962 ut
1506 1905 1572 1984 ad
1597 1917 1795 1982 augen-

197 2015 328 2072 dum
383 2013 588 2070 cultum
627 2010 872 2066 divinum
909 2007 1026 2063 sive
1067 2005 1260 2060 matris
1307 2009 1364 2058 et
1405 2007 1608 2062 nostrae
1646 1995 1792 2076 sedis

195 2107 448 2164 ecclesiae
495 2115 660 2176 atque
715 2101 986 2174 parochiae
1025 2098 1184 2156 nobis
1231 2094 1552 2158 commissae,
1606 2107 1672 2148 ac
1699 2105 1795 2144 cu-

197 2199 520 2256 mulandum
557 2198 820 2252 honorem
861 2201 1022 2262 atque
1064 2190 1274 2246 lucrum
1323 2185 1618 2242 multarum
1667 2181 1790 2236 ani-

200 2305 436 2356 marum,
483 2297 544 2342 ut
573 2284 1014 2344 monasteriolum
1059 2281 1278 2352 aliquod
1319 2279 1374 2336 in
1409 2284 1594 2356 nostra
1637 2289 1798 2346 paro;-

203 2383 328 2438 chia
369 2353 560 2436 nostro
603 2377 790 2432 labore
826 2376 894 2430 ad
927 2383 1246 2445 perpetuam
1275 2353 1664 2440 omnipotEntis
1697 2363 1800 2420 Dei

201 2475 418 2530 laudem
451 2472 684 2528 fundare
715 2478 770 2526 et
799 2475 1116 2526 construere
1155 2465 1498 2528 deberemus,
1543 2459 1689 2531 quod
1723 2459 1800 2512 ita

209 2575 486 2624 annuente
521 2565 756 2622 Domino
791 2571 846 2618 et
887 2561 1070 2616 facere
1109 2557 1440 2621 studuimus,
1485 2555 1542 2610 in
1589 2567 1698 2624 quo
1747 2557 1804 2606 et

203 2659 518 2726 ecclesiam,
547 2667 716 2728 prout
765 2655 1052 2722 valuimus,
1087 2653 1154 2708 ad
1195 2646 1554 2706 iuvocandum
1609 2661 1804 2716 perpe-

209 2753 430 2810 tualiter
457 2765 656 2808 nomen
695 2749 794 2806 Dei
827 2747 1014 2804 aeterni
1041 2745 1096 2802 in
1125 2745 1330 2800 honore
1363 2739 1578 2798 Domini
1621 2737 1804 2794 Salva-

207 2847 344 2902 toris
369 2855 428 2900 et
455 2851 660 2900 sanctae
705 2841 952 2912 ejusdem
989 2839 1086 2896 Dei
1125 2833 1408 2910 genitricis
1463 2829 1649 2886 Mariae
1689 2829 1805 2886 sive

203 2947 526 3006 sanctorum
583 2943 887 3008 martyrum
947 2930 1196 2990 Gervasii
1249 2937 1306 2986 et
1351 2924 1584 2984 Protasii
1639 2929 1804 2994 atque

201 3033 386 3090 sancti
437 3029 726 3101 Stephani,
773 3041 982 3084 necnon
1017 3025 1158 3082 etin
1187 3025 1398 3080 honore
1437 3027 1496 3076 et
1535 3015 1804 3074 memoria

209 3123 374 3180 simul
401 3121 646 3178 omnium
683 3127 998 3176 sanctorum
1045 3121 1362 3172 construere
1393 3119 1450 3166 et
1491 3104 1806 3164 solemniter

207 3211 524 3276 sexdecimo
561 3209 676 3266 Cal.
737 3207 925 3266 Octob.
969 3205 1058 3262 die
1088 3219 1212 3260 cum
1249 3201 1372 3258 aliis
1429 3161 1698 3270 episcopis
1752 3161 1880 3250 etC

211 3301 590 3360 sacerdotibus
617 3301 730 3358 sive
755 3299 978 3370 reliquis
1003 3304 1212 3353 sancta
1247 3293 1340 3350 Dei
1369 3291 1614 3348 ecclesiae
1641 3287 1806 3344 mini-

213 3397 342 3452 stris
391 3395 650 3452 decenter
699 3401 760 3448 et
799 3387 1198 3448 rationabiliter
1243 3384 1616 3454 canoniceque
1643 3391 1808 3451 atque

213 3489 526 3562 insigniter,
543 3487 768 3544 Domino
789 3485 1108 3550 auxiliante,
1131 3479 1444 3538 curavimus
1463 3489 1806 3540 consecrare,

215 3582 266 3638 in
295 3597 408 3652 qua
437 3588 496 3636 et
524 3578 832 3650 quindecim
861 3575 1054 3632 altaria
1089 3573 1304 3646 erigere
1329 3577 1384 3626 et
1411 3569 1468 3626 in
1511 3566 1810 3624 honoribus

217 3685 268 3730 et
299 3673 582 3730 memoriis
619 3687 808 3728 eorum
843 3679 1158 3726 sanctorum
1191 3677 1420 3736 quorum
1467 3659 1688 3718 nomina
1713 3671 1810 3714 su-

217 3783 316 3840 per
354 3782 420 3824 ea
467 3765 670 3822 inserta
715 3777 838 3820 esse
887 3759 1172 3834 prteseutis
1221 3753 1480 3826 temporis
1533 3758 1812 3808 momento

217 3865 494 3928 videntur,
543 3875 840 3932 eorumque
887 3865 1050 3928 atque
1087 3855 1316 3912 aliorum
1349 3849 1644 3908 multorum
1685 3862 1814 3904 san-

221 3965 436 4040 ctoran
473 3953 774 4027 patrocinia
801 3959 856 4008 et
893 3947 1150 4020 reliquias
1191 3945 1328 4002 meis
1355 3939 1592 4014 propriis
1635 3935 1812 3994 mani-

221 4031 642 4112 bus-collocavi,
691 4045 1114 4114 solemuiterque
1141 4055 1206 4096 ea
1239 4047 1298 4096 et
1331 4037 1586 4096 decenter
1629 4031 1816 4104 adjun-

223 4145 332 4202 ctis
363 4143 522 4198 nobis
561 4140 802 4212 praefatis
853 4135 1214 4196 sanctissimis
1251 4133 1416 4190 sociis
1441 4127 1818 4188 ordinabiliter

223 4235 632 4294 sauctiﬁcautes
655 4247 996 4297 consecrare,
1020 4227 1250 4286 Domino
1273 4225 1590 4286 miserante,
1621 4219 1822 4276 merui-

223 4345 368 4394 mus,
417 4343 650 4400 quorum
685 4321 1160 4382 intercessionibus
1195 4335 1296 4376 nos
1339 4315 1582 4386 adjuvari
1611 4311 1822 4370 miseri-

227 4419 470 4478 corditer
493 4419 820 4478 conﬁdimus
855 4429 1152 4485 eorumque
1185 4411 1462 4484 perpetuis
1505 4408 1644 4466 tueri
1683 4421 1824 4478 prae-

225 4515 408 4580 sidiis,
437 4513 702 4584 largiente
723 4511 972 4576 Domino,
1017 4505 1290 4564 humiliter
1315 4503 1570 4576 petimus.
1603 4501 1662 4556 In
1703 4514 1822 4556 me-

223 4615 442 4662 morato
487 4607 672 4675 itaque
719 4601 1094 4674 Calendarum
1133 4597 1222 4656 die
1267 4605 1326 4652 et
1375 4595 1432 4652 in
1481 4591 1824 4650 dedicatione

221 4697 474 4774 prs-latae
501 4697 746 4754 ecclesiae
789 4711 914 4752 cum
949 4691 1168 4750 licentia
1201 4697 1260 4746 et
1287 4685 1672 4744 exhortatione
1709 4683 1826 4754 jam

223 4791 362 4850 ,ἀίειί
411 4790 680 4864 principis
725 4788 838 4846 sive
885 4783 1326 4858 przescriptorum
1377 4787 1690 4836 sanctorum
1729 4791 1826 4848 pa-

231 4891 398 4950 trum,
447 4881 698 4938 videlicet
733 4879 1110 4950 episcoporum
1141 4891 1204 4932 ac
1247 4871 1510 4930 nobilium
1549 4879 1606 4928 et
1641 4875 1828 4926 sancte

227 4975 538 5030 viventium
573 4971 934 5034 sacerdotum,
961 4983 1060 5040 per
1087 4965 1288 5022 librum
1325 4971 1558 5036 quatuor
1583 4961 1828 5030 Evange—

229 5069 432 5126 liorum
477 5065 734 5124 nobiliter
767 5072 1022 5120 ornatum
1047 5069 1104 5118 et
1141 5073 1276 5116 auro
1305 5073 1374 5114 ex
1400 5067 1558 5128 parte
1587 5053 1829 5112 conscri-

233 5173 412 5236 ptum,
443 5175 544 5218 seu
579 5175 678 5232 per
723 5158 950 5216 calicem
993 5169 1220 5212 aureum
1263 5167 1431 5208 unum
1477 5165 1602 5208 cum
1631 5157 1830 5220 patella

231 5275 332 5314 sua
361 5254 602 5326 desuper
629 5250 902 5324 episcopis
925 5257 984 5306 et
1003 5245 1380 5306 sacerdOtibus
1415 5258 1610 5300 manus
1639 5255 1832 5300 eorum

231 5351 666 5426 imponentibus,
689 5347 874 5406 multis
901 5345 1116 5404 sciiicet
1143 5339 1416 5400 nobilibus
1439 5353 1626 5396 coram
1649 5343 1834 5392 astan-

235 5447 384 5503 tibus
423 5451 482 5500 et
523 5441 852 5506 videntibus,
889 5435 1210 5492 tradidimus
1235 5429 1504 5502 simulque
1551 5427 1826 5501 delegavi-

231 5551 358 5596 mns
401 5551 514 5592 una
563 5549 688 5592 cum
729 5535 842 5604 jam
889 5530 1036 5586 dicto
1081 5525 1376 5596 Evangelia
1417 5531 1474 5580 et
1523 5529 1830 5578 memorato

231 5643 406 5688 aureo
445 5627 620 5684 calice
647 5627 714 5682 de
745 5633 946 5682 nostra
983 5629 1188 5680 saneta:
1209 5618 1356 5676 sedis
1395 5615 1638 5672 ecclesiae
1669 5617 1834 5672 rebus

225 5725 306 5790 ad
327 5719 706 5796 supradictum
745 5727 996 5778 sanctum
1035 5717 1234 5780 locum,
1277 5711 1368 5783 qui
1395 5717 1624 5766 vocatur
1645 5723 1834 5766 mona-

237 5817 472 5882 Sterium
517 5811 709 5904 Sancti
767 5809 1086 5884 Salvatoris,
1135 5807 1266 5868 olim
1315 5819 1446 5868 vero
1505 5805 1758 5880 Broailus
1797 5821 1833 5872 β

1887 499 2207 570 regulariter
2234 494 2526 550 viventium
2557 501 2610 548 et
2637 491 2864 546 Domino
2889 487 3285 552 famulantium,
3311 485 3478 538 dona-

1889 601 2110 660 tumque
2167 591 2224 644 in
2277 595 2596 660 perpetuum
2667 583 2866 638 ibidem
2921 581 2990 636 ob
3051 577 3358 634 mercedem
3417 581 3476 630 et

1885 683 2240 740 stabilitatem
2285 679 2526 752 praedicti
2571 677 2756 734 domni
2819 673 2990 730 nostri
3033 669 3293 728 Ludovici
3337 669 3474 742 piis-

1887 775 2010 832 simi
2056 774 2416 846 imperatoris,
2458 769 2610 842 cujus
2649 769 2936 840 largitione
2969 775 3024 822 et
3067 764 3348 838 prmiatum
3391 761 3472 818 lo-

1887 885 2012 926 cum
2059 867 2342 938 acquirere
2373 863 2694 930 meruimus,
2725 863 2840 918 sive
2887 861 3193 916 futurorum
3225 857 3474 912 domino-

1888 979 2030 1028 rum,
2075 975 2262 1032 regum
2300 959 2548 1016 videlicet
2583 955 2940 1020 Francorum,
2967 969 3064 1008 seu
3103 959 3158 1008 et
3183 950 3347 1005 nimis
3375 963 3478 1020 pro

1887 1055 2126 1126 pondere
2164 1059 2510 1124 peccatorum
2545 1056 2854 1102 nostrorum
2879 1045 3142 1100 donamus
3168 1049 3222 1096 et
3245 1054 3342 1110 per
3373 1039 3478 1092 hoc

1891 1153 2272 1204 testamentum
2320 1142 2704 1198 conlirmamus
2745 1135 3232 1204 conﬁrmatumque
3277 1129 3473 1186 futuris

1891 1241 2224 1312 temporibus
2245 1251 2366 1294 esse
2387 1235 2656 1300 volumus,
2692 1243 2796 1288 tam
2827 1227 3282 1300 Opportunitatem
3311 1237 3474 1294 quam

1891 1343 1944 1390 et
1971 1349 2071 1406 pro
2095 1329 2364 1404 stipendio
2391 1327 2620 1382 fratrum
2641 1323 2838 1380 ibidem
2857 1321 3080 1376 Domino
3101 1315 3474 1382 servientium,

1893 1443 2100 1484 necnon
2129 1437 2184 1482 et
2210 1422 2634 1482 consolationem
2681 1415 3112 1490 peregrinorum,
3149 1421 3312 1484 atque
3351 1411 3478 1466 hos-

1891 1519 2062 1589 pitum
2103 1515 2506 1574 advenientium
2544 1511 2930 1582 receptioncm.
2981 1507 3166 1562 Primo
3196 1519 3328 1560 vero
3355 1517 3476 1558 om-

1891 1615 2042 1670 nium
2073 1611 2436 1684 delegavimus
2467 1599 2668 1664 ibidem
2695 1605 2877 1658 villam
2909 1600 3186 1658 Salvarias
3215 1615 3336 1654 cum
3365 1611 3480 1652 ma-

1893 1707 2150 1764 nentibus
2195 1705 2414 1776 triginta
2443 1709 2500 1756 et
2539 1699 2658 1756 illas
2697 1697 2937 1754 culturas
2989 1693 3125 1748 duas
3165 1689 3320 1762 juxta
3352 1687 3482 1742 illud

1819 1793 1870 1854 Β
1897 1797 2340 1860 monasteriolum
2383 1796 2538 1860 sitas,
2585 1807 2680 1848 seu
2731 1789 2876 1844 illam
2927 1785 3118 1842 silvam
3171 1797 3291 1852 quae
3339 1779 3484 1834 intra

1897 1895 2118 1954 ﬂuvium
2147 1891 2358 1948 Sarthae
2385 1895 2442 1942 et
2465 1887 2608 1941 inter
2635 1881 2918 1954 prmdictas
2948 1875 3187 1932 culturas
3215 1881 3270 1928 et
3295 1869 3488 1942 prmia-

1899 1999 2012 2046 tum
2063 1981 2508 2044 monasteriolum
2556 1975 2824 2040 consistit,
2875 1979 3038 2042 atque
3076 1967 3226 2024 illam
3273 1963 3486 2018 vineam

1897 2079 2234 2140 dominicam
2307 2089 2428 2146 qua:
2493 2071 2634 2126 inter
2687 2065 2964 2122 Salvarias
3022 2069 3078 2118 et
3117 2057 3236 2128 jam
3285 2055 3490 2110 dictum

1897 2171 2344 2234 monasteriolum
2397 2165 2664 2234 conjacet,
2707 2169 2764 2218 et
2807 2157 2898 2214 illa
2938 2155 3142 2214 molina
3187 2151 3294 2206 duo
3335 2148 3492 2218 juxta

1899 2267 2032 2326 illud
2085 2259 2532 2322 monasteriolum
2585 2267 2750 2324 supra
2809 2249 3028 2304 {levium
3095 2243 3308 2300 Sartbae
3361 2238 3490 2304 sita,

1901 2373 2112 2416 necnon
2142 2367 2198 2412 ct
2228 2353 2360 2408 illud
2389 2357 2604 2422 pratum
2633 2361 2702 2400 ex
2739 2341 2842 2396 alia
2873 2347 3028 2411 parte
3057 2331 3266 2406 praefati
3305 2343 3494 2384 mona-

1905 2433 2112 2506 sterioli
2153 2445 2320 2500 situm
2361 2429 2470 2496 una
2510 2451 2634 2494 cum
2675 2431 2834 2498 silva,
2865 2430 3006 2486 sicut
3043 2421 3260 2482 termini
3299 2417 3496 2492 przcdi-
3567 2489 3580 2496 -

1903 2551 2118 2600 ctorum
2145 2533 2536 2592 monachorum
2585 2525 2854 2582 dividunt.
2899 2515 3278 2588 Delegavimus
3331 2509 3496 2566 etiam

1903 2635 2104 2692 ibidem
2147 2629 2328 2686 villam
2359 2633 2562 2682 nostra:
2607 2619 2752 2677 sedis
2795 2613 3038 2672 ecclesiae
3076 2609 3340 2680 Apiacum
3375 2619 3500 2660 cum

1906 2725 2054 2782 omni
2113 2719 2448 2792 integritate,
2495 2717 2550 2770 in
2605 2727 2708 2782 qua
2764 2717 2988 2766 sanctus
3049 2699 3325 2764 Ulfacius,
3375 2709 3502 2766 prc-

1908 2821 2078 2875 tiosus
2111 2813 2314 2870 Christi
2353 2808 2914 2872 confessor,'corpore
2949 2791 3276 2866 requiescit;
3308 2788 3497 2844 simul-

1909 2927 2014 2986 que
2059 2907 2382 2964 tradidimus
2407 2901 2482 2958 ibi
2517 2897 2864 2954 medietatem
2895 2891 2960 2946 de
2987 2887 3116 2941 villa
3153 2885 3378 2942 Canon;
3407 2893 3504 2950 pa-

1909 2971 2066 3076 rique
2098 2997 2257 3056 modo
2303 2993 2690 3052 conﬁrmamus
2741 2985 2940 3040 ibidem
2983 2979 3166 3034 villam
3207 2971 3504 3030 Lneiacum

1912 3065 2034 3152 cum
2081 3091 2228 3150 omni
2279 3084 2620 3156 integritate;
2671 3075 2938 3146 simulque
2987 3069 3120 3126 inibi
3167 3065 3416 3124 dedimus
3445 3069 3502 3118 et

1911 3185 2252 3244 medietatem
2281 3179 2348 3234 de
2385 3153 2508 3230 villa
2545 3187 2666 3244 quae
2701 3167 2906 3222 Beruas
2933 3169 3160 3218 vocatur
3191 3157 3258 3212 de
3299 3153 3508 3210 ratione

1913 3279 2128 3336 Sancta:
2165 3271 2374 3336 Mariae,
2417 3281 2582 3338 quam
2625 3259 2926 3318 redditione
2967 3251 3150 3312 dontni
3185 3247 3356 3306 nostri
3407 3245 3510 3302 Lu-

1913 3369 2088 3430 dovici
2117 3359 2560 3426 excellentissimi
2605 3351 2950 3424 imperatoris
2993 3343 3414 3418 acquisivimus;
3455 3343 3511 3394 et

1913 3465 2060 3520 illam
2097 3457 2400 3534 precariam
2447 3467 2612 3524 quam
2663 3443 3022 3504 Friderardus
3059 3453 3158 3510 per
3203 3433 3508 3506 precariam

1915 3559 1982 3614 de
2021 3529 2184 3612 rebus
2229 3551 2442 3606 Sancta:
2481 3545 2664 3600 Mariae
2713 3549 2768 3598 et
2813 3535 2998 3594 Sancti
3046 3529 3294 3588 Gervasii
3345 3533 3510 3590 tenet,

1917 3649 2183 3706 tradimus
2229 3651 2400 3698 totam
2443 3637 2802 3704 similiterque
2854 3629 3142 3690 donamus,
3191 3633 3244 3678 et
3285 3621 3336 3694 in
3384 3615 3512 3672 villa

1915 3757 2038 3814 quae
2066 3745 2294 3794 vocatur
2319 3731 2446 3790 villa
2471 3727 2658 3784 Sancti
2695 3723 2912 3782 Autleni
2939 3725 3220 3778 manentes
3255 3722 3364 3768 tres
3389 3725 3510 3766 cum

1917 3833 2088 3888 vineis
2119 3831 2292 3886 tribus
2313 3837 2364 3884 et
2384 3823 2590 3894 campis
2617 3821 2757 3886 aliis,
2781 3827 2838 3874 et
2865 3823 3126 3888 quantum
3153 3825 3276 3884 pars
3299 3807 3515 3864 Sanctae

1921 3925 2104 3982 Mariae
2139 3923 2212 3978 ibi
2251 3921 2498 3976 habetur.
2555 3915 2820 3972 Videlicet
2849 3921 2904 3968 et
2939 3909 3060 3966 illas
3105 3921 3192 3962 res
3235 3917 3372 3974 quas
3417 3899 3518 3954 Sa-

1921 4017 2136 4074 leardus
2189 4013 2244 4070 in
2296 4011 2382 4068 die
2428 4007 2784 4066 dedicationis
2833 4003 3004 4074 ipsius
3052 3995 3298 4054 ecclesiae.
3343 3991 3518 4048 eidem

1923 4115 2112 4166 sancto
2149 4105 2268 4160 loco
2307 4111 2366 4158 et
2409 4099 2565 4156 nobis
2609 4097 2726 4152 sive
2765 4093 2904 4166 ipsis
2947 4087 3230 4146 monachis
3275 4082 3520 4154 legaliter

1925 4197 2148 4256 tradidit
2181 4194 2334 4260 inibi,
2377 4207 2475 4264 per
2513 4191 2618 4246 hoc
2677 4193 3058 4244 testamentum
3107 4175 3516 4236 conﬁrmamus.

1927 4291 2054 4350 Haec
2085 4299 2266 4346 autem
2306 4285 2488 4342 omnia
2529 4285 2585 4340 in
2623 4297 2760 4354 pago
2807 4274 3172 4336 Cenomanico
3212 4277 3340 4326 sunt
3389 4265 3514 4322 sita.

1930 4385 2282 4458 Supradictas
2310 4381 2477 4454 igitur
2513 4377 2671 4434 villas
2695 4389 2900 4438 omnes
2937 4379 2994 4427 et
3043 4383 3131 4424 res
3161 4373 3388 4422 cunctas
3433 4374 3524 4414 su-

1929 4482 2116 4554 perius
2163 4477 2470 4536 nominatas
2497 4481 2554 4532 et
2595 4471 2664 4528 ad
2695 4469 2983 4542 praedictas
3029 4461 3188 4520 villas
3227 4458 3352 4532 jure
3395 4469 3522 4528 per-

1847 4541 1906 4612 D
1931 4541 2310 4642 iinentesmna
2335 4587 2460 4628 cum
2485 4541 2996 4628 cmterisidomibus,
3029 4553 3294 4620 aediﬁciis,
3323 4547 3524 4606 manci-

1933 4673 2064 4744 piis,
2120 4667 2308 4732 vineis,
2345 4663 2518 4731 silvis,
2559 4660 2786 4731 campis,
2815 4655 3008 4729 pratis,
3055 4648 3298 4725 pascuis,
3349 4641 3526 4714 aquis,

1935 4775 2270 4836 aquarumve
2311 4755 2656 4820 decursibus,
2699 4747 2994 4816 farinariis,
3025 4741 3316 4800 mobilibus
3341 4747 3398 4792 et
3431 4737 3530 4790 im-

1935 4835 2246 4920 mobilibus,
2281 4851 2464 4908 omnia
2493 4857 2548 4906 et
2579 4863 2646 4904 ex
2691 4843 2940 4904 omnibus
2969 4840 3036 4896 ad
3071 4835 3360 4912 prmfatum
3397 4845 3528 4886 san-

1935 4965 2086 5016 ctum
2131 4953 2309 5010 locum
2355 4963 2454 5020 pro
2505 4943 2764 5002 lucranda
2811 4947 3008 4998 sancta
3053 4933 3306 4994 mercede
3333 4935 3390 4984 et
3431 4937 3530 4980 au-

1927 5057 2152 5122 gmento
2187 5051 2388 5100 nostrae
2421 5045 2624 5098 sanctae
2667 5033 2812 5092 sedis
2857 5031 3104 5094 ecclesia:
3137 5035 3300 5096 atque
3331 5023 3530 5076 nostrae

1923 5135 2370 5210 congregationis
2393 5139 2591 5188 ornatu
2619 5129 2908 5190 donamus,
2941 5121 3227 5181 tradimus,
3259 5109 3528 5177 simulque

1933 5231 2322 5306 delegavimns,
2357 5237 2414 5282 et
2437 5222 2622 5282 omnia
2647 5233 2768 5292 quae
2811 5217 2990 5274 eidem
3033 5211 3382 5270 sacrosancto
3411 5198 3530 5254 loco

1937 5335 1994 5384 et
2029 5293 2294 5384 fratribus
2310 5293 2378 5376 et
2399 5315 2684 5374 monachis
2713 5311 2848 5368 inibi
2883 5305 3116 5366 Domino
3145 5293 3530 5353 tarmrlantibus

1935 5427 1994 5478 et
2045 5415 2368 5488 regulariter
2435 5407 2742 5466 viventibus
2799 5401 2984 5458 divina
3045 5393 3220 5464 pietas
3281 5385 3536 5454 deinceps

1941 5513 2128 5586 augeri
2155 5507 2386 5566 voluerit
2421 5513 2474 5560 et
2501 5519 2530 5560 a
2561 5501 2722 5558 bonis
2753 5493 3064 5554 hominibus
3103 5485 3300 5542 ibidem
3328 5479 3532 5538 condo-

1939 5571 2128 5668 nailum
2159 5613 2322 5674 atque
2353 5599 2610 5656 traditum
2649 5591 2832 5654 fuerit,
2873 5587 2950 5640 ita
2977 5593 3038 5638 ut
3065 5583 3132 5638 ab
3175 5581 3276 5634 hac
3301 5577 3386 5632 die
3431 5571 3533 5673 ibi-

1941 5707 2066 5762 dem
2091 5661 2504 5774 perpetualiter,
2537 5687 2768 5746 Domino
2799 5678 3118 5742 auxiliante,
3151 5675 3208 5730 in
3233 5661 3538 5764 atlgittetttis

1935 5751 2501 5874 proﬁciatitrﬂnde'
2521 5774 2778 5840 constitui
2827 5773 2900 5832 ob
2939 5773 3046 5842 hoc
3083 5769 3188 5844 pia:
3231 5751 3538 5826 devotioni!
