  <div class='ocr_page' id='page_1' title='image "/cluster/home/n/w/nwhite01/storage/ocr_20150623/115/hvd.32044015466873/035.png"; bbox 0 0 4044 6326; ppageno 0'>
   <div class='ocr_carea' id='block_1_1' title="bbox 515 233 3815 310">
    <p class='ocr_par' dir='ltr' id='par_1_1' title="bbox 515 233 3815 310">
     <span class='ocr_line' id='line_1_1' title="bbox 515 233 3815 310; baseline -0.005 0"><span class='ocrx_word' id='word_1_1' title='bbox 515 247 584 310; x_wconf 78' lang='lat'><strong>63</strong></span> <span class='ocrx_word' id='word_1_2' title='bbox 1553 244 1830 305; x_wconf 70' lang='lat' dir='ltr'><strong>ALDRICI</strong></span> <span class='ocrx_word' id='word_1_3' title='bbox 1862 235 2400 302; x_wconf 80' lang='lat' dir='ltr'><strong>CENOMANENSIS</strong></span> <span class='ocrx_word' id='word_1_4' title='bbox 2432 233 2743 297; x_wconf 80' lang='lat' dir='ltr'><strong>EPISCOPI</strong></span> <span class='ocrx_word' id='word_1_5' title='bbox 3725 235 3815 295; x_wconf 66' lang='grc' dir='ltr'>Μ</span> 
     </span>
    </p>
   </div>
   <div class='ocr_carea' id='block_1_2' title="bbox 513 350 3814 439">
    <p class='ocr_par' dir='ltr' id='par_1_2' title="bbox 513 350 3814 439">
     <span class='ocr_line' id='line_1_2' title="bbox 513 350 3814 439; baseline -0.005 -10"><span class='ocrx_word' id='word_1_6' title='bbox 513 385 700 430; x_wconf 82' lang='lat' dir='ltr'><strong>amore</strong></span> <span class='ocrx_word' id='word_1_7' title='bbox 724 370 975 428; x_wconf 80' lang='lat' dir='ltr'><strong>veniente</strong></span> <span class='ocrx_word' id='word_1_8' title='bbox 1007 367 1118 439; x_wconf 85' lang='lat' dir='ltr'><strong>jam</strong></span> <span class='ocrx_word' id='word_1_9' title='bbox 1143 363 1300 422; x_wconf 66' lang='lat' dir='ltr'><strong>dictae</strong></span> <span class='ocrx_word' id='word_1_10' title='bbox 1321 361 1508 421; x_wconf 91' lang='lat' dir='ltr'><strong>Sancti</strong></span> <span class='ocrx_word' id='word_1_11' title='bbox 1541 362 1838 420; x_wconf 82' lang='lat' dir='ltr'><strong>Salvatoris</strong></span> <span class='ocrx_word' id='word_1_12' title='bbox 1861 360 2102 417; x_wconf 63' lang='lat' dir='ltr'><strong>ecclesiae</strong></span> <span class='ocrx_word' id='word_1_13' title='bbox 2127 361 2181 430; x_wconf 79' lang='grc' dir='ltr'>Α</span> <span class='ocrx_word' id='word_1_14' title='bbox 2204 358 2378 416; x_wconf 67' lang='lat' dir='ltr'><strong>laetari</strong></span> <span class='ocrx_word' id='word_1_15' title='bbox 2433 358 2763 414; x_wconf 84' lang='lat' dir='ltr'><strong>aeternaliter</strong></span> <span class='ocrx_word' id='word_1_16' title='bbox 2816 368 3144 414; x_wconf 86' lang='lat' dir='ltr'><strong>mereamur.</strong></span> <span class='ocrx_word' id='word_1_17' title='bbox 3188 350 3388 412; x_wconf 84' lang='lat' dir='ltr'><strong>Amen.</strong></span> <span class='ocrx_word' id='word_1_18' title='bbox 3430 352 3603 414; x_wconf 86' lang='lat' dir='ltr'><strong>Porro</strong></span> <span class='ocrx_word' id='word_1_19' title='bbox 3648 357 3814 430; x_wconf 87' lang='lat' dir='ltr'><strong>quod</strong></span> 
     </span>
    </p>
   </div>
   <div class='ocr_carea' id='block_1_3' title="bbox 517 453 2104 526">
    <p class='ocr_par' dir='ltr' id='par_1_3' title="bbox 517 453 2104 526">
     <span class='ocr_line' id='line_1_3' title="bbox 517 453 2104 526; baseline -0.01 -3"><span class='ocrx_word' id='word_1_20' title='bbox 517 465 946 524; x_wconf 81' lang='lat' dir='ltr'><strong>consecrationis</strong></span> <span class='ocrx_word' id='word_1_21' title='bbox 977 461 1287 526; x_wconf 85' lang='lat' dir='ltr'><strong>festivitate,</strong></span> <span class='ocrx_word' id='word_1_22' title='bbox 1317 458 1464 514; x_wconf 90' lang='lat' dir='ltr'><strong>omni</strong></span> <span class='ocrx_word' id='word_1_23' title='bbox 1493 472 1632 511; x_wconf 90' lang='lat' dir='ltr'><strong>anno</strong></span> <span class='ocrx_word' id='word_1_24' title='bbox 1661 454 1922 510; x_wconf 79' lang='lat' dir='ltr'><strong>fratribus</strong></span> <span class='ocrx_word' id='word_1_25' title='bbox 1942 453 2104 508; x_wconf 91' lang='lat' dir='ltr'><strong>matri</strong></span> 
     </span>
    </p>
   </div>
   <div class='ocr_carea' id='block_1_4' title="bbox 517 546 2106 615">
    <p class='ocr_par' dir='ltr' id='par_1_4' title="bbox 517 546 2106 615">
     <span class='ocr_line' id='line_1_4' title="bbox 517 546 2106 615; baseline -0.009 0"><span class='ocrx_word' id='word_1_26' title='bbox 517 567 572 615; x_wconf 90' lang='lat' dir='ltr'><strong>et</strong></span> <span class='ocrx_word' id='word_1_27' title='bbox 619 567 816 614; x_wconf 58' lang='lat' dir='ltr'><strong>nostrae</strong></span> <span class='ocrx_word' id='word_1_28' title='bbox 861 555 1005 611; x_wconf 89' lang='lat' dir='ltr'><strong>sedis</strong></span> <span class='ocrx_word' id='word_1_29' title='bbox 1053 552 1299 609; x_wconf 69' lang='lat' dir='ltr'><strong>ecclesia:</strong></span> <span class='ocrx_word' id='word_1_30' title='bbox 1347 549 1732 605; x_wconf 90' lang='lat' dir='ltr'><strong>famulantibus</strong></span> <span class='ocrx_word' id='word_1_31' title='bbox 1781 546 2106 602; x_wconf 90' lang='lat' dir='ltr'><strong>consolatio-</strong></span> 
     </span>
    </p>
   </div>
   <div class='ocr_carea' id='block_1_5' title="bbox 519 642 2110 713">
    <p class='ocr_par' dir='ltr' id='par_1_5' title="bbox 519 642 2110 713">
     <span class='ocr_line' id='line_1_5' title="bbox 519 642 2110 713; baseline -0.006 -3"><span class='ocrx_word' id='word_1_32' title='bbox 519 669 643 710; x_wconf 89' lang='lat' dir='ltr'><strong>nem</strong></span> <span class='ocrx_word' id='word_1_33' title='bbox 673 651 1080 708; x_wconf 89' lang='lat' dir='ltr'><strong>ministrandam</strong></span> <span class='ocrx_word' id='word_1_34' title='bbox 1109 649 1176 704; x_wconf 91' lang='lat' dir='ltr'><strong>ab</strong></span> <span class='ocrx_word' id='word_1_35' title='bbox 1199 647 1394 703; x_wconf 84' lang='lat' dir='ltr'><strong>abbate</strong></span> <span class='ocrx_word' id='word_1_36' title='bbox 1421 656 1476 701; x_wconf 94' lang='lat' dir='ltr'><strong>et</strong></span> <span class='ocrx_word' id='word_1_37' title='bbox 1502 645 1782 701; x_wconf 87' lang='lat' dir='ltr'><strong>monachis</strong></span> <span class='ocrx_word' id='word_1_38' title='bbox 1807 644 1860 698; x_wconf 91' lang='lat' dir='ltr'><strong>in</strong></span> <span class='ocrx_word' id='word_1_39' title='bbox 1883 642 2110 713; x_wconf 85' lang='lat' dir='ltr'><strong>praefato</strong></span> 
     </span>
    </p>
   </div>
   <div class='ocr_carea' id='block_1_6' title="bbox 519 737 2110 808">
    <p class='ocr_par' dir='ltr' id='par_1_6' title="bbox 519 737 2110 808">
     <span class='ocr_line' id='line_1_6' title="bbox 519 737 2110 808; baseline -0.008 -5"><span class='ocrx_word' id='word_1_40' title='bbox 519 748 850 803; x_wconf 80' lang='lat' dir='ltr'><strong>monasterio</strong></span> <span class='ocrx_word' id='word_1_41' title='bbox 900 745 1130 802; x_wconf 92' lang='lat' dir='ltr'><strong>Domino</strong></span> <span class='ocrx_word' id='word_1_42' title='bbox 1190 741 1598 805; x_wconf 83' lang='lat' dir='ltr'><strong>famulantibus,</strong></span> <span class='ocrx_word' id='word_1_43' title='bbox 1637 739 1689 794; x_wconf 89' lang='lat' dir='ltr'><strong>id</strong></span> <span class='ocrx_word' id='word_1_44' title='bbox 1731 747 1836 802; x_wconf 91' lang='lat' dir='ltr'><strong>est,</strong></span> <span class='ocrx_word' id='word_1_45' title='bbox 1873 737 1938 792; x_wconf 85' lang='lat' dir='ltr'><strong>de</strong></span> <span class='ocrx_word' id='word_1_46' title='bbox 1970 750 2110 808; x_wconf 90' lang='lat' dir='ltr'><strong>pane</strong></span> 
     </span>
    </p>
   </div>
   <div class='ocr_carea' id='block_1_7' title="bbox 519 827 2113 907">
    <p class='ocr_par' dir='ltr' id='par_1_7' title="bbox 519 827 2113 907">
     <span class='ocr_line' id='line_1_7' title="bbox 519 827 2113 907; baseline -0.007 -15"><span class='ocrx_word' id='word_1_47' title='bbox 519 837 726 907; x_wconf 83' lang='lat' dir='ltr'><strong>Optimo</strong></span> <span class='ocrx_word' id='word_1_48' title='bbox 753 837 962 892; x_wconf 89' lang='lat' dir='ltr'><strong>modios</strong></span> <span class='ocrx_word' id='word_1_49' title='bbox 986 851 1104 901; x_wconf 77' lang='lat' dir='ltr'><strong>sex,</strong></span> <span class='ocrx_word' id='word_1_50' title='bbox 1136 841 1192 890; x_wconf 91' lang='lat' dir='ltr'><strong>et</strong></span> <span class='ocrx_word' id='word_1_51' title='bbox 1221 832 1510 901; x_wconf 81' lang='lat' dir='ltr'><strong>friscingas</strong></span> <span class='ocrx_word' id='word_1_52' title='bbox 1538 829 1793 901; x_wconf 88' lang='lat' dir='ltr'><strong>porcinas</strong></span> <span class='ocrx_word' id='word_1_53' title='bbox 1823 836 1957 893; x_wconf 90' lang='lat' dir='ltr'><strong>tres,</strong></span> <span class='ocrx_word' id='word_1_54' title='bbox 1987 827 2113 882; x_wconf 92' lang='lat' dir='ltr'><strong>ber-</strong></span> 
     </span>
    </p>
   </div>
   <div class='ocr_carea' id='block_1_8' title="bbox 519 915 2110 993">
    <p class='ocr_par' dir='ltr' id='par_1_8' title="bbox 519 915 2110 993">
     <span class='ocr_line' id='line_1_8' title="bbox 519 915 2110 993; baseline -0.006 -8"><span class='ocrx_word' id='word_1_55' title='bbox 519 930 730 985; x_wconf 90' lang='lat' dir='ltr'><strong>hicinas</strong></span> <span class='ocrx_word' id='word_1_56' title='bbox 765 945 894 986; x_wconf 89' lang='lat' dir='ltr'><strong>vero</strong></span> <span class='ocrx_word' id='word_1_57' title='bbox 933 929 1184 985; x_wconf 86' lang='lat' dir='ltr'><strong>similiter</strong></span> <span class='ocrx_word' id='word_1_58' title='bbox 1231 936 1369 993; x_wconf 92' lang='lat' dir='ltr'><strong>tres,</strong></span> <span class='ocrx_word' id='word_1_59' title='bbox 1402 933 1456 981; x_wconf 91' lang='lat' dir='ltr'><strong>et</strong></span> <span class='ocrx_word' id='word_1_60' title='bbox 1483 925 1552 980; x_wconf 91' lang='lat' dir='ltr'><strong>de</strong></span> <span class='ocrx_word' id='word_1_61' title='bbox 1594 924 1720 978; x_wconf 90' lang='lat' dir='ltr'><strong>vino</strong></span> <span class='ocrx_word' id='word_1_62' title='bbox 1758 921 1961 993; x_wconf 83' lang='lat' dir='ltr'><strong>Optimo</strong></span> <span class='ocrx_word' id='word_1_63' title='bbox 1991 915 2110 976; x_wconf 88' lang='lat' dir='ltr'><strong>mo-</strong></span> 
     </span>
    </p>
   </div>
   <div class='ocr_carea' id='block_1_9' title="bbox 521 1015 2114 1094">
    <p class='ocr_par' dir='ltr' id='par_1_9' title="bbox 521 1015 2114 1094">
     <span class='ocr_line' id='line_1_9' title="bbox 521 1015 2114 1094; baseline -0.004 -17"><span class='ocrx_word' id='word_1_64' title='bbox 521 1022 640 1078; x_wconf 88' lang='lat' dir='ltr'><strong>dios</strong></span> <span class='ocrx_word' id='word_1_65' title='bbox 674 1032 924 1094; x_wconf 83' lang='lat' dir='ltr'><strong>quatuor,</strong></span> <span class='ocrx_word' id='word_1_66' title='bbox 951 1031 1005 1077; x_wconf 91' lang='lat' dir='ltr'><strong>et</strong></span> <span class='ocrx_word' id='word_1_67' title='bbox 1034 1022 1099 1078; x_wconf 91' lang='lat' dir='ltr'><strong>de</strong></span> <span class='ocrx_word' id='word_1_68' title='bbox 1118 1017 1334 1091; x_wconf 87' lang='lat' dir='ltr'><strong>potione</strong></span> <span class='ocrx_word' id='word_1_69' title='bbox 1359 1019 1564 1089; x_wconf 88' lang='lat' dir='ltr'><strong>optima</strong></span> <span class='ocrx_word' id='word_1_70' title='bbox 1597 1017 1854 1086; x_wconf 88' lang='lat' dir='ltr'><strong>quinque.</strong></span> <span class='ocrx_word' id='word_1_71' title='bbox 1889 1015 1963 1070; x_wconf 85' lang='lat' dir='ltr'><strong>Ea</strong></span> <span class='ocrx_word' id='word_1_72' title='bbox 1983 1029 2114 1071; x_wconf 87' lang='lat' dir='ltr'><strong>vero</strong></span> 
     </span>
    </p>
   </div>
   <div class='ocr_carea' id='block_1_10' title="bbox 523 1108 2116 1179">
    <p class='ocr_par' dir='ltr' id='par_1_10' title="bbox 523 1108 2116 1179">
     <span class='ocr_line' id='line_1_10' title="bbox 523 1108 2116 1179; baseline -0.004 -10"><span class='ocrx_word' id='word_1_73' title='bbox 523 1117 736 1172; x_wconf 84' lang='lat' dir='ltr'><strong>ratione</strong></span> <span class='ocrx_word' id='word_1_74' title='bbox 761 1118 877 1173; x_wconf 70' lang='lat' dir='ltr'><strong>haec</strong></span> <span class='ocrx_word' id='word_1_75' title='bbox 907 1115 1014 1172; x_wconf 88' lang='lat' dir='ltr'><strong>illis</strong></span> <span class='ocrx_word' id='word_1_76' title='bbox 1055 1113 1184 1169; x_wconf 90' lang='lat' dir='ltr'><strong>dare</strong></span> <span class='ocrx_word' id='word_1_77' title='bbox 1224 1113 1534 1168; x_wconf 86' lang='lat' dir='ltr'><strong>censuimus</strong></span> <span class='ocrx_word' id='word_1_78' title='bbox 1561 1119 1621 1164; x_wconf 93' lang='lat' dir='ltr'><strong>ut</strong></span> <span class='ocrx_word' id='word_1_79' title='bbox 1644 1108 1969 1179; x_wconf 72' lang='lat' dir='ltr'><strong>supradictae</strong></span> <span class='ocrx_word' id='word_1_80' title='bbox 1999 1122 2116 1162; x_wconf 89' lang='lat' dir='ltr'><strong>ma-</strong></span> 
     </span>
    </p>
   </div>
   <div class='ocr_carea' id='block_1_11' title="bbox 523 1199 2118 1279">
    <p class='ocr_par' dir='ltr' id='par_1_11' title="bbox 523 1199 2118 1279">
     <span class='ocr_line' id='line_1_11' title="bbox 523 1199 2118 1279; baseline -0.004 -19"><span class='ocrx_word' id='word_1_81' title='bbox 523 1208 625 1262; x_wconf 86' lang='lat' dir='ltr'><strong>tris</strong></span> <span class='ocrx_word' id='word_1_82' title='bbox 663 1208 905 1263; x_wconf 73' lang='lat' dir='ltr'><strong>ecclesiae</strong></span> <span class='ocrx_word' id='word_1_83' title='bbox 940 1208 1051 1279; x_wconf 90' lang='lat' dir='ltr'><strong>jam</strong></span> <span class='ocrx_word' id='word_1_84' title='bbox 1093 1205 1305 1276; x_wconf 84' lang='lat' dir='ltr'><strong>praefati</strong></span> <span class='ocrx_word' id='word_1_85' title='bbox 1351 1203 1598 1259; x_wconf 88' lang='lat' dir='ltr'><strong>canonici</strong></span> <span class='ocrx_word' id='word_1_86' title='bbox 1633 1201 1866 1272; x_wconf 89' lang='lat' dir='ltr'><strong>pleniter</strong></span> <span class='ocrx_word' id='word_1_87' title='bbox 1896 1199 1963 1255; x_wconf 92' lang='lat' dir='ltr'><strong>ad</strong></span> <span class='ocrx_word' id='word_1_88' title='bbox 2004 1213 2118 1254; x_wconf 87' lang='lat' dir='ltr'><strong>me-</strong></span> 
     </span>
    </p>
   </div>
   <div class='ocr_carea' id='block_1_12' title="bbox 524 1291 2118 1354">
    <p class='ocr_par' dir='ltr' id='par_1_12' title="bbox 524 1291 2118 1354">
     <span class='ocr_line' id='line_1_12' title="bbox 524 1291 2118 1354; baseline -0.006 0"><span class='ocrx_word' id='word_1_89' title='bbox 524 1308 790 1354; x_wconf 87' lang='lat' dir='ltr'><strong>moratam</strong></span> <span class='ocrx_word' id='word_1_90' title='bbox 834 1297 1190 1354; x_wconf 87' lang='lat' dir='ltr'><strong>dedicationis</strong></span> <span class='ocrx_word' id='word_1_91' title='bbox 1227 1295 1468 1351; x_wconf 69' lang='lat' dir='ltr'><strong>ecclesia:</strong></span> <span class='ocrx_word' id='word_1_92' title='bbox 1515 1309 1637 1350; x_wconf 91' lang='lat' dir='ltr'><strong>cum</strong></span> <span class='ocrx_word' id='word_1_93' title='bbox 1678 1291 1896 1347; x_wconf 90' lang='lat' dir='ltr'><strong>silentio</strong></span> <span class='ocrx_word' id='word_1_94' title='bbox 1932 1297 1988 1344; x_wconf 92' lang='lat' dir='ltr'><strong>et</strong></span> <span class='ocrx_word' id='word_1_95' title='bbox 2015 1303 2118 1344; x_wconf 70' lang='lat' dir='ltr'><strong>cae-</strong></span> 
     </span>
    </p>
   </div>
   <div class='ocr_carea' id='block_1_13' title="bbox 529 1382 2119 1444">
    <p class='ocr_par' dir='ltr' id='par_1_13' title="bbox 529 1382 2119 1444">
     <span class='ocr_line' id='line_1_13' title="bbox 529 1382 2119 1444; baseline -0.006 -1"><span class='ocrx_word' id='word_1_96' title='bbox 529 1391 664 1444; x_wconf 91' lang='lat' dir='ltr'><strong>teris</strong></span> <span class='ocrx_word' id='word_1_97' title='bbox 704 1389 902 1444; x_wconf 75' lang='lat' dir='ltr'><strong>divinis</strong></span> <span class='ocrx_word' id='word_1_98' title='bbox 947 1387 1284 1443; x_wconf 89' lang='lat' dir='ltr'><strong>ornamentis</strong></span> <span class='ocrx_word' id='word_1_99' title='bbox 1333 1386 1556 1440; x_wconf 81' lang='lat' dir='ltr'><strong>veniant</strong></span> <span class='ocrx_word' id='word_1_100' title='bbox 1603 1382 1950 1438; x_wconf 83' lang='lat' dir='ltr'><strong>festivitatem</strong></span> <span class='ocrx_word' id='word_1_101' title='bbox 1995 1393 2119 1435; x_wconf 90' lang='lat' dir='ltr'><strong>cum</strong></span> 
     </span>
    </p>
   </div>
   <div class='ocr_carea' id='block_1_14' title="bbox 523 1470 2118 1560">
    <p class='ocr_par' dir='ltr' id='par_1_14' title="bbox 523 1470 2118 1560">
     <span class='ocr_line' id='line_1_14' title="bbox 523 1470 2118 1560; baseline -0.008 -24"><span class='ocrx_word' id='word_1_102' title='bbox 523 1481 738 1536; x_wconf 60' lang='lat' dir='ltr'><strong>caeteris</strong></span> <span class='ocrx_word' id='word_1_103' title='bbox 782 1479 1108 1536; x_wconf 87' lang='lat' dir='ltr'><strong>suburbanis</strong></span> <span class='ocrx_word' id='word_1_104' title='bbox 1135 1475 1506 1533; x_wconf 87' lang='lat' dir='ltr'><strong>sacerdotibus</strong></span> <span class='ocrx_word' id='word_1_105' title='bbox 1535 1482 1591 1529; x_wconf 92' lang='lat' dir='ltr'><strong>et</strong></span> <span class='ocrx_word' id='word_1_106' title='bbox 1626 1470 2118 1560; x_wconf 51' lang='lat' dir='ltr'><strong>reliquis&#39;clericis,</strong></span> 
     </span>
    </p>
   </div>
   <div class='ocr_carea' id='block_1_15' title="bbox 2205 441 3814 522">
    <p class='ocr_par' dir='ltr' id='par_1_15' title="bbox 2205 441 3814 522">
     <span class='ocr_line' id='line_1_15' title="bbox 2205 441 3814 522; baseline -0.002 -13"><span class='ocrx_word' id='word_1_107' title='bbox 2205 452 2404 510; x_wconf 90' lang='lat' dir='ltr'><strong>multas</strong></span> <span class='ocrx_word' id='word_1_108' title='bbox 2426 449 2760 522; x_wconf 86' lang='lat' dir='ltr'><strong>episcopales</strong></span> <span class='ocrx_word' id='word_1_109' title='bbox 2789 449 2948 506; x_wconf 89' lang='lat' dir='ltr'><strong>sedes</strong></span> <span class='ocrx_word' id='word_1_110' title='bbox 2971 459 3026 504; x_wconf 92' lang='lat' dir='ltr'><strong>et</strong></span> <span class='ocrx_word' id='word_1_111' title='bbox 3051 441 3254 505; x_wconf 87' lang='lat' dir='ltr'><strong>matres</strong></span> <span class='ocrx_word' id='word_1_112' title='bbox 3279 448 3550 505; x_wconf 90' lang='lat' dir='ltr'><strong>Ecclesias</strong></span> <span class='ocrx_word' id='word_1_113' title='bbox 3579 448 3814 506; x_wconf 79' lang='lat' dir='ltr'><strong>diversa</strong></span> 
     </span>
    </p>
   </div>
   <div class='ocr_carea' id='block_1_16' title="bbox 2207 542 3816 612">
    <p class='ocr_par' dir='ltr' id='par_1_16' title="bbox 2207 542 3816 612">
     <span class='ocr_line' id='line_1_16' title="bbox 2207 542 3816 612; baseline -0.004 -10"><span class='ocrx_word' id='word_1_114' title='bbox 2207 545 2533 602; x_wconf 90' lang='lat' dir='ltr'><strong>monasteria</strong></span> <span class='ocrx_word' id='word_1_115' title='bbox 2557 545 2656 600; x_wconf 90' lang='lat' dir='ltr'><strong>sub</strong></span> <span class='ocrx_word' id='word_1_116' title='bbox 2681 559 2741 600; x_wconf 89' lang='lat' dir='ltr'><strong>se</strong></span> <span class='ocrx_word' id='word_1_117' title='bbox 2763 543 2965 599; x_wconf 91' lang='lat' dir='ltr'><strong>habere</strong></span> <span class='ocrx_word' id='word_1_118' title='bbox 2985 542 3233 598; x_wconf 85' lang='lat' dir='ltr'><strong>videmus</strong></span> <span class='ocrx_word' id='word_1_119' title='bbox 3264 549 3588 607; x_wconf 88' lang='lat' dir='ltr'><strong>constructa,</strong></span> <span class='ocrx_word' id='word_1_120' title='bbox 3612 554 3816 612; x_wconf 68' lang='lat' dir='ltr'><strong>quaeso</strong></span> 
     </span>
    </p>
   </div>
   <div class='ocr_carea' id='block_1_17' title="bbox 2208 629 3814 711">
    <p class='ocr_par' dir='ltr' id='par_1_17' title="bbox 2208 629 3814 711">
     <span class='ocr_line' id='line_1_17' title="bbox 2208 629 3814 711; baseline -0.001 -15"><span class='ocrx_word' id='word_1_121' title='bbox 2208 656 2278 697; x_wconf 91' lang='lat' dir='ltr'><strong>ne</strong></span> <span class='ocrx_word' id='word_1_122' title='bbox 2303 641 2523 711; x_wconf 90' lang='lat' dir='ltr'><strong>quidam</strong></span> <span class='ocrx_word' id='word_1_123' title='bbox 2550 638 2821 711; x_wconf 82' lang='lat' dir='ltr'><strong>superflue</strong></span> <span class='ocrx_word' id='word_1_124' title='bbox 2857 640 2962 696; x_wconf 92' lang='lat' dir='ltr'><strong>hoc</strong></span> <span class='ocrx_word' id='word_1_125' title='bbox 3000 653 3087 694; x_wconf 90' lang='lat' dir='ltr'><strong>me</strong></span> <span class='ocrx_word' id='word_1_126' title='bbox 3113 638 3305 694; x_wconf 86' lang='lat' dir='ltr'><strong>fecisse</strong></span> <span class='ocrx_word' id='word_1_127' title='bbox 3349 629 3618 705; x_wconf 84' lang='lat' dir='ltr'><strong>asscrant,</strong></span> <span class='ocrx_word' id='word_1_128' title='bbox 3657 653 3814 710; x_wconf 66' lang='lat' dir='ltr'><strong>pra-</strong></span> 
     </span>
    </p>
   </div>
   <div class='ocr_carea' id='block_1_18' title="bbox 2211 729 3810 804">
    <p class='ocr_par' dir='ltr' id='par_1_18' title="bbox 2211 729 3810 804">
     <span class='ocr_line' id='line_1_18' title="bbox 2211 729 3810 804; baseline 0 -16"><span class='ocrx_word' id='word_1_129' title='bbox 2211 733 2400 788; x_wconf 91' lang='lat' dir='ltr'><strong>sertim</strong></span> <span class='ocrx_word' id='word_1_130' title='bbox 2427 747 2552 788; x_wconf 91' lang='lat' dir='ltr'><strong>cum</strong></span> <span class='ocrx_word' id='word_1_131' title='bbox 2581 731 2755 802; x_wconf 82' lang='lat' dir='ltr'><strong>magis</strong></span> <span class='ocrx_word' id='word_1_132' title='bbox 2791 747 2891 804; x_wconf 91' lang='lat' dir='ltr'><strong>pro</strong></span> <span class='ocrx_word' id='word_1_133' title='bbox 2942 733 3149 786; x_wconf 88' lang='lat' dir='ltr'><strong>honore</strong></span> <span class='ocrx_word' id='word_1_134' title='bbox 3177 729 3433 786; x_wconf 65' lang='lat' dir='ltr'><strong>Ecclesiae</strong></span> <span class='ocrx_word' id='word_1_135' title='bbox 3460 731 3617 786; x_wconf 91' lang='lat' dir='ltr'><strong>nobis</strong></span> <span class='ocrx_word' id='word_1_136' title='bbox 3643 745 3810 788; x_wconf 89' lang='lat' dir='ltr'><strong>com-</strong></span> 
     </span>
    </p>
   </div>
   <div class='ocr_carea' id='block_1_19' title="bbox 2211 813 3817 896">
    <p class='ocr_par' dir='ltr' id='par_1_19' title="bbox 2211 813 3817 896">
     <span class='ocr_line' id='line_1_19' title="bbox 2211 813 3817 896; baseline 0 -19"><span class='ocrx_word' id='word_1_137' title='bbox 2211 823 2412 889; x_wconf 82' lang='lat' dir='ltr'><strong>missae,</strong></span> <span class='ocrx_word' id='word_1_138' title='bbox 2433 831 2489 878; x_wconf 92' lang='lat' dir='ltr'><strong>et</strong></span> <span class='ocrx_word' id='word_1_139' title='bbox 2506 837 2605 892; x_wconf 87' lang='lat' dir='ltr'><strong>pro</strong></span> <span class='ocrx_word' id='word_1_140' title='bbox 2631 821 2782 877; x_wconf 92' lang='lat' dir='ltr'><strong>lucro</strong></span> <span class='ocrx_word' id='word_1_141' title='bbox 2806 821 3112 876; x_wconf 84' lang='lat' dir='ltr'><strong>animarum</strong></span> <span class='ocrx_word' id='word_1_142' title='bbox 3135 835 3298 891; x_wconf 90' lang='lat' dir='ltr'><strong>quam</strong></span> <span class='ocrx_word' id='word_1_143' title='bbox 3319 835 3416 891; x_wconf 92' lang='lat' dir='ltr'><strong>pro</strong></span> <span class='ocrx_word' id='word_1_144' title='bbox 3440 813 3680 896; x_wconf 87' lang='lat' dir='ltr'><strong>facinore</strong></span> <span class='ocrx_word' id='word_1_145' title='bbox 3706 822 3817 877; x_wconf 62' lang='lat' dir='ltr'><strong>huc</strong></span> 
     </span>
    </p>
   </div>
   <div class='ocr_carea' id='block_1_20' title="bbox 2212 911 3831 986">
    <p class='ocr_par' dir='ltr' id='par_1_20' title="bbox 2212 911 3831 986">
     <span class='ocr_line' id='line_1_20' title="bbox 2212 911 3831 986; baseline 0.001 -17"><span class='ocrx_word' id='word_1_146' title='bbox 2212 929 2398 980; x_wconf 90' lang='lat' dir='ltr'><strong>mano,</strong></span> <span class='ocrx_word' id='word_1_147' title='bbox 2427 915 2536 970; x_wconf 90' lang='lat' dir='ltr'><strong>hoc</strong></span> <span class='ocrx_word' id='word_1_148' title='bbox 2561 929 2648 970; x_wconf 90' lang='lat' dir='ltr'><strong>me</strong></span> <span class='ocrx_word' id='word_1_149' title='bbox 2669 913 2863 970; x_wconf 88' lang='lat' dir='ltr'><strong>fecisse</strong></span> <span class='ocrx_word' id='word_1_150' title='bbox 2887 912 3165 984; x_wconf 84' lang='lat' dir='ltr'><strong>proﬁteor.</strong></span> <span class='ocrx_word' id='word_1_151' title='bbox 3204 911 3314 969; x_wconf 83' lang='lat' dir='ltr'><strong>Nec</strong></span> <span class='ocrx_word' id='word_1_152' title='bbox 3343 913 3539 968; x_wconf 88' lang='lat' dir='ltr'><strong>mirum</strong></span> <span class='ocrx_word' id='word_1_153' title='bbox 3566 913 3612 968; x_wconf 89' lang='lat' dir='ltr'><strong>si</strong></span> <span class='ocrx_word' id='word_1_154' title='bbox 3655 915 3831 986; x_wconf 54' lang='lat' dir='ltr'><strong>prae-3</strong></span> 
     </span>
    </p>
   </div>
   <div class='ocr_carea' id='block_1_21' title="bbox 2216 1004 3812 1063">
    <p class='ocr_par' dir='ltr' id='par_1_21' title="bbox 2216 1004 3812 1063">
     <span class='ocr_line' id='line_1_21' title="bbox 2216 1004 3812 1063; baseline -0.001 -2"><span class='ocrx_word' id='word_1_155' title='bbox 2216 1007 2386 1062; x_wconf 89' lang='lat' dir='ltr'><strong>fatum</strong></span> <span class='ocrx_word' id='word_1_156' title='bbox 2411 1007 2586 1063; x_wconf 90' lang='lat' dir='ltr'><strong>locum</strong></span> <span class='ocrx_word' id='word_1_157' title='bbox 2616 1005 2684 1061; x_wconf 90' lang='lat' dir='ltr'><strong>de</strong></span> <span class='ocrx_word' id='word_1_158' title='bbox 2711 1005 2874 1061; x_wconf 89' lang='lat' dir='ltr'><strong>rebus</strong></span> <span class='ocrx_word' id='word_1_159' title='bbox 2895 1014 3095 1061; x_wconf 78' lang='lat' dir='ltr'><strong>nostrae</strong></span> <span class='ocrx_word' id='word_1_160' title='bbox 3119 1004 3264 1060; x_wconf 90' lang='lat' dir='ltr'><strong>sedis</strong></span> <span class='ocrx_word' id='word_1_161' title='bbox 3301 1004 3560 1061; x_wconf 71' lang='lat' dir='ltr'><strong>Ecclesia:</strong></span> <span class='ocrx_word' id='word_1_162' title='bbox 3589 1005 3812 1060; x_wconf 83' lang='lat' dir='ltr'><strong>ditave-</strong></span> 
     </span>
    </p>
   </div>
   <div class='ocr_carea' id='block_1_22' title="bbox 2215 1093 3816 1168">
    <p class='ocr_par' dir='ltr' id='par_1_22' title="bbox 2215 1093 3816 1168">
     <span class='ocr_line' id='line_1_22' title="bbox 2215 1093 3816 1168; baseline -0.001 -14"><span class='ocrx_word' id='word_1_163' title='bbox 2215 1099 2346 1165; x_wconf 90' lang='lat' dir='ltr'><strong>rim,</strong></span> <span class='ocrx_word' id='word_1_164' title='bbox 2375 1114 2500 1155; x_wconf 89' lang='lat' dir='ltr'><strong>cum</strong></span> <span class='ocrx_word' id='word_1_165' title='bbox 2527 1098 2725 1154; x_wconf 92' lang='lat' dir='ltr'><strong>multos</strong></span> <span class='ocrx_word' id='word_1_166' title='bbox 2757 1107 2974 1154; x_wconf 90' lang='lat' dir='ltr'><strong>sanctos</strong></span> <span class='ocrx_word' id='word_1_167' title='bbox 3001 1097 3286 1168; x_wconf 84' lang='lat' dir='ltr'><strong>episcopos</strong></span> <span class='ocrx_word' id='word_1_168' title='bbox 3312 1093 3427 1165; x_wconf 88' lang='lat' dir='ltr'><strong>jam</strong></span> <span class='ocrx_word' id='word_1_169' title='bbox 3452 1095 3581 1151; x_wconf 89' lang='lat' dir='ltr'><strong>talia</strong></span> <span class='ocrx_word' id='word_1_170' title='bbox 3610 1095 3816 1153; x_wconf 85' lang='lat' dir='ltr'><strong>fecisse</strong></span> 
     </span>
    </p>
   </div>
   <div class='ocr_carea' id='block_1_23' title="bbox 2216 1188 3816 1268">
    <p class='ocr_par' dir='ltr' id='par_1_23' title="bbox 2216 1188 3816 1268">
     <span class='ocr_line' id='line_1_23' title="bbox 2216 1188 3816 1268; baseline -0.003 -20"><span class='ocrx_word' id='word_1_171' title='bbox 2216 1200 2272 1248; x_wconf 86' lang='lat' dir='ltr'><strong>et</strong></span> <span class='ocrx_word' id='word_1_172' title='bbox 2331 1191 2557 1264; x_wconf 79' lang='lat' dir='ltr'><strong>legimus</strong></span> <span class='ocrx_word' id='word_1_173' title='bbox 2611 1198 2666 1247; x_wconf 92' lang='lat' dir='ltr'><strong>et</strong></span> <span class='ocrx_word' id='word_1_174' title='bbox 2726 1190 3096 1262; x_wconf 76' lang='lat' dir='ltr'><strong>cognovimus.</strong></span> <span class='ocrx_word' id='word_1_175' title='bbox 3154 1188 3383 1268; x_wconf 21' lang='lat' dir='ltr'><strong>Idcirco.</strong></span> <span class='ocrx_word' id='word_1_176' title='bbox 3426 1203 3624 1258; x_wconf 85' lang='lat' dir='ltr'><strong>precor</strong></span> <span class='ocrx_word' id='word_1_177' title='bbox 3674 1203 3816 1243; x_wconf 87' lang='lat' dir='ltr'><strong>cun-</strong></span> 
     </span>
    </p>
   </div>
   <div class='ocr_carea' id='block_1_24' title="bbox 2219 1269 3816 1342">
    <p class='ocr_par' dir='ltr' id='par_1_24' title="bbox 2219 1269 3816 1342">
     <span class='ocr_line' id='line_1_24' title="bbox 2219 1269 3816 1342; baseline -0.004 0"><span class='ocrx_word' id='word_1_178' title='bbox 2219 1293 2336 1342; x_wconf 91' lang='lat' dir='ltr'><strong>ctos</strong></span> <span class='ocrx_word' id='word_1_179' title='bbox 2358 1284 2543 1340; x_wconf 87' lang='lat' dir='ltr'><strong>fideles</strong></span> <span class='ocrx_word' id='word_1_180' title='bbox 2571 1291 2774 1340; x_wconf 66' lang='lat' dir='ltr'><strong>sanctae</strong></span> <span class='ocrx_word' id='word_1_181' title='bbox 2803 1283 2898 1338; x_wconf 88' lang='lat' dir='ltr'><strong>Dei</strong></span> <span class='ocrx_word' id='word_1_182' title='bbox 2929 1282 3187 1339; x_wconf 73' lang='lat' dir='ltr'><strong>Ecclesia:</strong></span> <span class='ocrx_word' id='word_1_183' title='bbox 3213 1290 3275 1337; x_wconf 93' lang='lat' dir='ltr'><strong>ut</strong></span> <span class='ocrx_word' id='word_1_184' title='bbox 3299 1296 3407 1338; x_wconf 91' lang='lat' dir='ltr'><strong>non</strong></span> <span class='ocrx_word' id='word_1_185' title='bbox 3450 1269 3558 1337; x_wconf 80' lang='lat' dir='ltr'><strong>hcc</strong></span> <span class='ocrx_word' id='word_1_186' title='bbox 3597 1294 3689 1336; x_wconf 87' lang='lat' dir='ltr'><strong>me</strong></span> <span class='ocrx_word' id='word_1_187' title='bbox 3715 1296 3816 1336; x_wconf 86' lang='lat' dir='ltr'><strong>su-</strong></span> 
     </span>
    </p>
   </div>
   <div class='ocr_carea' id='block_1_25' title="bbox 2219 1375 3819 1450">
    <p class='ocr_par' dir='ltr' id='par_1_25' title="bbox 2219 1375 3819 1450">
     <span class='ocr_line' id='line_1_25' title="bbox 2219 1375 3819 1450; baseline -0.004 -15"><span class='ocrx_word' id='word_1_188' title='bbox 2219 1377 2425 1450; x_wconf 83' lang='lat' dir='ltr'><strong>perflue</strong></span> <span class='ocrx_word' id='word_1_189' title='bbox 2462 1377 2655 1434; x_wconf 88' lang='lat' dir='ltr'><strong>fecisse</strong></span> <span class='ocrx_word' id='word_1_190' title='bbox 2682 1384 2894 1447; x_wconf 89' lang='lat' dir='ltr'><strong>putent,</strong></span> <span class='ocrx_word' id='word_1_191' title='bbox 2942 1376 3039 1432; x_wconf 88' lang='lat' dir='ltr'><strong>sed</strong></span> <span class='ocrx_word' id='word_1_192' title='bbox 3075 1375 3248 1445; x_wconf 84' lang='lat' dir='ltr'><strong>magis</strong></span> <span class='ocrx_word' id='word_1_193' title='bbox 3269 1389 3368 1444; x_wconf 91' lang='lat' dir='ltr'><strong>pro</strong></span> <span class='ocrx_word' id='word_1_194' title='bbox 3410 1388 3496 1429; x_wconf 93' lang='lat' dir='ltr'><strong>me</strong></span> <span class='ocrx_word' id='word_1_195' title='bbox 3523 1380 3819 1444; x_wconf 81' lang='lat' dir='ltr'><strong>peccatore</strong></span> 
     </span>
    </p>
   </div>
   <div class='ocr_carea' id='block_1_26' title="bbox 2221 1465 3822 1541">
    <p class='ocr_par' dir='ltr' id='par_1_26' title="bbox 2221 1465 3822 1541">
     <span class='ocr_line' id='line_1_26' title="bbox 2221 1465 3822 1541; baseline -0.004 -15"><span class='ocrx_word' id='word_1_196' title='bbox 2221 1486 2381 1527; x_wconf 90' lang='lat' dir='ltr'><strong>orare</strong></span> <span class='ocrx_word' id='word_1_197' title='bbox 2408 1486 2517 1525; x_wconf 91' lang='lat' dir='ltr'><strong>non</strong></span> <span class='ocrx_word' id='word_1_198' title='bbox 2552 1469 2947 1541; x_wconf 78' lang='lat' dir='ltr'><strong>dedignentur;</strong></span> <span class='ocrx_word' id='word_1_199' title='bbox 2979 1478 3038 1523; x_wconf 92' lang='lat' dir='ltr'><strong>ut</strong></span> <span class='ocrx_word' id='word_1_200' title='bbox 3064 1468 3109 1522; x_wconf 92' lang='lat' dir='ltr'><strong>si</strong></span> <span class='ocrx_word' id='word_1_201' title='bbox 3133 1483 3292 1538; x_wconf 89' lang='lat' dir='ltr'><strong>quam</strong></span> <span class='ocrx_word' id='word_1_202' title='bbox 3322 1483 3423 1537; x_wconf 91' lang='lat' dir='ltr'><strong>pro</strong></span> <span class='ocrx_word' id='word_1_203' title='bbox 3458 1465 3564 1521; x_wconf 90' lang='lat' dir='ltr'><strong>hoc</strong></span> <span class='ocrx_word' id='word_1_204' title='bbox 3603 1479 3822 1520; x_wconf 85' lang='lat' dir='ltr'><strong>merce-</strong></span> 
     </span>
    </p>
   </div>
   <div class='ocr_carea' id='block_1_27' title="bbox 528 1542 3826 1641">
    <p class='ocr_par' dir='ltr' id='par_1_27' title="bbox 528 1542 3826 1641">
     <span class='ocr_line' id='line_1_27' title="bbox 528 1542 3826 1641; baseline -0.006 -12"><span class='ocrx_word' id='word_1_205' title='bbox 528 1582 584 1629; x_wconf 92' lang='lat' dir='ltr'><strong>et</strong></span> <span class='ocrx_word' id='word_1_206' title='bbox 612 1581 742 1628; x_wconf 91' lang='lat' dir='ltr'><strong>tunc</strong></span> <span class='ocrx_word' id='word_1_207' title='bbox 778 1587 938 1627; x_wconf 90' lang='lat' dir='ltr'><strong>mane</strong></span> <span class='ocrx_word' id='word_1_208' title='bbox 976 1561 1149 1641; x_wconf 83' lang='lat' dir='ltr'><strong>prima</strong></span> <span class='ocrx_word' id='word_1_209' title='bbox 1185 1569 1315 1622; x_wconf 90' lang='lat' dir='ltr'><strong>inihi</strong></span> <span class='ocrx_word' id='word_1_210' title='bbox 1359 1582 1458 1638; x_wconf 92' lang='lat' dir='ltr'><strong>pro</strong></span> <span class='ocrx_word' id='word_1_211' title='bbox 1504 1581 1592 1622; x_wconf 90' lang='lat' dir='ltr'><strong>me</strong></span> <span class='ocrx_word' id='word_1_212' title='bbox 1639 1542 1946 1635; x_wconf 68' lang='lat' dir='ltr'><strong>peccatore,</strong></span> <span class='ocrx_word' id='word_1_213' title='bbox 1994 1562 2123 1618; x_wconf 89' lang='lat' dir='ltr'><strong>dum</strong></span> <span class='ocrx_word' id='word_1_214' title='bbox 2223 1563 2343 1619; x_wconf 91' lang='lat' dir='ltr'><strong>dem</strong></span> <span class='ocrx_word' id='word_1_215' title='bbox 2368 1542 2592 1634; x_wconf 80' lang='lat' dir='ltr'><strong>adipisci</strong></span> <span class='ocrx_word' id='word_1_216' title='bbox 2613 1576 2886 1626; x_wconf 90' lang='lat' dir='ltr'><strong>meruero,</strong></span> <span class='ocrx_word' id='word_1_217' title='bbox 2910 1559 3288 1629; x_wconf 84' lang='lat' dir='ltr'><strong>ejusdem-ﬁeri</strong></span> <span class='ocrx_word' id='word_1_218' title='bbox 3313 1566 3629 1614; x_wconf 89' lang='lat' dir='ltr'><strong>mereantur</strong></span> <span class='ocrx_word' id='word_1_219' title='bbox 3647 1555 3826 1627; x_wconf 87' lang='lat' dir='ltr'><strong>parti-</strong></span> 
     </span>
    </p>
   </div>
   <div class='ocr_carea' id='block_1_28' title="bbox 536 1651 2122 1730">
    <p class='ocr_par' dir='ltr' id='par_1_28' title="bbox 536 1651 2122 1730">
     <span class='ocr_line' id='line_1_28' title="bbox 536 1651 2122 1730; baseline -0.006 -12"><span class='ocrx_word' id='word_1_220' title='bbox 536 1664 815 1726; x_wconf 83' lang='lat' dir='ltr'><strong>advixcro,</strong></span> <span class='ocrx_word' id='word_1_221' title='bbox 856 1651 1226 1730; x_wconf 78' lang='lat' dir='ltr'><strong>unusquiSque</strong></span> <span class='ocrx_word' id='word_1_222' title='bbox 1263 1659 1516 1714; x_wconf 87' lang='lat' dir='ltr'><strong>sacerdos</strong></span> <span class='ocrx_word' id='word_1_223' title='bbox 1566 1666 1747 1713; x_wconf 86' lang='lat' dir='ltr'><strong>cantet</strong></span> <span class='ocrx_word' id='word_1_224' title='bbox 1785 1671 1948 1711; x_wconf 91' lang='lat' dir='ltr'><strong>unam</strong></span> <span class='ocrx_word' id='word_1_225' title='bbox 1989 1655 2122 1709; x_wconf 77' lang='lat' dir='ltr'><strong>mis-</strong></span> 
     </span>
    </p>
   </div>
   <div class='ocr_carea' id='block_1_29' title="bbox 2225 1653 3820 1728">
    <p class='ocr_par' dir='ltr' id='par_1_29' title="bbox 2225 1653 3820 1728">
     <span class='ocr_line' id='line_1_29' title="bbox 2225 1653 3820 1728; baseline -0.004 -16"><span class='ocrx_word' id='word_1_226' title='bbox 2225 1658 2390 1728; x_wconf 91' lang='lat' dir='ltr'><strong>cipes.</strong></span> <span class='ocrx_word' id='word_1_227' title='bbox 2423 1656 2664 1725; x_wconf 89' lang='lat' dir='ltr'><strong>Denique</strong></span> <span class='ocrx_word' id='word_1_228' title='bbox 2703 1654 2982 1711; x_wconf 87' lang='lat' dir='ltr'><strong>humiliter</strong></span> <span class='ocrx_word' id='word_1_229' title='bbox 3002 1668 3199 1725; x_wconf 89' lang='lat' dir='ltr'><strong>precor</strong></span> <span class='ocrx_word' id='word_1_230' title='bbox 3229 1653 3515 1708; x_wconf 89' lang='lat' dir='ltr'><strong>Dominum</strong></span> <span class='ocrx_word' id='word_1_231' title='bbox 3565 1660 3820 1706; x_wconf 88' lang='lat' dir='ltr'><strong>nostrum</strong></span> 
     </span>
    </p>
   </div>
   <div class='ocr_carea' id='block_1_30' title="bbox 527 1741 3823 1823">
    <p class='ocr_par' dir='ltr' id='par_1_30' title="bbox 527 1741 3823 1823">
     <span class='ocr_line' id='line_1_30' title="bbox 527 1741 3823 1823; baseline -0.002 -13"><span class='ocrx_word' id='word_1_232' title='bbox 527 1745 644 1811; x_wconf 83' lang='lat' dir='ltr'><strong>sam</strong></span> <span class='ocrx_word' id='word_1_233' title='bbox 673 1763 729 1809; x_wconf 91' lang='lat' dir='ltr'><strong>et</strong></span> <span class='ocrx_word' id='word_1_234' title='bbox 757 1753 1005 1823; x_wconf 89' lang='lat' dir='ltr'><strong>amplius,</strong></span> <span class='ocrx_word' id='word_1_235' title='bbox 1032 1753 1078 1806; x_wconf 89' lang='lat' dir='ltr'><strong>si</strong></span> <span class='ocrx_word' id='word_1_236' title='bbox 1107 1752 1324 1806; x_wconf 87' lang='lat' dir='ltr'><strong>libuerit</strong></span> <span class='ocrx_word' id='word_1_237' title='bbox 1343 1760 1398 1807; x_wconf 91' lang='lat' dir='ltr'><strong>et</strong></span> <span class='ocrx_word' id='word_1_238' title='bbox 1425 1752 1668 1807; x_wconf 90' lang='lat' dir='ltr'><strong>charitas</strong></span> <span class='ocrx_word' id='word_1_239' title='bbox 1705 1749 2118 1814; x_wconf 88' lang='lat' dir='ltr'><strong>ministraverit,</strong></span> <span class='ocrx_word' id='word_1_240' title='bbox 2149 1741 2198 1802; x_wconf 86' lang='grc' dir='ltr'>Β</span> <span class='ocrx_word' id='word_1_241' title='bbox 2225 1749 2410 1805; x_wconf 81' lang='lat' dir='ltr'><strong>Jesum</strong></span> <span class='ocrx_word' id='word_1_242' title='bbox 2437 1748 2734 1816; x_wconf 90' lang='lat' dir='ltr'><strong>Christum,</strong></span> <span class='ocrx_word' id='word_1_243' title='bbox 2785 1749 3007 1805; x_wconf 89' lang='lat' dir='ltr'><strong>beatum</strong></span> <span class='ocrx_word' id='word_1_244' title='bbox 3047 1761 3420 1804; x_wconf 85' lang='lat' dir='ltr'><strong>successorem</strong></span> <span class='ocrx_word' id='word_1_245' title='bbox 3463 1762 3648 1802; x_wconf 91' lang='lat' dir='ltr'><strong>meum</strong></span> <span class='ocrx_word' id='word_1_246' title='bbox 3692 1761 3823 1802; x_wconf 83' lang='lat' dir='ltr'><strong>mox</strong></span> 
     </span>
    </p>
   </div>
   <div class='ocr_carea' id='block_1_31' title="bbox 526 1841 2120 1912">
    <p class='ocr_par' dir='ltr' id='par_1_31' title="bbox 526 1841 2120 1912">
     <span class='ocr_line' id='line_1_31' title="bbox 526 1841 2120 1912; baseline -0.004 -13"><span class='ocrx_word' id='word_1_247' title='bbox 526 1851 584 1899; x_wconf 91' lang='lat' dir='ltr'><strong>et</strong></span> <span class='ocrx_word' id='word_1_248' title='bbox 626 1842 1000 1912; x_wconf 87' lang='lat' dir='ltr'><strong>unusquisque</strong></span> <span class='ocrx_word' id='word_1_249' title='bbox 1053 1841 1283 1897; x_wconf 89' lang='lat' dir='ltr'><strong>clericus</strong></span> <span class='ocrx_word' id='word_1_250' title='bbox 1334 1841 1569 1912; x_wconf 88' lang='lat' dir='ltr'><strong>psalmos</strong></span> <span class='ocrx_word' id='word_1_251' title='bbox 1621 1841 2010 1911; x_wconf 81' lang='lat' dir='ltr'><strong>quinquaginta</strong></span> <span class='ocrx_word' id='word_1_252' title='bbox 2063 1847 2120 1894; x_wconf 92' lang='lat' dir='ltr'><strong>et</strong></span> 
     </span>
    </p>
   </div>
   <div class='ocr_carea' id='block_1_32' title="bbox 529 1934 2117 2006">
    <p class='ocr_par' dir='ltr' id='par_1_32' title="bbox 529 1934 2117 2006">
     <span class='ocr_line' id='line_1_32' title="bbox 529 1934 2117 2006; baseline -0.002 -15"><span class='ocrx_word' id='word_1_253' title='bbox 529 1935 780 2006; x_wconf 89' lang='lat' dir='ltr'><strong>amplius,</strong></span> <span class='ocrx_word' id='word_1_254' title='bbox 809 1944 1068 2006; x_wconf 89' lang='lat' dir='ltr'><strong>quantum</strong></span> <span class='ocrx_word' id='word_1_255' title='bbox 1107 1935 1321 1990; x_wconf 87' lang='lat' dir='ltr'><strong>dilectio</strong></span> <span class='ocrx_word' id='word_1_256' title='bbox 1361 1945 1417 1991; x_wconf 91' lang='lat' dir='ltr'><strong>et</strong></span> <span class='ocrx_word' id='word_1_257' title='bbox 1445 1951 1599 1989; x_wconf 85' lang='lat' dir='ltr'><strong>amor</strong></span> <span class='ocrx_word' id='word_1_258' title='bbox 1638 1934 1729 1988; x_wconf 91' lang='lat' dir='ltr'><strong>Dei</strong></span> <span class='ocrx_word' id='word_1_259' title='bbox 1757 1934 2117 2004; x_wconf 88' lang='lat' dir='ltr'><strong>instigaverit.</strong></span> 
     </span>
    </p>
   </div>
   <div class='ocr_carea' id='block_1_33' title="bbox 529 2025 2122 2097">
    <p class='ocr_par' dir='ltr' id='par_1_33' title="bbox 529 2025 2122 2097">
     <span class='ocr_line' id='line_1_33' title="bbox 529 2025 2122 2097; baseline -0.003 -12"><span class='ocrx_word' id='word_1_260' title='bbox 529 2027 660 2085; x_wconf 87' lang='lat' dir='ltr'><strong>Post</strong></span> <span class='ocrx_word' id='word_1_261' title='bbox 697 2029 905 2086; x_wconf 90' lang='lat' dir='ltr'><strong>obitum</strong></span> <span class='ocrx_word' id='word_1_262' title='bbox 951 2043 1082 2084; x_wconf 91' lang='lat' dir='ltr'><strong>vero</strong></span> <span class='ocrx_word' id='word_1_263' title='bbox 1111 2043 1314 2094; x_wconf 91' lang='lat' dir='ltr'><strong>meum,</strong></span> <span class='ocrx_word' id='word_1_264' title='bbox 1353 2029 1407 2082; x_wconf 91' lang='lat' dir='ltr'><strong>in</strong></span> <span class='ocrx_word' id='word_1_265' title='bbox 1445 2027 1703 2097; x_wconf 57' lang='lat' dir='ltr'><strong>praedicta</strong></span> <span class='ocrx_word' id='word_1_266' title='bbox 1739 2027 1828 2081; x_wconf 91' lang='lat' dir='ltr'><strong>die</strong></span> <span class='ocrx_word' id='word_1_267' title='bbox 1869 2025 2122 2080; x_wconf 84' lang='lat' dir='ltr'><strong>similiter</strong></span> 
     </span>
    </p>
   </div>
   <div class='ocr_carea' id='block_1_34' title="bbox 529 2119 2122 2192">
    <p class='ocr_par' dir='ltr' id='par_1_34' title="bbox 529 2119 2122 2192">
     <span class='ocr_line' id='line_1_34' title="bbox 529 2119 2122 2192; baseline -0.003 -16"><span class='ocrx_word' id='word_1_268' title='bbox 529 2135 631 2192; x_wconf 90' lang='lat' dir='ltr'><strong>pro</strong></span> <span class='ocrx_word' id='word_1_269' title='bbox 686 2121 942 2176; x_wconf 89' lang='lat' dir='ltr'><strong>defuncto</strong></span> <span class='ocrx_word' id='word_1_270' title='bbox 985 2119 1209 2175; x_wconf 88' lang='lat' dir='ltr'><strong>faciant.</strong></span> <span class='ocrx_word' id='word_1_271' title='bbox 1256 2119 1382 2174; x_wconf 68' lang='lat' dir='ltr'><strong>Haec</strong></span> <span class='ocrx_word' id='word_1_272' title='bbox 1429 2134 1560 2192; x_wconf 88' lang='lat' dir='ltr'><strong>ergo</strong></span> <span class='ocrx_word' id='word_1_273' title='bbox 1610 2119 1792 2176; x_wconf 88' lang='lat' dir='ltr'><strong>omnia</strong></span> <span class='ocrx_word' id='word_1_274' title='bbox 1837 2119 2122 2189; x_wconf 79' lang='lat' dir='ltr'><strong>diligenter</strong></span> 
     </span>
    </p>
   </div>
   <div class='ocr_carea' id='block_1_35' title="bbox 529 2209 2120 2283">
    <p class='ocr_par' dir='ltr' id='par_1_35' title="bbox 529 2209 2120 2283">
     <span class='ocr_line' id='line_1_35' title="bbox 529 2209 2120 2283; baseline -0.001 -17"><span class='ocrx_word' id='word_1_275' title='bbox 529 2221 771 2283; x_wconf 90' lang='lat' dir='ltr'><strong>peracta,</strong></span> <span class='ocrx_word' id='word_1_276' title='bbox 801 2213 934 2268; x_wconf 86' lang='lat' dir='ltr'><strong>hora</strong></span> <span class='ocrx_word' id='word_1_277' title='bbox 961 2213 1120 2268; x_wconf 90' lang='lat' dir='ltr'><strong>tertia</strong></span> <span class='ocrx_word' id='word_1_278' title='bbox 1161 2213 1212 2266; x_wconf 89' lang='lat' dir='ltr'><strong>in</strong></span> <span class='ocrx_word' id='word_1_279' title='bbox 1255 2211 1527 2282; x_wconf 89' lang='lat' dir='ltr'><strong>publicum</strong></span> <span class='ocrx_word' id='word_1_280' title='bbox 1577 2211 1849 2266; x_wconf 88' lang='lat' dir='ltr'><strong>introeant</strong></span> <span class='ocrx_word' id='word_1_281' title='bbox 1883 2209 2120 2265; x_wconf 67' lang='lat' dir='ltr'><strong>officium</strong></span> 
     </span>
    </p>
   </div>
   <div class='ocr_carea' id='block_1_36' title="bbox 525 2297 2122 2362">
    <p class='ocr_par' dir='ltr' id='par_1_36' title="bbox 525 2297 2122 2362">
     <span class='ocr_line' id='line_1_36' title="bbox 525 2297 2122 2362; baseline -0.003 -1"><span class='ocrx_word' id='word_1_282' title='bbox 525 2297 592 2361; x_wconf 39' lang='lat' dir='ltr'><strong>&#39;et</strong></span> <span class='ocrx_word' id='word_1_283' title='bbox 628 2321 736 2360; x_wconf 89' lang='lat' dir='ltr'><strong>una</strong></span> <span class='ocrx_word' id='word_1_284' title='bbox 775 2321 897 2362; x_wconf 88' lang='lat' dir='ltr'><strong>cum</strong></span> <span class='ocrx_word' id='word_1_285' title='bbox 949 2305 1230 2360; x_wconf 90' lang='lat' dir='ltr'><strong>monachis</strong></span> <span class='ocrx_word' id='word_1_286' title='bbox 1287 2305 1483 2360; x_wconf 86' lang='lat' dir='ltr'><strong>ibidem</strong></span> <span class='ocrx_word' id='word_1_287' title='bbox 1532 2304 1763 2361; x_wconf 91' lang='lat' dir='ltr'><strong>Domino</strong></span> <span class='ocrx_word' id='word_1_288' title='bbox 1810 2303 2122 2359; x_wconf 86' lang='lat' dir='ltr'><strong>famulanti-</strong></span> 
     </span>
    </p>
   </div>
   <div class='ocr_carea' id='block_1_37' title="bbox 532 2396 2127 2469">
    <p class='ocr_par' dir='ltr' id='par_1_37' title="bbox 532 2396 2127 2469">
     <span class='ocr_line' id='line_1_37' title="bbox 532 2396 2127 2469; baseline 0 -17"><span class='ocrx_word' id='word_1_289' title='bbox 532 2396 635 2452; x_wconf 84' lang='lat' dir='ltr'><strong>bus</strong></span> <span class='ocrx_word' id='word_1_290' title='bbox 659 2397 972 2454; x_wconf 90' lang='lat' dir='ltr'><strong>solemniter</strong></span> <span class='ocrx_word' id='word_1_291' title='bbox 994 2399 1162 2469; x_wconf 91' lang='lat' dir='ltr'><strong>ipsius</strong></span> <span class='ocrx_word' id='word_1_292' title='bbox 1191 2397 1294 2453; x_wconf 91' lang='lat' dir='ltr'><strong>diei</strong></span> <span class='ocrx_word' id='word_1_293' title='bbox 1320 2396 1568 2452; x_wconf 86' lang='lat' dir='ltr'><strong>festivam</strong></span> <span class='ocrx_word' id='word_1_294' title='bbox 1592 2407 1852 2469; x_wconf 82' lang='lat' dir='ltr'><strong>peragant</strong></span> <span class='ocrx_word' id='word_1_295' title='bbox 1873 2397 2127 2454; x_wconf 85' lang='lat' dir='ltr'><strong>solemni-</strong></span> 
     </span>
    </p>
   </div>
   <div class='ocr_carea' id='block_1_38' title="bbox 534 2487 2126 2560">
    <p class='ocr_par' dir='ltr' id='par_1_38' title="bbox 534 2487 2126 2560">
     <span class='ocr_line' id='line_1_38' title="bbox 534 2487 2126 2560; baseline 0.001 -18"><span class='ocrx_word' id='word_1_296' title='bbox 534 2496 738 2556; x_wconf 88' lang='lat' dir='ltr'><strong>tatem;</strong></span> <span class='ocrx_word' id='word_1_297' title='bbox 781 2499 835 2546; x_wconf 91' lang='lat' dir='ltr'><strong>et</strong></span> <span class='ocrx_word' id='word_1_298' title='bbox 880 2499 1009 2545; x_wconf 92' lang='lat' dir='ltr'><strong>tunc</strong></span> <span class='ocrx_word' id='word_1_299' title='bbox 1047 2497 1230 2544; x_wconf 90' lang='lat' dir='ltr'><strong>utrum</strong></span> <span class='ocrx_word' id='word_1_300' title='bbox 1277 2488 1539 2560; x_wconf 80' lang='lat' dir='ltr'><strong>elegerint</strong></span> <span class='ocrx_word' id='word_1_301' title='bbox 1591 2488 1812 2550; x_wconf 83' lang='lat' dir='ltr'><strong>faciant.</strong></span> <span class='ocrx_word' id='word_1_302' title='bbox 1857 2498 1953 2544; x_wconf 90' lang='lat' dir='ltr'><strong>aut</strong></span> <span class='ocrx_word' id='word_1_303' title='bbox 1991 2487 2126 2544; x_wconf 89' lang='lat' dir='ltr'><strong>inibi</strong></span> 
     </span>
    </p>
   </div>
   <div class='ocr_carea' id='block_1_39' title="bbox 535 2581 2124 2652">
    <p class='ocr_par' dir='ltr' id='par_1_39' title="bbox 535 2581 2124 2652">
     <span class='ocr_line' id='line_1_39' title="bbox 535 2581 2124 2652; baseline -0.001 -16"><span class='ocrx_word' id='word_1_304' title='bbox 535 2596 658 2636; x_wconf 92' lang='lat' dir='ltr'><strong>cum</strong></span> <span class='ocrx_word' id='word_1_305' title='bbox 697 2583 829 2652; x_wconf 88' lang='lat' dir='ltr'><strong>ipsis</strong></span> <span class='ocrx_word' id='word_1_306' title='bbox 867 2582 1148 2638; x_wconf 88' lang='lat' dir='ltr'><strong>monachis</strong></span> <span class='ocrx_word' id='word_1_307' title='bbox 1181 2581 1389 2652; x_wconf 89' lang='lat' dir='ltr'><strong>pariter</strong></span> <span class='ocrx_word' id='word_1_308' title='bbox 1424 2581 1692 2646; x_wconf 76' lang='lat' dir='ltr'><strong>reficiant,</strong></span> <span class='ocrx_word' id='word_1_309' title='bbox 1723 2589 1816 2636; x_wconf 92' lang='lat' dir='ltr'><strong>aut</strong></span> <span class='ocrx_word' id='word_1_310' title='bbox 1842 2583 1886 2636; x_wconf 91' lang='lat' dir='ltr'><strong>si</strong></span> <span class='ocrx_word' id='word_1_311' title='bbox 1912 2581 1986 2636; x_wconf 90' lang='lat' dir='ltr'><strong>ibi</strong></span> <span class='ocrx_word' id='word_1_312' title='bbox 2015 2596 2124 2637; x_wconf 92' lang='lat' dir='ltr'><strong>non</strong></span> 
     </span>
    </p>
   </div>
   <div class='ocr_carea' id='block_1_40' title="bbox 537 2673 2128 2744">
    <p class='ocr_par' dir='ltr' id='par_1_40' title="bbox 537 2673 2128 2744">
     <span class='ocr_line' id='line_1_40' title="bbox 537 2673 2128 2744; baseline 0.001 -18"><span class='ocrx_word' id='word_1_313' title='bbox 537 2673 850 2739; x_wconf 90' lang='lat' dir='ltr'><strong>refecerint,</strong></span> <span class='ocrx_word' id='word_1_314' title='bbox 884 2682 1013 2729; x_wconf 91' lang='lat' dir='ltr'><strong>tunc</strong></span> <span class='ocrx_word' id='word_1_315' title='bbox 1035 2683 1251 2744; x_wconf 88' lang='lat' dir='ltr'><strong>accepta</strong></span> <span class='ocrx_word' id='word_1_316' title='bbox 1275 2673 1545 2742; x_wconf 90' lang='lat' dir='ltr'><strong>stipendia</strong></span> <span class='ocrx_word' id='word_1_317' title='bbox 1583 2673 1636 2728; x_wconf 91' lang='lat' dir='ltr'><strong>in</strong></span> <span class='ocrx_word' id='word_1_318' title='bbox 1674 2674 1966 2730; x_wconf 89' lang='lat' dir='ltr'><strong>refectorio</strong></span> <span class='ocrx_word' id='word_1_319' title='bbox 1987 2673 2128 2730; x_wconf 86' lang='lat' dir='ltr'><strong>infra</strong></span> 
     </span>
    </p>
   </div>
   <div class='ocr_carea' id='block_1_41' title="bbox 535 2763 2129 2844">
    <p class='ocr_par' dir='ltr' id='par_1_41' title="bbox 535 2763 2129 2844">
     <span class='ocr_line' id='line_1_41' title="bbox 535 2763 2129 2844; baseline 0.002 -28"><span class='ocrx_word' id='word_1_320' title='bbox 535 2763 756 2844; x_wconf 88' lang='lat' dir='ltr'><strong>domum</strong></span> <span class='ocrx_word' id='word_1_321' title='bbox 781 2773 836 2820; x_wconf 92' lang='lat' dir='ltr'><strong>et</strong></span> <span class='ocrx_word' id='word_1_322' title='bbox 867 2764 1161 2820; x_wconf 89' lang='lat' dir='ltr'><strong>claustrum</strong></span> <span class='ocrx_word' id='word_1_323' title='bbox 1205 2765 1588 2819; x_wconf 86' lang='lat' dir='ltr'><strong>canonicorum</strong></span> <span class='ocrx_word' id='word_1_324' title='bbox 1634 2781 1737 2819; x_wconf 89' lang='lat' dir='ltr'><strong>una</strong></span> <span class='ocrx_word' id='word_1_325' title='bbox 1771 2780 1894 2820; x_wconf 89' lang='lat' dir='ltr'><strong>cum</strong></span> <span class='ocrx_word' id='word_1_326' title='bbox 1931 2765 2129 2835; x_wconf 62' lang='lat' dir='ltr'><strong>praedi-</strong></span> 
     </span>
    </p>
   </div>
   <div class='ocr_carea' id='block_1_42' title="bbox 521 2851 2125 2936">
    <p class='ocr_par' dir='ltr' id='par_1_42' title="bbox 521 2851 2125 2936">
     <span class='ocr_line' id='line_1_42' title="bbox 521 2851 2125 2936; baseline 0.001 -24"><span class='ocrx_word' id='word_1_327' title='bbox 521 2851 639 2936; x_wconf 13' lang='lat' dir='ltr'><strong>:ctis</strong></span> <span class='ocrx_word' id='word_1_328' title='bbox 691 2857 1037 2923; x_wconf 89' lang='lat' dir='ltr'><strong>suburbanis,</strong></span> <span class='ocrx_word' id='word_1_329' title='bbox 1070 2851 1304 2924; x_wconf 86' lang='lat' dir='ltr'><strong>clericis,</strong></span> <span class='ocrx_word' id='word_1_330' title='bbox 1332 2867 1388 2913; x_wconf 88' lang='lat' dir='ltr'><strong>et</strong></span> <span class='ocrx_word' id='word_1_331' title='bbox 1438 2860 1809 2914; x_wconf 87' lang='lat' dir='ltr'><strong>sacerdotibus</strong></span> <span class='ocrx_word' id='word_1_332' title='bbox 1857 2859 2125 2914; x_wconf 86' lang='lat' dir='ltr'><strong>reficiant.</strong></span> 
     </span>
    </p>
   </div>
   <div class='ocr_carea' id='block_1_43' title="bbox 537 2950 2130 3011">
    <p class='ocr_par' dir='ltr' id='par_1_43' title="bbox 537 2950 2130 3011">
     <span class='ocr_line' id='line_1_43' title="bbox 537 2950 2130 3011; baseline 0.003 -7"><span class='ocrx_word' id='word_1_333' title='bbox 537 2950 653 3006; x_wconf 84' lang='lat' dir='ltr'><strong>Hoc</strong></span> <span class='ocrx_word' id='word_1_334' title='bbox 673 2967 804 3007; x_wconf 90' lang='lat' dir='ltr'><strong>sane</strong></span> <span class='ocrx_word' id='word_1_335' title='bbox 825 2954 1103 3009; x_wconf 87' lang='lat' dir='ltr'><strong>humiliter</strong></span> <span class='ocrx_word' id='word_1_336' title='bbox 1117 2955 1344 3011; x_wconf 90' lang='lat' dir='ltr'><strong>obsecro</strong></span> <span class='ocrx_word' id='word_1_337' title='bbox 1369 2965 1586 3011; x_wconf 88' lang='lat' dir='ltr'><strong>sanctos</strong></span> <span class='ocrx_word' id='word_1_338' title='bbox 1613 2969 1958 3011; x_wconf 90' lang='lat' dir='ltr'><strong>successores</strong></span> <span class='ocrx_word' id='word_1_339' title='bbox 1979 2969 2130 3010; x_wconf 90' lang='lat' dir='ltr'><strong>meos</strong></span> 
     </span>
    </p>
   </div>
   <div class='ocr_carea' id='block_1_44' title="bbox 539 3044 2128 3116">
    <p class='ocr_par' dir='ltr' id='par_1_44' title="bbox 539 3044 2128 3116">
     <span class='ocr_line' id='line_1_44' title="bbox 539 3044 2128 3116; baseline 0.001 -18"><span class='ocrx_word' id='word_1_340' title='bbox 539 3051 700 3112; x_wconf 89' lang='lat' dir='ltr'><strong>atque</strong></span> <span class='ocrx_word' id='word_1_341' title='bbox 729 3044 952 3100; x_wconf 90' lang='lat' dir='ltr'><strong>abbates</strong></span> <span class='ocrx_word' id='word_1_342' title='bbox 988 3045 1076 3100; x_wconf 89' lang='lat' dir='ltr'><strong>vel</strong></span> <span class='ocrx_word' id='word_1_343' title='bbox 1123 3047 1420 3101; x_wconf 88' lang='lat' dir='ltr'><strong>monachos</strong></span> <span class='ocrx_word' id='word_1_344' title='bbox 1449 3045 1659 3116; x_wconf 84' lang='lat' dir='ltr'><strong>praefati</strong></span> <span class='ocrx_word' id='word_1_345' title='bbox 1702 3046 2038 3111; x_wconf 90' lang='lat' dir='ltr'><strong>monasterii,</strong></span> <span class='ocrx_word' id='word_1_346' title='bbox 2072 3054 2128 3100; x_wconf 88' lang='lat' dir='ltr'><strong>et</strong></span> 
     </span>
    </p>
   </div>
   <div class='ocr_carea' id='block_1_45' title="bbox 539 3109 2201 3206">
    <p class='ocr_par' dir='ltr' id='par_1_45' title="bbox 539 3109 2201 3206">
     <span class='ocr_line' id='line_1_45' title="bbox 539 3109 2201 3206; baseline 0.003 -18"><span class='ocrx_word' id='word_1_347' title='bbox 539 3135 860 3204; x_wconf 85' lang='lat' dir='ltr'><strong>praepositos</strong></span> <span class='ocrx_word' id='word_1_348' title='bbox 887 3149 953 3190; x_wconf 90' lang='lat' dir='ltr'><strong>ac</strong></span> <span class='ocrx_word' id='word_1_349' title='bbox 981 3137 1267 3206; x_wconf 84' lang='lat' dir='ltr'><strong>magistrOs</strong></span> <span class='ocrx_word' id='word_1_350' title='bbox 1299 3151 1392 3192; x_wconf 91' lang='lat' dir='ltr'><strong>seu</strong></span> <span class='ocrx_word' id='word_1_351' title='bbox 1423 3137 1701 3192; x_wconf 89' lang='lat' dir='ltr'><strong>ministros</strong></span> <span class='ocrx_word' id='word_1_352' title='bbox 1743 3138 2125 3193; x_wconf 90' lang='lat' dir='ltr'><strong>canonicorum</strong></span> <span class='ocrx_word' id='word_1_353' title='bbox 2156 3109 2201 3173; x_wconf 62' lang='grc' dir='ltr'><strong>δ</strong></span> 
     </span>
    </p>
   </div>
   <div class='ocr_carea' id='block_1_46' title="bbox 545 3223 2132 3301">
    <p class='ocr_par' dir='ltr' id='par_1_46' title="bbox 545 3223 2132 3301">
     <span class='ocr_line' id='line_1_46' title="bbox 545 3223 2132 3301; baseline 0.004 -24"><span class='ocrx_word' id='word_1_354' title='bbox 545 3231 882 3289; x_wconf 90' lang='lat' dir='ltr'><strong>nostrorum,</strong></span> <span class='ocrx_word' id='word_1_355' title='bbox 899 3224 1021 3301; x_wconf 47' lang='lat' dir='ltr'><strong>sive.</strong></span> <span class='ocrx_word' id='word_1_356' title='bbox 1035 3223 1184 3293; x_wconf 90' lang='lat' dir='ltr'><strong>ipsos</strong></span> <span class='ocrx_word' id='word_1_357' title='bbox 1207 3227 1496 3282; x_wconf 85' lang='lat' dir='ltr'><strong>canonicos</strong></span> <span class='ocrx_word' id='word_1_358' title='bbox 1511 3236 1806 3297; x_wconf 66' lang='lat' dir='ltr'><strong>praesentes</strong></span> <span class='ocrx_word' id='word_1_359' title='bbox 1829 3228 2035 3283; x_wconf 90' lang='lat' dir='ltr'><strong>scilicet</strong></span> <span class='ocrx_word' id='word_1_360' title='bbox 2050 3237 2132 3283; x_wconf 89' lang='lat' dir='ltr'><strong>at-</strong></span> 
     </span>
    </p>
   </div>
   <div class='ocr_carea' id='block_1_47' title="bbox 548 3315 2132 3388">
    <p class='ocr_par' dir='ltr' id='par_1_47' title="bbox 548 3315 2132 3388">
     <span class='ocr_line' id='line_1_47' title="bbox 548 3315 2132 3388; baseline 0.004 -19"><span class='ocrx_word' id='word_1_361' title='bbox 548 3331 652 3384; x_wconf 92' lang='lat' dir='ltr'><strong>que</strong></span> <span class='ocrx_word' id='word_1_362' title='bbox 681 3315 912 3381; x_wconf 80' lang='lat' dir='ltr'><strong>futuros,</strong></span> <span class='ocrx_word' id='word_1_363' title='bbox 947 3324 1003 3371; x_wconf 88' lang='lat' dir='ltr'><strong>et</strong></span> <span class='ocrx_word' id='word_1_364' title='bbox 1039 3318 1326 3388; x_wconf 59' lang='lat' dir='ltr'><strong>pradictos</strong></span> <span class='ocrx_word' id='word_1_365' title='bbox 1353 3318 1711 3384; x_wconf 90' lang='lat' dir='ltr'><strong>suburbanos,</strong></span> <span class='ocrx_word' id='word_1_366' title='bbox 1742 3335 1835 3376; x_wconf 90' lang='lat' dir='ltr'><strong>seu</strong></span> <span class='ocrx_word' id='word_1_367' title='bbox 1858 3329 2132 3375; x_wconf 85' lang='lat' dir='ltr'><strong>monaste-</strong></span> 
     </span>
    </p>
   </div>
   <div class='ocr_carea' id='block_1_48' title="bbox 543 3409 2133 3481">
    <p class='ocr_par' dir='ltr' id='par_1_48' title="bbox 543 3409 2133 3481">
     <span class='ocr_line' id='line_1_48' title="bbox 543 3409 2133 3481; baseline 0.001 -16"><span class='ocrx_word' id='word_1_368' title='bbox 543 3409 710 3465; x_wconf 89' lang='lat' dir='ltr'><strong>riales</strong></span> <span class='ocrx_word' id='word_1_369' title='bbox 737 3411 1046 3466; x_wconf 83' lang='lat' dir='ltr'><strong>sacerdotes</strong></span> <span class='ocrx_word' id='word_1_370' title='bbox 1075 3419 1131 3466; x_wconf 88' lang='lat' dir='ltr'><strong>et</strong></span> <span class='ocrx_word' id='word_1_371' title='bbox 1165 3410 1414 3475; x_wconf 89' lang='lat' dir='ltr'><strong>clericos,</strong></span> <span class='ocrx_word' id='word_1_372' title='bbox 1443 3412 1534 3480; x_wconf 89' lang='lat' dir='ltr'><strong>qui</strong></span> <span class='ocrx_word' id='word_1_373' title='bbox 1583 3412 1650 3466; x_wconf 91' lang='lat' dir='ltr'><strong>ad</strong></span> <span class='ocrx_word' id='word_1_374' title='bbox 1691 3411 2004 3481; x_wconf 82' lang='lat' dir='ltr'><strong>praedictam</strong></span> <span class='ocrx_word' id='word_1_375' title='bbox 2055 3411 2133 3467; x_wconf 88' lang='lat' dir='ltr'><strong>fc-</strong></span> 
     </span>
    </p>
   </div>
   <div class='ocr_carea' id='block_1_49' title="bbox 542 3491 2133 3575">
    <p class='ocr_par' dir='ltr' id='par_1_49' title="bbox 542 3491 2133 3575">
     <span class='ocr_line' id='line_1_49' title="bbox 542 3491 2133 3575; baseline 0.001 -16"><span class='ocrx_word' id='word_1_376' title='bbox 542 3491 834 3559; x_wconf 34' lang='lat' dir='ltr'><strong>st&#39;ivitatem</strong></span> <span class='ocrx_word' id='word_1_377' title='bbox 855 3504 1124 3570; x_wconf 81' lang='lat' dir='ltr'><strong>venerint,</strong></span> <span class='ocrx_word' id='word_1_378' title='bbox 1145 3515 1199 3559; x_wconf 90' lang='lat' dir='ltr'><strong>et</strong></span> <span class='ocrx_word' id='word_1_379' title='bbox 1220 3505 1613 3575; x_wconf 89' lang='lat' dir='ltr'><strong>suprascriptas</strong></span> <span class='ocrx_word' id='word_1_380' title='bbox 1632 3505 1906 3560; x_wconf 87' lang='lat' dir='ltr'><strong>orationes</strong></span> <span class='ocrx_word' id='word_1_381' title='bbox 1924 3519 2024 3574; x_wconf 93' lang='lat' dir='ltr'><strong>pro</strong></span> <span class='ocrx_word' id='word_1_382' title='bbox 2047 3520 2133 3560; x_wconf 89' lang='lat' dir='ltr'><strong>me</strong></span> 
     </span>
    </p>
   </div>
   <div class='ocr_carea' id='block_1_50' title="bbox 545 3594 2133 3665">
    <p class='ocr_par' dir='ltr' id='par_1_50' title="bbox 545 3594 2133 3665">
     <span class='ocr_line' id='line_1_50' title="bbox 545 3594 2133 3665; baseline 0.003 -16"><span class='ocrx_word' id='word_1_383' title='bbox 545 3595 856 3649; x_wconf 89' lang='lat' dir='ltr'><strong>miserrimo</strong></span> <span class='ocrx_word' id='word_1_384' title='bbox 883 3603 1167 3665; x_wconf 87' lang='lat' dir='ltr'><strong>peccatore</strong></span> <span class='ocrx_word' id='word_1_385' title='bbox 1197 3594 1443 3661; x_wconf 87' lang='lat' dir='ltr'><strong>fecerint,</strong></span> <span class='ocrx_word' id='word_1_386' title='bbox 1489 3611 1518 3650; x_wconf 91' lang='lat' dir='ltr'><strong>a</strong></span> <span class='ocrx_word' id='word_1_387' title='bbox 1549 3608 1851 3652; x_wconf 91' lang='lat' dir='ltr'><strong>memorata</strong></span> <span class='ocrx_word' id='word_1_388' title='bbox 1876 3596 2133 3653; x_wconf 83' lang='lat' dir='ltr'><strong>refectio-</strong></span> 
     </span>
    </p>
   </div>
   <div class='ocr_carea' id='block_1_51' title="bbox 545 3685 2132 3755">
    <p class='ocr_par' dir='ltr' id='par_1_51' title="bbox 545 3685 2132 3755">
     <span class='ocr_line' id='line_1_51' title="bbox 545 3685 2132 3755; baseline 0.003 -15"><span class='ocrx_word' id='word_1_389' title='bbox 545 3701 613 3740; x_wconf 90' lang='lat' dir='ltr'><strong>ne</strong></span> <span class='ocrx_word' id='word_1_390' title='bbox 635 3686 718 3740; x_wconf 86' lang='lat' dir='ltr'><strong>vel</strong></span> <span class='ocrx_word' id='word_1_391' title='bbox 761 3687 828 3741; x_wconf 93' lang='lat' dir='ltr'><strong>ab</strong></span> <span class='ocrx_word' id='word_1_392' title='bbox 856 3701 1043 3742; x_wconf 88' lang='lat' dir='ltr'><strong>eorum</strong></span> <span class='ocrx_word' id='word_1_393' title='bbox 1069 3685 1362 3742; x_wconf 88' lang='lat' dir='ltr'><strong>refectorio</strong></span> <span class='ocrx_word' id='word_1_394' title='bbox 1391 3703 1419 3741; x_wconf 90' lang='lat' dir='ltr'><strong>a</strong></span> <span class='ocrx_word' id='word_1_395' title='bbox 1450 3702 1509 3742; x_wconf 90' lang='lat' dir='ltr'><strong>se</strong></span> <span class='ocrx_word' id='word_1_396' title='bbox 1534 3703 1642 3743; x_wconf 91' lang='lat' dir='ltr'><strong>non</strong></span> <span class='ocrx_word' id='word_1_397' title='bbox 1683 3688 2006 3755; x_wconf 84' lang='lat' dir='ltr'><strong>excludant;</strong></span> <span class='ocrx_word' id='word_1_398' title='bbox 2039 3689 2132 3746; x_wconf 89' lang='lat' dir='ltr'><strong>sed</strong></span> 
     </span>
    </p>
   </div>
   <div class='ocr_carea' id='block_1_52' title="bbox 547 3768 2134 3846">
    <p class='ocr_par' dir='ltr' id='par_1_52' title="bbox 547 3768 2134 3846">
     <span class='ocr_line' id='line_1_52' title="bbox 547 3768 2134 3846; baseline 0.002 -14"><span class='ocrx_word' id='word_1_399' title='bbox 547 3768 806 3846; x_wconf 83' lang='lat' dir='ltr'><strong>si&#39;aliqua</strong></span> <span class='ocrx_word' id='word_1_400' title='bbox 838 3777 1162 3833; x_wconf 90' lang='lat' dir='ltr'><strong>necessitate</strong></span> <span class='ocrx_word' id='word_1_401' title='bbox 1192 3775 1392 3833; x_wconf 90' lang='lat' dir='ltr'><strong>factum</strong></span> <span class='ocrx_word' id='word_1_402' title='bbox 1437 3776 1624 3844; x_wconf 90' lang='lat' dir='ltr'><strong>fuerit,</strong></span> <span class='ocrx_word' id='word_1_403' title='bbox 1671 3786 1800 3834; x_wconf 91' lang='lat' dir='ltr'><strong>tunc</strong></span> <span class='ocrx_word' id='word_1_404' title='bbox 1833 3788 2134 3835; x_wconf 90' lang='lat' dir='ltr'><strong>statuentes</strong></span> 
     </span>
    </p>
   </div>
   <div class='ocr_carea' id='block_1_53' title="bbox 546 3865 2136 3941">
    <p class='ocr_par' dir='ltr' id='par_1_53' title="bbox 546 3865 2136 3941">
     <span class='ocr_line' id='line_1_53' title="bbox 546 3865 2136 3941; baseline 0.003 -17"><span class='ocrx_word' id='word_1_405' title='bbox 546 3870 900 3941; x_wconf 88' lang='lat' dir='ltr'><strong>imploramus</strong></span> <span class='ocrx_word' id='word_1_406' title='bbox 941 3880 1002 3926; x_wconf 92' lang='lat' dir='ltr'><strong>ut</strong></span> <span class='ocrx_word' id='word_1_407' title='bbox 1045 3865 1185 3926; x_wconf 85' lang='lat' dir='ltr'><strong>unus</strong></span> <span class='ocrx_word' id='word_1_408' title='bbox 1235 3872 1620 3928; x_wconf 88' lang='lat' dir='ltr'><strong>canonicorum</strong></span> <span class='ocrx_word' id='word_1_409' title='bbox 1677 3873 1814 3929; x_wconf 91' lang='lat' dir='ltr'><strong>bene</strong></span> <span class='ocrx_word' id='word_1_410' title='bbox 1863 3872 2034 3928; x_wconf 88' lang='lat' dir='ltr'><strong>fidelis</strong></span> <span class='ocrx_word' id='word_1_411' title='bbox 2068 3873 2136 3929; x_wconf 91' lang='lat' dir='ltr'><strong>de</strong></span> 
     </span>
    </p>
   </div>
   <div class='ocr_carea' id='block_1_54' title="bbox 548 3962 2137 4034">
    <p class='ocr_par' dir='ltr' id='par_1_54' title="bbox 548 3962 2137 4034">
     <span class='ocr_line' id='line_1_54' title="bbox 548 3962 2137 4034; baseline 0.004 -19"><span class='ocrx_word' id='word_1_412' title='bbox 548 3962 822 4028; x_wconf 82' lang='lat' dir='ltr'><strong>praedictis</strong></span> <span class='ocrx_word' id='word_1_413' title='bbox 869 3964 1152 4033; x_wconf 86' lang='lat' dir='ltr'><strong>stipendiis</strong></span> <span class='ocrx_word' id='word_1_414' title='bbox 1181 3978 1303 4034; x_wconf 67' lang='lat' dir='ltr'><strong>quae</strong></span> <span class='ocrx_word' id='word_1_415' title='bbox 1338 3964 1450 4033; x_wconf 87' lang='lat' dir='ltr'><strong>jam</strong></span> <span class='ocrx_word' id='word_1_416' title='bbox 1479 3965 1610 4021; x_wconf 90' lang='lat' dir='ltr'><strong>dicti</strong></span> <span class='ocrx_word' id='word_1_417' title='bbox 1639 3965 1891 4020; x_wconf 88' lang='lat' dir='ltr'><strong>monachi</strong></span> <span class='ocrx_word' id='word_1_418' title='bbox 1935 3966 2137 4022; x_wconf 87' lang='lat' dir='ltr'><strong>tribue-</strong></span> 
     </span>
    </p>
   </div>
   <div class='ocr_carea' id='block_1_55' title="bbox 549 4050 2135 4126">
    <p class='ocr_par' dir='ltr' id='par_1_55' title="bbox 549 4050 2135 4126">
     <span class='ocr_line' id='line_1_55' title="bbox 549 4050 2135 4126; baseline 0.003 -20"><span class='ocrx_word' id='word_1_419' title='bbox 549 4051 679 4118; x_wconf 88' lang='lat' dir='ltr'><strong>rint,</strong></span> <span class='ocrx_word' id='word_1_420' title='bbox 709 4055 938 4124; x_wconf 88' lang='lat' dir='ltr'><strong>accipiat</strong></span> <span class='ocrx_word' id='word_1_421' title='bbox 969 4071 1135 4111; x_wconf 90' lang='lat' dir='ltr'><strong>unum</strong></span> <span class='ocrx_word' id='word_1_422' title='bbox 1165 4050 1401 4111; x_wconf 83' lang='lat' dir='ltr'><strong>modium</strong></span> <span class='ocrx_word' id='word_1_423' title='bbox 1430 4057 1586 4126; x_wconf 91' lang='lat' dir='ltr'><strong>panis</strong></span> <span class='ocrx_word' id='word_1_424' title='bbox 1615 4066 1672 4112; x_wconf 90' lang='lat' dir='ltr'><strong>et</strong></span> <span class='ocrx_word' id='word_1_425' title='bbox 1699 4056 1967 4112; x_wconf 88' lang='lat' dir='ltr'><strong>alternum</strong></span> <span class='ocrx_word' id='word_1_426' title='bbox 1998 4059 2135 4126; x_wconf 90' lang='lat' dir='ltr'><strong>vini,</strong></span> 
     </span>
    </p>
   </div>
   <div class='ocr_carea' id='block_1_56' title="bbox 549 4142 2136 4216">
    <p class='ocr_par' dir='ltr' id='par_1_56' title="bbox 549 4142 2136 4216">
     <span class='ocr_line' id='line_1_56' title="bbox 549 4142 2136 4216; baseline 0.005 -20"><span class='ocrx_word' id='word_1_427' title='bbox 549 4142 772 4214; x_wconf 85' lang='lat' dir='ltr'><strong>insuper</strong></span> <span class='ocrx_word' id='word_1_428' title='bbox 793 4159 855 4199; x_wconf 86' lang='lat' dir='ltr'><strong>ex</strong></span> <span class='ocrx_word' id='word_1_429' title='bbox 882 4146 1099 4214; x_wconf 91' lang='lat' dir='ltr'><strong>potione</strong></span> <span class='ocrx_word' id='word_1_430' title='bbox 1119 4147 1358 4202; x_wconf 80' lang='lat' dir='ltr'><strong>sextaria</strong></span> <span class='ocrx_word' id='word_1_431' title='bbox 1385 4157 1634 4216; x_wconf 86' lang='lat' dir='ltr'><strong>quatuor,</strong></span> <span class='ocrx_word' id='word_1_432' title='bbox 1657 4156 1713 4202; x_wconf 91' lang='lat' dir='ltr'><strong>et</strong></span> <span class='ocrx_word' id='word_1_433' title='bbox 1735 4163 1898 4202; x_wconf 90' lang='lat' dir='ltr'><strong>unam</strong></span> <span class='ocrx_word' id='word_1_434' title='bbox 1922 4146 2136 4203; x_wconf 87' lang='lat' dir='ltr'><strong>frisciu-</strong></span> 
     </span>
    </p>
   </div>
   <div class='ocr_carea' id='block_1_57' title="bbox 547 4237 2136 4310">
    <p class='ocr_par' dir='ltr' id='par_1_57' title="bbox 547 4237 2136 4310">
     <span class='ocr_line' id='line_1_57' title="bbox 547 4237 2136 4310; baseline 0.004 -22"><span class='ocrx_word' id='word_1_435' title='bbox 547 4251 672 4305; x_wconf 87' lang='lat' dir='ltr'><strong>gam</strong></span> <span class='ocrx_word' id='word_1_436' title='bbox 709 4237 922 4306; x_wconf 84' lang='lat' dir='ltr'><strong>qualern</strong></span> <span class='ocrx_word' id='word_1_437' title='bbox 955 4239 1233 4294; x_wconf 86' lang='lat' dir='ltr'><strong>meliorem</strong></span> <span class='ocrx_word' id='word_1_438' title='bbox 1261 4239 1546 4302; x_wconf 88' lang='lat' dir='ltr'><strong>invenerit,</strong></span> <span class='ocrx_word' id='word_1_439' title='bbox 1580 4247 1635 4292; x_wconf 91' lang='lat' dir='ltr'><strong>et</strong></span> <span class='ocrx_word' id='word_1_440' title='bbox 1659 4253 1724 4293; x_wconf 76' lang='lat' dir='ltr'><strong>ex</strong></span> <span class='ocrx_word' id='word_1_441' title='bbox 1759 4238 1845 4292; x_wconf 90' lang='lat' dir='ltr'><strong>his</strong></span> <span class='ocrx_word' id='word_1_442' title='bbox 1873 4237 1980 4293; x_wconf 88' lang='lat' dir='ltr'><strong>illis</strong></span> <span class='ocrx_word' id='word_1_443' title='bbox 1999 4255 2136 4310; x_wconf 70' lang='lat' dir='ltr'><strong>pra:-</strong></span> 
     </span>
    </p>
   </div>
   <div class='ocr_carea' id='block_1_58' title="bbox 547 4327 2136 4402">
    <p class='ocr_par' dir='ltr' id='par_1_58' title="bbox 547 4327 2136 4402">
     <span class='ocr_line' id='line_1_58' title="bbox 547 4327 2136 4402; baseline 0.004 -21"><span class='ocrx_word' id='word_1_444' title='bbox 547 4338 703 4396; x_wconf 87' lang='lat' dir='ltr'><strong>paret</strong></span> <span class='ocrx_word' id='word_1_445' title='bbox 716 4329 908 4385; x_wconf 82' lang='lat' dir='ltr'><strong>devote</strong></span> <span class='ocrx_word' id='word_1_446' title='bbox 929 4338 984 4385; x_wconf 89' lang='lat' dir='ltr'><strong>et</strong></span> <span class='ocrx_word' id='word_1_447' title='bbox 1001 4327 1246 4400; x_wconf 82' lang='lat' dir='ltr'><strong>religiose</strong></span> <span class='ocrx_word' id='word_1_448' title='bbox 1272 4330 1642 4386; x_wconf 86' lang='lat' dir='ltr'><strong>refectionem.</strong></span> <span class='ocrx_word' id='word_1_449' title='bbox 1675 4329 1780 4386; x_wconf 91' lang='lat' dir='ltr'><strong>Sed</strong></span> <span class='ocrx_word' id='word_1_450' title='bbox 1810 4330 1984 4402; x_wconf 86' lang='lat' dir='ltr'><strong>magis</strong></span> <span class='ocrx_word' id='word_1_451' title='bbox 2008 4340 2136 4402; x_wconf 89' lang='lat' dir='ltr'><strong>opto</strong></span> 
     </span>
    </p>
   </div>
   <div class='ocr_carea' id='block_1_59' title="bbox 530 4418 2135 4490">
    <p class='ocr_par' dir='ltr' id='par_1_59' title="bbox 530 4418 2135 4490">
     <span class='ocr_line' id='line_1_59' title="bbox 530 4418 2135 4490; baseline 0.003 -18"><span class='ocrx_word' id='word_1_452' title='bbox 530 4425 534 4429; x_wconf 74' lang='lat'><strong><em>&#39;</em></strong></span> <span class='ocrx_word' id='word_1_453' title='bbox 549 4426 605 4473; x_wconf 89' lang='lat' dir='ltr'><strong>et</strong></span> <span class='ocrx_word' id='word_1_454' title='bbox 624 4418 810 4487; x_wconf 82' lang='lat' dir='ltr'><strong>suplex</strong></span> <span class='ocrx_word' id='word_1_455' title='bbox 827 4420 1090 4489; x_wconf 89' lang='lat' dir='ltr'><strong>deprecor</strong></span> <span class='ocrx_word' id='word_1_456' title='bbox 1102 4429 1160 4474; x_wconf 90' lang='lat' dir='ltr'><strong>ut</strong></span> <span class='ocrx_word' id='word_1_457' title='bbox 1173 4435 1296 4475; x_wconf 90' lang='lat' dir='ltr'><strong>cum</strong></span> <span class='ocrx_word' id='word_1_458' title='bbox 1327 4420 1630 4490; x_wconf 70' lang='lat' dir='ltr'><strong>smpedictis</strong></span> <span class='ocrx_word' id='word_1_459' title='bbox 1644 4420 1922 4476; x_wconf 91' lang='lat' dir='ltr'><strong>canonicis</strong></span> <span class='ocrx_word' id='word_1_460' title='bbox 1933 4422 2135 4477; x_wconf 91' lang='lat' dir='ltr'><strong>nostris</strong></span> 
     </span>
    </p>
   </div>
   <div class='ocr_carea' id='block_1_60' title="bbox 550 4505 2135 4582">
    <p class='ocr_par' dir='ltr' id='par_1_60' title="bbox 550 4505 2135 4582">
     <span class='ocr_line' id='line_1_60' title="bbox 550 4505 2135 4582; baseline 0.005 -22"><span class='ocrx_word' id='word_1_461' title='bbox 550 4505 604 4560; x_wconf 90' lang='lat' dir='ltr'><strong>in</strong></span> <span class='ocrx_word' id='word_1_462' title='bbox 651 4507 941 4564; x_wconf 89' lang='lat' dir='ltr'><strong>refectorio</strong></span> <span class='ocrx_word' id='word_1_463' title='bbox 970 4509 1228 4566; x_wconf 80' lang='lat' dir='ltr'><strong>cum‘illis</strong></span> <span class='ocrx_word' id='word_1_464' title='bbox 1256 4510 1614 4582; x_wconf 89' lang='lat' dir='ltr'><strong>religiossime</strong></span> <span class='ocrx_word' id='word_1_465' title='bbox 1645 4511 1912 4575; x_wconf 81' lang='lat' dir='ltr'><strong>reficiant,</strong></span> <span class='ocrx_word' id='word_1_466' title='bbox 1939 4513 2135 4570; x_wconf 88' lang='lat' dir='ltr'><strong>solem-</strong></span> 
     </span>
    </p>
   </div>
   <div class='ocr_carea' id='block_1_61' title="bbox 551 4598 2134 4669">
    <p class='ocr_par' dir='ltr' id='par_1_61' title="bbox 551 4598 2134 4669">
     <span class='ocr_line' id='line_1_61' title="bbox 551 4598 2134 4669; baseline 0.005 -19"><span class='ocrx_word' id='word_1_467' title='bbox 551 4598 692 4652; x_wconf 85' lang='lat' dir='ltr'><strong>niter</strong></span> <span class='ocrx_word' id='word_1_468' title='bbox 729 4615 944 4669; x_wconf 84' lang='lat' dir='ltr'><strong>quoque</strong></span> <span class='ocrx_word' id='word_1_469' title='bbox 969 4600 1118 4656; x_wconf 91' lang='lat' dir='ltr'><strong>illum</strong></span> <span class='ocrx_word' id='word_1_470' title='bbox 1143 4602 1310 4656; x_wconf 83' lang='lat' dir='ltr'><strong>diem</strong></span> <span class='ocrx_word' id='word_1_471' title='bbox 1339 4602 1616 4668; x_wconf 90' lang='lat' dir='ltr'><strong>ducentes,</strong></span> <span class='ocrx_word' id='word_1_472' title='bbox 1665 4613 1721 4658; x_wconf 85' lang='lat' dir='ltr'><strong>et</strong></span> <span class='ocrx_word' id='word_1_473' title='bbox 1759 4603 1826 4658; x_wconf 90' lang='lat' dir='ltr'><strong>de</strong></span> <span class='ocrx_word' id='word_1_474' title='bbox 1863 4611 2013 4657; x_wconf 89' lang='lat' dir='ltr'><strong>tanta</strong></span> <span class='ocrx_word' id='word_1_475' title='bbox 2051 4601 2134 4658; x_wconf 86' lang='lat' dir='ltr'><strong>fe-</strong></span> 
     </span>
    </p>
   </div>
   <div class='ocr_carea' id='block_1_62' title="bbox 551 4690 2135 4767">
    <p class='ocr_par' dir='ltr' id='par_1_62' title="bbox 551 4690 2135 4767">
     <span class='ocr_line' id='line_1_62' title="bbox 551 4690 2135 4767; baseline 0.003 -21"><span class='ocrx_word' id='word_1_476' title='bbox 551 4690 789 4747; x_wconf 79' lang='lat' dir='ltr'><strong>Stivitatc</strong></span> <span class='ocrx_word' id='word_1_477' title='bbox 816 4692 1078 4760; x_wconf 79' lang='lat' dir='ltr'><strong>laetantes,</strong></span> <span class='ocrx_word' id='word_1_478' title='bbox 1116 4693 1510 4767; x_wconf 79' lang='lat' dir='ltr'><strong>Demiuumque</strong></span> <span class='ocrx_word' id='word_1_479' title='bbox 1545 4695 1597 4750; x_wconf 91' lang='lat' dir='ltr'><strong>in</strong></span> <span class='ocrx_word' id='word_1_480' title='bbox 1627 4696 1880 4751; x_wconf 91' lang='lat' dir='ltr'><strong>omnibus</strong></span> <span class='ocrx_word' id='word_1_481' title='bbox 1907 4695 2135 4751; x_wconf 83' lang='lat' dir='ltr'><strong>laudan-</strong></span> 
     </span>
    </p>
   </div>
   <div class='ocr_carea' id='block_1_63' title="bbox 553 4775 2137 4858">
    <p class='ocr_par' dir='ltr' id='par_1_63' title="bbox 553 4775 2137 4858">
     <span class='ocr_line' id='line_1_63' title="bbox 553 4775 2137 4858; baseline 0.004 -22"><span class='ocrx_word' id='word_1_482' title='bbox 553 4790 635 4837; x_wconf 84' lang='lat' dir='ltr'><strong>tes</strong></span> <span class='ocrx_word' id='word_1_483' title='bbox 661 4798 723 4837; x_wconf 88' lang='lat' dir='ltr'><strong>ac</strong></span> <span class='ocrx_word' id='word_1_484' title='bbox 750 4784 1103 4854; x_wconf 84' lang='lat' dir='ltr'><strong>deprecantes</strong></span> <span class='ocrx_word' id='word_1_485' title='bbox 1125 4795 1184 4841; x_wconf 90' lang='lat' dir='ltr'><strong>ut</strong></span> <span class='ocrx_word' id='word_1_486' title='bbox 1204 4775 1555 4857; x_wconf 83' lang='lat' dir='ltr'><strong>tranquillam</strong></span> <span class='ocrx_word' id='word_1_487' title='bbox 1585 4788 1748 4843; x_wconf 92' lang='lat' dir='ltr'><strong>vitam</strong></span> <span class='ocrx_word' id='word_1_488' title='bbox 1777 4788 1919 4844; x_wconf 88' lang='lat' dir='ltr'><strong>hanc</strong></span> <span class='ocrx_word' id='word_1_489' title='bbox 1941 4787 2137 4858; x_wconf 88' lang='lat' dir='ltr'><strong>degere</strong></span> 
     </span>
    </p>
   </div>
   <div class='ocr_carea' id='block_1_64' title="bbox 527 4874 2137 4949">
    <p class='ocr_par' dir='ltr' id='par_1_64' title="bbox 527 4874 2137 4949">
     <span class='ocr_line' id='line_1_64' title="bbox 527 4874 2137 4949; baseline 0.005 -22"><span class='ocrx_word' id='word_1_490' title='bbox 527 4874 770 4930; x_wconf 46' lang='lat' dir='ltr'><strong>&#39;valeant</strong></span> <span class='ocrx_word' id='word_1_491' title='bbox 799 4884 854 4931; x_wconf 90' lang='lat' dir='ltr'><strong>et</strong></span> <span class='ocrx_word' id='word_1_492' title='bbox 890 4878 1112 4946; x_wconf 63' lang='lat' dir='ltr'><strong>prtemia</strong></span> <span class='ocrx_word' id='word_1_493' title='bbox 1150 4887 1366 4934; x_wconf 64' lang='lat' dir='ltr'><strong>aeternae</strong></span> <span class='ocrx_word' id='word_1_494' title='bbox 1407 4879 1531 4933; x_wconf 76' lang='lat' dir='ltr'><strong>vitae</strong></span> <span class='ocrx_word' id='word_1_495' title='bbox 1571 4880 1852 4949; x_wconf 90' lang='lat' dir='ltr'><strong>percipere</strong></span> <span class='ocrx_word' id='word_1_496' title='bbox 1887 4893 2137 4936; x_wconf 87' lang='lat' dir='ltr'><strong>merean-</strong></span> 
     </span>
    </p>
   </div>
   <div class='ocr_carea' id='block_1_65' title="bbox 556 4969 2136 5044">
    <p class='ocr_par' dir='ltr' id='par_1_65' title="bbox 556 4969 2136 5044">
     <span class='ocr_line' id='line_1_65' title="bbox 556 4969 2136 5044; baseline 0.004 -23"><span class='ocrx_word' id='word_1_497' title='bbox 556 4978 661 5023; x_wconf 91' lang='lat' dir='ltr'><strong>tur.</strong></span> <span class='ocrx_word' id='word_1_498' title='bbox 690 4969 914 5040; x_wconf 90' lang='lat' dir='ltr'><strong>lnsnper</strong></span> <span class='ocrx_word' id='word_1_499' title='bbox 949 4971 1014 5026; x_wconf 92' lang='lat' dir='ltr'><strong>de</strong></span> <span class='ocrx_word' id='word_1_500' title='bbox 1042 4972 1313 5042; x_wconf 66' lang='lat' dir='ltr'><strong>praedictis</strong></span> <span class='ocrx_word' id='word_1_501' title='bbox 1363 4973 1645 5044; x_wconf 86' lang='lat' dir='ltr'><strong>stipendiis</strong></span> <span class='ocrx_word' id='word_1_502' title='bbox 1677 4973 1979 5043; x_wconf 88' lang='lat' dir='ltr'><strong>deprecans</strong></span> <span class='ocrx_word' id='word_1_503' title='bbox 2009 4990 2136 5030; x_wconf 86' lang='lat' dir='ltr'><strong>san-</strong></span> 
     </span>
    </p>
   </div>
   <div class='ocr_carea' id='block_1_66' title="bbox 558 5053 2141 5123">
    <p class='ocr_par' dir='ltr' id='par_1_66' title="bbox 558 5053 2141 5123">
     <span class='ocr_line' id='line_1_66' title="bbox 558 5053 2141 5123; baseline 0.005 -8"><span class='ocrx_word' id='word_1_504' title='bbox 558 5072 673 5117; x_wconf 90' lang='lat' dir='ltr'><strong>ctos</strong></span> <span class='ocrx_word' id='word_1_505' title='bbox 704 5053 1048 5120; x_wconf 85' lang='lat' dir='ltr'><strong>successores</strong></span> <span class='ocrx_word' id='word_1_506' title='bbox 1078 5077 1228 5120; x_wconf 85' lang='lat' dir='ltr'><strong>meos</strong></span> <span class='ocrx_word' id='word_1_507' title='bbox 1254 5072 1531 5120; x_wconf 86' lang='lat' dir='ltr'><strong>contestor</strong></span> <span class='ocrx_word' id='word_1_508' title='bbox 1545 5074 1600 5120; x_wconf 90' lang='lat' dir='ltr'><strong>et</strong></span> <span class='ocrx_word' id='word_1_509' title='bbox 1622 5074 1942 5122; x_wconf 87' lang='lat' dir='ltr'><strong>contestans</strong></span> <span class='ocrx_word' id='word_1_510' title='bbox 1963 5067 2141 5123; x_wconf 86' lang='lat' dir='ltr'><strong>humi-</strong></span> 
     </span>
    </p>
   </div>
   <div class='ocr_carea' id='block_1_67' title="bbox 533 5151 2142 5227">
    <p class='ocr_par' dir='ltr' id='par_1_67' title="bbox 533 5151 2142 5227">
     <span class='ocr_line' id='line_1_67' title="bbox 533 5151 2142 5227; baseline 0.007 -23"><span class='ocrx_word' id='word_1_511' title='bbox 533 5151 680 5208; x_wconf 81' lang='lat' dir='ltr'><strong>liter</strong></span> <span class='ocrx_word' id='word_1_512' title='bbox 709 5156 970 5225; x_wconf 90' lang='lat' dir='ltr'><strong>deprecor</strong></span> <span class='ocrx_word' id='word_1_513' title='bbox 1005 5163 1166 5225; x_wconf 89' lang='lat' dir='ltr'><strong>atque</strong></span> <span class='ocrx_word' id='word_1_514' title='bbox 1195 5156 1477 5212; x_wconf 88' lang='lat' dir='ltr'><strong>ministros</strong></span> <span class='ocrx_word' id='word_1_515' title='bbox 1505 5155 1748 5227; x_wconf 86' lang='lat' dir='ltr'><strong>ejusdem</strong></span> <span class='ocrx_word' id='word_1_516' title='bbox 1781 5158 2040 5217; x_wconf 74' lang='lat' dir='ltr'><strong>Ecclesiae</strong></span> <span class='ocrx_word' id='word_1_517' title='bbox 2080 5169 2142 5216; x_wconf 91' lang='lat' dir='ltr'><strong>ut</strong></span> 
     </span>
    </p>
   </div>
   <div class='ocr_carea' id='block_1_68' title="bbox 559 5245 2140 5322">
    <p class='ocr_par' dir='ltr' id='par_1_68' title="bbox 559 5245 2140 5322">
     <span class='ocr_line' id='line_1_68' title="bbox 559 5245 2140 5322; baseline 0.008 -26"><span class='ocrx_word' id='word_1_518' title='bbox 559 5259 725 5298; x_wconf 89' lang='lat' dir='ltr'><strong>unum</strong></span> <span class='ocrx_word' id='word_1_519' title='bbox 757 5247 996 5302; x_wconf 89' lang='lat' dir='ltr'><strong>modium</strong></span> <span class='ocrx_word' id='word_1_520' title='bbox 1035 5247 1102 5302; x_wconf 90' lang='lat' dir='ltr'><strong>de</strong></span> <span class='ocrx_word' id='word_1_521' title='bbox 1125 5245 1347 5316; x_wconf 62' lang='lat' dir='ltr'><strong>praefixo</strong></span> <span class='ocrx_word' id='word_1_522' title='bbox 1386 5263 1526 5318; x_wconf 89' lang='lat' dir='ltr'><strong>pane</strong></span> <span class='ocrx_word' id='word_1_523' title='bbox 1561 5258 1618 5304; x_wconf 91' lang='lat' dir='ltr'><strong>et</strong></span> <span class='ocrx_word' id='word_1_524' title='bbox 1654 5249 1882 5307; x_wconf 89' lang='lat' dir='ltr'><strong>alterum</strong></span> <span class='ocrx_word' id='word_1_525' title='bbox 1923 5253 1988 5307; x_wconf 92' lang='lat' dir='ltr'><strong>de</strong></span> <span class='ocrx_word' id='word_1_526' title='bbox 2023 5251 2140 5322; x_wconf 89' lang='lat' dir='ltr'><strong>jam</strong></span> 
     </span>
    </p>
   </div>
   <div class='ocr_carea' id='block_1_69' title="bbox 560 5333 2139 5414">
    <p class='ocr_par' dir='ltr' id='par_1_69' title="bbox 560 5333 2139 5414">
     <span class='ocr_line' id='line_1_69' title="bbox 560 5333 2139 5414; baseline 0.009 -29"><span class='ocrx_word' id='word_1_527' title='bbox 560 5333 703 5388; x_wconf 90' lang='lat' dir='ltr'><strong>dicto</strong></span> <span class='ocrx_word' id='word_1_528' title='bbox 731 5337 856 5391; x_wconf 89' lang='lat' dir='ltr'><strong>vino</strong></span> <span class='ocrx_word' id='word_1_529' title='bbox 893 5345 949 5392; x_wconf 90' lang='lat' dir='ltr'><strong>et</strong></span> <span class='ocrx_word' id='word_1_530' title='bbox 994 5336 1062 5394; x_wconf 87' lang='lat' dir='ltr'><strong>de</strong></span> <span class='ocrx_word' id='word_1_531' title='bbox 1105 5335 1345 5408; x_wconf 74' lang='lat' dir='ltr'><strong>praefatis</strong></span> <span class='ocrx_word' id='word_1_532' title='bbox 1392 5337 1664 5410; x_wconf 88' lang='lat' dir='ltr'><strong>friscingis</strong></span> <span class='ocrx_word' id='word_1_533' title='bbox 1699 5357 1864 5398; x_wconf 91' lang='lat' dir='ltr'><strong>unam</strong></span> <span class='ocrx_word' id='word_1_534' title='bbox 1898 5345 2139 5414; x_wconf 88' lang='lat' dir='ltr'><strong>quadra-</strong></span> 
     </span>
    </p>
   </div>
   <div class='ocr_carea' id='block_1_70' title="bbox 561 5425 2138 5501">
    <p class='ocr_par' dir='ltr' id='par_1_70' title="bbox 561 5425 2138 5501">
     <span class='ocr_line' id='line_1_70' title="bbox 561 5425 2138 5501; baseline 0.008 -24"><span class='ocrx_word' id='word_1_535' title='bbox 561 5425 708 5494; x_wconf 80' lang='lat' dir='ltr'><strong>ginta</strong></span> <span class='ocrx_word' id='word_1_536' title='bbox 743 5430 1066 5498; x_wconf 90' lang='lat' dir='ltr'><strong>pauperibus</strong></span> <span class='ocrx_word' id='word_1_537' title='bbox 1100 5430 1155 5486; x_wconf 93' lang='lat' dir='ltr'><strong>in</strong></span> <span class='ocrx_word' id='word_1_538' title='bbox 1205 5439 1505 5485; x_wconf 91' lang='lat' dir='ltr'><strong>memorata</strong></span> <span class='ocrx_word' id='word_1_539' title='bbox 1550 5432 1837 5488; x_wconf 88' lang='lat' dir='ltr'><strong>festivitate</strong></span> <span class='ocrx_word' id='word_1_540' title='bbox 1879 5434 2138 5501; x_wconf 90' lang='lat' dir='ltr'><strong>tribuant,</strong></span> 
     </span>
    </p>
   </div>
   <div class='ocr_carea' id='block_1_71' title="bbox 561 5519 2140 5587">
    <p class='ocr_par' dir='ltr' id='par_1_71' title="bbox 561 5519 2140 5587">
     <span class='ocr_line' id='line_1_71' title="bbox 561 5519 2140 5587; baseline 0.008 -18"><span class='ocrx_word' id='word_1_541' title='bbox 561 5519 651 5587; x_wconf 88' lang='lat' dir='ltr'><strong>qui</strong></span> <span class='ocrx_word' id='word_1_542' title='bbox 679 5519 802 5574; x_wconf 87' lang='lat' dir='ltr'><strong>inde</strong></span> <span class='ocrx_word' id='word_1_543' title='bbox 833 5522 1179 5580; x_wconf 89' lang='lat' dir='ltr'><strong>refectionem</strong></span> <span class='ocrx_word' id='word_1_544' title='bbox 1203 5525 1462 5580; x_wconf 89' lang='lat' dir='ltr'><strong>habentes</strong></span> <span class='ocrx_word' id='word_1_545' title='bbox 1491 5525 1774 5580; x_wconf 90' lang='lat' dir='ltr'><strong>Dominum</strong></span> <span class='ocrx_word' id='word_1_546' title='bbox 1805 5525 2140 5582; x_wconf 89' lang='lat' dir='ltr'><strong>Salvatorem</strong></span> 
     </span>
    </p>
   </div>
   <div class='ocr_carea' id='block_1_72' title="bbox 563 5611 2143 5690">
    <p class='ocr_par' dir='ltr' id='par_1_72' title="bbox 563 5611 2143 5690">
     <span class='ocr_line' id='line_1_72' title="bbox 563 5611 2143 5690; baseline 0.008 -27"><span class='ocrx_word' id='word_1_547' title='bbox 563 5611 747 5667; x_wconf 89' lang='lat' dir='ltr'><strong>mundi</strong></span> <span class='ocrx_word' id='word_1_548' title='bbox 791 5614 1093 5672; x_wconf 90' lang='lat' dir='ltr'><strong>collaudent</strong></span> <span class='ocrx_word' id='word_1_549' title='bbox 1136 5627 1191 5672; x_wconf 91' lang='lat' dir='ltr'><strong>et</strong></span> <span class='ocrx_word' id='word_1_550' title='bbox 1236 5634 1335 5689; x_wconf 93' lang='lat' dir='ltr'><strong>pro</strong></span> <span class='ocrx_word' id='word_1_551' title='bbox 1377 5633 1462 5672; x_wconf 93' lang='lat' dir='ltr'><strong>me</strong></span> <span class='ocrx_word' id='word_1_552' title='bbox 1507 5619 1816 5673; x_wconf 89' lang='lat' dir='ltr'><strong>miserrimo</strong></span> <span class='ocrx_word' id='word_1_553' title='bbox 1853 5629 2143 5690; x_wconf 88' lang='lat' dir='ltr'><strong>peccatore</strong></span> 
     </span>
    </p>
   </div>
   <div class='ocr_carea' id='block_1_73' title="bbox 561 5705 2142 5781">
    <p class='ocr_par' dir='ltr' id='par_1_73' title="bbox 561 5705 2142 5781">
     <span class='ocr_line' id='line_1_73' title="bbox 561 5705 2142 5781; baseline 0.007 -21"><span class='ocrx_word' id='word_1_554' title='bbox 561 5717 724 5762; x_wconf 89' lang='lat' dir='ltr'><strong>orare</strong></span> <span class='ocrx_word' id='word_1_555' title='bbox 755 5705 1028 5776; x_wconf 86' lang='lat' dir='ltr'><strong>studeant,</strong></span> <span class='ocrx_word' id='word_1_556' title='bbox 1079 5709 1312 5781; x_wconf 86' lang='lat' dir='ltr'><strong>qualiter</strong></span> <span class='ocrx_word' id='word_1_557' title='bbox 1339 5726 1462 5770; x_wconf 88' lang='lat' dir='ltr'><strong>cum</strong></span> <span class='ocrx_word' id='word_1_558' title='bbox 1495 5711 1699 5768; x_wconf 87' lang='lat' dir='ltr'><strong>sanctis</strong></span> <span class='ocrx_word' id='word_1_559' title='bbox 1725 5719 1782 5768; x_wconf 92' lang='lat' dir='ltr'><strong>et</strong></span> <span class='ocrx_word' id='word_1_560' title='bbox 1826 5710 2017 5770; x_wconf 86' lang='lat' dir='ltr'><strong>electis</strong></span> <span class='ocrx_word' id='word_1_561' title='bbox 2046 5711 2142 5771; x_wconf 85' lang='lat' dir='ltr'><strong>Dei</strong></span> 
     </span>
    </p>
   </div>
   <div class='ocr_carea' id='block_1_74' title="bbox 2160 4468 2215 4530">
    <p class='ocr_par' dir='ltr' id='par_1_74' title="bbox 2160 4468 2215 4530">
     <span class='ocr_line' id='line_1_74' title="bbox 2160 4468 2215 4530; baseline 0 0"><span class='ocrx_word' id='word_1_562' title='bbox 2160 4468 2215 4530; x_wconf 91' lang='lat' dir='ltr'><strong>D</strong></span> 
     </span>
    </p>
   </div>
   <div class='ocr_carea' id='block_1_75' title="bbox 2225 1839 3825 1912">
    <p class='ocr_par' dir='ltr' id='par_1_75' title="bbox 2225 1839 3825 1912">
     <span class='ocr_line' id='line_1_75' title="bbox 2225 1839 3825 1912; baseline -0.003 -16"><span class='ocrx_word' id='word_1_563' title='bbox 2225 1841 2492 1907; x_wconf 90' lang='lat' dir='ltr'><strong>futurum,</strong></span> <span class='ocrx_word' id='word_1_564' title='bbox 2525 1849 2718 1912; x_wconf 90' lang='lat' dir='ltr'><strong>etpost</strong></span> <span class='ocrx_word' id='word_1_565' title='bbox 2740 1855 2866 1896; x_wconf 89' lang='lat' dir='ltr'><strong>eum</strong></span> <span class='ocrx_word' id='word_1_566' title='bbox 2890 1841 2944 1896; x_wconf 91' lang='lat' dir='ltr'><strong>in</strong></span> <span class='ocrx_word' id='word_1_567' title='bbox 2968 1841 3095 1896; x_wconf 89' lang='lat' dir='ltr'><strong>sede</strong></span> <span class='ocrx_word' id='word_1_568' title='bbox 3125 1839 3281 1894; x_wconf 89' lang='lat' dir='ltr'><strong>nobis</strong></span> <span class='ocrx_word' id='word_1_569' title='bbox 3311 1839 3600 1895; x_wconf 88' lang='lat' dir='ltr'><strong>commissa</strong></span> <span class='ocrx_word' id='word_1_570' title='bbox 3629 1852 3825 1894; x_wconf 84' lang='lat' dir='ltr'><strong>succe-</strong></span> 
     </span>
    </p>
   </div>
   <div class='ocr_carea' id='block_1_76' title="bbox 2225 1932 3827 2005">
    <p class='ocr_par' dir='ltr' id='par_1_76' title="bbox 2225 1932 3827 2005">
     <span class='ocr_line' id='line_1_76' title="bbox 2225 1932 3827 2005; baseline -0.004 -14"><span class='ocrx_word' id='word_1_571' title='bbox 2225 1937 2416 1992; x_wconf 86' lang='lat' dir='ltr'><strong>dentes</strong></span> <span class='ocrx_word' id='word_1_572' title='bbox 2442 1943 2668 1992; x_wconf 91' lang='lat' dir='ltr'><strong>cunctos</strong></span> <span class='ocrx_word' id='word_1_573' title='bbox 2695 1935 3002 2005; x_wconf 86' lang='lat' dir='ltr'><strong>episcopos,</strong></span> <span class='ocrx_word' id='word_1_574' title='bbox 3048 1942 3213 2004; x_wconf 87' lang='lat' dir='ltr'><strong>atque</strong></span> <span class='ocrx_word' id='word_1_575' title='bbox 3242 1933 3397 2003; x_wconf 90' lang='lat' dir='ltr'><strong>quasi</strong></span> <span class='ocrx_word' id='word_1_576' title='bbox 3436 1932 3503 1986; x_wconf 86' lang='lat' dir='ltr'><strong>ad</strong></span> <span class='ocrx_word' id='word_1_577' title='bbox 3533 1933 3702 2003; x_wconf 90' lang='lat' dir='ltr'><strong>pedes</strong></span> <span class='ocrx_word' id='word_1_578' title='bbox 3731 1946 3827 1985; x_wconf 86' lang='lat' dir='ltr'><strong>eo-</strong></span> 
     </span>
    </p>
   </div>
   <div class='ocr_carea' id='block_1_77' title="bbox 2226 2025 3827 2098">
    <p class='ocr_par' dir='ltr' id='par_1_77' title="bbox 2226 2025 3827 2098">
     <span class='ocr_line' id='line_1_77' title="bbox 2226 2025 3827 2098; baseline -0.002 -15"><span class='ocrx_word' id='word_1_579' title='bbox 2226 2044 2346 2083; x_wconf 89' lang='lat' dir='ltr'><strong>rum</strong></span> <span class='ocrx_word' id='word_1_580' title='bbox 2375 2028 2693 2098; x_wconf 88' lang='lat' dir='ltr'><strong>provolutus</strong></span> <span class='ocrx_word' id='word_1_581' title='bbox 2722 2027 3039 2097; x_wconf 88' lang='lat' dir='ltr'><strong>suppliciter</strong></span> <span class='ocrx_word' id='word_1_582' title='bbox 3081 2026 3286 2098; x_wconf 82' lang='lat' dir='ltr'><strong>flagito,</strong></span> <span class='ocrx_word' id='word_1_583' title='bbox 3326 2041 3624 2096; x_wconf 90' lang='lat' dir='ltr'><strong>omnesque</strong></span> <span class='ocrx_word' id='word_1_584' title='bbox 3667 2025 3827 2096; x_wconf 64' lang='lat' dir='ltr'><strong>prino</strong></span> 
     </span>
    </p>
   </div>
   <div class='ocr_carea' id='block_1_78' title="bbox 2226 2117 3824 2191">
    <p class='ocr_par' dir='ltr' id='par_1_78' title="bbox 2226 2117 3824 2191">
     <span class='ocr_line' id='line_1_78' title="bbox 2226 2117 3824 2191; baseline -0.004 -14"><span class='ocrx_word' id='word_1_585' title='bbox 2226 2122 2374 2190; x_wconf 88' lang='lat' dir='ltr'><strong>cipes</strong></span> <span class='ocrx_word' id='word_1_586' title='bbox 2395 2137 2458 2176; x_wconf 91' lang='lat' dir='ltr'><strong>ac</strong></span> <span class='ocrx_word' id='word_1_587' title='bbox 2485 2120 2693 2177; x_wconf 90' lang='lat' dir='ltr'><strong>nobiles</strong></span> <span class='ocrx_word' id='word_1_588' title='bbox 2713 2129 2768 2176; x_wconf 90' lang='lat' dir='ltr'><strong>et</strong></span> <span class='ocrx_word' id='word_1_589' title='bbox 2803 2119 3086 2191; x_wconf 81' lang='lat' dir='ltr'><strong>ignobiles,</strong></span> <span class='ocrx_word' id='word_1_590' title='bbox 3117 2127 3447 2188; x_wconf 88' lang='lat' dir='ltr'><strong>cunctosque</strong></span> <span class='ocrx_word' id='word_1_591' title='bbox 3473 2117 3824 2173; x_wconf 90' lang='lat' dir='ltr'><strong>Christianos</strong></span> 
     </span>
    </p>
   </div>
   <div class='ocr_carea' id='block_1_79' title="bbox 2227 2207 3828 2284">
    <p class='ocr_par' dir='ltr' id='par_1_79' title="bbox 2227 2207 3828 2284">
     <span class='ocr_line' id='line_1_79' title="bbox 2227 2207 3828 2284; baseline -0.004 -16"><span class='ocrx_word' id='word_1_592' title='bbox 2227 2213 2477 2280; x_wconf 89' lang='lat' dir='ltr'><strong>obsecro,</strong></span> <span class='ocrx_word' id='word_1_593' title='bbox 2507 2223 2569 2268; x_wconf 93' lang='lat' dir='ltr'><strong>ut</strong></span> <span class='ocrx_word' id='word_1_594' title='bbox 2599 2211 2820 2284; x_wconf 88' lang='lat' dir='ltr'><strong>parvula</strong></span> <span class='ocrx_word' id='word_1_595' title='bbox 2853 2227 2884 2266; x_wconf 89' lang='lat' dir='ltr'><strong>a</strong></span> <span class='ocrx_word' id='word_1_596' title='bbox 2911 2211 3067 2266; x_wconf 88' lang='lat' dir='ltr'><strong>nobis</strong></span> <span class='ocrx_word' id='word_1_597' title='bbox 3097 2209 3240 2265; x_wconf 88' lang='lat' dir='ltr'><strong>facta</strong></span> <span class='ocrx_word' id='word_1_598' title='bbox 3270 2210 3338 2264; x_wconf 92' lang='lat' dir='ltr'><strong>ad</strong></span> <span class='ocrx_word' id='word_1_599' title='bbox 3373 2209 3608 2265; x_wconf 79' lang='lat' dir='ltr'><strong>divinam</strong></span> <span class='ocrx_word' id='word_1_600' title='bbox 3641 2207 3828 2263; x_wconf 78' lang='lat' dir='ltr'><strong>omni-</strong></span> 
     </span>
    </p>
   </div>
   <div class='ocr_carea' id='block_1_80' title="bbox 2228 2305 3831 2380">
    <p class='ocr_par' dir='ltr' id='par_1_80' title="bbox 2228 2305 3831 2380">
     <span class='ocr_line' id='line_1_80' title="bbox 2228 2305 3831 2380; baseline -0.004 -16"><span class='ocrx_word' id='word_1_601' title='bbox 2228 2309 2466 2380; x_wconf 87' lang='lat' dir='ltr'><strong>potentis</strong></span> <span class='ocrx_word' id='word_1_602' title='bbox 2495 2307 2590 2363; x_wconf 92' lang='lat' dir='ltr'><strong>Dei</strong></span> <span class='ocrx_word' id='word_1_603' title='bbox 2612 2307 2823 2362; x_wconf 91' lang='lat' dir='ltr'><strong>laudem</strong></span> <span class='ocrx_word' id='word_1_604' title='bbox 2851 2315 2905 2362; x_wconf 91' lang='lat' dir='ltr'><strong>et</strong></span> <span class='ocrx_word' id='word_1_605' title='bbox 2934 2305 3330 2362; x_wconf 90' lang='lat' dir='ltr'><strong>incrementum</strong></span> <span class='ocrx_word' id='word_1_606' title='bbox 3356 2305 3600 2376; x_wconf 62' lang='lat' dir='ltr'><strong>praedicti</strong></span> <span class='ocrx_word' id='word_1_607' title='bbox 3633 2318 3831 2359; x_wconf 82' lang='lat' dir='ltr'><strong>mona-</strong></span> 
     </span>
    </p>
   </div>
   <div class='ocr_carea' id='block_1_81' title="bbox 2229 2399 3828 2464">
    <p class='ocr_par' dir='ltr' id='par_1_81' title="bbox 2229 2399 3828 2464">
     <span class='ocr_line' id='line_1_81' title="bbox 2229 2399 3828 2464; baseline -0.004 -5"><span class='ocrx_word' id='word_1_608' title='bbox 2229 2403 2432 2460; x_wconf 91' lang='lat' dir='ltr'><strong>sterioli</strong></span> <span class='ocrx_word' id='word_1_609' title='bbox 2473 2401 2658 2457; x_wconf 90' lang='lat' dir='ltr'><strong>Sancti</strong></span> <span class='ocrx_word' id='word_1_610' title='bbox 2703 2400 3000 2456; x_wconf 85' lang='lat' dir='ltr'><strong>Salvatoris</strong></span> <span class='ocrx_word' id='word_1_611' title='bbox 3050 2407 3394 2464; x_wconf 88' lang='lat' dir='ltr'><strong>conservent,</strong></span> <span class='ocrx_word' id='word_1_612' title='bbox 3439 2407 3495 2453; x_wconf 91' lang='lat' dir='ltr'><strong>et</strong></span> <span class='ocrx_word' id='word_1_613' title='bbox 3536 2399 3590 2453; x_wconf 91' lang='lat' dir='ltr'><strong>in</strong></span> <span class='ocrx_word' id='word_1_614' title='bbox 3633 2412 3828 2453; x_wconf 88' lang='lat' dir='ltr'><strong>eorum</strong></span> 
     </span>
    </p>
   </div>
   <div class='ocr_carea' id='block_1_82' title="bbox 2230 2488 3831 2564">
    <p class='ocr_par' dir='ltr' id='par_1_82' title="bbox 2230 2488 3831 2564">
     <span class='ocr_line' id='line_1_82' title="bbox 2230 2488 3831 2564; baseline -0.004 -14"><span class='ocrx_word' id='word_1_615' title='bbox 2230 2495 2571 2564; x_wconf 86' lang='lat' dir='ltr'><strong>eleemosyna</strong></span> <span class='ocrx_word' id='word_1_616' title='bbox 2594 2493 2708 2548; x_wconf 89' lang='lat' dir='ltr'><strong>sive</strong></span> <span class='ocrx_word' id='word_1_617' title='bbox 2735 2491 2805 2547; x_wconf 90' lang='lat' dir='ltr'><strong>oh</strong></span> <span class='ocrx_word' id='word_1_618' title='bbox 2825 2492 3071 2562; x_wconf 77' lang='lat' dir='ltr'><strong>praedicti</strong></span> <span class='ocrx_word' id='word_1_619' title='bbox 3105 2491 3318 2545; x_wconf 86' lang='lat' dir='ltr'><strong>Domini</strong></span> <span class='ocrx_word' id='word_1_620' title='bbox 3348 2488 3651 2546; x_wconf 82' lang='lat' dir='ltr'><strong>Salvatoris</strong></span> <span class='ocrx_word' id='word_1_621' title='bbox 3673 2504 3831 2544; x_wconf 85' lang='lat' dir='ltr'><strong>amo-</strong></span> 
     </span>
    </p>
   </div>
   <div class='ocr_carea' id='block_1_83' title="bbox 2229 2580 3828 2654">
    <p class='ocr_par' dir='ltr' id='par_1_83' title="bbox 2229 2580 3828 2654">
     <span class='ocr_line' id='line_1_83' title="bbox 2229 2580 3828 2654; baseline -0.001 -16"><span class='ocrx_word' id='word_1_622' title='bbox 2229 2598 2368 2646; x_wconf 87' lang='lat' dir='ltr'><strong>rem.</strong></span> <span class='ocrx_word' id='word_1_623' title='bbox 2413 2583 2468 2638; x_wconf 92' lang='lat' dir='ltr'><strong>in</strong></span> <span class='ocrx_word' id='word_1_624' title='bbox 2528 2582 2682 2652; x_wconf 85' lang='lat' dir='ltr'><strong>cujus</strong></span> <span class='ocrx_word' id='word_1_625' title='bbox 2718 2581 2928 2638; x_wconf 89' lang='lat' dir='ltr'><strong>honore</strong></span> <span class='ocrx_word' id='word_1_626' title='bbox 2963 2581 3075 2654; x_wconf 84' lang='lat' dir='ltr'><strong>jam</strong></span> <span class='ocrx_word' id='word_1_627' title='bbox 3125 2581 3330 2636; x_wconf 91' lang='lat' dir='ltr'><strong>dictum</strong></span> <span class='ocrx_word' id='word_1_628' title='bbox 3381 2580 3828 2636; x_wconf 87' lang='lat' dir='ltr'><strong>monasteriolum</strong></span> 
     </span>
    </p>
   </div>
   <div class='ocr_carea' id='block_1_84' title="bbox 2230 2671 3832 2743">
    <p class='ocr_par' dir='ltr' id='par_1_84' title="bbox 2230 2671 3832 2743">
     <span class='ocr_line' id='line_1_84' title="bbox 2230 2671 3832 2743; baseline -0.002 -14"><span class='ocrx_word' id='word_1_629' title='bbox 2230 2672 2556 2729; x_wconf 65' lang='lat' dir='ltr'><strong>aedificatum</strong></span> <span class='ocrx_word' id='word_1_630' title='bbox 2606 2679 2663 2726; x_wconf 90' lang='lat' dir='ltr'><strong>et</strong></span> <span class='ocrx_word' id='word_1_631' title='bbox 2707 2672 3010 2728; x_wconf 90' lang='lat' dir='ltr'><strong>dedicatum</strong></span> <span class='ocrx_word' id='word_1_632' title='bbox 3052 2687 3174 2727; x_wconf 90' lang='lat' dir='ltr'><strong>esse</strong></span> <span class='ocrx_word' id='word_1_633' title='bbox 3221 2671 3579 2742; x_wconf 84' lang='lat' dir='ltr'><strong>dignoscitur,</strong></span> <span class='ocrx_word' id='word_1_634' title='bbox 3627 2685 3832 2743; x_wconf 87' lang='lat' dir='ltr'><strong>augere</strong></span> 
     </span>
    </p>
   </div>
   <div class='ocr_carea' id='block_1_85' title="bbox 2231 2762 3828 2836">
    <p class='ocr_par' dir='ltr' id='par_1_85' title="bbox 2231 2762 3828 2836">
     <span class='ocr_line' id='line_1_85' title="bbox 2231 2762 3828 2836; baseline -0.003 -14"><span class='ocrx_word' id='word_1_635' title='bbox 2231 2766 2361 2822; x_wconf 91' lang='lat' dir='ltr'><strong>inibi</strong></span> <span class='ocrx_word' id='word_1_636' title='bbox 2386 2765 2536 2836; x_wconf 91' lang='lat' dir='ltr'><strong>plura</strong></span> <span class='ocrx_word' id='word_1_637' title='bbox 2561 2763 2872 2835; x_wconf 82' lang='lat' dir='ltr'><strong>dignentur,</strong></span> <span class='ocrx_word' id='word_1_638' title='bbox 2887 2772 2954 2820; x_wconf 84' lang='lat' dir='ltr'><strong>.et</strong></span> <span class='ocrx_word' id='word_1_639' title='bbox 2976 2763 3042 2820; x_wconf 91' lang='lat' dir='ltr'><strong>de</strong></span> <span class='ocrx_word' id='word_1_640' title='bbox 3061 2764 3140 2820; x_wconf 92' lang='lat' dir='ltr'><strong>eis</strong></span> <span class='ocrx_word' id='word_1_641' title='bbox 3157 2780 3278 2835; x_wconf 77' lang='lat' dir='ltr'><strong>qua:</strong></span> <span class='ocrx_word' id='word_1_642' title='bbox 3290 2762 3519 2820; x_wconf 90' lang='lat' dir='ltr'><strong>fecimus</strong></span> <span class='ocrx_word' id='word_1_643' title='bbox 3543 2772 3709 2833; x_wconf 89' lang='lat' dir='ltr'><strong>atque</strong></span> <span class='ocrx_word' id='word_1_644' title='bbox 3731 2763 3828 2818; x_wconf 90' lang='lat' dir='ltr'><strong>de-</strong></span> 
     </span>
    </p>
   </div>
   <div class='ocr_carea' id='block_1_86' title="bbox 2232 2858 3830 2931">
    <p class='ocr_par' dir='ltr' id='par_1_86' title="bbox 2232 2858 3830 2931">
     <span class='ocr_line' id='line_1_86' title="bbox 2232 2858 3830 2931; baseline -0.003 -17"><span class='ocrx_word' id='word_1_645' title='bbox 2232 2859 2529 2931; x_wconf 89' lang='lat' dir='ltr'><strong>legavimus</strong></span> <span class='ocrx_word' id='word_1_646' title='bbox 2545 2859 2675 2914; x_wconf 89' lang='lat' dir='ltr'><strong>inibi</strong></span> <span class='ocrx_word' id='word_1_647' title='bbox 2692 2858 3016 2914; x_wconf 90' lang='lat' dir='ltr'><strong>imminuere</strong></span> <span class='ocrx_word' id='word_1_648' title='bbox 3037 2867 3131 2913; x_wconf 87' lang='lat' dir='ltr'><strong>aut</strong></span> <span class='ocrx_word' id='word_1_649' title='bbox 3151 2859 3474 2914; x_wconf 87' lang='lat' dir='ltr'><strong>subtrahere</strong></span> <span class='ocrx_word' id='word_1_650' title='bbox 3489 2873 3597 2912; x_wconf 91' lang='lat' dir='ltr'><strong>non</strong></span> <span class='ocrx_word' id='word_1_651' title='bbox 3617 2871 3830 2928; x_wconf 76' lang='lat' dir='ltr'><strong>praesu-</strong></span> 
     </span>
    </p>
   </div>
   <div class='ocr_carea' id='block_1_87' title="bbox 2231 2948 3831 3021">
    <p class='ocr_par' dir='ltr' id='par_1_87' title="bbox 2231 2948 3831 3021">
     <span class='ocr_line' id='line_1_87' title="bbox 2231 2948 3831 3021; baseline -0.002 -15"><span class='ocrx_word' id='word_1_652' title='bbox 2231 2961 2410 3016; x_wconf 85' lang='lat' dir='ltr'><strong>mant;</strong></span> <span class='ocrx_word' id='word_1_653' title='bbox 2435 2958 2702 3021; x_wconf 86' lang='lat' dir='ltr'><strong>quatenus</strong></span> <span class='ocrx_word' id='word_1_654' title='bbox 2725 2959 2781 3005; x_wconf 91' lang='lat' dir='ltr'><strong>et</strong></span> <span class='ocrx_word' id='word_1_655' title='bbox 2803 2948 2944 3006; x_wconf 92' lang='lat' dir='ltr'><strong>bona</strong></span> <span class='ocrx_word' id='word_1_656' title='bbox 2967 2949 3184 3005; x_wconf 90' lang='lat' dir='ltr'><strong>illorum</strong></span> <span class='ocrx_word' id='word_1_657' title='bbox 3219 2949 3361 3005; x_wconf 88' lang='lat' dir='ltr'><strong>facta</strong></span> <span class='ocrx_word' id='word_1_658' title='bbox 3404 2949 3455 3004; x_wconf 94' lang='lat' dir='ltr'><strong>in</strong></span> <span class='ocrx_word' id='word_1_659' title='bbox 3489 2948 3748 3021; x_wconf 71' lang='lat' dir='ltr'><strong>praesenti</strong></span> <span class='ocrx_word' id='word_1_660' title='bbox 3775 2953 3831 3004; x_wconf 90' lang='lat' dir='ltr'><strong>et</strong></span> 
     </span>
    </p>
   </div>
   <div class='ocr_carea' id='block_1_88' title="bbox 2233 3039 3825 3112">
    <p class='ocr_par' dir='ltr' id='par_1_88' title="bbox 2233 3039 3825 3112">
     <span class='ocr_line' id='line_1_88' title="bbox 2233 3039 3825 3112; baseline -0.001 -16"><span class='ocrx_word' id='word_1_661' title='bbox 2233 3042 2288 3096; x_wconf 90' lang='lat' dir='ltr'><strong>in</strong></span> <span class='ocrx_word' id='word_1_662' title='bbox 2335 3041 2547 3108; x_wconf 88' lang='lat' dir='ltr'><strong>futuro,</strong></span> <span class='ocrx_word' id='word_1_663' title='bbox 2596 3041 2755 3098; x_wconf 85' lang='lat' dir='ltr'><strong>sicuti</strong></span> <span class='ocrx_word' id='word_1_664' title='bbox 2811 3049 2868 3097; x_wconf 88' lang='lat' dir='ltr'><strong>et</strong></span> <span class='ocrx_word' id='word_1_665' title='bbox 2919 3051 3104 3097; x_wconf 89' lang='lat' dir='ltr'><strong>nostra</strong></span> <span class='ocrx_word' id='word_1_666' title='bbox 3140 3039 3388 3108; x_wconf 89' lang='lat' dir='ltr'><strong>fecerint,</strong></span> <span class='ocrx_word' id='word_1_667' title='bbox 3437 3039 3548 3096; x_wconf 87' lang='lat' dir='ltr'><strong>Deo</strong></span> <span class='ocrx_word' id='word_1_668' title='bbox 3578 3039 3825 3112; x_wconf 83' lang='lat' dir='ltr'><strong>auSpice,</strong></span> 
     </span>
    </p>
   </div>
   <div class='ocr_carea' id='block_1_89' title="bbox 2232 3126 3830 3205">
    <p class='ocr_par' dir='ltr' id='par_1_89' title="bbox 2232 3126 3830 3205">
     <span class='ocr_line' id='line_1_89' title="bbox 2232 3126 3830 3205; baseline -0.001 -17"><span class='ocrx_word' id='word_1_669' title='bbox 2232 3143 2666 3200; x_wconf 87' lang='lat' dir='ltr'><strong>conserventur;</strong></span> <span class='ocrx_word' id='word_1_670' title='bbox 2739 3142 3008 3205; x_wconf 90' lang='lat' dir='ltr'><strong>quatenus</strong></span> <span class='ocrx_word' id='word_1_671' title='bbox 3088 3134 3134 3189; x_wconf 91' lang='lat' dir='ltr'><strong>si</strong></span> <span class='ocrx_word' id='word_1_672' title='bbox 3216 3126 3452 3203; x_wconf 87' lang='lat' dir='ltr'><strong>aliquam</strong></span> <span class='ocrx_word' id='word_1_673' title='bbox 3521 3133 3830 3188; x_wconf 86' lang='lat' dir='ltr'><strong>mercedem</strong></span> 
     </span>
    </p>
   </div>
   <div class='ocr_carea' id='block_1_90' title="bbox 2233 3224 3833 3298">
    <p class='ocr_par' dir='ltr' id='par_1_90' title="bbox 2233 3224 3833 3298">
     <span class='ocr_line' id='line_1_90' title="bbox 2233 3224 3833 3298; baseline -0.001 -18"><span class='ocrx_word' id='word_1_674' title='bbox 2233 3242 2332 3298; x_wconf 89' lang='lat' dir='ltr'><strong>pro</strong></span> <span class='ocrx_word' id='word_1_675' title='bbox 2382 3227 2471 3297; x_wconf 85' lang='lat' dir='ltr'><strong>pio</strong></span> <span class='ocrx_word' id='word_1_676' title='bbox 2516 3225 2740 3296; x_wconf 85' lang='lat' dir='ltr'><strong>praefixo</strong></span> <span class='ocrx_word' id='word_1_677' title='bbox 2794 3225 2959 3293; x_wconf 88' lang='lat' dir='ltr'><strong>facto,</strong></span> <span class='ocrx_word' id='word_1_678' title='bbox 3013 3225 3245 3282; x_wconf 92' lang='lat' dir='ltr'><strong>Domino</strong></span> <span class='ocrx_word' id='word_1_679' title='bbox 3282 3232 3576 3292; x_wconf 89' lang='lat' dir='ltr'><strong>annuente,</strong></span> <span class='ocrx_word' id='word_1_680' title='bbox 3627 3224 3833 3280; x_wconf 86' lang='lat' dir='ltr'><strong>habere</strong></span> 
     </span>
    </p>
   </div>
   <div class='ocr_carea' id='block_1_91' title="bbox 2233 3315 3834 3387">
    <p class='ocr_par' dir='ltr' id='par_1_91' title="bbox 2233 3315 3834 3387">
     <span class='ocr_line' id='line_1_91' title="bbox 2233 3315 3834 3387; baseline -0.001 -13"><span class='ocrx_word' id='word_1_681' title='bbox 2233 3318 2613 3382; x_wconf 85' lang='lat' dir='ltr'><strong>meruerimus,</strong></span> <span class='ocrx_word' id='word_1_682' title='bbox 2653 3317 2823 3386; x_wconf 89' lang='lat' dir='ltr'><strong>ipsius</strong></span> <span class='ocrx_word' id='word_1_683' title='bbox 2870 3317 3159 3382; x_wconf 89' lang='lat' dir='ltr'><strong>mercedis,</strong></span> <span class='ocrx_word' id='word_1_684' title='bbox 3212 3317 3509 3372; x_wconf 85' lang='lat' dir='ltr'><strong>auxiliante</strong></span> <span class='ocrx_word' id='word_1_685' title='bbox 3556 3315 3678 3387; x_wconf 92' lang='lat' dir='ltr'><strong>ipso</strong></span> <span class='ocrx_word' id='word_1_686' title='bbox 3723 3315 3834 3372; x_wconf 81' lang='lat' dir='ltr'><strong>Do-</strong></span> 
     </span>
    </p>
   </div>
   <div class='ocr_carea' id='block_1_92' title="bbox 2235 3408 3833 3482">
    <p class='ocr_par' dir='ltr' id='par_1_92' title="bbox 2235 3408 3833 3482">
     <span class='ocr_line' id='line_1_92' title="bbox 2235 3408 3833 3482; baseline 0.001 -16"><span class='ocrx_word' id='word_1_687' title='bbox 2235 3411 2388 3466; x_wconf 92' lang='lat' dir='ltr'><strong>mino</strong></span> <span class='ocrx_word' id='word_1_688' title='bbox 2413 3408 2695 3466; x_wconf 89' lang='lat' dir='ltr'><strong>Salvatore</strong></span> <span class='ocrx_word' id='word_1_689' title='bbox 2744 3420 2952 3476; x_wconf 87' lang='lat' dir='ltr'><strong>nostro,</strong></span> <span class='ocrx_word' id='word_1_690' title='bbox 2987 3427 3085 3482; x_wconf 90' lang='lat' dir='ltr'><strong>pro</strong></span> <span class='ocrx_word' id='word_1_691' title='bbox 3115 3410 3268 3480; x_wconf 85' lang='lat' dir='ltr'><strong>cujus</strong></span> <span class='ocrx_word' id='word_1_692' title='bbox 3305 3419 3360 3467; x_wconf 90' lang='lat' dir='ltr'><strong>et</strong></span> <span class='ocrx_word' id='word_1_693' title='bbox 3389 3427 3579 3469; x_wconf 91' lang='lat' dir='ltr'><strong>amore</strong></span> <span class='ocrx_word' id='word_1_694' title='bbox 3608 3412 3719 3471; x_wconf 85' lang='lat' dir='ltr'><strong>hoc</strong></span> <span class='ocrx_word' id='word_1_695' title='bbox 3751 3411 3833 3468; x_wconf 86' lang='lat' dir='ltr'><strong>fe-</strong></span> 
     </span>
    </p>
   </div>
   <div class='ocr_carea' id='block_1_93' title="bbox 2237 3500 3836 3569">
    <p class='ocr_par' dir='ltr' id='par_1_93' title="bbox 2237 3500 3836 3569">
     <span class='ocr_line' id='line_1_93' title="bbox 2237 3500 3836 3569; baseline 0.001 -10"><span class='ocrx_word' id='word_1_696' title='bbox 2237 3505 2430 3569; x_wconf 92' lang='lat' dir='ltr'><strong>cimus,</strong></span> <span class='ocrx_word' id='word_1_697' title='bbox 2485 3500 2622 3558; x_wconf 75' lang='lat' dir='ltr'><strong>efllci</strong></span> <span class='ocrx_word' id='word_1_698' title='bbox 2676 3517 2986 3559; x_wconf 86' lang='lat' dir='ltr'><strong>mereamur</strong></span> <span class='ocrx_word' id='word_1_699' title='bbox 3033 3511 3342 3560; x_wconf 88' lang='lat' dir='ltr'><strong>consortes.</strong></span> <span class='ocrx_word' id='word_1_700' title='bbox 3403 3502 3612 3561; x_wconf 85' lang='lat' dir='ltr'><strong>Precor</strong></span> <span class='ocrx_word' id='word_1_701' title='bbox 3667 3505 3836 3561; x_wconf 90' lang='lat' dir='ltr'><strong>etiam</strong></span> 
     </span>
    </p>
   </div>
   <div class='ocr_carea' id='block_1_94' title="bbox 2237 3597 3837 3656">
    <p class='ocr_par' dir='ltr' id='par_1_94' title="bbox 2237 3597 3837 3656">
     <span class='ocr_line' id='line_1_94' title="bbox 2237 3597 3837 3656; baseline 0.002 -5"><span class='ocrx_word' id='word_1_702' title='bbox 2237 3605 2459 3652; x_wconf 91' lang='lat' dir='ltr'><strong>cunctos</strong></span> <span class='ocrx_word' id='word_1_703' title='bbox 2506 3597 2817 3653; x_wconf 89' lang='lat' dir='ltr'><strong>sacerdotes</strong></span> <span class='ocrx_word' id='word_1_704' title='bbox 2864 3614 2929 3653; x_wconf 93' lang='lat' dir='ltr'><strong>ac</strong></span> <span class='ocrx_word' id='word_1_705' title='bbox 2973 3597 3069 3653; x_wconf 90' lang='lat' dir='ltr'><strong>Dei</strong></span> <span class='ocrx_word' id='word_1_706' title='bbox 3130 3613 3320 3655; x_wconf 90' lang='lat' dir='ltr'><strong>servos</strong></span> <span class='ocrx_word' id='word_1_707' title='bbox 3373 3597 3490 3656; x_wconf 88' lang='lat' dir='ltr'><strong>sive</strong></span> <span class='ocrx_word' id='word_1_708' title='bbox 3533 3600 3837 3655; x_wconf 90' lang='lat' dir='ltr'><strong>monachos</strong></span> 
     </span>
    </p>
   </div>
   <div class='ocr_carea' id='block_1_95' title="bbox 2235 3689 3837 3762">
    <p class='ocr_par' dir='ltr' id='par_1_95' title="bbox 2235 3689 3837 3762">
     <span class='ocr_line' id='line_1_95' title="bbox 2235 3689 3837 3762; baseline 0.003 -21"><span class='ocrx_word' id='word_1_709' title='bbox 2235 3702 2424 3742; x_wconf 91' lang='lat' dir='ltr'><strong>omnes</strong></span> <span class='ocrx_word' id='word_1_710' title='bbox 2457 3696 2516 3742; x_wconf 91' lang='lat' dir='ltr'><strong>ut</strong></span> <span class='ocrx_word' id='word_1_711' title='bbox 2545 3689 2835 3759; x_wconf 67' lang='lat' dir='ltr'><strong>praedictas</strong></span> <span class='ocrx_word' id='word_1_712' title='bbox 2861 3690 3137 3746; x_wconf 88' lang='lat' dir='ltr'><strong>orationes</strong></span> <span class='ocrx_word' id='word_1_713' title='bbox 3167 3691 3220 3745; x_wconf 93' lang='lat' dir='ltr'><strong>in</strong></span> <span class='ocrx_word' id='word_1_714' title='bbox 3250 3689 3476 3760; x_wconf 68' lang='lat' dir='ltr'><strong>praefata</strong></span> <span class='ocrx_word' id='word_1_715' title='bbox 3503 3689 3591 3746; x_wconf 92' lang='lat' dir='ltr'><strong>die</strong></span> <span class='ocrx_word' id='word_1_716' title='bbox 3613 3705 3718 3762; x_wconf 92' lang='lat' dir='ltr'><strong>pro</strong></span> <span class='ocrx_word' id='word_1_717' title='bbox 3749 3705 3837 3746; x_wconf 87' lang='lat' dir='ltr'><strong>me</strong></span> 
     </span>
    </p>
   </div>
   <div class='ocr_carea' id='block_1_96' title="bbox 2235 3778 3835 3852">
    <p class='ocr_par' dir='ltr' id='par_1_96' title="bbox 2235 3778 3835 3852">
     <span class='ocr_line' id='line_1_96' title="bbox 2235 3778 3835 3852; baseline 0.002 -19"><span class='ocrx_word' id='word_1_718' title='bbox 2235 3786 2521 3848; x_wconf 84' lang='lat' dir='ltr'><strong>peccatore</strong></span> <span class='ocrx_word' id='word_1_719' title='bbox 2553 3778 2638 3849; x_wconf 90' lang='lat' dir='ltr'><strong>pie</strong></span> <span class='ocrx_word' id='word_1_720' title='bbox 2664 3789 2720 3834; x_wconf 90' lang='lat' dir='ltr'><strong>et</strong></span> <span class='ocrx_word' id='word_1_721' title='bbox 2742 3779 3136 3836; x_wconf 89' lang='lat' dir='ltr'><strong>studiosissime</strong></span> <span class='ocrx_word' id='word_1_722' title='bbox 3164 3779 3466 3852; x_wconf 89' lang='lat' dir='ltr'><strong>adimplere</strong></span> <span class='ocrx_word' id='word_1_723' title='bbox 3508 3789 3835 3851; x_wconf 90' lang='lat' dir='ltr'><strong>procurent,</strong></span> 
     </span>
    </p>
   </div>
   <div class='ocr_carea' id='block_1_97' title="bbox 2238 3867 3837 3942">
    <p class='ocr_par' dir='ltr' id='par_1_97' title="bbox 2238 3867 3837 3942">
     <span class='ocr_line' id='line_1_97' title="bbox 2238 3867 3837 3942; baseline 0.005 -22"><span class='ocrx_word' id='word_1_724' title='bbox 2238 3867 2470 3938; x_wconf 90' lang='lat' dir='ltr'><strong>qualiter</strong></span> <span class='ocrx_word' id='word_1_725' title='bbox 2503 3869 2894 3926; x_wconf 88' lang='lat' dir='ltr'><strong>absolutionem</strong></span> <span class='ocrx_word' id='word_1_726' title='bbox 2918 3871 3162 3926; x_wconf 90' lang='lat' dir='ltr'><strong>omnium</strong></span> <span class='ocrx_word' id='word_1_727' title='bbox 3189 3880 3540 3942; x_wconf 89' lang='lat' dir='ltr'><strong>peccatorum</strong></span> <span class='ocrx_word' id='word_1_728' title='bbox 3580 3887 3837 3929; x_wconf 89' lang='lat' dir='ltr'><strong>meorum</strong></span> 
     </span>
    </p>
   </div>
   <div class='ocr_carea' id='block_1_98' title="bbox 2238 3961 3838 4030">
    <p class='ocr_par' dir='ltr' id='par_1_98' title="bbox 2238 3961 3838 4030">
     <span class='ocr_line' id='line_1_98' title="bbox 2238 3961 3838 4030; baseline 0.006 -18"><span class='ocrx_word' id='word_1_729' title='bbox 2238 3973 2424 4013; x_wconf 93' lang='lat' dir='ltr'><strong>eorum</strong></span> <span class='ocrx_word' id='word_1_730' title='bbox 2445 3961 2696 4030; x_wconf 87' lang='lat' dir='ltr'><strong>precibus</strong></span> <span class='ocrx_word' id='word_1_731' title='bbox 2710 3961 2933 4030; x_wconf 86' lang='lat' dir='ltr'><strong>adipisci</strong></span> <span class='ocrx_word' id='word_1_732' title='bbox 2957 3963 3186 4026; x_wconf 85' lang='lat' dir='ltr'><strong>valeam,</strong></span> <span class='ocrx_word' id='word_1_733' title='bbox 3203 3971 3258 4018; x_wconf 93' lang='lat' dir='ltr'><strong>et</strong></span> <span class='ocrx_word' id='word_1_734' title='bbox 3277 3973 3590 4020; x_wconf 87' lang='lat' dir='ltr'><strong>sanctorum</strong></span> <span class='ocrx_word' id='word_1_735' title='bbox 3607 3979 3838 4020; x_wconf 90' lang='lat' dir='ltr'><strong>consor-</strong></span> 
     </span>
    </p>
   </div>
   <div class='ocr_carea' id='block_1_99' title="bbox 2239 4049 3840 4124">
    <p class='ocr_par' dir='ltr' id='par_1_99' title="bbox 2239 4049 3840 4124">
     <span class='ocr_line' id='line_1_99' title="bbox 2239 4049 3840 4124; baseline 0.004 -19"><span class='ocrx_word' id='word_1_736' title='bbox 2239 4049 2315 4105; x_wconf 93' lang='lat' dir='ltr'><strong>tio</strong></span> <span class='ocrx_word' id='word_1_737' title='bbox 2338 4050 2724 4121; x_wconf 88' lang='lat' dir='ltr'><strong>perpetualiter</strong></span> <span class='ocrx_word' id='word_1_738' title='bbox 2742 4051 2971 4108; x_wconf 90' lang='lat' dir='ltr'><strong>Domino</strong></span> <span class='ocrx_word' id='word_1_739' title='bbox 2995 4053 3258 4124; x_wconf 83' lang='lat' dir='ltr'><strong>largiente</strong></span> <span class='ocrx_word' id='word_1_740' title='bbox 3274 4053 3380 4110; x_wconf 92' lang='lat' dir='ltr'><strong>frui</strong></span> <span class='ocrx_word' id='word_1_741' title='bbox 3401 4071 3728 4112; x_wconf 89' lang='lat' dir='ltr'><strong>mereamur.</strong></span> <span class='ocrx_word' id='word_1_742' title='bbox 3754 4055 3840 4112; x_wconf 85' lang='lat' dir='ltr'><strong>Si-</strong></span> 
     </span>
    </p>
   </div>
   <div class='ocr_carea' id='block_1_100' title="bbox 2239 4143 3836 4214">
    <p class='ocr_par' dir='ltr' id='par_1_100' title="bbox 2239 4143 3836 4214">
     <span class='ocr_line' id='line_1_100' title="bbox 2239 4143 3836 4214; baseline 0.004 -16"><span class='ocrx_word' id='word_1_743' title='bbox 2239 4143 2444 4198; x_wconf 91' lang='lat' dir='ltr'><strong>militer</strong></span> <span class='ocrx_word' id='word_1_744' title='bbox 2471 4158 2665 4214; x_wconf 90' lang='lat' dir='ltr'><strong>precor</strong></span> <span class='ocrx_word' id='word_1_745' title='bbox 2692 4143 2891 4200; x_wconf 74' lang='lat' dir='ltr'><strong>obnixe</strong></span> <span class='ocrx_word' id='word_1_746' title='bbox 2935 4144 3161 4200; x_wconf 86' lang='lat' dir='ltr'><strong>abbates</strong></span> <span class='ocrx_word' id='word_1_747' title='bbox 3189 4153 3244 4201; x_wconf 93' lang='lat' dir='ltr'><strong>et</strong></span> <span class='ocrx_word' id='word_1_748' title='bbox 3279 4148 3577 4204; x_wconf 91' lang='lat' dir='ltr'><strong>monachos</strong></span> <span class='ocrx_word' id='word_1_749' title='bbox 3603 4157 3836 4205; x_wconf 88' lang='lat' dir='ltr'><strong>cunctos</strong></span> 
     </span>
    </p>
   </div>
   <div class='ocr_carea' id='block_1_101' title="bbox 2237 4233 3746 4312">
    <p class='ocr_par' dir='ltr' id='par_1_101' title="bbox 2237 4233 3746 4312">
     <span class='ocr_line' id='line_1_101' title="bbox 2237 4233 3746 4312; baseline 0.003 -24"><span class='ocrx_word' id='word_1_750' title='bbox 2237 4233 2293 4288; x_wconf 91' lang='lat' dir='ltr'><strong>in</strong></span> <span class='ocrx_word' id='word_1_751' title='bbox 2322 4233 2549 4304; x_wconf 87' lang='lat' dir='ltr'><strong>praefato</strong></span> <span class='ocrx_word' id='word_1_752' title='bbox 2577 4234 2749 4290; x_wconf 91' lang='lat' dir='ltr'><strong>sancti</strong></span> <span class='ocrx_word' id='word_1_753' title='bbox 2779 4233 3075 4292; x_wconf 89' lang='lat' dir='ltr'><strong>Salvatoris</strong></span> <span class='ocrx_word' id='word_1_754' title='bbox 3096 4239 3431 4294; x_wconf 89' lang='lat' dir='ltr'><strong>monasterio</strong></span> <span class='ocrx_word' id='word_1_755' title='bbox 3465 4241 3746 4312; x_wconf 81' lang='lat' dir='ltr'><strong>degentes,</strong></span> 
     </span>
    </p>
   </div>
   <div class='ocr_carea' id='block_1_102' title="bbox 2239 4325 3837 4397">
    <p class='ocr_par' dir='ltr' id='par_1_102' title="bbox 2239 4325 3837 4397">
     <span class='ocr_line' id='line_1_102' title="bbox 2239 4325 3837 4397; baseline 0.007 -18"><span class='ocrx_word' id='word_1_756' title='bbox 2239 4325 2492 4396; x_wconf 65' lang='lat' dir='ltr'><strong>praedicta</strong></span> <span class='ocrx_word' id='word_1_757' title='bbox 2513 4326 2779 4397; x_wconf 85' lang='lat' dir='ltr'><strong>stipendia</strong></span> <span class='ocrx_word' id='word_1_758' title='bbox 2799 4328 3079 4386; x_wconf 91' lang='lat' dir='ltr'><strong>canonicis</strong></span> <span class='ocrx_word' id='word_1_759' title='bbox 3099 4339 3156 4386; x_wconf 87' lang='lat' dir='ltr'><strong>et</strong></span> <span class='ocrx_word' id='word_1_760' title='bbox 3178 4329 3439 4388; x_wconf 87' lang='lat' dir='ltr'><strong>fratribus</strong></span> <span class='ocrx_word' id='word_1_761' title='bbox 3469 4330 3688 4397; x_wconf 88' lang='lat' dir='ltr'><strong>nostris,</strong></span> <span class='ocrx_word' id='word_1_762' title='bbox 3715 4335 3837 4392; x_wconf 84' lang='lat' dir='ltr'><strong>sive</strong></span> 
     </span>
    </p>
   </div>
   <div class='ocr_carea' id='block_1_103' title="bbox 2239 4414 3826 4480">
    <p class='ocr_par' dir='ltr' id='par_1_103' title="bbox 2239 4414 3826 4480">
     <span class='ocr_line' id='line_1_103' title="bbox 2239 4414 3826 4480; baseline 0.005 -8"><span class='ocrx_word' id='word_1_763' title='bbox 2239 4414 2566 4472; x_wconf 89' lang='lat' dir='ltr'><strong>suburbanis</strong></span> <span class='ocrx_word' id='word_1_764' title='bbox 2613 4417 2986 4475; x_wconf 87' lang='lat' dir='ltr'><strong>sacerdotibus</strong></span> <span class='ocrx_word' id='word_1_765' title='bbox 3036 4426 3093 4475; x_wconf 90' lang='lat' dir='ltr'><strong>et</strong></span> <span class='ocrx_word' id='word_1_766' title='bbox 3143 4419 3360 4477; x_wconf 90' lang='lat' dir='ltr'><strong>clericis</strong></span> <span class='ocrx_word' id='word_1_767' title='bbox 3429 4423 3736 4479; x_wconf 88' lang='lat' dir='ltr'><strong>ministrare</strong></span> <span class='ocrx_word' id='word_1_768' title='bbox 3775 4425 3826 4480; x_wconf 91' lang='lat' dir='ltr'><strong>in</strong></span> 
     </span>
    </p>
   </div>
   <div class='ocr_carea' id='block_1_104' title="bbox 2237 4504 3830 4583">
    <p class='ocr_par' dir='ltr' id='par_1_104' title="bbox 2237 4504 3830 4583">
     <span class='ocr_line' id='line_1_104' title="bbox 2237 4504 3830 4583; baseline 0.003 -23"><span class='ocrx_word' id='word_1_769' title='bbox 2237 4504 2352 4577; x_wconf 86' lang='lat' dir='ltr'><strong>jam</strong></span> <span class='ocrx_word' id='word_1_770' title='bbox 2381 4507 2524 4562; x_wconf 90' lang='lat' dir='ltr'><strong>dicta</strong></span> <span class='ocrx_word' id='word_1_771' title='bbox 2552 4507 2639 4562; x_wconf 88' lang='lat' dir='ltr'><strong>die</strong></span> <span class='ocrx_word' id='word_1_772' title='bbox 2663 4522 2770 4562; x_wconf 92' lang='lat' dir='ltr'><strong>non</strong></span> <span class='ocrx_word' id='word_1_773' title='bbox 2802 4509 3108 4580; x_wconf 75' lang='lat' dir='ltr'><strong>negligant;</strong></span> <span class='ocrx_word' id='word_1_774' title='bbox 3159 4520 3430 4580; x_wconf 90' lang='lat' dir='ltr'><strong>quatenus</strong></span> <span class='ocrx_word' id='word_1_775' title='bbox 3475 4512 3612 4583; x_wconf 88' lang='lat' dir='ltr'><strong>ipsis</strong></span> <span class='ocrx_word' id='word_1_776' title='bbox 3659 4509 3830 4566; x_wconf 86' lang='lat' dir='ltr'><strong>mini-</strong></span> 
     </span>
    </p>
   </div>
   <div class='ocr_carea' id='block_1_105' title="bbox 2243 4602 3834 4676">
    <p class='ocr_par' dir='ltr' id='par_1_105' title="bbox 2243 4602 3834 4676">
     <span class='ocr_line' id='line_1_105' title="bbox 2243 4602 3834 4676; baseline 0.006 -19"><span class='ocrx_word' id='word_1_777' title='bbox 2243 4602 2539 4659; x_wconf 86' lang='lat' dir='ltr'><strong>strantibus</strong></span> <span class='ocrx_word' id='word_1_778' title='bbox 2560 4603 2822 4676; x_wconf 90' lang='lat' dir='ltr'><strong>nobisque</strong></span> <span class='ocrx_word' id='word_1_779' title='bbox 2845 4605 3124 4663; x_wconf 90' lang='lat' dir='ltr'><strong>humiliter</strong></span> <span class='ocrx_word' id='word_1_780' title='bbox 3142 4606 3530 4664; x_wconf 87' lang='lat' dir='ltr'><strong>famulantibus</strong></span> <span class='ocrx_word' id='word_1_781' title='bbox 3549 4609 3834 4666; x_wconf 72' lang='lat' dir='ltr'><strong>etcaeteris</strong></span> 
     </span>
    </p>
   </div>
   <div class='ocr_carea' id='block_1_106' title="bbox 2243 4687 3835 4773">
    <p class='ocr_par' dir='ltr' id='par_1_106' title="bbox 2243 4687 3835 4773">
     <span class='ocr_line' id='line_1_106' title="bbox 2243 4687 3835 4773; baseline 0.006 -25"><span class='ocrx_word' id='word_1_782' title='bbox 2243 4692 2500 4751; x_wconf 88' lang='lat' dir='ltr'><strong>fratribus</strong></span> <span class='ocrx_word' id='word_1_783' title='bbox 2526 4705 2584 4751; x_wconf 89' lang='lat' dir='ltr'><strong>et</strong></span> <span class='ocrx_word' id='word_1_784' title='bbox 2606 4697 2700 4752; x_wconf 91' lang='lat' dir='ltr'><strong>Dei</strong></span> <span class='ocrx_word' id='word_1_785' title='bbox 2723 4698 2898 4754; x_wconf 89' lang='lat' dir='ltr'><strong>servis</strong></span> <span class='ocrx_word' id='word_1_786' title='bbox 2944 4701 3249 4764; x_wconf 90' lang='lat' dir='ltr'><strong>orantibus,</strong></span> <span class='ocrx_word' id='word_1_787' title='bbox 3284 4715 3382 4772; x_wconf 88' lang='lat' dir='ltr'><strong>per</strong></span> <span class='ocrx_word' id='word_1_788' title='bbox 3413 4687 3692 4773; x_wconf 77' lang='lat' dir='ltr'><strong>suffragia</strong></span> <span class='ocrx_word' id='word_1_789' title='bbox 3713 4717 3835 4757; x_wconf 85' lang='lat' dir='ltr'><strong>om-</strong></span> 
     </span>
    </p>
   </div>
   <div class='ocr_carea' id='block_1_107' title="bbox 2243 4788 3838 4850">
    <p class='ocr_par' dir='ltr' id='par_1_107' title="bbox 2243 4788 3838 4850">
     <span class='ocr_line' id='line_1_107' title="bbox 2243 4788 3838 4850; baseline 0.002 -8"><span class='ocrx_word' id='word_1_790' title='bbox 2243 4788 2393 4843; x_wconf 90' lang='lat' dir='ltr'><strong>nium</strong></span> <span class='ocrx_word' id='word_1_791' title='bbox 2441 4797 2755 4845; x_wconf 90' lang='lat' dir='ltr'><strong>sanctorum</strong></span> <span class='ocrx_word' id='word_1_792' title='bbox 2791 4804 2890 4846; x_wconf 91' lang='lat' dir='ltr'><strong>nos</strong></span> <span class='ocrx_word' id='word_1_793' title='bbox 2917 4801 2973 4846; x_wconf 88' lang='lat' dir='ltr'><strong>et</strong></span> <span class='ocrx_word' id='word_1_794' title='bbox 3002 4791 3122 4848; x_wconf 90' lang='lat' dir='ltr'><strong>illos</strong></span> <span class='ocrx_word' id='word_1_795' title='bbox 3149 4790 3306 4848; x_wconf 72' lang='lat' dir='ltr'><strong>Iesus</strong></span> <span class='ocrx_word' id='word_1_796' title='bbox 3357 4792 3608 4850; x_wconf 87' lang='lat' dir='ltr'><strong>Christus</strong></span> <span class='ocrx_word' id='word_1_797' title='bbox 3653 4793 3838 4849; x_wconf 82' lang='lat' dir='ltr'><strong>Domi.-</strong></span> 
     </span>
    </p>
   </div>
   <div class='ocr_carea' id='block_1_108' title="bbox 2243 4875 3836 4943">
    <p class='ocr_par' dir='ltr' id='par_1_108' title="bbox 2243 4875 3836 4943">
     <span class='ocr_line' id='line_1_108' title="bbox 2243 4875 3836 4943; baseline 0.004 -7"><span class='ocrx_word' id='word_1_798' title='bbox 2243 4897 2346 4937; x_wconf 89' lang='lat' dir='ltr'><strong>nus</strong></span> <span class='ocrx_word' id='word_1_799' title='bbox 2370 4888 2557 4937; x_wconf 90' lang='lat' dir='ltr'><strong>noster</strong></span> <span class='ocrx_word' id='word_1_800' title='bbox 2583 4883 2635 4938; x_wconf 92' lang='lat' dir='ltr'><strong>in</strong></span> <span class='ocrx_word' id='word_1_801' title='bbox 2685 4875 2890 4940; x_wconf 57' lang='lat' dir='ltr'><strong>aeterna</strong></span> <span class='ocrx_word' id='word_1_802' title='bbox 2928 4885 3117 4939; x_wconf 67' lang='lat' dir='ltr'><strong>laetitia</strong></span> <span class='ocrx_word' id='word_1_803' title='bbox 3148 4900 3255 4940; x_wconf 88' lang='lat' dir='ltr'><strong>una</strong></span> <span class='ocrx_word' id='word_1_804' title='bbox 3295 4901 3419 4941; x_wconf 91' lang='lat' dir='ltr'><strong>cum</strong></span> <span class='ocrx_word' id='word_1_805' title='bbox 3463 4886 3668 4941; x_wconf 90' lang='lat' dir='ltr'><strong>sanctis</strong></span> <span class='ocrx_word' id='word_1_806' title='bbox 3723 4887 3836 4943; x_wconf 88' lang='lat' dir='ltr'><strong>suis</strong></span> 
     </span>
    </p>
   </div>
   <div class='ocr_carea' id='block_1_109' title="bbox 2241 4973 3834 5047">
    <p class='ocr_par' dir='ltr' id='par_1_109' title="bbox 2241 4973 3834 5047">
     <span class='ocr_line' id='line_1_109' title="bbox 2241 4973 3834 5047; baseline 0.003 -18"><span class='ocrx_word' id='word_1_807' title='bbox 2241 4973 2426 5031; x_wconf 89' lang='lat' dir='ltr'><strong>fovere</strong></span> <span class='ocrx_word' id='word_1_808' title='bbox 2453 4975 2723 5047; x_wconf 90' lang='lat' dir='ltr'><strong>dignetur.</strong></span> <span class='ocrx_word' id='word_1_809' title='bbox 2757 4976 2952 5032; x_wconf 86' lang='lat' dir='ltr'><strong>Amen.</strong></span> <span class='ocrx_word' id='word_1_810' title='bbox 2991 4976 3164 5034; x_wconf 90' lang='lat' dir='ltr'><strong>Porro</strong></span> <span class='ocrx_word' id='word_1_811' title='bbox 3203 4985 3264 5034; x_wconf 92' lang='lat' dir='ltr'><strong>ut</strong></span> <span class='ocrx_word' id='word_1_812' title='bbox 3303 4977 3408 5035; x_wconf 90' lang='lat' dir='ltr'><strong>hoc</strong></span> <span class='ocrx_word' id='word_1_813' title='bbox 3447 4987 3834 5034; x_wconf 88' lang='lat' dir='ltr'><strong>testamentum</strong></span> 
     </span>
    </p>
   </div>
   <div class='ocr_carea' id='block_1_110' title="bbox 2241 5065 3835 5140">
    <p class='ocr_par' dir='ltr' id='par_1_110' title="bbox 2241 5065 3835 5140">
     <span class='ocr_line' id='line_1_110' title="bbox 2241 5065 3835 5140; baseline 0.001 -17"><span class='ocrx_word' id='word_1_814' title='bbox 2241 5065 2356 5123; x_wconf 84' lang='lat' dir='ltr'><strong>sive</strong></span> <span class='ocrx_word' id='word_1_815' title='bbox 2381 5065 2718 5138; x_wconf 84' lang='lat' dir='ltr'><strong>privilegium</strong></span> <span class='ocrx_word' id='word_1_816' title='bbox 2751 5083 2784 5123; x_wconf 90' lang='lat' dir='ltr'><strong>a</strong></span> <span class='ocrx_word' id='word_1_817' title='bbox 2822 5085 2909 5124; x_wconf 91' lang='lat' dir='ltr'><strong>me</strong></span> <span class='ocrx_word' id='word_1_818' title='bbox 2935 5069 3022 5140; x_wconf 89' lang='lat' dir='ltr'><strong>pia</strong></span> <span class='ocrx_word' id='word_1_819' title='bbox 3046 5068 3327 5125; x_wconf 85' lang='lat' dir='ltr'><strong>voluntate</strong></span> <span class='ocrx_word' id='word_1_820' title='bbox 3354 5069 3577 5135; x_wconf 87' lang='lat' dir='ltr'><strong>factum,</strong></span> <span class='ocrx_word' id='word_1_821' title='bbox 3601 5085 3702 5140; x_wconf 90' lang='lat' dir='ltr'><strong>per</strong></span> <span class='ocrx_word' id='word_1_822' title='bbox 3750 5085 3835 5125; x_wconf 88' lang='lat' dir='ltr'><strong>ra-</strong></span> 
     </span>
    </p>
   </div>
   <div class='ocr_carea' id='block_1_111' title="bbox 2241 5151 3833 5233">
    <p class='ocr_par' dir='ltr' id='par_1_111' title="bbox 2241 5151 3833 5233">
     <span class='ocr_line' id='line_1_111' title="bbox 2241 5151 3833 5233; baseline 0.001 -19"><span class='ocrx_word' id='word_1_823' title='bbox 2241 5158 2446 5216; x_wconf 89' lang='lat' dir='ltr'><strong>tionem</strong></span> <span class='ocrx_word' id='word_1_824' title='bbox 2466 5161 2856 5232; x_wconf 88' lang='lat' dir='ltr'><strong>supradictam,</strong></span> <span class='ocrx_word' id='word_1_825' title='bbox 2877 5161 3025 5218; x_wconf 89' lang='lat' dir='ltr'><strong>omni</strong></span> <span class='ocrx_word' id='word_1_826' title='bbox 3049 5169 3291 5233; x_wconf 89' lang='lat' dir='ltr'><strong>tempore</strong></span> <span class='ocrx_word' id='word_1_827' title='bbox 3329 5151 3550 5217; x_wconf 87' lang='lat' dir='ltr'><strong>maneat</strong></span> <span class='ocrx_word' id='word_1_828' title='bbox 3569 5160 3833 5216; x_wconf 88' lang='lat' dir='ltr'><strong>illibatum</strong></span> 
     </span>
    </p>
   </div>
   <div class='ocr_carea' id='block_1_112' title="bbox 2245 5252 3835 5326">
    <p class='ocr_par' dir='ltr' id='par_1_112' title="bbox 2245 5252 3835 5326">
     <span class='ocr_line' id='line_1_112' title="bbox 2245 5252 3835 5326; baseline 0 -18"><span class='ocrx_word' id='word_1_829' title='bbox 2245 5260 2408 5326; x_wconf 83' lang='lat' dir='ltr'><strong>atque</strong></span> <span class='ocrx_word' id='word_1_830' title='bbox 2429 5252 2824 5322; x_wconf 85' lang='lat' dir='ltr'><strong>ﬁrmissimum,</strong></span> <span class='ocrx_word' id='word_1_831' title='bbox 2848 5269 3014 5310; x_wconf 87' lang='lat' dir='ltr'><strong>manu</strong></span> <span class='ocrx_word' id='word_1_832' title='bbox 3033 5255 3253 5326; x_wconf 86' lang='lat' dir='ltr'><strong>propria</strong></span> <span class='ocrx_word' id='word_1_833' title='bbox 3278 5253 3406 5311; x_wconf 90' lang='lat' dir='ltr'><strong>illud</strong></span> <span class='ocrx_word' id='word_1_834' title='bbox 3435 5268 3534 5325; x_wconf 92' lang='lat' dir='ltr'><strong>pro</strong></span> <span class='ocrx_word' id='word_1_835' title='bbox 3562 5252 3835 5308; x_wconf 81' lang='lat' dir='ltr'><strong>firmitatis</strong></span> 
     </span>
    </p>
   </div>
   <div class='ocr_carea' id='block_1_113' title="bbox 2243 5341 3836 5416">
    <p class='ocr_par' dir='ltr' id='par_1_113' title="bbox 2243 5341 3836 5416">
     <span class='ocr_line' id='line_1_113' title="bbox 2243 5341 3836 5416; baseline -0.002 -13"><span class='ocrx_word' id='word_1_836' title='bbox 2243 5347 2424 5404; x_wconf 90' lang='lat' dir='ltr'><strong>studio</strong></span> <span class='ocrx_word' id='word_1_837' title='bbox 2483 5341 2876 5414; x_wconf 24' lang='lat' dir='ltr'><strong>robora‘vimus,</strong></span> <span class='ocrx_word' id='word_1_838' title='bbox 2935 5348 3050 5404; x_wconf 88' lang='lat' dir='ltr'><strong>sive</strong></span> <span class='ocrx_word' id='word_1_839' title='bbox 3104 5354 3322 5404; x_wconf 90' lang='lat' dir='ltr'><strong>sanctos</strong></span> <span class='ocrx_word' id='word_1_840' title='bbox 3389 5354 3576 5416; x_wconf 90' lang='lat' dir='ltr'><strong>patres</strong></span> <span class='ocrx_word' id='word_1_841' title='bbox 3620 5352 3836 5400; x_wconf 87' lang='lat' dir='ltr'><strong>nostros</strong></span> 
     </span>
    </p>
   </div>
   <div class='ocr_carea' id='block_1_114' title="bbox 2244 5436 3834 5511">
    <p class='ocr_par' dir='ltr' id='par_1_114' title="bbox 2244 5436 3834 5511">
     <span class='ocr_line' id='line_1_114' title="bbox 2244 5436 3834 5511; baseline -0.002 -17"><span class='ocrx_word' id='word_1_842' title='bbox 2244 5440 2545 5511; x_wconf 85' lang='lat' dir='ltr'><strong>episcopos,</strong></span> <span class='ocrx_word' id='word_1_843' title='bbox 2568 5450 2731 5511; x_wconf 90' lang='lat' dir='ltr'><strong>atque</strong></span> <span class='ocrx_word' id='word_1_844' title='bbox 2755 5441 2953 5497; x_wconf 89' lang='lat' dir='ltr'><strong>fratres</strong></span> <span class='ocrx_word' id='word_1_845' title='bbox 2977 5450 3193 5497; x_wconf 91' lang='lat' dir='ltr'><strong>nostros</strong></span> <span class='ocrx_word' id='word_1_846' title='bbox 3215 5439 3524 5496; x_wconf 88' lang='lat' dir='ltr'><strong>sacerdotes</strong></span> <span class='ocrx_word' id='word_1_847' title='bbox 3545 5447 3602 5493; x_wconf 90' lang='lat' dir='ltr'><strong>et</strong></span> <span class='ocrx_word' id='word_1_848' title='bbox 3622 5436 3834 5502; x_wconf 87' lang='lat' dir='ltr'><strong>levitas,</strong></span> 
     </span>
    </p>
   </div>
   <div class='ocr_carea' id='block_1_115' title="bbox 2245 5533 3836 5604">
    <p class='ocr_par' dir='ltr' id='par_1_115' title="bbox 2245 5533 3836 5604">
     <span class='ocr_line' id='line_1_115' title="bbox 2245 5533 3836 5604; baseline -0.003 -16"><span class='ocrx_word' id='word_1_849' title='bbox 2245 5548 2341 5588; x_wconf 86' lang='lat' dir='ltr'><strong>seu</strong></span> <span class='ocrx_word' id='word_1_850' title='bbox 2371 5533 2605 5603; x_wconf 89' lang='lat' dir='ltr'><strong>reliquos</strong></span> <span class='ocrx_word' id='word_1_851' title='bbox 2643 5535 2870 5590; x_wconf 89' lang='lat' dir='ltr'><strong>clericos</strong></span> <span class='ocrx_word' id='word_1_852' title='bbox 2899 5545 3232 5603; x_wconf 71' lang='lat' dir='ltr'><strong>caaterasque</strong></span> <span class='ocrx_word' id='word_1_853' title='bbox 3273 5547 3534 5604; x_wconf 84' lang='lat' dir='ltr'><strong>personas</strong></span> <span class='ocrx_word' id='word_1_854' title='bbox 3603 5545 3836 5600; x_wconf 89' lang='lat' dir='ltr'><strong>quorum</strong></span> 
     </span>
    </p>
   </div>
   <div class='ocr_carea' id='block_1_116' title="bbox 2247 5623 3838 5691">
    <p class='ocr_par' dir='ltr' id='par_1_116' title="bbox 2247 5623 3838 5691">
     <span class='ocr_line' id='line_1_116' title="bbox 2247 5623 3838 5691; baseline 0 -12"><span class='ocrx_word' id='word_1_855' title='bbox 2247 5625 2466 5680; x_wconf 89' lang='lat' dir='ltr'><strong>nomina</strong></span> <span class='ocrx_word' id='word_1_856' title='bbox 2501 5627 2686 5682; x_wconf 87' lang='lat' dir='ltr'><strong>subter</strong></span> <span class='ocrx_word' id='word_1_857' title='bbox 2716 5629 3005 5691; x_wconf 90' lang='lat' dir='ltr'><strong>habentur,</strong></span> <span class='ocrx_word' id='word_1_858' title='bbox 3039 5627 3244 5683; x_wconf 84' lang='lat' dir='ltr'><strong>inserta</strong></span> <span class='ocrx_word' id='word_1_859' title='bbox 3293 5627 3514 5683; x_wconf 80' lang='lat' dir='ltr'><strong>firmare</strong></span> <span class='ocrx_word' id='word_1_860' title='bbox 3563 5623 3838 5682; x_wconf 86' lang='lat' dir='ltr'><strong>humiliter</strong></span> 
     </span>
    </p>
   </div>
   <div class='ocr_carea' id='block_1_117' title="bbox 2253 5721 2670 5792">
    <p class='ocr_par' dir='ltr' id='par_1_117' title="bbox 2253 5721 2670 5792">
     <span class='ocr_line' id='line_1_117' title="bbox 2253 5721 2670 5792; baseline 0.002 -16"><span class='ocrx_word' id='word_1_861' title='bbox 2253 5721 2670 5792; x_wconf 85' lang='lat' dir='ltr'><strong>postulavimus.</strong></span> 
     </span>
    </p>
   </div>
  </div>
