4044 6326
217 327 291 387 65
1766 319 1948 379 ἫΤΛ.
3424 323 3492 380 66

287 445 406 519 Ego
431 443 686 502 Aldncus
710 443 1086 502 Cenomanica
1130 445 1283 502 urbis
1314 444 1567 517 indignus
1614 425 1805 512 pecca-
1829 440 1883 503 Α
1907 438 2062 508 toris,
2094 448 2150 496 et
2210 455 2478 498 consensu
2541 447 2707 498 etiam
2786 441 3188 513 metropolitani
3241 439 3492 498 Ursmari

212 548 304 596 tor
332 537 622 608 episcopus
649 538 755 593 hoc
812 546 1196 594 testamentum
1246 553 1278 593 a
1302 552 1390 593 me
1436 535 1639 592 factum
1683 533 1810 589 sub-

211 627 435 698 scripsi.
470 626 766 684 Ursmarus
808 628 1059 701 indignus
1109 629 1393 684 Turonica
1434 627 1584 683 urbis
1629 624 1809 682 archi-

210 724 510 796 episcopus
545 723 671 778 huic
695 731 1020 779 testamento
1041 738 1288 779 annuens
1312 720 1630 792 subscripsi.
1662 718 1810 774 Dodo

210 811 441 869 humilis
465 812 934 868 Andecavensium
963 813 1188 869 antistes
1213 813 1340 871 huic
1367 817 1690 869 testamento
1719 808 1811 863 de-

207 913 369 961 creto
404 919 691 960 assensum
730 904 976 975 prabens
1023 905 1342 977 subscripsi.
1380 903 1703 960 Warnarius
1729 903 1812 957 in-

209 993 414 1064 dignus
463 994 752 1066 episcopus
809 995 937 1052 huic
1012 984 1340 1053 testamento
1397 1011 1642 1054 annuens
1683 994 1810 1050 sub-

209 1087 436 1159 scripsi.
458 1087 728 1144 Ebroinus
751 1089 1002 1156 indignus
1020 1091 1305 1161 episcopus
1331 1091 1460 1147 huic
1484 1097 1809 1147 testamento

205 1196 468 1238 annuens
521 1183 837 1254 subscripsi.
868 1183 981 1256 Ego
1003 1183 1294 1241 Autcarius
1319 1185 1604 1257 Magontia
1654 1182 1808 1240 urbis

209 1270 660 1343 archiepiscopus
687 1273 791 1329 hoc
821 1281 1228 1342 testamentum,
1254 1275 1580 1346 deprecante
1605 1274 1696 1330 illo
1718 1273 1810 1329 Al-

209 1362 372 1418 drico
394 1361 667 1434 praedicta
698 1363 846 1417 urbis
889 1363 1164 1435 episcopo,
1196 1364 1512 1436 subscripsi.
1573 1363 1810 1420 Guntar—

209 1455 318 1510 dus
367 1454 622 1526 indignus
677 1455 964 1526 episcopus
1012 1455 1140 1512 huic
1187 1463 1516 1511 testamento
1562 1470 1808 1510 annuens

209 1546 534 1618 subscripsi.
559 1546 674 1618 Ego
695 1546 1064 1602 Erchinradus
1084 1546 1369 1618 episcopus
1388 1547 1491 1604 hoc
1517 1554 1808 1602 testamen-

215 1645 359 1702 tum,
399 1637 728 1708 dcprecante
774 1635 996 1692 Aldrico
1041 1637 1314 1708 episcopo,
1345 1637 1660 1708 subscripsi.
1694 1635 1808 1708 Ego

209 1726 535 1783 Hcchardus
555 1727 847 1798 episcopus
894 1727 1000 1784 hoc
1047 1736 1455 1792 testamentum,
1485 1727 1807 1798 deprecante

1913 530 2195 589 Turonica
2220 534 2367 588 urbis
2392 533 2786 606 archiepiscopi
2833 549 2930 590 seu
2981 543 3301 590 caterorum
3333 550 3454 590 com

1909 625 2320 695 provincialium
2345 625 2720 696 episcoporum
2749 633 2915 696 atque
2943 625 3237 680 multarum
3262 624 3491 678 aliarum

1909 714 2309 784 provinciarum
2338 723 2649 771 sanctorum
2692 716 3093 786 episcoporum,
3134 712 3487 769 considerare
3581 725 3584 736 '

1885 803 2048 874 ὀωρὶ
2077 820 2201 860 cum
2231 805 2506 860 canonicis
2527 813 2583 861 et
2615 807 2826 862 cateris
2870 805 3217 877 parochianis
3257 803 3492 872 nostris,

1909 905 2018 952 tam
2041 898 2412 954 sacerdotibus
2438 913 2601 969 quam
2631 899 2750 954 aliis
2778 899 2960 954 divino
2985 899 3153 956 cultui
3181 897 3495 954 famulanti-

1907 991 2028 1056 bus,
2059 997 2224 1062 atque
2250 991 2521 1047 nobilibus
2553 991 2707 1047 laicis
2735 999 2844 1046 tam
2875 993 3074 1048 nostris
3106 1008 3266 1062 quam
3298 1000 3353 1048 et
3376 991 3498 1048 aliis

1909 1083 2096 1140 liberis
2119 1092 2174 1140 et
2203 1083 2359 1140 bonis
2383 1084 2710 1152 hominibus,
2739 1086 2971 1156 qualiter
2989 1101 3107 1141 mea
3130 1085 3499 1142 facultaticula

1909 1183 1966 1229 et
1990 1173 2122 1229 inibi
2149 1174 2440 1229 commissa
2468 1183 2590 1244 post
2622 1191 2800 1232 meum
2837 1177 3043 1232 obitum
3071 1178 3277 1234 utiliter
3320 1186 3374 1234 et
3410 1195 3501 1232 ra-

1910 1263 2246 1319 tionabiliter
2266 1263 2410 1320 foret
2436 1265 2490 1319 in
2514 1265 2800 1322 utilitatem
2825 1277 3026 1323 sancta
3045 1269 3234 1324 matris
3254 1269 3502 1326 ecclesia

1909 1364 1966 1409 et
2009 1370 2188 1410 meam
2230 1355 2628 1430 eleemosynam
2656 1358 2998 1429 dispensata,
3037 1377 3106 1416 ne
3151 1361 3289 1417 forte
3317 1362 3498 1434 (quod

1909 1445 2084 1517 absit)
2130 1445 2329 1517 aliquis
2365 1446 2468 1502 sibi
2496 1463 2562 1504 ea
2583 1463 2776 1518 rapere
2805 1458 2898 1505 aut
2941 1450 3108 1506 furari
3141 1461 3234 1507 aut
3276 1453 3330 1507 in
3369 1469 3498 1510 suos

1908 1553 2040 1594 usus
2062 1539 2307 1594 converti
2343 1538 2527 1604 faciat,
2561 1540 2702 1596 sicut
2725 1541 2779 1596 in
2812 1541 2993 1598 multis
3020 1543 3133 1614 jam
3174 1542 3375 1600 factum
3409 1559 3504 1600 eo.

1908 1633 2215 1706 gnovimus,
2246 1634 2341 1689 sed
2375 1635 2557 1689 omnia
2593 1635 2646 1689 in
2680 1635 2976 1692 utilitatem
3013 1647 3214 1695 sancta
3246 1640 3504 1696 Ecclesia

1907 1738 1963 1784 et
1991 1730 2451 1788 substentationes
2493 1732 2650 1788 nobis
2691 1731 3104 1802 famulantium,
3139 1752 3234 1792 seu
3287 1739 3504 1810 supple-

207 1817 436 1875 Aldrico
467 1819 744 1891 episcopo,
776 1820 1094 1891 subscripsi.
1149 1820 1262 1892 Ego
1315 1819 1683 1876 Theodoricus
1706 1817 1811 1875 Ca-
1840 1803 1890 1864 Β
1916 1834 2098 1881 menta
2116 1833 2427 1881 nostrorum
2451 1825 2772 1883 clericorum
2798 1838 2907 1882 tam
2931 1829 3318 1885 monachorum
3341 1803 3504 1900 quam

209 1909 554 1965 meracensis
581 1910 734 1965 urbis
771 1910 1060 1982 episcopus
1106 1910 1211 1966 hoc
1240 1918 1627 1966 testamentum
1677 1909 1808 1964 sub-

211 2001 436 2073 scripsi.
485 2001 656 2058 David
716 2003 1137 2075 chorepiscopus
1205 2003 1517 2075 subscripsi.
1580 2003 1813 2059 Austeus

210 2094 456 2149 decanus
509 2094 830 2166 subscripsi.
908 2095 1152 2152 Deduius
1207 2096 1646 2168 archipresbyter
1685 2094 1812 2150 sub-

210 2187 432 2260 scripsi.
465 2187 735 2246 Erauldus
757 2189 1041 2262 presbyter
1073 2190 1326 2262 indignus
1370 2189 1687 2261 subscripsi.
1712 2188 1811 2244 Ri-

210 2281 422 2336 caudus
455 2282 745 2354 presbyter
780 2281 1099 2354 subscripsi.
1147 2282 1406 2341 Godenus
1436 2283 1813 2354 archipresby-

209 2381 304 2428 ter
326 2373 651 2446 subscripsi.
697 2373 964 2432 Geraldus
987 2367 1274 2448 presbyter
1335 2375 1653 2448 subscripsi.
1682 2373 1810 2430 Flo-

217 2463 445 2532 duinus,
472 2466 602 2523 licet
625 2467 899 2540 indignus,
919 2469 1206 2541 presbyter
1221 2468 1536 2540 subscripsi.
1551 2467 1814 2524 Gantzui-

211 2576 324 2617 nus
343 2563 630 2635 presbyter
676 2563 996 2634 subscripsi.
1028 2563 1318 2620 Ascaricus
1365 2564 1650 2634 presbyter
1679 2562 1811 2617 sub-

209 2656 432 2726 scripsi.
463 2654 819 2712 Flodebertus
857 2657 1144 2728 presbyter
1196 2653 1516 2728 subscripsi.
1579 2653 1812 2710 Alexan-

210 2746 312 2801 der
339 2745 636 2818 presbyter
665 2746 988 2819 subscripsi.
1038 2746 1349 2804 Ansbaldus
1378 2747 1662 2820 presbyter
1685 2746 1812 2802 sub-

205 2837 431 2909 scripsi.
463 2838 716 2896 Gerbaus
735 2841 1023 2911 presbyter
1050 2839 1367 2912 subscripsi.
1401 2839 1664 2894 Anisacar
1691 2838 1810 2894 dia-

209 2943 388 2986 conus
419 2931 741 3002 subscripsi.
773 2931 1045 2988 Rodricus
1074 2931 1336 2988 diaconus
1373 2930 1689 3000 subscripsi.
1716 2929 1810 2984 Vi-

207 3022 410 3080 naldus
450 3023 716 3080 diaconus
769 3023 1092 3094 subscripsi.
1140 3021 1522 3094 Reginhardus
1568 3020 1812 3076 modicus

207 3115 532 3186 subscripsi.
597 3114 902 3171 Leodaldus'
959 3114 1220 3170 diaconus
1294 3111 1611 3183 subscripsi.
1672 3111 1809 3166 Data

209 3205 437 3264 Calend.
468 3205 668 3278 Aprilis
688 3207 745 3262 in
770 3205 859 3262 die
899 3215 1092 3262 sancto
1117 3204 1340 3262 Pascha
1383 3219 1526 3258 anno
1558 3204 1810 3259 incarna.

219 3298 392 3354 tionis
415 3297 712 3354 Dominica'
739 3297 1178 3366 837,1ndictione
1210 3310 1338 3352 vero
1389 3311 1480 3362 xv,
1506 3311 1652 3351 anno
1677 3311 1814 3366 quo-

210 3405 319 3462 que
356 3387 529 3444 XXIII
559 3389 766 3460 imperii
792 3390 998 3446 domini
1022 3389 1190 3446 nostri
1230 3388 1490 3446 Ludovici
1536 3388 1813 3462 gloriosis-

213 3481 339 3538 simi
404 3481 770 3552 imperatoris,
841 3491 899 3538 et
969 3498 1114 3538 anno
1189 3481 1552 3539 ordinationis
1612 3490 1814 3537 nostra

214 3572 428 3643 quinto.
451 3571 646 3628 Actum
677 3587 809 3646 ergo
836 3573 1204 3632 Cenomanica
1244 3574 1302 3630 in
1328 3574 1464 3632 urbe
1515 3572 1732 3646 publice
1757 3573 1815 3630 in

212 3663 313 3722 Dei
340 3663 562 3722 nomine
585 3664 838 3724 feliciter.
867 3667 1060 3725 Amen.

911 3779 1128 3838 XXXII.

213 3911 470 3987 Sequitur
495 3915 764 3988 exemplar
783 3918 1027 3989 pracepti
1066 3916 1281 3971 Domini
1310 3913 1562 3971 Ludovici
1589 3914 1818 3986 impera-

283 3985 440 4051 toris,
452 4003 611 4057 super
621 3999 974 4070 memoratum.
986 3987 1312 4113 privilflqjum
1329 3986 1511 4069 Sancti
1524 3985 1817 4069 Salvatoris

280 4066 330 4110 et
353 4060 736 4112 monachorum
763 4059 903 4113 auod
925 4075 1000 4113 ets
1022 4075 1129 4113 tam
1184 4067 1317 4113 tctus
1330 4057 1578 4113 Aldrtcus
1618 4073 1817 4113 episco-

280 4066 330 4110 et
353 4060 736 4112 monachorum
763 4059 903 4129 quod
925 4057 1000 4114 cis
1012 4058 1129 4129 jam
1146 4057 1317 4113 dictus
1330 4057 1578 4113 Aldricus
1618 4057 1817 4127 episco-

281 4076 330 4110 ει
353 4076 736 4112 monachorum
801 4076 902 4114 uoa
925 4076 1000 4114 ets
1012 4076 1129 4129 1am
1146 4076 1317 4113 atoma
1330 4076 1578 4113 mancus
1618 4076 1765 4127 εριδεε

281 4144 382 4198 pus
405 4129 494 4199 pio
535 4129 730 4199 uirecta
757 4076 901 4201 fecit.
1751 4130 1765 4144 ’

594 4217 754 4291 (Vide
780 4220 872 4276 ubi
908 4234 1093 4292 supra,
1133 4218 1237 4275 col.
1264 4219 1446 4290 I27I.)
1483 4218 1492 4226 ’

895 4355 1136 4412 XXXIII.

212 4489 469 4573 Sequitur
521 4491 920 4573 descriptione
962 4490 1297 4573 cie-emosyna.
1331 4489 1542 4573 prrrfnti
1591 4487 1814 4573 dlldﬁci,

279 4547 523 4634 pra-ﬁsa
543 4547 908 4634 Cenomanica
931 4561 1049 4617 urbi
1069 4547 1317 4634 episcopi,
1330 4547 1558 4634 qualiter
1576 4559 1674 4634 sibi
1696 4547 1812 4614 cre-'
1838 4547 1896 4612 Ι)

281 4629 405 4688 ἄειδ’
433 4632 748 4703 singillatim
779 4634 1035 4702 disposuit
1076 4629 1126 4688 ct
1155 4629 1375 4688 discreta
1413 4629 1610 4687 Christi
1637 4630 1813 4703 famu-

279 4701 588 4829 lis:ch
611 4701 914 4775 famulabus
933 4720 1029 4777 per
1046 4704 1145 4759 hoc
1165 4705 1420 4775 scriptum
1448 4703 1578 4759 dare
1617 4701 1814 4756 consti-

307 4791 362 4831 ut
395 4813 411 4830 .

275 4865 339 4923 1n
369 4867 591 4922 nomine
619 4868 792 4924 sancti
819 4866 1118 4924 Salvatoris
1138 4877 1194 4923 et
1222 4867 1572 4925 veneratione
1602 4875 1812 4922 sancta

167 5015 170 5018 .
205 4956 304 5014 Dei
336 4957 621 5030 genitricis
660 4958 839 5012 Maria
867 4966 1288 5029 sanctorumque
1322 4966 1622 5030 martyrum
1675 4955 1812 5013 Ger-

171 5031 344 5104 .vasii
370 5057 429 5103 et
458 5045 690 5104 Protasii
717 5058 883 5122 atque
901 5048 1074 5104 sancti
1123 5047 1404 5119 Stephani,
1441 5062 1673 5119 quorum
1719 5059 1812 5101 ec-

203 5138 413 5204 clesia,
438 5138 569 5194 licet
598 5139 837 5212 indigne,
867 5140 1113 5196 titulatus
1138 5155 1259 5197 esse
1291 5140 1508 5207 videor,
1551 5137 1814 5195 Aldricus

202 5231 589 5290 Cenomanica
616 5235 769 5291 urbis
795 5243 851 5291 et
868 5235 1142 5306 pradicta
1197 5235 1442 5292 ecclesia
1473 5235 1728 5308 indignus
1758 5244 1816 5291 et

201 5336 467 5398 peccator
526 5326 837 5400 episcopus,
876 5328 1131 5385 omnibus
1171 5329 1228 5384 in
1277 5337 1466 5386 nostra
1495 5329 1718 5387 diacesi
1755 5338 1812 5386 et

203 5418 474 5490 parochia
541 5420 997 5488 consistentibus,
1057 5421 1358 5494 episcopis,
1415 5415 1810 5489 sacerdotibus,

203 5511 558 5582 diaconibus,
603 5514 1048 5585 subdiaconibus,
1103 5527 1160 5575 et
1184 5519 1411 5589 reliquis
1458 5526 1662 5574 sancta
1711 5517 1807 5573 Dei

205 5604 472 5663 Ecclesia
491 5607 776 5675 ministris,
809 5623 904 5666 seu
928 5611 1140 5667 cunctis
1187 5611 1435 5668 ﬁdelibus
1473 5619 1660 5667 notum
1689 5625 1810 5668 esse

208 5698 372 5770 cupio
392 5699 524 5772 quia
555 5708 899 5771 pertractans
924 5717 1110 5760 casum
1154 5704 1408 5760 humana
1473 5702 1806 5775 fragilitatis,

205 5802 318 5851 luta
339 5806 467 5849 cum
502 5791 720 5850 licentia
751 5793 956 5854 domini
985 5796 1245 5854 Ludovici
1294 5796 1525 5872 piissimi
1578 5797 1809 5872 impera-

1912 1915 2389 1982 etcanonicorum,
2408 1917 2522 1972 sive
2547 1917 2880 1974 adminicula
2906 1918 3166 1976 laicorum
3189 1920 3280 1990 qui
3308 1928 3506 1976 nostra

1911 2007 2156 2064 ecclesia
2168 2017 2222 2063 et
2237 2007 2392 2064 nobis
2406 2008 2654 2065 famulari
2671 2011 3118 2078 videntur,necne
3145 2012 3198 2067 in
3217 2012 3505 2069 alimonias

1911 2114 2233 2171 pauperum,
2253 2113 2348 2171 per
2358 2102 2644 2158 consilium
2659 2103 2902 2172 praedicti
2921 2104 3319 2176 metropolitani
3341 2114 3395 2161 et
3409 2121 3508 2176 per

1913 2207 2108 2248 manus
2149 2193 2390 2249 ﬁdelium
2426 2194 2771 2252 sacerdotum
2804 2198 2920 2254 sive
2948 2199 3300 2256 diaconorum
3344 2208 3507 2270 atque

1914 2285 2154 2342 ﬁdelium
2183 2286 2447 2343 laicorum
2475 2289 2566 2358 qui
2591 2289 2658 2343 ad
2695 2289 2798 2346 hoc
2821 2293 3188 2364 peragendum
3230 2309 3261 2347 a
3298 2307 3384 2347 me
3411 2293 3506 2350 de-

1913 2377 2178 2432 nominati
2208 2386 2262 2434 et
2296 2379 2574 2434 constituti
2603 2379 2839 2446 fuerint,
2870 2381 3099 2438 ﬁdeliter
3127 2391 3183 2438 et
3207 2383 3506 2440 rationabi-

1912 2467 2038 2524 liter
2077 2470 2131 2524 in
2179 2485 2343 2541 supra
2377 2471 2687 2528 nominatas
2728 2472 2989 2529 utilitates
3015 2483 3072 2530 et
3118 2475 3507 2540 necessitates,

1913 2561 2053 2616 sicut
2095 2561 2147 2616 in
2191 2562 2647 2634 subsequentibus
2676 2564 2950 2630 dicemus,
2994 2565 3406 2632 distribuantur,
3455 2566 3509 2622 id

1913 2659 2018 2718 est,
2051 2651 2314 2724 quidquid
2345 2662 2472 2710 tunc
2506 2656 2764 2726 temporis
2801 2656 2857 2710 in
2904 2663 3091 2711 nostro
3124 2656 3396 2728 ergastulo
3442 2655 3509 2712 de

1912 2747 2158 2818 pecuniis
2204 2747 2404 2804 diversi
2452 2748 2668 2819 generis
2727 2757 2782 2804 et
2825 2749 3169 2804 vestimentis
3229 2749 3510 2804 inventura

1913 2836 2098 2904 fuerit,
2137 2845 2248 2893 tota
2271 2838 2481 2895 decima
2517 2854 2645 2909 pars
2684 2839 3042 2894 distribuatur
3072 2838 3315 2894 ecclesia:
3344 2853 3508 2908 quam

1915 2929 2144 2985 fecimus
2190 2945 2354 3000 super
2393 2930 2616 2986 ﬂuvium
2643 2931 2876 2998 Sartha,
2923 2933 2976 2987 in
3017 2931 3136 2988 loco
3172 2931 3265 3003 qui
3304 2930 3507 2987 dudum

1914 3021 2129 3078 Broilus
2149 3022 2361 3078 Casalis
2385 3023 2785 3090 nominabatur,
2813 3041 2976 3095 quam
3009 3033 3066 3080 et
3090 3024 3144 3079 in
3168 3024 3374 3080 honore
3398 3023 3505 3079 Do-

1915 3112 2046 3168 mini
2081 3112 2380 3170 Salvatoris
2409 3123 2464 3169 et
2491 3123 2694 3170 sancta
2721 3113 2817 3170 Dei
2849 3115 3131 3187 genitricis
3160 3114 3364 3180 Maria,
3395 3115 3512 3170 sive

1918 3213 2232 3261 sanctorum
2286 3213 2584 3278 martyrum
2633 3205 2880 3261 Gervasii
2935 3215 2992 3260 et
3046 3204 3279 3261 Protasii
3347 3215 3510 3274 atque

1918 3299 2096 3353 sancti
2154 3296 2414 3368 Stephani
2458 3298 2661 3370 indigni
2710 3299 3078 3365 sacravimus,
3129 3307 3184 3354 et
3229 3297 3512 3354 menachis

1918 3387 1992 3444 ibi
2029 3387 2260 3444 Domino
2303 3387 2692 3444 famulantibus
2721 3387 2954 3444 fideliter
2993 3397 3050 3443 et
3091 3405 3214 3444 cum
3243 3389 3512 3446 charitate

1916 3477 2225 3544 tribuatur,
2275 3493 2420 3533 nona
2457 3493 2588 3534 vero
2630 3494 2756 3549 pars
2799 3478 3043 3534 ecclesia:
3079 3495 3244 3551 quam
3284 3477 3528 3536 fecimus

1917 3569 2063 3627 inter
2087 3568 2310 3626 ﬂuvium
2343 3569 2557 3626 Sartha
2586 3580 2643 3626 et
2678 3587 2894 3627 murum
2934 3572 3171 3628 civitatis
3189 3612 3206 3640 ,
3235 3573 3290 3628 in
3321 3583 3429 3643 qua
3456 3581 3514 3630 et

1916 3666 2212 3722 monachas
2237 3663 2652 3740 collocavimus,
2688 3673 2744 3721 et
2769 3665 2871 3721 sub
2900 3665 3086 3737 regula
3128 3665 3303 3721 sancti
3337 3665 3512 3721 Bene-

1917 3756 2050 3812 dicti
2076 3757 2259 3813 vivere
2287 3756 2656 3824 decrevimus,
2687 3773 2852 3828 quam
2893 3765 2949 3813 et
2977 3757 3031 3812 in
3068 3757 3274 3814 honore
3312 3756 3512 3828 pradi-

1918 3847 1992 3902 cti
2024 3848 2238 3904 Domini
2278 3845 2583 3904 Salvatoris
2610 3856 2666 3904 et
2693 3857 2896 3906 sancta
2931 3848 3113 3904 Maria
3137 3848 3376 3918 eiusdem
3415 3848 3513 3905 Dei

1918 3950 1975 3998 et
2001 3943 2214 3999 Domini
2248 3943 2526 4015 genitricis
2553 3943 2668 3999 sive
2704 3954 3014 4000 sanctorum
3045 3953 3346 4016 martyrum
3373 3943 3512 4000 Ger-

1917 4034 2055 4089 vasii
2092 4043 2148 4089 et
2175 4033 2411 4090 Protasii
2436 4034 2531 4089 sed
2559 4041 2614 4090 et
2656 4035 2833 4090 sancti
2867 4028 3166 4106 Stephani,
3202 4051 3320 4106 qua
3349 4036 3510 4092 matri

1919 4123 2162 4181 ecclesia
2189 4124 2435 4196 subjecta
2464 4138 2587 4180 esse
2613 4125 2856 4192 videtur,
2896 4126 3098 4197 indigni
3124 4127 3383 4182 canonice
3417 4143 3508 4182 sa-

1919 4217 2191 4272 cravimus
2210 4257 2226 4284 ,
2263 4225 2319 4273 et
2342 4217 2625 4272 monachis
2643 4258 2658 4283 ,
2689 4217 3210 4283 sanctimonialibus,
3235 4219 3348 4274 sive
3373 4235 3510 4274 cun-

1919 4316 2021 4364 cta
2047 4309 2455 4381 congregationi
2487 4309 2685 4364 ibidem
2715 4308 2943 4364 Domino
2970 4308 3253 4364 famulanti
3283 4310 3514 4367 ﬁdeliter

1919 4411 2121 4458 etcum
2157 4403 2426 4459 charitate
2475 4404 2681 4474 absque
2715 4402 2821 4458 ulla
2851 4402 3110 4460 dilatione
3155 4413 3251 4459 aut
3272 4403 3514 4475 prohibi-

1922 4497 2070 4554 tione
2091 4496 2176 4552 vel
2200 4497 2587 4569 impedimento
2617 4496 2963 4553 attribuatur.
2998 4495 3076 4551 De
3102 4495 3312 4568 reliquo
3347 4509 3473 4552 vero
3492 4535 3510 4565 ,

1922 4597 2131 4645 tantum
2155 4589 2301 4661 quod
2329 4590 2383 4644 in
2410 4589 2684 4661 ergastulo
2714 4589 2993 4646 inventum
3020 4589 3213 4655 fuerit,
3241 4587 3394 4660 juxta
3421 4591 3513 4646 de-

1917 4690 2068 4740 creta
2098 4697 2392 4749 canonum,
2417 4693 2650 4754 quatuor
2672 4684 2950 4755 portiones
2980 4683 3110 4737 ﬁant
3137 4690 3247 4738 tam
3287 4683 3354 4738 de
3379 4698 3513 4740 auro

1917 4789 2080 4846 quam
2125 4783 2181 4830 et
2228 4775 2296 4831 de
2340 4785 2605 4848 argento,
2657 4776 2770 4832 sive
2798 4777 2866 4832 de
2894 4779 3106 4833 cateris
3153 4777 3388 4833 metallis
3428 4777 3514 4832 vel

1916 4866 2243 4922 utensilibus
2271 4874 2327 4923 et
2353 4865 2552 4922 diversi
2583 4868 2796 4938 generis
2824 4869 3163 4926 vestimentis
3192 4879 3248 4926 et
3279 4869 3514 4939 supelle-

1917 4960 2137 5017 ctilibus
2160 4959 2450 5016 omnibus:
2475 4975 2581 5014 una
2617 4975 2738 5030 qua
2783 4960 3327 5018 remaneatecclesia
3356 4958 3514 5014 nobis

1917 5053 2257 5120 commissa,
2303 5052 2408 5108 alia
2445 5068 2577 5110 vero
2618 5053 2671 5108 in
2720 5063 2906 5110 nostra
2963 5055 3304 5127 eleemosyna
3356 5053 3513 5108 detur

1921 5146 2169 5204 ﬁdelibus
2197 5149 2547 5219 pauperibus,
2579 5149 2742 5204 tertia
2771 5158 2952 5206 autem
2977 5149 3186 5206 clericis
3220 5145 3515 5217 capellanis

1919 5247 1976 5294 et
2014 5237 2268 5294 vassallis
2309 5238 2543 5304 nostris,
2589 5249 2782 5310 quarta
2827 5240 3159 5313 presbyteris
3198 5236 3422 5292 urbanis
3459 5244 3514 5293 et

1919 5329 2394 5386 monasterialibus
2431 5331 2546 5387 sive
2583 5332 2911 5390 suburbanis
2954 5341 3116 5408 atque
3157 5328 3380 5400 reliquis
3412 5344 3504 5400 pa-

1921 5423 2196 5478 rochianis
2235 5431 2292 5478 et
2332 5422 2653 5480 diaconibus
2705 5439 2801 5480 seu
2841 5421 3258 5480 subdiaconibus
3302 5435 3513 5478 necnon

1913 5528 1970 5574 et
1992 5502 2219 5589 reliquis
2241 5517 2506 5574 ministris
2528 5527 2582 5572 et
2611 5517 2844 5580 clericis,
2870 5525 2928 5569 ut
2957 5513 3150 5570 melius
3172 5514 3289 5570 ﬁeri
3317 5528 3508 5586 potue-

1915 5611 2007 5666 rit.
2040 5609 2176 5665 Nam
2216 5595 2396 5666 ethoc
2425 5604 2770 5679 Summopere
2796 5607 3086 5662 videndum
3117 5617 3222 5676 est,
3248 5622 3306 5664 ut
3328 5608 3507 5664 omnia

1914 5717 2037 5758 cum
2071 5701 2339 5758 charitate
2369 5701 2524 5756 ﬁant.
2557 5695 2904 5756 Similiter'et
2927 5698 2993 5754 de
3020 5698 3146 5756 vino
3169 5699 3508 5756 solummodo

1911 5794 2055 5866 quod
2102 5802 2211 5852 tam
2253 5793 2312 5852 in
2343 5793 2563 5852 civitate
2585 5793 2835 5874 quamet
2876 5788 2934 5850 iu
2957 5791 3078 5867 ejus
3120 5791 3237 5850 ruis
3267 5803 3398 5849 tunc
3425 5789 3505 5852 iw
