4044 6326
528 314 607 380 67
1563 317 1841 376 ALDRlCl
1874 310 2405 373 cnnomamsasrs
2440 316 2746 373 EPISCOPI

3756 316 3844 385 68

526 449 752 502 ventum
779 439 943 496 fuerit
970 434 1276 497 faciendum
1305 418 1415 504 est,
1458 435 1510 491 id
1543 446 1658 503 est,
1690 412 1867 492 omnis
1898 404 2112 487 decima
2141 438 2189 498 Α
2216 437 2534 485 cunctorum
2570 431 2779 489 valeam
2821 430 3106 506 percipere
3151 442 3521 509 peccatorum,
3550 440 3607 499 et
3638 440 3843 501 vitam

526 535 773 612 pradicti
802 534 913 591 vini
937 535 1096 590 detur
1120 533 1402 589 monachis
1427 532 1589 597 viris,
1631 540 1685 585 et
1712 544 1851 585 nona
1878 526 2117 583 funditus

526 631 690 687 detur
712 627 996 684 monachis
1020 625 1234 680 feminis
1255 625 1308 679 in
1334 622 1604 697 praedictis
1627 620 1760 676 locis
1778 618 2113 689 degentibus;

528 720 797 792 reliquum
832 727 1011 773 autem
1049 717 1103 771 in
1136 724 1369 787 quatuor
1416 720 1597 784 partes
1644 710 1915 766 dividatur
1954 717 2027 771 et,
2059 720 2120 765 ut

526 812 905 889 pmoscriptum
925 818 1028 871 est,
1059 808 1327 879 partiatur
1353 803 1692 874 fideliterque
1723 811 1779 858 et
1797 801 2116 861 cumcbari-

528 913 638 961 tate
676 919 774 976 per
800 902 1055 976 praefixas
1080 910 1308 964 turmas,
1345 912 1443 952 ceu
1474 895 1540 951 de
1574 894 1820 968 pecuniis
1849 894 1904 949 in
1930 902 2121 950 nostro

528 997 764 1054 inventis
811 994 1087 1068 ergastulo
1114 992 1316 1047 dictum
1357 998 1472 1055 est,
1512 987 1908 1043 rationabiliter
1936 985 2119 1042 distri-

526 1090 746 1147 buatur.
778 1087 857 1144 De
886 1088 1014 1142 vino
1043 1097 1256 1155 quoque
1278 1081 1421 1153 quod
1449 1078 1503 1135 in
1533 1080 1754 1136 civitate
1782 1087 1838 1133 et
1859 1077 1976 1149 ejus
2002 1076 2117 1134 ruis

527 1195 655 1243 tunc
684 1184 942 1256 temporis
966 1180 1129 1238 fuerit
1154 1180 1435 1235 inventum
1468 1174 1564 1231 ﬁat
1589 1183 1649 1231 ut
1671 1175 1874 1230 dictum
1912 1182 2015 1230 est.
2038 1173 2117 1229 De

525 1277 735 1349 reliquo
765 1286 946 1332 autem
968 1274 1093 1329 vino
1142 1278 1361 1336 cuncto,
1406 1268 1551 1325 etde
1596 1266 1828 1325 annonis
1866 1266 2117 1321 omnibus

524 1370 724 1427 diversi
744 1368 982 1441 generis,
1002 1376 1058 1422 et
1079 1362 1441 1435 leguminibus
1469 1362 1584 1418 sive
1609 1360 1748 1417 fenis
1782 1376 1883 1432 per
1902 1358 2115 1415 diversa

521 1461 638 1517 loca
665 1470 718 1516 et
753 1461 807 1515 in
837 1459 1092 1516 omnibus
1116 1456 1259 1512 villis
1280 1454 1483 1511 nostris
1510 1453 1777 1524 nobisque
1810 1450 2116 1508 commissis

520 1551 833 1619 reconditis,
857 1549 1108 1606 volumus
1125 1557 1290 1619 atque
1311 1546 1664 1617 prtecipimus
1695 1544 2115 1616 suppliciterque

518 1638 825 1716 ﬂagitamus
850 1651 912 1697 ut
935 1640 1122 1697 decem
1146 1647 1332 1712 partes
1360 1638 1494 1694 fiant
1513 1653 1668 1708 aequa
1693 1637 1850 1693 lance
1873 1634 2112 1692 divisas:

517 1752 625 1791 una
681 1733 934 1789 videlicet
979 1731 1214 1787 ﬁdeliter
1278 1738 1527 1787 servetur
1567 1728 1731 1783 matri
1772 1726 2019 1783 ecclesiae
2059 1734 2115 1782 et

2217 520 2448 590 habere,
2499 535 2774 582 annuente
2827 527 3086 597 Domino,
3140 546 3355 588 merear
3400 537 3841 607 sempiternam.

2218 612 2360 683 Fiat,
2384 616 2496 671 fiat.
2525 618 2730 691 Grech
2753 627 2932 675 autem
2952 620 3321 689 jumentorum
3344 643 3447 682 una
3471 643 3594 684 cum
3617 644 3840 688 eorum

2219 709 2539 776 amissariis,
2583 719 2641 766 et
2678 726 2968 767 vaccarum
3000 729 3065 770 ac
3118 715 3282 771 boum
3342 732 3441 772 seu
3491 733 3837 791 porcorum,

2219 809 2277 857 et
2306 803 2486 857 ovium
2520 803 2637 860 sive
2672 819 2984 875 caprarum,
3025 807 3118 878 qui
3150 820 3275 864 sunt
3302 809 3356 864 in
3383 811 3564 868 Breim
3593 814 3649 870 in
3676 831 3835 871 con-

2218 890 2328 948 dita
2364 892 2727 963 Noviacense,
2766 904 2822 952 et
2853 896 2909 953 in
2951 896 3202 955 Proliaco
3241 900 3384 958 infra
3432 903 3613 960 villam
3646 906 3836 976 quin—

2218 991 2348 1048 tam,
2379 1000 2473 1041 seu
2514 987 2568 1041 in
2615 987 2897 1044 Novavilla
2950 1006 3115 1062 super
3151 990 3375 1050 ﬂuvium
3431 990 3667 1065 Sarthte,
3699 998 3843 1058 sive

2217 1074 2273 1132 in
2310 1075 2565 1147 Cavania,
2595 1088 2650 1136 et
2670 1080 2725 1135 in
2752 1079 2953 1154 Cepeto
2974 1097 3137 1153 supra
3161 1083 3436 1152 Sartham,
3467 1096 3525 1143 et
3552 1088 3608 1144 in
3636 1088 3833 1145 Βηιο-

2216 1171 2302 1227 nis
2323 1171 2515 1228 villare
2544 1173 2598 1228 in
2637 1173 2813 1241 Belsa,
2837 1182 2892 1231 et
2921 1175 2975 1229 in
3006 1176 3176 1232 altero
3225 1174 3471 1234 Proliaco
3519 1194 3687 1252 super
3714 1178 3836 1237 ﬂu-

2215 1264 2415 1321 violum
2440 1264 2691 1335 Viduam,
2747 1266 2991 1326 ecclesiae
3021 1270 3179 1325 nobis
3199 1271 3505 1329 commissa:
3530 1282 3586 1331 et
3622 1283 3835 1334 nostro

2215 1359 2517 1414 successori
2543 1375 2668 1415 cum
2697 1361 2846 1416 omni
2894 1359 3210 1435 integritate
3240 1364 3596 1435 possidendos
3620 1377 3677 1424 et
3706 1364 3834 1423 uti-

2219 1444 2349 1505 liter
2401 1450 2693 1509 lucrandos
2735 1460 2787 1507 et
2840 1450 3223 1525 gubernandos
3273 1457 3651 1529 relinquimus.
3699 1458 3831 1533 Ego

2214 1548 2395 1596 autem
2424 1541 2480 1596 in
2512 1550 2623 1598 toto
2661 1542 2934 1614 episcopio
2965 1559 3071 1600 non
3097 1544 3279 1603 inveni
3310 1549 3499 1620 viginti
3533 1549 3825 1623 jumenta.

2215 1626 2375 1688 Modo
2419 1633 2529 1689 Deo
2567 1635 2771 1707 gratias
2823 1644 3029 1711 septem
3078 1624 3142 1693 'ei
3192 1637 3441 1711 relinquo
3467 1658 3662 1715 greges
3706 1659 3829 1702 una

2214 1742 2339 1783 cum
2369 1742 2558 1783 eorum
2600 1728 2903 1786 amissariis
2931 1746 2946 1796 ;
2976 1744 3152 1802 neque
3174 1731 3230 1788 in
3260 1741 3373 1790 toto
3416 1736 3693 1808 episcopio
3714 1754 3825 1797 no-

515 1828 677 1885 beato
702 1826 1004 1884 successori
1040 1832 1228 1882 nostro
1265 1839 1425 1897 quem
1454 1822 1716 1878 Dominus
1756 1821 2021 1894 elegerit,
2058 1822 2188 1884 etB
2213 1819 2299 1876 bis
2346 1822 2638 1878 commisso
2677 1837 2746 1877 ex
2786 1820 3041 1880 omnibus
3068 1826 3359 1896 pecoribus
3401 1826 3485 1884 vel
3512 1830 3825 1900 pecudibus

521 1919 625 1976 alia
653 1920 813 1977 detur
834 1918 1082 1976 vassallis
1100 1926 1156 1976 et
1174 1916 1467 1990 capellanis
1490 1916 1603 1973 sive
1626 1915 1990 1973 servientibus
2014 1915 2109 1986 qui

523 2017 756 2076 Domino
779 2014 1047 2089 nobisque
1069 2015 1124 2071 in
1153 2023 1339 2071 nostra
1368 2010 1745 2068 mansiuncula
1773 2009 2010 2065 militare
2032 2009 2111 2064 vi-

517 2106 738 2175 dentur,
776 2116 836 2162 ut
879 2120 989 2162 non
1029 2106 1132 2178 ipsi
1158 2104 1359 2177 quique
1383 2145 1397 2172 ,
1443 2102 1587 2176 quod
1625 2102 1798 2169 absit,
1843 2100 1898 2156 in
1928 2100 2112 2173 aliquo

512 2200 889 2274 periclitentur
935 2198 1117 2270 inopia
1145 2239 1160 2265 ,
1212 2197 1306 2254 sed
1349 2196 1586 2253 habeant
1629 2195 1773 2251 unde
1816 2193 2111 2251 sustentari

516 2300 718 2364 queant
742 2307 1024 2363 usquequo
1069 2304 1129 2346 se
1161 2306 1284 2346 cum
1332 2300 1521 2345 $30010
1565 2304 1882 2345 successore
1923 2299 2111 2344 11081.ΐο

511 2401 640 2442 mox
660 2383 842 2440 futuro
869 2384 1152 2450 collocare,
1185 2378 1415 2439 Domino
1444 2382 1758 2452 adjuvante,
1784 2381 1993 2437 utiliter
2016 2396 2112 2437 va-

511 2474 677 2533 leant.
714 2474 900 2533 Tertia
944 2476 1213 2532 tribuatur
1257 2474 1533 2532 canonicis
1573 2482 1630 2531 et
1662 2472 1877 2529 famulis
1907 2482 2112 2530 sanctae

513 2565 705 2622 matris
732 2566 978 2623 ecclesiae
1025 2576 1081 2623 et
1136 2568 1406 2624 nonnanis
1462 2581 1582 2638 quae
1628 2567 1686 2621 in
1742 2582 1807 2623 ea
1868 2566 2111 2636 quotidie

509 2659 814 2717 oblationes
843 2662 1072 2716 Domino
1097 2660 1334 2716 oﬂ‘erunt
1354 2702 1370 2729 ,
1397 2669 1457 2715 ut
1490 2669 1545 2717 et
1566 2675 1668 2731 pro
1700 2676 1789 2717 me
1816 2671 2107 2732 peccatore

512 2748 710 2807 futuris
750 2751 1087 2823 temporibus
1134 2751 1365 2807 Domino
1411 2749 1608 2806 offerre
1636 2752 1717 2807 eis
1761 2750 1993 2807 delectet
2016 2766 2108 2806 eo-

513 2857 634 2897 rum
661 2840 985 2897 oblationes.
1018 2839 1223 2909 Quarta
1251 2840 1517 2912 largiatur
1546 2841 1828 2897 monachis
1857 2841 1949 2912 qui
1982 2850 2111 2897 sunt

512 2935 571 2992 in
594 2939 929 2994 monasterio
957 2938 1131 2993 sancti
1158 2934 1434 3009 Carilephi
1477 2947 1532 2992 et
1576 2936 1877 3008 ingressive
1921 2936 1974 2991 in
2003 2935 2108 2991 Sa-

513 3032 757 3091 vonariis
780 3042 941 3103 atque
968 3032 1476 3087 sanctimonialibus
1502 3031 1788 3088 monachis
1826 3046 1947 3102 quae
1981 3038 2112 3085 sunt

516 3123 810 3183 lntramnis
855 3123 1209 3183 monasterio.
1256 3124 1452 3192 Quinta
1482 3124 1641 3180 detur
1680 3124 1963 3181 monachis
1989 3138 2110 3195 quae

2214 1921 2425 1970 tantum
2447 1916 2629 1972 inveni
2655 1925 2918 1988 quantum
2940 1919 3121 1987 modo,
3147 1919 3377 1978 Domino
3405 1923 3728 1992 auxiliante,
3758 1926 3820 1981 iu

2212 2020 2321 2059 una
2351 2021 2420 2061 ex
2449 2004 2775 2078 supradictis
2819 2006 3021 2065 villulis
3056 2009 3307 2082 relinquo
3332 2027 3402 2068 ex
3427 2012 3513 2070 his
3541 2029 3664 2085 quae
3686 2029 3820 2072 meo

2209 2097 2389 2171 pretio
2416 2099 2729 2172 comparavi
2763 2109 2819 2157 et
2842 2116 2964 2159 meo
2993 2101 3182 2160 labore
3211 2105 3498 2176 acquisivi.
3524 2106 3653 2164 Ideo
3680 2124 3819 2180 sup—

2210 2188 2333 2262 plex
2359 2188 2542 2263 ﬂagito
2559 2207 2628 2247 ne
2650 2191 2809 2249 alicui
2832 2188 3029 2251 durum
3062 2204 3157 2252 aut
3182 2196 3519 2255 contrarium
3557 2199 3630 2256 sit
3668 2199 3716 2256 si
3743 2215 3814 2257 ea

2211 2301 2332 2357 qua:
2356 2302 2476 2343 meo
2502 2287 2700 2345 sudore
2727 2291 3014 2362 acquisivi,
3040 2301 3096 2347 et
3120 2307 3244 2349 meo
3273 2293 3450 2364 pretio
3470 2296 3813 2365 comparavi,

2211 2380 2349 2435 meis
2420 2380 2859 2451 benefactoribus
2929 2384 3109 2441 tribuo
3158 2392 3212 2441 et
3248 2384 3383 2442 mihi
3444 2387 3815 2444 servientibus

2211 2475 2375 2540 dono,
2401 2482 2565 2546 atque
2596 2475 2824 2533 Domino
2868 2475 3145 2535 oﬂ‘erendo
3186 2479 3242 2534 in
3290 2494 3413 2534 mea
3457 2478 3813 2552 eleemosyna

2209 2566 2443 2623 fideliter
2462 2569 2711 2625 distribui
2732 2570 3008 2643 praecipio,
3060 2580 3115 2627 et
3135 2588 3234 2644 pro
3271 2572 3643 2646 redemptione
3668 2576 3817 2631 mul-

2210 2668 2389 2717 torum
2419 2672 2475 2718 et
2502 2663 2977 2721 innumerabilium
2998 2672 3346 2737 peccatorum
3397 2683 3645 2724 meorum
3687 2668 3813 2725 dari

2215 2754 2311 2812 Dei
2334 2757 2508 2812 servis
2531 2766 2587 2812 et
2609 2759 2938 2831 pauperibus
2971 2760 3253 2817 humiliter
3280 2748 3543 2834 supplico.
3562 2762 3644 2818 llli
3675 2777 3815 2835 ergo

2210 2862 2401 2919 greges
2451 2849 2821 2920 jumentorum
2868 2867 2975 2907 una
3003 2866 3128 2908 cum
3171 2868 3362 2911 eorum
3409 2853 3715 2911 amissariis
3753 2862 3819 2912 et

2209 2956 2499 2997 vaccarum
2527 2958 2592 2998 ac
2618 2943 2780 2999 boum
2832 2959 2928 3000 seu
2981 2960 3271 3015 porcorum
3320 2953 3378 3003 et
3423 2947 3605 3003 ovium
3640 2955 3817 3018 atque

2210 3051 2496 3106 caprarum
2519 3036 2613 3107 qui
2643 3045 2769 3092 sunt
2799 3036 2854 3092 in
2884 3036 3279 3106 Alamaniscas,
3305 3045 3363 3095 et
3394 3038 3473 3094 illi
3508 3053 3701 3115 greges
3716 3037 3812 3110 ju-

2211 3135 2521 3183 mentorum
2581 3143 2687 3183 una
2740 3143 2863 3183 cum
2931 3143 3123 3185 eorum
3177 3129 3478 3187 amissariis
3524 3138 3580 3186 et
3639 3130 3811 3189 boum

513 3224 642 3274 sunt
686 3215 741 3270 in
789 3216 1122 3272 monasterio
1169 3216 1339 3271 sancti
1372 3214 1671 3272 Salvatoris
1715 3218 1880 3288 paulo
1929 3217 2109 3273 minus
2135 3206 2181 3271 C
2213 3219 2495 3289 utriusque
2509 3234 2689 3287 sexus,
2710 3228 2766 3275 et
2777 3235 3069 3293 porcorum
3089 3220 3207 3277 sive
3222 3221 3409 3278 ovium
3428 3229 3595 3293 atque
3613 3237 3814 3294 capra-

513 3305 771 3363 milliario
790 3306 860 3362 ab
881 3306 1016 3362 urbe
1049 3306 1287 3362 distante
1324 3322 1487 3378 super
1523 3306 1744 3363 ﬂuvium
1782 3306 2021 3375 Sarthae,
2052 3319 2109 3365 et

512 3397 620 3455 illis
669 3398 952 3455 monachis
997 3413 1117 3469 qua:
1164 3408 1292 3456 sunt
1332 3399 1389 3454 in
1420 3408 1611 3457 sancto
1642 3398 1926 3455 Vincentio
1953 3397 2111 3468 juxta

513 3490 738 3556 urbem,
792 3504 890 3545 seu
937 3488 1446 3549 sanctimonialibus
1489 3489 1773 3546 monachis
1809 3505 1932 3562 quae
1982 3498 2113 3546 sunt

512 3583 570 3640 in
613 3583 944 3639 monasterio
990 3581 1177 3640 Sancti
1229 3583 1531 3640 Salvatoris
1575 3592 1630 3639 et
1670 3582 1885 3638 Sanctae
1926 3581 2110 3640 Maria:

513 3675 629 3733 sive
651 3674 837 3732 Sancti
862 3675 1109 3732 Gervasii
1142 3675 1285 3732 inter
1312 3676 1535 3731 ﬂuvium
1567 3674 1781 3731 Sarthae
1808 3685 1865 3730 et
1892 3691 2109 3732 murum

504 3770 757 3829 civitatis
776 3770 1059 3829 collocato.
1102 3770 1267 3828 Sexta
1308 3771 1820 3844 congregationibus
1849 3787 1972 3843 quae
2011 3786 2112 3843 per

516 3871 715 3919 caetera
746 3863 962 3921 diversa
1000 3865 1354 3932 monasteria,
1388 3873 1496 3919 tam
1534 3863 1588 3918 iu
1624 3862 1986 3919 Cenomanica
2015 3878 2112 3936 pa-

516 3957 701 4013 rocbia
744 3973 905 4028 quam
953 3965 1011 4014 et
1056 3958 1113 4013 in
1152 3974 1291 4030 pago
1334 3957 1647 4024 Andecavo,
1681 3958 1796 4013 sive
1839 3955 2111 4015 Turonico

515 4059 678 4122 atque
706 4049 1034 4118 Oxomense,
1075 4059 1131 4107 et
1173 4065 1271 4122 per
1291 4059 1520 4108 caeteros
1546 4066 1714 4123 pagos
1740 4051 1971 4109 Domino
2008 4051 2111 4108 mi-

513 4140 800 4199 litantibus
832 4142 1087 4209 ﬁdeliter,
1115 4144 1169 4198 in
1200 4150 1463 4214 quantum
1493 4159 1657 4215 posse
1677 4153 1735 4199 et
1767 4159 1890 4201 esse
1935 4145 2113 4202 facul.

517 4244 607 4293 tas
654 4236 933 4303 tribuerit,
979 4252 1104 4293 cum
1149 4236 1297 4293 omni
1340 4237 1669 4294 discretione
1715 4238 2112 4296 rationabiliter

516 4330 807 4386 tribuatur.
866 4329 1108 4402 Septima
1173 4330 1507 4401 presbyteris
1550 4337 1607 4384 et
1657 4329 1977 4387 diaconibus
2040 4347 2110 4388 ac

514 4421 740 4492 reliquis
801 4420 1021 4478 clericis
1071 4430 1259 4478 nostra
1316 4422 1372 4477 in
1422 4422 1682 4493 parochia
1732 4422 1961 4479 Domino
2012 4438 2111 4495 per

515 4513 805 4571 diversitas
849 4514 1108 4571 ecclesias
1157 4515 1518 4570 militantibus
1571 4516 1805 4572 discrete
1825 4524 1881 4573 et
1937 4516 2105 4573 ratio-

2214 3325 2336 3365 rum
2391 3310 2485 3381 qui
2535 3320 2663 3366 sunt
2700 3312 2756 3367 in
2782 3311 3057 3369 Drimiaco
3103 3311 3259 3381 juxta
3309 3311 3626 3382 Mantulam,
3663 3322 3723 3369 et
3749 3313 3813 3370 in

2213 3399 2467 3467 Paciaco,
2494 3400 2547 3456 in
2571 3401 2714 3457 villa:
2756 3402 3008 3459 videlicet
3053 3411 3210 3474 parte
3238 3418 3402 3475 quam
3431 3403 3607 3461 David
3644 3403 3811 3463 modo

2213 3494 2482 3567 providet,
2513 3494 2774 3553 fratribus
2815 3504 2873 3552 et
2909 3494 3193 3552 canonicis
3237 3497 3440 3554 nostris
3486 3512 3613 3554 cum
3656 3498 3812 3555 omni

2216 3586 2530 3659 integritate
2554 3590 2758 3660 absque
2782 3589 2891 3645 ulla
2913 3589 3174 3646 dilatione
3202 3589 3318 3646 sive
3356 3590 3718 3648 diminutione
3734 3590 3813 3647 ii-

2214 3677 2409 3734 deliter
2438 3688 2637 3735 etcum
2672 3681 2822 3737 omni
2865 3681 3131 3741 charitate
3174 3682 3387 3739 dentur.
3436 3681 3517 3738 llli
3568 3698 3808 3755 namque

2212 3785 2408 3842 greges
2448 3769 2819 3841 jumentorum
2872 3790 2979 3829 una
3020 3788 3145 3830 cum
3189 3789 3379 3832 eorum
3407 3774 3710 3832 amissariis
3752 3782 3811 3833 et

2211 3865 2375 3921 boum
2406 3865 2694 3937 utriusque
2720 3868 2961 3938 generis,
3020 3882 3119 3924 seu
3176 3884 3471 3940 porcorum
3514 3877 3571 3925 et
3620 3869 3821 3925 evinxit

2214 3964 2380 4027 atque
2401 3972 2715 4030 caprarum,
2746 3959 2841 4030 qui
2868 3966 2994 4015 sunt
3023 3959 3164 4015 infra
3189 3960 3578 4017 monasterium
3629 3960 3807 4017 sancti

2213 4044 2510 4121 Carilephi,
2566 4056 2623 4104 et
2677 4049 2732 4104 in
2775 4049 2900 4104 villa
2921 4048 3193 4118 Floriaco,
3227 4052 3356 4108 etin
3379 4050 3709 4120 Conﬂentio,
3750 4059 3809 4109 et

2212 4136 2269 4192 in
2293 4138 2419 4193 villa
2450 4137 2622 4194 Mauri
2644 4148 2700 4196 et
2729 4140 2787 4195 in
2819 4139 3060 4207 Comnis,
3101 4149 3157 4197 et
3180 4143 3236 4198 in
3276 4142 3466 4199 villare
3495 4142 3707 4211 Martis,
3751 4151 3810 4200 et

2211 4227 2504 4298 Rusciaco,
2530 4240 2586 4287 et
2610 4231 2667 4287 in
2697 4246 2890 4303 campo
2921 4230 3203 4304 Sigalaici,
3226 4241 3283 4287 et
3311 4234 3365 4289 in
3414 4234 3503 4290 illa
3525 4234 3664 4291 cella
3690 4235 3809 4292 sive

2212 4320 2267 4376 in
2289 4322 2652 4390 Cantarnaco,
2693 4332 2856 4394 atque
2886 4323 2939 4378 in
2969 4324 3200 4381 diversis
3235 4326 3610 4383 mansionibus
3656 4327 3809 4383 circa

2210 4414 2605 4470 monasterium
2628 4414 2977 4481 constructis,
3005 4430 3197 4473 omnes
3237 4417 3587 4489 integerrime
3610 4432 3811 4477 mona-s

2213 4502 2333 4560 cbis
2365 4503 2897 4576 quiinmonasterio
2913 4506 3091 4562 sancti
3138 4505 3413 4579 Carilephi
3463 4518 3517 4565 et
3559 4509 3619 4565 in
3665 4509 3806 4568 cella

515 4606 769 4663 nabiliter
808 4607 1080 4662 tribuetur
1104 4647 1121 4675 ,
1166 4616 1228 4663 ut
1273 4607 1355 4664 eis
1396 4622 1612 4680 semper
1652 4624 1752 4681 pro
1800 4609 2108 4667 miserrimo

2213 4610 2336 4666 qua:
2386 4594 2715 4651 Savonarias
2750 4606 2979 4652 vocatur
3028 4598 3257 4655 Domino
3298 4599 3552 4656 militanti
3599 4601 3809 4676 absque

514 4710 819 4771 peccatore.
852 4699 1084 4756 delectet
1123 4715 1284 4755 orare
1330 4707 1385 4755 et
1426 4700 1692 4758 sacrificia
1741 4701 1974 4757 Domino
2018 4718 2107 4759 as-

516 4790 673 4849 sidua
703 4789 899 4847 offerre
926 4831 941 4858 ,
979 4800 1033 4847 et
1059 4789 1218 4848 ﬂexis
1244 4790 1539 4863 poplitibus
1559 4808 1755 4865 precor
1780 4803 1841 4850 ut
1868 4795 1950 4851 eis
1974 4797 2106 4853 assi-

516 4887 622 4944 due
658 4901 823 4959 agere
849 4888 1162 4945 suadeatur.
1205 4887 1428 4956 Octava,
1479 4897 1542 4945 ut
1578 4889 1835 4957 diximus,
1877 4899 1985 4947 tam
2034 4890 2105 4947 de

514 4980 641 5038 vino
661 4997 824 5053 quam
853 4990 909 5037 et
939 4982 1006 5039 de
1045 4996 1259 5037 annona
1317 4981 1515 5037 diversi
1572 4984 1788 5056 generis
1846 4992 1903 5039 et
1946 4984 2099 5058 legu-

516 5077 665 5132 mina
697 5076 814 5133 sive
840 5076 987 5142 fcno,
1014 5074 1410 5132 rationabiliter
1446 5086 1502 5132 et
1517 5076 1753 5136 discrete
1799 5078 1958 5135 detur
1977 5077 2104 5134 fun-

516 5170 662 5227 ditus
690 5169 909 5228 familiis
932 5170 986 5226 in
1037 5169 1238 5225 nOStris
1263 5164 1407 5225 villis
1467 5171 1733 5243 nobisque
1795 5164 2111 5228 commissis

518 5263 1009 5329 commanentibus,
1022 5277 1143 5334 qua:
1164 5276 1227 5317 ea
1251 5262 1365 5318 suis
1384 5262 1677 5320 sudoribus
1690 5263 2103 5329 laboraverunt,

517 5363 579 5415 ut
600 5364 659 5410 et
674 5356 754 5412 eis
780 5372 881 5428 pro
909 5372 999 5412 me
1020 5365 1309 5428 peccatore
1335 5371 1503 5413 orare
1522 5356 1787 5423 delectet;
1817 5365 1872 5412 et
1896 5356 2001 5413 hoc
2026 5356 2111 5414 eis

518 5460 683 5519 agere
710 5462 905 5519 precor
942 5448 1237 5519 saepissime
1265 5449 1577 5507 suadentur.
1623 5448 1776 5505 Nona
1803 5456 1861 5504 et
1892 5448 2106 5506 decima

518 5555 649 5614 pars
674 5541 853 5596 omnis
881 5556 1131 5610 annonis,
1184 5543 1295 5599 vini
1324 5554 1379 5600 et
1424 5542 1535 5600 feni
1561 5551 1619 5600 et
1648 5542 1938 5615 leguminis
1962 5557 2103 5615 pau-

519 5634 765 5709 peribus,
800 5635 997 5703 viduis,
1037 5646 1093 5694 et
1115 5639 1373 5710 orphanis
1401 5637 1632 5694 ﬁdeliter
1670 5652 1794 5693 cum
1818 5637 1969 5694 omni
1997 5638 2109 5697 dis-

522 5728 1117 5791 cretioneetcharitate
1142 5731 1389 5791 funditus
1419 5730 1708 5787 tribuatur.
1729 5729 1935 5789 Omnes
1957 5731 2106 5788 enim

524 5836 717 5896 precor
737 5832 798 5884 ut
834 5839 936 5900 pro
960 5839 1050 5884 me
1095 5840 1257 5883 orare
1294 5824 1612 5897 dignemini,
1644 5833 1697 5879 ut
1729 5824 2105 5884 remissionem

2215 4689 2325 4745 ulla
2349 4690 2715 4746 minoratione
2745 4699 2839 4747 aut
2887 4692 3145 4749 tarditate
3175 4692 3352 4750 detur.
3382 4692 3590 4752 Ternos
3620 4705 3805 4755 autem

2215 4798 2407 4858 greges
2425 4782 2801 4851 jumentorum
2830 4800 2939 4839 una
2976 4800 3102 4841 cum
3147 4800 3335 4844 eorum
3378 4787 3679 4845 emissariis
3738 4804 3807 4848 ac

2212 4877 2376 4933 boum
2396 4884 2453 4932 et
2479 4876 2772 4933 vaccarum
2797 4876 2912 4933 sive
2938 4891 3227 4951 caprarum
3260 4889 3316 4936 et
3337 4881 3521 4937 ovium
3555 4882 3647 4954 qui
3678 4892 3808 4941 sunt

2210 4970 2267 5026 in
2290 4969 2509 5039 Haliau,
2534 4979 2590 5026 et
2618 4979 2855 5043 quatuor
2881 4971 3164 5044 porcarias
3192 4988 3314 5044 qua:
3353 4973 3409 5030 in
3431 4974 3620 5039 eadem
3652 4974 3805 5049 villa,

2211 5074 2324 5121 tam
2363 5066 2418 5122 in
2447 5064 2861 5123 mansilionibus
2902 5080 3065 5137 quam
3091 5074 3149 5122 et
3181 5065 3237 5121 in
3262 5065 3385 5124 aliis
3410 5068 3545 5125 locis
3563 5083 3687 5126 esse
3720 5069 3821 5137 vio,

2213 5158 2435 5226 dentur,
2459 5165 2518 5213 et
2539 5156 2664 5215 illos
2694 5172 2885 5233 greges
2913 5159 3007 5231 qui
3054 5162 3252 5217 suntin
3300 5160 3466 5218 Curte
3516 5161 3819 5235 Quadiicim

2212 5249 2272 5307 in
2318 5248 2672 5318 Saxonense,
2710 5266 2901 5309 omnes
2950 5261 3064 5309 tam
3100 5250 3473 5324 jumentorum
3527 5269 3691 5324 quam
3743 5262 3804 5313 et

2211 5346 2377 5403 boum
2400 5355 2456 5402 et
2501 5361 2791 5403 vaccarum
2831 5361 2928 5404 seu
2960 5361 3253 5421 porcorum
3319 5357 3375 5404 et
3400 5342 3583 5404 ovium
3634 5332 3824 5419 atque.

2214 5455 2503 5512 caprarum
2528 5440 2635 5497 illis
2654 5440 2937 5497 monachis
2959 5439 3055 5512 qui
3072 5439 3304 5496 Domino
3322 5439 3378 5497 in
3419 5436 3653 5497 ecclesia
3671 5452 3807 5497 san-

2209 5534 2286 5593 cti
2322 5534 2622 5595 Salvatoris
2659 5551 2825 5608 supra
2850 5533 3073 5591 ﬂuvium
3096 5531 3332 5602 Sarthae,
3364 5533 3452 5591 ubi
3495 5532 3588 5595 ille
3623 5533 3817 5607 abbas~

2208 5643 2443 5703 praeesse
2466 5629 2701 5699 videtur,
2739 5644 2863 5685 cum
2892 5627 3041 5685 omni
3061 5627 3373 5702 integritate
3391 5637 3445 5686 et
3473 5643 3599 5686 cum
3620 5626 3806 5689 chari-

2210 5732 2326 5783 tate
2347 5725 2551 5797 absque
2580 5723 2692 5781 ullo
2722 5721 2979 5797 scrupulo
3000 5731 3097 5778 aut
3116 5722 3550 5781 contradictione
3578 5708 3697 5778 sive
3717 5716 3806 5778 di-

2212 5819 2413 5879 latione
2438 5819 2671 5878 ﬁdeliter
2689 5817 3035 5894 tribuantur.
3077 5816 3160 5875 illi
3202 5831 3419 5891 quoque
3477 5829 3669 5888 greges
3706 5810 3801 5887 ju—
