4044 6326
259 337 338 394 69
1813 327 1864 386 ν]

1965 363 1992 380 ι.
3465 309 3532 380 76

267 463 584 514 mentorum
603 467 708 509 una
731 453 850 508 cum
865 463 1054 506 eorum
1077 449 1376 506 amissariis
1393 455 1446 504 et
1463 441 1854 502 boum‘utrius-
1879 447 1930 510 Α
1957 439 2090 494 tium
2117 435 2336 510 explere
2367 434 2674 506 nequimus,
2707 433 2780 488 de
2814 429 2924 488 illis
2945 431 3036 502 qui
3085 437 3246 488 antea
3271 433 3382 489 dati
3429 436 3538 490 ητἰά

267 563 380 621 que
403 547 618 620 generis
661 559 756 598 seu
809 555 1096 612 porcorum
1139 547 1194 595 et
1231 539 1410 594 ovium
1447 547 1606 608 atque
1659 549 1850 604 capra-

273 657 398 696 rum
421 641 514 710 qui
539 647 672 694 sunt
697 637 754 691 in
783 635 908 690 villa
937 633 1190 688 Colonica
1208 631 1364 701 juxta
1425 632 1610 686 urbem
1665 630 1718 683 in
1761 627 1852 682 illa

269 741 432 790 eurte
479 747 602 802 qua:
647 729 848 784 dicitur
897 725 1056 790 Villa,
1103 741 1264 796 quam
1318 723 1632 780 Gundoltlus
1693 722 1854 776 modo

265 825 544 898 providet,
575 831 632 878 et
661 823 714 876 in
746 821 1014 876 Carrariis
1037 833 1202 890 super
1241 817 1464 874 ﬂuvium
1519 815 1747 880 Sartlne,
1800 821 1854 868 et

269 921 328 974 in
349 919 556 980 Canon,
589 915 788 972 dentur
815 915 1094 970 monachis
1119 914 1464 986 integerrime
1509 913 1596 982 qui
1630 911 1856 965 homin

269 1011 330 1064 in
355 1005 686 1064 monasterio
711 1005 896 1060 Sancti
921 1003 1192 1060 Vincentii
1213 1004 1464 1058 militant.
1489 1001 1568 1056 llli
1589 1007 1715 1072 ergo
1737 1015 1856 1072 gre—

269 1115 370 1170 ges
385 1097 760 1168 jumentorum
783 1109 892 1150 una
917 1109 1037 1149 cum
1063 1095 1364 1150 amissariis
1393 1101 1448 1150 et
1469 1095 1628 1149 boum
1654 1094 1856 1147 utrius:-

269 1207 380 1260 que
409 1191 624 1262 generis
650 1203 746 1244 seu
775 1201 1062 1258 porcorum
1087 1195 1142 1241 et.
1166 1187 1348 1242 ovium
1369 1187 1460 1256 qui
1489 1195 1616 1242 sunt
1643 1187 1696 1240 in
1719 1183 1858 1240 Gres

267 1291 328 1336 et
363 1283 418 1336 in
451 1279 764 1346 Fraxinido,
815 1281 868 1334 in
897 1277 1070 1342 Belsa,
1095 1287 1152 1334 et
1197 1279 1252 1332 in
1299 1277 1608 1344 Semmuro,
1665 1291 1854 1332 mona-

273 1377 394 1430 chis
425 1375 476 1428 in
501 1373 640 1430 Gres
671 1373 900 1427 Domino
943 1373 997 1426 in
1033 1371 1262 1428 ecclesia
1307 1371 1522 1428 Sancta:
1577 1371 1759 1426 Maria:
1803 1377 1858 1424 et

273 1467 466 1522 Sancti
485 1467 676 1520 Almiri
705 1465 1062 1520 militantibus
1091 1463 1332 1518 funditus
1351 1463 1554 1534 absque
1571 1463 1676 1517 ulla
1695 1463 1858 1517 tardi-

271 1569 386 1614 tate
417 1567 510 1614 aut
553 1557 914 1614 minoratione
941 1557 1266 1614 tribuantur.
1295 1557 1374 1612 llli
1403 1571 1616 1626 quoque
1667 1569 1858 1626 greges

267 1667 380 1705 una
407 1665 532 1706 eum
555 1665 746 1704 eorum
771 1649 1072 1704 amissariis
1094 1649 1464 1719 iumentorum
1485 1657 1542 1704 et
1565 1627 1854 1702 vaccarum

267 1761 338 1800 ac
359 1745 524 1802 boum
556 1745 672 1800 sive
703 1745 882 1800 ovium
910 1753 964 1799 et
1013 1757 1300 1815 porcorum
1347 1751 1510 1815 atque
1569 1757 1853 1814 caprarum

1955 534 2100 588 nime
2119 531 2338 594 fuerint,
2371 527 2714 600 praecipimus
2743 525 2900 590 duos,
2945 524 3132 594 quales
3163 525 3414 582 meliores
3449 527 3536 582 in-'

1953 623 2098 678 venti
2157 622 2376 684 fuerint,
2425 619 2684 690 praedicto
2739 617 2938 672 domno
2985 616 3400 686 metropolitano
3443 633 3540 674 ηοδ

1954 721 2068 770 stro
2099 713 2236 768 bene
2261 721 2480 782 paratos
2529 719 2584 764 et
2621 719 2844 766 ornatos
2887 711 3036 778 dari;
3093 721 3148 766 et
3202 711 3334 766 alios
3381 711 3538 779 duos,

1956 803 2144 873 quales
2169 812 2292 873 post
2333 805 2430 858 hos
2456 801 2708 856 meliores
2733 803 2936 857 inventi
2971 803 3186 868 fuerint,
3217 805 3408 860 Didani
3431 807 3541 860 An-

1957 896 2276 952 decavensis
2301 896 2452 950 urbis
2499 895 2766 964 Episcopo
2793 895 2930 950 bene
2957 905 3180 952 ornatos
3201 895 3366 950 tribui
3383 894 3542 964 jube-

1955 1005 2096 1046 mus.
2123 989 2274 1058 Ipsos
2300 989 2444 1042 enim
2477 997 2695 1042 sanctos
2739 987 3038 1058 episcopos,
3077 989 3121 1042 si
3161 987 3294 1042 mihi
3347 999 3540 1056 super-

1957 1083 2114 1138 stites
2141 1081 2366 1136 Domino
2389 1080 2682 1134 miserante
2727 1079 2954 1146 fuerint,
2997 1079 3064 1134 ad
3103 1081 3310 1136 obitum
3359 1091 3540 1134 meum

1957 1173 2142 1228 venire
2165 1171 2446 1242 deprecor,
2477 1179 2530 1225 et
2583 1171 2816 1224 animam
2845 1185 3024 1226 meam
3050 1185 3148 1242 per
3193 1185 3380 1226 eorum
3417 1185 3542 1224 san-

1959 1273 2076 1318 ctas
2101 1265 2372 1318 orationes
2403 1262 2630 1318 Domino
2653 1263 2996 1317 devotissime
3023 1262 3390 1318 commendari
3419 1277 3542 1332 sup-

1955 1355 2168 1426 pliciter
2221 1355 2426 1424 ﬂagito,
2479 1363 2534 1408 et
2583 1353 2650 1408 ad
2699 1353 3072 1423 corpusculum
3119 1369 3298 1408 meum
3351 1365 3540 1408 eorum

1957 1449 2208 1516 precibus
2233 1447 2460 1500 Domino
2501 1459 2606 1500 una
2648 1459 2768 1500 cum
2843 1445 3020 1500 anima
3073 1445 3438 1520 commendari
3485 1449 3542 1498 et

1957 1537 2434 1594 coniurationibus
2463 1551 2652 1594 eorum
2679 1537 2898 1608 sepeliri
2955 1537 3232 1608 humiliter
3289 1535 3538 1606 postulo;

1957 1641 2010 1686 et
2043 1631 2096 1686 in
2119 1629 2370 1686 omnibus
2389 1641 2730 1698 summopere
2751 1629 2966 1694 illos,et-
2979 1628 3136 1698 quasi
3161 1627 3228 1682 ad
3253 1627 3414 1697 pedes
3443 1641 3542 1680 eo-

1961 1741 2078 1778 rum
2107 1723 2444 1794 provolutus,
2469 1723 2732 1792 deprecor
2763 1729 2824 1776 ut
2869 1721 2936 1776 de
2985 1735 3076 1774 me
3109 1729 3164 1774 et
3207 1733 3306 1790 pro
3331 1735 3420 1774 me
3465 1719 3546 1774 sic

267 1851 464 1890 clunes
494 1837 586 1904 qui
609 1843 736 1890 sunt
765 1836 820 1890 in
853 1835 1130 1902 Aviniaco,
1159 1851 1254 1890 seu
1313 1837 1366 1890 in
1397 1833 1681 1898 Casiliaco,
1709 1843 1764 1888 et
1793 1836 1846 1889 in

1965 1813 2170 1868 faciant
2193 1813 2334 1868 sicut
2354 1812 2542 1866 volunt
2567 1819 2626 1864 ut
2655 1811 2718 1866 de
2743 1809 2850 1864 illis
2885 1817 2994 1862 tam
3019 1807 3074 1862 in
3103 1807 3212 1862 vita
3257 1817 3428 1876 quam
3489 1817 3546 1862 et

267 1929 364 1982 illa
393 1937 548 1998 parte
577 1929 788 1984 Paciaci
819 1945 980 1998 quam
1015 1927 1329 1984 Gundoldus
1356 1929 1622 2000 providet,
1653 1930 1856 1984 nostris

269 2021 558 2076 sororibus
589 2019 1092 2076 sanctimonialilms
1115 2019 1396 2075 monachis
1417 2035 1550 2092 quas
1578 2021 1718 2074 inter
1739 2035 1858 2074 mu-

269 2119 394 2166 rum
425 2111 666 2166 civitatis
689 2119 744 2166 et
771 2109 990 2165 fluvium
1017 2109 1230 2166 Sartltte
1251 2111 1304 2164 in
1355 2111 1584 2166 ecclesia
1643 2109 1858 2165 Domitii

271 2201 576 2256 Salv-uteris
597 2209 652 2256 et
687 2211 888 2256 sanctae
913 2202 1154 2272 ejusdem
1203 2201 1300 2257 Dei
1347 2201 1624 2274 genitricis
1671 2199 1856 2256 Maria:

269 2309 596 2364 semperque
617 2295 844 2364 virginis
885 2294 998 2348 sive
1029 2302 1338 2350 sanctorum
1376 2293 1673 2367 martyrum
1719 2289 1856 2348 Ger-

271 2381 410 2438 v’asii
437 2393 492 2438 et
515 2383 752 2440 Protasii’
789 2391 948 2454 atque
997 2385 1168 2456 sancti
1207 2383 1466 2456 Stephani
1515 2385 1614 2440 sub
1666 2399 1857 2440 mona-

271 2478 416 2532 stico
441 2477 633 2534 ordine
655 2487 711 2534 et
731 2479 830 2534 sub
851 2478 1036 2550 regula
1057 2479 1230 2534 sancti
1253 2479 1526 2536 Benedicti
1549 2479 1734 2534 vivere
1753 2479 1864 2534 col-

275 2569 588 2636 locavimns,
637 2585 762 2626 cum
817 2585 1027 2626 summa
1055 2571 1322 2627 charitate
1354 2581 1408 2626 et
1429 2571 1672 2626 omnium
1723 2571 1860 2625 inte-

273 2661 476 2730 gritate
501 2661 710 2732 absque
739 2661 848 2716 ulla
877 2661 1136 2718 dilatione
1187 2659 1418 2718 ﬁdeliter
1469 2661 1854 2718 attribuantur.

269 2753 352 2808 Illi
374 2769 586 2824 quoque
607 2769 802 2826 greges
813 2755 1182 2824 jumentorum
1204 2771 1308 2810 una
1337 2767 1460 2810 eum
1481 2769 1670 2810 eorum
1695 2755 1860 2810 amis-

269 2845 436 2900 sariis
463 2855 516 2900 et
539 2847 700 2900 boum
735 2846 1018 2916 utriusque
1047 2859 1209 2902 sexus
1229 2855 1284 2901 et
1305 2847 1486 2900 ovium
1514 2845 1630 2900 sive
1661 2859 1856 2915 porco-

269 2951 398 2990 rum
431 2945 592 3006 atque
623 2949 912 3006 caprarum
950 2937 1040 3006 qui
1091 2943 1218 2992 sunt
1246 2937 1298 2992 in
1321 2935 1590 3006 Rupiaco,
1621 2937 1858 3008 integer-

273 3029 416 3080 rime
454 3025 610 3080 fratri
635 3041 758 3082 meo
787 3025 942 3080 Isaac
981 3025 1200 3096 ﬁlioque
1233 3024 1350 3094 ejus
1371 3025 1630 3096 Rotgario
1657 3025 1861 3094 absque

273 3118 382 3172 ulla
411 3117 770 3172 diminutione
795 3125 890 3172 aut
929 3115 1186 3171 dilatione
1213 3117 1540 3172 tribuantur.
1571 3115 1648 3170 Illi
1679 3123 1858 3170 autem

273 3225 470 3282 greges
488 3209 856 3280 jumentorum
897 3225 1002 3263 una
1043 3223 1164 3263 cum
1217 3224 1406 3263 eorum
1453 3209 1756 3264 amissariis
1809 3219 1864 3264 et

275 3299 446 3352 boum
473 3299 758 3368 utriusque
795 3299 1014 3370 generis
1037 3313 1130 3354 seu
1162 3313 1452 3368 porcorum
1483 3307 1534 3352 et
1559 3299 1740 3354 ovium
1777 3307 1864 3352 at-

273 3407 384 3462 que
421 3407 708 3460 caprarum
737 3391 824 3462 qui
849 3401 976 3446 sunt
1003 3391 1058 3446 in
1089 3391 1384 3458 Contrella,
1435 3399 1490 3445 et
1547 3391 1600 3444 in
1655 3387 1862 3444 Varen-

273 3485 384 3548 nis,
419 3483 472 3538 in
491 3483 884 3550 Vindosnense,
921 3493 974 3540 et
999 3483 1054 3538 in
1077 3483 1394 3550 Breuviaco,
1451 3483 1504 3538 in
1533 3481 1864 3550 Oxomense,

275 3587 334 3632 et
363 3567 658 3634 in‘Artinis
683 3595 844 3648 super
875 3577 988 3641 Liz,
1021 3585 1078 3632 et
1105 3577 1160 3632 in
1215 3575 1458 3632 Lanciati
1515 3575 1656 3632 ultra
1713 3575 1870 3648 Lige-

281 3669 408 3734 rim,
467 3668 580 3724 sive
605 3669 658 3722 in
691 3667 974 3736 Vodebris,
1009 3667 1258 3724 vassallis
1280 3669 1374 3738 qui
1409 3667 1568 3723 nobis
1595 3665 1650 3721 in
1681 3675 1868 3722 nostra

279 3761 658 3818 mansiuncula
689 3761 934 3818 serviunt
965 3771 1018 3818 et
1061 3761 1276 3818 clericis
1309 3759 1402 3830 qui
1441 3759 1668 3816 Domino
1697 3759 1752 3814 in
1781 3773 1870 3812 no-

279 3861 392 3908 stra
427 3853 628 3922 capella
657 3853 986 3908 famulantur
1007 3867 1130 3906 cum
1157 3849 1308 3904 omni!
1342 3849 1654 3920 integritate
1687 3851 1866 3918 dispo-

281 3943 384 3998 site
405 3951 462 3996 et
487 3943 881 3998 rationabiliter
939 3939 1260 4010 largiantur.
1321 3937 1578 4010 Reliquos
1635 3953 1870 4007 namque

283 4033 866 4104 gregesjumentorum
903 4039 958 4084 et
1007 4029 1170 4086 boum
1223 4029 1508 4098 utriusque
1557 4029 1770 4100 generis
1817 4037 1872 4084 et

281 4127 466 4180 ovium
495 4141 588 4178 seu
627 4137 914 4192 porcorum
969 4131 1130 4192 atque
1185 4137 1490 4192 caprarum,
1539 4135 1730 4176 omnes
1779 4121 1872 4192 qui

281 4224 406 4272 sunt
437 4215 488 4269 in
519 4215 745 4270 culturis
771 4215 900 4270 etin
929 4215 1064 4270 silva
1093 4213 1352 4270 Uvastiua
1393 4213 1448 4270 in
1473 4213 1700 4268 diversis
1723 4227 1872 4266 man-

281 4309 570 4364 sionilibus
597 4317 654 4364 et
687 4307 844 4374 locis,
877 4317 986 4362 tam
1015 4323 1180 4378 super
1203 4307 1426 4362 ﬂuvium
1483 4305 1576 4360 Liz
1627 4319 1789 4378 quam
1819 4313 1874 4362 et

281 4401 336 4456 in
381 4399 518 4454 silva
551 4397 830 4465 Uvastina,
860 4409 914 4454 et
951 4399 1010 4454 in
1045 4397 1298 4454 Tricione
1329 4397 1386 4453 in
1441 4397 1672 4452 diversis
1723 4413 1876 4453 man-

285 4491 572 4546 sionilibus
589 4495 650 4544 et
687 4490 742 4544 in
793 4489 925 4546 locis
967 4491 1218 4556 diversis,
1270 4497 1326 4545 et
1381 4489 1436 4544 in
1477 4489 1762 4556 Tauriaco,
1819 4499 1876 4546 et

287 4583 344 4638 in
385 4583 754 4654 Bajocassino,
803 4581 930 4637 etin
957 4581 1266 4648 Vetusvico,
1319 4581 1434 4636 sive
1499 4581 1552 4636 in
1605 4579 1868 4648 Celsiaco,

285 4691 352 4732 ac
403 4676 462 4730 in
489 4675 720 4740 Naseas,
751 4689 846 4729 seu
886 4673 942 4728 in
967 4672 1226 4736 Cadarus,
1273 4681 1330 4728 et
1353 4673 1406 4728 in
1429 4671 1684 4728 Colonica
1729 4671 1870 4728 ultra

285 4767 592 4836 ledanam,
651 4777 708 4824 et
749 4768 804 4824 in
850 4767 1122 4823 Culcamia
1175 4765 1318 4822 ultra
1371 4764 1592 4820 ﬂuvium
1639 4765 1870 4837 Ligeris,

285 4871 340 4914 et
391 4861 450 4914 in
469 4859 850 4924 Callemarcio,
893 4859 1008 4914 sive
1035 4857 1092 4913 in
1127 4861 1310 4912 monte
1333 4855 1614 4924 Sodeuris,
1659 4857 1714 4912 in
1763 4871 1874 4912 om-

287 4953 452 5008 nibus
477 4951 890 5008 mansionilibus
913 4953 968 5008 in
997 4965 1062 5006 eo
1089 4949 1442 5016 constructis,
1471 4957 1530 5004 et
1553 4950 1608 5004 in
1641 4949 1760 5004 rivo
1782 4963 1874 5018 pe-

291 5055 458 5113 troso,
517 5055 572 5102 et
597 5047 652 5102 in
679 5045 802 5100 villa
847 5059 986 5100 nova
1013 5043 1069 5098 in
1093 5043 1274 5108 Bels,
1333 5051 1390 5098 et
1435 5043 1492 5096 in
1539 5041 1664 5096 villa
1685 5041 1870 5096 Macu—

289 5151 418 5202 nen,
443 5145 498 5192 et
519 5137 574 5190 in
601 5135 768 5192 Bioca
805 5149 970 5206 super
1003 5133 1226 5190 ﬂuvium
1253 5131 1454 5199 Bricia,
1485 5139 1538 5186 et
1577 5131 1634 5186 in
1665 5131 1872 5188 Villena

289 5231 342 5286 in
367 5231 672 5300 Parisiaco,
715 5233 770 5288 in
803 5241 988 5287 nostra
1023 5229 1384 5303 eleemosyna,
1429 5228 1764 5301 presbyteris
1821 5237 1876 5285 et

289 5323 382 5379 Dei
405 5325 580 5380 servis
607 5325 721 5380 sive
747 5323 1074 5396 pauperibus
1119 5321 1352 5380 ﬁdeliter
1377 5330 1434 5377 et
1479 5319 1876 5378 rationabiliter

295 5431 420 5472 cum
451 5417 600 5472 omni
633 5417 830 5472 timore
884 5423 940 5470 et
963 5413 1268 5470 reverentia
1321 5411 1572 5468 distribui
1619 5411 1878 5481 disposite

299 5511 652 5582 imploramus
671 5519 832 5580 atque
850 5523 1122 5580 rogamus,
1137 5515 1194 5562 et
1211 5507 1392 5562 omnia
1415 5505 1532 5560 ﬁeri
1561 5519 1686 5560 cum
1699 5505 1880 5560 chari-

297 5609 408 5658 tate
429 5611 702 5674 optamus.
747 5601 824 5658 De
851 5603 1004 5672 equis
1051 5615 1286 5671 namque
1329 5599 1534 5656 nostris
1583 5605 1638 5654 et
1665 5613 1874 5654 scema-

297 5695 394 5752 riis
429 5697 548 5752 sive
573 5695 736 5751 mulis
773 5703 828 5750 et
865 5694 1032 5750 asinis
1073 5709 1138 5748 ac
1161 5693 1422 5764 poledris,
1447 5691 1644 5764 quibus
1703 5691 1880 5746 adhuc

299 5789 552 5850 fruimur.
579 5797 636 5846 et.
659 5789 776 5846 sine
815 5787 1010 5848 auibus
1053 5785 1230 5852 regale
1277 5795 1332 5844 et
1377 5801 1662 5842 commune
1715 5783 1884 5840 servi-

1959 1913 2080 1976 post
2105 1905 2310 1960 obitum
2339 1903 2448 1958 ﬁat.
2481 1901 2706 1972 Insuper
2729 1909 2960 1970 quatuor
2985 1913 3154 1968 equos
3193 1897 3364 1954 bonos
3406 1913 3540 1952 mem

1957 1995 2246 2066 sepulturae
2283 1995 2402 2050 loco
2425 2001 2480 2048 et
2507 1990 2766 2048 fratribus
2794 1989 2926 2046 inibi
2975 1989 3202 2044 Domino
3271 1987 3538 2042 famulans

1959 2087 2100 2142 tibus
2127 2087 2244 2140 dari
2261 2083 2444 2153 iubeo.
2475 2083 2550 2136 De
2573 2081 2786 2138 caeteris
2815 2095 2942 2152 ergo
2966 2079 3120 2150 equis
3143 2077 3266 2134 volo
3297 2085 3356 2132 ut
3379 2091 3544 2132 causa

1957 2177 2352 2234 benedictionis
2379 2175 2618 2248 singulos
2645 2173 2916 2246 accipiant
2941 2172 3138 2244 singuli
3169 2171 3258 2242 qui
3299 2169 3548 2242 prtescri-

1956 2271 2034 2342 pti
2061 2277 2116 2326 et
2137 2267 2480 2340 praeordinati
2507 2265 2576 2322 ad
2621 2273 2864 2322 nostram
2915 2263 3314 2334 eleemosynam
3339 2261 3546 2316 facient-

1959 2365 2082 2419 dum
2107 2361 2328 2426 fuerint,
2361 2369 2422 2414 ut
2465 2359 2658 2414 melius
2705 2357 2812 2412 illis
2859 2357 3090 2412 delectet
3131 2369 3230 2426 pro
3273 2369 3360 2408 me
3387 2366 3550 2408 orare

1959 2463 2016 2510 et
2039 2453 2392 2510 eummissum
2429 2451 2532 2506 sibi
2561 2449 2840 2520 negotium
2865 2461 3142 2518 peragere.
3197 2447 3274 2500 De
3323 2445 3550 2516 reliquis

1959 2547 2156 2618 quippe
2183 2544 2340 2616 equis
2363 2551 2416 2600 et
2443 2543 2678 2614 poledris
2707 2551 2764 2598 et
2799 2540 2960 2596 mulis
3013 2547 3176 2610 atque
3228 2537 3396 2592 asinis
3435 2545 3550 2592 tres

1955 2637 2206 2710 iubemus
2259 2637 2376 2692 ﬁeri
2421 2637 2696 2707 portiones
2737 2653 2750 2688 :
2798 2649 2906 2688 una
2959 2649 3086 2704 pars
3133 2641 3406 2688 remaneat
3459 2645 3550 2686 ec-

1959 2729 2136 2786 clesia:
2163 2727 2320 2784 nobis
2337 2727 2642 2782 commissae
2665 2735 2720 2780 et
2751 2732 2938 2780 sancto
2991 2723 3288 2778 successori
3325 2731 3544 2788 nostro;

1959 2821 2064 2876 alia
2084 2835 2214 2875 vero
2253 2821 2514 2890 largiatur
2541 2819 2800 2888 disposite
2825 2825 2878 2871 et
2899 2816 3288 2872 rationabiliter
3334 2815 3548 2870 clericis

1961 2919 2020 2966 et
2037 2909 2284 2966 vassallis
2313 2917 2367 2965 et
2407 2907 2768 2964 servientibus
2822 2915 2878 2960 et
2929 2905 3369 2960 minister-iniibus
3395 2906 3552 2962 nobis

1961 3000 2368 3056 inmutantibus.
2393 2997 2575 3053 Tertia
2595 3003 2774 3052 autem
2793 3011 2920 3068 pars
2943 2997 3298 3052 distribuatur
3317 2995 3550 3052 ﬁdeliter

1963 3103 2018 3150 et
2043 3091 2435 3150 rationabiliter
2458 3091 2512 3144 in
2541 3098 2782 3144 nostram
2831 3089 3228 3160 eleemosynam
3253 3097 3412 3156 prout
3437 3101 3552 3142 me-

1891 3183 1936 3248 a
1966 3184 2070 3240 lius
2097 3181 2320 3238 scierint
2337 3189 2396 3236 ct
2419 3179 2692 3248 potuerint
2711 3179 2906 3248 quibus
2927 3181 3028 3234 hoc
3049 3177 3400 3234 commissum
3429 3177 3554 3232 fuea

1965 3275 2054 3332 rit.
2088 3271 2290 3328 Taliter
2317 3285 2530 3342 quoque
2572 3269 2678 3324 illis
2727 3271 2832 3326 hoc
2880 3269 3134 3340 praecipio
3181 3277 3235 3324 et
3288 3269 3552 3340 deprecor

1966 3379 2124 3436 agere
2154 3373 2210 3420 et
2262 3373 2370 3416 tam
2423 3357 2652 3415 ﬁdeliter
2699 3367 2756 3414 et
2801 3359 3194 3416 rationabiliter
3233 3361 3550 3430 dispensare

1967 3457 2198 3528 qualiter
2223 3456 2346 3510 inde
2370 3455 2636 3510 rationem
2665 3467 2772 3508 non
2801 3460 3042 3508 metuant
3061 3453 3288 3508 reddere
3335 3451 3390 3506 in
3413 3467 3550 3506 con-

1969 3561 2158 3622 spectu
2189 3548 2402 3604 Domini
2425 3547 2594 3602 nostri
2619 3545 2744 3602 Jesu
2783 3543 3004 3608 Christi,
3035 3553 3090 3598 et
3113 3559 3178 3598 ex
3213 3545 3314 3598 hoc
3337 3557 3444 3598 non
3467 3557 3555 3598 re-

1969 3641 2204 3712 cipiant,
2255 3639 2398 3710 quod
2449 3637 2610 3703 absit,
2668 3635 3070 3690 damnationem
3121 3641 3400 3698 internum,
3457 3631 3556 3688 sed

1967 3737 2250 3808 praemium
2313 3734 2722 3804 sempiternum.
2789 3729 2884 3784 llla
2931 3743 3062 3784 vero
3103 3728 3282 3784 omnia
3329 3741 3450 3796 qua:
3497 3725 3554 3780 in

1967 3827 2192 3900 praefato
2219 3837 2478 3897 tempore,
2505 3835 2566 3880 ut
2589 3825 2790 3880 dictum
2817 3831 2924 3888 est,
2973 3823 3030 3876 in
3083 3819 3356 3892 praedictis
3409 3817 3546 3874 locis

1969 3933 2024 3979 et
2055 3923 2204 3994 agris
2227 3929 2338 3976 tam
2369 3919 2594 3974 internis
2617 3931 2784 3987 quam
2805 3914 3046 3970 externis
3067 3913 3286 3968 inventa
3325 3909 3552 3977 fuerint,

1973 4015 2204 4072 Domino
2239 4013 2372 4079 Deo,
2401 4013 2588 4066 devota
2621 4017 2798 4063 mente
2839 4015 2894 4062 et.
2915 4021 3048 4062 sano
3070 4019 3318 4074 corpore,
3341 4019 3442 4074 pro
3469 4003 3552 4058 in—

1973 4109 2118 4180 genti
2149 4117 2204 4162 et
2229 4105 2394 4162 nimio
2423 4103 2660 4174 pondere
2709 4100 3086 4171 peccaminum
3135 4113 3378 4154 meorum
3425 4111 3554 4166 sup-

1971 4201 2096 4272 ple:
2121 4211 2178 4257 et
2205 4201 2430 4256 devotus
2457 4195 2646 4261 olfero,
2679 4203 2734 4250 et
2761 4209 2858 4264 per
2885 4197 3026 4248 hanc
3047 4192 3370 4256 chartulam,
3395 4205 3557 4260 quam

1975 4311 2108 4350 sana
2141 4301 2318 4348 mente
2347 4291 2542 4347 dictavi
2569 4297 2625 4342 et
2663 4287 2972 4358 supradicto
3021 4293 3282 4355 praetextu
3319 4285 3558 4340 scribere

1969 4385 2132 4456 jussi,
2183 4395 2344 4455 atque
2365 4381 2580 4454 propria
2609 4393 2768 4435 manu
2795 4379 2980 4434 subter
3007 4375 3238 4442 ﬁrmavi,
3267 4377 3336 4428 ad
3371 4391 3560 4446 supra-

1979 4481 2126 4536 dicta
2167 4488 2222 4534 et
2243 4477 2466 4546 scripta,
2495 4475 2634 4530 sicut
2655 4475 2770 4528 haec
2793 4469 3046 4542 paginula
3071 4467 3382 4522 testamenti
3413 4481 3560 4520 eom-

1981 4579 2262 4634 memorat,
2293 4567 2556 4638 explenda
2601 4571 2656 4621 et
2709 4563 2942 4618 ﬁdeliter
2969 4558 3274 4632 peragenda
3331 4555 3560 4610 Domino

1981 4667 2092 4722 Deo
2119 4671 2308 4734 sponte
2337 4669 2394 4716 et
2421 4661 2612 4716 devote
2633 4659 2788 4714 trado
2830 4675 2844 4712 :
2900 4665 2956 4710 ut
2981 4655 3027 4710 si
3049 4653 3172 4724 quis
3209 4651 3390 4716 aliter,
3415 4648 3560 4718 quod

1983 4759 2148 4823 absit,
2175 4771 2242 4812 ex
2283 4753 2520 4826 pnefatis
2567 4753 2746 4814 rebus,
2781 4749 2832 4803 in
2857 4756 3118 4817 quantum
3147 4744 3338 4800 melius
3357 4757 3562 4814 prava.

1983 4851 2148 4908 luerit
2165 4863 2230 4902 ac
2257 4845 2482 4916 poterit,
2509 4857 2668 4913 agere
2693 4839 3118 4912 praesumpserit,
3167 4837 3284 4908 ipso
3335 4833 3558 4890 Domino

1985 4941 2100 4998 Deo
2155 4953 2276 4994 meo
2345 4943 2400 4991 et
2449 4932 2716 4990 Salvatori
2755 4939 2944 4986 nostro
2971 4929 3100 4986 Jesu
3127 4927 3344 4984 Christo
3373 4923 3562 4978 reddat

1979 5037 2106 5092 inde
2137 5034 2394 5096 rationes,
2423 5029 2510 5086 cui
2545 5029 2660 5084 haec
2683 5027 2998 5096 praescripta
3037 5023 3342 5094 peragenda
3375 5027 3432 5074 et
3469 5031 3564 5072 ex-

1979 5123 2174 5198 plenda
2203 5123 2396 5178 devote
2446 5119 2626 5176 oblata
2645 5125 2702 5172 et
2725 5115 2924 5172 tradita
2951 5122 3095 5178 sunt,
3123 5121 3178 5168 et
3217 5117 3342 5164 ante
3393 5107 3564 5198 tribu-

1981 5197 2070 5272 nal
2095 5215 2262 5286 ipsius
2285 5211 2484 5284 judicis
2507 5209 2696 5266 aeterni
2723 5223 2792 5263 ex
2829 5207 2932 5262 hoc
2961 5199 3370 5260 tremebundam
3397 5197 3564 5254 dedu-

1983 5316 2074 5364 cat
2098 5307 2386 5362 rationem.
2433 5302 2720 5358 Coutestor
2737 5299 2882 5354 enim
2911 5303 3158 5354 sanctum
3193 5305 3562 5348 successorem

1983 5411 2164 5454 meum
2190 5411 2312 5452 mox
2343 5393 2610 5460 futurum,
2633 5391 2936 5462 quicunque
2973 5385 3158 5451 fuerit,
3179 5393 3238 5440 et
3283 5384 3438 5454 quasi
3497 5383 3564 5440 ad

1981 5495 2204 5566 vestigia
2247 5491 2440 5562 pedum
2477 5489 2594 5562 ejus
2619 5485 2932 5559 provolutus
2981 5478 3258 5536 humiliter
3305 5479 3568 5550 deprecor

1985 5599 2046 5648 ut
2065 5591 2144 5646 sic
2181 5588 2246 5644 de
2269 5601 2354 5642 me
2383 5595 2438 5642 et
2463 5599 2562 5655 pro
2593 5599 2676 5638 me
2705 5577 3012 5636 miserrimo
3067 5583 3354 5644 peccatore
3401 5572 3568 5628 faciat

1987 5685 2128 5740 sicut
2153 5681 2268 5738 vult
2289 5687 2346 5736 ut
2368 5679 2452 5736 sui
2486 5686 2796 5732 sucessores
2835 5677 2960 5742 post
3005 5663 3209 5726 obitum
3239 5665 3354 5736 ejus
3375 5665 3442 5720 de
3499 5677 3564 5716 eo

1987 5777 2212 5844 faciant,
2260 5781 2316 5830 et
2365 5772 2446 5826 sic
2493 5781 2612 5826 mea
2659 5764 2800 5820 facta
2847 5763 3058 5836 integra
3103 5765 3386 5818 conservet
3427 5755 3568 5812 sicut
