4044 6326
486 274 551 334 Ή
1518 274 1794 333 ALDRICI
1829 269 2361 332 CENOMANENSIS
2401 270 2710 332 EPISCOPI
3692 273 3773 330 72

485 408 586 453 sua
617 392 730 448 vult
751 398 962 464 postse
983 391 1210 450 servari.
1235 390 1391 449 Hanc
1419 405 1549 464 ergo
1579 391 1887 462 paginulam
1910 398 2076 447 testa-
2100 397 2154 460 Α
2180 388 2324 462 gavi,
2347 396 2404 445 et
2427 387 2567 445 sicut
2595 387 2652 443 iu
2671 387 2776 443 hac
2795 383 3051 457 paginula
3073 382 3392 442 distinctum
3414 391 3473 464 et
3497 385 3772 443 insertum

487 485 654 543 menti
678 486 990 558 suppliciter
1034 485 1220 558 ﬂagito
1248 496 1309 542 ut
1336 501 1433 557 per
1457 485 1638 542 omnia
1672 493 1986 550 conservet;
2015 492 2072 540 et

489 579 539 637 si
559 579 681 650 quis
709 578 869 635 aliter
888 593 957 638 ex
986 579 1072 635 his
1089 595 1210 651 quae
1237 580 1328 636 hic
1359 581 1560 636 inserta
1590 586 1714 634 sunt
1768 575 1950 632 facere
1971 589 2069 630 vo-

490 670 675 738 luerit,
703 669 946 741 supplico
977 680 1039 726 ut
1064 685 1188 727 eum
1235 657 1494 743 corrigat,
1529 677 1584 725 et
1609 669 1689 723 eis
1711 682 1848 738 quos
1873 667 1939 722 ad
1967 667 2090 735 hoc,

487 764 853 836 peragendum
881 764 948 819 de
972 764 1193 821 nomine
1222 779 1372 830 vero,
1409 763 1523 819 sive
1575 761 1770 833 quibus
1821 761 1926 816 hoc
1971 774 2068 814 ne-

489 857 693 927 gotium
719 856 1068 913 commissum
1091 856 1274 922 fuerit,
1321 854 1580 911 auxilium
1606 869 1702 924 per
1731 852 1910 910 omnia
1933 865 2070 923 prae-

485 954 614 1014 stet,
665 956 726 1002 ut
763 948 882 1005 haec
927 949 1132 1020 absque
1213 948 1322 1004 ullo
1375 948 1758 1018 impedimento
1807 944 2072 1017 perlicere

489 1049 714 1111 queant.
768 1039 828 1096 Si
874 1049 1080 1109 autem,
1131 1041 1274 1111 quod
1317 1041 1480 1106 absit,
1521 1038 1676 1095 aliter
1702 1037 1912 1104 fecerit,
1946 1045 2072 1092 ante

486 1132 723 1188 tribunal
765 1133 976 1189 Domini
1015 1132 1188 1188 nostri
1231 1131 1359 1188 .Iesu
1411 1132 1613 1188 Christi
1661 1129 2073 1186 tremebundam

484 1239 554 1280 ex
582 1225 687 1281 hoc
727 1225 915 1282 reddat
963 1227 1250 1281 rationem.
1297 1224 1508 1282 Obnixe
1562 1239 1778 1296 quoque
1816 1223 2073 1293 deprecor

484 1327 733 1374 sanctum
759 1333 1126 1375 successorem
1155 1333 1359 1385 meum,
1396 1331 1772 1388 quemcunque
1817 1317 2074 1372 Dominus

483 1411 604 1469 fore
628 1411 878 1480 voluerit,
907 1421 963 1466 et
1011 1427 1203 1468 omnes
1269 1411 1579 1468 sacerdotes
1624 1420 1734 1469 tam
1781 1409 2076 1465 monachos

483 1519 647 1576 quam
695 1514 750 1560 et
796 1505 1138 1574 canonicos,
1172 1505 1286 1562 sive
1337 1515 1565 1562 cunctos
1595 1504 1821 1561 clericos
1873 1511 1929 1558 et
1976 1501 2078 1558 lai-

2177 489 2260 536 est
2285 493 2627 548 summopere
2671 477 3015 549 deprecando
3059 476 3174 531 fieri
3196 475 3336 545 jussi
3365 485 3421 532 et
3463 479 3772 550 postulavi;

2175 580 2232 627 et
2250 570 2297 627 si
2324 570 2446 640 quis
2463 570 2638 634 aliter,
2671 570 2726 624 in
2749 577 3008 640 quantum
3050 568 3279 624 facultas
3323 568 3506 638 fuerit,
3531 582 3626 627 aut
3675 573 3778 627 dc-

2176 662 2346 717 terius
2376 662 2442 718 de
2486 661 2818 732 praescriptis
2869 661 3032 716 rebus
3076 660 3416 730 Dominoque
3456 661 3653 719 oblatis
3700 665 3778 720 ad

2174 751 2396 824 pmﬁxa
2412 752 2718 823 peragenda
2743 751 2938 823 egerit,
2971 757 3097 805 ante
3151 749 3387 805 tribunal
3423 752 3637 806 Domini
3669 768 3776 806 no-

2174 845 2277 902 stri
2303 843 2432 902 Jesu
2461 845 2660 901 Christi
2689 844 2755 900 de
2775 859 2874 899 sua
2907 842 3326 912 praisumptione
3359 845 3806 899 tremebundam.

2173 937 2408 993 deducat
2435 937 2722 992 rationem.
2753 932 2963 991 Obnixe
2983 947 3198 1004 quoque
3239 947 3430 990 omnes
3455 949 3670 1005 precor,
3713 944 3782 988 ut

2177 1024 2358 1082 taliter
2377 1042 2445 1082 ex
2469 1026 2720 1082 omnibus
2745 1025 2799 1080 in
2821 1025 2924 1080 hac
2944 1023 3190 1080 chartula
3243 1025 3568 1095 conscriptis
3607 1031 3783 1097 agant

2178 1119 2412 1190 qualiter
2432 1119 2804 1200 inconspectu
2829 1118 3064 1185 Domini,
3095 1117 3240 1188 quod
3285 1118 3449 1184 absit,
3501 1125 3556 1174 et
3604 1121 3779 1172 vitam

2178 1219 2458 1279 aeternam,
2491 1211 2722 1266 Domino
2761 1211 3051 1276 tribuente,
3080 1225 3188 1264 una
3214 1225 3338 1266 cum
3359 1208 3562 1266 sanctis
3585 1219 3642 1264 et
3663 1209 3780 1265 cle-

2178 1304 2284 1360 ctis
2304 1303 2402 1360 Dei
2424 1304 2630 1360 habere
2653 1312 2986 1360 mereantur.
3015 1301 3207 1358 Amen.

2853 1415 3097 1472 XXXIV.

2109 1555 2116 1568 ι
2182 1529 2432 1602 Sequitur
2471 1531 2740 1602 exemplar
2780 1535 3033 1603 prwcepti
3106 1533 3286 1586 aomni
3344 1529 3601 1586 Ludovici
3646 1532 3777 1602 piis-

483 1613 578 1654 cos
609 1598 662 1652 in
689 1607 878 1654 nostra
909 1599 1134 1655 dimcesi
1159 1608 1215 1654 et
1261 1599 1521 1668 parochia
1566 1605 1975 1654 commanentes
2021 1603 2078 1651 et
2115 1641 2126 1670 ;
2251 1598 2370 1658 simi
2395 1602 2620 1670 Augusti

481 1697 891 1757 conversantes,
924 1697 985 1744 ut
1015 1691 1068 1744 in
1098 1689 1670 1755 anniversariaobitus
1692 1690 1796 1744 mei
1817 1702 1919 1760 per
1959 1686 2075 1743 sin-

2251 1605 2370 1658 simi
2395 1602 2620 1674 Augusti
2659 1602 2816 1674 super
2856 1603 3220 1673 prwscriptam
3267 1603 3668 1673 descriptionem
3712 1605 3777 1657 de

2263 1673 2592 1746 eleemosyna
2629 1673 2832 1746 Aldrici
2875 1674 3101 1746 episcopi
3127 1689 3289 1728 causa
3315 1674 3583 1744 ﬁrmitatis
3611 1683 3660 1728 et
3671 1675 3774 1728 -in-

482 1779 636 1851 gulos
659 1794 832 1835 annos
859 1745 1148 1851 diligenter
1175 1788 1412 1837 tractent
1444 1753 1500 1836 et
1524 1779 1758 1836 fideliter
1785 1745 1839 1835 in
1862 1779 1943 1835 eis
1971 1793 2074 1849 pro
2105 1765 2155 1828 Β
2251 1745 2772 1851 ⁶⁰ην¹⁵ί⁸ί⁰⁷²ίζῖί⁰ξίί

482 1885 571 1926 me
590 1886 752 1926 orare
770 1871 1026 1926 studeant
1046 1879 1102 1927 et
1120 1871 1331 1943 vigilias
1368 1881 1425 1928 et
1447 1871 1642 1928 missas
1665 1870 1858 1927 devote
1880 1871 2074 1926 decan-

481 1972 618 2030 tent,
664 1972 743 2032 ut,
794 1963 1024 2020 Domino
1066 1973 1358 2031 annuente,
1402 1965 1779 2022 remissionem
1830 1966 2072 2020 omnium

484 2063 835 2127 peccatorum
859 2070 1100 2111 meorum
1125 2065 1181 2112 ct
1203 2057 1594 2128 indulgentiam
1649 2057 2074 2114 misericorditer

482 2149 762 2220 percipere
790 2163 1026 2215 merear,
1058 2158 1114 2204 et
1146 2149 1312 2204 vitam
1363 2150 1586 2220 insuper
1621 2150 1823 2205 habere
1869 2150 2073 2220 sempi-

482 2248 697 2296 ternam
723 2239 956 2296 valeam.
987 2241 1181 2297 Amen.
1209 2241 1410 2297 Precor
1451 2241 1612 2296 etiam
1641 2241 1920 2297 dominum
1947 2255 2075 2297 suc-

481 2343 754 2387 cessorem
790 2345 969 2386 meum
998 2345 1097 2401 per
1115 2331 1401 2388 Dominum
1440 2332 1887 2402 omnipotentem,
1941 2346 2076 2387 cun-

485 2431 712 2493 ctosque
730 2420 926 2478 fratres
948 2431 1005 2478 et
1053 2426 1471 2480 consacerdotes
1514 2432 1730 2480 nostros
1775 2431 2076 2490 contestor,

484 2525 752 2586 quatenus
787 2515 839 2572 ei
867 2516 1099 2572 ﬁdeliter
1129 2519 1398 2573 suadeant
1430 2527 1490 2570 ut
1518 2516 1562 2572 si
1586 2515 1817 2572 facultas
1877 2514 2080 2586 permi-

484 2607 641 2673 serit,
681 2614 738 2663 et
765 2606 842 2662 illi
869 2606 1159 2678 placuerit,
1197 2622 1294 2678 per
1335 2605 1573 2678 singulos
1595 2621 1765 2662 annos
1785 2605 1840 2661 in
1866 2606 1952 2662 die
1979 2605 2078 2662 ob-

490 2698 604 2756 itus
639 2698 999 2754 anniversarii
1029 2698 1138 2755 mei
1176 2698 1368 2758 desuo
1414 2698 1576 2756 faciat
1598 2698 1872 2768 praedictis
1902 2713 2082 2755 sacer-

484 2791 699 2848 dotibus
750 2798 861 2847 tam
907 2793 1190 2848 monachis
1239 2809 1402 2864 quam
1453 2802 1510 2850 et
1549 2794 1825 2852 canonicis
1853 2803 1907 2848 et
1948 2792 2079 2848 reli-

483 2882 608 2953 quis
647 2881 862 2940 clericis
883 2895 1046 2955 atque
1069 2886 1398 2956 pauperibus
1439 2887 1652 2957 plenam
1693 2895 1856 2958 atque
1881 2886 2082 2942 bonam

483 2972 856 3030 refectionem.
914 2974 983 3030 Et
1031 2975 1078 3030 si
1098 2974 1174 3030 illi
1205 2976 1308 3033 hoc
1353 2975 1573 3043 durum,
1622 2978 1766 3048 quod
1793 2978 1954 3043 absit,
1987 2985 2083 3033 aut

486 3062 702 3120 difﬁcile
728 3063 915 3132 fuerit,
955 3073 1087 3120 tunc
1119 3067 1188 3121 de
1231 3065 1360 3120 villa
1416 3065 1705 3134 Buxarias,
1759 3084 1922 3140 quam
1966 3068 2080 3124 fra-

485 3154 663 3211 tribus
683 3163 740 3210 et
776 3156 1056 3212 canonicis
1077 3157 1279 3213 nostris
1298 3172 1395 3226 per
1425 3137 1808 3215 testamentum
1858 3160 2087 3216 firmiter
2113 3137 2160 3202 (ἶ

485 3246 920 3314 corroboratum,
965 3256 1021 3303 et
1051 3262 1148 3319 per
1191 3257 1521 3320 praeceptum
1575 3250 1780 3306 domini
1829 3249 2089 3308 Ludovici

487 3338 722 3412 piissimi
751 3339 1097 3411 imperatoris
1140 3341 1521 3398 confirmatum
1573 3353 1762 3414 sponte
1823 3355 1881 3400 et
1931 3346 2090 3402 devo-

489 3429 701 3485 tissime
726 3429 944 3498 tradidi,
974 3440 1136 3502 atque
1142 3433 1544 3508 perpetualiter
1594 3435 1975 3504 possidendam
2032 3446 2089 3494 et

492 3520 878 3592 perfruendam
910 3523 1130 3594 reliqui,
1156 3524 1247 3581 illa
1275 3524 1502 3582 refectio
1527 3541 1648 3598 qua;
1676 3528 1838 3584 modo
1872 3537 1927 3584 et
1947 3529 2091 3585 sicut

490 3613 654 3668 modo
673 3623 1014 3684 praeparatur
1058 3624 1115 3671 et
1165 3616 1346 3688 agitur
1381 3617 1436 3672 in
1461 3619 1548 3674 die
1577 3619 1773 3676 natalis
1797 3629 1852 3676 et
1871 3621 2090 3677 ordina-

488 3695 659 3763 tiouis
701 3722 859 3775 meae,
890 3723 1084 3779 precor
1110 3718 1172 3764 ut
1227 3719 1578 3766 convertatur
1626 3710 1869 3769 funditus
1901 3713 1956 3768 in
2002 3714 2091 3771 die

494 3799 674 3856 obitus
697 3808 752 3855 et
775 3800 1132 3856 anniversarii
1158 3801 1286 3869 mei,
1313 3811 1370 3858 et
1389 3803 1530 3858 sicut
1558 3804 1613 3858 in
1639 3804 1902 3876 praedicto
1929 3813 2091 3860 testa-

489 3899 676 3948 mento
697 3891 1008 3949 continetur
1028 3908 1127 3965 per
1150 3910 1236 3950 om
1249 3894 1340 3950 nia
1369 3895 1444 3950 ita
1484 3904 1699 3968 agatur,
1751 3904 1808 3953 et
1827 3897 1969 3953 sicut
2033 3897 2092 3954 in

493 4000 563 4042 eo
591 3986 851 4056 scriptum
874 3995 958 4042 est
973 3988 1324 4044 devotissime
1343 3997 1400 4045 et
1419 3988 1732 4047 fidelissime
1750 3991 2086 4064 perficiatur,

497 4085 561 4132 ut
587 4075 940 4134 refectionem
969 4087 1025 4135 et
1051 4080 1474 4138 consolationem
1505 4081 1742 4139 habeant
1782 4083 1837 4138 in
1860 4083 1949 4140 illa
2003 4084 2092 4140 die

491 4176 604 4222 tam
635 4168 946 4225 sacerdotes
975 4178 1032 4226 et
1072 4169 1258 4228 clerici
1303 4188 1468 4244 quam
1501 4183 1557 4230 et
1591 4189 1854 4246 pauperes
1874 4184 1930 4232 et
1953 4175 2094 4232 indi-

494 4271 685 4334 gentes
730 4263 824 4333 qui
849 4279 948 4335 pro
983 4279 1071 4319 me
1099 4265 1406 4322 miserrimo
1437 4276 1728 4338 peccatore
1789 4271 2088 4338 oraverint,

492 4361 556 4406 ut
599 4366 791 4408 omnes
817 4352 1013 4410 devota
1042 4365 1226 4411 mente
1253 4356 1387 4412 inibi
1412 4358 1652 4428 requiem
1696 4367 1960 4416 aeternam
1989 4362 2091 4416 11a-

492 4441 626 4498 here
650 4441 876 4500 exorent
898 4445 1231 4516 suppliciter.
1255 4447 1481 4518 Insuper
1506 4449 1748 4520 supplico
1767 4451 2087 4521 praedictum

493 4547 864 4590 successorem
890 4550 1071 4590 meum
1098 4545 1156 4591 ut
1186 4537 1466 4608 praefatum
1495 4525 1877 4597 testamentum
1906 4558 2088 4600 meum

495 4627 640 4698 quod
700 4627 768 4684 de
823 4627 1046 4700 praefixa
1111 4629 1234 4685 villa
1296 4630 1562 4688 Buxarias
1621 4632 1767 4701 feci,
1825 4636 2086 4693 fratribus

492 4725 552 4774 et
578 4718 856 4780 canonicis
885 4722 1090 4776 nostris
1127 4735 1225 4793 per
1271 4722 1452 4777 omnia
1499 4738 1804 4793 conservet,
1847 4736 1902 4782 et
1950 4729 2090 4784 sicut

495 4810 552 4866 in
581 4825 648 4866 eo
677 4811 990 4866 continetur
1016 4811 1278 4868 insertum
1303 4814 1370 4869 de
1410 4815 1648 4887 quinque
1702 4817 2089 4877 refectionibus

494 4918 685 4959 eorum
712 4911 764 4959 et
787 4903 1016 4958 aliorum
1043 4906 1388 4962 sacerdotum
1431 4924 1496 4964 ac
1534 4910 1856 4966 clericorum
1925 4920 2088 4982 atque

499 5010 796 5065 pauperum
825 4995 1113 5068 diligenter
1149 4998 1446 5072 adimplere
1470 5000 1655 5067 faciat,
1684 5010 1746 5056 ut
1761 5018 1950 5060 omnes
1996 5022 2096 5076 per

501 5087 743 5159 singulas
768 5086 1096 5145 festivitates
1140 5099 1369 5147 exorent
1389 5100 1445 5146 et
1467 5092 1650 5148 dicant
1677 5108 1693 5147 :
1727 5093 1962 5162 Aldrico,
1986 5096 2095 5150 Do-

503 5179 640 5238 mine
667 5219 682 5246 ,
729 5180 964 5252 pontiﬁci
1014 5192 1191 5237 nostro
1230 5183 1300 5238 da
1346 5185 1575 5256 requiem
1633 5195 1881 5241 arternam
1925 5199 1973 5242 et
2013 5188 2095 5243 vi-

500 5281 609 5326 tam
633 5275 1022 5343 sempiternam.
1071 5278 1256 5331 Amen.
1309 5277 1385 5333 De
1423 5276 1535 5346 jam
1562 5278 1721 5334 dictis
1746 5294 1874 5352 ergo
1933 5282 2095 5336 rebus

501 5376 660 5418 nemo
691 5363 893 5434 aliquid
914 5381 1092 5420 meum
1128 5375 1279 5436 putet
1322 5383 1443 5423 esse
1492 5369 1595 5424 nisi
1649 5369 1716 5424 ad
1773 5371 2095 5427 amelioran-

503 5454 630 5509 dum
683 5465 738 5510 et
779 5458 1041 5514 canonice
1075 5457 1494 5530 dispensandum
1529 5503 1543 5527 ,
1586 5462 1840 5533 quoniam
1865 5463 2094 5522 Domino

503 5547 690 5603 omnia
713 5566 833 5620 qua:
861 5552 917 5607 in
947 5554 1052 5609 hac
1081 5553 1325 5609 chartula
1355 5567 1653 5613 memorata
1705 5567 1760 5614 et
1785 5561 2093 5631 conscripta

505 5648 632 5694 sunt
657 5656 755 5712 per
787 5643 890 5699 hoc
936 5652 1320 5702 testamentum
1359 5663 1599 5720 praesens
1651 5650 1831 5707 taliter
1872 5653 2090 5722 tradidi,

507 5739 565 5787 et
590 5732 656 5788 ad
684 5735 944 5807 praedicta
973 5737 1234 5808 explenda
1259 5749 1313 5797 et
1337 5743 1640 5814 peragenda
1684 5742 1915 5802 ﬁrmiter
1938 5745 2089 5802 dele-

2111 4497 2167 4560 D

2565 1836 2726 1909 (Vide
2751 1835 3058 1910 ubipsupra,
3085 1835 3189 1892 col.
3220 1835 3380 1907 l275)

2865 1946 3084 2004 XXXV.

2175 2063 2836 2148 Exemplarimmunitatis
2865 2064 3090 2148 .Sancta:
3106 2136 3118 2148 .
3141 2064 3329 2121 Maria:
3354 2073 3403 2148 et
3437 2063 3619 2148 sancti
3647 2063 3779 2148 Cer-

2247 2135 2395 2263 iilasii.
2430 2145 2481 2193 et
2547 2137 2752 2192 Aldrici
2796 2137 3021 2209 episcOpi
3083 2136 3148 2192 de
3193 2137 3510 2192 monasterio
3561 2135 3780 2194 Sancta:

2311 2223 2462 2265 ante.
3587 2255 3600 2264 .

2518 2299 2677 2372 (Vide
2705 2299 2799 2357 ubi
2818 2314 3004 2371 supra,
3035 2298 3138 2356 col.
3164 2297 3347 2370 1275.)

2857 2412 3100 2470 XXXVI.

2181 2506 2320 2566 Item
2343 2507 2610 2580 exemplar
2641 2509 2887 2580 prcecepti
2923 2507 3104 2580 damni
3138 2505 3394 2580 Ludovici
3431 2504 3657 2580 piissimi
3687 2506 3786 2560 im-

2253 2575 2512 2651 peratoris
2535 2580 2599 2651 de
2631 2575 2952 2651 monasterio
2967 2575 3438 2651 AAnisolteAldrico
3461 2576 3702 2646 episcopo
3725 2585 3781 2651 et

2254 2646 2485 2705 ecclesia:
2505 2650 2603 2704 sibi
2641 2650 2933 2704 commissa:
2961 2646 3302 2717 imperialiter
3335 2647 3781 2717 actum,gquando

2251 2721 2533 2792 prtedictus
2579 2720 2803 2792 domnus
2849 2715 3143 2792 Ludovicus
3187 2717 3470 2792 imperato!
3513 2715 3646 2769 illud
3667 2733 3780 2792 _¢_:a-

2254 2785 2438 2846 nonice
2462 2802 2617 2862 atque
2642 2790 2880 2862 legaliter
2909 2789 3143 2858 reddidit
3165 2785 3396 2862 ecclesiis
3421 2785 3633 2862 Sanctis
3657 2786 3778 2862 lla-

2255 2863 2351 2917 τίω
2376 2870 2424 2916 et
2471 2857 2652 2916 sancti
2682 2857 2918 2916 Gervasii
2935 2901 2950 2927 ,
2978 2857 3264 2915 memorato
3291 2857 3505 2914 Aldrico
3541 2857 3781 2928 ejusdem

2257 2934 2444 2988 matris
2472 2931 2707 2987 ecclesia:
2730 2934 2986 3003 episcopo.

2573 3023 2732 3095 (Vide
2759 3023 2853 3081 ubi
2885 3036 3074 3094 supra,
3101 3021 3205 3080 col.
3236 3019 3395 3077 1275.

2843 3137 3109 3195 XXXVII.

2188 3230 2480 3301 Exemplar
2506 3231 2749 3303 praecepti
2793 3231 2974 3303 damni
3007 3229 3269 3303 Ludovici
3295 3229 3518 3303 piissimi
3551 3229 3789 3303 impera-

2259 3305 2389 3373 toris
2419 3303 2482 3356 de
2507 3301 2718 3357 moneta
2740 3301 2955 3357 Aldrico
2981 3302 3345 3356 Cenomanicw
3375 3301 3518 3356 urbis
3538 3302 3784 3373 episcono

2260 3372 2476 3444 ejusque
2498 3373 2884 3427 successoribus
2913 3387 3178 3426 concessa.

2565 3465 2725 3536 (Vide
2752 3467 2844 3522 ubi
2869 3480 3050 3536 supra,
3083 3464 3185 3520 col.
3217 3463 3401 3536 1276.)

2844 3578 3128 3635 XXXVIII.

2191 3671 2329 3728 Item
2352 3671 2620 3743 exemplar
2644 3673 2893 3744 praecepti
2919 3673 3268 3744 immanitatis
3300 3672 3502 3728 domini
3528 3671 3779 3744 Ludovici

2261 3741 2592 3827 imperatoris
2619 3741 2682 3794 de
2709 3741 2896 3827 .San'cti
2926 3743 3188 3827 Carilephi
3227 3743 3546 3798 monasterio
3585 3743 3656 3798 de
3694 3742 3783 3796 Al-

2263 3813 2408 3868 drico
2434 3813 2674 3884 episcopo
2703 3813 3060 3881 impetratum.

2573 3901 2733 3976 (Vide
2755 3903 2849 3958 ubi
2879 3917 3066 3974 supra,
3091 3905 3196 3960 col.
3224 3905 3410 3978 1278.)

2862 4017 3105 4075 XXXIX.

2195 4111 2334 4170 Item
2364 4112 2632 4198 eaemplar
2651 4114 2896 4198 prmcepti
2931 4113 3110 4198 damni
3153 4114 3402 4198 Ludovici
3429 4115 3784 4198 piissimi_im-

2265 4182 2526 4255 peratoris
2571 4182 2792 4256 de‘villa
2821 4182 3104 4255 Lugduno,
3153 4185 3292 4256 quod
3312 4255 3317 4256 γ
3342 4182 3462 4252 fecit
3501 4185 3784 4256 praedictus

2265 4253 2551 4330 imperator
2578 4253 2945 4330 Cenomanicie
2985 4253 3173 4312 matris
3213 4255 3443 4312 ecclesiis
3480 4253 3527 4312 et
3566 4254 3786 4311 Aldrico

2267 4326 2501 4397 ejusdem
2526 4325 2757 4382 ecclesia:
2780 4325 3041 4398 ep'iswpo.

2580 4416 2737 4488 (Vide
2762 4415 2854 4472 ubi
2882 4432 3065 4487 supra,
3095 4416 3197 4474 col.
3227 4416 3411 4490 1279.)

2936 4527 3051 4585 XL.

2229 4622 2309 4679 De
2335 4623 2663 4679 dedicatione
2687 4624 2908 4678 senioris
2939 4621 3124 4678 altaris
3153 4623 3384 4679 Anisolte
3419 4625 3746 4679 monasterii.
3821 4673 3826 4678 .

2179 4773 2210 4780 ._
2264 4724 2420 4779 Anno
2448 4722 2841 4777 incarnationis
2859 4720 3075 4776 Domini
3097 4723 3268 4779 nostri
3290 4721 3417 4778 Jesu
3436 4720 3638 4779 Christi
3657 4722 3784 4789 8'58,

2196 4815 2490 4872 indictione
2527 4830 2658 4870 vero
2695 4814 2894 4884 prima,
2939 4829 3082 4869 anno
3121 4815 3388 4886 siquidem
3433 4830 3541 4869 xxv
3569 4813 3787 4886 imperii

2197 4909 2378 4966 domni
2410 4907 2668 4963 Ludovici
2689 4907 2919 4977 piissimi
2950 4907 3316 4978 imperatoris,
3347 4922 3490 4962 anno
3513 4919 3670 4962 seon
3690 4923 3788 4962 or-

2197 5000 2490 5057 dinationis
2511 4999 2713 5055 Aldrici
2735 4997 3115 5054 Cenomanicae
3135 5000 3287 5054 urbis
3309 4999 3572 5070 episcopi,
3595 4999 3788 5069 quinto

2198 5105 2418 5162 quoque
2466 5090 2656 5146 Iduum
2688 5091 2953 5146 Maiarum
2982 5090 3092 5156 die,
3126 5089 3440 5146 solemniter
3467 5090 3650 5146 senius
3685 5090 3784 5145 de-

2202 5192 2386 5239 catum
2419 5193 2501 5239 est
2527 5183 2703 5241 altare
2745 5183 2978 5239 senioris
3007 5183 3253 5239 ecclesia:
3298 5182 3615 5240 monasterii
3655 5181 3787 5237 Ani-

2200 5277 2329 5334 sola:
2353 5293 2383 5331 a
2413 5276 2640 5349 praefixo
2685 5277 2940 5348 episcopo
2966 5276 3187 5332 Aldrico
3233 5276 3288 5331 in
3336 5277 3544 5331 honore
3573 5273 3786 5331 Domini

2202 5371 2501 5428 Salvatoris
2524 5379 2578 5428 et
2620 5377 2823 5426 sancta:
2861 5367 3126 5438 ejusdem
3153 5368 3250 5423 Dei
3295 5367 3574 5438 genitricis
3605 5366 3787 5422 Maria:

2201 5465 2485 5536 sanctique
2512 5463 2730 5521 Martini
2775 5462 3110 5519 confessoris
3160 5460 3442 5533 praecipui.
3473 5459 3530 5514 In
3565 5459 3788 5530 prmfixo

2199 5573 2330 5629 ergo
2370 5557 2558 5614 Iduum
2605 5558 2692 5614 die
2733 5572 2859 5612 cum
2901 5554 3188 5628 psallentio
3225 5561 3506 5624 susceptus
3549 5561 3632 5608 est
3670 5551 3785 5621 jam

2201 5653 2378 5709 dictus
2418 5651 2670 5708 Aldricus
2706 5651 3009 5721 episcolius,
3048 5649 3222 5717 primo
3259 5646 3631 5733 postquampi
3659 5645 3784 5702 red-

2200 5745 2374 5802 ditum
2402 5743 2504 5800 fuit
2540 5751 2896 5800 memoratum
2926 5739 3162 5818 Anisolm
3209 5739 3603 5802 monasterium
3629 5755 3662 5796 ι
3686 5739 3783 5796 do-
