  <div class='ocr_page' id='page_1' title='image "/cluster/home/n/w/nwhite01/storage/ocr_20150623/115/hvd.32044015466873/040.png"; bbox 0 0 4044 6326; ppageno 0'>
   <div class='ocr_carea' id='block_1_1' title="bbox 246 317 1838 386">
    <p class='ocr_par' dir='ltr' id='par_1_1' title="bbox 246 317 1833 385">
     <span class='ocr_line' id='line_1_1' title="bbox 246 317 1833 385; baseline -0.001 -1"><span class='ocrx_word' id='word_1_1' title='bbox 246 328 322 385; x_wconf 77' lang='lat'><strong>75</strong></span> <span class='ocrx_word' id='word_1_2' title='bbox 710 317 718 336; x_wconf 80' lang='grc'><em>’</em></span> <span class='ocrx_word' id='word_1_3' title='bbox 1797 327 1833 383; x_wconf 83' lang='lat' dir='ltr'><strong>V</strong></span> 
     </span>
    </p>
   </div>
   <div class='ocr_carea' id='block_1_2' title="bbox 1938 317 3504 386">
    <p class='ocr_par' dir='ltr' id='par_1_2' title="bbox 1938 330 3504 386">
     <span class='ocr_line' id='line_1_2' title="bbox 1938 330 3504 386; baseline 0.004 -7"><span class='ocrx_word' id='word_1_4' title='bbox 1938 355 1969 379; x_wconf 67' lang='grc' dir='ltr'><strong>ι.</strong></span> <span class='ocrx_word' id='word_1_5' title='bbox 3436 330 3504 386; x_wconf 60' lang='grc'><strong>78</strong></span> 
     </span>
    </p>
   </div>
   <div class='ocr_carea' id='block_1_3' title="bbox 246 438 3506 518">
    <p class='ocr_par' dir='ltr' id='par_1_3' title="bbox 246 438 3506 518">
     <span class='ocr_line' id='line_1_3' title="bbox 246 438 3506 518; baseline 0.001 -19"><span class='ocrx_word' id='word_1_6' title='bbox 246 455 382 499; x_wconf 88' lang='lat' dir='ltr'><strong>mno</strong></span> <span class='ocrx_word' id='word_1_7' title='bbox 429 439 708 496; x_wconf 85' lang='lat' dir='ltr'><strong>Ludovico</strong></span> <span class='ocrx_word' id='word_1_8' title='bbox 747 438 1092 512; x_wconf 74' lang='lat' dir='ltr'><strong>imperatore,</strong></span> <span class='ocrx_word' id='word_1_9' title='bbox 1141 453 1170 496; x_wconf 88' lang='lat' dir='ltr'><strong>a</strong></span> <span class='ocrx_word' id='word_1_10' title='bbox 1203 439 1482 497; x_wconf 84' lang='lat' dir='ltr'><strong>monachis</strong></span> <span class='ocrx_word' id='word_1_11' title='bbox 1519 447 1577 496; x_wconf 90' lang='lat' dir='ltr'><strong>et</strong></span> <span class='ocrx_word' id='word_1_12' title='bbox 1611 438 1834 510; x_wconf 84' lang='lat' dir='ltr'><strong>reliquis</strong></span> <span class='ocrx_word' id='word_1_13' title='bbox 1859 451 1913 510; x_wconf 70' lang='grc' dir='ltr'>Α</span> <span class='ocrx_word' id='word_1_14' title='bbox 1935 439 2101 496; x_wconf 87' lang='lat' dir='ltr'><strong>etiam</strong></span> <span class='ocrx_word' id='word_1_15' title='bbox 2128 448 2328 496; x_wconf 81' lang='lat' dir='ltr'><strong>sanctae</strong></span> <span class='ocrx_word' id='word_1_16' title='bbox 2354 439 2508 498; x_wconf 84' lang='lat' dir='ltr'><strong>Juliae</strong></span> <span class='ocrx_word' id='word_1_17' title='bbox 2541 440 2768 518; x_wconf 79' lang='lat' dir='ltr'><strong>fratrem</strong></span> <span class='ocrx_word' id='word_1_18' title='bbox 2801 442 3044 499; x_wconf 87' lang='lat' dir='ltr'><strong>nonnulli</strong></span> <span class='ocrx_word' id='word_1_19' title='bbox 3069 457 3191 500; x_wconf 89' lang='lat' dir='ltr'><strong>esse</strong></span> <span class='ocrx_word' id='word_1_20' title='bbox 3221 453 3506 515; x_wconf 72' lang='lat' dir='ltr'><strong>testantur,</strong></span> 
     </span>
    </p>
   </div>
   <div class='ocr_carea' id='block_1_4' title="bbox 245 531 1835 602">
    <p class='ocr_par' dir='ltr' id='par_1_4' title="bbox 245 531 1835 602">
     <span class='ocr_line' id='line_1_4' title="bbox 245 531 1835 602; baseline -0.003 -12"><span class='ocrx_word' id='word_1_21' title='bbox 245 532 522 590; x_wconf 82' lang='lat' dir='ltr'><strong>nobilibus</strong></span> <span class='ocrx_word' id='word_1_22' title='bbox 551 531 860 588; x_wconf 90' lang='lat' dir='ltr'><strong>hominibus</strong></span> <span class='ocrx_word' id='word_1_23' title='bbox 904 533 958 588; x_wconf 92' lang='lat' dir='ltr'><strong>in</strong></span> <span class='ocrx_word' id='word_1_24' title='bbox 997 533 1116 602; x_wconf 90' lang='lat' dir='ltr'><strong>ipso</strong></span> <span class='ocrx_word' id='word_1_25' title='bbox 1146 533 1507 600; x_wconf 89' lang='lat' dir='ltr'><strong>monasterio;</strong></span> <span class='ocrx_word' id='word_1_26' title='bbox 1538 533 1624 587; x_wconf 92' lang='lat' dir='ltr'><strong>cui</strong></span> <span class='ocrx_word' id='word_1_27' title='bbox 1655 532 1835 586; x_wconf 52' lang='lat' dir='ltr'><strong>Domi-</strong></span> 
     </span>
    </p>
   </div>
   <div class='ocr_carea' id='block_1_5' title="bbox 244 627 1836 698">
    <p class='ocr_par' dir='ltr' id='par_1_5' title="bbox 244 627 1836 698">
     <span class='ocr_line' id='line_1_5' title="bbox 244 627 1836 698; baseline -0.001 -14"><span class='ocrx_word' id='word_1_28' title='bbox 244 644 355 684; x_wconf 91' lang='lat' dir='ltr'><strong>nus</strong></span> <span class='ocrx_word' id='word_1_29' title='bbox 401 627 654 698; x_wconf 85' lang='lat' dir='ltr'><strong>precibus</strong></span> <span class='ocrx_word' id='word_1_30' title='bbox 716 627 1097 697; x_wconf 68' lang='lat' dir='ltr'><strong>praedictorum</strong></span> <span class='ocrx_word' id='word_1_31' title='bbox 1135 635 1191 682; x_wconf 89' lang='lat' dir='ltr'><strong>et</strong></span> <span class='ocrx_word' id='word_1_32' title='bbox 1235 627 1478 684; x_wconf 91' lang='lat' dir='ltr'><strong>omnium</strong></span> <span class='ocrx_word' id='word_1_33' title='bbox 1523 635 1836 684; x_wconf 89' lang='lat' dir='ltr'><strong>sanctorum</strong></span> 
     </span>
    </p>
   </div>
   <div class='ocr_carea' id='block_1_6' title="bbox 243 717 1185 774">
    <p class='ocr_par' dir='ltr' id='par_1_6' title="bbox 243 717 1185 774">
     <span class='ocr_line' id='line_1_6' title="bbox 243 717 1185 774; baseline -0.001 0"><span class='ocrx_word' id='word_1_34' title='bbox 243 728 513 774; x_wconf 72' lang='lat' dir='ltr'><strong>mtcrnam</strong></span> <span class='ocrx_word' id='word_1_35' title='bbox 543 717 746 772; x_wconf 75' lang='lat' dir='ltr'><strong>tribuat</strong></span> <span class='ocrx_word' id='word_1_36' title='bbox 772 719 962 772; x_wconf 89' lang='lat' dir='ltr'><strong>vitam.</strong></span> <span class='ocrx_word' id='word_1_37' title='bbox 995 718 1185 773; x_wconf 86' lang='lat' dir='ltr'><strong>Amen.</strong></span> 
     </span>
    </p>
   </div>
   <div class='ocr_carea' id='block_1_7' title="bbox 316 809 1833 884">
    <p class='ocr_par' dir='ltr' id='par_1_7' title="bbox 316 809 1833 884">
     <span class='ocr_line' id='line_1_7' title="bbox 316 809 1833 884; baseline 0.002 -18"><span class='ocrx_word' id='word_1_38' title='bbox 316 809 549 876; x_wconf 82' lang='lat' dir='ltr'><strong>Praesul,</strong></span> <span class='ocrx_word' id='word_1_39' title='bbox 575 825 695 876; x_wconf 89' lang='lat' dir='ltr'><strong>ave,</strong></span> <span class='ocrx_word' id='word_1_40' title='bbox 723 818 930 878; x_wconf 89' lang='lat' dir='ltr'><strong>noster,</strong></span> <span class='ocrx_word' id='word_1_41' title='bbox 961 811 1138 867; x_wconf 87' lang='lat' dir='ltr'><strong>cuncti</strong></span> <span class='ocrx_word' id='word_1_42' title='bbox 1189 819 1261 878; x_wconf 91' lang='lat' dir='ltr'><strong>te,</strong></span> <span class='ocrx_word' id='word_1_43' title='bbox 1287 811 1526 879; x_wconf 84' lang='lat' dir='ltr'><strong>Aldrice,</strong></span> <span class='ocrx_word' id='word_1_44' title='bbox 1557 827 1833 884; x_wconf 81' lang='lat' dir='ltr'><strong>rogamus,</strong></span> 
     </span>
    </p>
   </div>
   <div class='ocr_carea' id='block_1_8' title="bbox 392 900 1756 974">
    <p class='ocr_par' dir='ltr' id='par_1_8' title="bbox 392 900 1756 974">
     <span class='ocr_line' id='line_1_8' title="bbox 392 900 1756 974; baseline 0.003 -19"><span class='ocrx_word' id='word_1_45' title='bbox 392 900 548 957; x_wconf 82' lang='lat' dir='ltr'><strong>Nunc</strong></span> <span class='ocrx_word' id='word_1_46' title='bbox 573 901 716 956; x_wconf 87' lang='lat' dir='ltr'><strong>altus</strong></span> <span class='ocrx_word' id='word_1_47' title='bbox 743 901 994 957; x_wconf 91' lang='lat' dir='ltr'><strong>dominus</strong></span> <span class='ocrx_word' id='word_1_48' title='bbox 1011 919 1200 969; x_wconf 78' lang='lat' dir='ltr'><strong>,~nunc</strong></span> <span class='ocrx_word' id='word_1_49' title='bbox 1228 903 1553 973; x_wconf 90' lang='lat' dir='ltr'><strong>humilisque</strong></span> <span class='ocrx_word' id='word_1_50' title='bbox 1580 913 1756 974; x_wconf 91' lang='lat' dir='ltr'><strong>pater.</strong></span> 
     </span>
    </p>
   </div>
   <div class='ocr_carea' id='block_1_9' title="bbox 319 991 1598 1064">
    <p class='ocr_par' dir='ltr' id='par_1_9' title="bbox 319 991 1598 1064">
     <span class='ocr_line' id='line_1_9' title="bbox 319 991 1598 1064; baseline 0.002 -18"><span class='ocrx_word' id='word_1_51' title='bbox 319 992 405 1046; x_wconf 86' lang='lat' dir='ltr'><strong>En</strong></span> <span class='ocrx_word' id='word_1_52' title='bbox 433 1001 523 1046; x_wconf 90' lang='lat' dir='ltr'><strong>tua</strong></span> <span class='ocrx_word' id='word_1_53' title='bbox 550 991 690 1048; x_wconf 88' lang='lat' dir='ltr'><strong>fama</strong></span> <span class='ocrx_word' id='word_1_54' title='bbox 714 992 861 1049; x_wconf 87' lang='lat' dir='ltr'><strong>sacri</strong></span> <span class='ocrx_word' id='word_1_55' title='bbox 895 992 1120 1064; x_wconf 87' lang='lat' dir='ltr'><strong>vulgans</strong></span> <span class='ocrx_word' id='word_1_56' title='bbox 1147 995 1417 1064; x_wconf 63' lang='lat' dir='ltr'><strong>praeconia</strong></span> <span class='ocrx_word' id='word_1_57' title='bbox 1443 993 1598 1062; x_wconf 88' lang='lat' dir='ltr'><strong>facti,</strong></span> 
     </span>
    </p>
   </div>
   <div class='ocr_carea' id='block_1_10' title="bbox 392 1083 1576 1157">
    <p class='ocr_par' dir='ltr' id='par_1_10' title="bbox 392 1083 1576 1157">
     <span class='ocr_line' id='line_1_10' title="bbox 392 1083 1576 1157; baseline 0 -17"><span class='ocrx_word' id='word_1_58' title='bbox 392 1083 665 1140; x_wconf 83' lang='lat' dir='ltr'><strong>Gallorum</strong></span> <span class='ocrx_word' id='word_1_59' title='bbox 697 1086 875 1141; x_wconf 87' lang='lat' dir='ltr'><strong>celsas</strong></span> <span class='ocrx_word' id='word_1_60' title='bbox 897 1086 1047 1142; x_wconf 82' lang='lat' dir='ltr'><strong>venit</strong></span> <span class='ocrx_word' id='word_1_61' title='bbox 1069 1087 1138 1140; x_wconf 88' lang='lat' dir='ltr'><strong>ad</strong></span> <span class='ocrx_word' id='word_1_62' title='bbox 1169 1102 1340 1157; x_wconf 90' lang='lat' dir='ltr'><strong>usque</strong></span> <span class='ocrx_word' id='word_1_63' title='bbox 1365 1087 1576 1143; x_wconf 92' lang='lat' dir='ltr'><strong>domos.</strong></span> 
     </span>
    </p>
   </div>
   <div class='ocr_carea' id='block_1_11' title="bbox 320 1175 1833 1248">
    <p class='ocr_par' dir='ltr' id='par_1_11' title="bbox 320 1175 1833 1248">
     <span class='ocr_line' id='line_1_11' title="bbox 320 1175 1833 1248; baseline 0.005 -18"><span class='ocrx_word' id='word_1_64' title='bbox 320 1175 425 1243; x_wconf 87' lang='lat' dir='ltr'><strong>Qui</strong></span> <span class='ocrx_word' id='word_1_65' title='bbox 463 1191 522 1232; x_wconf 91' lang='lat' dir='ltr'><strong>es</strong></span> <span class='ocrx_word' id='word_1_66' title='bbox 551 1177 639 1248; x_wconf 90' lang='lat' dir='ltr'><strong>pia</strong></span> <span class='ocrx_word' id='word_1_67' title='bbox 665 1191 791 1246; x_wconf 91' lang='lat' dir='ltr'><strong>spes</strong></span> <span class='ocrx_word' id='word_1_68' title='bbox 815 1178 1033 1247; x_wconf 83' lang='lat' dir='ltr'><strong>patriae,</strong></span> <span class='ocrx_word' id='word_1_69' title='bbox 1063 1177 1301 1232; x_wconf 83' lang='lat' dir='ltr'><strong>solamen</strong></span> <span class='ocrx_word' id='word_1_70' title='bbox 1327 1186 1383 1234; x_wconf 92' lang='lat' dir='ltr'><strong>et</strong></span> <span class='ocrx_word' id='word_1_71' title='bbox 1409 1179 1614 1248; x_wconf 89' lang='lat' dir='ltr'><strong>optima</strong></span> <span class='ocrx_word' id='word_1_72' title='bbox 1636 1180 1833 1248; x_wconf 87' lang='lat' dir='ltr'><strong>virtus,</strong></span> 
     </span>
    </p>
   </div>
   <div class='ocr_carea' id='block_1_12' title="bbox 391 1271 1472 1345">
    <p class='ocr_par' dir='ltr' id='par_1_12' title="bbox 391 1271 1472 1345">
     <span class='ocr_line' id='line_1_12' title="bbox 391 1271 1472 1345; baseline 0.004 -19"><span class='ocrx_word' id='word_1_73' title='bbox 391 1272 708 1342; x_wconf 83' lang='lat' dir='ltr'><strong>Astmurus</strong></span> <span class='ocrx_word' id='word_1_74' title='bbox 733 1271 892 1328; x_wconf 91' lang='lat' dir='ltr'><strong>fortis</strong></span> <span class='ocrx_word' id='word_1_75' title='bbox 915 1283 972 1330; x_wconf 90' lang='lat' dir='ltr'><strong>et</strong></span> <span class='ocrx_word' id='word_1_76' title='bbox 996 1273 1220 1345; x_wconf 85' lang='lat' dir='ltr'><strong>clypeus</strong></span> <span class='ocrx_word' id='word_1_77' title='bbox 1246 1273 1472 1331; x_wconf 91' lang='lat' dir='ltr'><strong>validus.</strong></span> 
     </span>
    </p>
   </div>
   <div class='ocr_carea' id='block_1_13' title="bbox 940 1383 1157 1441">
    <p class='ocr_par' dir='ltr' id='par_1_13' title="bbox 940 1383 1157 1441">
     <span class='ocr_line' id='line_1_13' title="bbox 940 1383 1157 1441; baseline 0 -1"><span class='ocrx_word' id='word_1_78' title='bbox 940 1383 1032 1440; x_wconf 83' lang='lat' dir='ltr'><strong>XL</strong></span> <span class='ocrx_word' id='word_1_79' title='bbox 1061 1385 1157 1441; x_wconf 90' lang='lat' dir='ltr'><strong>bis.</strong></span> 
     </span>
    </p>
   </div>
   <div class='ocr_carea' id='block_1_14' title="bbox 245 1478 1835 1550">
    <p class='ocr_par' dir='ltr' id='par_1_14' title="bbox 245 1478 1835 1550">
     <span class='ocr_line' id='line_1_14' title="bbox 245 1478 1835 1550; baseline 0.001 -17"><span class='ocrx_word' id='word_1_80' title='bbox 245 1479 330 1534; x_wconf 82' lang='lat' dir='ltr'><strong>De</strong></span> <span class='ocrx_word' id='word_1_81' title='bbox 373 1479 713 1550; x_wconf 77' lang='lat' dir='ltr'><strong>hospitalium</strong></span> <span class='ocrx_word' id='word_1_82' title='bbox 751 1478 1120 1550; x_wconf 81' lang='lat' dir='ltr'><strong>constitutione</strong></span> <span class='ocrx_word' id='word_1_83' title='bbox 1143 1487 1191 1532; x_wconf 90' lang='lat' dir='ltr'><strong>et</strong></span> <span class='ocrx_word' id='word_1_84' title='bbox 1237 1479 1545 1550; x_wconf 82' lang='lat' dir='ltr'><strong>receptione,</strong></span> <span class='ocrx_word' id='word_1_85' title='bbox 1574 1487 1621 1534; x_wconf 88' lang='lat' dir='ltr'><strong>et</strong></span> <span class='ocrx_word' id='word_1_86' title='bbox 1651 1480 1715 1534; x_wconf 88' lang='lat' dir='ltr'><strong>de</strong></span> <span class='ocrx_word' id='word_1_87' title='bbox 1741 1495 1835 1535; x_wconf 76' lang='lat' dir='ltr'><strong>sex</strong></span> 
     </span>
    </p>
   </div>
   <div class='ocr_carea' id='block_1_15' title="bbox 320 1549 1836 1620">
    <p class='ocr_par' dir='ltr' id='par_1_15' title="bbox 320 1549 1836 1620">
     <span class='ocr_line' id='line_1_15' title="bbox 320 1549 1836 1620; baseline 0.001 -16"><span class='ocrx_word' id='word_1_88' title='bbox 320 1549 627 1605; x_wconf 86' lang='lat' dir='ltr'><strong>sanctorum</strong></span> <span class='ocrx_word' id='word_1_89' title='bbox 671 1549 973 1620; x_wconf 77' lang='lat' dir='ltr'><strong>corporibus</strong></span> <span class='ocrx_word' id='word_1_90' title='bbox 1002 1549 1057 1602; x_wconf 89' lang='lat' dir='ltr'><strong>in</strong></span> <span class='ocrx_word' id='word_1_91' title='bbox 1104 1549 1224 1604; x_wconf 84' lang='lat' dir='ltr'><strong>sinu</strong></span> <span class='ocrx_word' id='word_1_92' title='bbox 1263 1549 1450 1604; x_wconf 83' lang='lat' dir='ltr'><strong>matris</strong></span> <span class='ocrx_word' id='word_1_93' title='bbox 1477 1550 1707 1605; x_wconf 73' lang='lat' dir='ltr'><strong>ecclesia:</strong></span> <span class='ocrx_word' id='word_1_94' title='bbox 1745 1551 1836 1605; x_wconf 87' lang='lat' dir='ltr'><strong>de-</strong></span> 
     </span>
    </p>
   </div>
   <div class='ocr_carea' id='block_1_16' title="bbox 324 1619 1834 1690">
    <p class='ocr_par' dir='ltr' id='par_1_16' title="bbox 324 1619 1834 1690">
     <span class='ocr_line' id='line_1_16' title="bbox 324 1619 1834 1690; baseline 0.002 -18"><span class='ocrx_word' id='word_1_95' title='bbox 324 1619 450 1674; x_wconf 85' lang='lat' dir='ltr'><strong>latis</strong></span> <span class='ocrx_word' id='word_1_96' title='bbox 479 1631 525 1673; x_wconf 91' lang='lat' dir='ltr'><strong>et</strong></span> <span class='ocrx_word' id='word_1_97' title='bbox 555 1619 844 1684; x_wconf 83' lang='lat' dir='ltr'><strong>collocatis,</strong></span> <span class='ocrx_word' id='word_1_98' title='bbox 867 1636 1089 1690; x_wconf 78' lang='lat' dir='ltr'><strong>quorum</strong></span> <span class='ocrx_word' id='word_1_99' title='bbox 1121 1620 1333 1674; x_wconf 84' lang='lat' dir='ltr'><strong>nomina</strong></span> <span class='ocrx_word' id='word_1_100' title='bbox 1361 1622 1445 1674; x_wconf 84' lang='lat' dir='ltr'><strong>hic</strong></span> <span class='ocrx_word' id='word_1_101' title='bbox 1471 1620 1728 1676; x_wconf 84' lang='lat' dir='ltr'><strong>habentur</strong></span> <span class='ocrx_word' id='word_1_102' title='bbox 1753 1623 1834 1675; x_wconf 86' lang='lat' dir='ltr'><strong>in-</strong></span> 
     </span>
    </p>
   </div>
   <div class='ocr_carea' id='block_1_17' title="bbox 320 1687 1832 1762">
    <p class='ocr_par' dir='ltr' id='par_1_17' title="bbox 320 1687 1832 1762">
     <span class='ocr_line' id='line_1_17' title="bbox 320 1687 1832 1762; baseline 0.001 -17"><span class='ocrx_word' id='word_1_103' title='bbox 320 1701 502 1762; x_wconf 86' lang='lat' dir='ltr'><strong>serta;</strong></span> <span class='ocrx_word' id='word_1_104' title='bbox 553 1698 600 1744; x_wconf 89' lang='lat' dir='ltr'><strong>et</strong></span> <span class='ocrx_word' id='word_1_105' title='bbox 642 1691 706 1762; x_wconf 75' lang='lat' dir='ltr'><strong>tte</strong></span> <span class='ocrx_word' id='word_1_106' title='bbox 751 1687 1329 1762; x_wconf 10' lang='lat' dir='ltr'><strong>duodecimrsignisin</strong></span> <span class='ocrx_word' id='word_1_107' title='bbox 1365 1689 1607 1762; x_wconf 82' lang='lat' dir='ltr'><strong>clocariis</strong></span> <span class='ocrx_word' id='word_1_108' title='bbox 1649 1692 1832 1746; x_wconf 80' lang='lat' dir='ltr'><strong>matris</strong></span> 
     </span>
    </p>
   </div>
   <div class='ocr_carea' id='block_1_18' title="bbox 320 1759 1834 1830">
    <p class='ocr_par' dir='ltr' id='par_1_18' title="bbox 320 1759 1834 1830">
     <span class='ocr_line' id='line_1_18' title="bbox 320 1759 1834 1830; baseline 0 -15"><span class='ocrx_word' id='word_1_109' title='bbox 320 1761 554 1815; x_wconf 84' lang='lat' dir='ltr'><strong>ecclesia:</strong></span> <span class='ocrx_word' id='word_1_110' title='bbox 575 1759 862 1825; x_wconf 87' lang='lat' dir='ltr'><strong>collocatis,</strong></span> <span class='ocrx_word' id='word_1_111' title='bbox 893 1776 986 1830; x_wconf 87' lang='lat' dir='ltr'><strong>per</strong></span> <span class='ocrx_word' id='word_1_112' title='bbox 1008 1759 1254 1830; x_wconf 80' lang='lat' dir='ltr'><strong>singulas</strong></span> <span class='ocrx_word' id='word_1_113' title='bbox 1273 1761 1432 1815; x_wconf 83' lang='lat' dir='ltr'><strong>horas</strong></span> <span class='ocrx_word' id='word_1_114' title='bbox 1459 1761 1757 1828; x_wconf 84' lang='lat' dir='ltr'><strong>reboandis,</strong></span> <span class='ocrx_word' id='word_1_115' title='bbox 1786 1770 1834 1816; x_wconf 90' lang='lat' dir='ltr'><strong>et</strong></span> 
     </span>
    </p>
   </div>
   <div class='ocr_carea' id='block_1_19' title="bbox 320 1831 1835 1900">
    <p class='ocr_par' dir='ltr' id='par_1_19' title="bbox 320 1831 1835 1900">
     <span class='ocr_line' id='line_1_19' title="bbox 320 1831 1835 1900; baseline 0.001 -15"><span class='ocrx_word' id='word_1_116' title='bbox 320 1832 388 1885; x_wconf 88' lang='lat' dir='ltr'><strong>de</strong></span> <span class='ocrx_word' id='word_1_117' title='bbox 433 1832 820 1885; x_wconf 84' lang='lat' dir='ltr'><strong>consecratione</strong></span> <span class='ocrx_word' id='word_1_118' title='bbox 865 1831 1221 1900; x_wconf 85' lang='lat' dir='ltr'><strong>episcoporum</strong></span> <span class='ocrx_word' id='word_1_119' title='bbox 1270 1840 1318 1885; x_wconf 85' lang='lat' dir='ltr'><strong>et</strong></span> <span class='ocrx_word' id='word_1_120' title='bbox 1382 1831 1713 1886; x_wconf 84' lang='lat' dir='ltr'><strong>sacerdotum</strong></span> <span class='ocrx_word' id='word_1_121' title='bbox 1771 1849 1835 1887; x_wconf 90' lang='lat' dir='ltr'><strong>ac</strong></span> 
     </span>
    </p>
   </div>
   <div class='ocr_carea' id='block_1_20' title="bbox 323 1901 1833 1973">
    <p class='ocr_par' dir='ltr' id='par_1_20' title="bbox 323 1901 1833 1973">
     <span class='ocr_line' id='line_1_20' title="bbox 323 1901 1833 1973; baseline 0.003 -20"><span class='ocrx_word' id='word_1_122' title='bbox 323 1901 643 1973; x_wconf 80' lang='lat' dir='ltr'><strong>reliquorum</strong></span> <span class='ocrx_word' id='word_1_123' title='bbox 677 1901 1087 1973; x_wconf 64' lang='lat' dir='ltr'><strong>graduumsiee</strong></span> <span class='ocrx_word' id='word_1_124' title='bbox 1129 1901 1643 1973; x_wconf 78' lang='lat' dir='ltr'><strong>sanctimonialium,</strong></span> <span class='ocrx_word' id='word_1_125' title='bbox 1681 1911 1833 1972; x_wconf 87' lang='lat' dir='ltr'><strong>atque</strong></span> 
     </span>
    </p>
   </div>
   <div class='ocr_carea' id='block_1_21' title="bbox 321 1970 1699 2027">
    <p class='ocr_par' dir='ltr' id='par_1_21' title="bbox 321 1970 1699 2027">
     <span class='ocr_line' id='line_1_21' title="bbox 321 1970 1699 2027; baseline 0.001 -2"><span class='ocrx_word' id='word_1_126' title='bbox 321 1973 386 2027; x_wconf 82' lang='lat' dir='ltr'><strong>de</strong></span> <span class='ocrx_word' id='word_1_127' title='bbox 413 1970 901 2026; x_wconf 77' lang='lat' dir='ltr'><strong>commemoratione</strong></span> <span class='ocrx_word' id='word_1_128' title='bbox 927 1970 1314 2026; x_wconf 87' lang='lat' dir='ltr'><strong>dedicationum</strong></span> <span class='ocrx_word' id='word_1_129' title='bbox 1342 1971 1699 2027; x_wconf 86' lang='lat' dir='ltr'><strong>ecclesiarum.</strong></span> 
     </span>
    </p>
   </div>
   <div class='ocr_carea' id='block_1_22' title="bbox 320 2063 1834 2156">
    <p class='ocr_par' dir='ltr' id='par_1_22' title="bbox 320 2063 1834 2156">
     <span class='ocr_line' id='line_1_22' title="bbox 320 2063 1834 2156; baseline 0.001 -16"><span class='ocrx_word' id='word_1_130' title='bbox 320 2086 655 2141; x_wconf 83' lang='lat' dir='ltr'><strong>Memoratus</strong></span> <span class='ocrx_word' id='word_1_131' title='bbox 692 2083 854 2156; x_wconf 83' lang='lat' dir='ltr'><strong>igitur</strong></span> <span class='ocrx_word' id='word_1_132' title='bbox 890 2063 1140 2141; x_wconf 84' lang='lat' dir='ltr'><strong>Aldricus</strong></span> <span class='ocrx_word' id='word_1_133' title='bbox 1185 2085 1468 2155; x_wconf 90' lang='lat' dir='ltr'><strong>episcopus</strong></span> <span class='ocrx_word' id='word_1_134' title='bbox 1513 2085 1568 2140; x_wconf 90' lang='lat' dir='ltr'><strong>in</strong></span> <span class='ocrx_word' id='word_1_135' title='bbox 1609 2084 1834 2156; x_wconf 85' lang='lat' dir='ltr'><strong>praefata</strong></span> 
     </span>
    </p>
   </div>
   <div class='ocr_carea' id='block_1_23' title="bbox 244 2174 1830 2245">
    <p class='ocr_par' dir='ltr' id='par_1_23' title="bbox 244 2174 1830 2245">
     <span class='ocr_line' id='line_1_23' title="bbox 244 2174 1830 2245; baseline -0.003 -11"><span class='ocrx_word' id='word_1_136' title='bbox 244 2177 617 2234; x_wconf 87' lang='lat' dir='ltr'><strong>Cenomanica</strong></span> <span class='ocrx_word' id='word_1_137' title='bbox 669 2177 803 2230; x_wconf 87' lang='lat' dir='ltr'><strong>urbe</strong></span> <span class='ocrx_word' id='word_1_138' title='bbox 855 2174 960 2231; x_wconf 93' lang='lat' dir='ltr'><strong>duo</strong></span> <span class='ocrx_word' id='word_1_139' title='bbox 1018 2175 1306 2245; x_wconf 82' lang='lat' dir='ltr'><strong>hospitalia</strong></span> <span class='ocrx_word' id='word_1_140' title='bbox 1369 2175 1550 2232; x_wconf 89' lang='lat' dir='ltr'><strong>facere</strong></span> <span class='ocrx_word' id='word_1_141' title='bbox 1603 2176 1830 2231; x_wconf 87' lang='lat' dir='ltr'><strong>studuit.</strong></span> 
     </span>
    </p>
   </div>
   <div class='ocr_carea' id='block_1_24' title="bbox 247 2266 1832 2338">
    <p class='ocr_par' dir='ltr' id='par_1_24' title="bbox 247 2266 1832 2338">
     <span class='ocr_line' id='line_1_24' title="bbox 247 2266 1832 2338; baseline -0.003 -12"><span class='ocrx_word' id='word_1_142' title='bbox 247 2270 434 2326; x_wconf 89' lang='lat' dir='ltr'><strong>Unum</strong></span> <span class='ocrx_word' id='word_1_143' title='bbox 465 2268 624 2338; x_wconf 87' lang='lat' dir='ltr'><strong>idque</strong></span> <span class='ocrx_word' id='word_1_144' title='bbox 658 2266 815 2338; x_wconf 80' lang='lat' dir='ltr'><strong>juxta</strong></span> <span class='ocrx_word' id='word_1_145' title='bbox 860 2266 1136 2338; x_wconf 64' lang='lat' dir='ltr'><strong>praefatam</strong></span> <span class='ocrx_word' id='word_1_146' title='bbox 1180 2267 1595 2323; x_wconf 87' lang='lat' dir='ltr'><strong>Cenomanicam</strong></span> <span class='ocrx_word' id='word_1_147' title='bbox 1644 2267 1832 2322; x_wconf 87' lang='lat' dir='ltr'><strong>urbem</strong></span> 
     </span>
    </p>
   </div>
   <div class='ocr_carea' id='block_1_25' title="bbox 245 2358 1835 2431">
    <p class='ocr_par' dir='ltr' id='par_1_25' title="bbox 245 2358 1835 2431">
     <span class='ocr_line' id='line_1_25' title="bbox 245 2358 1835 2431; baseline -0.001 -14"><span class='ocrx_word' id='word_1_148' title='bbox 245 2375 414 2431; x_wconf 89' lang='lat' dir='ltr'><strong>super</strong></span> <span class='ocrx_word' id='word_1_149' title='bbox 439 2358 660 2415; x_wconf 82' lang='lat' dir='ltr'><strong>ﬂuvium</strong></span> <span class='ocrx_word' id='word_1_150' title='bbox 685 2358 896 2414; x_wconf 70' lang='lat' dir='ltr'><strong>Sarthaa</strong></span> <span class='ocrx_word' id='word_1_151' title='bbox 927 2374 958 2414; x_wconf 94' lang='lat' dir='ltr'><strong>a</strong></span> <span class='ocrx_word' id='word_1_152' title='bbox 985 2359 1168 2414; x_wconf 87' lang='lat' dir='ltr'><strong>radice</strong></span> <span class='ocrx_word' id='word_1_153' title='bbox 1199 2359 1380 2430; x_wconf 88' lang='lat' dir='ltr'><strong>pontis</strong></span> <span class='ocrx_word' id='word_1_154' title='bbox 1407 2358 1623 2415; x_wconf 66' lang='lat' dir='ltr'><strong>Sancta:</strong></span> <span class='ocrx_word' id='word_1_155' title='bbox 1651 2359 1835 2416; x_wconf 70' lang='lat' dir='ltr'><strong>Mariae</strong></span> 
     </span>
    </p>
   </div>
   <div class='ocr_carea' id='block_1_26' title="bbox 246 2447 1831 2521">
    <p class='ocr_par' dir='ltr' id='par_1_26' title="bbox 246 2447 1831 2521">
     <span class='ocr_line' id='line_1_26' title="bbox 246 2447 1831 2521; baseline -0.001 -16"><span class='ocrx_word' id='word_1_156' title='bbox 246 2458 478 2520; x_wconf 85' lang='lat' dir='ltr'><strong>propter</strong></span> <span class='ocrx_word' id='word_1_157' title='bbox 523 2447 910 2503; x_wconf 86' lang='lat' dir='ltr'><strong>abundantiam</strong></span> <span class='ocrx_word' id='word_1_158' title='bbox 953 2463 1214 2520; x_wconf 89' lang='lat' dir='ltr'><strong>aquarum</strong></span> <span class='ocrx_word' id='word_1_159' title='bbox 1242 2459 1297 2505; x_wconf 92' lang='lat' dir='ltr'><strong>et</strong></span> <span class='ocrx_word' id='word_1_160' title='bbox 1332 2465 1655 2521; x_wconf 86' lang='lat' dir='ltr'><strong>pascuorum</strong></span> <span class='ocrx_word' id='word_1_161' title='bbox 1700 2465 1831 2506; x_wconf 82' lang='lat' dir='ltr'><strong>con-</strong></span> 
     </span>
    </p>
   </div>
   <div class='ocr_carea' id='block_1_27' title="bbox 253 2541 1835 2616">
    <p class='ocr_par' dir='ltr' id='par_1_27' title="bbox 253 2541 1835 2616">
     <span class='ocr_line' id='line_1_27' title="bbox 253 2541 1835 2616; baseline 0.003 -18"><span class='ocrx_word' id='word_1_162' title='bbox 253 2555 466 2599; x_wconf 85' lang='lat' dir='ltr'><strong>struere</strong></span> <span class='ocrx_word' id='word_1_163' title='bbox 495 2543 746 2608; x_wconf 83' lang='lat' dir='ltr'><strong>certavit,</strong></span> <span class='ocrx_word' id='word_1_164' title='bbox 780 2541 845 2598; x_wconf 92' lang='lat' dir='ltr'><strong>ad</strong></span> <span class='ocrx_word' id='word_1_165' title='bbox 879 2543 1246 2614; x_wconf 90' lang='lat' dir='ltr'><strong>receptionem</strong></span> <span class='ocrx_word' id='word_1_166' title='bbox 1276 2543 1527 2600; x_wconf 88' lang='lat' dir='ltr'><strong>videlicet</strong></span> <span class='ocrx_word' id='word_1_167' title='bbox 1553 2545 1835 2616; x_wconf 87' lang='lat' dir='ltr'><strong>episcopo-</strong></span> 
     </span>
    </p>
   </div>
   <div class='ocr_carea' id='block_1_28' title="bbox 250 2637 1835 2709">
    <p class='ocr_par' dir='ltr' id='par_1_28' title="bbox 250 2637 1835 2709">
     <span class='ocr_line' id='line_1_28' title="bbox 250 2637 1835 2709; baseline 0.003 -17"><span class='ocrx_word' id='word_1_168' title='bbox 250 2654 374 2693; x_wconf 90' lang='lat' dir='ltr'><strong>rum</strong></span> <span class='ocrx_word' id='word_1_169' title='bbox 405 2646 460 2693; x_wconf 91' lang='lat' dir='ltr'><strong>et</strong></span> <span class='ocrx_word' id='word_1_170' title='bbox 487 2637 746 2693; x_wconf 88' lang='lat' dir='ltr'><strong>comitum</strong></span> <span class='ocrx_word' id='word_1_171' title='bbox 775 2645 938 2709; x_wconf 89' lang='lat' dir='ltr'><strong>atque</strong></span> <span class='ocrx_word' id='word_1_172' title='bbox 963 2639 1220 2693; x_wconf 86' lang='lat' dir='ltr'><strong>abbatum</strong></span> <span class='ocrx_word' id='word_1_173' title='bbox 1255 2638 1370 2694; x_wconf 85' lang='lat' dir='ltr'><strong>sive</strong></span> <span class='ocrx_word' id='word_1_174' title='bbox 1396 2648 1713 2696; x_wconf 89' lang='lat' dir='ltr'><strong>cunctorum</strong></span> <span class='ocrx_word' id='word_1_175' title='bbox 1741 2641 1835 2696; x_wconf 78' lang='lat' dir='ltr'><strong>ad-</strong></span> 
     </span>
    </p>
   </div>
   <div class='ocr_carea' id='block_1_29' title="bbox 245 2731 1833 2804">
    <p class='ocr_par' dir='ltr' id='par_1_29' title="bbox 245 2731 1833 2804">
     <span class='ocr_line' id='line_1_29' title="bbox 245 2731 1833 2804; baseline 0.001 -17"><span class='ocrx_word' id='word_1_176' title='bbox 245 2732 618 2800; x_wconf 86' lang='lat' dir='ltr'><strong>ventantium,</strong></span> <span class='ocrx_word' id='word_1_177' title='bbox 666 2731 722 2786; x_wconf 91' lang='lat' dir='ltr'><strong>in</strong></span> <span class='ocrx_word' id='word_1_178' title='bbox 755 2745 862 2800; x_wconf 92' lang='lat' dir='ltr'><strong>quo</strong></span> <span class='ocrx_word' id='word_1_179' title='bbox 901 2737 958 2787; x_wconf 92' lang='lat' dir='ltr'><strong>et</strong></span> <span class='ocrx_word' id='word_1_180' title='bbox 1003 2731 1291 2788; x_wconf 88' lang='lat' dir='ltr'><strong>ecclesiam</strong></span> <span class='ocrx_word' id='word_1_181' title='bbox 1316 2733 1642 2800; x_wconf 77' lang='lat' dir='ltr'><strong>construxit,</strong></span> <span class='ocrx_word' id='word_1_182' title='bbox 1671 2749 1833 2804; x_wconf 89' lang='lat' dir='ltr'><strong>quam</strong></span> 
     </span>
    </p>
   </div>
   <div class='ocr_carea' id='block_1_30' title="bbox 247 2821 1831 2892">
    <p class='ocr_par' dir='ltr' id='par_1_30' title="bbox 247 2821 1831 2892">
     <span class='ocr_line' id='line_1_30' title="bbox 247 2821 1831 2892; baseline -0.003 -12"><span class='ocrx_word' id='word_1_183' title='bbox 247 2834 306 2880; x_wconf 92' lang='lat' dir='ltr'><strong>et</strong></span> <span class='ocrx_word' id='word_1_184' title='bbox 353 2825 407 2878; x_wconf 90' lang='lat' dir='ltr'><strong>in</strong></span> <span class='ocrx_word' id='word_1_185' title='bbox 437 2823 641 2879; x_wconf 88' lang='lat' dir='ltr'><strong>honore</strong></span> <span class='ocrx_word' id='word_1_186' title='bbox 673 2822 848 2878; x_wconf 90' lang='lat' dir='ltr'><strong>sancti</strong></span> <span class='ocrx_word' id='word_1_187' title='bbox 890 2821 1150 2892; x_wconf 89' lang='lat' dir='ltr'><strong>Stephani</strong></span> <span class='ocrx_word' id='word_1_188' title='bbox 1189 2821 1502 2879; x_wconf 88' lang='lat' dir='ltr'><strong>solemniter</strong></span> <span class='ocrx_word' id='word_1_189' title='bbox 1543 2823 1831 2889; x_wconf 85' lang='lat' dir='ltr'><strong>dedicavit,</strong></span> 
     </span>
    </p>
   </div>
   <div class='ocr_carea' id='block_1_31' title="bbox 247 2914 1837 2987">
    <p class='ocr_par' dir='ltr' id='par_1_31' title="bbox 247 2914 1837 2987">
     <span class='ocr_line' id='line_1_31' title="bbox 247 2914 1837 2987; baseline -0.001 -15"><span class='ocrx_word' id='word_1_190' title='bbox 247 2924 306 2972; x_wconf 89' lang='lat' dir='ltr'><strong>et</strong></span> <span class='ocrx_word' id='word_1_191' title='bbox 337 2916 444 2971; x_wconf 82' lang='lat' dir='ltr'><strong>alia</strong></span> <span class='ocrx_word' id='word_1_192' title='bbox 467 2915 694 2972; x_wconf 79' lang='lat' dir='ltr'><strong>aedilicia</strong></span> <span class='ocrx_word' id='word_1_193' title='bbox 727 2915 796 2971; x_wconf 87' lang='lat' dir='ltr'><strong>ad</strong></span> <span class='ocrx_word' id='word_1_194' title='bbox 821 2915 1135 2986; x_wconf 59' lang='lat' dir='ltr'><strong>praedictum</strong></span> <span class='ocrx_word' id='word_1_195' title='bbox 1162 2931 1299 2987; x_wconf 89' lang='lat' dir='ltr'><strong>opus</strong></span> <span class='ocrx_word' id='word_1_196' title='bbox 1333 2914 1637 2972; x_wconf 89' lang='lat' dir='ltr'><strong>faciendum</strong></span> <span class='ocrx_word' id='word_1_197' title='bbox 1669 2915 1837 2970; x_wconf 86' lang='lat' dir='ltr'><strong>ratio-</strong></span> 
     </span>
    </p>
   </div>
   <div class='ocr_carea' id='block_1_32' title="bbox 247 3010 1836 3082">
    <p class='ocr_par' dir='ltr' id='par_1_32' title="bbox 247 3010 1836 3082">
     <span class='ocr_line' id='line_1_32' title="bbox 247 3010 1836 3082; baseline 0.002 -18"><span class='ocrx_word' id='word_1_198' title='bbox 247 3010 504 3065; x_wconf 90' lang='lat' dir='ltr'><strong>nabiliter</strong></span> <span class='ocrx_word' id='word_1_199' title='bbox 549 3019 606 3066; x_wconf 91' lang='lat' dir='ltr'><strong>et</strong></span> <span class='ocrx_word' id='word_1_200' title='bbox 644 3010 872 3066; x_wconf 85' lang='lat' dir='ltr'><strong>miriﬁce</strong></span> <span class='ocrx_word' id='word_1_201' title='bbox 912 3010 1394 3082; x_wconf 87' lang='lat' dir='ltr'><strong>ordinabiliterque</strong></span> <span class='ocrx_word' id='word_1_202' title='bbox 1433 3011 1733 3070; x_wconf 78' lang='lat' dir='ltr'><strong>construxit</strong></span> <span class='ocrx_word' id='word_1_203' title='bbox 1779 3018 1836 3067; x_wconf 87' lang='lat' dir='ltr'><strong>et</strong></span> 
     </span>
    </p>
   </div>
   <div class='ocr_carea' id='block_1_33' title="bbox 249 3100 1837 3174">
    <p class='ocr_par' dir='ltr' id='par_1_33' title="bbox 249 3100 1837 3174">
     <span class='ocr_line' id='line_1_33' title="bbox 249 3100 1837 3174; baseline 0.001 -19"><span class='ocrx_word' id='word_1_204' title='bbox 249 3101 542 3172; x_wconf 89' lang='lat' dir='ltr'><strong>disposuit.</strong></span> <span class='ocrx_word' id='word_1_205' title='bbox 572 3100 816 3158; x_wconf 77' lang='lat' dir='ltr'><strong>Alterum</strong></span> <span class='ocrx_word' id='word_1_206' title='bbox 843 3115 973 3174; x_wconf 86' lang='lat' dir='ltr'><strong>ergo</strong></span> <span class='ocrx_word' id='word_1_207' title='bbox 1003 3101 1270 3174; x_wconf 88' lang='lat' dir='ltr'><strong>hospitale</strong></span> <span class='ocrx_word' id='word_1_208' title='bbox 1308 3101 1462 3171; x_wconf 83' lang='lat' dir='ltr'><strong>juxta</strong></span> <span class='ocrx_word' id='word_1_209' title='bbox 1511 3111 1738 3158; x_wconf 84' lang='lat' dir='ltr'><strong>matrem</strong></span> <span class='ocrx_word' id='word_1_210' title='bbox 1781 3111 1837 3157; x_wconf 91' lang='lat' dir='ltr'><strong>et</strong></span> 
     </span>
    </p>
   </div>
   <div class='ocr_carea' id='block_1_34' title="bbox 1938 533 3512 608">
    <p class='ocr_par' dir='ltr' id='par_1_34' title="bbox 1938 533 3512 608">
     <span class='ocr_line' id='line_1_34' title="bbox 1938 533 3512 608; baseline 0.004 -20"><span class='ocrx_word' id='word_1_211' title='bbox 1938 544 2098 604; x_wconf 90' lang='lat' dir='ltr'><strong>atque</strong></span> <span class='ocrx_word' id='word_1_212' title='bbox 2141 543 2339 590; x_wconf 72' lang='lat' dir='ltr'><strong>sancta:</strong></span> <span class='ocrx_word' id='word_1_213' title='bbox 2364 533 2664 591; x_wconf 86' lang='lat' dir='ltr'><strong>Tevestinae</strong></span> <span class='ocrx_word' id='word_1_214' title='bbox 2709 535 2991 606; x_wconf 81' lang='lat' dir='ltr'><strong>praecipuae</strong></span> <span class='ocrx_word' id='word_1_215' title='bbox 3027 537 3271 608; x_wconf 77' lang='lat' dir='ltr'><strong>virginis,</strong></span> <span class='ocrx_word' id='word_1_216' title='bbox 3299 555 3421 608; x_wconf 71' lang='lat' dir='ltr'><strong>qua:</strong></span> <span class='ocrx_word' id='word_1_217' title='bbox 3456 549 3512 595; x_wconf 89' lang='lat' dir='ltr'><strong>et</strong></span> 
     </span>
    </p>
   </div>
   <div class='ocr_carea' id='block_1_35' title="bbox 1937 624 3508 688">
    <p class='ocr_par' dir='ltr' id='par_1_35' title="bbox 1937 624 3508 688">
     <span class='ocr_line' id='line_1_35' title="bbox 1937 624 3508 688; baseline 0.004 -6"><span class='ocrx_word' id='word_1_218' title='bbox 1937 624 2376 682; x_wconf 85' lang='lat' dir='ltr'><strong>monasteriolum</strong></span> <span class='ocrx_word' id='word_1_219' title='bbox 2415 634 2616 682; x_wconf 68' lang='lat' dir='ltr'><strong>sancta:</strong></span> <span class='ocrx_word' id='word_1_220' title='bbox 2657 625 2840 682; x_wconf 64' lang='lat' dir='ltr'><strong>Mariae</strong></span> <span class='ocrx_word' id='word_1_221' title='bbox 2867 628 2922 682; x_wconf 91' lang='lat' dir='ltr'><strong>in</strong></span> <span class='ocrx_word' id='word_1_222' title='bbox 2965 628 3127 684; x_wconf 87' lang='lat' dir='ltr'><strong>rebus</strong></span> <span class='ocrx_word' id='word_1_223' title='bbox 3155 631 3388 686; x_wconf 90' lang='lat' dir='ltr'><strong>senioris</strong></span> <span class='ocrx_word' id='word_1_224' title='bbox 3416 649 3508 688; x_wconf 91' lang='lat' dir='ltr'><strong>ec-</strong></span> 
     </span>
    </p>
   </div>
   <div class='ocr_carea' id='block_1_36' title="bbox 1937 714 3512 794">
    <p class='ocr_par' dir='ltr' id='par_1_36' title="bbox 1937 714 3512 794">
     <span class='ocr_line' id='line_1_36' title="bbox 1937 714 3512 794; baseline 0.008 -26"><span class='ocrx_word' id='word_1_225' title='bbox 1937 714 2118 770; x_wconf 71' lang='lat' dir='ltr'><strong>clesia:</strong></span> <span class='ocrx_word' id='word_1_226' title='bbox 2145 731 2246 770; x_wconf 90' lang='lat' dir='ltr'><strong>una</strong></span> <span class='ocrx_word' id='word_1_227' title='bbox 2273 731 2394 771; x_wconf 91' lang='lat' dir='ltr'><strong>cum</strong></span> <span class='ocrx_word' id='word_1_228' title='bbox 2424 717 2690 787; x_wconf 88' lang='lat' dir='ltr'><strong>adjutorio</strong></span> <span class='ocrx_word' id='word_1_229' title='bbox 2717 719 2891 774; x_wconf 85' lang='lat' dir='ltr'><strong>sancti</strong></span> <span class='ocrx_word' id='word_1_230' title='bbox 2931 719 3238 777; x_wconf 86' lang='lat' dir='ltr'><strong>Innocentis</strong></span> <span class='ocrx_word' id='word_1_231' title='bbox 3272 723 3512 794; x_wconf 67' lang='lat' dir='ltr'><strong>praefixae</strong></span> 
     </span>
    </p>
   </div>
   <div class='ocr_carea' id='block_1_37' title="bbox 1936 808 3513 889">
    <p class='ocr_par' dir='ltr' id='par_1_37' title="bbox 1936 808 3513 889">
     <span class='ocr_line' id='line_1_37' title="bbox 1936 808 3513 889; baseline 0.008 -28"><span class='ocrx_word' id='word_1_232' title='bbox 1936 808 2088 863; x_wconf 82' lang='lat' dir='ltr'><strong>urbis</strong></span> <span class='ocrx_word' id='word_1_233' title='bbox 2115 809 2350 880; x_wconf 89' lang='lat' dir='ltr'><strong>episcopi</strong></span> <span class='ocrx_word' id='word_1_234' title='bbox 2397 811 2735 878; x_wconf 86' lang='lat' dir='ltr'><strong>construxit;</strong></span> <span class='ocrx_word' id='word_1_235' title='bbox 2766 813 2860 868; x_wconf 91' lang='lat' dir='ltr'><strong>sed</strong></span> <span class='ocrx_word' id='word_1_236' title='bbox 2887 820 2942 868; x_wconf 91' lang='lat' dir='ltr'><strong>et</strong></span> <span class='ocrx_word' id='word_1_237' title='bbox 2987 824 3190 870; x_wconf 69' lang='lat' dir='ltr'><strong>sancta:</strong></span> <span class='ocrx_word' id='word_1_238' title='bbox 3215 815 3362 882; x_wconf 68' lang='lat' dir='ltr'><strong>Adae,</strong></span> <span class='ocrx_word' id='word_1_239' title='bbox 3392 833 3513 889; x_wconf 69' lang='lat' dir='ltr'><strong>quae</strong></span> 
     </span>
    </p>
   </div>
   <div class='ocr_carea' id='block_1_38' title="bbox 1937 898 3510 980">
    <p class='ocr_par' dir='ltr' id='par_1_38' title="bbox 1937 898 3510 980">
     <span class='ocr_line' id='line_1_38' title="bbox 1937 898 3510 980; baseline 0.006 -26"><span class='ocrx_word' id='word_1_240' title='bbox 1937 907 1992 954; x_wconf 93' lang='lat' dir='ltr'><strong>et</strong></span> <span class='ocrx_word' id='word_1_241' title='bbox 2018 898 2325 956; x_wconf 87' lang='lat' dir='ltr'><strong>Adrehildis</strong></span> <span class='ocrx_word' id='word_1_242' title='bbox 2362 900 2466 956; x_wconf 89' lang='lat' dir='ltr'><strong>alio</strong></span> <span class='ocrx_word' id='word_1_243' title='bbox 2505 901 2723 957; x_wconf 90' lang='lat' dir='ltr'><strong>nomine</strong></span> <span class='ocrx_word' id='word_1_244' title='bbox 2764 904 3093 970; x_wconf 89' lang='lat' dir='ltr'><strong>nominatur,</strong></span> <span class='ocrx_word' id='word_1_245' title='bbox 3124 922 3262 978; x_wconf 79' lang='lat' dir='ltr'><strong>quae,</strong></span> <span class='ocrx_word' id='word_1_246' title='bbox 3289 917 3350 962; x_wconf 93' lang='lat' dir='ltr'><strong>ut</strong></span> <span class='ocrx_word' id='word_1_247' title='bbox 3375 907 3510 980; x_wconf 85' lang='lat' dir='ltr'><strong>legi—</strong></span> 
     </span>
    </p>
   </div>
   <div class='ocr_carea' id='block_1_39' title="bbox 1937 986 3513 1062">
    <p class='ocr_par' dir='ltr' id='par_1_39' title="bbox 1937 986 3513 1062">
     <span class='ocr_line' id='line_1_39' title="bbox 1937 986 3513 1062; baseline 0.007 -20"><span class='ocrx_word' id='word_1_248' title='bbox 1937 995 2045 1054; x_wconf 91' lang='lat' dir='ltr'><strong>tur,</strong></span> <span class='ocrx_word' id='word_1_249' title='bbox 2089 989 2413 1060; x_wconf 89' lang='lat' dir='ltr'><strong>deprecante</strong></span> <span class='ocrx_word' id='word_1_250' title='bbox 2441 990 2699 1062; x_wconf 82' lang='lat' dir='ltr'><strong>praedicto</strong></span> <span class='ocrx_word' id='word_1_251' title='bbox 2729 1002 2914 1049; x_wconf 89' lang='lat' dir='ltr'><strong>sancto</strong></span> <span class='ocrx_word' id='word_1_252' title='bbox 2948 986 3350 1061; x_wconf 42' lang='lat' dir='ltr'><strong>lnnocente,&#39;de</strong></span> <span class='ocrx_word' id='word_1_253' title='bbox 3393 1014 3513 1053; x_wconf 87' lang='lat' dir='ltr'><strong>mo-</strong></span> 
     </span>
    </p>
   </div>
   <div class='ocr_carea' id='block_1_40' title="bbox 1935 1082 3516 1156">
    <p class='ocr_par' dir='ltr' id='par_1_40' title="bbox 1935 1082 3516 1156">
     <span class='ocr_line' id='line_1_40' title="bbox 1935 1082 3516 1156; baseline 0.009 -22"><span class='ocrx_word' id='word_1_254' title='bbox 1935 1082 2172 1138; x_wconf 91' lang='lat' dir='ltr'><strong>nasterio</strong></span> <span class='ocrx_word' id='word_1_255' title='bbox 2200 1093 2399 1138; x_wconf 66' lang='lat' dir='ltr'><strong>sancta:</strong></span> <span class='ocrx_word' id='word_1_256' title='bbox 2432 1084 2615 1141; x_wconf 63' lang='lat' dir='ltr'><strong>Maria;</strong></span> <span class='ocrx_word' id='word_1_257' title='bbox 2638 1087 2783 1156; x_wconf 90' lang='lat' dir='ltr'><strong>quod</strong></span> <span class='ocrx_word' id='word_1_258' title='bbox 2814 1089 2974 1142; x_wconf 90' lang='lat' dir='ltr'><strong>situm</strong></span> <span class='ocrx_word' id='word_1_259' title='bbox 3003 1090 3164 1144; x_wconf 90' lang='lat' dir='ltr'><strong>estin</strong></span> <span class='ocrx_word' id='word_1_260' title='bbox 3193 1093 3328 1146; x_wconf 91' lang='lat' dir='ltr'><strong>urbe</strong></span> <span class='ocrx_word' id='word_1_261' title='bbox 3355 1091 3516 1148; x_wconf 67' lang='lat' dir='ltr'><strong>Sues»</strong></span> 
     </span>
    </p>
   </div>
   <div class='ocr_carea' id='block_1_41' title="bbox 1936 1173 3512 1246">
    <p class='ocr_par' dir='ltr' id='par_1_41' title="bbox 1936 1173 3512 1246">
     <span class='ocr_line' id='line_1_41' title="bbox 1936 1173 3512 1246; baseline 0.008 -20"><span class='ocrx_word' id='word_1_262' title='bbox 1936 1173 2104 1227; x_wconf 80' lang='lat' dir='ltr'><strong>sionis</strong></span> <span class='ocrx_word' id='word_1_263' title='bbox 2132 1174 2200 1228; x_wconf 89' lang='lat' dir='ltr'><strong>ad</strong></span> <span class='ocrx_word' id='word_1_264' title='bbox 2229 1174 2644 1232; x_wconf 82' lang='lat' dir='ltr'><strong>Ccnomanicam</strong></span> <span class='ocrx_word' id='word_1_265' title='bbox 2670 1179 2862 1233; x_wconf 89' lang='lat' dir='ltr'><strong>urbem</strong></span> <span class='ocrx_word' id='word_1_266' title='bbox 2893 1181 3060 1246; x_wconf 88' lang='lat' dir='ltr'><strong>venit,</strong></span> <span class='ocrx_word' id='word_1_267' title='bbox 3091 1190 3145 1236; x_wconf 91' lang='lat' dir='ltr'><strong>et</strong></span> <span class='ocrx_word' id='word_1_268' title='bbox 3187 1183 3260 1238; x_wconf 90' lang='lat' dir='ltr'><strong>ibi</strong></span> <span class='ocrx_word' id='word_1_269' title='bbox 3291 1184 3345 1239; x_wconf 91' lang='lat' dir='ltr'><strong>in</strong></span> <span class='ocrx_word' id='word_1_270' title='bbox 3386 1185 3512 1240; x_wconf 83' lang='lat' dir='ltr'><strong>sub-</strong></span> 
     </span>
    </p>
   </div>
   <div class='ocr_carea' id='block_1_42' title="bbox 1935 1263 3510 1338">
    <p class='ocr_par' dir='ltr' id='par_1_42' title="bbox 1935 1263 3510 1338">
     <span class='ocr_line' id='line_1_42' title="bbox 1935 1263 3510 1338; baseline 0.008 -21"><span class='ocrx_word' id='word_1_271' title='bbox 1935 1263 2093 1319; x_wconf 93' lang='lat' dir='ltr'><strong>urbio</strong></span> <span class='ocrx_word' id='word_1_272' title='bbox 2138 1263 2499 1321; x_wconf 81' lang='lat' dir='ltr'><strong>Cenomanico</strong></span> <span class='ocrx_word' id='word_1_273' title='bbox 2547 1268 2603 1322; x_wconf 90' lang='lat' dir='ltr'><strong>in</strong></span> <span class='ocrx_word' id='word_1_274' title='bbox 2649 1267 2875 1338; x_wconf 82' lang='lat' dir='ltr'><strong>praefato</strong></span> <span class='ocrx_word' id='word_1_275' title='bbox 2928 1274 3261 1329; x_wconf 90' lang='lat' dir='ltr'><strong>monasterio</strong></span> <span class='ocrx_word' id='word_1_276' title='bbox 3307 1283 3510 1330; x_wconf 63' lang='lat' dir='ltr'><strong>sanctae</strong></span> 
     </span>
    </p>
   </div>
   <div class='ocr_carea' id='block_1_43' title="bbox 1935 1352 3511 1429">
    <p class='ocr_par' dir='ltr' id='par_1_43' title="bbox 1935 1352 3511 1429">
     <span class='ocr_line' id='line_1_43' title="bbox 1935 1352 3511 1429; baseline 0.01 -22"><span class='ocrx_word' id='word_1_277' title='bbox 1935 1352 2117 1410; x_wconf 85' lang='lat' dir='ltr'><strong>Mariae</strong></span> <span class='ocrx_word' id='word_1_278' title='bbox 2141 1357 2383 1426; x_wconf 87' lang='lat' dir='ltr'><strong>regulam</strong></span> <span class='ocrx_word' id='word_1_279' title='bbox 2414 1359 2587 1414; x_wconf 85' lang='lat' dir='ltr'><strong>sancti</strong></span> <span class='ocrx_word' id='word_1_280' title='bbox 2617 1358 2892 1416; x_wconf 86' lang='lat' dir='ltr'><strong>Benedicti</strong></span> <span class='ocrx_word' id='word_1_281' title='bbox 2918 1362 3122 1429; x_wconf 88' lang='lat' dir='ltr'><strong>docuit,</strong></span> <span class='ocrx_word' id='word_1_282' title='bbox 3154 1375 3208 1420; x_wconf 90' lang='lat' dir='ltr'><strong>et</strong></span> <span class='ocrx_word' id='word_1_283' title='bbox 3231 1381 3349 1421; x_wconf 91' lang='lat' dir='ltr'><strong>eam</strong></span> <span class='ocrx_word' id='word_1_284' title='bbox 3377 1367 3511 1422; x_wconf 86' lang='lat' dir='ltr'><strong>inihi</strong></span> 
     </span>
    </p>
   </div>
   <div class='ocr_carea' id='block_1_44' title="bbox 1934 1445 3512 1525">
    <p class='ocr_par' dir='ltr' id='par_1_44' title="bbox 1934 1445 3512 1525">
     <span class='ocr_line' id='line_1_44' title="bbox 1934 1445 3512 1525; baseline 0.01 -25"><span class='ocrx_word' id='word_1_285' title='bbox 1934 1445 2190 1502; x_wconf 85' lang='lat' dir='ltr'><strong>decenter</strong></span> <span class='ocrx_word' id='word_1_286' title='bbox 2235 1449 2534 1517; x_wconf 84' lang='lat' dir='ltr'><strong>ordinavit;</strong></span> <span class='ocrx_word' id='word_1_287' title='bbox 2575 1461 2631 1506; x_wconf 91' lang='lat' dir='ltr'><strong>et</strong></span> <span class='ocrx_word' id='word_1_288' title='bbox 2677 1463 2882 1523; x_wconf 88' lang='lat' dir='ltr'><strong>partem</strong></span> <span class='ocrx_word' id='word_1_289' title='bbox 2923 1457 3166 1525; x_wconf 88' lang='lat' dir='ltr'><strong>corporis</strong></span> <span class='ocrx_word' id='word_1_290' title='bbox 3202 1461 3372 1513; x_wconf 88' lang='lat' dir='ltr'><strong>sancti</strong></span> <span class='ocrx_word' id='word_1_291' title='bbox 3419 1460 3512 1514; x_wconf 88' lang='lat' dir='ltr'><strong>Li-</strong></span> 
     </span>
    </p>
   </div>
   <div class='ocr_carea' id='block_1_45' title="bbox 1933 1540 3507 1622">
    <p class='ocr_par' dir='ltr' id='par_1_45' title="bbox 1933 1540 3507 1622">
     <span class='ocr_line' id='line_1_45' title="bbox 1933 1540 3507 1622; baseline 0.006 -26"><span class='ocrx_word' id='word_1_292' title='bbox 1933 1540 2073 1596; x_wconf 90' lang='lat' dir='ltr'><strong>borii</strong></span> <span class='ocrx_word' id='word_1_293' title='bbox 2113 1543 2436 1612; x_wconf 74' lang='lat' dir='ltr'><strong>supradictae</strong></span> <span class='ocrx_word' id='word_1_294' title='bbox 2460 1545 2610 1600; x_wconf 90' lang='lat' dir='ltr'><strong>urbis</strong></span> <span class='ocrx_word' id='word_1_295' title='bbox 2635 1547 2874 1617; x_wconf 87' lang='lat' dir='ltr'><strong>episcopi</strong></span> <span class='ocrx_word' id='word_1_296' title='bbox 2901 1558 2955 1602; x_wconf 91' lang='lat' dir='ltr'><strong>et</strong></span> <span class='ocrx_word' id='word_1_297' title='bbox 2997 1549 3324 1607; x_wconf 86' lang='lat' dir='ltr'><strong>confessoris</strong></span> <span class='ocrx_word' id='word_1_298' title='bbox 3366 1553 3507 1622; x_wconf 86' lang='lat' dir='ltr'><strong>Opti-</strong></span> 
     </span>
    </p>
   </div>
   <div class='ocr_carea' id='block_1_46' title="bbox 1933 1633 3505 1709">
    <p class='ocr_par' dir='ltr' id='par_1_46' title="bbox 1933 1633 3505 1709">
     <span class='ocr_line' id='line_1_46' title="bbox 1933 1633 3505 1709; baseline 0.01 -24"><span class='ocrx_word' id='word_1_299' title='bbox 1933 1633 2026 1697; x_wconf 88' lang='lat' dir='ltr'><strong>mi,</strong></span> <span class='ocrx_word' id='word_1_300' title='bbox 2057 1642 2112 1688; x_wconf 91' lang='lat' dir='ltr'><strong>et</strong></span> <span class='ocrx_word' id='word_1_301' title='bbox 2160 1634 2450 1690; x_wconf 84' lang='lat' dir='ltr'><strong>maximam</strong></span> <span class='ocrx_word' id='word_1_302' title='bbox 2498 1643 2708 1706; x_wconf 90' lang='lat' dir='ltr'><strong>partem</strong></span> <span class='ocrx_word' id='word_1_303' title='bbox 2736 1639 2980 1709; x_wconf 90' lang='lat' dir='ltr'><strong>corporis</strong></span> <span class='ocrx_word' id='word_1_304' title='bbox 3012 1643 3180 1698; x_wconf 91' lang='lat' dir='ltr'><strong>sancti</strong></span> <span class='ocrx_word' id='word_1_305' title='bbox 3214 1643 3505 1701; x_wconf 85' lang='lat' dir='ltr'><strong>Haduindi.</strong></span> 
     </span>
    </p>
   </div>
   <div class='ocr_carea' id='block_1_47' title="bbox 1933 1722 3513 1798">
    <p class='ocr_par' dir='ltr' id='par_1_47' title="bbox 1933 1722 3513 1798">
     <span class='ocr_line' id='line_1_47' title="bbox 1933 1722 3513 1798; baseline 0.006 -18"><span class='ocrx_word' id='word_1_306' title='bbox 1933 1722 2222 1781; x_wconf 85' lang='lat' dir='ltr'><strong>Antedicta</strong></span> <span class='ocrx_word' id='word_1_307' title='bbox 2274 1739 2487 1797; x_wconf 88' lang='lat' dir='ltr'><strong>quoque</strong></span> <span class='ocrx_word' id='word_1_308' title='bbox 2539 1743 2766 1798; x_wconf 90' lang='lat' dir='ltr'><strong>corpora</strong></span> <span class='ocrx_word' id='word_1_309' title='bbox 2831 1740 3140 1786; x_wconf 88' lang='lat' dir='ltr'><strong>sanctorum</strong></span> <span class='ocrx_word' id='word_1_310' title='bbox 3183 1733 3237 1787; x_wconf 91' lang='lat' dir='ltr'><strong>in</strong></span> <span class='ocrx_word' id='word_1_311' title='bbox 3282 1735 3513 1791; x_wconf 84' lang='lat' dir='ltr'><strong>ecclesia</strong></span> 
     </span>
    </p>
   </div>
   <div class='ocr_carea' id='block_1_48' title="bbox 1863 1813 3508 1896">
    <p class='ocr_par' dir='ltr' id='par_1_48' title="bbox 1863 1813 3508 1896">
     <span class='ocr_line' id='line_1_48' title="bbox 1863 1813 3508 1896; baseline 0.005 -22"><span class='ocrx_word' id='word_1_312' title='bbox 1863 1813 1910 1874; x_wconf 88' lang='grc' dir='ltr'><strong>Β</strong></span> <span class='ocrx_word' id='word_1_313' title='bbox 1938 1831 2098 1886; x_wconf 88' lang='lat' dir='ltr'><strong>quam</strong></span> <span class='ocrx_word' id='word_1_314' title='bbox 2127 1817 2384 1896; x_wconf 66' lang='lat' dir='ltr'><strong>praefatus</strong></span> <span class='ocrx_word' id='word_1_315' title='bbox 2411 1818 2660 1874; x_wconf 86' lang='lat' dir='ltr'><strong>Aldricus</strong></span> <span class='ocrx_word' id='word_1_316' title='bbox 2700 1821 2935 1890; x_wconf 63' lang='lat' dir='ltr'><strong>praeﬁxae</strong></span> <span class='ocrx_word' id='word_1_317' title='bbox 2962 1824 3111 1879; x_wconf 88' lang='lat' dir='ltr'><strong>urbis</strong></span> <span class='ocrx_word' id='word_1_318' title='bbox 3136 1826 3420 1896; x_wconf 88' lang='lat' dir='ltr'><strong>episcopus</strong></span> <span class='ocrx_word' id='word_1_319' title='bbox 3453 1829 3508 1882; x_wconf 89' lang='lat' dir='ltr'><strong>in</strong></span> 
     </span>
    </p>
   </div>
   <div class='ocr_carea' id='block_1_49' title="bbox 1937 1906 3515 1985">
    <p class='ocr_par' dir='ltr' id='par_1_49' title="bbox 1937 1906 3515 1985">
     <span class='ocr_line' id='line_1_49' title="bbox 1937 1906 3515 1985; baseline 0.007 -24"><span class='ocrx_word' id='word_1_320' title='bbox 1937 1906 2141 1963; x_wconf 80' lang='lat' dir='ltr'><strong>honore</strong></span> <span class='ocrx_word' id='word_1_321' title='bbox 2183 1908 2396 1963; x_wconf 88' lang='lat' dir='ltr'><strong>Domini</strong></span> <span class='ocrx_word' id='word_1_322' title='bbox 2443 1909 2740 1966; x_wconf 87' lang='lat' dir='ltr'><strong>Salvatoris</strong></span> <span class='ocrx_word' id='word_1_323' title='bbox 2780 1921 2834 1966; x_wconf 89' lang='lat' dir='ltr'><strong>et</strong></span> <span class='ocrx_word' id='word_1_324' title='bbox 2881 1922 3084 1970; x_wconf 69' lang='lat' dir='ltr'><strong>sanctae</strong></span> <span class='ocrx_word' id='word_1_325' title='bbox 3130 1915 3368 1985; x_wconf 88' lang='lat' dir='ltr'><strong>ejusdem</strong></span> <span class='ocrx_word' id='word_1_326' title='bbox 3420 1918 3515 1972; x_wconf 89' lang='lat' dir='ltr'><strong>Dei</strong></span> 
     </span>
    </p>
   </div>
   <div class='ocr_carea' id='block_1_50' title="bbox 1938 1998 3516 2077">
    <p class='ocr_par' dir='ltr' id='par_1_50' title="bbox 1938 1998 3516 2077">
     <span class='ocr_line' id='line_1_50' title="bbox 1938 1998 3516 2077; baseline 0.007 -23"><span class='ocrx_word' id='word_1_327' title='bbox 1938 1999 2214 2070; x_wconf 82' lang='lat' dir='ltr'><strong>genitricis</strong></span> <span class='ocrx_word' id='word_1_328' title='bbox 2239 1998 2418 2056; x_wconf 73' lang='lat' dir='ltr'><strong>Maria:</strong></span> <span class='ocrx_word' id='word_1_329' title='bbox 2438 2010 2600 2072; x_wconf 90' lang='lat' dir='ltr'><strong>atque</strong></span> <span class='ocrx_word' id='word_1_330' title='bbox 2620 2011 2930 2063; x_wconf 90' lang='lat' dir='ltr'><strong>sanctorum</strong></span> <span class='ocrx_word' id='word_1_331' title='bbox 2951 2013 3251 2077; x_wconf 85' lang='lat' dir='ltr'><strong>martyrum</strong></span> <span class='ocrx_word' id='word_1_332' title='bbox 3268 2007 3516 2066; x_wconf 85' lang='lat' dir='ltr'><strong>Gervasii</strong></span> 
     </span>
    </p>
   </div>
   <div class='ocr_carea' id='block_1_51' title="bbox 1939 2088 3516 2166">
    <p class='ocr_par' dir='ltr' id='par_1_51' title="bbox 1939 2088 3516 2166">
     <span class='ocr_line' id='line_1_51' title="bbox 1939 2088 3516 2166; baseline 0.008 -23"><span class='ocrx_word' id='word_1_333' title='bbox 1939 2095 1993 2143; x_wconf 90' lang='lat' dir='ltr'><strong>et</strong></span> <span class='ocrx_word' id='word_1_334' title='bbox 2029 2088 2259 2144; x_wconf 88' lang='lat' dir='ltr'><strong>Protasii</strong></span> <span class='ocrx_word' id='word_1_335' title='bbox 2297 2089 2411 2145; x_wconf 85' lang='lat' dir='ltr'><strong>sive</strong></span> <span class='ocrx_word' id='word_1_336' title='bbox 2437 2091 2610 2146; x_wconf 88' lang='lat' dir='ltr'><strong>sancti</strong></span> <span class='ocrx_word' id='word_1_337' title='bbox 2645 2091 2901 2162; x_wconf 90' lang='lat' dir='ltr'><strong>Stephani</strong></span> <span class='ocrx_word' id='word_1_338' title='bbox 2935 2095 3202 2166; x_wconf 72' lang='lat' dir='ltr'><strong>simulque</strong></span> <span class='ocrx_word' id='word_1_339' title='bbox 3237 2106 3291 2153; x_wconf 93' lang='lat' dir='ltr'><strong>et</strong></span> <span class='ocrx_word' id='word_1_340' title='bbox 3333 2098 3386 2152; x_wconf 92' lang='lat' dir='ltr'><strong>in</strong></span> <span class='ocrx_word' id='word_1_341' title='bbox 3420 2115 3516 2155; x_wconf 86' lang='lat' dir='ltr'><strong>ve-</strong></span> 
     </span>
    </p>
   </div>
   <div class='ocr_carea' id='block_1_52' title="bbox 1939 2179 3514 2246">
    <p class='ocr_par' dir='ltr' id='par_1_52' title="bbox 1939 2179 3514 2246">
     <span class='ocr_line' id='line_1_52' title="bbox 1939 2179 3514 2246; baseline 0.008 -12"><span class='ocrx_word' id='word_1_342' title='bbox 1939 2179 2221 2235; x_wconf 88' lang='lat' dir='ltr'><strong>neratione</strong></span> <span class='ocrx_word' id='word_1_343' title='bbox 2262 2181 2501 2236; x_wconf 88' lang='lat' dir='ltr'><strong>onmium</strong></span> <span class='ocrx_word' id='word_1_344' title='bbox 2531 2191 2844 2238; x_wconf 90' lang='lat' dir='ltr'><strong>sanctorum</strong></span> <span class='ocrx_word' id='word_1_345' title='bbox 2874 2185 3188 2243; x_wconf 77' lang='lat' dir='ltr'><strong>solemniter</strong></span> <span class='ocrx_word' id='word_1_346' title='bbox 3222 2185 3514 2246; x_wconf 79' lang='lat' dir='ltr'><strong>censecra-</strong></span> 
     </span>
    </p>
   </div>
   <div class='ocr_carea' id='block_1_53' title="bbox 1937 2269 3520 2340">
    <p class='ocr_par' dir='ltr' id='par_1_53' title="bbox 1937 2269 3520 2340">
     <span class='ocr_line' id='line_1_53' title="bbox 1937 2269 3520 2340; baseline 0.007 -17"><span class='ocrx_word' id='word_1_347' title='bbox 1937 2269 2036 2334; x_wconf 89' lang='lat' dir='ltr'><strong>vit,</strong></span> <span class='ocrx_word' id='word_1_348' title='bbox 2066 2277 2120 2324; x_wconf 88' lang='lat' dir='ltr'><strong>et</strong></span> <span class='ocrx_word' id='word_1_349' title='bbox 2159 2270 2214 2324; x_wconf 92' lang='lat' dir='ltr'><strong>in</strong></span> <span class='ocrx_word' id='word_1_350' title='bbox 2251 2279 2550 2327; x_wconf 88' lang='lat' dir='ltr'><strong>memorata</strong></span> <span class='ocrx_word' id='word_1_351' title='bbox 2599 2271 2838 2340; x_wconf 88' lang='lat' dir='ltr'><strong>ejusdem</strong></span> <span class='ocrx_word' id='word_1_352' title='bbox 2881 2276 3124 2333; x_wconf 70' lang='lat' dir='ltr'><strong>ecclesiae</strong></span> <span class='ocrx_word' id='word_1_353' title='bbox 3169 2279 3401 2336; x_wconf 79' lang='lat' dir='ltr'><strong>Senioris</strong></span> <span class='ocrx_word' id='word_1_354' title='bbox 3445 2282 3520 2334; x_wconf 82' lang='lat' dir='ltr'><strong>al-</strong></span> 
     </span>
    </p>
   </div>
   <div class='ocr_carea' id='block_1_54' title="bbox 1941 2360 3516 2440">
    <p class='ocr_par' dir='ltr' id='par_1_54' title="bbox 1941 2360 3516 2440">
     <span class='ocr_line' id='line_1_54' title="bbox 1941 2360 3516 2440; baseline 0.008 -24"><span class='ocrx_word' id='word_1_355' title='bbox 1941 2360 2072 2416; x_wconf 82' lang='lat' dir='ltr'><strong>laris</strong></span> <span class='ocrx_word' id='word_1_356' title='bbox 2104 2361 2440 2417; x_wconf 83' lang='lat' dir='ltr'><strong>confessione</strong></span> <span class='ocrx_word' id='word_1_357' title='bbox 2468 2364 2722 2434; x_wconf 68' lang='lat' dir='ltr'><strong>prtedicta</strong></span> <span class='ocrx_word' id='word_1_358' title='bbox 2749 2380 3002 2437; x_wconf 73' lang='lat' dir='ltr'><strong>corpora,</strong></span> <span class='ocrx_word' id='word_1_359' title='bbox 3024 2379 3085 2423; x_wconf 93' lang='lat' dir='ltr'><strong>ut</strong></span> <span class='ocrx_word' id='word_1_360' title='bbox 3104 2371 3383 2440; x_wconf 62' lang='lat' dir='ltr'><strong>praefixum</strong></span> <span class='ocrx_word' id='word_1_361' title='bbox 3413 2382 3516 2438; x_wconf 89' lang='lat' dir='ltr'><strong>est,</strong></span> 
     </span>
    </p>
   </div>
   <div class='ocr_carea' id='block_1_55' title="bbox 1938 2448 3518 2530">
    <p class='ocr_par' dir='ltr' id='par_1_55' title="bbox 1938 2448 3518 2530">
     <span class='ocr_line' id='line_1_55' title="bbox 1938 2448 3518 2530; baseline 0.008 -26"><span class='ocrx_word' id='word_1_362' title='bbox 1938 2448 2252 2505; x_wconf 90' lang='lat' dir='ltr'><strong>solemniter</strong></span> <span class='ocrx_word' id='word_1_363' title='bbox 2293 2451 2654 2524; x_wconf 90' lang='lat' dir='ltr'><strong>decenterque</strong></span> <span class='ocrx_word' id='word_1_364' title='bbox 2692 2462 2748 2509; x_wconf 89' lang='lat' dir='ltr'><strong>et</strong></span> <span class='ocrx_word' id='word_1_365' title='bbox 2791 2457 3167 2516; x_wconf 89' lang='lat' dir='ltr'><strong>ordinabiliter</strong></span> <span class='ocrx_word' id='word_1_366' title='bbox 3213 2454 3518 2530; x_wconf 75' lang='lat' dir='ltr'><strong>collocavit,</strong></span> 
     </span>
    </p>
   </div>
   <div class='ocr_carea' id='block_1_56' title="bbox 1937 2543 3523 2612">
    <p class='ocr_par' dir='ltr' id='par_1_56' title="bbox 1937 2543 3523 2612">
     <span class='ocr_line' id='line_1_56' title="bbox 1937 2543 3523 2612; baseline 0.008 -12"><span class='ocrx_word' id='word_1_367' title='bbox 1937 2559 2002 2600; x_wconf 90' lang='lat' dir='ltr'><strong>ea</strong></span> <span class='ocrx_word' id='word_1_368' title='bbox 2032 2543 2284 2600; x_wconf 84' lang='lat' dir='ltr'><strong>videlicet</strong></span> <span class='ocrx_word' id='word_1_369' title='bbox 2318 2547 2530 2602; x_wconf 89' lang='lat' dir='ltr'><strong>ratione</strong></span> <span class='ocrx_word' id='word_1_370' title='bbox 2569 2557 2628 2601; x_wconf 92' lang='lat' dir='ltr'><strong>ut</strong></span> <span class='ocrx_word' id='word_1_371' title='bbox 2666 2547 2800 2604; x_wconf 89' lang='lat' dir='ltr'><strong>inibi</strong></span> <span class='ocrx_word' id='word_1_372' title='bbox 2829 2549 3001 2605; x_wconf 80' lang='lat' dir='ltr'><strong>oﬂicia</strong></span> <span class='ocrx_word' id='word_1_373' title='bbox 3050 2559 3104 2606; x_wconf 90' lang='lat' dir='ltr'><strong>et</strong></span> <span class='ocrx_word' id='word_1_374' title='bbox 3153 2551 3438 2610; x_wconf 90' lang='lat' dir='ltr'><strong>luminaria</strong></span> <span class='ocrx_word' id='word_1_375' title='bbox 3466 2565 3523 2612; x_wconf 89' lang='lat' dir='ltr'><strong>et</strong></span> 
     </span>
    </p>
   </div>
   <div class='ocr_carea' id='block_1_57' title="bbox 1937 2636 3519 2701">
    <p class='ocr_par' dir='ltr' id='par_1_57' title="bbox 1937 2636 3519 2701">
     <span class='ocr_line' id='line_1_57' title="bbox 1937 2636 3519 2701; baseline 0.006 -10"><span class='ocrx_word' id='word_1_376' title='bbox 1937 2643 2133 2691; x_wconf 65' lang='lat' dir='ltr'><strong>caatera</strong></span> <span class='ocrx_word' id='word_1_377' title='bbox 2155 2636 2222 2690; x_wconf 87' lang='lat' dir='ltr'><strong>ad</strong></span> <span class='ocrx_word' id='word_1_378' title='bbox 2243 2636 2482 2691; x_wconf 90' lang='lat' dir='ltr'><strong>divinum</strong></span> <span class='ocrx_word' id='word_1_379' title='bbox 2511 2637 2713 2693; x_wconf 92' lang='lat' dir='ltr'><strong>cultum</strong></span> <span class='ocrx_word' id='word_1_380' title='bbox 2740 2648 2794 2695; x_wconf 89' lang='lat' dir='ltr'><strong>et</strong></span> <span class='ocrx_word' id='word_1_381' title='bbox 2817 2641 2886 2696; x_wconf 90' lang='lat' dir='ltr'><strong>ad</strong></span> <span class='ocrx_word' id='word_1_382' title='bbox 2918 2642 3179 2698; x_wconf 89' lang='lat' dir='ltr'><strong>honorem</strong></span> <span class='ocrx_word' id='word_1_383' title='bbox 3209 2654 3519 2701; x_wconf 88' lang='lat' dir='ltr'><strong>sanctorum</strong></span> 
     </span>
    </p>
   </div>
   <div class='ocr_carea' id='block_1_58' title="bbox 1937 2727 3524 2803">
    <p class='ocr_par' dir='ltr' id='par_1_58' title="bbox 1937 2727 3524 2803">
     <span class='ocr_line' id='line_1_58' title="bbox 1937 2727 3524 2803; baseline 0.007 -23"><span class='ocrx_word' id='word_1_384' title='bbox 1937 2727 2263 2798; x_wconf 88' lang='lat' dir='ltr'><strong>pertinentia</strong></span> <span class='ocrx_word' id='word_1_385' title='bbox 2288 2728 2521 2798; x_wconf 89' lang='lat' dir='ltr'><strong>pleniter</strong></span> <span class='ocrx_word' id='word_1_386' title='bbox 2549 2730 2906 2797; x_wconf 89' lang='lat' dir='ltr'><strong>haberentur,</strong></span> <span class='ocrx_word' id='word_1_387' title='bbox 2934 2741 2989 2787; x_wconf 91' lang='lat' dir='ltr'><strong>et</strong></span> <span class='ocrx_word' id='word_1_388' title='bbox 3031 2736 3375 2803; x_wconf 90' lang='lat' dir='ltr'><strong>postmodum</strong></span> <span class='ocrx_word' id='word_1_389' title='bbox 3406 2737 3524 2791; x_wconf 84' lang='lat' dir='ltr'><strong>ubi-</strong></span> 
     </span>
    </p>
   </div>
   <div class='ocr_carea' id='block_1_59' title="bbox 1938 2821 3523 2895">
    <p class='ocr_par' dir='ltr' id='par_1_59' title="bbox 1938 2821 3523 2895">
     <span class='ocr_line' id='line_1_59' title="bbox 1938 2821 3523 2895; baseline 0.005 -22"><span class='ocrx_word' id='word_1_390' title='bbox 1938 2833 2151 2890; x_wconf 87' lang='lat' dir='ltr'><strong>cunque</strong></span> <span class='ocrx_word' id='word_1_391' title='bbox 2199 2821 2496 2875; x_wconf 88' lang='lat' dir='ltr'><strong>necessitas</strong></span> <span class='ocrx_word' id='word_1_392' title='bbox 2540 2823 3024 2878; x_wconf 89' lang='lat' dir='ltr'><strong>construendorum</strong></span> <span class='ocrx_word' id='word_1_393' title='bbox 3059 2826 3364 2895; x_wconf 85' lang='lat' dir='ltr'><strong>poposcerit</strong></span> <span class='ocrx_word' id='word_1_394' title='bbox 3406 2843 3523 2881; x_wconf 87' lang='lat' dir='ltr'><strong>mo-</strong></span> 
     </span>
    </p>
   </div>
   <div class='ocr_carea' id='block_1_60' title="bbox 1937 2910 3519 2987">
    <p class='ocr_par' dir='ltr' id='par_1_60' title="bbox 1937 2910 3519 2987">
     <span class='ocr_line' id='line_1_60' title="bbox 1937 2910 3519 2987; baseline 0.006 -24"><span class='ocrx_word' id='word_1_395' title='bbox 1937 2910 2316 2975; x_wconf 90' lang='lat' dir='ltr'><strong>nasteriorum,</strong></span> <span class='ocrx_word' id='word_1_396' title='bbox 2362 2911 2671 2979; x_wconf 74' lang='lat' dir='ltr'><strong>singillatim</strong></span> <span class='ocrx_word' id='word_1_397' title='bbox 2719 2912 2940 2982; x_wconf 72' lang='lat' dir='ltr'><strong>praeﬁxa</strong></span> <span class='ocrx_word' id='word_1_398' title='bbox 2987 2930 3213 2987; x_wconf 89' lang='lat' dir='ltr'><strong>corpora</strong></span> <span class='ocrx_word' id='word_1_399' title='bbox 3268 2917 3324 2972; x_wconf 90' lang='lat' dir='ltr'><strong>in</strong></span> <span class='ocrx_word' id='word_1_400' title='bbox 3380 2933 3519 2973; x_wconf 91' lang='lat' dir='ltr'><strong>uno-</strong></span> 
     </span>
    </p>
   </div>
   <div class='ocr_carea' id='block_1_61' title="bbox 1937 3002 3517 3075">
    <p class='ocr_par' dir='ltr' id='par_1_61' title="bbox 1937 3002 3517 3075">
     <span class='ocr_line' id='line_1_61' title="bbox 1937 3002 3517 3075; baseline 0.007 -23"><span class='ocrx_word' id='word_1_401' title='bbox 1937 3015 2154 3071; x_wconf 90' lang='lat' dir='ltr'><strong>quoque</strong></span> <span class='ocrx_word' id='word_1_402' title='bbox 2182 3002 2512 3057; x_wconf 89' lang='lat' dir='ltr'><strong>monasterio</strong></span> <span class='ocrx_word' id='word_1_403' title='bbox 2557 3002 2874 3070; x_wconf 91' lang='lat' dir='ltr'><strong>collocaret;</strong></span> <span class='ocrx_word' id='word_1_404' title='bbox 2904 3015 3171 3075; x_wconf 88' lang='lat' dir='ltr'><strong>quatenus</strong></span> <span class='ocrx_word' id='word_1_405' title='bbox 3217 3022 3284 3062; x_wconf 80' lang='lat' dir='ltr'><strong>ex</strong></span> <span class='ocrx_word' id='word_1_406' title='bbox 3329 3023 3517 3064; x_wconf 89' lang='lat' dir='ltr'><strong>eorum</strong></span> 
     </span>
    </p>
   </div>
   <div class='ocr_carea' id='block_1_62' title="bbox 1939 3092 3520 3170">
    <p class='ocr_par' dir='ltr' id='par_1_62' title="bbox 1939 3092 3520 3170">
     <span class='ocr_line' id='line_1_62' title="bbox 1939 3092 3520 3170; baseline 0.006 -24"><span class='ocrx_word' id='word_1_407' title='bbox 1939 3092 2216 3147; x_wconf 88' lang='lat' dir='ltr'><strong>memoriis</strong></span> <span class='ocrx_word' id='word_1_408' title='bbox 2259 3101 2316 3147; x_wconf 87' lang='lat' dir='ltr'><strong>et</strong></span> <span class='ocrx_word' id='word_1_409' title='bbox 2357 3094 2558 3164; x_wconf 87' lang='lat' dir='ltr'><strong>apertis</strong></span> <span class='ocrx_word' id='word_1_410' title='bbox 2607 3095 3083 3154; x_wconf 90' lang='lat' dir='ltr'><strong>intercessionibus</strong></span> <span class='ocrx_word' id='word_1_411' title='bbox 3130 3100 3301 3170; x_wconf 90' lang='lat' dir='ltr'><strong>magis</strong></span> <span class='ocrx_word' id='word_1_412' title='bbox 3344 3100 3520 3156; x_wconf 90' lang='lat' dir='ltr'><strong>cultus</strong></span> 
     </span>
    </p>
   </div>
   <div class='ocr_carea' id='block_1_63' title="bbox 249 3176 3518 3251">
    <p class='ocr_par' dir='ltr' id='par_1_63' title="bbox 249 3176 3518 3251">
     <span class='ocr_line' id='line_1_63' title="bbox 249 3176 3518 3251; baseline 0.004 -16"><span class='ocrx_word' id='word_1_413' title='bbox 249 3194 486 3250; x_wconf 72' lang='lat' dir='ltr'><strong>senioris</strong></span> <span class='ocrx_word' id='word_1_414' title='bbox 517 3194 754 3250; x_wconf 57' lang='lat' dir='ltr'><strong>civitatis</strong></span> <span class='ocrx_word' id='word_1_415' title='bbox 780 3194 988 3251; x_wconf 61' lang='lat' dir='ltr'><strong>scilicet</strong></span> <span class='ocrx_word' id='word_1_416' title='bbox 1017 3194 1305 3250; x_wconf 72' lang='lat' dir='ltr'><strong>ecclesiam</strong></span> <span class='ocrx_word' id='word_1_417' title='bbox 1333 3193 1473 3249; x_wconf 77' lang='lat' dir='ltr'><strong>infra</strong></span> <span class='ocrx_word' id='word_1_418' title='bbox 1502 3195 1688 3250; x_wconf 78' lang='lat' dir='ltr'><strong>urbem</strong></span> <span class='ocrx_word' id='word_1_419' title='bbox 1713 3211 1835 3251; x_wconf 82' lang='lat' dir='ltr'><strong>con-</strong></span> <span class='ocrx_word' id='word_1_420' title='bbox 1861 3176 1908 3240; x_wconf 69' lang='grc' dir='ltr'>Ο</span> <span class='ocrx_word' id='word_1_421' title='bbox 1939 3194 2215 3240; x_wconf 86' lang='lat' dir='ltr'><strong>cresceret</strong></span> <span class='ocrx_word' id='word_1_422' title='bbox 2247 3186 2458 3242; x_wconf 86' lang='lat' dir='ltr'><strong>divinus</strong></span> <span class='ocrx_word' id='word_1_423' title='bbox 2477 3227 2491 3251; x_wconf 89' lang='lat'><strong>,</strong></span> <span class='ocrx_word' id='word_1_424' title='bbox 2535 3194 2590 3242; x_wconf 88' lang='lat' dir='ltr'><strong>et</strong></span> <span class='ocrx_word' id='word_1_425' title='bbox 2634 3187 2750 3242; x_wconf 68' lang='lat' dir='ltr'><strong>[illis</strong></span> <span class='ocrx_word' id='word_1_426' title='bbox 2784 3189 2874 3243; x_wconf 72' lang='lat' dir='ltr'><strong>De!</strong></span> <span class='ocrx_word' id='word_1_427' title='bbox 2926 3190 2981 3244; x_wconf 92' lang='lat' dir='ltr'><strong>in</strong></span> <span class='ocrx_word' id='word_1_428' title='bbox 3015 3191 3206 3247; x_wconf 89' lang='lat' dir='ltr'><strong>melius</strong></span> <span class='ocrx_word' id='word_1_429' title='bbox 3247 3201 3302 3248; x_wconf 88' lang='lat' dir='ltr'><strong>et</strong></span> <span class='ocrx_word' id='word_1_430' title='bbox 3337 3193 3518 3249; x_wconf 87' lang='lat' dir='ltr'><strong>multis</strong></span> 
     </span>
    </p>
   </div>
   <div class='ocr_carea' id='block_1_64' title="bbox 247 3285 1831 3357">
    <p class='ocr_par' dir='ltr' id='par_1_64' title="bbox 247 3285 1831 3357">
     <span class='ocr_line' id='line_1_64' title="bbox 247 3285 1831 3357; baseline 0 -17"><span class='ocrx_word' id='word_1_431' title='bbox 247 3285 479 3351; x_wconf 80' lang='lat' dir='ltr'><strong>struxit,</strong></span> <span class='ocrx_word' id='word_1_432' title='bbox 504 3285 560 3340; x_wconf 92' lang='lat' dir='ltr'><strong>in</strong></span> <span class='ocrx_word' id='word_1_433' title='bbox 589 3300 696 3356; x_wconf 92' lang='lat' dir='ltr'><strong>quo</strong></span> <span class='ocrx_word' id='word_1_434' title='bbox 731 3300 996 3357; x_wconf 88' lang='lat' dir='ltr'><strong>pauperes</strong></span> <span class='ocrx_word' id='word_1_435' title='bbox 1026 3295 1082 3342; x_wconf 91' lang='lat' dir='ltr'><strong>et</strong></span> <span class='ocrx_word' id='word_1_436' title='bbox 1117 3285 1343 3352; x_wconf 89' lang='lat' dir='ltr'><strong>debiles,</strong></span> <span class='ocrx_word' id='word_1_437' title='bbox 1371 3286 1501 3340; x_wconf 66' lang='lat' dir='ltr'><strong>caeci</strong></span> <span class='ocrx_word' id='word_1_438' title='bbox 1537 3299 1601 3340; x_wconf 90' lang='lat' dir='ltr'><strong>ac</strong></span> <span class='ocrx_word' id='word_1_439' title='bbox 1637 3285 1831 3352; x_wconf 88' lang='lat' dir='ltr'><strong>claudi,</strong></span> 
     </span>
    </p>
   </div>
   <div class='ocr_carea' id='block_1_65' title="bbox 247 3377 1834 3448">
    <p class='ocr_par' dir='ltr' id='par_1_65' title="bbox 247 3377 1834 3448">
     <span class='ocr_line' id='line_1_65' title="bbox 247 3377 1834 3448; baseline -0.001 -14"><span class='ocrx_word' id='word_1_440' title='bbox 247 3379 368 3434; x_wconf 84' lang='lat' dir='ltr'><strong>sive</strong></span> <span class='ocrx_word' id='word_1_441' title='bbox 399 3377 634 3432; x_wconf 88' lang='lat' dir='ltr'><strong>aliarum</strong></span> <span class='ocrx_word' id='word_1_442' title='bbox 667 3377 998 3433; x_wconf 89' lang='lat' dir='ltr'><strong>debilitatum</strong></span> <span class='ocrx_word' id='word_1_443' title='bbox 1027 3377 1322 3440; x_wconf 8' lang='lat' dir='ltr'><strong>subnixivet</strong></span> <span class='ocrx_word' id='word_1_444' title='bbox 1346 3377 1648 3448; x_wconf 79' lang='lat' dir='ltr'><strong>indigentes</strong></span> <span class='ocrx_word' id='word_1_445' title='bbox 1679 3377 1834 3433; x_wconf 91' lang='lat' dir='ltr'><strong>multi</strong></span> 
     </span>
    </p>
   </div>
   <div class='ocr_carea' id='block_1_66' title="bbox 245 3471 1836 3542">
    <p class='ocr_par' dir='ltr' id='par_1_66' title="bbox 245 3471 1836 3542">
     <span class='ocr_line' id='line_1_66' title="bbox 245 3471 1836 3542; baseline 0.001 -16"><span class='ocrx_word' id='word_1_446' title='bbox 245 3472 649 3541; x_wconf 89' lang='lat' dir='ltr'><strong>reciperentur,</strong></span> <span class='ocrx_word' id='word_1_447' title='bbox 674 3472 868 3542; x_wconf 91' lang='lat' dir='ltr'><strong>quibus</strong></span> <span class='ocrx_word' id='word_1_448' title='bbox 889 3471 1144 3528; x_wconf 89' lang='lat' dir='ltr'><strong>alimenta</strong></span> <span class='ocrx_word' id='word_1_449' title='bbox 1170 3481 1226 3528; x_wconf 92' lang='lat' dir='ltr'><strong>et</strong></span> <span class='ocrx_word' id='word_1_450' title='bbox 1249 3472 1513 3528; x_wconf 91' lang='lat' dir='ltr'><strong>lectorum</strong></span> <span class='ocrx_word' id='word_1_451' title='bbox 1535 3481 1836 3530; x_wconf 85' lang='lat' dir='ltr'><strong>stramenta</strong></span> 
     </span>
    </p>
   </div>
   <div class='ocr_carea' id='block_1_67' title="bbox 249 3563 1839 3636">
    <p class='ocr_par' dir='ltr' id='par_1_67' title="bbox 249 3563 1839 3636">
     <span class='ocr_line' id='line_1_67' title="bbox 249 3563 1839 3636; baseline 0 -15"><span class='ocrx_word' id='word_1_452' title='bbox 249 3564 587 3621; x_wconf 82' lang='lat' dir='ltr'><strong>sufﬁcienter</strong></span> <span class='ocrx_word' id='word_1_453' title='bbox 609 3571 664 3619; x_wconf 92' lang='lat' dir='ltr'><strong>et</strong></span> <span class='ocrx_word' id='word_1_454' title='bbox 693 3563 928 3620; x_wconf 89' lang='lat' dir='ltr'><strong>discrete</strong></span> <span class='ocrx_word' id='word_1_455' title='bbox 962 3564 1424 3620; x_wconf 89' lang='lat' dir='ltr'><strong>ministrarentur.</strong></span> <span class='ocrx_word' id='word_1_456' title='bbox 1454 3564 1682 3620; x_wconf 67' lang='lat' dir='ltr'><strong>Prmlixa</strong></span> <span class='ocrx_word' id='word_1_457' title='bbox 1708 3581 1839 3636; x_wconf 90' lang='lat' dir='ltr'><strong>quo-</strong></span> 
     </span>
    </p>
   </div>
   <div class='ocr_carea' id='block_1_68' title="bbox 251 3654 1838 3727">
    <p class='ocr_par' dir='ltr' id='par_1_68' title="bbox 251 3654 1838 3727">
     <span class='ocr_line' id='line_1_68' title="bbox 251 3654 1838 3727; baseline 0.001 -17"><span class='ocrx_word' id='word_1_458' title='bbox 251 3671 363 3725; x_wconf 88' lang='lat' dir='ltr'><strong>que</strong></span> <span class='ocrx_word' id='word_1_459' title='bbox 388 3654 622 3725; x_wconf 89' lang='lat' dir='ltr'><strong>hospitia</strong></span> <span class='ocrx_word' id='word_1_460' title='bbox 646 3654 763 3726; x_wconf 90' lang='lat' dir='ltr'><strong>jam</strong></span> <span class='ocrx_word' id='word_1_461' title='bbox 791 3655 970 3711; x_wconf 89' lang='lat' dir='ltr'><strong>dictus</strong></span> <span class='ocrx_word' id='word_1_462' title='bbox 995 3655 1246 3711; x_wconf 82' lang='lat' dir='ltr'><strong>Aldricus</strong></span> <span class='ocrx_word' id='word_1_463' title='bbox 1275 3657 1604 3712; x_wconf 88' lang='lat' dir='ltr'><strong>venerabilis</strong></span> <span class='ocrx_word' id='word_1_464' title='bbox 1635 3657 1838 3727; x_wconf 86' lang='lat' dir='ltr'><strong>episco-</strong></span> 
     </span>
    </p>
   </div>
   <div class='ocr_carea' id='block_1_69' title="bbox 249 3746 1836 3817">
    <p class='ocr_par' dir='ltr' id='par_1_69' title="bbox 249 3746 1836 3817">
     <span class='ocr_line' id='line_1_69' title="bbox 249 3746 1836 3817; baseline 0.001 -17"><span class='ocrx_word' id='word_1_465' title='bbox 249 3763 356 3817; x_wconf 88' lang='lat' dir='ltr'><strong>pus</strong></span> <span class='ocrx_word' id='word_1_466' title='bbox 383 3746 450 3800; x_wconf 89' lang='lat' dir='ltr'><strong>de</strong></span> <span class='ocrx_word' id='word_1_467' title='bbox 491 3746 656 3800; x_wconf 89' lang='lat' dir='ltr'><strong>rebus</strong></span> <span class='ocrx_word' id='word_1_468' title='bbox 681 3761 794 3802; x_wconf 65' lang='lat' dir='ltr'><strong>suae</strong></span> <span class='ocrx_word' id='word_1_469' title='bbox 834 3746 979 3802; x_wconf 90' lang='lat' dir='ltr'><strong>sedis</strong></span> <span class='ocrx_word' id='word_1_470' title='bbox 1007 3746 1252 3802; x_wconf 73' lang='lat' dir='ltr'><strong>ecclesia:</strong></span> <span class='ocrx_word' id='word_1_471' title='bbox 1294 3747 1552 3802; x_wconf 90' lang='lat' dir='ltr'><strong>nobiliter</strong></span> <span class='ocrx_word' id='word_1_472' title='bbox 1595 3747 1836 3816; x_wconf 88' lang='lat' dir='ltr'><strong>dotavit,</strong></span> 
     </span>
    </p>
   </div>
   <div class='ocr_carea' id='block_1_70' title="bbox 251 3834 1838 3903">
    <p class='ocr_par' dir='ltr' id='par_1_70' title="bbox 251 3834 1838 3903">
     <span class='ocr_line' id='line_1_70' title="bbox 251 3834 1838 3903; baseline 0.001 -11"><span class='ocrx_word' id='word_1_473' title='bbox 251 3845 310 3892; x_wconf 89' lang='lat' dir='ltr'><strong>et</strong></span> <span class='ocrx_word' id='word_1_474' title='bbox 337 3834 551 3891; x_wconf 82' lang='lat' dir='ltr'><strong>villulas</strong></span> <span class='ocrx_word' id='word_1_475' title='bbox 597 3850 694 3891; x_wconf 90' lang='lat' dir='ltr'><strong>seu</strong></span> <span class='ocrx_word' id='word_1_476' title='bbox 723 3835 984 3903; x_wconf 89' lang='lat' dir='ltr'><strong>decimas,</strong></span> <span class='ocrx_word' id='word_1_477' title='bbox 1015 3837 1158 3893; x_wconf 89' lang='lat' dir='ltr'><strong>sicut</strong></span> <span class='ocrx_word' id='word_1_478' title='bbox 1198 3837 1256 3892; x_wconf 95' lang='lat' dir='ltr'><strong>in</strong></span> <span class='ocrx_word' id='word_1_479' title='bbox 1299 3837 1640 3893; x_wconf 89' lang='lat' dir='ltr'><strong>testamentis</strong></span> <span class='ocrx_word' id='word_1_480' title='bbox 1663 3838 1730 3893; x_wconf 91' lang='lat' dir='ltr'><strong>de</strong></span> <span class='ocrx_word' id='word_1_481' title='bbox 1769 3837 1838 3894; x_wconf 89' lang='lat' dir='ltr'><strong>iis</strong></span> 
     </span>
    </p>
   </div>
   <div class='ocr_carea' id='block_1_71' title="bbox 253 3926 1838 3999">
    <p class='ocr_par' dir='ltr' id='par_1_71' title="bbox 253 3926 1838 3999">
     <span class='ocr_line' id='line_1_71' title="bbox 253 3926 1838 3999; baseline 0.002 -19"><span class='ocrx_word' id='word_1_482' title='bbox 253 3926 415 3982; x_wconf 88' lang='lat' dir='ltr'><strong>factis</strong></span> <span class='ocrx_word' id='word_1_483' title='bbox 455 3927 764 3982; x_wconf 90' lang='lat' dir='ltr'><strong>continetur</strong></span> <span class='ocrx_word' id='word_1_484' title='bbox 810 3927 1092 3996; x_wconf 88' lang='lat' dir='ltr'><strong>insertum,</strong></span> <span class='ocrx_word' id='word_1_485' title='bbox 1122 3944 1233 3984; x_wconf 91' lang='lat' dir='ltr'><strong>una</strong></span> <span class='ocrx_word' id='word_1_486' title='bbox 1269 3944 1394 3984; x_wconf 91' lang='lat' dir='ltr'><strong>cum</strong></span> <span class='ocrx_word' id='word_1_487' title='bbox 1419 3943 1683 3984; x_wconf 91' lang='lat' dir='ltr'><strong>consensu</strong></span> <span class='ocrx_word' id='word_1_488' title='bbox 1719 3929 1838 3999; x_wconf 92' lang='lat' dir='ltr'><strong>epi-</strong></span> 
     </span>
    </p>
   </div>
   <div class='ocr_carea' id='block_1_72' title="bbox 253 4016 1840 4086">
    <p class='ocr_par' dir='ltr' id='par_1_72' title="bbox 253 4016 1840 4086">
     <span class='ocr_line' id='line_1_72' title="bbox 253 4016 1840 4086; baseline 0.003 -15"><span class='ocrx_word' id='word_1_489' title='bbox 253 4031 545 4086; x_wconf 91' lang='lat' dir='ltr'><strong>scoporum</strong></span> <span class='ocrx_word' id='word_1_490' title='bbox 593 4016 887 4072; x_wconf 91' lang='lat' dir='ltr'><strong>multorum</strong></span> <span class='ocrx_word' id='word_1_491' title='bbox 932 4027 988 4074; x_wconf 90' lang='lat' dir='ltr'><strong>et</strong></span> <span class='ocrx_word' id='word_1_492' title='bbox 1027 4034 1250 4075; x_wconf 89' lang='lat' dir='ltr'><strong>suorum</strong></span> <span class='ocrx_word' id='word_1_493' title='bbox 1292 4021 1739 4076; x_wconf 89' lang='lat' dir='ltr'><strong>consacerdotum</strong></span> <span class='ocrx_word' id='word_1_494' title='bbox 1770 4020 1840 4076; x_wconf 90' lang='lat' dir='ltr'><strong>ad</strong></span> 
     </span>
    </p>
   </div>
   <div class='ocr_carea' id='block_1_73' title="bbox 254 4108 1840 4184">
    <p class='ocr_par' dir='ltr' id='par_1_73' title="bbox 254 4108 1840 4184">
     <span class='ocr_line' id='line_1_73' title="bbox 254 4108 1840 4184; baseline 0.004 -22"><span class='ocrx_word' id='word_1_495' title='bbox 254 4116 558 4165; x_wconf 88' lang='lat' dir='ltr'><strong>memorata</strong></span> <span class='ocrx_word' id='word_1_496' title='bbox 606 4108 894 4180; x_wconf 88' lang='lat' dir='ltr'><strong>hospitalia</strong></span> <span class='ocrx_word' id='word_1_497' title='bbox 920 4118 976 4166; x_wconf 92' lang='lat' dir='ltr'><strong>et</strong></span> <span class='ocrx_word' id='word_1_498' title='bbox 1002 4113 1070 4167; x_wconf 89' lang='lat' dir='ltr'><strong>ad</strong></span> <span class='ocrx_word' id='word_1_499' title='bbox 1105 4127 1234 4168; x_wconf 93' lang='lat' dir='ltr'><strong>usus</strong></span> <span class='ocrx_word' id='word_1_500' title='bbox 1278 4111 1550 4182; x_wconf 88' lang='lat' dir='ltr'><strong>hospitum</strong></span> <span class='ocrx_word' id='word_1_501' title='bbox 1593 4128 1658 4168; x_wconf 92' lang='lat' dir='ltr'><strong>ac</strong></span> <span class='ocrx_word' id='word_1_502' title='bbox 1683 4128 1840 4184; x_wconf 90' lang='lat' dir='ltr'><strong>pere-</strong></span> 
     </span>
    </p>
   </div>
   <div class='ocr_carea' id='block_1_74' title="bbox 255 4198 1840 4271">
    <p class='ocr_par' dir='ltr' id='par_1_74' title="bbox 255 4198 1840 4271">
     <span class='ocr_line' id='line_1_74' title="bbox 255 4198 1840 4271; baseline 0.004 -19"><span class='ocrx_word' id='word_1_503' title='bbox 255 4198 538 4270; x_wconf 84' lang='lat' dir='ltr'><strong>grinorum</strong></span> <span class='ocrx_word' id='word_1_504' title='bbox 565 4206 726 4269; x_wconf 89' lang='lat' dir='ltr'><strong>atque</strong></span> <span class='ocrx_word' id='word_1_505' title='bbox 752 4213 1049 4271; x_wconf 90' lang='lat' dir='ltr'><strong>pauperum</strong></span> <span class='ocrx_word' id='word_1_506' title='bbox 1092 4201 1206 4256; x_wconf 90' lang='lat' dir='ltr'><strong>sive</strong></span> <span class='ocrx_word' id='word_1_507' title='bbox 1240 4200 1606 4271; x_wconf 89' lang='lat' dir='ltr'><strong>relinquorum</strong></span> <span class='ocrx_word' id='word_1_508' title='bbox 1639 4203 1840 4258; x_wconf 83' lang='lat' dir='ltr'><strong>adven-</strong></span> 
     </span>
    </p>
   </div>
   <div class='ocr_carea' id='block_1_75' title="bbox 254 4290 1843 4362">
    <p class='ocr_par' dir='ltr' id='par_1_75' title="bbox 254 4290 1843 4362">
     <span class='ocr_line' id='line_1_75' title="bbox 254 4290 1843 4362; baseline 0.004 -18"><span class='ocrx_word' id='word_1_509' title='bbox 254 4290 490 4344; x_wconf 90' lang='lat' dir='ltr'><strong>tantium</strong></span> <span class='ocrx_word' id='word_1_510' title='bbox 535 4291 798 4346; x_wconf 89' lang='lat' dir='ltr'><strong>canonice</strong></span> <span class='ocrx_word' id='word_1_511' title='bbox 842 4291 1340 4362; x_wconf 87' lang='lat' dir='ltr'><strong>rationabiliterque</strong></span> <span class='ocrx_word' id='word_1_512' title='bbox 1386 4293 1744 4360; x_wconf 86' lang='lat' dir='ltr'><strong>contradidit,</strong></span> <span class='ocrx_word' id='word_1_513' title='bbox 1785 4302 1843 4351; x_wconf 88' lang='lat' dir='ltr'><strong>et</strong></span> 
     </span>
    </p>
   </div>
   <div class='ocr_carea' id='block_1_76' title="bbox 251 4384 1840 4457">
    <p class='ocr_par' dir='ltr' id='par_1_76' title="bbox 251 4384 1840 4457">
     <span class='ocr_line' id='line_1_76' title="bbox 251 4384 1840 4457; baseline 0.006 -20"><span class='ocrx_word' id='word_1_514' title='bbox 251 4397 352 4452; x_wconf 87' lang='lat' dir='ltr'><strong>per</strong></span> <span class='ocrx_word' id='word_1_515' title='bbox 382 4390 712 4439; x_wconf 88' lang='lat' dir='ltr'><strong>testamenta</strong></span> <span class='ocrx_word' id='word_1_516' title='bbox 743 4384 811 4440; x_wconf 91' lang='lat' dir='ltr'><strong>ab</strong></span> <span class='ocrx_word' id='word_1_517' title='bbox 838 4385 1105 4457; x_wconf 89' lang='lat' dir='ltr'><strong>episcopis</strong></span> <span class='ocrx_word' id='word_1_518' title='bbox 1131 4394 1187 4442; x_wconf 93' lang='lat' dir='ltr'><strong>et</strong></span> <span class='ocrx_word' id='word_1_519' title='bbox 1216 4387 1586 4444; x_wconf 89' lang='lat' dir='ltr'><strong>sacerdotibus</strong></span> <span class='ocrx_word' id='word_1_520' title='bbox 1613 4387 1727 4444; x_wconf 86' lang='lat' dir='ltr'><strong>sive</strong></span> <span class='ocrx_word' id='word_1_521' title='bbox 1753 4404 1840 4446; x_wconf 86' lang='lat' dir='ltr'><strong>re-</strong></span> 
     </span>
    </p>
   </div>
   <div class='ocr_carea' id='block_1_77' title="bbox 256 4473 1840 4546">
    <p class='ocr_par' dir='ltr' id='par_1_77' title="bbox 256 4473 1840 4546">
     <span class='ocr_line' id='line_1_77' title="bbox 256 4473 1840 4546; baseline 0.004 -17"><span class='ocrx_word' id='word_1_522' title='bbox 256 4474 420 4546; x_wconf 89' lang='lat' dir='ltr'><strong>liquis</strong></span> <span class='ocrx_word' id='word_1_523' title='bbox 469 4473 743 4532; x_wconf 91' lang='lat' dir='ltr'><strong>nobilibus</strong></span> <span class='ocrx_word' id='word_1_524' title='bbox 772 4484 828 4532; x_wconf 91' lang='lat' dir='ltr'><strong>et</strong></span> <span class='ocrx_word' id='word_1_525' title='bbox 855 4477 1042 4534; x_wconf 87' lang='lat' dir='ltr'><strong>liberis</strong></span> <span class='ocrx_word' id='word_1_526' title='bbox 1067 4479 1377 4536; x_wconf 91' lang='lat' dir='ltr'><strong>hominibus</strong></span> <span class='ocrx_word' id='word_1_527' title='bbox 1417 4479 1666 4536; x_wconf 90' lang='lat' dir='ltr'><strong>roborata</strong></span> <span class='ocrx_word' id='word_1_528' title='bbox 1709 4497 1840 4538; x_wconf 92' lang='lat' dir='ltr'><strong>con-</strong></span> 
     </span>
    </p>
   </div>
   <div class='ocr_carea' id='block_1_78' title="bbox 257 4567 1841 4644">
    <p class='ocr_par' dir='ltr' id='par_1_78' title="bbox 257 4567 1841 4644">
     <span class='ocr_line' id='line_1_78' title="bbox 257 4567 1841 4644; baseline 0.004 -23"><span class='ocrx_word' id='word_1_529' title='bbox 257 4567 512 4622; x_wconf 73' lang='lat' dir='ltr'><strong>firmavit.</strong></span> <span class='ocrx_word' id='word_1_530' title='bbox 571 4567 928 4640; x_wconf 82' lang='lat' dir='ltr'><strong>Praescriptus</strong></span> <span class='ocrx_word' id='word_1_531' title='bbox 983 4570 1181 4640; x_wconf 89' lang='lat' dir='ltr'><strong>quippe</strong></span> <span class='ocrx_word' id='word_1_532' title='bbox 1238 4569 1488 4627; x_wconf 89' lang='lat' dir='ltr'><strong>Aldricus</strong></span> <span class='ocrx_word' id='word_1_533' title='bbox 1529 4571 1642 4644; x_wconf 91' lang='lat' dir='ltr'><strong>jam</strong></span> <span class='ocrx_word' id='word_1_534' title='bbox 1685 4573 1841 4628; x_wconf 75' lang='lat' dir='ltr'><strong>dicta:</strong></span> 
     </span>
    </p>
   </div>
   <div class='ocr_carea' id='block_1_79' title="bbox 253 4657 1842 4732">
    <p class='ocr_par' dir='ltr' id='par_1_79' title="bbox 253 4657 1842 4732">
     <span class='ocr_line' id='line_1_79' title="bbox 253 4657 1842 4732; baseline 0.005 -21"><span class='ocrx_word' id='word_1_535' title='bbox 253 4657 406 4712; x_wconf 89' lang='lat' dir='ltr'><strong>urbis</strong></span> <span class='ocrx_word' id='word_1_536' title='bbox 433 4659 721 4730; x_wconf 89' lang='lat' dir='ltr'><strong>episcopus</strong></span> <span class='ocrx_word' id='word_1_537' title='bbox 747 4660 1072 4716; x_wconf 86' lang='lat' dir='ltr'><strong>venerabilis</strong></span> <span class='ocrx_word' id='word_1_538' title='bbox 1099 4660 1305 4715; x_wconf 87' lang='lat' dir='ltr'><strong>invenit</strong></span> <span class='ocrx_word' id='word_1_539' title='bbox 1339 4662 1584 4732; x_wconf 59' lang='lat' dir='ltr'><strong>quaedam</strong></span> <span class='ocrx_word' id='word_1_540' title='bbox 1615 4677 1842 4732; x_wconf 89' lang='lat' dir='ltr'><strong>corpora</strong></span> 
     </span>
    </p>
   </div>
   <div class='ocr_carea' id='block_1_80' title="bbox 254 4751 1841 4822">
    <p class='ocr_par' dir='ltr' id='par_1_80' title="bbox 254 4751 1841 4822">
     <span class='ocr_line' id='line_1_80' title="bbox 254 4751 1841 4822; baseline 0.003 -18"><span class='ocrx_word' id='word_1_541' title='bbox 254 4759 573 4805; x_wconf 87' lang='lat' dir='ltr'><strong>sanctorum</strong></span> <span class='ocrx_word' id='word_1_542' title='bbox 613 4767 732 4818; x_wconf 82' lang='lat' dir='ltr'><strong>sex,</strong></span> <span class='ocrx_word' id='word_1_543' title='bbox 759 4766 882 4822; x_wconf 73' lang='lat' dir='ltr'><strong>quae</strong></span> <span class='ocrx_word' id='word_1_544' title='bbox 919 4751 975 4806; x_wconf 91' lang='lat' dir='ltr'><strong>in</strong></span> <span class='ocrx_word' id='word_1_545' title='bbox 1025 4752 1254 4808; x_wconf 87' lang='lat' dir='ltr'><strong>desertis</strong></span> <span class='ocrx_word' id='word_1_546' title='bbox 1284 4751 1527 4808; x_wconf 89' lang='lat' dir='ltr'><strong>ecclesiis</strong></span> <span class='ocrx_word' id='word_1_547' title='bbox 1563 4752 1715 4808; x_wconf 87' lang='lat' dir='ltr'><strong>valde</strong></span> <span class='ocrx_word' id='word_1_548' title='bbox 1757 4753 1841 4808; x_wconf 83' lang='lat' dir='ltr'><strong>di-</strong></span> 
     </span>
    </p>
   </div>
   <div class='ocr_carea' id='block_1_81' title="bbox 256 4841 1844 4916">
    <p class='ocr_par' dir='ltr' id='par_1_81' title="bbox 256 4841 1844 4916">
     <span class='ocr_line' id='line_1_81' title="bbox 256 4841 1844 4916; baseline 0.003 -21"><span class='ocrx_word' id='word_1_549' title='bbox 256 4843 401 4898; x_wconf 84' lang='lat' dir='ltr'><strong>vinis</strong></span> <span class='ocrx_word' id='word_1_550' title='bbox 445 4841 638 4899; x_wconf 73' lang='lat' dir='ltr'><strong>ofﬁciis</strong></span> <span class='ocrx_word' id='word_1_551' title='bbox 675 4850 731 4898; x_wconf 92' lang='lat' dir='ltr'><strong>et</strong></span> <span class='ocrx_word' id='word_1_552' title='bbox 782 4843 1141 4900; x_wconf 85' lang='lat' dir='ltr'><strong>luminaribu‘s</strong></span> <span class='ocrx_word' id='word_1_553' title='bbox 1185 4853 1350 4916; x_wconf 88' lang='lat' dir='ltr'><strong>atque</strong></span> <span class='ocrx_word' id='word_1_554' title='bbox 1396 4845 1617 4915; x_wconf 84' lang='lat' dir='ltr'><strong>reliquis</strong></span> <span class='ocrx_word' id='word_1_555' title='bbox 1647 4845 1844 4901; x_wconf 89' lang='lat' dir='ltr'><strong>divinis</strong></span> 
     </span>
    </p>
   </div>
   <div class='ocr_carea' id='block_1_82' title="bbox 256 4934 1846 5006">
    <p class='ocr_par' dir='ltr' id='par_1_82' title="bbox 256 4934 1846 5006">
     <span class='ocr_line' id='line_1_82' title="bbox 256 4934 1846 5006; baseline 0.003 -18"><span class='ocrx_word' id='word_1_556' title='bbox 256 4934 501 4989; x_wconf 89' lang='lat' dir='ltr'><strong>cultibus</strong></span> <span class='ocrx_word' id='word_1_557' title='bbox 544 4934 972 5006; x_wconf 85' lang='lat' dir='ltr'><strong>negligebantur,</strong></span> <span class='ocrx_word' id='word_1_558' title='bbox 1014 4951 1134 5006; x_wconf 75' lang='lat' dir='ltr'><strong>qua:</strong></span> <span class='ocrx_word' id='word_1_559' title='bbox 1179 4951 1286 4991; x_wconf 91' lang='lat' dir='ltr'><strong>una</strong></span> <span class='ocrx_word' id='word_1_560' title='bbox 1311 4952 1434 4992; x_wconf 89' lang='lat' dir='ltr'><strong>cum</strong></span> <span class='ocrx_word' id='word_1_561' title='bbox 1465 4937 1690 4992; x_wconf 89' lang='lat' dir='ltr'><strong>consilio</strong></span> <span class='ocrx_word' id='word_1_562' title='bbox 1719 4952 1846 4993; x_wconf 92' lang='lat' dir='ltr'><strong>con-</strong></span> 
     </span>
    </p>
   </div>
   <div class='ocr_carea' id='block_1_83' title="bbox 256 5023 1843 5096">
    <p class='ocr_par' dir='ltr' id='par_1_83' title="bbox 256 5023 1843 5096">
     <span class='ocr_line' id='line_1_83' title="bbox 256 5023 1843 5096; baseline 0.005 -20"><span class='ocrx_word' id='word_1_563' title='bbox 256 5023 607 5078; x_wconf 89' lang='lat' dir='ltr'><strong>sacerdotum</strong></span> <span class='ocrx_word' id='word_1_564' title='bbox 657 5039 876 5081; x_wconf 90' lang='lat' dir='ltr'><strong>suorum</strong></span> <span class='ocrx_word' id='word_1_565' title='bbox 911 5025 966 5080; x_wconf 93' lang='lat' dir='ltr'><strong>in</strong></span> <span class='ocrx_word' id='word_1_566' title='bbox 1014 5027 1220 5096; x_wconf 89' lang='lat' dir='ltr'><strong>gremio</strong></span> <span class='ocrx_word' id='word_1_567' title='bbox 1255 5041 1367 5081; x_wconf 72' lang='lat' dir='ltr'><strong>sua:</strong></span> <span class='ocrx_word' id='word_1_568' title='bbox 1407 5027 1552 5083; x_wconf 87' lang='lat' dir='ltr'><strong>sedis</strong></span> <span class='ocrx_word' id='word_1_569' title='bbox 1599 5028 1843 5084; x_wconf 70' lang='lat' dir='ltr'><strong>ecclesim</strong></span> 
     </span>
    </p>
   </div>
   <div class='ocr_carea' id='block_1_84' title="bbox 257 5113 1845 5187">
    <p class='ocr_par' dir='ltr' id='par_1_84' title="bbox 257 5113 1845 5187">
     <span class='ocr_line' id='line_1_84' title="bbox 257 5113 1845 5187; baseline 0.003 -17"><span class='ocrx_word' id='word_1_570' title='bbox 257 5123 312 5170; x_wconf 87' lang='lat' dir='ltr'><strong>et</strong></span> <span class='ocrx_word' id='word_1_571' title='bbox 338 5115 395 5169; x_wconf 93' lang='lat' dir='ltr'><strong>in</strong></span> <span class='ocrx_word' id='word_1_572' title='bbox 422 5113 766 5172; x_wconf 80' lang='lat' dir='ltr'><strong>confessione</strong></span> <span class='ocrx_word' id='word_1_573' title='bbox 810 5117 1041 5172; x_wconf 88' lang='lat' dir='ltr'><strong>senioris</strong></span> <span class='ocrx_word' id='word_1_574' title='bbox 1083 5117 1322 5187; x_wconf 89' lang='lat' dir='ltr'><strong>ejusdem</strong></span> <span class='ocrx_word' id='word_1_575' title='bbox 1366 5118 1609 5175; x_wconf 83' lang='lat' dir='ltr'><strong>ecclesiae</strong></span> <span class='ocrx_word' id='word_1_576' title='bbox 1655 5118 1845 5175; x_wconf 89' lang='lat' dir='ltr'><strong>altaris</strong></span> 
     </span>
    </p>
   </div>
   <div class='ocr_carea' id='block_1_85' title="bbox 259 5207 1845 5282">
    <p class='ocr_par' dir='ltr' id='par_1_85' title="bbox 259 5207 1845 5282">
     <span class='ocr_line' id='line_1_85' title="bbox 259 5207 1845 5282; baseline 0.004 -20"><span class='ocrx_word' id='word_1_577' title='bbox 259 5207 523 5262; x_wconf 83' lang='lat' dir='ltr'><strong>decenter</strong></span> <span class='ocrx_word' id='word_1_578' title='bbox 566 5215 622 5261; x_wconf 92' lang='lat' dir='ltr'><strong>et</strong></span> <span class='ocrx_word' id='word_1_579' title='bbox 652 5207 1046 5264; x_wconf 89' lang='lat' dir='ltr'><strong>rationabiliter</strong></span> <span class='ocrx_word' id='word_1_580' title='bbox 1079 5209 1403 5264; x_wconf 90' lang='lat' dir='ltr'><strong>collocavit:</strong></span> <span class='ocrx_word' id='word_1_581' title='bbox 1433 5209 1486 5264; x_wconf 92' lang='lat' dir='ltr'><strong>id</strong></span> <span class='ocrx_word' id='word_1_582' title='bbox 1520 5222 1608 5266; x_wconf 92' lang='lat' dir='ltr'><strong>est</strong></span> <span class='ocrx_word' id='word_1_583' title='bbox 1648 5226 1845 5282; x_wconf 89' lang='lat' dir='ltr'><strong>corpus</strong></span> 
     </span>
    </p>
   </div>
   <div class='ocr_carea' id='block_1_86' title="bbox 259 5295 1845 5370">
    <p class='ocr_par' dir='ltr' id='par_1_86' title="bbox 259 5295 1845 5370">
     <span class='ocr_line' id='line_1_86' title="bbox 259 5295 1845 5370; baseline 0.003 -16"><span class='ocrx_word' id='word_1_584' title='bbox 259 5299 436 5354; x_wconf 85' lang='lat' dir='ltr'><strong>sancti</strong></span> <span class='ocrx_word' id='word_1_585' title='bbox 465 5295 665 5353; x_wconf 67' lang='lat' dir='ltr'><strong>Iuliani</strong></span> <span class='ocrx_word' id='word_1_586' title='bbox 688 5297 928 5369; x_wconf 57' lang='lat' dir='ltr'><strong>praefatae</strong></span> <span class='ocrx_word' id='word_1_587' title='bbox 957 5299 1107 5354; x_wconf 88' lang='lat' dir='ltr'><strong>urbis</strong></span> <span class='ocrx_word' id='word_1_588' title='bbox 1127 5299 1364 5370; x_wconf 82' lang='lat' dir='ltr'><strong>episcOpi</strong></span> <span class='ocrx_word' id='word_1_589' title='bbox 1396 5309 1450 5356; x_wconf 92' lang='lat' dir='ltr'><strong>et</strong></span> <span class='ocrx_word' id='word_1_590' title='bbox 1473 5303 1845 5370; x_wconf 65' lang='lat' dir='ltr'><strong>praedicatoris</strong></span> 
     </span>
    </p>
   </div>
   <div class='ocr_carea' id='block_1_87' title="bbox 259 5389 1840 5462">
    <p class='ocr_par' dir='ltr' id='par_1_87' title="bbox 259 5389 1840 5462">
     <span class='ocr_line' id='line_1_87' title="bbox 259 5389 1840 5462; baseline 0.004 -19"><span class='ocrx_word' id='word_1_591' title='bbox 259 5390 445 5462; x_wconf 88' lang='lat' dir='ltr'><strong>primi,</strong></span> <span class='ocrx_word' id='word_1_592' title='bbox 479 5398 537 5444; x_wconf 91' lang='lat' dir='ltr'><strong>et</strong></span> <span class='ocrx_word' id='word_1_593' title='bbox 581 5389 754 5445; x_wconf 88' lang='lat' dir='ltr'><strong>sancti</strong></span> <span class='ocrx_word' id='word_1_594' title='bbox 786 5389 1032 5445; x_wconf 89' lang='lat' dir='ltr'><strong>Thurihii</strong></span> <span class='ocrx_word' id='word_1_595' title='bbox 1062 5391 1304 5460; x_wconf 70' lang='lat' dir='ltr'><strong>praedicti</strong></span> <span class='ocrx_word' id='word_1_596' title='bbox 1353 5393 1591 5462; x_wconf 90' lang='lat' dir='ltr'><strong>episcopi</strong></span> <span class='ocrx_word' id='word_1_597' title='bbox 1641 5392 1840 5449; x_wconf 86' lang='lat' dir='ltr'><strong>Juliani</strong></span> 
     </span>
    </p>
   </div>
   <div class='ocr_carea' id='block_1_88' title="bbox 261 5480 1840 5554">
    <p class='ocr_par' dir='ltr' id='par_1_88' title="bbox 261 5480 1840 5554">
     <span class='ocr_line' id='line_1_88' title="bbox 261 5480 1840 5554; baseline 0.002 -17"><span class='ocrx_word' id='word_1_598' title='bbox 261 5481 620 5548; x_wconf 87' lang='lat' dir='ltr'><strong>successoris,</strong></span> <span class='ocrx_word' id='word_1_599' title='bbox 642 5482 920 5553; x_wconf 91' lang='lat' dir='ltr'><strong>sanctique</strong></span> <span class='ocrx_word' id='word_1_600' title='bbox 948 5480 1162 5538; x_wconf 89' lang='lat' dir='ltr'><strong>Pavacii</strong></span> <span class='ocrx_word' id='word_1_601' title='bbox 1183 5483 1295 5554; x_wconf 89' lang='lat' dir='ltr'><strong>jam</strong></span> <span class='ocrx_word' id='word_1_602' title='bbox 1323 5484 1481 5540; x_wconf 68' lang='lat' dir='ltr'><strong>dictae</strong></span> <span class='ocrx_word' id='word_1_603' title='bbox 1501 5485 1651 5540; x_wconf 91' lang='lat' dir='ltr'><strong>urbis</strong></span> <span class='ocrx_word' id='word_1_604' title='bbox 1677 5485 1840 5540; x_wconf 91' lang='lat' dir='ltr'><strong>etiam</strong></span> 
     </span>
    </p>
   </div>
   <div class='ocr_carea' id='block_1_89' title="bbox 259 5573 1842 5645">
    <p class='ocr_par' dir='ltr' id='par_1_89' title="bbox 259 5573 1842 5645">
     <span class='ocr_line' id='line_1_89' title="bbox 259 5573 1842 5645; baseline 0.001 -16"><span class='ocrx_word' id='word_1_605' title='bbox 259 5573 504 5645; x_wconf 85' lang='lat' dir='ltr'><strong>episcopi</strong></span> <span class='ocrx_word' id='word_1_606' title='bbox 540 5581 597 5628; x_wconf 92' lang='lat' dir='ltr'><strong>et</strong></span> <span class='ocrx_word' id='word_1_607' title='bbox 632 5573 1001 5644; x_wconf 82' lang='lat' dir='ltr'><strong>praedicatoris</strong></span> <span class='ocrx_word' id='word_1_608' title='bbox 1030 5575 1242 5645; x_wconf 89' lang='lat' dir='ltr'><strong>optimi,</strong></span> <span class='ocrx_word' id='word_1_609' title='bbox 1283 5590 1379 5632; x_wconf 91' lang='lat' dir='ltr'><strong>seu</strong></span> <span class='ocrx_word' id='word_1_610' title='bbox 1409 5576 1582 5632; x_wconf 90' lang='lat' dir='ltr'><strong>sancti</strong></span> <span class='ocrx_word' id='word_1_611' title='bbox 1610 5575 1842 5632; x_wconf 82' lang='lat' dir='ltr'><strong>Romani</strong></span> 
     </span>
    </p>
   </div>
   <div class='ocr_carea' id='block_1_90' title="bbox 261 5663 1842 5739">
    <p class='ocr_par' dir='ltr' id='par_1_90' title="bbox 261 5663 1842 5739">
     <span class='ocr_line' id='line_1_90' title="bbox 261 5663 1842 5739; baseline 0.003 -19"><span class='ocrx_word' id='word_1_612' title='bbox 261 5663 564 5720; x_wconf 78' lang='lat' dir='ltr'><strong>sacerdotis</strong></span> <span class='ocrx_word' id='word_1_613' title='bbox 588 5663 845 5736; x_wconf 70' lang='lat' dir='ltr'><strong>pratcipui</strong></span> <span class='ocrx_word' id='word_1_614' title='bbox 876 5674 950 5730; x_wconf 89' lang='lat' dir='ltr'><strong>et,</strong></span> <span class='ocrx_word' id='word_1_615' title='bbox 985 5673 1046 5720; x_wconf 93' lang='lat' dir='ltr'><strong>ut</strong></span> <span class='ocrx_word' id='word_1_616' title='bbox 1073 5665 1267 5735; x_wconf 90' lang='lat' dir='ltr'><strong>fertur,</strong></span> <span class='ocrx_word' id='word_1_617' title='bbox 1297 5669 1510 5739; x_wconf 91' lang='lat' dir='ltr'><strong>nepotis</strong></span> <span class='ocrx_word' id='word_1_618' title='bbox 1547 5669 1722 5724; x_wconf 90' lang='lat' dir='ltr'><strong>sancti</strong></span> <span class='ocrx_word' id='word_1_619' title='bbox 1749 5668 1842 5724; x_wconf 86' lang='lat' dir='ltr'><strong>Ju-</strong></span> 
     </span>
    </p>
   </div>
   <div class='ocr_carea' id='block_1_91' title="bbox 259 5751 1840 5839">
    <p class='ocr_par' dir='ltr' id='par_1_91' title="bbox 259 5751 1840 5839">
     <span class='ocr_line' id='line_1_91' title="bbox 259 5751 1840 5839; baseline 0.004 -29"><span class='ocrx_word' id='word_1_620' title='bbox 259 5751 391 5810; x_wconf 88' lang='lat' dir='ltr'><strong>liani</strong></span> <span class='ocrx_word' id='word_1_621' title='bbox 420 5763 480 5812; x_wconf 92' lang='lat' dir='ltr'><strong>et</strong></span> <span class='ocrx_word' id='word_1_622' title='bbox 517 5763 721 5810; x_wconf 67' lang='lat' dir='ltr'><strong>sanctae</strong></span> <span class='ocrx_word' id='word_1_623' title='bbox 769 5756 1024 5814; x_wconf 68' lang='lat' dir='ltr'><strong>Romanae</strong></span> <span class='ocrx_word' id='word_1_624' title='bbox 1069 5758 1324 5817; x_wconf 83' lang='lat' dir='ltr'><strong>Ecclesiae</strong></span> <span class='ocrx_word' id='word_1_625' title='bbox 1372 5759 1640 5839; x_wconf 89' lang='lat' dir='ltr'><strong>ministri,</strong></span> <span class='ocrx_word' id='word_1_626' title='bbox 1679 5775 1840 5832; x_wconf 87' lang='lat' dir='ltr'><strong>quem</strong></span> 
     </span>
    </p>
   </div>
   <div class='ocr_carea' id='block_1_92' title="bbox 503 5869 1019 5933">
    <p class='ocr_par' dir='ltr' id='par_1_92' title="bbox 503 5869 1019 5933">
     <span class='ocr_line' id='line_1_92' title="bbox 503 5869 1019 5933; baseline 0.006 -3"><span class='ocrx_word' id='word_1_627' title='bbox 503 5869 780 5931; x_wconf 61' lang='lat' dir='ltr'><strong>Par-non.</strong></span> <span class='ocrx_word' id='word_1_628' title='bbox 823 5869 1019 5933; x_wconf 80' lang='lat' dir='ltr'><strong>CXV.</strong></span> 
     </span>
    </p>
   </div>
   <div class='ocr_carea' id='block_1_93' title="bbox 1939 3271 3514 3356">
    <p class='ocr_par' dir='ltr' id='par_1_93' title="bbox 1939 3271 3514 3356">
     <span class='ocr_line' id='line_1_93' title="bbox 1939 3271 3514 3356; baseline 0.006 -24"><span class='ocrx_word' id='word_1_629' title='bbox 1939 3277 2114 3333; x_wconf 89' lang='lat' dir='ltr'><strong>modis</strong></span> <span class='ocrx_word' id='word_1_630' title='bbox 2149 3277 2614 3356; x_wconf 87' lang='lat' dir='ltr'><strong>multiplicaretur,</strong></span> <span class='ocrx_word' id='word_1_631' title='bbox 2645 3281 2784 3336; x_wconf 91' lang='lat' dir='ltr'><strong>sicut</strong></span> <span class='ocrx_word' id='word_1_632' title='bbox 2809 3281 2863 3336; x_wconf 92' lang='lat' dir='ltr'><strong>in</strong></span> <span class='ocrx_word' id='word_1_633' title='bbox 2894 3271 3126 3352; x_wconf 86' lang='lat' dir='ltr'><strong>posteris</strong></span> <span class='ocrx_word' id='word_1_634' title='bbox 3153 3279 3333 3341; x_wconf 84' lang='lat' dir='ltr'><strong>actum</strong></span> <span class='ocrx_word' id='word_1_635' title='bbox 3373 3279 3514 3352; x_wconf 83' lang='lat' dir='ltr'><strong>esse,</strong></span> 
     </span>
    </p>
   </div>
   <div class='ocr_carea' id='block_1_94' title="bbox 1939 3367 3518 3450">
    <p class='ocr_par' dir='ltr' id='par_1_94' title="bbox 1939 3367 3518 3450">
     <span class='ocr_line' id='line_1_94' title="bbox 1939 3367 3518 3450; baseline 0.005 -27"><span class='ocrx_word' id='word_1_636' title='bbox 1939 3367 2166 3423; x_wconf 91' lang='lat' dir='ltr'><strong>Domino</strong></span> <span class='ocrx_word' id='word_1_637' title='bbox 2189 3377 2476 3436; x_wconf 88' lang='lat' dir='ltr'><strong>annuente,</strong></span> <span class='ocrx_word' id='word_1_638' title='bbox 2523 3371 2804 3440; x_wconf 89' lang='lat' dir='ltr'><strong>probatur.</strong></span> <span class='ocrx_word' id='word_1_639' title='bbox 2850 3371 2969 3450; x_wconf 80' lang='lat' dir='ltr'><strong>Ipse</strong></span> <span class='ocrx_word' id='word_1_640' title='bbox 3011 3373 3140 3444; x_wconf 86' lang='lat' dir='ltr'><strong>ergo</strong></span> <span class='ocrx_word' id='word_1_641' title='bbox 3183 3375 3433 3431; x_wconf 90' lang='lat' dir='ltr'><strong>Aldricus</strong></span> <span class='ocrx_word' id='word_1_642' title='bbox 3464 3377 3518 3431; x_wconf 88' lang='lat' dir='ltr'><strong>in</strong></span> 
     </span>
    </p>
   </div>
   <div class='ocr_carea' id='block_1_95' title="bbox 1938 3459 3513 3532">
    <p class='ocr_par' dir='ltr' id='par_1_95' title="bbox 1938 3459 3513 3532">
     <span class='ocr_line' id='line_1_95' title="bbox 1938 3459 3513 3532; baseline 0.007 -18"><span class='ocrx_word' id='word_1_643' title='bbox 1938 3459 2164 3532; x_wconf 83' lang='lat' dir='ltr'><strong>praefata</strong></span> <span class='ocrx_word' id='word_1_644' title='bbox 2197 3462 2407 3516; x_wconf 89' lang='lat' dir='ltr'><strong>seniore</strong></span> <span class='ocrx_word' id='word_1_645' title='bbox 2429 3471 2482 3517; x_wconf 90' lang='lat' dir='ltr'><strong>et</strong></span> <span class='ocrx_word' id='word_1_646' title='bbox 2519 3472 2692 3518; x_wconf 87' lang='lat' dir='ltr'><strong>matre</strong></span> <span class='ocrx_word' id='word_1_647' title='bbox 2715 3465 2944 3521; x_wconf 90' lang='lat' dir='ltr'><strong>ecclesia</strong></span> <span class='ocrx_word' id='word_1_648' title='bbox 2972 3467 3209 3523; x_wconf 89' lang='lat' dir='ltr'><strong>civitatis</strong></span> <span class='ocrx_word' id='word_1_649' title='bbox 3233 3469 3513 3525; x_wconf 83' lang='lat' dir='ltr'><strong>duodecim</strong></span> 
     </span>
    </p>
   </div>
   <div class='ocr_carea' id='block_1_96' title="bbox 1940 3553 3515 3628">
    <p class='ocr_par' dir='ltr' id='par_1_96' title="bbox 1940 3553 3515 3628">
     <span class='ocr_line' id='line_1_96' title="bbox 1940 3553 3515 3628; baseline 0.006 -20"><span class='ocrx_word' id='word_1_650' title='bbox 1940 3553 2095 3622; x_wconf 84' lang='lat' dir='ltr'><strong>signa</strong></span> <span class='ocrx_word' id='word_1_651' title='bbox 2118 3569 2184 3610; x_wconf 84' lang='lat' dir='ltr'><strong>ex</strong></span> <span class='ocrx_word' id='word_1_652' title='bbox 2212 3555 2428 3610; x_wconf 88' lang='lat' dir='ltr'><strong>metallo</strong></span> <span class='ocrx_word' id='word_1_653' title='bbox 2454 3556 2658 3628; x_wconf 90' lang='lat' dir='ltr'><strong>optimo</strong></span> <span class='ocrx_word' id='word_1_654' title='bbox 2698 3556 2922 3614; x_wconf 89' lang='lat' dir='ltr'><strong>fundere</strong></span> <span class='ocrx_word' id='word_1_655' title='bbox 2946 3571 3001 3614; x_wconf 91' lang='lat' dir='ltr'><strong>et</strong></span> <span class='ocrx_word' id='word_1_656' title='bbox 3037 3560 3254 3617; x_wconf 88' lang='lat' dir='ltr'><strong>ﬁrmare</strong></span> <span class='ocrx_word' id='word_1_657' title='bbox 3291 3564 3515 3628; x_wconf 85' lang='lat' dir='ltr'><strong>studuit,</strong></span> 
     </span>
    </p>
   </div>
   <div class='ocr_carea' id='block_1_97' title="bbox 1939 3646 3522 3718">
    <p class='ocr_par' dir='ltr' id='par_1_97' title="bbox 1939 3646 3522 3718">
     <span class='ocr_line' id='line_1_97' title="bbox 1939 3646 3522 3718; baseline 0.006 -17"><span class='ocrx_word' id='word_1_658' title='bbox 1939 3661 2060 3718; x_wconf 71' lang='lat' dir='ltr'><strong>qua:</strong></span> <span class='ocrx_word' id='word_1_659' title='bbox 2105 3655 2160 3702; x_wconf 94' lang='lat' dir='ltr'><strong>et</strong></span> <span class='ocrx_word' id='word_1_660' title='bbox 2200 3647 2255 3702; x_wconf 91' lang='lat' dir='ltr'><strong>in</strong></span> <span class='ocrx_word' id='word_1_661' title='bbox 2285 3646 2400 3716; x_wconf 88' lang='lat' dir='ltr'><strong>jam</strong></span> <span class='ocrx_word' id='word_1_662' title='bbox 2441 3647 2585 3704; x_wconf 87' lang='lat' dir='ltr'><strong>dicta</strong></span> <span class='ocrx_word' id='word_1_663' title='bbox 2629 3651 2842 3706; x_wconf 91' lang='lat' dir='ltr'><strong>seniore</strong></span> <span class='ocrx_word' id='word_1_664' title='bbox 2889 3652 3117 3708; x_wconf 88' lang='lat' dir='ltr'><strong>ecclesia</strong></span> <span class='ocrx_word' id='word_1_665' title='bbox 3165 3654 3418 3710; x_wconf 88' lang='lat' dir='ltr'><strong>decenter</strong></span> <span class='ocrx_word' id='word_1_666' title='bbox 3466 3658 3522 3712; x_wconf 89' lang='lat' dir='ltr'><strong>in</strong></span> 
     </span>
    </p>
   </div>
   <div class='ocr_carea' id='block_1_98' title="bbox 1940 3737 3524 3813">
    <p class='ocr_par' dir='ltr' id='par_1_98' title="bbox 1940 3737 3524 3813">
     <span class='ocr_line' id='line_1_98' title="bbox 1940 3737 3524 3813; baseline 0.004 -18"><span class='ocrx_word' id='word_1_667' title='bbox 1940 3737 2190 3795; x_wconf 88' lang='lat' dir='ltr'><strong>clocariis</strong></span> <span class='ocrx_word' id='word_1_668' title='bbox 2218 3739 2523 3807; x_wconf 89' lang='lat' dir='ltr'><strong>collocavit,</strong></span> <span class='ocrx_word' id='word_1_669' title='bbox 2551 3749 2606 3796; x_wconf 90' lang='lat' dir='ltr'><strong>et</strong></span> <span class='ocrx_word' id='word_1_670' title='bbox 2631 3741 2698 3796; x_wconf 90' lang='lat' dir='ltr'><strong>ad</strong></span> <span class='ocrx_word' id='word_1_671' title='bbox 2725 3743 2965 3813; x_wconf 88' lang='lat' dir='ltr'><strong>singulos</strong></span> <span class='ocrx_word' id='word_1_672' title='bbox 2985 3759 3178 3801; x_wconf 90' lang='lat' dir='ltr'><strong>cursus</strong></span> <span class='ocrx_word' id='word_1_673' title='bbox 3204 3747 3524 3802; x_wconf 89' lang='lat' dir='ltr'><strong>mirabiliter</strong></span> 
     </span>
    </p>
   </div>
   <div class='ocr_carea' id='block_1_99' title="bbox 1939 3830 3515 3906">
    <p class='ocr_par' dir='ltr' id='par_1_99' title="bbox 1939 3830 3515 3906">
     <span class='ocr_line' id='line_1_99' title="bbox 1939 3830 3515 3906; baseline 0.004 -22"><span class='ocrx_word' id='word_1_674' title='bbox 1939 3839 1997 3885; x_wconf 92' lang='lat' dir='ltr'><strong>et</strong></span> <span class='ocrx_word' id='word_1_675' title='bbox 2023 3830 2396 3886; x_wconf 89' lang='lat' dir='ltr'><strong>ordinabiliter</strong></span> <span class='ocrx_word' id='word_1_676' title='bbox 2441 3832 2669 3887; x_wconf 90' lang='lat' dir='ltr'><strong>reboare</strong></span> <span class='ocrx_word' id='word_1_677' title='bbox 2714 3841 2768 3888; x_wconf 89' lang='lat' dir='ltr'><strong>et</strong></span> <span class='ocrx_word' id='word_1_678' title='bbox 2803 3849 3000 3890; x_wconf 89' lang='lat' dir='ltr'><strong>sonare</strong></span> <span class='ocrx_word' id='word_1_679' title='bbox 3039 3835 3334 3906; x_wconf 86' lang='lat' dir='ltr'><strong>disposuit,</strong></span> <span class='ocrx_word' id='word_1_680' title='bbox 3379 3852 3515 3906; x_wconf 88' lang='lat' dir='ltr'><strong>qua-</strong></span> 
     </span>
    </p>
   </div>
   <div class='ocr_carea' id='block_1_100' title="bbox 1940 3923 3524 3996">
    <p class='ocr_par' dir='ltr' id='par_1_100' title="bbox 1940 3923 3524 3996">
     <span class='ocr_line' id='line_1_100' title="bbox 1940 3923 3524 3996; baseline 0.003 -19"><span class='ocrx_word' id='word_1_681' title='bbox 1940 3928 2102 3978; x_wconf 88' lang='lat' dir='ltr'><strong>tenus</strong></span> <span class='ocrx_word' id='word_1_682' title='bbox 2136 3931 2194 3977; x_wconf 92' lang='lat' dir='ltr'><strong>et</strong></span> <span class='ocrx_word' id='word_1_683' title='bbox 2231 3937 2330 3992; x_wconf 90' lang='lat' dir='ltr'><strong>per</strong></span> <span class='ocrx_word' id='word_1_684' title='bbox 2355 3937 2417 3996; x_wconf 84' lang='lat' dir='ltr'><strong>ea</strong></span> <span class='ocrx_word' id='word_1_685' title='bbox 2458 3923 2715 3994; x_wconf 86' lang='lat' dir='ltr'><strong>populum</strong></span> <span class='ocrx_word' id='word_1_686' title='bbox 2758 3924 2824 3979; x_wconf 91' lang='lat' dir='ltr'><strong>ad</strong></span> <span class='ocrx_word' id='word_1_687' title='bbox 2863 3925 3147 3980; x_wconf 78' lang='lat' dir='ltr'><strong>ecclesiam</strong></span> <span class='ocrx_word' id='word_1_688' title='bbox 3175 3927 3428 3982; x_wconf 88' lang='lat' dir='ltr'><strong>decenter</strong></span> <span class='ocrx_word' id='word_1_689' title='bbox 3469 3935 3524 3982; x_wconf 88' lang='lat' dir='ltr'><strong>et</strong></span> 
     </span>
    </p>
   </div>
   <div class='ocr_carea' id='block_1_101' title="bbox 1941 4013 3520 4086">
    <p class='ocr_par' dir='ltr' id='par_1_101' title="bbox 1941 4013 3520 4086">
     <span class='ocr_line' id='line_1_101' title="bbox 1941 4013 3520 4086; baseline 0.001 -16"><span class='ocrx_word' id='word_1_690' title='bbox 1941 4013 2256 4070; x_wconf 88' lang='lat' dir='ltr'><strong>solemniter</strong></span> <span class='ocrx_word' id='word_1_691' title='bbox 2283 4024 2628 4080; x_wconf 89' lang='lat' dir='ltr'><strong>convocaret,</strong></span> <span class='ocrx_word' id='word_1_692' title='bbox 2659 4022 2713 4069; x_wconf 89' lang='lat' dir='ltr'><strong>et</strong></span> <span class='ocrx_word' id='word_1_693' title='bbox 2743 4029 2808 4070; x_wconf 82' lang='lat' dir='ltr'><strong>ex</strong></span> <span class='ocrx_word' id='word_1_694' title='bbox 2834 4016 2914 4071; x_wconf 91' lang='lat' dir='ltr'><strong>eis</strong></span> <span class='ocrx_word' id='word_1_695' title='bbox 2943 4016 3096 4086; x_wconf 88' lang='lat' dir='ltr'><strong>plura</strong></span> <span class='ocrx_word' id='word_1_696' title='bbox 3126 4025 3179 4073; x_wconf 87' lang='lat' dir='ltr'><strong>et</strong></span> <span class='ocrx_word' id='word_1_697' title='bbox 3204 4018 3520 4072; x_wconf 87' lang='lat' dir='ltr'><strong>multimoda</strong></span> 
     </span>
    </p>
   </div>
   <div class='ocr_carea' id='block_1_102' title="bbox 1942 4105 3520 4181">
    <p class='ocr_par' dir='ltr' id='par_1_102' title="bbox 1942 4105 3520 4181">
     <span class='ocr_line' id='line_1_102' title="bbox 1942 4105 3520 4181; baseline 0.003 -21"><span class='ocrx_word' id='word_1_698' title='bbox 1942 4105 2061 4161; x_wconf 90' lang='lat' dir='ltr'><strong>laus</strong></span> <span class='ocrx_word' id='word_1_699' title='bbox 2098 4105 2310 4161; x_wconf 90' lang='lat' dir='ltr'><strong>Domini</strong></span> <span class='ocrx_word' id='word_1_700' title='bbox 2346 4115 2702 4162; x_wconf 81' lang='lat' dir='ltr'><strong>exornaretur</strong></span> <span class='ocrx_word' id='word_1_701' title='bbox 2729 4115 2783 4163; x_wconf 90' lang='lat' dir='ltr'><strong>et</strong></span> <span class='ocrx_word' id='word_1_702' title='bbox 2806 4117 3098 4172; x_wconf 87' lang='lat' dir='ltr'><strong>cresceret,</strong></span> <span class='ocrx_word' id='word_1_703' title='bbox 3127 4118 3185 4163; x_wconf 92' lang='lat' dir='ltr'><strong>ut</strong></span> <span class='ocrx_word' id='word_1_704' title='bbox 3209 4116 3266 4164; x_wconf 90' lang='lat' dir='ltr'><strong>et</strong></span> <span class='ocrx_word' id='word_1_705' title='bbox 3290 4110 3342 4164; x_wconf 92' lang='lat' dir='ltr'><strong>in</strong></span> <span class='ocrx_word' id='word_1_706' title='bbox 3373 4127 3520 4181; x_wconf 87' lang='lat' dir='ltr'><strong>cym-</strong></span> 
     </span>
    </p>
   </div>
   <div class='ocr_carea' id='block_1_103' title="bbox 1940 4197 3520 4256">
    <p class='ocr_par' dir='ltr' id='par_1_103' title="bbox 1940 4197 3520 4256">
     <span class='ocr_line' id='line_1_103' title="bbox 1940 4197 3520 4256; baseline 0.001 -2"><span class='ocrx_word' id='word_1_707' title='bbox 1940 4197 2081 4254; x_wconf 88' lang='lat' dir='ltr'><strong>balis</strong></span> <span class='ocrx_word' id='word_1_708' title='bbox 2107 4197 2246 4255; x_wconf 91' lang='lat' dir='ltr'><strong>bene</strong></span> <span class='ocrx_word' id='word_1_709' title='bbox 2279 4198 2596 4256; x_wconf 90' lang='lat' dir='ltr'><strong>sonantibus</strong></span> <span class='ocrx_word' id='word_1_710' title='bbox 2627 4200 2806 4254; x_wconf 91' lang='lat' dir='ltr'><strong>cuncti</strong></span> <span class='ocrx_word' id='word_1_711' title='bbox 2836 4199 3052 4255; x_wconf 90' lang='lat' dir='ltr'><strong>assidue</strong></span> <span class='ocrx_word' id='word_1_712' title='bbox 3090 4202 3372 4256; x_wconf 91' lang='lat' dir='ltr'><strong>Dominum</strong></span> <span class='ocrx_word' id='word_1_713' title='bbox 3404 4201 3520 4255; x_wconf 87' lang='lat' dir='ltr'><strong>lau-</strong></span> 
     </span>
    </p>
   </div>
   <div class='ocr_carea' id='block_1_104' title="bbox 1943 4291 3520 4362">
    <p class='ocr_par' dir='ltr' id='par_1_104' title="bbox 1943 4291 3520 4362">
     <span class='ocr_line' id='line_1_104' title="bbox 1943 4291 3520 4362; baseline 0 -15"><span class='ocrx_word' id='word_1_714' title='bbox 1943 4291 2157 4359; x_wconf 86' lang='lat' dir='ltr'><strong>darent,</strong></span> <span class='ocrx_word' id='word_1_715' title='bbox 2187 4299 2244 4348; x_wconf 91' lang='lat' dir='ltr'><strong>et</strong></span> <span class='ocrx_word' id='word_1_716' title='bbox 2273 4291 2704 4362; x_wconf 88' lang='lat' dir='ltr'><strong>quandocunque</strong></span> <span class='ocrx_word' id='word_1_717' title='bbox 2734 4291 2902 4346; x_wconf 90' lang='lat' dir='ltr'><strong>dulcis</strong></span> <span class='ocrx_word' id='word_1_718' title='bbox 2931 4306 3116 4346; x_wconf 88' lang='lat' dir='ltr'><strong>eorum</strong></span> <span class='ocrx_word' id='word_1_719' title='bbox 3150 4307 3312 4348; x_wconf 90' lang='lat' dir='ltr'><strong>sonus</strong></span> <span class='ocrx_word' id='word_1_720' title='bbox 3343 4293 3395 4347; x_wconf 91' lang='lat' dir='ltr'><strong>in</strong></span> <span class='ocrx_word' id='word_1_721' title='bbox 3427 4309 3520 4347; x_wconf 90' lang='lat' dir='ltr'><strong>au-</strong></span> 
     </span>
    </p>
   </div>
   <div class='ocr_carea' id='block_1_105' title="bbox 1941 4381 3521 4453">
    <p class='ocr_par' dir='ltr' id='par_1_105' title="bbox 1941 4381 3521 4453">
     <span class='ocr_line' id='line_1_105' title="bbox 1941 4381 3521 4453; baseline 0.001 -16"><span class='ocrx_word' id='word_1_722' title='bbox 1941 4381 2095 4438; x_wconf 88' lang='lat' dir='ltr'><strong>ribus</strong></span> <span class='ocrx_word' id='word_1_723' title='bbox 2123 4383 2443 4453; x_wconf 90' lang='lat' dir='ltr'><strong>populorum</strong></span> <span class='ocrx_word' id='word_1_724' title='bbox 2474 4383 2744 4448; x_wconf 89' lang='lat' dir='ltr'><strong>reboaret,</strong></span> <span class='ocrx_word' id='word_1_725' title='bbox 2776 4381 2844 4437; x_wconf 91' lang='lat' dir='ltr'><strong>de</strong></span> <span class='ocrx_word' id='word_1_726' title='bbox 2871 4397 3060 4438; x_wconf 89' lang='lat' dir='ltr'><strong>eorum</strong></span> <span class='ocrx_word' id='word_1_727' title='bbox 3089 4382 3380 4438; x_wconf 90' lang='lat' dir='ltr'><strong>sceleribus</strong></span> <span class='ocrx_word' id='word_1_728' title='bbox 3405 4399 3521 4438; x_wconf 87' lang='lat' dir='ltr'><strong>om-</strong></span> 
     </span>
    </p>
   </div>
   <div class='ocr_carea' id='block_1_106' title="bbox 1943 4475 3519 4546">
    <p class='ocr_par' dir='ltr' id='par_1_106' title="bbox 1943 4475 3519 4546">
     <span class='ocr_line' id='line_1_106' title="bbox 1943 4475 3519 4546; baseline 0.003 -17"><span class='ocrx_word' id='word_1_729' title='bbox 1943 4489 2041 4531; x_wconf 91' lang='lat' dir='ltr'><strong>nes</strong></span> <span class='ocrx_word' id='word_1_730' title='bbox 2065 4475 2496 4540; x_wconf 90' lang='lat' dir='ltr'><strong>recordarentur,</strong></span> <span class='ocrx_word' id='word_1_731' title='bbox 2524 4484 2580 4531; x_wconf 91' lang='lat' dir='ltr'><strong>et</strong></span> <span class='ocrx_word' id='word_1_732' title='bbox 2610 4491 2708 4546; x_wconf 93' lang='lat' dir='ltr'><strong>pro</strong></span> <span class='ocrx_word' id='word_1_733' title='bbox 2734 4475 2814 4532; x_wconf 91' lang='lat' dir='ltr'><strong>eis</strong></span> <span class='ocrx_word' id='word_1_734' title='bbox 2841 4475 3051 4531; x_wconf 89' lang='lat' dir='ltr'><strong>Domini</strong></span> <span class='ocrx_word' id='word_1_735' title='bbox 3093 4476 3519 4534; x_wconf 89' lang='lat' dir='ltr'><strong>misericordiam</strong></span> 
     </span>
    </p>
   </div>
   <div class='ocr_carea' id='block_1_107' title="bbox 1946 4566 3524 4638">
    <p class='ocr_par' dir='ltr' id='par_1_107' title="bbox 1946 4566 3524 4638">
     <span class='ocr_line' id='line_1_107' title="bbox 1946 4566 3524 4638; baseline 0.002 -17"><span class='ocrx_word' id='word_1_736' title='bbox 1946 4566 2170 4638; x_wconf 76' lang='lat' dir='ltr'><strong>singulis</strong></span> <span class='ocrx_word' id='word_1_737' title='bbox 2207 4567 2357 4622; x_wconf 90' lang='lat' dir='ltr'><strong>horis</strong></span> <span class='ocrx_word' id='word_1_738' title='bbox 2398 4567 2730 4634; x_wconf 88' lang='lat' dir='ltr'><strong>invocarent,</strong></span> <span class='ocrx_word' id='word_1_739' title='bbox 2759 4575 3028 4638; x_wconf 90' lang='lat' dir='ltr'><strong>quatenus</strong></span> <span class='ocrx_word' id='word_1_740' title='bbox 3063 4569 3434 4625; x_wconf 89' lang='lat' dir='ltr'><strong>remissionem</strong></span> <span class='ocrx_word' id='word_1_741' title='bbox 3466 4578 3524 4624; x_wconf 90' lang='lat' dir='ltr'><strong>et</strong></span> 
     </span>
    </p>
   </div>
   <div class='ocr_carea' id='block_1_108' title="bbox 1946 4659 3521 4730">
    <p class='ocr_par' dir='ltr' id='par_1_108' title="bbox 1946 4659 3521 4730">
     <span class='ocr_line' id='line_1_108' title="bbox 1946 4659 3521 4730; baseline 0.001 -16"><span class='ocrx_word' id='word_1_742' title='bbox 1946 4659 2340 4716; x_wconf 90' lang='lat' dir='ltr'><strong>absolutionem</strong></span> <span class='ocrx_word' id='word_1_743' title='bbox 2361 4673 2547 4714; x_wconf 88' lang='lat' dir='ltr'><strong>eorum</strong></span> <span class='ocrx_word' id='word_1_744' title='bbox 2573 4660 2850 4730; x_wconf 87' lang='lat' dir='ltr'><strong>percipere</strong></span> <span class='ocrx_word' id='word_1_745' title='bbox 2878 4668 3233 4728; x_wconf 90' lang='lat' dir='ltr'><strong>mererentur,</strong></span> <span class='ocrx_word' id='word_1_746' title='bbox 3255 4671 3311 4716; x_wconf 92' lang='lat' dir='ltr'><strong>et</strong></span> <span class='ocrx_word' id='word_1_747' title='bbox 3336 4661 3521 4717; x_wconf 91' lang='lat' dir='ltr'><strong>mundi</strong></span> 
     </span>
    </p>
   </div>
   <div class='ocr_carea' id='block_1_109' title="bbox 1945 4749 3517 4821">
    <p class='ocr_par' dir='ltr' id='par_1_109' title="bbox 1945 4749 3517 4821">
     <span class='ocr_line' id='line_1_109' title="bbox 1945 4749 3517 4821; baseline 0.001 -16"><span class='ocrx_word' id='word_1_748' title='bbox 1945 4759 2109 4821; x_wconf 90' lang='lat' dir='ltr'><strong>atque</strong></span> <span class='ocrx_word' id='word_1_749' title='bbox 2134 4749 2256 4821; x_wconf 90' lang='lat' dir='ltr'><strong>puri</strong></span> <span class='ocrx_word' id='word_1_750' title='bbox 2286 4749 2353 4804; x_wconf 91' lang='lat' dir='ltr'><strong>ab</strong></span> <span class='ocrx_word' id='word_1_751' title='bbox 2378 4751 2629 4805; x_wconf 88' lang='lat' dir='ltr'><strong>onmibus</strong></span> <span class='ocrx_word' id='word_1_752' title='bbox 2653 4751 2905 4806; x_wconf 89' lang='lat' dir='ltr'><strong>sordibus</strong></span> <span class='ocrx_word' id='word_1_753' title='bbox 2929 4759 3273 4821; x_wconf 91' lang='lat' dir='ltr'><strong>peccatorum</strong></span> <span class='ocrx_word' id='word_1_754' title='bbox 3304 4753 3517 4816; x_wconf 82' lang='lat' dir='ltr'><strong>tierent,</strong></span> 
     </span>
    </p>
   </div>
   <div class='ocr_carea' id='block_1_110' title="bbox 1945 4843 3522 4915">
    <p class='ocr_par' dir='ltr' id='par_1_110' title="bbox 1945 4843 3522 4915">
     <span class='ocr_line' id='line_1_110' title="bbox 1945 4843 3522 4915; baseline 0 -16"><span class='ocrx_word' id='word_1_755' title='bbox 1945 4853 2108 4914; x_wconf 90' lang='lat' dir='ltr'><strong>atque</strong></span> <span class='ocrx_word' id='word_1_756' title='bbox 2132 4844 2197 4899; x_wconf 88' lang='lat' dir='ltr'><strong>ad</strong></span> <span class='ocrx_word' id='word_1_757' title='bbox 2229 4843 2612 4913; x_wconf 88' lang='lat' dir='ltr'><strong>sempiternam</strong></span> <span class='ocrx_word' id='word_1_758' title='bbox 2645 4844 2926 4912; x_wconf 90' lang='lat' dir='ltr'><strong>pervenire</strong></span> <span class='ocrx_word' id='word_1_759' title='bbox 2973 4844 3200 4915; x_wconf 82' lang='lat' dir='ltr'><strong>gloriam</strong></span> <span class='ocrx_word' id='word_1_760' title='bbox 3244 4861 3522 4901; x_wconf 77' lang='lat' dir='ltr'><strong>mereren-</strong></span> 
     </span>
    </p>
   </div>
   <div class='ocr_carea' id='block_1_111' title="bbox 1946 4932 3518 5006">
    <p class='ocr_par' dir='ltr' id='par_1_111' title="bbox 1946 4932 3518 5006">
     <span class='ocr_line' id='line_1_111' title="bbox 1946 4932 3518 5006; baseline -0.001 -17"><span class='ocrx_word' id='word_1_761' title='bbox 1946 4942 2055 4989; x_wconf 91' lang='lat' dir='ltr'><strong>tur.</strong></span> <span class='ocrx_word' id='word_1_762' title='bbox 2084 4932 2344 4990; x_wconf 74' lang='lat' dir='ltr'><strong>Praefatus</strong></span> <span class='ocrx_word' id='word_1_763' title='bbox 2387 4933 2552 5004; x_wconf 83' lang='lat' dir='ltr'><strong>igitur</strong></span> <span class='ocrx_word' id='word_1_764' title='bbox 2589 4933 2842 4988; x_wconf 87' lang='lat' dir='ltr'><strong>Aldricus</strong></span> <span class='ocrx_word' id='word_1_765' title='bbox 2889 4934 3176 5006; x_wconf 90' lang='lat' dir='ltr'><strong>episcopus</strong></span> <span class='ocrx_word' id='word_1_766' title='bbox 3217 4944 3376 4991; x_wconf 64' lang='lat' dir='ltr'><strong>tanta;</strong></span> <span class='ocrx_word' id='word_1_767' title='bbox 3415 4934 3518 4988; x_wconf 84' lang='lat' dir='ltr'><strong>fuit</strong></span> 
     </span>
    </p>
   </div>
   <div class='ocr_carea' id='block_1_112' title="bbox 1945 5024 3518 5097">
    <p class='ocr_par' dir='ltr' id='par_1_112' title="bbox 1945 5024 3518 5097">
     <span class='ocr_line' id='line_1_112' title="bbox 1945 5024 3518 5097; baseline 0.001 -18"><span class='ocrx_word' id='word_1_768' title='bbox 1945 5025 2224 5096; x_wconf 85' lang='lat' dir='ltr'><strong>dignitatis</strong></span> <span class='ocrx_word' id='word_1_769' title='bbox 2249 5032 2304 5080; x_wconf 93' lang='lat' dir='ltr'><strong>et</strong></span> <span class='ocrx_word' id='word_1_770' title='bbox 2345 5024 2567 5080; x_wconf 84' lang='lat' dir='ltr'><strong>honoris</strong></span> <span class='ocrx_word' id='word_1_771' title='bbox 2596 5025 2902 5094; x_wconf 85' lang='lat' dir='ltr'><strong>amorisque</strong></span> <span class='ocrx_word' id='word_1_772' title='bbox 2932 5033 2992 5080; x_wconf 94' lang='lat' dir='ltr'><strong>ut</strong></span> <span class='ocrx_word' id='word_1_773' title='bbox 3019 5042 3188 5097; x_wconf 90' lang='lat' dir='ltr'><strong>usque</strong></span> <span class='ocrx_word' id='word_1_774' title='bbox 3215 5027 3282 5081; x_wconf 91' lang='lat' dir='ltr'><strong>ad</strong></span> <span class='ocrx_word' id='word_1_775' title='bbox 3320 5025 3518 5080; x_wconf 84' lang='lat' dir='ltr'><strong>Roma-</strong></span> 
     </span>
    </p>
   </div>
   <div class='ocr_carea' id='block_1_113' title="bbox 1945 5115 3519 5186">
    <p class='ocr_par' dir='ltr' id='par_1_113' title="bbox 1945 5115 3519 5186">
     <span class='ocr_line' id='line_1_113' title="bbox 1945 5115 3519 5186; baseline 0 -15"><span class='ocrx_word' id='word_1_776' title='bbox 1945 5131 2072 5171; x_wconf 89' lang='lat' dir='ltr'><strong>nam</strong></span> <span class='ocrx_word' id='word_1_777' title='bbox 2114 5116 2298 5171; x_wconf 88' lang='lat' dir='ltr'><strong>sedem</strong></span> <span class='ocrx_word' id='word_1_778' title='bbox 2333 5115 2450 5184; x_wconf 90' lang='lat' dir='ltr'><strong>ejus</strong></span> <span class='ocrx_word' id='word_1_779' title='bbox 2489 5131 2675 5171; x_wconf 91' lang='lat' dir='ltr'><strong>rumor</strong></span> <span class='ocrx_word' id='word_1_780' title='bbox 2721 5117 3052 5186; x_wconf 88' lang='lat' dir='ltr'><strong>pervenerit,</strong></span> <span class='ocrx_word' id='word_1_781' title='bbox 3097 5117 3252 5186; x_wconf 89' lang='lat' dir='ltr'><strong>eique</strong></span> <span class='ocrx_word' id='word_1_782' title='bbox 3287 5116 3519 5171; x_wconf 89' lang='lat' dir='ltr'><strong>domnus</strong></span> 
     </span>
    </p>
   </div>
   <div class='ocr_carea' id='block_1_114' title="bbox 1945 5204 3517 5278">
    <p class='ocr_par' dir='ltr' id='par_1_114' title="bbox 1945 5204 3517 5278">
     <span class='ocr_line' id='line_1_114' title="bbox 1945 5204 3517 5278; baseline -0.001 -17"><span class='ocrx_word' id='word_1_783' title='bbox 1945 5206 2238 5278; x_wconf 81' lang='lat' dir='ltr'><strong>Gregorius</strong></span> <span class='ocrx_word' id='word_1_784' title='bbox 2269 5205 2524 5262; x_wconf 68' lang='lat' dir='ltr'><strong>Romanae</strong></span> <span class='ocrx_word' id='word_1_785' title='bbox 2564 5206 2710 5262; x_wconf 89' lang='lat' dir='ltr'><strong>sedis</strong></span> <span class='ocrx_word' id='word_1_786' title='bbox 2742 5205 2982 5263; x_wconf 70' lang='lat' dir='ltr'><strong>ecclesia:</strong></span> <span class='ocrx_word' id='word_1_787' title='bbox 3017 5204 3339 5262; x_wconf 89' lang='lat' dir='ltr'><strong>venerabilis</strong></span> <span class='ocrx_word' id='word_1_788' title='bbox 3382 5219 3517 5274; x_wconf 68' lang='lat' dir='ltr'><strong>apo~</strong></span> 
     </span>
    </p>
   </div>
   <div class='ocr_carea' id='block_1_115' title="bbox 1939 5295 3520 5365">
    <p class='ocr_par' dir='ltr' id='par_1_115' title="bbox 1939 5295 3520 5365">
     <span class='ocr_line' id='line_1_115' title="bbox 1939 5295 3520 5365; baseline -0.001 -11"><span class='ocrx_word' id='word_1_789' title='bbox 1939 5295 2169 5354; x_wconf 64' lang='lat' dir='ltr'><strong>atolicus</strong></span> <span class='ocrx_word' id='word_1_790' title='bbox 2199 5295 2369 5350; x_wconf 80' lang='lat' dir='ltr'><strong>Roma</strong></span> <span class='ocrx_word' id='word_1_791' title='bbox 2397 5297 2450 5349; x_wconf 94' lang='lat' dir='ltr'><strong>in</strong></span> <span class='ocrx_word' id='word_1_792' title='bbox 2481 5311 2618 5365; x_wconf 87' lang='lat' dir='ltr'><strong>pago</strong></span> <span class='ocrx_word' id='word_1_793' title='bbox 2644 5295 3004 5352; x_wconf 90' lang='lat' dir='ltr'><strong>Cenomanico</strong></span> <span class='ocrx_word' id='word_1_794' title='bbox 3039 5309 3196 5350; x_wconf 90' lang='lat' dir='ltr'><strong>suum</strong></span> <span class='ocrx_word' id='word_1_795' title='bbox 3223 5295 3520 5352; x_wconf 87' lang='lat' dir='ltr'><strong>vestimen-</strong></span> 
     </span>
    </p>
   </div>
   <div class='ocr_carea' id='block_1_116' title="bbox 1951 5385 3514 5453">
    <p class='ocr_par' dir='ltr' id='par_1_116' title="bbox 1951 5385 3514 5453">
     <span class='ocr_line' id='line_1_116' title="bbox 1951 5385 3514 5453; baseline 0.001 -12"><span class='ocrx_word' id='word_1_796' title='bbox 1951 5395 2068 5448; x_wconf 74' lang='lat' dir='ltr'><strong>tum-</strong></span> <span class='ocrx_word' id='word_1_797' title='bbox 2094 5386 2430 5442; x_wconf 90' lang='lat' dir='ltr'><strong>sacerdotale</strong></span> <span class='ocrx_word' id='word_1_798' title='bbox 2467 5385 2700 5453; x_wconf 86' lang='lat' dir='ltr'><strong>miserit,</strong></span> <span class='ocrx_word' id='word_1_799' title='bbox 2738 5387 2867 5442; x_wconf 87' lang='lat' dir='ltr'><strong>illud</strong></span> <span class='ocrx_word' id='word_1_800' title='bbox 2895 5385 3099 5441; x_wconf 88' lang='lat' dir='ltr'><strong>scilicet</strong></span> <span class='ocrx_word' id='word_1_801' title='bbox 3135 5385 3514 5442; x_wconf 89' lang='lat' dir='ltr'><strong>vestimentum</strong></span> 
     </span>
    </p>
   </div>
   <div class='ocr_carea' id='block_1_117' title="bbox 1949 5475 3517 5548">
    <p class='ocr_par' dir='ltr' id='par_1_117' title="bbox 1949 5475 3517 5548">
     <span class='ocr_line' id='line_1_117' title="bbox 1949 5475 3517 5548; baseline 0.003 -18"><span class='ocrx_word' id='word_1_802' title='bbox 1949 5493 2057 5548; x_wconf 90' lang='lat' dir='ltr'><strong>quo</strong></span> <span class='ocrx_word' id='word_1_803' title='bbox 2087 5477 2140 5532; x_wconf 88' lang='lat' dir='ltr'><strong>in</strong></span> <span class='ocrx_word' id='word_1_804' title='bbox 2164 5476 2373 5532; x_wconf 85' lang='lat' dir='ltr'><strong>Pascha</strong></span> <span class='ocrx_word' id='word_1_805' title='bbox 2406 5477 2622 5534; x_wconf 91' lang='lat' dir='ltr'><strong>indutus</strong></span> <span class='ocrx_word' id='word_1_806' title='bbox 2656 5477 2846 5533; x_wconf 89' lang='lat' dir='ltr'><strong>fuerat.</strong></span> <span class='ocrx_word' id='word_1_807' title='bbox 2877 5475 3024 5530; x_wconf 86' lang='lat' dir='ltr'><strong>Misit</strong></span> <span class='ocrx_word' id='word_1_808' title='bbox 3064 5475 3226 5530; x_wconf 89' lang='lat' dir='ltr'><strong>etiam</strong></span> <span class='ocrx_word' id='word_1_809' title='bbox 3253 5477 3303 5532; x_wconf 89' lang='lat' dir='ltr'><strong>ei</strong></span> <span class='ocrx_word' id='word_1_810' title='bbox 3346 5479 3517 5535; x_wconf 86' lang='lat' dir='ltr'><strong>bacu-</strong></span> 
     </span>
    </p>
   </div>
   <div class='ocr_carea' id='block_1_118' title="bbox 1947 5569 3515 5642">
    <p class='ocr_par' dir='ltr' id='par_1_118' title="bbox 1947 5569 3515 5642">
     <span class='ocr_line' id='line_1_118' title="bbox 1947 5569 3515 5642; baseline -0.002 -15"><span class='ocrx_word' id='word_1_811' title='bbox 1947 5573 2056 5627; x_wconf 88' lang='lat' dir='ltr'><strong>lum</strong></span> <span class='ocrx_word' id='word_1_812' title='bbox 2083 5570 2369 5642; x_wconf 89' lang='lat' dir='ltr'><strong>pastorale,</strong></span> <span class='ocrx_word' id='word_1_813' title='bbox 2397 5570 2540 5641; x_wconf 90' lang='lat' dir='ltr'><strong>quod</strong></span> <span class='ocrx_word' id='word_1_814' title='bbox 2566 5569 2737 5626; x_wconf 88' lang='lat' dir='ltr'><strong>ferula</strong></span> <span class='ocrx_word' id='word_1_815' title='bbox 2759 5575 3113 5636; x_wconf 89' lang='lat' dir='ltr'><strong>nuncupatur,</strong></span> <span class='ocrx_word' id='word_1_816' title='bbox 3138 5584 3244 5624; x_wconf 87' lang='lat' dir='ltr'><strong>una</strong></span> <span class='ocrx_word' id='word_1_817' title='bbox 3270 5585 3392 5626; x_wconf 88' lang='lat' dir='ltr'><strong>eum</strong></span> <span class='ocrx_word' id='word_1_818' title='bbox 3417 5584 3515 5626; x_wconf 81' lang='lat' dir='ltr'><strong>sua</strong></span> 
     </span>
    </p>
   </div>
   <div class='ocr_carea' id='block_1_119' title="bbox 1948 5657 3512 5733">
    <p class='ocr_par' dir='ltr' id='par_1_119' title="bbox 1948 5657 3512 5733">
     <span class='ocr_line' id='line_1_119' title="bbox 1948 5657 3512 5733; baseline 0.001 -16"><span class='ocrx_word' id='word_1_819' title='bbox 1948 5662 2192 5733; x_wconf 88' lang='lat' dir='ltr'><strong>epistola,</strong></span> <span class='ocrx_word' id='word_1_820' title='bbox 2231 5677 2429 5717; x_wconf 88' lang='lat' dir='ltr'><strong>vocans</strong></span> <span class='ocrx_word' id='word_1_821' title='bbox 2453 5677 2574 5717; x_wconf 84' lang='lat' dir='ltr'><strong>eum</strong></span> <span class='ocrx_word' id='word_1_822' title='bbox 2606 5670 2687 5726; x_wconf 92' lang='lat' dir='ltr'><strong>ut,</strong></span> <span class='ocrx_word' id='word_1_823' title='bbox 2713 5660 2757 5714; x_wconf 90' lang='lat' dir='ltr'><strong>si</strong></span> <span class='ocrx_word' id='word_1_824' title='bbox 2783 5657 3038 5728; x_wconf 83' lang='lat' dir='ltr'><strong>possibile</strong></span> <span class='ocrx_word' id='word_1_825' title='bbox 3067 5658 3222 5728; x_wconf 89' lang='lat' dir='ltr'><strong>foret,</strong></span> <span class='ocrx_word' id='word_1_826' title='bbox 3250 5679 3420 5733; x_wconf 86' lang='lat' dir='ltr'><strong>usque</strong></span> <span class='ocrx_word' id='word_1_827' title='bbox 3444 5663 3512 5718; x_wconf 88' lang='lat' dir='ltr'><strong>ad</strong></span> 
     </span>
    </p>
   </div>
   <div class='ocr_carea' id='block_1_120' title="bbox 1948 5745 3519 5826">
    <p class='ocr_par' dir='ltr' id='par_1_120' title="bbox 1948 5745 3519 5826">
     <span class='ocr_line' id='line_1_120' title="bbox 1948 5745 3519 5826; baseline 0.001 -15"><span class='ocrx_word' id='word_1_828' title='bbox 1948 5770 2073 5812; x_wconf 91' lang='lat' dir='ltr'><strong>cum</strong></span> <span class='ocrx_word' id='word_1_829' title='bbox 2115 5753 2454 5826; x_wconf 87' lang='lat' dir='ltr'><strong>perveniret,</strong></span> <span class='ocrx_word' id='word_1_830' title='bbox 2497 5745 2654 5824; x_wconf 80' lang='lat' dir='ltr'><strong>eiqu&#39;c</strong></span> <span class='ocrx_word' id='word_1_831' title='bbox 2701 5753 2967 5808; x_wconf 88' lang='lat' dir='ltr'><strong>concessit</strong></span> <span class='ocrx_word' id='word_1_832' title='bbox 3005 5762 3064 5808; x_wconf 90' lang='lat' dir='ltr'><strong>ut</strong></span> <span class='ocrx_word' id='word_1_833' title='bbox 3090 5754 3519 5826; x_wconf 72' lang='lat' dir='ltr'><strong>qualemcunque</strong></span> 
     </span>
    </p>
   </div>
   <div class='ocr_carea' id='block_1_121' title="bbox 3045 5871 3084 5938">
    <p class='ocr_par' dir='ltr' id='par_1_121' title="bbox 3045 5871 3084 5938">
     <span class='ocr_line' id='line_1_121' title="bbox 3045 5871 3084 5938; baseline 0 0"><span class='ocrx_word' id='word_1_834' title='bbox 3045 5871 3084 5938; x_wconf 84' lang='lat'><strong>3</strong></span> 
     </span>
    </p>
   </div>
  </div>
