4044 6326
1622 150 1645 179 ⁸
1754 172 1765 187 ε

526 324 604 388 η
1572 326 1845 386 ALDRlCl
1888 318 2421 384 csuomususns
2459 323 2772 384 EPISCOPI
2998 309 3015 321 '
3751 332 3822 395 το

525 446 851 527 petitionem
877 456 934 506 et
961 447 1395 508 benedictionem
1423 466 1455 506 a
1492 451 1620 508 sede
1646 452 1818 509 sancti
1844 449 1991 507 Petri
2026 463 2120 505 ac-
2146 452 2200 514 Α
2223 464 2360 504 urna
2406 452 2662 505 decenter
2690 464 2721 506 a
2750 446 2990 521 praeﬁxis
3035 450 3308 525 episcopis
3335 458 3393 510 et
3437 456 3822 516 sacerdotibus

524 544 714 616 elpere
739 539 922 608 vellet,
950 548 1044 596 aut
1066 556 1166 612 per
1184 541 1422 614 seipsum
1452 550 1548 599 aut
1570 558 1671 614 per
1701 557 1859 599 suum
1886 542 2115 598 missum

526 636 580 692 ei
604 633 911 691 voluntarie
943 640 999 689 et
1026 631 1213 691 libenti
1240 634 1425 691 animo
1454 633 1694 690 mitteret
1730 640 1896 705 atque
1923 644 2117 690 conce-

528 729 701 786 deret.
744 726 874 783 Fuit
900 724 1047 783 enim
1080 735 1417 784 memoratus
1456 725 1739 798 episcopus
1769 722 2118 782 consiliarius

528 819 876 892 imperatoris
896 824 956 874 et
982 831 1123 875 unus
1146 832 1213 874 ex
1242 816 1532 891 prioribus,
1554 830 1718 889 quem
1747 824 1856 872 tam
1885 814 2118 872 domnus

528 910 825 982 imperator
846 922 1012 981 quam
1036 916 1096 966 et
1120 908 1207 966 sui
1247 907 1538 979 optimates
1565 914 1622 963 et
1659 906 1813 980 regni
1844 920 2117 977 proceres

527 1006 976 1077 obtemperabant
1004 1010 1060 1060 et
1102 1002 1298 1076 Oppido
1340 1002 1636 1060 credebant
1682 1009 1848 1074 atque
1890 1000 1946 1057 in
1990 1014 2116 1057 om-

526 1098 687 1153 nibus
712 1097 1029 1154 obedientes
1051 1096 1103 1152 ei
1147 1109 1207 1152 se
1232 1108 1354 1152 esse
1380 1100 1440 1151 et
1483 1094 1729 1153 benevoli
1776 1093 2033 1151 dicebant
2062 1104 2114 1150 ι.

528 1190 636 1247 Sed
665 1190 790 1249 inde
820 1188 978 1245 valde
1018 1187 1342 1245 tristahatur
1368 1190 1513 1259 quod
1542 1187 1844 1260 saepissime
1887 1198 2014 1243 eum
2057 1185 2116 1239 in

523 1284 726 1355 palatio
764 1282 1101 1349 retinebant,
1138 1291 1193 1338 et
1218 1290 1508 1355 propterea
1541 1296 1698 1339 suum
1746 1279 2112 1337 ministerium

523 1377 571 1433 ei
608 1384 668 1430 ut
716 1373 1057 1432 desiderabat
1085 1382 1140 1431 et
1174 1372 1387 1430 volebat
1428 1373 1691 1445 perlicere
1719 1387 1828 1428 non
1877 1370 2111 1443 licebat,

522 1467 777 1540 quoniam
815 1474 933 1522 erat
970 1480 1215 1538 persaepe
1234 1479 1424 1538 .prope
1447 1480 1615 1520 unum
1647 1478 1849 1519 annum
1878 1461 2021 1533 quod
2047 1460 2114 1516 de

520 1559 723 1631 palatio
750 1574 859 1615 non
886 1557 1289 1624 absolvebatur,
1330 1556 1426 1614 sed
1458 1556 1555 1625 ibi,
1586 1555 1713 1613 licet
1741 1553 1965 1621 invitus,
1999 1566 2115 1609 mo-

521 1652 776 1719 rebatur;
817 1657 874 1707 et
900 1649 1025 1707 ideo
1051 1648 1220 1706 multa
1262 1656 1643 1706 remanserunt
1678 1657 1790 1706 tam
1821 1648 1875 1705 in
1912 1661 2010 1704 sua
2037 1647 2115 1704 ci-

516 1746 689 1802 vitate
712 1760 874 1817 quam
901 1752 959 1801 et
993 1743 1047 1799 in
1075 1745 1187 1799 suis
1216 1744 1564 1800 monasteriis
1590 1742 1703 1800 sive
1730 1744 1783 1798 ln
1814 1752 1909 1799 sua
1946 1756 2111 1813 paro-

2224 534 2684 614 subsequentibus
2721 543 2891 617 signis
2916 542 3236 611 humatum;
3283 560 3514 617 quorum
3561 549 3825 622 precibus

2220 633 2292 691 ab
2335 635 2589 693 omnibus
2614 637 2853 708 petimus
2894 634 3119 695 liberari
3168 638 3326 695 malis
3359 649 3415 697 et
3454 643 3668 701 cunctis
3712 645 3823 703 frui

2221 725 2556 783 aeternaliter
2592 727 2779 792 bonis,
2818 727 2935 799 ipso
2966 728 3283 797 auxiliante,
3308 728 3395 787 cui
3435 740 3523 791 est
3556 734 3738 795 honor
3765 746 3825 796 ct

2221 816 2390 892 gloria
2414 818 2474 876 in
2499 818 2695 877 srewla
2724 821 3064 879 seculorum.
3095 823 3291 885 Amen.

2936 937 3091 997 XLII.

2223 1041 2567 1132 οοειειίεαιεο..
2588 1049 2804 1132 Mevi.
2838 1051 3004 1132 "bit.
3042 1049 3411 1132 0mm
3470 1057 3701 1132 σείιςορί
3726 1130 3733 1132 Α
3755 1058 3825 1132 4e

2292 1116 2644 1245 immanius
2690 1131 2737 1176 et
2785 1121 3081 1180 inseruibat
3123 1123 3360 1182 ecclesia:
3408 1116 3657 1185 senioris'
3686 1130 3825 1185 civi-

2391 1207 2436 1245 s.

2294 1279 2660 1339 Constitutum
2684 1292 2770 1340 est
2795 1284 2866 1340 ab
2909 1283 3130 1345 Aldrico
3156 1286 3541 1347 Cenomanicas
3576 1290 3824 1351 civitatis

2222 1371 2477 1444 episcopo
2496 1381 2557 1428 ut
2579 1373 2806 1431 ardeant
2824 1386 2926 1446 per
2948 1378 3294 1448 quotidianas
3312 1388 3503 1439 noctes
3529 1381 3586 1439 in
3610 1384 3821 1443 seniori

2214 1460 2453 1519 ecclosin
2477 1461 2544 1519 de
2574 1460 2697 1519 oleo
2722 1477 2756 1517 ι
2790 1472 3022 1537 vespam
3052 1480 3153 1538 per
3192 1474 3366 1525 totum
3392 1477 3611 1528 noctem
3638 1486 3821 1545 usque

2216 1566 2381 1610 mane
2416 1552 2543 1621 tria,
2578 1553 2732 1611 etde
2759 1570 2920 1625 cera,
2965 1558 3185 1629 quando
3226 1566 3442 1635 tempus
3487 1560 3817 1635 dictaverit,

2221 1658 2352 1710 una,
2382 1650 2440 1699 et
2473 1642 2545 1701 ad
2587 1652 2882 1703 nocturnas
2906 1644 3025 1704 sive
3056 1648 3356 1708 matutinas
3382 1650 3620 1711 ardeant
3648 1653 3819 1713 lnmio

2216 1738 2378 1795 naria
2420 1752 2520 1810 per
2540 1738 2890 1810 quotidianae
2928 1749 3119 1799 noctes
3144 1743 3213 1799 de
3253 1743 3379 1802 oleo
3416 1744 3608 1804 decem
3643 1754 3704 1806 et
3745 1749 3820 1808 de

516 1836 641 1893 cbia
684 1833 1023 1908 imperfecta,
1048 1834 1143 1891 sed
1185 1843 1240 1890 et
1284 1833 1531 1905 quzedam
1559 1848 1660 1890 nec
1692 1833 1946 1889 inchoata
1985 1846 2108 1903 qua:
2136 1822 2186 1885 Β
2210 1842 2339 1887 cera
2378 1830 2639 1901 quinque,
2690 1830 2799 1887 tria
2836 1838 2963 1888 ante
3009 1832 3194 1890 senius
3236 1833 3426 1905 altare,
3462 1844 3521 1895 et
3553 1844 3816 1912 quartum

517 1927 587 1983 ad
613 1926 856 1982 divinum
882 1924 1083 1982 cultum
1124 1925 1449 1997 explendum
1478 1933 1533 1981 et
1559 1924 1628 1981 ad
1665 1922 1881 1980 laudem
1922 1923 2098 1980 omni-

514 2017 753 2089 potentis
780 2016 874 2074 Dei
905 2016 1360 2089 magnidcandam
1391 2025 1552 2088 atque
1574 2016 1641 2075 ad
1669 2015 1958 2072 utilitatem
1984 2030 2107 2074 san-

516 2118 619 2168 ctte
648 2111 741 2166 Dei
770 2108 1026 2168 Ecclesiae
1053 2109 1439 2184 perﬁciendam
1470 2109 1649 2168 facere
1672 2111 1971 2184 prudenter
1995 2110 2107 2168 dis-

512 2202 751 2276 ponebat
789 2211 845 2260 et
882 2200 1070 2275 perlici
1133 2201 1495 2259 desiderabat.
1540 2200 1843 2260 Prmdictus
1889 2215 2108 2274 quoque

510 2295 765 2355 Aldricus
792 2297 1083 2369 episcopus
1126 2294 1257 2353 fecit
1281 2296 1653 2354 ordinationes
1678 2311 1780 2369 per
1808 2295 2020 2353 diversa
2050 2305 2102 2352 et

510 2394 774 2451 canonica
794 2401 1041 2466 tempora
1065 2392 1366 2465 sexaginta.
1390 2390 1687 2466 Episcopos
1707 2405 1837 2463 ergo
1867 2388 2107 2448 sacravit

510 2495 720 2557 septem
741 2528 756 2553 ,
795 2486 1109 2545 sacerdotes
1142 2501 1273 2543 vero
1301 2486 1669 2559 octingentos,
1715 2484 1934 2543 Levitas
1962 2499 2105 2540 non-

512 2586 723 2651 gentos.
748 2577 1121 2635 Subdiaconos
1141 2593 1357 2651 quoque
1375 2586 1430 2634 et
1454 2578 1692 2650 reliquos
1710 2577 1929 2634 ordines
1946 2582 2110 2647 prout

512 2672 808 2729 necessitas
846 2671 1135 2744 poscebat;
1189 2687 1418 2744 quorum
1457 2672 1675 2727 nomina
1720 2677 1944 2743 propter
1986 2682 2107 2741 pro-

509 2762 777 2821 lixitatem
803 2771 857 2819 et
882 2761 1101 2818 taedium
1130 2762 1412 2835 scriptoris
1437 2771 1598 2833 atque
1626 2760 1849 2818 lectoris
1873 2760 1962 2817 hic
1996 2774 2106 2816 non

508 2853 860 2924 inseruimus,
887 2854 980 2911 sed
1013 2853 1067 2909 in
1098 2853 1200 2911 alia
1249 2852 1488 2920 scedula,
1534 2854 1589 2910 in
1619 2870 1725 2927 qua
1760 2853 1976 2909 nomina
2012 2867 2106 2909 eo-

510 2963 631 3004 rum
669 2955 726 3005 ct
770 2955 936 3011 testes
971 2954 1025 3002 et
1064 2946 1253 3004 titulos
1293 2954 1347 3003 et
1380 2960 1621 3017 tempora
1653 2955 1708 3001 et
1750 2946 1957 3017 reliqua
1982 2959 2106 3017 qua:

510 3041 577 3098 ad
603 3040 708 3096 hoc
735 3040 1009 3111 pertinent
1040 3038 1252 3110 plenius
1286 3038 1645 3105 inscruimus;
1672 3047 1736 3094 ut
1763 3038 1807 3095 si
1837 3038 1961 3111 quis
1986 3038 2105 3095 hmo

408 3200 413 3207 _
509 3131 722 3205 plenius
766 3145 925 3187 nosse
957 3129 1209 3194 voluerit,
1242 3129 1296 3184 in
1328 3145 1392 3185 ea
1422 3130 1666 3201 reperire
1694 3127 1893 3195 valeat,
1931 3126 2018 3184 vel
2056 3128 2104 3187 si

2211 1927 2336 1977 ante
2400 1918 2571 1978 altare
2617 1930 2822 1978 sanctae
2872 1922 3159 1985 Trinitatis
3208 1925 3295 1993 vel
3343 1928 3711 2002 militum,
3756 1943 3817 1991 et

2210 2014 2459 2088 quintum
2495 2022 2621 2071 ante
2650 2014 2822 2073 altare
2851 2017 3026 2074 sancti
3071 2016 3317 2077 Joannis.
3356 2019 3451 2078 Illa
3484 2037 3620 2081 vero
3645 2023 3815 2083 lumi-

2210 2107 2363 2164 naria
2388 2121 2510 2178 quze
2538 2107 2605 2165 de
2626 2107 2747 2164 oleo
2793 2106 2932 2164 ﬁunt
2972 2108 3204 2169 ardeant
3242 2124 3344 2183 per
3369 2110 3565 2171 altaria
3590 2125 3648 2172 et
3683 2115 3807 2175 loca

2211 2198 2510 2267 destinata,
2540 2216 2707 2257 unum
2756 2200 2901 2259 inter
2931 2201 3116 2259 senius
3150 2202 3325 2263 altare
3363 2213 3423 2263 et
3468 2208 3654 2267 sedem
3693 2210 3814 2283 epi«

2211 2293 2501 2366 scopalem,
2544 2301 2602 2351 et
2643 2293 2788 2351 aliud
2817 2301 2945 2352 ante
2980 2295 3181 2366 gradus
3227 2296 3460 2359 senioris
3506 2300 3721 2371 altaris,
3754 2312 3813 2360 et

2211 2386 2433 2442 tertium
2458 2385 2512 2441 in
2557 2384 2736 2442 medio
2774 2385 2966 2455 choro,
2994 2397 3049 2445 et
3078 2398 3332 2461 quartum
3363 2391 3416 2447 in
3446 2392 3596 2451 exitu
3623 2397 3805 2463 chori,

2209 2486 2266 2534 et
2302 2478 2552 2551 quintum
2581 2487 2706 2536 ante
2743 2478 2918 2538 altare
2947 2482 3122 2539 sancti
3148 2481 3367 2557 Georgii
3405 2494 3460 2543 et
3488 2490 3665 2547 sancti
3700 2468 3808 2548 Fe-

2209 2566 2330 2627 licis
2351 2579 2514 2644 atque
2538 2570 2714 2628 sancti
2741 2570 3125 2645 Symphoriani
3150 2583 3205 2630 et
3229 2562 3460 2633 aliorum
3489 2588 3808 2641 sanctorum

2209 2681 2440 2739 quorum
2485 2665 2701 2722 nomina
2731 2681 2896 2739 super
2932 2681 3001 2724 eo
3031 2668 3268 2742 ascripta
3310 2670 3500 2731 adesse
3529 2673 3808 2743 videntur,

2208 2764 2265 2813 et
2288 2764 2499 2814 sextum
2523 2763 2650 2814 ante
2693 2758 2868 2815 altare
2896 2766 3101 2816 sanctae
3120 2756 3350 2832 Agathte
3386 2770 3442 2819 et
3474 2772 3676 2822 sanctae
3704 2765 3813 2825 Fe-

2208 2846 2430 2904 licitatis
2454 2855 2510 2904 et
2534 2855 2736 2905 sancta:
2763 2846 2982 2905 Sabinae
3006 2856 3063 2905 et
3091 2848 3322 2906 aliarum
3348 2861 3667 2912 sanctarum
3694 2857 3809 2915 vir-

2209 2937 2395 3011 ginum
2419 2952 2647 3009 quarum
2673 2938 2892 2995 nomina
2921 2953 3085 3011 super
3114 2938 3243 2996 illud
3277 2941 3481 3016 scripta
3514 2942 3707 3003 adesse
3734 2947 3813 3005 vi-

2208 3029 2423 3095 dentur,
2455 3029 2745 3101 septimum
2784 3036 2908 3087 ante
2953 3029 3127 3088 altare
3169 3041 3373 3089 sanctae
3420 3028 3724 3107 Trinitatis,
3753 3049 3816 3097 et

2209 3131 2457 3180 octavum
2492 3130 2617 3180 ante
2646 3137 2798 3180 aram
2829 3123 3005 3182 sancti
3030 3123 3258 3181 Joannis
3298 3125 3577 3199 Baptistae,
3617 3139 3675 3187 et
3708 3146 3814 3188 no-

510 3226 693 3299 aliqua
735 3224 1017 3282 altercatio
1046 3223 1113 3281 de
1140 3238 1331 3279 eorum
1363 3222 1708 3279 ordinatione
1734 3220 1931 3278 futuris
1958 3230 2098 3277 tem-
2128 3212 2176 3281 C
2206 3233 2336 3274 num
2379 3225 2507 3274 ante
2547 3216 2718 3274 altare
2761 3217 3006 3275 omnium
3047 3228 3383 3289 sanctorum,
3426 3230 3484 3278 et
3524 3223 3811 3284 decimum

509 3319 732 3393 poribus
756 3326 878 3376 orta
921 3316 1119 3383 fuerit,
1160 3315 1217 3373 in
1263 3315 1377 3386 ipsa
1414 3312 1636 3372 scedula
1679 3321 1941 3387 appareat
1985 3310 2104 3385 ple-

510 3412 653 3469 niter
695 3410 1030 3469 declaratum
1062 3407 1299 3480 qualiter
1344 3414 1439 3463 aut
1479 3421 1585 3479 qua
1625 3405 1838 3462 ratione
1876 3405 1991 3462 sive
2032 3402 2106 3463 ad

509 3519 648 3577 quos
702 3501 887 3559 titulos
934 3499 1175 3557 ordinati
1223 3514 1342 3556 esse
1389 3508 1710 3555 noscuntur.
1743 3496 1920 3569 ipsam
1957 3496 2104 3553 enim

509 3594 783 3653 scedulam
815 3593 958 3666 apud
994 3592 1268 3648 seniorem
1320 3588 1600 3647 custodem
1636 3587 1828 3644 matris
1874 3597 1931 3644 et
1965 3586 2103 3643 civi-

510 3687 640 3744 tatis
666 3683 914 3743 ecclesiae
957 3681 1202 3755 reperire
1236 3681 1441 3755 poterit
1486 3681 1534 3738 si
1563 3679 1688 3751 quis
1724 3677 1978 3736 voluerit.
2009 3676 2104 3735 Sa-

509 3781 688 3840 cravit
714 3780 880 3838 etiam
916 3777 1210 3850 praedictus
1245 3774 1490 3848 pontifex
1526 3773 1766 3846 virgines
1805 3772 1949 3829 inter
1982 3788 2103 3829 mo-

510 3874 716 3931 nachas
761 3881 817 3929 et
845 3871 1141 3929 canonicas
1172 3884 1271 3943 per
1299 3868 1514 3925 diversa
1560 3874 1618 3925 et
1657 3867 1918 3925 canonica
1960 3874 2104 3925 tem-

512 3981 643 4038 pora
668 3972 887 4024 centum
917 3970 974 4019 et
1018 3960 1229 4035 viginti.
1264 3958 1324 4015 In
1360 3957 1694 4015 monasterio
1722 3955 1979 4014 videlicet
2014 3954 2106 4011 In-

512 4054 808 4112 tramuensi
875 4051 1169 4111 monachas
1230 4050 1471 4122 virgines
1537 4048 1801 4106 canonice
1865 4047 2107 4104 sacravit

511 4146 871 4221 quadraginta
901 4146 1161 4219 quinque.
1192 4143 1259 4200 Et
1289 4143 1344 4199 in
1374 4140 1704 4200 monasterio
1744 4139 1961 4197 Sancta“:
1996 4139 2103 4196 Ma.

512 4240 608 4297 riae
630 4239 782 4313 juxta
828 4238 1021 4296 urbem
1064 4253 1228 4309 super
1265 4232 1486 4292 fluvium
1536 4233 1773 4301 Sarthze,
1816 4234 1961 4307 quod
1992 4233 2106 4305 ipse

513 4350 545 4391 a
589 4348 728 4391 novo
796 4332 1041 4390 fundavit
1093 4339 1148 4387 ct
1201 4328 1451 4397 ornavit,
1508 4326 1807 4387 menachas
1866 4318 2107 4401 virgines

512 4425 852 4483 consecravit
880 4423 1099 4494 triginta
1138 4429 1283 4489 octo,
1311 4428 1365 4478 et
1390 4419 1626 4492 reliquas
1662 4418 1960 4475 canonicas
1985 4419 2101 4474 vir-

513 4517 667 4591 gines
706 4531 804 4589 per
841 4515 1053 4572 diversa
1085 4512 1202 4571 loca
1246 4512 1476 4572 Domino
1519 4511 1821 4569 militantes
1860 4518 2103 4585 septem-

515 4610 711 4669 decim.

1243 4699 1380 4757 XLI.

1116 4816 1223 4873 oris
1252 4814 1423 4871 sancti
1452 4810 1672 4871 Pauact'i
1695 4820 1747 4869 et
1772 4811 1951 4869 dextri
1980 4811 2106 4869 bn-

1041 4883 1145 4945 cht’i
1169 4886 1338 4943 sancti
1362 4883 1586 4942 Libort't'.

584 4982 742 5041 Anno
801 4979 1194 5043 incarnationis
1231 4976 1447 5035 Domini
1497 4976 1673 5035 nostri
1720 4972 1853 5034 Jesu
1899 4974 2108 5034 Christi

512 5074 642 5143 διο,
673 5074 971 5133 indictione
1001 5088 1090 5141 lli,
1113 5087 1256 5129 anno
1281 5085 1411 5127 vero
1442 5069 1656 5142 imperii
1686 5066 1951 5126 Ludovici
1979 5066 2109 5141 piis-

513 5167 639 5227 sitni
680 5166 909 5240 Augusti
944 5181 1120 5233 xxvu,
1147 5172 1205 5221 et
1238 5177 1383 5221 anno
1414 5176 1516 5219 vnt
1552 5160 1765 5219 Aldrici
1808 5158 1972 5233 hujus
2010 5175 2112 5233 pa-

514 5260 719 5321 rochias
743 5259 985 5335 episcopi
1006 5267 1171 5331 atque
1196 5255 1358 5327 huius
1394 5255 1633 5314 cmnobii
1673 5253 1996 5324 fundatoris,
2028 5269 2109 5312 vn

514 5354 771 5417 ﬁdelicet
788 5354 981 5413 Iduum
1000 5350 1277 5409 lulianum
1304 5349 1415 5419 die,
1436 5348 1755 5408 solemniter
1778 5348 2107 5409 translatum

515 5456 601 5509 est
624 5462 661 5505 a
686 5447 1005 5521 praescripto
1029 5444 1284 5517 episcopo
1308 5453 1364 5500 et
1390 5444 1460 5501 ab
1484 5443 1608 5501 aliis
1630 5442 1901 5515 episcopis
1928 5452 1986 5500 et
2015 5458 2105 5500 sa-

515 5540 829 5603 cerdotibus
850 5549 909 5598 et
938 5538 1163 5612 reliquis
1186 5536 1359 5595 sacris
1392 5534 1678 5595 ordinibus
1699 5549 1898 5607 corpus
1926 5535 2108 5605 sancti

516 4821 594 4877 De
614 4818 962 4877 translatione

2209 3318 2336 3369 ante
2381 3325 2535 3365 aram
2581 3310 2757 3367 sancti
2786 3308 3166 3385 Christophori
3207 3321 3265 3369 et
3306 3314 3482 3371 sancti
3532 3314 3809 3389 Hyppoliti

2209 3410 2375 3475 atque
2430 3400 2605 3457 sancti
2662 3399 2946 3459 Saturnini
2990 3411 3048 3460 et
3101 3396 3437 3476 reliquorum
3486 3415 3809 3469 sanctorum

2209 3509 2442 3568 quorum
2467 3494 2691 3552 nomina
2717 3508 2883 3568 super
2906 3493 3041 3553 illud
3067 3495 3271 3568 scripta
3299 3510 3423 3553 esse
3447 3496 3724 3569 videntur,
3749 3510 3814 3559 et

2209 3591 2556 3650 undecimum
2609 3600 2737 3649 ante
2789 3592 2961 3650 altare
3016 3594 3193 3653 sancti
3245 3593 3476 3653 Victorii
3524 3602 3581 3652 et
3626 3594 3807 3653 sancti

2206 3682 2379 3741 Brixii
2420 3693 2586 3758 atque
2612 3685 2788 3744 sancti
2833 3684 2997 3743 Arvei
3024 3696 3082 3743 et
3120 3684 3456 3759 reliquerunt
3480 3695 3808 3745 sanctorum

2208 3774 2264 3839 in
2309 3794 2542 3852 quorum
2588 3776 2799 3838 honore
2832 3787 3108 3838 sacratum
3154 3795 3277 3840 esse
3324 3781 3695 3855 cognoscitur.
3742 3780 3813 3841 In

2208 3864 2506 3949 Dominicis
2531 3887 2664 3930 vero
2689 3873 2942 3931 omnibus
2972 3874 3226 3933 noctibus
3255 3883 3312 3932 et
3337 3875 3394 3931 in
3420 3873 3812 3935 festivitatibus

2206 3979 2279 4021 xx
2326 3973 2643 4022 sanctorum
2668 3965 3030 4023 constitutum
3052 3975 3141 4024 est
3167 3975 3229 4025 ut
3255 3967 3489 4041 amplius
3510 3967 3813 4027 incendan-

2210 4063 2300 4112 tur
2321 4064 2376 4114 et
2411 4056 2639 4113 ardeant
2666 4056 2957 4114 luminaria
2979 4073 3090 4115 axx
3112 4058 3179 4116 de
3210 4060 3359 4128 oleo,
3384 4068 3442 4117 et
3470 4059 3711 4135 quinque
3736 4059 3813 4119 de

2209 4164 2369 4219 cera,
2401 4159 2460 4206 et
2502 4150 2561 4207 in
2606 4148 2908 4208 festivitate
2958 4152 3134 4208 sancti
3180 4150 3413 4211 Joannis
3462 4151 3697 4225 apostoli
3746 4161 3816 4210 et

2209 4243 2585 4316 evangelista,
2630 4250 2685 4301 et
2727 4243 2783 4300 in
2824 4242 3124 4303 festivitate
3166 4254 3489 4307 sanctorum
3532 4244 3808 4302 Innocen-

2212 4333 2368 4403 tium,
2394 4343 2451 4393 et
2472 4336 2533 4394 in
2558 4336 2769 4395 octavis
2807 4337 3056 4406 Domini,
3082 4336 3203 4397 sive
3246 4338 3303 4395 in
3333 4337 3542 4399 octavis
3568 4336 3814 4409 Epipha-

2210 4425 2335 4495 niae,
2361 4435 2417 4484 et
2459 4428 2515 4484 in
2540 4428 2835 4487 festivitate
2864 4437 3067 4487 sancta:
3102 4430 3350 4504 Agnetis,
3378 4445 3479 4490 seu
3505 4430 3563 4491 in
3592 4428 3807 4489 festivi-

2211 4527 2323 4576 tate
2357 4528 2559 4578 sanctae
2602 4520 2849 4595 Agathe,
2893 4530 2952 4579 et
2993 4523 3051 4579 in
3099 4522 3391 4583 festivitate
3434 4521 3809 4597 apostolorum

2129 4586 2186 4647 D
2211 4611 2444 4687 Philippi
2468 4619 2524 4669 et
2546 4586 2759 4681 Jacobi,
2784 4586 2845 4670 et
2872 4614 2928 4671 in
2956 4612 3270 4673 inventione
3290 4586 3499 4675 θεειοιέ
3516 4615 3722 4684 erucis,
3752 4623 3811 4673 et

2212 4704 2270 4762 in
2301 4704 2594 4763 festivitate
2634 4706 2812 4765 sancti
2852 4707 3017 4777 Petri,
3048 4708 3296 4769 similiter
3322 4716 3384 4777 et
3408 4690 3463 4767 in
3502 4704 3812 4766 festivitate

2209 4797 2391 4855 sancti
2433 4796 2608 4867 Pauli,
2644 4812 2745 4855 seu
2772 4799 2827 4856 in
2864 4799 3160 4857 festivitate
3182 4799 3365 4869 sancti
3403 4797 3707 4867 Laurentii,
3750 4806 3808 4857 et

2208 4888 2267 4949 in
2295 4887 2655 4947 decollatione
2693 4890 2869 4946 sancti
2900 4887 3129 4947 Joannis
3162 4887 3443 4962 Baptista,
3473 4888 3591 4947 sive
3636 4887 3697 4945 in
3724 4886 3809 4944 fo-

2209 4981 2450 5043 stivitate
2489 4983 2666 5039 sancti
2690 4981 2970 5040 Michaelis
3000 4980 3337 5055 archangeli,
3374 4990 3543 5054 atque
3574 4980 3630 5036 in
3652 4979 3809 5039 festi-

2209 5074 2380 5133 vitate
2418 5074 2591 5131 sancti
2620 5073 3000 5135 Bartholomaai
3037 5072 3288 5148 apostoli,
3324 5081 3383 5131 et
3410 5073 3465 5133 in
3500 5071 3810 5137 iastivitate

2210 5167 2385 5228 sancti
2415 5166 2653 5225 Matthxi
2680 5167 2907 5241 apostoli
2928 5181 2988 5227 et
3026 5165 3391 5240 evangelista,
3422 5165 3539 5225 sive
3564 5166 3625 5227 in
3651 5165 3810 5225 festio

2209 5260 2379 5317 vitate
2418 5259 2789 5332 apostolorum
2818 5258 3062 5319 Simonis
3088 5267 3146 5316 et
3166 5257 3340 5325 inda.
3368 5273 3473 5319 nec
3498 5272 3608 5321 om
3640 5266 3706 5316 et
3744 5258 3807 5319 in

2208 5349 2507 5411 festivitate
2532 5351 2778 5409 carnium
2816 5362 3133 5410 sanctorum
3170 5348 3430 5409 Kalendis
3454 5348 3806 5418 Novembris,

2210 5451 2374 5518 atque
2399 5444 2456 5501 in
2492 5442 2789 5503 festivitate
2824 5444 3004 5503 sancti
3047 5442 3290 5511 Martini,
3316 5451 3375 5503 et
3406 5442 3468 5503 in
3500 5441 3808 5503 festivitate

2212 5545 2419 5597 sancta
2454 5536 2686 5597 Caeciliae
2712 5536 2940 5612 virginis
2978 5543 3035 5593 et
3068 5535 3351 5608 martyris,
3374 5542 3540 5608 atque
3568 5534 3628 5595 in
3654 5534 3812 5593 festi-

515 5635 735 5697 Pavacii
760 5643 817 5691 et
842 5633 1129 5693 brachium
1163 5633 1419 5692 dextrum
1442 5630 1617 5689 sancti
1642 5629 1849 5689 Liborii
1880 5628 1936 5686 in
1964 5631 2108 5688 hanc
2213 5629 2385 5688 vitate
2411 5630 2585 5689 sancti
2614 5630 2847 5689 Andreae
2875 5628 3124 5702 apostoli.
3152 5626 3214 5685 In
3256 5628 3345 5687 his
3386 5642 3605 5702 quoque
3650 5626 3812 5687 festi-

520 5727 709 5807 Sancti
736 5727 1041 5787 Salvatoris
1079 5727 1391 5795 ecclesiam,
1418 5725 1634 5805 hucque
1660 5724 1720 5781 in
1764 5722 2108 5783 nobilissima
2216 5723 2475 5787 vitatibus
2498 5724 2731 5796 amplius
2754 5732 2965 5796 agatur.
3016 5723 3071 5781 id
3100 5731 3207 5791 est,
3250 5724 3308 5783 in
3336 5723 3639 5797 Epiphania
3670 5731 3731 5779 et
3756 5724 3811 5783 in

598 5858 625 5890 ι
650 5849 786 5907 Vide
821 5855 1151 5922 praecanum
1182 5846 1442 5905 Ludovici
1487 5844 1569 5903 Pii
1598 5859 1699 5921 pro
1740 5842 1973 5904 ecclesia
2000 5840 2419 5915 Cenomanensi,
2451 5841 2793 5917 Patrologiw,
2822 5852 2970 5902 tomo
2993 5842 3127 5915 CIV,
3154 5844 3264 5903 col.
3293 5841 3454 5903 1296.
