4044 6326
241 365 320 430 'I‘l

1800 351 1978 426 ξῦΤΑο

3441 367 3512 426 76

241 475 636 540 Purilieatione
659 480 860 532 sancta:
878 471 1060 528 Mariae
1079 479 1136 526 et
1161 470 1216 528 in
1239 466 1568 528 Ascensione
1588 467 1829 536 Domini;
1853 472 1906 550 Α
1929 462 2228 534 subjectum
2273 482 2396 526 esse
2440 469 2690 536 debebat,
2715 468 2902 526 ethoc
2943 468 3152 541 legibus
3181 470 3511 534 afﬁrmabat.

243 588 348 630 seu
390 571 446 627 in
483 570 860 626 Pentecosten.
909 576 968 624 et
1007 567 1061 622 in
1108 564 1446 622 dedicatione
1479 559 1832 624 occidentalis

241 663 427 738 partis
458 660 700 724 ecclesiae
724 659 952 716 senioris
975 665 1034 716 et
1058 655 1246 714 altaris
1275 654 1450 712 sancti
1479 651 1704 714 Joannis
1729 650 1834 706 Ba-

245 752 455 824 ptistae,
481 765 604 822 quae
627 757 712 806 est
740 765 796 804 ιι
835 747 953 802 Kal.
985 746 1130 812 Julii,
1157 755 1213 806 et
1252 746 1304 802 in
1336 743 1619 800 nativitate
1656 738 1833 798 sancti

245 843 481 902 Joannis
509 841 783 912 Baptista,
812 849 868 896 et
891 840 946 900 in
984 837 1370 908 Assumptione
1402 843 1602 892 sanctae
1624 833 1830 902 Mariae,

245 944 308 992 et
337 935 390 992 in
421 933 703 992 nativitate
727 937 930 988 sanctae
949 929 1152 997 Mariae,
1177 944 1270 986 seu
1294 928 1348 984 in
1375 927 1552 983 natale
1570 925 1832 996 episcopi,

245 1020 376 1094 quae
410 1023 588 1095 agitur
613 1021 668 1077 in
691 1019 1116 1077 dieofestivitatis
1133 1018 1308 1075 sancti
1334 1017 1554 1074 Thomte
1582 1014 1831 1086 apostoli,

243 1123 420 1186 atque
447 1114 504 1170 in
527 1112 868 1170 dedicatione
898 1111 1088 1166 matris
1113 1119 1167 1166 et
1189 1107 1694 1168 seniorisecclesia:
1721 1121 1835 1164 suae

245 1205 488 1268 senioris
512 1203 717 1259 altaris.
747 1201 807 1258 lu
832 1203 918 1258 his
947 1217 1182 1272 namque
1211 1200 1596 1258 festivitatibus
1631 1197 1834 1256 consti-

243 1305 434 1362 tutum
460 1303 544 1352 est
569 1305 630 1351 ut
653 1295 882 1350 ardeant
906 1294 1192 1350 luminaria
1224 1293 1514 1366 triplicata,
1553 1293 1606 1348 id
1635 1300 1739 1358 est,
1769 1292 1834 1348 de

254 1387 378 1446 oleo
399 1386 716 1458 nonaginta,
740 1394 796 1440 et
824 1400 948 1440 cera
981 1384 1192 1451 decem,
1239 1385 1342 1440 hoc
1384 1383 1590 1439 scilicet
1617 1391 1834 1438 centum

251 1479 340 1536 vel
375 1493 443 1536 eo
487 1476 732 1548 amplius,
776 1483 936 1546 prout
963 1475 1336 1546 Opportunitas
1363 1483 1419 1530 et
1457 1474 1606 1530 locus
1645 1473 1830 1528 fuerit.

251 1570 460 1630 Tamen
499 1567 647 1624 nullo
679 1567 841 1624 modo
884 1582 1202 1642 concessum
1254 1574 1340 1624 est
1378 1573 1437 1621 ut
1482 1566 1692 1629 minus,
1738 1564 1835 1620 sed

245 1662 508 1734 amplius.
549 1661 610 1728 In
655 1661 934 1722 nativitate
989 1670 1170 1720 autem
1219 1661 1430 1718 Domini
1486 1670 1594 1718 tam
1641 1661 1836 1726 festive

245 1745 608 1816 constitutum
637 1760 724 1808 est
747 1753 864 1812 fieri
892 1753 1033 1808 sicut
1071 1753 1192 1810 illos
1219 1753 1335 1810 dies
1373 1755 1556 1818 decet;
1583 1761 1638 1808 et
1669 1754 1723 1808 in
1757 1751 1834 1808 fe-

1933 559 2168 624 Ecoutra
2218 560 2592 633 Sigismundo:
2619 560 2834 622 dicebat
2855 563 2996 631 quod
3019 565 3294 634 proprium
3325 568 3511 626 domui

1931 653 2275 724 imperatoris
2299 666 2422 710 esse
2450 652 2701 720 debebat,
2737 660 2792 708 et
2819 669 2926 708 non
2960 653 3027 707 de
3052 655 3308 725 praedicta
3340 659 3512 714 eccle-

1931 745 2013 816 sia
2037 762 2050 799 :
2075 745 2172 801 sed
2194 745 2395 800 nullam
2418 759 2600 800 veram
2627 752 3003 802 auctoritatem
3031 745 3228 801 exinde
3249 749 3508 804 ostende-

1932 837 2044 908 bat,
2070 836 2174 894 nisi
2200 845 2408 894 tantum
2432 852 2594 906 unam
2615 836 2896 908 epistolam
2922 851 3086 906 quam
3111 837 3368 908 Pippinus
3387 855 3512 912 pro-

1932 939 2054 1001 pter
2079 930 2262 987 odium
2293 929 2608 994 Gauaioleni
2627 929 2866 1000 episcopi
2886 929 3101 986 cuidam
3125 944 3224 985 suo
3247 931 3512 990 monacho

1931 1021 2159 1089 fecerat,
2185 1021 2344 1082 utilli
2366 1021 2666 1092 subjectum
2695 1028 2911 1078 essetet
2935 1034 3044 1076 non
3067 1019 3427 1088 Gauzioleno;
3457 1031 3516 1078 et

1933 1115 2037 1182 hoc
2065 1121 2285 1185 propter
2313 1112 2496 1168 odium
2531 1111 2842 1168 Gauzioleni
2873 1110 3075 1168 factum
3102 1126 3223 1168 esse
3255 1125 3508 1182 perscru-

1933 1214 2106 1276 tatum
2134 1213 2239 1260 est.
2281 1203 2418 1270 Quia
2459 1201 2676 1273 quando
2717 1200 2820 1258 fuit
2859 1201 3116 1272 Pippinus
3150 1199 3512 1272 Cenomanica

1933 1294 1989 1355 in
2039 1295 2236 1366 patria,
2275 1301 2332 1348 et
2371 1295 2438 1348 de
2482 1292 2714 1362 quadam
2757 1292 3132 1362 persecutione
3169 1292 3512 1348 inimicorum

1935 1401 2154 1459 suorum
2177 1399 2426 1440 reversus
2439 1397 2535 1453 per
2549 1381 2960 1440 Cenomanicam
2975 1381 3208 1451 patriam
3223 1382 3508 1447 transibat,

1935 1487 2064 1552 tunc
2087 1493 2207 1532 eum
2243 1475 2497 1546 prmfaltls
2525 1472 2886 1532 Gauzioleuus
2911 1480 2966 1529 et
2989 1487 3118 1530 suus
3148 1471 3316 1528 frater
3353 1473 3510 1528 Hari-

1933 1568 2052 1624 vius
2081 1582 2188 1622 non
2219 1566 2682 1636 receperunt,-sed
2709 1564 2850 1618 infra
2879 1563 3296 1622 Cenomanicam
3323 1564 3509 1619 urbem

1933 1672 2053 1716 Cum
2103 1638 2522 1725 omnibus'quos
2561 1669 2744 1713 secum
2789 1653 3090 1710 conducere
3131 1660 3424 1722 potuerunt
3454 1668 3516 1709 se

1936 1749 2290 1816 recluserunt,
2319 1758 2375 1806 et
2416 1751 2669 1806 domuum
2698 1747 2984 1818 Pippinum
3030 1761 3212 1818 regem
3257 1748 3383 1804 illuc
3426 1749 3510 1802 in«

241 1844 490 1906 stivitate
521 1851 834 1902 sanctorum
874 1843 1119 1900 Gervasii
1149 1851 1205 1900 et
1239 1843 1470 1900 Protasii
1500 1845 1613 1899 sive
1656 1843 1832 1900 sancti
1861 1841 1908 1918 Β
1936 1840 2102 1896 troire
2130 1856 2234 1895 non
2261 1839 2640 1912 permiserunt,
2669 1839 2762 1894 sed
2793 1839 3044 1893 damnum
3073 1839 3126 1892 ei
3164 1839 3230 1894 de
3273 1840 3386 1894 suis
3411 1841 3509 1894 ho-

243 1939 510 2010 Stepbaui
535 1945 696 2009 prout
719 1937 914 1996 melius
953 1937 1188 2008 potuerit
1215 1937 1325 1992 fiat.
1369 1937 1467 1994 Est
1491 1937 1657 1994 etiam
1703 1951 1831 1992 con-

239 2033 498 2092 stitutum
525 2045 554 2085 a
581 2029 840 2101 pmdicto
869 2029 1124 2101 episcopo
1145 2037 1206 2084 ut
1233 2029 1513 2086 incensum
1539 2022 1666 2086 boni
1701 2028 1832 2084 odo-

243 2123 326 2188 ris
365 2121 625 2178 oﬂeratur
667 2135 767 2192 per
807 2121 1019 2190 singula
1065 2120 1258 2177 altaria
1299 2131 1358 2176 et
1398 2119 1673 2180 deferatur
1717 2121 1832 2178 fra-

243 2213 426 2274 tribus
451 2213 506 2270 in
533 2211 816 2268 ecclesiam
847 2211 1292 2268 convenientibus
1317 2219 1371 2266 et
1397 2213 1610 2283 populis
1637 2215 1707 2270 ad
1743 2229 1832 2270 ec-

241 2303 472 2359 clesiam
506 2300 844 2358 venientibus
876 2300 943 2356 ad
977 2302 1269 2358 matutinas
1295 2310 1350 2356 et
1377 2303 1442 2357 ad
1470 2304 1692 2358 missam
1719 2305 1834 2362 sive

243 2396 319 2452 ad
365 2410 620 2465 vesperas
663 2402 825 2465 atque
869 2395 1295 2465 completorium.
1337 2395 1464 2452 Haec
1507 2406 1692 2452 autem
1736 2412 1833 2467 per

247 2485 491 2556 singulos
535 2485 875 2556 quotidianos
901 2485 1019 2542 dies
1059 2487 1424 2552 devotissime,
1455 2487 1508 2542 in
1537 2487 1834 2546 Dominicis

245 2595 386 2644 ξηειδο
414 2581 604 2638 diebus
630 2588 688 2636 et
709 2579 765 2638 in
787 2579 1170 2638 festivitatibus
1201 2581 1432 2652 amplius
1455 2591 1512 2638 et
1537 2581 1834 2640 solemnius

247 2683 463 2746 agatur.

948 2761 1129 2822 XLIII.

323 2855 536 2913 Placuit
569 2854 734 2912 etiam
769 2855 823 2912 in
853 2855 957 2914 hac
990 2855 1228 2926 scedula,
1260 2871 1381 2928 quae
1411 2857 1477 2913 de
1513 2856 1835 2929 quibusdam

239 2947 467 3020 actibus
509 2947 824 3020 pontificum
870 2945 1225 3004 Cenomanica
1257 2948 1312 3004 in
1352 2949 1485 3006 urbe
1529 2949 1836 3021 degentium

241 3053 426 3112 psque
459 3039 529 3094 ad
561 3038 836 3094 Aldricum
872 3035 1110 3106 ejusdem
1153 3039 1303 3095 urbis
1345 3040 1655 3112 episcopum
1704 3055 1836 3096 con-

237 3125 456 3208 scripta
491 3140 613 3181 esse
673 3125 1024 3195 dignoscitur,
1067 3125 1309 3182 inserere
1359 3126 1672 3182 relationem
1721 3125 1835 3188 sive

1936 1933 2171 1994 minibus
2189 1931 2370 1992 facere
2389 1932 2718 1994 nitebantur.
2742 1939 2797 1986 et
2818 1947 2972 1987 suum
2993 1931 3306 2002 pinceruam
3327 1948 3512 1988 coram

1933 2041 2000 2094 eo
2032 2036 2288 2094 stantem,
2319 2027 2445 2083 dum
2494 2042 2589 2084 sua
2636 2034 2815 2082 castra
2855 2025 2909 2082 in
2940 2025 3099 2081 vinea
3147 2026 3321 2082 sancti
3367 2025 3510 2082 Petri

1928 2117 2085 2194 juxta
2121 2119 2309 2176 urbem
2341 2117 2756 2174 Ceuomanicam
2803 2117 2976 2189 posita
3019 2127 3194 2184 erant,
3223 2116 3513 2174 interfece-

1933 2217 2090 2281 runt,
2117 2217 2171 2264 et
2201 2209 2334 2265 alios
2361 2209 2605 2266 homines
2634 2209 3072 2264 vulneraverunt.
3102 2209 3303 2265 Videns
3333 2218 3518 2264 autem

1935 2302 2164 2368 domnus
2202 2301 2459 2372 Pippinus
2495 2301 2637 2372 quod
2667 2300 2739 2356 ibi
2769 2301 3032 2370 prolicere
3061 2317 3170 2358 non
3199 2301 3394 2370 potuit,
3425 2317 3524 2374 va-q

1934 2397 2086 2460 stans
2123 2399 2289 2446 totam
2325 2391 2468 2444 illam
2491 2391 2789 2462 regionem,
2820 2406 3044 2462 pergere
3066 2392 3231 2462 cmpit
3259 2392 3326 2447 ad
3347 2391 3514 2445 Fran—

1934 2483 2096 2542 ciam.
2122 2482 2272 2538 Tunc
2300 2483 2353 2538 in
2382 2482 2498 2554 ipso
2523 2483 2714 2538 itinere
2731 2483 2890 2538 “venit
2909 2485 2975 2539 ad
3005 2485 3177 2556 ipsum
3198 2484 3518 2556 praedictum

1933 2575 2325 2652 monasterium
2363 2573 2657 2640 Anisolam,
2697 2582 2752 2629 et
2798 2575 3056 2646 praecepit
3091 2576 3195 2632 illis
3237 2576 3517 2632 monachis

1933 2674 1995 2722 ut
2016 2666 2216 2724 nullam
2239 2666 2596 2722 obedientiam
2621 2665 2858 2722 facerent
2871 2665 2983 2736 jam
3007 2667 3152 2724 dicto
3165 2666 3513 2734 Gauzioleuo,

1934 2772 2000 2832 eo
2025 2758 2166 2828 quod
2192 2758 2241 2813 ei
2271 2757 2484 2814 rebellis
2514 2764 2659 2812 esset
2680 2797 2693 2822 ,
2725 2758 2818 2813 sed
2859 2758 2958 2812 sub
2982 2773 3100 2813 .suo
3142 2758 3515 2813 mundeburdo

1935 2849 2021 2910 vel
2057 2851 2156 2906 sub
2196 2863 2293 2904 sua
2341 2850 2711 2908 tantummodo
2759 2849 2986 2904 tuitione
3035 2850 3118 2903 vel
3155 2850 3515 2906 dominatione

1936 2949 2333 3016 permanerent.
2365 2940 2430 2995 Et
2461 2948 2587 2995 tunc
2625 2941 2705 2996 eis
2735 2956 2799 2996 ac
2837 2939 3085 2998 Siebaldo
3115 2957 3303 2998 eorum
3333 2942 3512 2998 abbati

1937 3033 2101 3086 talem
2121 3031 2400 3104 epistolam
2425 3032 2588 3100 dedit,
2611 3034 2753 3102 quod
2773 3041 2991 3104 propter
3009 3033 3211 3100 odium,
3238 3042 3298 3089 ut
3313 3033 3515 3090 dictum

1941 3133 2044 3190 est,
2067 3122 2400 3190 Gauzioleni,
2431 3131 2484 3180 et
2509 3139 2615 3178 non
2653 3134 2874 3196 preptcr
2902 3125 3065 3180 ullam
3096 3125 3256 3180 aliam
3285 3141 3399 3180 rem
3425 3139 3518 3184 aut

251 3203 570 3274 memoriale
590 3213 820 3285 qualiter
839 3214 1130 3288 praedictus
1155 3213 1408 3272 Aldricus
1434 3215 1718 3270 antedictte
1746 3230 1838 3270 ur.
1865 3202 1910 3267 C
1941 3212 2258 3283 injustitiam
2284 3212 2485 3268 factum
2513 3228 2632 3270 esse
2660 3213 2842 3284 liquet.
2882 3214 3031 3269 Tunc
3062 3215 3204 3270 enim
3246 3215 3358 3286 ipse
3394 3215 3515 3272 Sie-

243 3305 340 3380 _.b‘is
385 3305 670 3374 episcopus
699 3305 1086 3362 monasterium
1117 3303 1372 3370 Anisolae,
1401 3304 1456 3358 in
1483 3319 1590 3374 quo
1617 3313 1836 3362 sanctus

252 3398 582 3468 Carilephus
625 3398 899 3456 confessor
933 3399 1236 3474 praecipuus
1264 3415 1492 3472 corpore
1521 3402 1835 3472 requiescit,

254 3498 387 3544 ante
416 3489 668 3546 domuum
690 3482 1026 3548 Ludovicum'
1057 3492 1439 3562 imperatorem
1469 3493 1676 3566 legibus
1704 3510 1836 3551 con-

255 3579 508 3650 quisivit;
537 3589 599 3634 ut
629 3580 672 3636 si
704 3581 957 3653 deinceps
985 3582 1161 3654 aliqua
1209 3583 1492 3640 altercatio
1533 3584 1599 3640 dc
1625 3600 1689 3642 eo
1719 3593 1838 3642 orta

255 3667 444 3738 fuerit,
467 3670 674 3740 prtefati
726 3674 1056 3742 memorialis
1079 3675 1356 3746 exemplar
1381 3675 1434 3730 in
1472 3676 1576 3732 hac
1620 3678 1838 3740 scedula

245 3759 622 3830 conscriptum
665 3761 820 3818 benis
855 3765 1159 3824 hominibus
1198 3767 1265 3824 ad
1297 3765 1628 3838 religendum
1670 3784 1838 3840 appa-

237 3845 396 3906 reat.
446 3844 598 3919 Quod
623 3853 668 3908 si
696 3853 890 3924 aliquis
934 3871 1000 3912 ex
1053 3857 1155 3913 hoc
1199 3859 1434 3928 aliquam
1482 3859 1837 3928 pulsationem

255 3942 531 4014 przedictm
573 3945 730 3998 matri
769 3954 823 4000 et
853 3946 1087 4002 civitatis
1120 3947 1364 4010 ecclesia:
1403 3948 1654 4020 deinceps
1695 3951 1838 4005 suis-

259 4047 367 4102 que
391 4035 795 4092 successoribus
825 4036 932 4091 ullo
957 4053 1192 4107 unquam
1236 4047 1476 4109 tempore
1507 4037 1683 4095 facere
1729 4049 1842 4095 ten-

265 4123 484 4190 taverit,
518 4123 572 4178 in
602 4125 704 4181 hac
737 4125 949 4182 scedula
979 4129 1282 4198 reperiatur
1308 4129 1538 4199 qualiter
1568 4129 1845 4185 evindica-

263 4221 376 4268 tum
408 4212 588 4280 fuerit,
615 4224 671 4270 et
697 4216 824 4286 quid
855 4217 1130 4290 repetierit
1157 4219 1463 4275 evindicare
1490 4235 1597 4274 non
1643 4221 1844 4292 valeat,

261 4304 356 4359 sed
391 4304 579 4361 subter
607 4305 809 4362 inserta
835 4307 1158 4366 evindicatio
1187 4308 1342 4366 ﬁrma
1368 4319 1421 4364 et
1459 4310 1666 4366 stabilis
1696 4312 1843 4368 omni

261 4403 512 4474 tempore
517 4408 856 4470 permaneat.

261 4524 461 4596 Incipit
485 4528 671 4608 relin
707 4529 1584 4608 uel.etﬁndicatiqsivgmemoriqle
1616 4537 1846 4608 qualiter

336 4598 708 4672 monasterium
759 4600 987 4672 Attisolte
1023 4606 1091 4672 ad
1106 4603 1201 4672 jus
1249 4598 1845 4663 Cenomanicw'matris

337 4667 568 4746 ecclesiae
609 4679 728 4746 ante
763 4671 1010 4726 domuum
1039 4667 1749 4746 ltu'dovt'cum,imperatorem
1777 4680 1841 4733 ab

336 4738 552 4816 ᾼΙᾴήοο
599 4741 834 4812 episcopo
890 4744 1138 4800 canonice
1179 4753 1228 4798 et
1257 4738 1470 4816 legibus
1498 4747 1846 4804 uindicatam

335 4808 460 4876 fuit.

335 4943 396 5000 In
426 4947 645 5003 nomine
669 4948 879 5004 Domini
903 4951 1073 5006 nostri
1099 4949 1224 5008 Jesu
1245 4952 1465 5010 Christi.
1493 4955 1848 5026 Temporibus

265 5034 530 5092 Ludovici
572 5038 798 5109 piissimi
854 5041 1079 5112 Augusti
1129 5043 1314 5098 subter
1356 5044 1560 5100 inserta
1608 5049 1848 5103 causatio

229 5133 236 5148 ί
268 5125 353 5182 vel
381 5127 712 5186 evindicatio
739 5128 840 5184 fuit
866 5131 932 5186 de
970 5135 1299 5189 monasterio
1322 5133 1556 5192 Auisolae
1591 5137 1734 5193 inter
1763 5139 1855 5193 Al-

270 5219 483 5274 dricum
525 5219 836 5292 episcopum
883 5230 938 5278 et
983 5222 1384 5294 Sigismundum
1428 5227 1713 5295 abbatem,
1759 5228 1854 5300 qui

231 5309 236 5314 ’
271 5308 400 5365 illud
443 5319 575 5366 tunc
600 5310 836 5366 tenebat.
866 5311 1002 5368 Nam
1046 5312 1300 5383 przefatus
1348 5315 1597 5374 Aldrtcus
1643 5319 1855 5374 dicebat

271 5410 325 5458 et
360 5403 581 5475 scriptis
608 5403 915 5460 ettestibus
953 5404 1286 5475 approbabat
1317 5407 1461 5476 quod
1500 5407 1566 5462 de
1586 5407 1706 5474 jure
1743 5397 1854 5464 suae

224 5507 230 5514 ‘
271 5494 416 5550 sedis
447 5492 691 5550 ecclesiae
717 5495 1000 5567 praefatum
1026 5498 1408 5552 monasterium
1445 5513 1566 5554 cum
1603 5500 1852 5556 omnibus

271 5587 336 5641 ad
365 5603 426 5644 se
455 5587 852 5660 pertinentibus
875 5603 993 5645 esse
1022 5587 1270 5654 debebat,
1291 5597 1345 5644 et
1370 5589 1453 5646 sui
1479 5588 1852 5650 antecessores

269 5677 399 5734 illud
427 5694 495 5733 ex
529 5678 690 5734 rebus
717 5677 1090 5735 Cenomauicaa
1131 5679 1322 5734 matris
1343 5705 1346 5710 -
1367 5681 1608 5738 ecclesize
1657 5672 1856 5753 magna

271 5791 334 5830 ex
366 5781 524 5846 parte
551 5765 858 5839 fundarant,
889 5779 942 5827 et
966 5772 1032 5827 ad
1077 5772 1247 5851 ipsam
1298 5781 1523 5830 matrem
1564 5773 1849 5830 ecclesiam

1937 3304 2128 3360 baldus
2158 3319 2262 3360 non
2301 3302 2401 3358 fuit
2451 3319 2615 3360 ausus
2664 3305 2734 3362 ibi
2782 3320 3082 3372 remanere,
3111 3307 3203 3362 sed
3245 3323 3349 3361 una
3393 3323 3513 3362 cum

1937 3394 2164 3466 Pippino
2207 3409 2376 3465 usque
2415 3395 2470 3450 in
2503 3395 2789 3452 Franciam
2839 3397 3099 3466 perrexit.
3151 3396 3343 3452 Postea
3388 3413 3518 3453 vero

1937 3500 2268 3556 cognoscens
2290 3485 2547 3556 Pippinus
2576 3487 2718 3556 quod
2749 3485 2944 3556 injuste
2981 3486 3198 3544 fecisset
3218 3498 3272 3543 et
3297 3500 3519 3560 propter

1939 3576 2120 3646 odium
2169 3575 2480 3632 Gauzioleni
2531 3576 2632 3632 hoc
2675 3577 2908 3648 egisset,
2953 3578 3208 3649 praecepit
3254 3579 3362 3633 ﬁlio
3415 3571 3520 3634 suo

1941 3665 2136 3722 Carolo
2165 3674 2221 3721 et
2253 3667 2605 3740 jurejurando
2649 3677 2983 3726 contestatus
3019 3679 3102 3726 est
3136 3678 3198 3726 ut
3235 3671 3516 3742 praefatum

1939 3747 2326 3812 monasterium
2369 3759 2617 3814 redderet
2652 3759 3025 3816 Cenomanicaa
3063 3760 3222 3816 matri
3254 3761 3516 3828 ecclesiae,

1942 3849 2096 3919 'cujus
2129 3849 2274 3919 juste
2319 3865 2438 3906 esse
2485 3853 2744 3918 debebat,
2769 3868 2836 3908 ne
2883 3854 3096 3925 aliquod
3139 3854 3518 3910 detrimentum

1943 3957 2040 4010 sua
2063 3942 2241 3997 anima
2260 3957 2327 3997 ex
2355 3943 2457 3998 hoc
2487 3943 2728 3999 haberet.
2748 3944 2814 3998 Et
2835 3944 2914 3999 sic
2940 3943 3068 4000 fecit
3087 3953 3271 4015 postea
3291 3945 3521 4000 domnus

1944 4031 2190 4100 Carolus,
2217 4043 2271 4088 et
2305 4033 2569 4090 Franconi
2619 4035 2872 4107 episcopo
2908 4035 3033 4090 illud
3065 4037 3329 4103 reddidit,
3361 4046 3523 4107 atque

1937 4119 2040 4206 :per
2082 4133 2410 4206 prteceptum
2441 4141 2594 4181 suum
2624 4127 2892 4198 praedictae
2937 4129 3092 4183 matri
3129 4129 3371 4186 ecclesiae
3395 4145 3523 4186 cou-

1939 4199 2202 4268 firmavit.
2251 4199 2402 4271 Multi
2452 4226 2631 4271 autem
2677 4218 2941 4274 hactenus
2983 4219 3172 4275 vivunt
3209 4220 3301 4291 qui
3328 4223 3524 4277 domno

1937 4303 2139 4361 Carolo
2188 4308 2290 4363 hoc
2335 4308 2514 4364 dicere
2560 4310 2884 4374 audierunt,
2921 4312 3151 4380 qualiter
3196 4327 3325 4368 suus
3370 4320 3525 4383 pater

1937 4397 2175 4454 "domnus
2214 4397 2472 4472 Pippinus
2513 4401 2560 4456 ei
2603 4401 2708 4456 hoc
2736 4403 3087 4458 contestando
3115 4404 3293 4459 facere
3321 4419 3523 4476 praece-

1936 4481 2045 4561 pit.
2077 4489 2144 4546 Et
2171 4491 2388 4560 quando
2429 4492 2540 4561 jam
2581 4493 2786 4549 dictum
2829 4495 3213 4555 monasterium
3255 4495 3525 4550 Branconi

1867 4597 1924 4658 D
1951 4581 2204 4648 reddidit,
2243 4582 2396 4638 multi
2419 4583 2672 4639 vivebant
2697 4584 2788 4654 qui
2825 4585 2928 4642 hoc
2957 4586 3213 4641 domuum
3238 4585 3522 4657 Pippinum

1954 4671 2148 4729 Carolo
2174 4674 2465 4745 praecipere
2486 4684 2542 4732 et
2564 4677 2856 4732 contestari
2879 4676 3182 4732 audierunt.
3212 4677 3374 4734 Istam
3398 4693 3528 4732 vero

1957 4764 2221 4819 rationem
2252 4764 2488 4836 pleniter
2514 4769 2803 4838 praedictus
2825 4767 3075 4824 Aldricus
3099 4770 3381 4839 cpiscopus
3408 4783 3530 4839 per-

1933 4855 2252 4911 scrutatam
2282 4857 2420 4927 apud
2467 4857 2731 4913 veridicos
2775 4857 3022 4914 homines
3059 4860 3309 4924 habebat,
3344 4869 3398 4913 et
3430 4859 3529 4912 hoc

1959 4945 2186 5001 testibus
2227 4948 2372 5002 veris
2407 4954 2462 5002 et
2493 4946 2648 5002 bonis
2689 4963 2870 5002 coram
2909 4949 3160 5005 omnibus
3206 4931 3526 5004 afﬁrmabat.

1956 5037 2161 5093 Taliter
2203 5040 2343 5095 enim
2391 5038 2638 5096 Aldricus
2670 5050 2724 5096 et
2765 5039 3140 5111 Sigismundus
3181 5041 3526 5101 altercantes,

1935 5129 2204 5200 pervenit
2237 5131 2352 5202 ipsa
2380 5131 2519 5186 ratio
2545 5147 2716 5202 usque
2740 5132 2808 5186 ad
2830 5132 3086 5189 domuum
3112 5133 3527 5201 imperatorem;

1929 5224 2046 5293 ‘qui
2103 5225 2205 5279 hoc
2247 5223 2478 5278 firmiter
2524 5225 2797 5296 inquirere
2837 5225 3127 5296 praecepit,
3158 5230 3214 5278 et
3258 5222 3532 5277 veraciter

1955 5314 2057 5368 sibi
2086 5314 2400 5370 renuntiare
2419 5314 2600 5386 jussit.
2649 5313 2756 5371 Sed
2788 5327 3075 5388 antequam
3125 5313 3239 5384 ipsa
3288 5313 3532 5368 causatio

1927 5427 1930 5430 ’
1957 5414 2082 5461 ante
2109 5407 2364 5462 domuum
2392 5408 2773 5477 imperatorem
2802 5409 3011 5462 veniret
3028 5446 3043 5468 .
3067 5405 3320 5460 volebant
3341 5419 3526 5461 eorum

1923 5495 2119 5553 ‘amici
2164 5507 2220 5552 et
2248 5497 2374 5554 boni
2419 5499 2668 5556 homines
2709 5514 2802 5554 eos
2843 5499 2966 5552 inde
2999 5511 3193 5567 pacare
3221 5505 3276 5552 et
3306 5511 3532 5553 concor-

1925 5589 2107 5646 ‘dare.
2138 5587 2244 5646 Sed
2272 5589 2521 5647 Aldricus
2565 5591 2850 5662 episcopus
2892 5589 3298 5660 obtemperabat
3339 5605 3526 5646 eorum

1927 5679 2109 5752 "justis
2128 5683 2498 5754 petitionibus,
2530 5694 2584 5741 et
2606 5673 2981 5754 Sigismundas
3011 5699 3118 5740 nou
3143 5683 3412 5753 faciebat;
3437 5685 3531 5740 sed

1924 5777 2218 5847 quidquid
2259 5786 2316 5834 et
2349 5777 2494 5848 juste
2533 5784 2586 5830 et
2625 5774 3016 5834 rationabiliter
3052 5777 3132 5836 sui
3165 5779 3324 5834 amici
3373 5789 3531 5849 agere

4041 5227 4044 5244 1

4042 5263 4044 5276 Ι

4042 5421 4044 5432 |
