4044 6326
545 323 618 384 Ὶ9
1581 327 1853 386 ALDRICI
1891 323 2424 386 CENOHANENSIS
2461 325 2766 387 EPISCOPI

3752 337 3836 396 80

546 424 866 507 suadebant,
909 419 1200 512 pradictus
1228 425 1608 512 Sigismundus
1634 438 1938 510 spernebat.
1981 437 2127 495 Oﬁ‘e-
2156 441 2209 505 Α
2233 438 2406 496 Habet
2445 440 2610 496 etiam
2654 440 2906 512 praﬁxus
2952 440 3260 513 episcopus,
3287 455 3423 513 quos
3467 443 3716 502 videmus
3771 457 3832 506 et

546 533 704 590 rebat
731 533 874 588 enim
898 532 948 588 ei
974 539 1306 587 memoratus
1344 531 1593 586 Aldricus
1634 531 1916 601 episcopus
1944 536 2003 584 ut
2030 530 2131 614 alif

2233 531 2502 598 audimus,
2533 547 2660 590 suos
2699 540 2862 589 testes
2893 547 3054 590 veros
3078 541 3134 590 et
3162 535 3352 600 bonos,
3377 535 3469 606 qui
3501 535 3600 592 has
3627 547 3829 595 aucto-

547 639 708 696 quem
731 640 950 681 censum
971 625 1022 680 ei
1052 639 1118 680 ex
1143 626 1247 680 hoc
1275 623 1526 688 solveret,
1549 623 1688 679 sicut
1712 622 1793 678 sui
1823 631 2136 679 antecesso-
2231 623 2421 678 ritates
2444 622 2628 680 ﬁrmas
2659 633 2716 680 et
2735 617 2893 681 veras
2922 618 3365 692 e55e'testantnr,
3389 635 3444 682 et
3462 624 3830 696 jurejurando

545 732 637 774 res
658 717 902 788 pradicti
925 717 1163 786 episcopi
1189 715 1625 772 antecessoribus
1650 713 1938 781 faciebant,
1959 724 2015 771 et
2033 730 2132 787 per

545 825 704 867 suum
729 810 1050 867 beneficium
1079 809 1208 864 illud
1241 817 1447 872 tenere,
1475 814 1530 862 et
1555 821 1830 876 nunquam
1857 806 1906 860 ei
1941 807 2131 863 diebus

544 901 670 957 vita
699 917 811 957 suae
839 901 906 956 de
936 900 1025 956 illo
1052 900 1272 971 aliquod
1304 897 1750 968 impedimentum
1779 896 1960 952 facere
1985 897 2130 953 vole-

541 994 669 1060 bat,
689 995 784 1050 sed
812 994 995 1065 quiete
1022 1003 1077 1050 et
1118 992 1344 1063 paciﬁce
1372 1007 1482 1047 una
1521 1006 1647 1046 cum
1688 991 1802 1046 suis
1847 991 2128 1046 monachis

541 1102 666 1142 eum
689 1088 821 1143 inibi
849 1102 969 1143 esse
995 1085 1358 1158 permittebat.
1396 1083 1670 1140 Oﬁ'erebat
1693 1085 1854 1140 etiam
1882 1093 1937 1140 et
1965 1085 2128 1140 aliam

539 1197 764 1235 causam
787 1180 1049 1252 praedicto
1075 1177 1448 1250 Sigismundo,
1476 1177 1829 1233 suadentibus
1854 1177 2128 1248 pradictis

541 1272 734 1326 amicis
763 1280 820 1326 ct
847 1271 1005 1326 bonis
1029 1269 1360 1332 hominibus,
1381 1269 1496 1339 jam
1531 1269 1706 1324 dictus
1733 1269 1985 1324 Aldricus
2013 1269 2127 1339 epi-

539 1377 759 1433 scopus,
786 1370 844 1416 ut
875 1362 920 1416 si
952 1361 1092 1416 hanc
1115 1376 1223 1415 non
1252 1360 1433 1424 vellet,
1465 1360 1654 1415 saltem
1701 1360 1863 1415 aliam
1897 1359 2122 1416 faceret.

538 1453 890 1510 Permittebat
918 1462 1101 1510 autem
1123 1454 1173 1510 ei
1197 1455 1332 1510 duas
1354 1462 1446 1508 aut
1474 1461 1584 1508 tres
1612 1453 1786 1519 villas,
1811 1453 1998 1524 quales
2021 1452 2124 1508 sibi

535 1544 780 1624 eligeret,
811 1559 907 1616 per
934 1561 1090 1600 suum
1116 1545 1439 1600 beneﬁcium
1470 1545 1694 1610 habere,
1721 1553 1776 1600 et
1796 1559 1864 1599 ex
1893 1545 1980 1600 his
2005 1543 2124 1599 nul-

533 1636 644 1691 lum
673 1637 957 1692 servitium
993 1645 1087 1690 aut
1119 1636 1298 1706 aliqua
1327 1636 1467 1690 dona
1497 1636 1816 1704 requireret,
1847 1635 1940 1690 sed
1968 1635 2124 1706 quid-

533 1728 662 1798 quid
679 1718 750 1782 ex
773 1728 860 1783 bis
881 1727 1041 1782 vellet
1069 1725 1293 1782 faceret.
1325 1725 1424 1781 His
1451 1726 1700 1781 omnibus
1722 1740 1750 1780 a
1775 1724 2121 1796 Sigismundo

2230 731 2350 786 qua
2378 715 2564 771 dicunt
2587 715 2875 773 aﬁirmant.
2920 717 3145 790 insuper
3185 719 3458 773 testantur
3499 721 3642 788 quod
3676 721 3828 776 infra

2228 806 2468 879 legitimo
2499 819 2740 881 tempore
2767 812 3022 883 praedicta
3065 820 3241 867 mater
3284 811 3659 871 Cenomanica
3685 816 3828 871 civi-

2231 901 2355 956 tatis
2379 901 2607 957 ecclesia
2628 903 2948 958 vestituram
2973 903 3268 975 legitimam
3290 905 3570 961 habuisset
3596 907 3663 962 de
3687 923 3828 978 pra-

2228 994 2373 1049 dicto
2400 996 2753 1064 monasterio,
2787 1005 2840 1051 et
2869 997 3047 1052 adhuc
3088 997 3314 1069 triginta
3359 999 3489 1053 anni
3536 1014 3644 1056 non
3694 1008 3829 1055 sunt

2227 1074 2485 1144 transacti
2527 1091 2670 1160 quod
2713 1105 2779 1145 ex
2811 1105 2876 1146 eo
2903 1090 3200 1161 legitimam
3241 1091 3565 1163 vestituram
3605 1093 3824 1159 habuit,

2225 1187 2283 1235 et
2309 1190 2594 1251 propterea
2624 1181 2748 1237 inde
2786 1181 2889 1237 fuit
2916 1183 3077 1238 modo
3105 1182 3397 1238 alienatum
3426 1186 3571 1255 quod
3606 1183 3826 1239 Franco

2225 1271 2508 1340 episcopus
2531 1270 2802 1338 pradicta
2823 1271 3065 1327 ecclesia
3078 1287 3177 1327 suo
3190 1273 3494 1343 propinquo
3508 1272 3824 1344 Adalghyso

2226 1359 2357 1416 illud
2400 1361 2794 1432 impetraverit,
2821 1370 2883 1417 ut
2906 1378 3006 1434 pro
3033 1363 3354 1435 illo.regalia
3399 1364 3618 1420 servitia
3645 1373 3698 1419 et
3734 1365 3828 1418 iti-

2225 1469 2357 1510 nera
2406 1453 2630 1521 faceret,
2660 1470 2781 1526 qua
2827 1454 2917 1510 ille
2961 1471 3062 1526 pro
3107 1471 3206 1511 sua
3233 1455 3551 1512 inﬁrmitate
3582 1463 3640 1511 et
3662 1469 3826 1511 sene-

2226 1554 2374 1601 ctute
2416 1546 2596 1602 facere
2635 1562 2742 1601 non
2779 1547 3011 1602 valebat.
3043 1546 3333 1602 Aﬁirmant
3371 1547 3538 1601 etiam
3564 1547 3824 1602 eumdem

2225 1636 2560 1692 Franconem
2611 1637 2824 1708 aliquas
2868 1636 3083 1693 villulas
3133 1645 3190 1692 et
3232 1637 3497 1706 quosdam
3547 1637 3820 1692 vassallos

2225 1737 2566 1798 casatosque,
2593 1737 2655 1784 ut
2701 1729 3006 1795 nominant,
3033 1745 3100 1784 ex
3137 1728 3359 1799 pratixo
3387 1729 3721 1784 monasterio
3753 1728 3824 1783 ad

533 1821 754 1892 Spretis,
777 1815 952 1890 capit
997 1820 1318 1891 sapedictus
1355 1819 1637 1889 episcopus
1666 1833 1818 1872 suam
1849 1815 2121 1886 justitiam
2149 1817 2200 1880 B
2227 1837 2384 1878 suum
2411 1837 2568 1891 opus,
2599 1822 2727 1878 dum
2753 1822 2976 1887 advixit,
3005 1821 3263 1886 retinere,
3295 1821 3390 1876 sed
3417 1819 3523 1875 illis
3551 1820 3822 1876 ambobus

531 1911 672 1981 iuste
695 1920 750 1968 et
769 1912 1160 1968 rationabiliter
1181 1927 1450 1983 quarere,
1464 1913 1590 1982 quia
1611 1911 1823 1982 plenam
1847 1918 1904 1966 et
1919 1910 2121 1981 justam

532 2006 802 2062 rationem
824 2006 926 2062 sibi
948 2005 1002 2062 in
1024 2007 1128 2062 hoc
1153 2005 1352 2061 habere
1371 2005 1672 2074 videbatur.
1693 2005 1956 2076 Praccpit
1976 2007 2122 2060 enim

529 2103 675 2157 hanc
698 2101 965 2173 justitiam
998 2102 1272 2174 inquirere
1300 2102 1532 2158 domnus
1563 2102 1856 2173 imperator
1883 2101 2122 2157 Ebroino

529 2195 890 2252 Pictaviensis
916 2196 1066 2252 urbis
1091 2196 1361 2266 cpisc0po,
1395 2203 1447 2250 et
1477 2194 1812 2250 Erchinrado
1830 2193 2122 2249 Parisiaca

530 2285 768 2341 civitatis
793 2286 1066 2356 episcopo,
1092 2293 1148 2342 et
1171 2285 1424 2356 Rorigoni
1451 2285 1660 2350 comiti,
1686 2293 1742 2340 et
1763 2284 2005 2338 Altmaro
2034 2298 2120 2338 se-

529 2379 860 2435 nescbalcho
888 2378 1102 2434 domna
1123 2377 1309 2434 Judith
1341 2378 1726 2449 imperatricis,
1755 2386 1810 2433 et
1839 2377 2008 2433 misso
2025 2393 2120 2448 pa-

530 2469 702 2524 latino
725 2485 828 2524 una
857 2485 981 2524 cum
1008 2469 1130 2524 aliis
1159 2469 1333 2525 vassis
1363 2467 1666 2523 dominicis.
1713 2466 1820 2522 Sed
1850 2468 1974 2522 dum
2002 2467 2119 2522 hac

532 2577 624 2618 res
658 2562 724 2617 ad
757 2559 1009 2618 effectum
1032 2570 1162 2617 tunc
1186 2562 1408 2617 minime
1438 2561 1684 2632 pervenit
1719 2569 1941 2631 pr0pter
1982 2559 2119 2616 alias

527 2654 908 2719 necessitates,
936 2662 992 2709 et
1019 2654 1123 2709 hoc
1165 2655 1362 2710 domno
1392 2653 1706 2725 imperatori
1752 2652 2117 2708 renuntiatum

527 2751 706 2810 esset,
735 2748 994 2814 praecepit
1021 2753 1082 2800 ut
1121 2753 1247 2799 ante
1277 2760 1335 2800 se
1362 2745 1415 2799 in
1447 2760 1547 2800 suo
1583 2743 1784 2815 palatio
1815 2746 1930 2815 ipsa
1959 2744 2119 2800 alter-

527 2835 672 2890 catio
698 2835 965 2892 ﬁniretur.
1017 2835 1169 2891 Tunc
1213 2851 1342 2908 ergo
1376 2835 1539 2906 jussit
1567 2836 1796 2892 domnus
1825 2837 2118 2907 imperator

527 2936 590 2982 ut
615 2929 881 2984 baberent
915 2930 1075 2985 ambo
1114 2945 1302 2986 eorum
1350 2931 1699 2985 auctoritates
1727 2937 1781 2985 et
1808 2929 2117 2985 testimonia

529 3018 856 3090 Aquisgrani
898 3019 1100 3088 palatio
1128 3020 1197 3074 ad
1223 3035 1381 3075 suum
1409 3019 1668 3088 placitum
1697 3021 1840 3090 quod
1871 3019 1943 3075 ibi
1975 3028 2116 3075 tem-

530 3125 664 3182 pore
706 3110 1163 3182 quadragesimali
1207 3125 1331 3165 cum
1376 3110 1646 3180 episcopis
1667 3119 1721 3165 et
1737 3111 2034 3178 abbatibus
2059 3117 2116 3166 et

2225 1912 2494 1969 defunctis
2519 1927 2627 1967 non
2655 1911 2758 1967 fuit
2781 1912 2850 1967 ad
2881 1927 3120 1982 prasens
3149 1925 3436 1982 episcopus
3457 1911 3702 1982 ejusdem
3729 1927 3820 1967 se-

2223 2005 2308 2061 dis
2353 2005 2446 2075 qui
2493 2005 2749 2060 domnum
2793 2005 3176 2075 imperatorem
3223 2002 3557 2058 Ludovicum
3605 2018 3676 2059 ex
3713 2003 3823 2059 hoc

2221 2096 2595 2168 interpellaret
2640 2098 2708 2152 ad
2757 2106 3001 2167 tempus;
3032 2103 3088 2151 et
3130 2097 3210 2151 sic
3252 2093 3442 2150 datum
3485 2102 3572 2150 est
3600 2095 3732 2160 alio,
3763 2103 3822 2152 et

2223 2192 2318 2249 tali
2341 2191 2629 2248 occasione
2670 2190 2940 2245 sublatum
2970 2198 3056 2244 est
3081 2191 3148 2244 de
3187 2187 3408 2257 pralixa
3435 2187 3585 2242 sede.
3617 2186 3726 2243 Sed
3766 2195 3824 2242 et

2221 2285 2326 2342 hoc
2358 2284 2502 2354 quod
2549 2283 2636 2338 isti
2678 2281 2931 2337 monachi
2977 2281 3167 2336 dicunt
3205 2277 3347 2349 quod
3390 2288 3634 2334 vestrum
3685 2294 3822 2348 pro-

2221 2373 2396 2445 prium
2423 2381 2586 2438 esset,
2616 2370 2860 2442 pradicti
2907 2378 3070 2447 testes
3095 2368 3296 2424 Aldrici
3322 2368 3564 2439 episcopi
3590 2384 3690 2438 per
3718 2385 3817 2425 eo-

2221 2479 2342 2518 rum
2368 2462 2721 2518 auctoritates
2750 2469 2806 2516 et
2832 2476 2932 2532 per
2955 2468 3166 2542 vestros
3205 2459 3467 2515 vassallos
3490 2469 3545 2514 et
3566 2459 3702 2515 alios
3731 2476 3822 2516 ve-

2221 2554 2422 2609 ridicos
2447 2563 2501 2608 et
2529 2553 2701 2608 bonos
2730 2552 2978 2607 homines
3002 2549 3272 2605 aﬁirmant
3299 2567 3408 2606 non
3435 2564 3576 2605 esse.
3616 2551 3823 2608 Dicunt

2221 2647 2406 2712 etiam,
2434 2645 2482 2702 si
2510 2654 2752 2701 vestrum
2782 2645 3060 2716 proprium
3089 2652 3258 2709 esset,
3287 2659 3376 2699 res
3421 2644 3592 2714 ipsius
3622 2660 3821 2701 mona-

2221 2743 2374 2799 sterii
2415 2743 2712 2800 secundum
2749 2741 2921 2814 legem
2952 2742 3186 2798 Salicam
3223 2751 3319 2796 aut
3351 2742 3669 2797 Ribuariam
3698 2751 3822 2796 tue-

2220 2845 2429 2903 rentur,
2454 2837 2593 2891 sicut
2617 2836 2721 2891 alia
2749 2836 2867 2892 loca
2896 2845 2952 2891 et
2974 2852 3062 2892 res
3087 2852 3207 2908 qua
3233 2837 3298 2891 de
3327 2845 3511 2892 vestro
3538 2845 3667 2891 sunt
3689 2851 3821 2906 pro—

2218 2929 2339 3000 prio
2385 2929 2608 2994 faciunt,
2639 2940 2694 2984 et
2721 2931 2990 3000 mancipia
3021 2945 3129 2985 non
3173 2931 3545 3000 partirentur,
3573 2931 3717 2986 sicut
3744 2931 3819 2985 de

2221 3022 2343 3079 aliis
2371 3022 2506 3079 locis
2528 3032 2582 3078 et
2601 3024 2766 3079 rebus
2793 3038 2913 3092 qua
2942 3023 3008 3079 de
3032 3031 3215 3078 vestro
3237 3032 3362 3078 sunt
3389 3024 3610 3094 pr0prio
3638 3023 3693 3078 in
3725 3023 3820 3080 illa

2222 3116 2442 3188 regione
2473 3123 2558 3172 est
2599 3115 2934 3171 consuetudo
2976 3112 3187 3181 facere;
3239 3115 3334 3171 sed
3367 3115 3436 3171 de
3482 3115 3603 3171 istis
3633 3116 3820 3172 causis

529 3200 820 3258 comitibus
860 3209 916 3256 et
963 3200 1177 3257 cateris
1216 3199 1463 3257 ﬁdelibus
1509 3202 1623 3256 suis
1657 3201 1918 3267 habebat,
1944 3210 2004 3256 ut
2042 3202 2115 3256 ibi
2144 3183 2189 3248 ο
2221 3206 2276 3262 in
2289 3183 2464 3262 rebus
2492 3207 2663 3262 sancti
2691 3206 2964 3277 Carilephi
2993 3207 3136 3263 sicut
3159 3207 3221 3262 in
3247 3208 3482 3278 propriis
3503 3208 3685 3263 domni
3719 3209 3821 3262 im-

526 3295 760 3368 pleniter
783 3296 1004 3367 pralixa
1033 3295 1316 3350 altercatio
1341 3294 1502 3350 linem
1535 3294 1855 3365 perciperet.
1886 3293 1993 3349 Sed
2025 3293 2112 3350 Si-

527 3387 848 3460 gismundus
886 3385 1000 3456 jam
1043 3397 1267 3442 vocatus
1295 3387 1363 3442 ad
1391 3387 1564 3457 ipsum
1595 3386 1851 3457 placitum
1892 3386 2115 3443 minime

528 3479 792 3550 pervenit.
835 3478 952 3546 Qua
986 3479 1054 3534 de
1095 3493 1153 3534 re
1192 3479 1388 3533 iterum
1431 3481 1661 3534 domnus
1696 3479 1990 3549 imperator
2017 3495 2117 3550 per

527 3587 680 3626 suam
703 3571 986 3642 epistolam
1011 3586 1137 3626 eum
1165 3571 1381 3626 vocavit
1410 3579 1468 3625 ut
1493 3583 1614 3642 post
1648 3571 1856 3628 Pascha
1883 3573 2111 3630 veniret.

527 3663 630 3732 Qui
655 3671 711 3719 et
739 3663 842 3718 hoc
880 3678 1142 3728 renuens,
1166 3660 1279 3731 jam
1312 3664 1473 3718 tertio
1498 3672 1724 3721 vocatus
1768 3666 1994 3723 minime
2025 3682 2115 3723 ve-

526 3761 628 3824 nit,
659 3774 836 3830 neque
856 3759 1080 3816 missum
1110 3760 1340 3830 aliquem
1368 3759 1515 3814 misit
1544 3775 1643 3814 cur
1669 3760 1773 3814 hoc
1795 3760 2110 3815 dimitteret.

528 3849 682 3907 Tunc
715 3867 944 3908 cernens
991 3852 1222 3908 domnus
1264 3852 1562 3922 imperator
1599 3867 1751 3907 suam
1799 3852 2115 3907 inohedien-

528 3944 656 3999 tiam
690 3951 748 4000 et
770 3945 1188 4009 contumaciam,
1218 3945 1549 4014 exspectavit
1578 3953 1758 4001 tamen
1787 3945 1962 4000 adhuc
1991 3952 2114 4015 post

527 4036 747 4092 tertium
776 4036 1082 4092 condictum
1111 4037 1369 4108 placitum
1399 4038 1706 4108 quindecim
1736 4037 1852 4093 dies
1878 4045 1936 4092 ut
1961 4038 2114 4094 veni-

525 4137 644 4196 ret;
673 4129 767 4186 sed
797 4145 1027 4186 cernens
1067 4145 1192 4186 eum
1231 4131 1345 4204 jam
1388 4133 1574 4189 venire
1615 4149 1722 4188 non
1750 4133 1905 4198 velle,
1939 4148 2114 4205 neque

527 4238 682 4279 suam
720 4224 985 4280 rationem
1013 4225 1162 4296 juste
1197 4223 1448 4290 diﬁinire,
1479 4225 1604 4296 quia
1646 4225 1868 4282 minime
1895 4226 1999 4282 hoc
2027 4242 2114 4282 ra-

529 4318 859 4374 tionabiliter
885 4328 941 4373 et
969 4321 1235 4376 veraciter
1264 4335 1320 4375 se
1349 4321 1528 4376 facere
1553 4321 1876 4386 conlidchat,
1905 4331 1960 4376 et
1987 4336 2114 4392 pro-

526 4419 712 4481 pterea
767 4412 951 4467 venire
995 4413 1064 4467 ad
1116 4412 1374 4483 placitum
1429 4413 1663 4478 nolebat,
1713 4421 1839 4468 tunc
1883 4414 2114 4471 domnus

529 4500 824 4570 imperator
851 4501 1360 4572 interrogavitsuos
1385 4502 1723 4557 consiliarios
1749 4510 1804 4557 ct
1829 4503 2114 4574 episcopos

527 4591 643 4648 sive
673 4592 897 4647 abbates
921 4601 976 4647 et
1001 4593 1229 4649 comites
1257 4601 1311 4649 et
1337 4593 1574 4664 reliquos
1605 4593 1789 4649 ﬁdeles
1817 4609 1944 4649 suos
1985 4594 2116 4664 quid

526 4696 596 4737 ex
625 4682 731 4738 hoc
763 4681 944 4738 facere
970 4682 1212 4750 deberet,
1240 4693 1295 4739 et
1321 4684 1480 4754 quale
1522 4684 1810 4740 consilium
1843 4699 1910 4740 ex
1937 4685 2040 4740 hoc
2065 4685 2118 4741 ei

528 4773 744 4852 darent,
773 4782 829 4830 et
871 4774 1002 4845 quid
1051 4776 1117 4831 de
1162 4785 1273 4830 tam
1323 4776 1670 4832 inobediente
1715 4792 1814 4832 suo
1842 4785 2115 4847 pracepto

527 4865 772 4924 facturus
794 4876 957 4923 esset.
981 4867 1132 4924 Tunc
1151 4869 1542 4939 respondentes
1562 4867 1815 4925 dixerunt
1837 4869 2118 4940 utriusque

528 4960 739 5015 ordinis
763 4975 953 5018 omnes
987 4979 999 5015 :
1025 4961 1270 5017 Vidimus
1315 4963 1460 5032 quod
1490 4962 1592 5018 iste
1622 4962 1908 5033 episcopus
1936 4969 2118 5018 vester

525 5049 781 5108 Aldricus
807 5053 971 5108 habet
1006 5069 1132 5110 suas
1157 5055 1511 5109 auctoritates
1535 5062 1591 5108 et
1612 5062 1882 5126 pracepta
1911 5053 2115 5125 regalia

528 5153 642 5201 tam
664 5145 925 5218 genitoris
951 5147 1119 5203 vestri
1163 5163 1323 5219 quam
1350 5157 1405 5203 et
1431 5147 1663 5203 aliorum
1691 5157 1993 5204 vestrorum
2018 5163 2119 5204 an-

529 5248 882 5305 tecessorum,
909 5237 1163 5294 videlicet
1207 5254 1396 5311 regum
1426 5239 1782 5305 Francorum,
1817 5239 1872 5295 in
1897 5240 2118 5310 quibus,

527 5335 591 5384 ut
617 5325 802 5385 coram
828 5330 984 5387 nobis
1011 5330 1256 5387 relictum
1286 5339 1402 5397 est,
1439 5332 1750 5388 continetur
1773 5332 2036 5389 inscrtum
2063 5340 2123 5390 et

530 5429 842 5479 sanctorum
890 5423 1236 5480 sacerdotum
1278 5439 1341 5480 ac
1373 5440 1561 5498 regum
1591 5425 1843 5482 manibus
1887 5425 2122 5499 propriis

531 5516 979 5583 corroboratum,
1031 5519 1175 5589 quod
1219 5517 1610 5575 monasterium
1667 5518 1927 5584 Anisola,
1973 5520 2120 5574 unde

531 5607 713 5678 agitur
740 5609 857 5664 hac
875 5608 1112 5680 justitia,
1142 5607 1515 5666 Cenomanica
1548 5609 1709 5664 matri
1737 5609 1981 5666 ecclesia
2007 5618 2118 5664 tra-

532 5699 705 5754 ditum
740 5698 843 5756 fuit
868 5708 925 5756 et
945 5699 1019 5755 ab
1047 5701 1314 5774 episcopis
1357 5701 1599 5773 ejusdem
1639 5702 1831 5757 matris
1875 5701 2120 5758 ecclesia

533 5800 907 5852 constructum
946 5803 1004 5852 et
1027 5806 1280 5864 ornatum
1324 5806 1490 5884 atque
1527 5796 1736 5869 legibus
1780 5810 2114 5885 possessum.

2218 3301 2486 3372 peratoris
2531 3300 2822 3355 observare
2868 3299 3011 3370 apud
3043 3307 3251 3356 eos‘est
3292 3301 3649 3365 consuetudo,
3678 3299 3820 3355 nihil

2218 3405 2459 3462 unquam
2499 3397 2880 3445 conservatum
2909 3389 3041 3455 fuit;
3073 3398 3128 3445 et
3169 3405 3270 3459 pro
3299 3391 3419 3447 istis
3448 3392 3630 3447 causis
3671 3391 3820 3445 allir-

2220 3492 2372 3539 mant
2396 3490 2450 3538 et
2471 3480 2765 3538 defendunt
2794 3482 2908 3552 jam
2952 3482 3085 3538 dicti
3113 3490 3279 3538 testes
3307 3483 3655 3554 sapedictum
3692 3499 3817 3538 mo-

2218 3572 2516 3629 nasterium
2551 3587 2658 3628 non
2687 3581 2926 3628 vestrum
2969 3573 3248 3643 proprium
3277 3580 3373 3628 aut
3411 3572 3642 3644 alicujus
3667 3588 3814 3639 esse,

2217 3665 2314 3722 sed
2357 3666 2424 3720 de
2459 3663 2583 3734 jure
2627 3663 3005 3720 Cenomanica
3048 3665 3240 3720 matris
3269 3665 3534 3732 ecclesia,
3563 3665 3632 3722 de
3658 3665 3817 3734 cujus

2216 3757 2380 3816 rebus
2421 3767 2507 3814 est
2559 3757 2868 3824 fundatum,
2900 3757 3033 3814 illud
3080 3772 3200 3814 esse
3247 3757 3540 3823 afﬁrmant,
3583 3757 3729 3828 quod
3759 3765 3820 3814 et

2215 3851 2612 3908 rationabiliter
2657 3861 2714 3908 et
2758 3851 2986 3924 legibus,
3031 3859 3092 3906 ut
3138 3850 3299 3906 nobis
3340 3851 3576 3917 videtur,
3630 3850 3818 3906 facere

2213 3955 2462 4020 possunt.
2511 3945 2802 4002 Testantur
2856 3946 3022 4003 etiam
3078 3959 3243 4016 supra
3298 3943 3586 3999 memorati
3643 3951 3815 3999 testes

2216 4037 2360 4109 quod
2401 4052 2591 4093 omnes
2618 4036 2857 4107 episcopi
2902 4037 2995 4108 qui
3027 4035 3081 4091 in
3126 4035 3386 4107 pradicta
3429 4035 3650 4090 civitate
3675 4045 3730 4090 et
3755 4035 3814 4090 in

2209 4131 2325 4203 jam
2355 4131 2498 4186 dicta
2529 4130 2656 4186 sede
2685 4145 2715 4184 a
2741 4138 2986 4200 tempore
3013 4129 3186 4185 sancti
3219 4128 3528 4184 Innocentis
3568 4128 3816 4199 episcopi

2215 4222 2457 4286 secundi,
2501 4221 2833 4277 successoris
2883 4219 3139 4276 videlicet
3182 4220 3357 4275 sancti
3411 4218 3659 4284 Victurii,
3693 4231 3748 4276 et
3781 4238 3814 4277 a

2215 4327 2459 4392 tempore
2484 4317 2657 4375 sancti
2683 4315 2954 4388 Carilephi
2987 4313 3318 4371 confessoris
3345 4314 3530 4370 eximii
3567 4311 3810 4379 fuerunt,

2216 4411 2533 4483 pradictum
2556 4409 2944 4464 monasterium
2967 4407 3270 4477 subjectum
3294 4405 3633 4466 habuissent,
3648 4419 3814 4460 exce-

2203 4503 2325 4580 ‘ptis
2359 4501 2586 4565 duobus,
2613 4500 2758 4570 quod
2802 4508 3020 4570 propter
3055 4497 3379 4570 pradictum
3421 4496 3606 4552 odium
3632 4503 3686 4550 et
3713 4511 3816 4565 pro

2223 4595 2400 4666 aliqua
2427 4593 2752 4666 negligentia
2783 4592 3053 4649 veraciter
3099 4592 3302 4648 factum
3342 4604 3465 4647 esse
3491 4589 3814 4660 inquisitum

2221 4697 2326 4745 est.
2360 4687 2655 4743 Testantur
2697 4685 2863 4740 etiam
2901 4684 3044 4756 quod
3075 4684 3194 4755 plus
3222 4683 3288 4740 ad
3315 4681 3408 4751 jus
3431 4691 3486 4738 et
3515 4681 3816 4751 subjectio-

2223 4796 2346 4838 nem
2390 4779 2660 4850 pradicta
2703 4777 2895 4833 matris
2936 4776 3179 4834 ecclesia
3209 4774 3497 4846 prafatum
3540 4782 3794 4851 monasto

2223 4873 2362 4928 rium
2410 4869 2680 4942 pertineat
2725 4883 2888 4939 quam
2923 4869 2992 4922 ad
3026 4875 3264 4922 vestrum
3312 4864 3592 4936 proprium
3624 4873 3721 4919 aut
3748 4863 3818 4919 ad

2223 4964 2384 5020 aliam
2413 4962 2649 5033 aliquam
2675 4975 2928 5026 causam;
2963 4966 3017 5014 et
3061 4959 3188 5024 hoc,
3219 4957 3265 5013 si
3293 4957 3461 5027 aliqui
3493 4963 3660 5011 testes
3685 4970 3819 5011 con-

2225 5065 2310 5112 tra
2354 5071 2413 5112 se
2457 5054 2720 5119 venerint,
2751 5052 2916 5108 falsos
2959 5066 3090 5116 eos,
3136 5049 3374 5121 qualiter
3420 5047 3818 5118 praceperitis,

2222 5150 2406 5206 facere
2434 5163 2592 5220 posse
2628 5156 2894 5204 testantur
2921 5144 3260 5214 ﬁrmiterque
3288 5131 3576 5198 aﬂirmaiit.
3617 5139 3821 5210 Supra-

2223 5245 2367 5301 dicta
2391 5259 2520 5300 vero
2550 5243 2760 5300 ratione
2789 5243 2931 5298 hanc
2953 5239 3222 5312 justitiam
3249 5237 3660 5311 diligentissime
3687 5252 3819 5294 ven-

2224 5337 2466 5402 tilatam,
2503 5336 2582 5392 rei
2622 5336 2910 5392 veritatem
2939 5341 3364 5408 cognoscentes,
3390 5332 3626 5404 pleniter
3649 5340 3708 5388 et
3731 5347 3820 5388 ra-

2225 5429 2554 5486 tionabiliter
2582 5428 2716 5500 legis
2761 5428 2957 5484 divina
3004 5437 3060 5483 et
3098 5425 3384 5496 mundana
3411 5439 3512 5481 nos
3536 5423 3822 5496 utriusque

2225 5521 2434 5575 ordinis
2474 5518 2643 5575 vestri
2681 5517 2869 5574 ﬁdeles
2916 5517 3242 5574 auctoritate
3271 5514 3545 5580 instructi,
3577 5520 3633 5569 et
3659 5512 3821 5585 plena

2226 5612 2438 5668 ratione
2481 5610 2703 5677 suilulti,
2749 5607 3059 5678 judicamus
3101 5622 3308 5678 vosque
3347 5607 3633 5662 hortamur
3670 5612 3732 5659 ut
3767 5601 3816 5660 ei

2227 5704 2503 5759 auferatur
2527 5706 2618 5774 qui
2639 5705 2793 5760 vobis
2822 5702 3138 5758 inobediens
3169 5701 3451 5756 exstititet
3476 5699 3544 5754 ad
3572 5706 3818 5753 vestrum

2225 5796 2482 5868 placitum
2529 5813 2637 5853 non
2681 5795 2858 5853 solum
2902 5794 3071 5853 semel
3101 5803 3195 5850 aut
3223 5791 3307 5850 bis
3343 5791 3429 5849 vel
3472 5798 3558 5847 ter
3587 5798 3820 5868 vocatus
