4044 6326
260 335 326 394 ει
477 311 483 317 ο
1805 315 1978 381 rm.
3450 323 3522 386 se

261 448 452 504 venire
493 439 838 515 contempsit,
861 437 988 513 quia
1039 437 1108 496 de
1144 453 1241 497 sua
1272 439 1514 498 absentia
1555 439 1840 512 culpabilis
1864 444 1920 506 Α
1946 437 2095 494 dulto
2123 447 2178 494 et
2203 435 2450 510 delegato
2469 431 2674 509 judicio
2699 437 2963 512 purgandi
3003 455 3062 496 se
3103 440 3387 500 occasione
3409 458 3520 500 non

263 547 323 594 et
349 538 630 594 convictus
660 551 781 592 esse
821 535 1195 607 cognoscitur,
1224 542 1280 589 et
1305 535 1356 588 ei
1384 543 1560 589 vestra
1603 533 1840 589 auctori-

265 641 381 686 tate
403 638 701 699 nostroque.
732 626 935 698 judicio
960 627 1218 683 reddatur
1256 624 1540 698 praefatum
1569 635 1843 683 monaste-
1876 686 1878 688 τ

264 726 409 780 rium
441 723 532 794 qui
561 723 714 779 vobis
739 721 1054 778 inobediens
1081 737 1189 776 non
1219 719 1338 787 fuit,
1361 736 1462 775 nec
1491 721 1558 774 ad
1586 719 1842 790 placitum

263 821 457 876 venire
488 819 685 883 renuit,
709 817 802 873 sed
821 831 1033 887 semper
1053 830 1291 886 praesens
1312 831 1434 870 cum
1465 816 1577 870 suis
1604 814 1840 870 auctori-

265 911 472 966 tatibus
499 918 555 966 et
584 908 848 965 nobilibus
878 907 1104 963 testibus
1124 905 1310 971 adfuit,
1337 914 1392 962 et
1417 907 1518 962 hoc
1539 906 1768 977 pleniter
1789 914 1848 962 et

265 1001 513 1073 legaliter
554 1000 854 1072 approbare
883 1007 968 1055 est
1005 1007 1222 1070 paratus
1251 998 1394 1068 quod
1437 1013 1546 1053 suae
1581 999 1726 1054 sedis
1752 991 1843 1052 ec-

264 1095 448 1151 clesia:
497 1091 776 1165 praefatum
820 1091 1206 1148 monasterium
1239 1106 1359 1147 esse
1403 1091 1581 1146 debet.
1619 1089 1696 1154 Et
1722 1105 1847 1160 pro-

265 1199 455 1259 pterea
482 1187 710 1260 prmfato
729 1185 944 1242 Aldrico
965 1185 1218 1257 episcopo
1250 1185 1404 1238 ﬁrma
1436 1183 1757 1240 auctoritate
1778 1183 1848 1240 ad

263 1279 356 1352 jus
385 1295 494 1335 sua:
541 1279 684 1334 sedis
712 1278 954 1334 ecclesiae
982 1277 1266 1349 prmfatum
1311 1277 1697 1332 monasterium
1723 1291 1846 1332 cum

271 1371 420 1427 omni
447 1372 758 1442 integritate
785 1379 845 1426 ut
865 1369 1466 1439 reddaturjudicamus.
1495 1368 1720 1436 Quidam
1753 1384 1850 1424 au-

271 1471 380 1516 tem
413 1477 598 1517 eorum
641 1464 931 1517 dixerunt:
968 1462 1046 1517 De
1071 1462 1228 1516 nobis
1269 1461 1401 1530 ipsis
1429 1459 1849 1530 aliterjudicare

269 1569 379 1607 non
411 1569 715 1623 possumus,
738 1553 881 1624 quod
910 1553 956 1609 si
979 1553 1175 1623 aliquis
1204 1561 1448 1608 nostrum
1483 1552 1610 1608 licet
1636 1551 1850 1608 nemine

265 1653 566 1712 quaarente,
592 1651 683 1698 aut
708 1643 885 1713 aliqua
907 1644 1218 1699 causatione
1245 1643 1516 1714 pulsante,
1538 1651 1762 1698 vocatus
1781 1642 1849 1698 ad

262 1742 511 1788 vestrum
544 1734 800 1805 placitum
827 1735 1010 1791 venire
1032 1736 1445 1805 contempserit,
1479 1736 1533 1790 ni
1565 1735 1851 1790 inﬁrmitas

267 1834 363 1879 aut
416 1825 654 1896 legitima
705 1828 909 1884 somnis
956 1843 1080 1883 eum
1123 1828 1444 1895 detinuerit,
1495 1837 1551 1885 et
1588 1828 1635 1884 si
1673 1827 1852 1897 aliqua
1878 1805 1927 1866 Β

267 1916 499 1982 somnis,
517 1925 609 1971 aut
646 1918 933 1975 inﬁrmitas
957 1935 1080 1974 eum
1113 1920 1427 1997 detinuerit,
1451 1920 1504 1975 ni
1546 1921 1662 1991 ipse
1690 1934 1849 1976 suum

266 2010 592 2065 advocatum
627 2019 721 2066 aut
752 2026 903 2066 suam
933 2011 1337 2067 excusationem
1363 2011 1739 2068 rationabilem
1780 2011 1848 2066 ad

262 2114 364 2155 vos
417 2101 644 2167 miserit,
669 2100 816 2170 juste
869 2110 924 2156 et
974 2102 1130 2172 plena
1188 2103 1396 2157 ratione
1434 2101 1662 2172 perdere
1692 2099 1852 2156 debet

263 2185 638 2261 unusquisque
669 2200 910 2246 nostrum
943 2191 1085 2261 quod
1115 2191 1182 2245 de
1207 2201 1390 2246 vestro
1412 2191 1594 2246 habet.
1629 2190 1697 2244 Et
1727 2204 1850 2259 pro-

261 2291 456 2352 pterea
485 2283 625 2337 sicut
663 2290 718 2337 et
745 2281 812 2336 de
853 2281 1040 2346 nobis,
1072 2281 1150 2336 sic
1177 2290 1231 2336 et
1273 2283 1339 2336 de
1379 2281 1472 2336 illo
1503 2279 1846 2349 iudicamus;

264 2376 395 2445 quia
425 2383 674 2430 neutrum
699 2373 848 2440 fecit,
865 2389 967 2428 nec
992 2375 1107 2443 ipse
1136 2373 1300 2436 venit,
1329 2388 1429 2428 nec
1459 2373 1715 2427 mandare
1737 2379 1850 2426 stu-

265 2465 384 2520 duit
439 2480 538 2520 cur
593 2465 721 2520 illud
763 2465 986 2520 dimisit.
1021 2463 1126 2519 Sed
1169 2464 1308 2519 sicut
1346 2463 1435 2518 isti
1473 2462 1719 2518 homines
1758 2463 1848 2532 qui

267 2565 563 2627 praesentes
610 2556 844 2622 adstant,
876 2556 928 2611 id
959 2563 1043 2611 est
1083 2555 1305 2626 Hagano
1350 2564 1406 2610 et
1441 2555 1763 2610 Benedictus
1796 2563 1852 2609 et

268 2647 381 2712 alii,
413 2648 600 2702 dicunt
628 2653 683 2702 et
710 2645 975 2702 aﬂirmare
996 2646 1184 2702 volunt
1211 2645 1658 2716 qualitercunque
1699 2644 1850 2700 vobis

263 2737 554 2808 placuerit,
588 2738 703 2794 sive
729 2739 776 2793 si
804 2738 1000 2808 aliquis
1031 2753 1098 2794 ex
1126 2738 1280 2793 vobis
1309 2737 1465 2792 aliter
1496 2737 1713 2802 dixerit,
1738 2736 1849 2792 sin-

264 2829 457 2898 gulare
483 2840 761 2885 certamen
790 2845 912 2885 cum
958 2845 1023 2886 eo
1051 2829 1284 2901 praeliari
1324 2830 1438 2884 sive
1476 2829 1528 2883 in
1552 2827 1776 2898 judicio,
1804 2829 1848 2884 si

263 2918 423 2975 vobis
451 2920 748 2991 placuerit,
775 2936 870 2976 seu
896 2936 1019 2976 cum
1067 2929 1410 2976 sacramento
1451 2935 1639 2973 verum
1670 2917 1852 2974 facere

264 3011 469 3066 nullam
497 3012 566 3067 ob
593 3011 752 3066 aliam
783 3027 1000 3068 causam
1030 3012 1312 3082 praefatum
1341 3009 1746 3082 Sigismundum
1773 3025 1852 3066 re-

266 3105 556 3171 mansisse,
579 3119 754 3176 neque
775 3113 996 3176 propter
1019 3104 1406 3170 inﬁrmitatem,
1435 3118 1609 3174 neque
1629 3112 1850 3172 pr0pter

1945 531 2134 586 utitur.
2157 528 2298 586 Nihil
2320 532 2462 587 enim
2480 532 2706 588 interest
2724 541 2904 588 utrum
2925 534 2978 589 in
3000 538 3250 606 prasenti
3273 540 3521 606 examine

1911 614 1925 630 ⁶
1945 622 2124 678 omnia
2149 638 2268 693 qua:
2295 623 2438 679 dicta
2467 632 2592 680 sunt
2618 626 2685 680 de
2706 639 2772 682 eo
2795 630 3232 699 comprobentur,
3259 647 3381 690 cum
3403 633 3520 705 ipsa

1946 713 2184 780 absentia
2214 730 2314 786 pro
2341 715 2677 775 confessione
2706 728 2923 777 constet
2949 733 2999 776 ι.

2120 826 2257 881 Item
2285 844 2350 883 ea:
2379 830 2598 887 decretis
2623 832 2858 904 ejusdem
2877 835 3144 909 Bonifacii
3169 831 3341 912 pm.

2016 935 2158 992 Nulli
2189 939 2407 997 dubium
2445 953 2531 999 est
2553 947 2696 1015 quod
2721 963 2846 1005 reus
2861 949 3123 1020 judicium
3165 971 3368 1014 nocens
3391 959 3522 1015 sub-

1945 1028 2184 1101 terfugit,
2213 1035 2664 1102 quemadmodum
2689 1047 2749 1094 ut
2787 1041 3098 1100 absolvatur
3122 1046 3214 1116 qui
3255 1058 3339 1104 est
3364 1049 3521 1104 inno-

1947 1137 2076 1178 cens
2103 1126 2312 1194 quaerit.
2340 1125 2639 1186 Conﬁtetur
2657 1132 2802 1188 enim
2827 1135 2893 1189 de
2915 1137 3166 1196 omnibus
3189 1142 3434 1213 quisquis
3464 1158 3525 1198 se

1946 1214 2318 1306 subterfugere
2337 1219 2597 1288 judicium
2627 1222 2972 1284 dilationibus
2993 1238 3166 1299 putat.

2333 1330 2470 1388 Item
2508 1335 2744 1406 ejusdem
2780 1339 2930 1409 cujus
2955 1357 3136 1413 supra.

2017 1438 2325 1496 Cavendum
2347 1450 2429 1498 est
2449 1452 2507 1499 ut
2533 1445 2578 1499 si
2608 1447 2729 1516 quis
2751 1448 2942 1506 adesse
2965 1452 3284 1524 neglexerit,
3315 1459 3524 1516 dilatio-

1949 1547 2072 1588 nem
2102 1535 2383 1591 seutentize
2411 1536 2477 1592 de
2516 1537 2762 1595 absentia
2802 1557 2910 1597 non
2955 1543 3227 1614 lucretur;
3270 1553 3363 1605 sed
3405 1531 3525 1622 qme

1950 1623 2089 1677 male
2136 1623 2426 1710 pullulasse
2469 1638 2784 1696 noscuntur,
2830 1631 3091 1690 radicitus
3134 1637 3435 1695 evellantur
3473 1653 3529 1697 et

1950 1716 2322 1772 emendentur.

2335 1808 2420 1865 Ea:
2439 1811 2658 1868 decretis
2685 1813 2946 1872 Caelestini
2973 1835 3144 1890 papa.

2023 1917 2140 1974 Non
2168 1929 2316 1975 caret
2338 1921 2481 1976 enim
2513 1924 2816 1994 suspicione
2842 1929 2934 1999 qui
2960 1930 3026 1984 ad
3048 1929 3310 1999 judicium
3344 1937 3529 1994 venire

1953 2011 2336 2079 contempserit
2392 2020 2448 2067 et
2499 2016 2718 2084 purgari
2770 2032 2828 2071 se
2878 2019 3178 2089 distulerit,
3235 2025 3360 2094 quia
3412 2026 3529 2098 ipsa

1952 2099 2194 2155 absentia
2219 2117 2316 2155 sua
2342 2110 2426 2157 est
2454 2106 2844 2175 comprobatio.
2870 2107 3095 2180 Insuper
3117 2124 3368 2170 occurret
3390 2117 3531 2172 veri-

1953 2200 2065 2257 tas,
2097 2192 2142 2247 si
2182 2189 2392 2249 falsitas
2436 2195 2701 2266 displicet.
2727 2197 2918 2254 Merito
2959 2217 3192 2273 namque
3237 2220 3400 2262 causa
3428 2224 3529 2266 nos

1952 2285 2175 2354 respicit
2195 2285 2239 2340 si
2261 2284 2475 2341 silentio
2495 2286 2771 2346 faveamus
2790 2294 2985 2348 errori.
3006 2294 3149 2368 Ergo
3167 2299 3531 2370 corripiantur

1953 2375 2046 2444 qui
2089 2375 2394 2446 hujusmodi
2435 2388 2563 2434 sunt
2593 2381 2767 2437 modis
2796 2385 3067 2452 omnibus,
3102 2397 3162 2442 ut
3205 2391 3412 2448 veritas
3436 2407 3531 2450 eo-

1954 2483 2074 2522 rum
2105 2471 2358 2525 versutiis
2401 2486 2510 2526 non
2537 2473 2794 2543 sopiatur,
2827 2477 2920 2531 sed
2944 2489 3121 2534 astuta
3149 2495 3338 2538 eorum
3365 2485 3531 2540 cavil-

1951 2559 2083 2632 latio
2113 2562 2387 2632 aptissime
2410 2572 2467 2619 et
2484 2566 2780 2634 prudenter
2807 2570 3057 2626 omnibus
3076 2575 3454 2644 manifestetur
3475 2585 3532 2635 ε’

1951 2656 2286 2723 emendetur,
2303 2666 2465 2728 atque
2477 2659 2796 2717 restituatur
2811 2664 2953 2732 quod
2975 2665 3238 2724 hactenus
3255 2671 3528 2729 occultum

1952 2755 2008 2803 et
2037 2749 2339 2820 neglectum
2369 2750 2491 2806 fuit.

2073 2862 2204 2918 Item
2230 2875 2529 2936 excerptum
2555 2885 2621 2922 ea:
2641 2870 2859 2925 decretis
2885 2890 3036 2943 papa:
3058 2874 3354 2934 Innocentii
3367 2881 3419 2937 lt.

2023 2973 2237 3031 Veritas
2259 2977 2456 3048 saepius
2480 2980 2750 3050 exagitata
2801 2983 2972 3055 magis
3001 2987 3326 3057 splendescit
3353 2991 3422 3048 ad
3449 2993 3532 3049 lu-

1954 3082 2111 3135 cem,
2165 3077 2218 3124 et
2266 3071 2538 3141 pernicies
2591 3084 2841 3131 revocata
2900 3077 2953 3132 in
2998 3079 3262 3149 judicium
3313 3088 3531 3158 gravius

263 3195 430 3251 aliam
479 3159 874 3262 necessitatem,
909 3196 1016 3251 nisi
1053 3197 1196 3266 quod
1223 3196 1440 3262 venire,
1471 3209 1538 3250 ne
1567 3194 1852 3250 convince-
1877 3189 1924 3254 C
1955 3159 2360 3264 °°“{‘em"a‘“'-
2417 3161 2552 3266 Nf'm
2584 3163 2807 3266 fma“
2858 3168 3070 3266 δῖνίιψε
3119 3182 3203 3229 εει
3262 3176 3532 3246 iustitiam

265 3295 444 3354 retur,
471 3286 663 3351 noluit,
695 3287 819 3358 quia
862 3286 1064 3341 nullam
1091 3286 1358 3358 justitiam
1407 3299 1582 3354 neque
1613 3285 1850 3354 aliquam

257 3377 472 3447 justam
498 3387 592 3432 aut
624 3377 994 3434 rationabilem
1025 3393 1243 3433 causam
1271 3377 1528 3448 praedicta
1555 3376 1852 3447 quastione

262 3481 330 3522 se
361 3465 567 3522 habere
590 3465 906 3523 conﬁdebat.
935 3467 1004 3522 Et
1033 3468 1148 3523 haec
1175 3467 1417 3538 praedicti
1449 3467 1697 3522 homines
1715 3480 1852 3535 quo-

267 3556 404 3613 tidle
431 3566 559 3613 ante
587 3573 682 3613 vos
711 3565 768 3613 et
794 3565 920 3613 ante
947 3573 1045 3614 nos
1069 3566 1127 3613 et
1152 3557 1398 3627 reliquos
1418 3557 1604 3613 ﬁdeles
1639 3564 1852 3612 vestros

265 3649 526 3713 claniaiit,
550 3656 605 3703 et
631 3650 952 3719 approbare,
975 3649 1114 3704 sicut
1140 3643 1454 3718 praedictum
1481 3655 1584 3711 est,
1609 3646 1695 3701 vel
1722 3661 1852 3716 qua-

265 3740 392 3796 liter
417 3743 511 3795 vos
535 3740 798 3810 placuerit
821 3748 876 3796 et
894 3741 974 3796 eis
999 3747 1328 3812 prmceptum
1353 3737 1516 3794 fuerit
1544 3737 1752 3793 volunt.
1784 3737 1854 3793 Et

265 3832 372 3888 hoc
399 3833 695 3902 saepissime
723 3832 1010 3904 publiciter
1041 3833 1096 3887 in
1119 3833 1222 3888 hoc
1247 3830 1449 3902 palatio
1478 3839 1562 3886 est
1584 3831 1851 3886 acclama-

269 3933 384 3979 tum
415 3934 468 3980 et
497 3926 855 3996 perquisitum
882 3925 1040 3982 nobis
1065 3933 1120 3981 et
1144 3926 1358 3981 caeteris
1385 3924 1633 3980 ﬁdelibus
1656 3925 1854 3981 vestris

266 4017 645 4072 audientibus:
669 4018 764 4072 sed
806 4033 965 4073 nemo
1004 4026 1090 4073 est
1127 4018 1218 4086 qui
1253 4017 1334 4073 eis
1363 4017 1736 4072 contradicere
1761 4024 1855 4072 aut

266 4110 525 4165 resistere
549 4109 701 4177 velit,
737 4110 832 4166 sed
857 4111 978 4182 plus
1007 4112 1191 4167 dicunt
1224 4125 1413 4166 omnes
1441 4123 1535 4166 eos
1567 4111 1852 4166 veritatem

265 4201 468 4268 dicere,
491 4203 634 4272 quod
657 4212 712 4258 et
737 4202 1030 4258 verisimile
1052 4202 1208 4258 nobis
1229 4217 1351 4258 esse
1371 4201 1608 4258 videtur.
1642 4201 1734 4256 Sic
1757 4216 1854 4258 vos

259 4291 373 4364 jam
404 4294 714 4362 quindecim
740 4293 856 4350 dies
889 4309 988 4364 per
1017 4293 1159 4349 aliud
1207 4292 1462 4363 placitum
1503 4292 1588 4348 vel
1633 4292 1852 4348 tertium

265 4384 316 4438 ei
361 4399 683 4440 concessum
709 4392 1110 4456 exspectantes,
1135 4399 1310 4453 neque
1338 4398 1492 4438 suum
1532 4384 1852 4440 advocatum

267 4482 364 4527 aut
392 4488 524 4529 suas
551 4475 908 4530 auctoritates
933 4472 1105 4540 misit,
1146 4488 1324 4545 neque
1355 4473 1518 4529 ullam
1545 4476 1853 4532 excusatio-

265 4580 388 4620 nem
411 4564 482 4620 de
508 4579 566 4621 se
589 4565 672 4622 vel
693 4565 761 4622 de
781 4581 878 4622 suo
904 4573 1214 4636 contemptu
1239 4562 1419 4621 facere
1441 4565 1630 4621 noluit.
1653 4565 1856 4622 Idcirco

267 4653 334 4710 de
356 4670 455 4710 sua
476 4655 721 4713 absentia
747 4657 835 4712 vel
860 4656 1202 4712 contumacia
1217 4653 1333 4724 jam
1353 4657 1662 4712 convictum
1690 4666 1854 4728 atque

267 4745 581 4801 damnatum
620 4763 746 4802 eum
783 4762 903 4804 esse
944 4747 1150 4820 legibus
1174 4747 1500 4819 judicamus,
1531 4748 1605 4803 ita
1646 4757 1707 4803 ut
1752 4765 1855 4805 nec

266 4827 383 4905 ejus
409 4852 518 4893 vox
563 4838 794 4909 amplius
828 4839 894 4894 de
922 4839 1024 4895 hac
1051 4854 1215 4896 causa
1259 4841 1527 4896 audiatur.
1559 4840 1627 4896 Et
1653 4849 1716 4896 ut
1750 4841 1854 4897 hoc

265 4929 410 4998 quod
457 4928 690 4986 dicimus
715 4938 770 4987 et
793 4929 1100 5000 iudicamus
1143 4932 1465 4988 auctoritate
1506 4947 1775 5006 canonum
1799 4942 1856 4990 et

265 5013 402 5086 legis
451 5017 666 5086 plenius
705 5018 1122 5087 conﬁrmemus,
1159 5035 1447 5092 precamur
1476 5030 1537 5076 ut
1579 5023 1851 5078 nonnullae

267 5108 552 5163 sententia:
578 5110 647 5164 ad
669 5109 772 5165 hoc
797 5111 1133 5180 pertinentes
1155 5126 1421 5167 canonum
1447 5121 1500 5168 et
1530 5113 1704 5184 legum
1727 5122 1853 5169 ante

264 5209 361 5250 vos
394 5196 575 5268 legere
594 5197 849 5267 jubeatis.
877 5200 944 5256 Et
975 5207 1102 5258 tunc
1140 5200 1352 5273 publice
1379 5216 1563 5257 coram
1604 5203 1854 5280 omnibus

268 5292 510 5347 recitatae
539 5301 668 5348 sunt
694 5294 777 5349 hae
807 5295 1090 5351 sententiae
1118 5311 1389 5352 canonum
1409 5305 1465 5352 et
1490 5297 1688 5366 legum.
1762 5355 1766 5360 _

293 5380 612 5455 Excerptum
640 5402 706 5441 ea:
723 5385 942 5442 decretis
964 5404 1114 5460 papa:
1135 5387 1425 5458 Boni/acii,
1449 5389 1678 5460 capitulo
1704 5389 1803 5446 III
1809 5432 1823 5446 .

336 5473 682 5532 Manifestum
721 5487 806 5535 est
847 5479 1095 5536 conﬁteri
1136 5494 1262 5537 eum
1301 5481 1368 5538 de
1400 5481 1628 5540 crimine
1653 5485 1744 5554 qui
1771 5485 1853 5542 in-

337 5617 364 5685 f
404 5606 525 5685 μὴ.
560 5625 593 5662 ν
624 5611 881 5685 (ἰξψίιιιιη
914 5630 962 5671 c.
991 5614 1090 5682 37;
1119 5615 1213 5674 lib.
1245 5631 1342 5685 vn,
1368 5631 1418 5675 c.
1447 5615 1539 5673 45.

338 5676 366 5715 δ
408 5678 636 5752 perreta
664 5676 830 5752 innoc
863 5676 918 5752 ξι,
950 5702 999 5740 c.
1031 5676 1122 5743 '53.

339 5757 362 5786 α
404 5748 622 5832 Decret.
648 5748 924 5812 leesti'ni
945 5757 985 5822 l,
1015 5774 1065 5814 c.
1095 5757 1182 5813 12.

1954 3252 2150 3321 saepius
2200 3254 2505 3320 recenscri,
2544 3264 2599 3312 et
2645 3268 2824 3314 errata
2877 3264 3184 3335 corrigere,
3225 3269 3405 3326 ablata
3449 3289 3534 3328 re-

1952 3353 2217 3401 staurare.
2247 3345 2357 3402 Nec
2399 3349 2572 3404 otiosa
2614 3366 2744 3422 ergo
2781 3352 3040 3412 Dominus
3067 3355 3232 3426 judex
3263 3371 3450 3419 noster
3478 3366 3536 3423 in

1950 3435 2108 3490 nobis
2146 3451 2267 3491 esse
2295 3438 2500 3508 patitur
2535 3455 2656 3518 qua:
2695 3444 3028 3513 exercenda,
3074 3462 3182 3503 non
3217 3450 3536 3524 negligenda

1954 3524 2172 3580 donavit
2205 3538 2248 3582 ο.
2965 3541 2968 3544 ’

2024 3617 2307 3690 Sequentia
2333 3636 2451 3676 vero
2492 3623 2724 3693 capitula
2757 3626 2826 3680 ad
2854 3629 3088 3684 eamdem
3130 3628 3532 3707 rationem‘per-

1951 3708 2173 3763 tinentia
2218 3726 2250 3763 a
2302 3709 2623 3781 sapientibus
2672 3715 2948 3772 comitibus
2999 3727 3046 3773 et
3091 3722 3319 3779 scabinis
3366 3725 3536 3780 domi-

1953 3801 2083 3856 nicis
2124 3809 2245 3855 sum
2292 3802 2532 3872 prolata;
2559 3815 2610 3860 et
2631 3823 2726 3878 per
2768 3809 3030 3879 judicium
3073 3830 3252 3869 coram
3293 3817 3533 3872 omnibus

1951 3901 2072 3948 sunt
2089 3895 2327 3948 recitata.

2024 4003 2152 4062 Hmc
2172 4005 2404 4078 capitula
2425 4022 2546 4078 qua:
2571 4010 2976 4082 subsequuntur
2996 4016 3062 4072 de
3082 4017 3198 4090 lege
3219 4018 3466 4078 Romana

2519 4090 2647 4150 sunt
2667 4095 2959 4155 assumpta.

2024 4183 2321 4256 Imperator
2378 4185 2777 4247 Valentinianus
2841 4195 2978 4249 inter
3040 4208 3231 4254 cratera
3291 4199 3536 4258 Firmino

1952 4275 2198 4346 praefecto
2226 4279 2472 4348 praetorio
2507 4289 2558 4334 et
2580 4282 2802 4350 patricio
2830 4283 2958 4338 data
2979 4283 3028 4340 δ.
3058 4284 3113 4341 Si
3141 4288 3264 4358 quis
3290 4289 3536 4361 pulsatus

1953 4364 2010 4420 in
2039 4363 2245 4433 judicio
2279 4369 2468 4424 adesse
2507 4371 2768 4439 noluerit,
2811 4383 2935 4444 post
2969 4379 3262 4434 secundam
3302 4389 3397 4439 aut
3425 4391 3536 4440 ter-

1957 4457 2089 4513 tiam
2118 4462 2530 4517 conventionem
2578 4464 2716 4519 sciat
2755 4481 2814 4521 se
2849 4470 3183 4525 contumacis
3207 4472 3530 4529 sententiam

1879 4548 1934 4611 D
1959 4551 2294 4619 subiturum,
2340 4554 2392 4610 id
2423 4563 2508 4611 est
2554 4563 2616 4611 ut
2662 4558 2959 4630 quidquid,
3000 4562 3046 4617 si
3096 4561 3288 4620 fuisset
3313 4565 3366 4621 iu
3390 4567 3537 4638 judi-

1957 4643 2042 4699 cio
2082 4643 2415 4701 addicendus
2439 4656 2577 4714 erat,
2610 4651 2818 4720 petenti
2866 4651 3124 4724 litigatori
3154 4657 3311 4727 quasi
3359 4659 3536 4716 victus

1955 4736 2219 4792 exsolvat.
2242 4739 2379 4794 Data
2402 4755 2498 4795 vn.
2523 4739 2640 4797 Kal.
2665 4741 2790 4798 Maii
2812 4743 3021 4814 Romae,
3050 4745 3356 4807 Herculano
3375 4751 3440 4808 ν.
3469 4750 3533 4808 C.

1955 4842 2105 4884 cons.

2029 4922 2270 4996 Quinque
2295 4927 2526 4998 capitula
2553 4929 2617 4985 de
2631 4933 2832 5002 «eﬂ'ectu
2860 4938 3238 4994 sententiarum
3262 4949 3312 4996 et
3339 4940 3534 5009 ﬁnibus

1955 5013 2127 5069 litium
2159 5014 2323 5072 Pauli
2349 5025 2725 5080 sententiarum
2747 5025 2836 5081 lib.
2879 5041 2911 5082 ν
2937 5040 2982 5085 ε.
3023 5030 3341 5103 Quicunque
3361 5032 3536 5089 tribus

1955 5107 2369 5166 auctoritatibus
2382 5111 2582 5183 judicis
2606 5117 3043 5186 conventus,aut'
3054 5123 3212 5179 trinis
3232 5124 3427 5187 litteris
3449 5127 3534 5182 vel

1956 5197 2132 5254 tribus
2182 5201 2373 5258 edictis
2421 5205 2489 5260 ad
2519 5205 2781 5277 judicium
2839 5211 3007 5270 fuerit
3050 5224 3407 5285 provocatus,
3443 5228 3536 5274 aut

1959 5302 2066 5346 uno
2093 5308 2193 5363 pro
2243 5295 2494 5354 omnibus
2520 5304 2905 5374 peremptorio,
2939 5305 2992 5359 id
3021 5315 3106 5360 est
3133 5305 3278 5376 quod
3311 5321 3534 5366 causam

1957 5385 2270 5455 exstinguit,
2294 5385 2455 5444 fuerit
2473 5402 2752 5461 evocatus,
2775 5405 2830 5451 et
2848 5396 3194 5466 praesentiam
3215 5412 3370 5453 suam
3393 5403 3536 5471 apud

1957 5489 2080 5531 eum
2120 5475 2357 5560 judicem
2399 5495 2430 5534 a
2482 5497 2589 5552 quo
2628 5485 2678 5540 ei
2727 5486 3103 5542 denuntiatum
3153 5497 3240 5546 est
3278 5491 3538 5549 exhibere

2027 5613 2055 5698 ἐ
2094 5603 2494 5698 ξονρῐιεηιιηὶοὲ
2510 5618 2576 5673 de
2601 5620 2766 5698 episc.
2783 5621 2993 5698 judicio
3020 5622 3074 5678 in
3106 5595 3388 5698 interpret.

2032 5697 2056 5726 ⁸
2094 5686 2249 5744 Paul.
2280 5688 2372 5745 lib.
2401 5706 2435 5746 v
2462 5686 2649 5756 Sent,
2670 5692 2750 5744 tit.
2779 5686 2813 5746 Β
2843 5692 2896 5747 in
2929 5693 3126 5768 interp.
