4044 6326
456 247 526 314 8.3
1503 239 1772 294 ALDRICI
1812 231 2339 293 CENOMANENSIS
2377 231 2681 290 EPISCOPI
2734 276 2736 278 ,
3661 239 3742 300 α

457 382 565 424 non
597 365 859 430 voluerit,
905 363 1166 418 adversus
1216 376 1344 418 eum
1368 361 1524 434 quasi
1577 363 1628 416 in
1663 369 2038 416 contumacem
2067 358 2116 422 Α
2145 356 2603 426 comprobandam
2635 352 2826 422 defuit,
2875 363 3056 414 vestra
3089 355 3413 414 auctoritate
3440 367 3743 434 vestroque

451 437 683 534 iudicari
713 464 910 530 potest.
943 454 1198 523 Quinimo
1242 469 1342 511 nec
1373 455 1653 510 retractari
1683 467 1780 522 per
1798 449 2062 522 appella-'
2137 445 2346 520 judicio
2371 449 2684 506 reddantur.
2725 446 2794 503 Et
2825 448 2870 504 si
2907 448 3030 506 talis
3072 447 3301 505 ﬁrmitas
3345 463 3412 506 ex
3441 449 3547 507 hoc
3591 451 3742 511 facta

455 551 664 607 tionem
691 550 905 624 negotia
936 556 1182 620 possunt,
1205 547 1418 622 quoties
1448 547 1502 604 in
1529 554 1902 608 contumacem
1925 544 2042 603 l‘ue—
2141 549 2211 618 sit
2239 563 2356 618 quae
2378 547 2432 602 in
2463 555 2742 617 posterum
2773 553 3051 616 appareat,
3077 560 3353 616 nunquam
3390 545 3648 618 deinceps
3667 549 3742 604 de

455 643 533 699 rit
554 642 876 713 judicatum.
1861 709 1867 713 ι
2139 641 2244 698 hoc
2269 641 2524 712 praedicta
2547 641 2776 698 ecclesia
2799 641 2900 698 sibi
2924 639 3211 697 commissa
3233 639 3450 710 aliquod
3473 641 3739 697 damnum

457 752 593 810 Item
618 754 941 810 Theodosius
967 735 1102 810 libro
1121 753 1402 826 quarto'de
1426 752 1695 808 sententiis
1719 768 1784 808 ex
1808 750 2040 824 periculo
2143 741 2236 806 .31"
2259 734 2575 790 scandalum
2607 742 2702 790 ³1η
2725 734 2889 790 “nam
2917 734 3286 790 causationem
3315 735 3574 808 Ρίίιίθιυτο
3600 735 3669 789 E‘
3688 734 3738 790 εί

638 857 644 864 ~
1106 825 1399 880 recitatum.
2142 827 2358 897 aliquis,
2383 828 2525 899 quod
2553 845 2658 885 non
2680 828 2977 896 credimus,
2993 845 3059 885 ex
3087 828 3191 886 hoc
3212 827 3468 898 deinceps
3493 827 3740 897 aliquam

531 943 882 1004 .mperacores
901 932 1206 1001 Gratianus,
1230 931 1628 989 Valentinianus
1650 942 1697 989 ει
1721 931 2046 990 Theodosia.
2137 919 2500 991 pulsationem
2541 930 2636 977 aut
2680 921 3052 977 causationem
3087 920 3138 975 ei
3171 918 3350 976 facere
3379 918 3614 974 voluerit
3643 927 3739 972 aut

459 1026 619 1081 ΑΑΑ.
651 1026 906 1082 Clem-eho
934 1027 1200 1098 prmfecto.
1241 1024 1514 1096 Quidquid
1545 1024 1901 1098 praesentibus
1920 1040 2045 1096 par-

2152 1013 2260 1068 suis
2287 1013 2716 1080 successoribus,
2743 1012 3055 1069 evindicare
3092 1026 3198 1068 non
3247 1010 3459 1076 valeat,
3488 1024 3590 1064 nec
3619 1007 3742 1077 ejus

459 1120 606 1176 tibus
639 1121 694 1176 in
740 1122 920 1176 causis
951 1120 1113 1174 fuerit
1151 1119 1486 1186 ordinatum,
1525 1117 1744 1175 habebit
1791 1117 2041 1190 plenissi-

2152 1120 2247 1162 vox
2272 1104 2489 1174 penitus
2531 1104 2784 1159 audiatur
2811 1103 2902 1174 qui
2933 1104 3036 1158 hoc
3065 1101 3248 1158 facere
3287 1100 3602 1165 tentaverit,
3641 1100 3739 1155 sed

460 1229 606 1268 mam
637 1214 978 1278 ﬁrmitatem,
1011 1227 1112 1268 nec
1154 1213 1355 1283 poterit
1408 1212 1705 1268 immutari.
1753 1189 1885 1268 Data
1920 1205 2040 1266 Kal.

2152 1193 2250 1249 hoc
2277 1191 2544 1262 judicium
2581 1193 2726 1263 quod
2749 1192 2911 1248 modo
2953 1192 3150 1262 agitur,
3179 1200 3358 1246 ratum
3379 1189 3578 1245 futuris
3623 1205 3742 1245 ma-

459 1307 654 1378 April.,
685 1307 924 1364 Honorio
949 1305 1064 1362 Vlll
1091 1315 1150 1362 et
1171 1306 1360 1362 Boetio
1380 1321 1560 1364 conss.

461 1440 711 1513 Sequitur
741 1440 994 1496 sententia
1015 1439 1107 1513 _de
1139 1441 1326 1513 eadem
1365 1439 1474 1513 lege
1506 1439 1765 1504 Romana,
1815 1439 1878 1495 de
1912 1439 2043 1496 libro

1007 1509 1168 1565 Pauli
1198 1509 1490 1583 assumpto.
2048 1512 2057 1522 ’

529 1620 587 1675 Si
625 1621 771 1676 enim
795 1620 1068 1692 iudicibus
1102 1621 1229 1675 talia
1258 1621 1652 1688 conceduntur,
1683 1629 1887 1692 quanto
1921 1637 2041 1677 ma-

457 1710 538 1782 gis
560 1711 778 1782 regibus
808 1720 865 1766 et
905 1711 1328 1779 imperatoribus
1355 1711 1507 1766 frena
1537 1721 1591 1766 et
1637 1711 1752 1767 lora
1779 1712 2042 1783 ampliora
2071 1707 2144 1782 Β

457 1813 514 1859 et
536 1804 730 1860 latiora
757 1804 1091 1872 relaxantur,
1119 1806 1376 1876 quoniam
1399 1804 1468 1859 de
1487 1805 1713 1861 crimine
1738 1806 2041 1874 majestatis

460 1898 680 1969 gravius
704 1898 1020 1968 judicantur
1049 1897 1127 1952 rei
1158 1906 1214 1952 et
1262 1897 1593 1953 iucriminati
1619 1911 1783 1968 quam
1821 1885 2044 1953 alterius

458 1989 691 2060 alicujus
719 1991 933 2062 generis
955 1990 1232 2046 saecularis
1263 2008 1278 2044 :
1306 1991 1431 2061 quia
1464 1992 1636 2046 honor
1661 1989 1856 2060 capitis
1878 1990 2044 2046 decus

459 2094 549 2142 eat
573 2085 801 2140 aliorum
828 2085 1220 2149 membrorum,
1251 2092 1306 2139 et
1335 2084 1568 2140 dedecus
1597 2084 1790 2156 capitis
1815 2083 2045 2155 ignomi-

456 2175 547 2232 nia
601 2184 690 2231 est
736 2175 965 2231 aliorum
1025 2179 1414 2232 membrorum.
1467 2175 1640 2232 Porro
1686 2175 1813 2247 quia
1862 2176 2045 2232 omnia

459 2267 705 2323 membra
731 2275 1033 2337 sequuntur
1073 2277 1267 2340 caput,
1310 2268 1519 2325 scilicet
1565 2269 1715 2324 ut‘in
1765 2283 2046 2341 compara-

459 2360 608 2416 tione
630 2363 1091 2432 praedecessorum
1121 2371 1456 2430 nostrorum,
1484 2379 1637 2420 more
1662 2363 1910 2420 videlicet
1943 2377 2045 2419 an-

463 2451 757 2522 tiquorum,
783 2455 1092 2524 loquamur,
1124 2456 1263 2510 sicut
1289 2457 1358 2511 ab
1389 2454 1494 2511 illis
1524 2471 1629 2511 non
1658 2453 1823 2510 semel
1847 2466 1938 2510 aut
1961 2453 2046 2510 bis

460 2543 546 2604 vel
579 2551 662 2599 ter
705 2547 801 2600 sed
849 2561 1094 2616 persaepe
1125 2547 1399 2602 ﬁrmatum
1429 2555 1484 2602 et
1518 2539 1798 2604 deﬁnitum
1829 2562 1946 2603 esse
1975 2546 2049 2604 le-

461 2637 658 2706 gimus,
693 2637 1050 2693 dehonoratio
1077 2647 1136 2694 et
1180 2640 1455 2710 despectio
1491 2641 1765 2696 seniorum
1797 2647 1850 2694 et
1877 2640 2047 2712 magi-

464 2737 702 2781 strorum
732 2736 788 2782 et
813 2730 1152 2784 contumacia
1181 2745 1368 2785 eorum
1393 2731 1716 2787 contumelia
1745 2739 1830 2786 est
1858 2731 2045 2787 subdi—

463 2828 642 2872 torum
681 2827 735 2874 et
778 2818 1094 2888 juniorum,
1149 2830 1206 2877 et
1250 2822 1427 2878 honor
1473 2833 1528 2878 et
1579 2823 1838 2881 exaltatio
1885 2833 2047 2894 atque

461 2901 836 2965 benevolentia
867 2921 922 2966 et
949 2912 1249 2970 obedienda
1277 2915 1550 2972 seniorum
1585 2925 1642 2972 et
1666 2917 2046 2988 magistrorum

465 3001 640 3056 honor
663 3009 718 3056 et
747 3003 1006 3060 exaltatio
1037 3015 1121 3059 est
1149 3007 1486 3063 subditorum
1520 3019 1576 3064 et
1595 3008 1896 3077 juniorum,
1920 3009 2048 3080 quia

2145 1295 2275 1344 neat
2293 1288 2648 1358 temporibus,
2678 1294 2733 1342 et
2775 1296 2957 1344 vestra
2987 1287 3214 1344 redditio
3255 1286 3423 1342 ﬁrma.
3441 1295 3496 1341 et
3525 1285 3740 1341 stabilis

2144 1387 2482 1452 permaneat.
2511 1378 2609 1434 His
2631 1377 2812 1434 taliter
2830 1378 3084 1449 peractis,
3113 1377 3217 1432 hoc
3246 1375 3548 1430 divisimus.
3584 1375 3740 1429 Tunc

2146 1471 2379 1526 doumus
2413 1470 2711 1542 imperator
2737 1483 2918 1525 coram
2951 1468 3056 1522 illis
3085 1466 3318 1522 reddidit
3341 1464 3562 1522 Aldrico
3593 1478 3738 1535 pra:-

2145 1562 2256 1620 ﬁxo
2286 1561 2540 1632 episcopo
2569 1576 2666 1632 per
2705 1575 2895 1616 eorum
2919 1558 3182 1631 judicium
3213 1557 3370 1628 plena
3409 1556 3737 1613 auctoritate

2145 1653 2535 1710 monasterium
2566 1651 2835 1720 Anisolaz,
2875 1651 2930 1708 in
2984 1667 3093 1722 quo
3133 1651 3362 1707 domnus
3415 1648 3738 1720 Carilephus

2147 1762 2373 1818 corpore
2425 1745 2720 1816 requiescit
2775 1745 2842 1800 ad
2881 1739 2973 1814 jus
3001 1743 3378 1801 Cenomanicae
3415 1742 3609 1798 matris
3645 1756 3738 1798 eo-

2147 1839 2345 1904 clesiae,
2373 1839 2459 1894 cui
2485 1837 2742 1910 praefatus
2767 1838 3052 1908 episcopus
3078 1847 3326 1908 praeerat,
3361 1834 3554 1892 futuris
3591 1843 3736 1889 tem-

2145 1931 2367 2003 poribus
2387 1930 2794 2002 possideudum,
2814 1937 2890 1986 .ct
2919 1930 3114 1986 missos
3144 1929 3194 1984 ei
3236 1928 3384 1984 dedit
3411 1928 3502 1999 qui
3533 1927 3583 1982 ei
3608 1923 3740 1990 inde

2145 2021 2362 2094 plenam
2388 2021 2706 2077 vestituram
2739 2019 3002 2087 facerent,
3029 2019 3345 2085 Fulconem,
3370 2018 3602 2084 scilicet,
3637 2031 3736 2074 co-

2147 2115 2358 2172 mittem
2394 2111 2600 2184 palatii,
2629 2120 2684 2168 et
2709 2111 3010 2167 Arduinum
3053 2121 3108 2167 et
3133 2110 3452 2167 Gaul‘ridum
3483 2109 3738 2177 comites,

2147 2217 2202 2262 et
2227 2205 2548 2268 Folcradum
2572 2220 2790 2261 vassum
2821 2204 3185 2268 dominicum,
3215 2203 3310 2274 qui
3343 2211 3562 2273 postea,
3594 2201 3742 2258 sicut

2149 2301 2377 2356 domnus
2407 2299 2702 2368 imperator
2739 2296 2820 2352 eis
2839 2294 3022 2366 jussit,
3063 2295 3278 2368 plenam
3305 2303 3358 2350 et
3383 2293 3614 2366 legalem
3639 2307 3739 2349 ve~

2148 2394 2395 2450 stituram
2419 2407 2519 2463 per
2566 2390 2780 2447 cloccas
2813 2397 2870 2445 et
2912 2389 3054 2446 ostia
3084 2388 3312 2445 senioris
3347 2387 3517 2458 ipsius
3545 2400 3742 2448 monac

2148 2486 2301 2544 sterii
2349 2484 2623 2551 ecclesiae,
2676 2483 2731 2538 in
2769 2497 2874 2552 qua
2924 2481 3088 2536 etiam
3141 2488 3361 2547 sanctus
3417 2476 3742 2547 Carilephus

2149 2576 2504 2648 corporaliter
2532 2573 2848 2645 requiescit,
2881 2580 2935 2628 et
2976 2586 3074 2644 per
3114 2579 3300 2642 portas
3349 2568 3521 2640 ipsius
3553 2579 3744 2622 mona-

2149 2667 2300 2724 sterii
2320 2667 2434 2737 jam
2466 2666 2610 2722 dicto
2634 2663 2854 2720 Aldrico
2887 2663 3138 2734 episcopo
3163 2659 3348 2716 multis
3371 2673 3554 2738 coram
3585 2656 3744 2712 testi-

2148 2760 2250 2816 bus
2281 2761 2333 2815 in
2357 2759 2476 2830 ipso
2495 2757 2830 2814 monasterio
2857 2755 3168 2812 solemniter
3191 2753 3452 2810 fecerunt.
3494 2751 3610 2808 Hoc
3636 2765 3741 2805 au-

2151 2861 2259 2908 tem
2293 2850 2497 2908 factum
2531 2859 2616 2905 est
2659 2863 2800 2904 anno
2852 2845 3240 2902 incarnationis
3285 2843 3577 2899 Dominica:
3605 2840 3742 2910 858,

2150 2943 2446 3000 indictione
2482 2959 2542 3008 ιι,
2593 2950 2650 2998 et
2687 2956 2827 2996 anno
2863 2939 3074 3010 imperii
3101 2937 3312 3010 praefati
3341 2937 3522 2993 domui
3551 2935 3740 2994 Ludo-

2152 3036 2256 3093 vici
2281 3034 2508 3106 piissimi
2547 3032 2891 3104 imperatoris
2911 3046 3040 3098 xxv,
3063 3045 3206 3086 anno
3233 3044 3361 3085 vero
3379 3026 3744 3086 ordinationis

463 3091 617 3199 etilli
647 3093 716 3149 ab
741 3093 859 3199 istis
885 3106 940 3150 et
967 3095 1056 3150 isti
1087 3099 1160 3199 ab
1191 3098 1297 3199 illis
1323 3108 1510 3199 mut-uo
1540 3100 1800 3199 fovemur
1822 3111 1878 3157 et
1901 3103 2051 3157 exal—
2075 3087 2122 3152 Ο
2153 3087 2923 3199 Episcopi
2968 3087 3142 3179 εεξω,
3173 3119 3354 3178 pridie
3384 3133 3600 3190 quoque
3625 3117 3740 3174 Κει-

467 3191 672 3250 tantur,
717 3193 772 3240 et
805 3185 982 3241 honor
1011 3187 1163 3258 regni
1205 3197 1258 3245 et
1286 3189 1610 3260 populorum
1641 3191 1962 3262 ampliatur,
1995 3202 2052 3249 et

467 3273 548 3330 vis
591 3283 755 3346 atque
779 3276 990 3347 justitia
1019 3293 1208 3334 eorum
1246 3282 1440 3337 crescit
1473 3291 1530 3338 et
1556 3283 1785 3353 populus
1811 3283 2053 3340 salvatur

465 3373 521 3420 et
543 3368 834 3424 exaltatur.
863 3368 921 3425 Si
947 3371 1070 3440 quis
1097 3379 1278 3428 autem
1306 3382 1495 3429 contra
1527 3375 1643 3429 haec
1671 3374 1809 3430 inire
1832 3384 1926 3430 aut
1954 3375 2056 3430 ali-

467 3471 574 3528 qua
607 3461 1010 3517 machinatione
1036 3461 1241 3532 aliquid
1271 3477 1430 3534 agerc
1449 3467 1876 3536 praesumpserit,
1903 3465 2054 3522 dam-

465 3561 626 3608 natus
655 3552 709 3606 in
731 3553 983 3608 omnibus
1011 3562 1067 3608 et
1087 3554 1156 3610 ab
1177 3555 1428 3611 omnibus
1451 3555 1680 3612 interius
1704 3557 2054 3629 exteriusque

466 3643 732 3698 sententia
760 3643 982 3700 ultionis
1005 3642 1252 3712 feriatur,
1282 3660 1350 3700 ne
1375 3646 1430 3700 in
1457 3655 1734 3718 posterum
1767 3649 2054 3719 quisquam

464 3732 592 3788 talia
618 3745 780 3805 agere
812 3746 1142 3808 praesumat,
1190 3747 1245 3792 et
1285 3737 1334 3793 si
1362 3741 1485 3810 quis
1515 3738 1696 3796 facere
1733 3743 2054 3811 teutaverit,

465 3821 714 3880 similiter
757 3826 1079 3896 damnetur,
1110 3837 1166 3884 et
1211 3827 1437 3885 ultionis
1471 3832 1796 3888 sententiam
1831 3848 1938 3888 non
1968 3833 2054 3890 ef-

465 3913 656 3986 fugiat.

493 4047 496 4050 ’
552 4049 687 4107 Item
722 4054 863 4112 unde
912 4059 1219 4184 supra,dsi:‘
1241 4060 1378 4184 qluist
1401 4062 1470 4118 ad
1514 4063 1768 4134 placitum
1813 4065 1985 4121 venire

1227 4148 1256 4184 ιι
1281 4149 1354 4184 en
1384 4173 1399 4184 .

1156 4144 1399 4188 tstutent.

541 4232 598 4290 Si
627 4234 751 4306 quis
791 4237 1236 4312 subterfugiendo
1269 4243 1528 4314 placitum
1565 4247 1668 4304 huc
1691 4247 1925 4321 illucque
1955 4265 2054 4306 va-

468 4323 568 4394 dit,
598 4335 656 4384 et
683 4331 751 4386 ad
792 4331 1051 4403 placitum
1083 4336 1270 4393 venire
1309 4338 1598 4406 distulerit,
1635 4350 1691 4397 et
1728 4342 1968 4399 maxime
2008 4342 2055 4400 si

2152 3221 2436 3278 lendarum
2481 3219 2746 3274 Maiarum
2799 3215 3128 3288 Aquisgrani
3177 3213 3380 3285 palatio
3419 3211 3743 3284 praedictum

2147 3312 2410 3383 judicium
2439 3318 2524 3366 est
2551 3319 2751 3376 actum,
2779 3317 2838 3364 et
2879 3308 2933 3362 in
2961 3307 3076 3380 ipsa
3101 3306 3189 3364 die
3213 3307 3329 3378 ipsa
3372 3305 3514 3361 ratio
3541 3319 3572 3358 a
3596 3318 3742 3373 prae-

2154 3405 2265 3462 ﬁxo
2299 3405 2629 3475 imperatore
2663 3401 2872 3472 legibus
2915 3408 3000 3456 est
3041 3397 3332 3471 adimpleta
3365 3406 3421 3454 et
3457 3394 3620 3466 plena
3647 3408 3742 3449 ra-

2152 3500 2299 3556 tione
2334 3505 2578 3568 peracta.
2602 3495 2905 3564 Propterea
2961 3507 3094 3564 ergo
3123 3492 3228 3548 hoc
3255 3488 3574 3547 memoriale
3610 3501 3743 3543 cou-

2153 3591 2395 3648 scribere
2424 3589 2584 3646 libuit
2608 3596 2669 3644 ut
2694 3587 2740 3644 si
2764 3587 2948 3658 aliqua
2971 3584 3254 3640 altercatio
3273 3582 3527 3652 deinceps
3547 3585 3742 3636 exorta

2153 3685 2320 3742 fuerit
2364 3682 2602 3755 qualiter
2627 3682 2747 3738 haec
2771 3695 2861 3738 res
2886 3687 3008 3736 acta
3037 3679 3110 3735 sit
3129 3719 3146 3742 ,
3169 3693 3272 3749 per
3296 3677 3402 3733 hoc
3422 3673 3744 3731 memoriale

2155 3781 2486 3838 declaratum
2516 3785 2813 3849 appareat:
2845 3783 2904 3831 ut
2953 3775 2998 3832 si
3035 3774 3233 3844 aliquis
3270 3788 3336 3830 ex
3373 3772 3478 3827 hoc
3503 3769 3745 3841 aliquant

2155 3873 2432 3947 querelam
2472 3872 2654 3930 facere
2683 3869 3005 3937 tentaverit,
3031 3866 3341 3926 evindicare
3381 3863 3607 3922 minime
3641 3877 3744 3917 va.-

2155 3965 2284 4023 leat.
2310 3964 2508 4020 Actum
2554 3972 2718 4034 atque
2749 3962 3118 4032 conscriptum
3152 3966 3238 4015 est
3282 3958 3388 4013 hoc
3426 3951 3750 4012 memorialo

2153 4058 2477 4133 Aquisgrani
2505 4056 2709 4130 palatio
2733 4055 2856 4111 Kal.
2885 4053 3008 4110 Maii
3040 4053 3095 4109 in
3137 4051 3379 4110 sacrario
3401 4059 3606 4106 sancta
3631 4047 3748 4103 Μελ

2099 4153 2102 4156 ’
2155 4153 2271 4222 rite,
2301 4159 2560 4224 regnante
2587 4150 2816 4207 Domino
2846 4157 3034 4204 nostro
3065 4146 3192 4203 Jesu
3219 4144 3440 4202 Christo
3469 4143 3524 4198 in
3553 4154 3751 4214 perpo-

2155 4254 2330 4301 tuum.
2354 4243 2450 4300 Hae
2481 4257 2612 4298 vero
2639 4241 2842 4298 chartae
2869 4248 2927 4296 et
2965 4241 3086 4295 haec
3115 4244 3387 4310 praecepta
3413 4231 3628 4306 publice
3657 4245 3754 4292 res

2156 4337 2296 4394 lceta
2325 4344 2381 4393 et
2405 4334 2632 4392 recitata
2673 4343 2801 4390 sunt
2823 4341 2952 4388 ante
2975 4331 3232 4388 domuum
3273 4327 3659 4397 imperatorem
3687 4325 3750 4380 et

466 4427 691 4486 vocatus
725 4435 760 4475 a
792 4397 1068 4490 judicibus
1091 4424 1274 4495 fuerit,
1309 4397 1635 4487 omnimodis
1658 4397 2051 4504 providendum

2158 4427 2463 4499 Drogonem
2501 4397 2618 4494 ejus
2671 4423 2898 4480 fratrem
2947 4434 3004 4478 et
3050 4417 3573 4490 archicapollanum,
3625 4413 3746 4470 sive

465 4516 550 4564 est
574 4525 642 4566 ne
667 4525 919 4582 quaerens
962 4531 1116 4580 suam
1149 4516 1421 4589 justitiam
1469 4537 1571 4594 pro
1621 4524 1714 4580 tali
1763 4525 2054 4583 occasione
2083 4505 2124 4514 ⁷
2155 4521 2320 4578 etiam
2353 4527 2480 4576 ante
2521 4533 2650 4574 suos
2681 4517 2880 4572 missos
2913 4528 3054 4586 quos
3085 4513 3318 4570 domnus
3345 4507 3644 4581 imperator
3674 4505 3750 4562 ad

465 4604 678 4674 perdat,
708 4607 803 4663 sed
825 4611 982 4682 quasi
1007 4613 1290 4670 convictus
1325 4615 1414 4672 ille
1442 4617 1532 4687 qui
1565 4617 1632 4673 ad
1655 4618 1913 4688 placitum
1960 4635 2054 4676 ve.
2156 4614 2300 4670 hanc
2321 4625 2538 4669 causam
2568 4605 2896 4665 audiendam
2919 4614 2976 4662 et
3003 4603 3418 4662 discernendam
3441 4597 3750 4688 constituit,

464 4695 582 4751 nire
620 4696 922 4768 distulerit,
951 4701 1084 4760 Item
1120 4703 1406 4776 culpabilis
1449 4686 1504 4764 et
1530 4686 1815 4766 convictus
1852 4711 1922 4767 de
1955 4727 2053 4768 sua
2157 4721 2254 4763 seu
2293 4711 2418 4760 ante
2461 4697 3173 4771 conscriptosepisoospos,
3203 4693 3430 4751 comites
3475 4697 3532 4746 et
3579 4686 3754 4743 mini-

463 4789 708 4844 absentia
745 4791 1055 4863 iudicetur,
1101 4805 1157 4851 et
1200 4797 1457 4870 deinceps
1502 4800 1608 4857 hoc
1640 4817 1902 4874 recupare
1940 4818 2050 4860 non

463 4879 662 4949 valeat,
695 4883 792 4940 sed
819 4886 990 4958 magis
1015 4888 1249 4946 metallis
1283 4899 1340 4947 et
1365 4889 1486 4948 aliis
1532 4893 1713 4964 pinnis
1740 4894 2049 4965 deputetur,

465 4987 535 5028 ne
560 4975 793 5050 amplius
821 4979 1110 5052 quisquam
1141 4982 1273 5040 talia
1301 4999 1463 5055 agere
1498 4993 1824 5057 praesumat,
1863 4993 1919 5042 et
1963 4986 2055 5045 ille

466 5067 532 5122 de
553 5084 652 5124 sua
671 5072 906 5128 versutia
925 5081 979 5129 et
994 5075 1240 5132 absentia
1264 5077 1457 5134 vicisse
1469 5094 1578 5134 non
1601 5077 1857 5144 lucretur,
1878 5095 2056 5152 neque

463 5157 857 5234 subterfugisse
880 5165 1134 5236 gaudeat,
1161 5181 1338 5239 neque
1362 5185 1515 5226 suam
1538 5169 1810 5240 justitiam
1839 5172 2050 5244 perdat.

465 5252 600 5310 Data
628 5272 704 5311 rx.
733 5257 853 5314 Kal.
877 5259 1018 5316 Maii.

535 5346 633 5404 His
653 5357 709 5405 et
752 5351 876 5408 aliis
915 5352 1329 5416 auctoritauous
1377 5365 1691 5413 sanctorum
1724 5356 1948 5415 Patrum
1996 5374 2053 5420 et

463 5451 732 5496 canonum
760 5450 922 5514 atque
945 5443 1124 5514 legum
1147 5445 1542 5506 rationabiliter
1570 5449 1819 5506 instructi
1843 5449 2052 5520 judica-

463 5530 641 5587 vimus
683 5542 742 5588 et
761 5534 960 5600 iterum
1013 5535 1320 5608 judicamus
1368 5548 1428 5595 ut
1488 5539 1706 5597 Aldrico
1761 5545 2053 5615 saepedicto

462 5621 716 5695 episcopo
745 5621 861 5694 jam
888 5627 1046 5685 dicta:
1077 5643 1184 5712 res,
1213 5629 1305 5702 qui
1343 5643 1556 5703 semper
1581 5631 1816 5701 plcniter
1846 5634 2052 5692 instru-

462 5719 581 5776 ctus
601 5731 843 5790 praesens
875 5717 1068 5790 adfuit,
1099 5731 1156 5780 et
1196 5739 1477 5797 nunquam
1502 5724 1570 5782 ad
1602 5739 1756 5782 suam
1776 5724 2050 5797 justitiam
2081 5744 2108 5812 ξ

2156 4800 2376 4856 nistros'
2407 4808 2472 4851 ac
2517 4791 2763 4864 judiees,
2815 4789 3031 4862 quando
3068 4788 3173 4844 hoc
3196 4783 3462 4858 judicium
3511 4782 3565 4836 in
3611 4791 3757 4850 prae-

2164 4891 2366 4963 scripto
2393 4886 2596 4960 palatio
2627 4883 2934 4954 judicatum
2955 4888 3072 4947 est,
3121 4890 3177 4935 et
3219 4876 3437 4950 quando
3461 4871 3750 4946 praefatum

2164 4982 2554 5042 monasterium
2576 4979 2642 5034 ad
2666 4978 2757 5049 jus
2776 4974 3013 5048 pratum
3035 4970 3413 5030 Cenomanicae
3433 4965 3624 5023 matris
3648 4963 3757 5020 Ec-

2165 5077 2346 5134 clesiae
2367 5081 2453 5130 est
2486 5070 2698 5143 legibus
2735 5065 3004 5123 redditum
3047 5072 3104 5121 et
3145 5060 3459 5134 supradicto
3486 5062 3756 5130 praetextu

2162 5170 2558 5243 evindicajum;
2585 5164 2639 5221 id
2670 5171 2753 5220 est
2783 5180 2796 5218 :

2234 5263 2274 5318 Ι.
2321 5241 2565 5314 Traditio
2593 5255 2766 5313 sancti
2785 5251 3057 5324 Carilephi
3085 5263 3249 5322 quam
3290 5242 3420 5302 fecit
3449 5251 3640 5300 sancto
3659 5241 3749 5296 ln-

2162 5354 2380 5414 noeenti
2412 5353 2664 5425 episcOpo
2683 5364 2780 5422 per
2807 5349 3082 5406 licentiam
3103 5354 3160 5404 et
3187 5355 3513 5402 consensum
3536 5338 3753 5398 Cliilde-

2162 5447 2302 5504 berti
2330 5445 2494 5517 regis.

2234 5541 2298 5596 ll.
2340 5539 2540 5596 Charta
2562 5534 3052 5595 commendationis
3072 5529 3306 5605 qualiter
3323 5545 3384 5587 se
3403 5531 3634 5586 domnus
3654 5527 3754 5584 Ca-

2165 5635 2406 5707 rilephus
2425 5649 2525 5708 per
2548 5613 2822 5688 licentiam
2845 5631 2924 5686 sui
2948 5627 3180 5695 abbatis,
3209 5626 3532 5682 exhortante
3553 5624 3757 5679 domno

2166 5728 2349 5799 Avito,
2378 5741 2488 5786 uua
2516 5740 2643 5785 cum
2669 5723 2785 5785 suis
2819 5717 3177 5808 .monachulis
3224 5718 3465 5780 subdidit
3508 5713 3758 5777 ecclesiae
