  <div class='ocr_page' id='page_1' title='image "/cluster/home/n/w/nwhite01/storage/ocr_20150623/115/hvd.32044015466873/046.png"; bbox 0 0 4044 6326; ppageno 0'>
   <div class='ocr_carea' id='block_1_1' title="bbox 241 301 330 363">
    <p class='ocr_par' dir='ltr' id='par_1_1' title="bbox 241 301 330 363">
     <span class='ocr_line' id='line_1_1' title="bbox 241 301 330 363; baseline -0.022 0"><span class='ocrx_word' id='word_1_1' title='bbox 241 301 330 363; x_wconf 81' lang='lat'><strong>85</strong></span> 
     </span>
    </p>
   </div>
   <div class='ocr_carea' id='block_1_2' title="bbox 1810 309 3529 393">
    <p class='ocr_par' dir='ltr' id='par_1_2' title="bbox 1810 309 3529 393">
     <span class='ocr_line' id='line_1_2' title="bbox 1810 309 3529 393; baseline 0.016 -27"><span class='ocrx_word' id='word_1_2' title='bbox 1810 309 1988 369; x_wconf 84' lang='lat' dir='ltr'><strong>VITA.</strong></span> <span class='ocrx_word' id='word_1_3' title='bbox 2265 381 2270 386; x_wconf 24' lang='grc' dir='ltr'><em>ρ</em></span> <span class='ocrx_word' id='word_1_4' title='bbox 3463 336 3529 393; x_wconf 82' lang='grc'><strong>86</strong></span> 
     </span>
    </p>
   </div>
   <div class='ocr_carea' id='block_1_3' title="bbox 247 415 3529 516">
    <p class='ocr_par' dir='ltr' id='par_1_3' title="bbox 247 415 3529 516">
     <span class='ocr_line' id='line_1_3' title="bbox 247 415 3529 516; baseline 0.006 -44"><span class='ocrx_word' id='word_1_5' title='bbox 247 416 522 484; x_wconf 75' lang='lat' dir='ltr'><strong>civitatis,</strong></span> <span class='ocrx_word' id='word_1_6' title='bbox 547 423 605 472; x_wconf 89' lang='lat' dir='ltr'><strong>et</strong></span> <span class='ocrx_word' id='word_1_7' title='bbox 636 415 688 471; x_wconf 93' lang='lat' dir='ltr'><strong>in</strong></span> <span class='ocrx_word' id='word_1_8' title='bbox 710 431 902 473; x_wconf 87' lang='lat' dir='ltr'><strong>manus</strong></span> <span class='ocrx_word' id='word_1_9' title='bbox 929 416 1101 474; x_wconf 79' lang='lat' dir='ltr'><strong>sancti</strong></span> <span class='ocrx_word' id='word_1_10' title='bbox 1125 418 1431 476; x_wconf 88' lang='lat' dir='ltr'><strong>Innocentis</strong></span> <span class='ocrx_word' id='word_1_11' title='bbox 1455 421 1690 492; x_wconf 88' lang='lat' dir='ltr'><strong>episcopi</strong></span> <span class='ocrx_word' id='word_1_12' title='bbox 1713 421 1845 477; x_wconf 83' lang='lat' dir='ltr'><strong>dua-</strong></span> <span class='ocrx_word' id='word_1_13' title='bbox 1871 428 1922 485; x_wconf 77' lang='grc' dir='ltr'><strong>Α</strong></span> <span class='ocrx_word' id='word_1_14' title='bbox 1949 429 2240 497; x_wconf 66' lang='grc' dir='ltr'><strong>ρι’τεάίοως</strong></span> <span class='ocrx_word' id='word_1_15' title='bbox 2272 445 2365 487; x_wconf 81' lang='lat' dir='ltr'><strong>rex</strong></span> <span class='ocrx_word' id='word_1_16' title='bbox 2392 430 2719 491; x_wconf 83' lang='lat' dir='ltr'><strong>Gauzioleno</strong></span> <span class='ocrx_word' id='word_1_17' title='bbox 2748 446 3045 495; x_wconf 89' lang='lat' dir='ltr'><strong>memorato</strong></span> <span class='ocrx_word' id='word_1_18' title='bbox 3087 443 3338 516; x_wconf 83' lang='lat' dir='ltr'><strong>episcopo</strong></span> <span class='ocrx_word' id='word_1_19' title='bbox 3363 455 3414 504; x_wconf 75' lang='grc' dir='ltr'><strong>οι</strong></span> <span class='ocrx_word' id='word_1_20' title='bbox 3441 450 3529 505; x_wconf 69' lang='lat' dir='ltr'><strong>vi-</strong></span> 
     </span>
    </p>
   </div>
   <div class='ocr_carea' id='block_1_4' title="bbox 245 509 959 569">
    <p class='ocr_par' dir='ltr' id='par_1_4' title="bbox 245 509 959 569">
     <span class='ocr_line' id='line_1_4' title="bbox 245 509 959 569; baseline -0.003 0"><span class='ocrx_word' id='word_1_21' title='bbox 245 511 362 569; x_wconf 87' lang='lat' dir='ltr'><strong>bus</strong></span> <span class='ocrx_word' id='word_1_22' title='bbox 389 509 603 568; x_wconf 79' lang='lat' dir='ltr'><strong>vicibus</strong></span> <span class='ocrx_word' id='word_1_23' title='bbox 631 527 688 568; x_wconf 91' lang='lat' dir='ltr'><strong>se</strong></span> <span class='ocrx_word' id='word_1_24' title='bbox 720 511 959 568; x_wconf 81' lang='lat' dir='ltr'><strong>tradidit.</strong></span> 
     </span>
    </p>
   </div>
   <div class='ocr_carea' id='block_1_5' title="bbox 329 603 1849 684">
    <p class='ocr_par' dir='ltr' id='par_1_5' title="bbox 329 603 1849 684">
     <span class='ocr_line' id='line_1_5' title="bbox 329 603 1849 684; baseline 0.005 -24"><span class='ocrx_word' id='word_1_25' title='bbox 329 604 417 660; x_wconf 78' lang='lat' dir='ltr'><strong>III.</strong></span> <span class='ocrx_word' id='word_1_26' title='bbox 460 603 712 660; x_wconf 86' lang='lat' dir='ltr'><strong>Precaria</strong></span> <span class='ocrx_word' id='word_1_27' title='bbox 753 621 914 677; x_wconf 89' lang='lat' dir='ltr'><strong>quam</strong></span> <span class='ocrx_word' id='word_1_28' title='bbox 960 615 1183 665; x_wconf 88' lang='lat' dir='ltr'><strong>sanctus</strong></span> <span class='ocrx_word' id='word_1_29' title='bbox 1211 607 1530 683; x_wconf 90' lang='lat' dir='ltr'><strong>Carilephus</strong></span> <span class='ocrx_word' id='word_1_30' title='bbox 1577 611 1785 684; x_wconf 88' lang='lat' dir='ltr'><strong>accepit</strong></span> <span class='ocrx_word' id='word_1_31' title='bbox 1816 626 1849 667; x_wconf 88' lang='lat' dir='ltr'><strong>a</strong></span> 
     </span>
    </p>
   </div>
   <div class='ocr_carea' id='block_1_6' title="bbox 247 698 1187 762">
    <p class='ocr_par' dir='ltr' id='par_1_6' title="bbox 247 698 1187 762">
     <span class='ocr_line' id='line_1_6' title="bbox 247 698 1187 762; baseline 0.004 -7"><span class='ocrx_word' id='word_1_32' title='bbox 247 708 452 756; x_wconf 88' lang='lat' dir='ltr'><strong>sancto</strong></span> <span class='ocrx_word' id='word_1_33' title='bbox 473 698 770 756; x_wconf 88' lang='lat' dir='ltr'><strong>lnnoccnte</strong></span> <span class='ocrx_word' id='word_1_34' title='bbox 801 700 866 757; x_wconf 87' lang='lat' dir='ltr'><strong>de</strong></span> <span class='ocrx_word' id='word_1_35' title='bbox 891 699 1078 758; x_wconf 90' lang='lat' dir='ltr'><strong>eadem</strong></span> <span class='ocrx_word' id='word_1_36' title='bbox 1109 720 1187 762; x_wconf 90' lang='lat' dir='ltr'><strong>re.</strong></span> 
     </span>
    </p>
   </div>
   <div class='ocr_carea' id='block_1_7' title="bbox 327 791 1849 870">
    <p class='ocr_par' dir='ltr' id='par_1_7' title="bbox 327 791 1849 870">
     <span class='ocr_line' id='line_1_7' title="bbox 327 791 1849 870; baseline 0.007 -25"><span class='ocrx_word' id='word_1_37' title='bbox 327 791 418 846; x_wconf 80' lang='lat' dir='ltr'><strong>IV.</strong></span> <span class='ocrx_word' id='word_1_38' title='bbox 464 791 799 862; x_wconf 56' lang='lat' dir='ltr'><strong>Praeceptum</strong></span> <span class='ocrx_word' id='word_1_39' title='bbox 836 791 1168 851; x_wconf 87' lang='lat' dir='ltr'><strong>Childeberti</strong></span> <span class='ocrx_word' id='word_1_40' title='bbox 1223 799 1367 868; x_wconf 78' lang='lat' dir='ltr'><strong>regis</strong></span> <span class='ocrx_word' id='word_1_41' title='bbox 1416 814 1558 870; x_wconf 87' lang='lat' dir='ltr'><strong>quoa</strong></span> <span class='ocrx_word' id='word_1_42' title='bbox 1582 805 1849 869; x_wconf 76' lang='lat' dir='ltr'><strong>Jussltta-</strong></span> 
     </span>
    </p>
   </div>
   <div class='ocr_carea' id='block_1_8' title="bbox 247 883 1852 966">
    <p class='ocr_par' dir='ltr' id='par_1_8' title="bbox 247 883 1852 966">
     <span class='ocr_line' id='line_1_8' title="bbox 247 883 1852 966; baseline 0.007 -28"><span class='ocrx_word' id='word_1_43' title='bbox 247 897 383 938; x_wconf 86' lang='lat' dir='ltr'><strong>cere</strong></span> <span class='ocrx_word' id='word_1_44' title='bbox 413 897 580 954; x_wconf 85' lang='lat' dir='ltr'><strong>super</strong></span> <span class='ocrx_word' id='word_1_45' title='bbox 606 883 950 941; x_wconf 83' lang='lat' dir='ltr'><strong>traditionem</strong></span> <span class='ocrx_word' id='word_1_46' title='bbox 974 888 1148 944; x_wconf 85' lang='lat' dir='ltr'><strong>sancti</strong></span> <span class='ocrx_word' id='word_1_47' title='bbox 1171 885 1443 962; x_wconf 89' lang='lat' dir='ltr'><strong>Carilepbi</strong></span> <span class='ocrx_word' id='word_1_48' title='bbox 1467 899 1522 948; x_wconf 91' lang='lat' dir='ltr'><strong>et</strong></span> <span class='ocrx_word' id='word_1_49' title='bbox 1546 908 1707 964; x_wconf 86' lang='lat' dir='ltr'><strong>super</strong></span> <span class='ocrx_word' id='word_1_50' title='bbox 1729 909 1852 966; x_wconf 84' lang='lat' dir='ltr'><strong>pre-</strong></span> 
     </span>
    </p>
   </div>
   <div class='ocr_carea' id='block_1_9' title="bbox 249 978 1849 1059">
    <p class='ocr_par' dir='ltr' id='par_1_9' title="bbox 249 978 1849 1059">
     <span class='ocr_line' id='line_1_9' title="bbox 249 978 1849 1059; baseline 0.008 -28"><span class='ocrx_word' id='word_1_51' title='bbox 249 979 462 1032; x_wconf 81' lang='lat' dir='ltr'><strong>cariam</strong></span> <span class='ocrx_word' id='word_1_52' title='bbox 493 993 651 1048; x_wconf 88' lang='lat' dir='ltr'><strong>quam</strong></span> <span class='ocrx_word' id='word_1_53' title='bbox 685 978 801 1051; x_wconf 90' lang='lat' dir='ltr'><strong>ipse</strong></span> <span class='ocrx_word' id='word_1_54' title='bbox 831 990 1056 1038; x_wconf 82' lang='lat' dir='ltr'><strong>sanctus</strong></span> <span class='ocrx_word' id='word_1_55' title='bbox 1089 979 1405 1056; x_wconf 86' lang='lat' dir='ltr'><strong>Carilephus</strong></span> <span class='ocrx_word' id='word_1_56' title='bbox 1429 985 1637 1059; x_wconf 91' lang='lat' dir='ltr'><strong>accepit</strong></span> <span class='ocrx_word' id='word_1_57' title='bbox 1667 1003 1697 1042; x_wconf 92' lang='lat' dir='ltr'><strong>a</strong></span> <span class='ocrx_word' id='word_1_58' title='bbox 1725 1003 1849 1043; x_wconf 87' lang='lat' dir='ltr'><strong>san-</strong></span> 
     </span>
    </p>
   </div>
   <div class='ocr_carea' id='block_1_10' title="bbox 249 1072 683 1130">
    <p class='ocr_par' dir='ltr' id='par_1_10' title="bbox 249 1072 683 1130">
     <span class='ocr_line' id='line_1_10' title="bbox 249 1072 683 1130; baseline 0.007 -3"><span class='ocrx_word' id='word_1_59' title='bbox 249 1081 346 1128; x_wconf 89' lang='lat' dir='ltr'><strong>cto</strong></span> <span class='ocrx_word' id='word_1_60' title='bbox 371 1072 683 1130; x_wconf 89' lang='lat' dir='ltr'><strong>Innocente.</strong></span> 
     </span>
    </p>
   </div>
   <div class='ocr_carea' id='block_1_11' title="bbox 328 1165 1845 1243">
    <p class='ocr_par' dir='ltr' id='par_1_11' title="bbox 328 1165 1845 1243">
     <span class='ocr_line' id='line_1_11' title="bbox 328 1165 1845 1243; baseline 0.008 -23"><span class='ocrx_word' id='word_1_61' title='bbox 328 1165 392 1221; x_wconf 85' lang='lat' dir='ltr'><strong>V.</strong></span> <span class='ocrx_word' id='word_1_62' title='bbox 433 1165 636 1223; x_wconf 89' lang='lat' dir='ltr'><strong>Charta</strong></span> <span class='ocrx_word' id='word_1_63' title='bbox 662 1167 970 1226; x_wconf 81' lang='lat' dir='ltr'><strong>donationis</strong></span> <span class='ocrx_word' id='word_1_64' title='bbox 992 1171 1058 1228; x_wconf 91' lang='lat' dir='ltr'><strong>de</strong></span> <span class='ocrx_word' id='word_1_65' title='bbox 1089 1173 1253 1229; x_wconf 86' lang='lat' dir='ltr'><strong>rebus</strong></span> <span class='ocrx_word' id='word_1_66' title='bbox 1279 1182 1334 1230; x_wconf 92' lang='lat' dir='ltr'><strong>et</strong></span> <span class='ocrx_word' id='word_1_67' title='bbox 1363 1173 1561 1231; x_wconf 89' lang='lat' dir='ltr'><strong>villulis</strong></span> <span class='ocrx_word' id='word_1_68' title='bbox 1582 1215 1597 1243; x_wconf 95' lang='lat'><strong>,</strong></span> <span class='ocrx_word' id='word_1_69' title='bbox 1627 1182 1684 1230; x_wconf 91' lang='lat' dir='ltr'><strong>et</strong></span> <span class='ocrx_word' id='word_1_70' title='bbox 1713 1189 1845 1232; x_wconf 89' lang='lat' dir='ltr'><strong>auro</strong></span> 
     </span>
    </p>
   </div>
   <div class='ocr_carea' id='block_1_12' title="bbox 249 1261 1848 1341">
    <p class='ocr_par' dir='ltr' id='par_1_12' title="bbox 249 1261 1848 1341">
     <span class='ocr_line' id='line_1_12' title="bbox 249 1261 1848 1341; baseline 0.007 -28"><span class='ocrx_word' id='word_1_71' title='bbox 249 1267 308 1314; x_wconf 88' lang='lat' dir='ltr'><strong>et</strong></span> <span class='ocrx_word' id='word_1_72' title='bbox 339 1270 565 1332; x_wconf 75' lang='lat' dir='ltr'><strong>argento</strong></span> <span class='ocrx_word' id='word_1_73' title='bbox 595 1270 650 1319; x_wconf 90' lang='lat' dir='ltr'><strong>et</strong></span> <span class='ocrx_word' id='word_1_74' title='bbox 673 1261 1014 1322; x_wconf 80' lang='lat' dir='ltr'><strong>vestimentis</strong></span> <span class='ocrx_word' id='word_1_75' title='bbox 1057 1273 1168 1321; x_wconf 88' lang='lat' dir='ltr'><strong>tam</strong></span> <span class='ocrx_word' id='word_1_76' title='bbox 1193 1267 1576 1326; x_wconf 86' lang='lat' dir='ltr'><strong>ecclesiasticis</strong></span> <span class='ocrx_word' id='word_1_77' title='bbox 1602 1283 1764 1341; x_wconf 87' lang='lat' dir='ltr'><strong>quam</strong></span> <span class='ocrx_word' id='word_1_78' title='bbox 1791 1275 1848 1324; x_wconf 87' lang='lat' dir='ltr'><strong>et</strong></span> 
     </span>
    </p>
   </div>
   <div class='ocr_carea' id='block_1_13' title="bbox 251 1349 1845 1430">
    <p class='ocr_par' dir='ltr' id='par_1_13' title="bbox 251 1349 1845 1430">
     <span class='ocr_line' id='line_1_13' title="bbox 251 1349 1845 1430; baseline 0.007 -27"><span class='ocrx_word' id='word_1_79' title='bbox 251 1349 402 1418; x_wconf 85' lang='lat' dir='ltr'><strong>aliis,</strong></span> <span class='ocrx_word' id='word_1_80' title='bbox 434 1349 548 1407; x_wconf 88' lang='lat' dir='ltr'><strong>sive</strong></span> <span class='ocrx_word' id='word_1_81' title='bbox 599 1351 753 1409; x_wconf 85' lang='lat' dir='ltr'><strong>libris</strong></span> <span class='ocrx_word' id='word_1_82' title='bbox 796 1362 850 1410; x_wconf 92' lang='lat' dir='ltr'><strong>et</strong></span> <span class='ocrx_word' id='word_1_83' title='bbox 875 1357 1131 1412; x_wconf 89' lang='lat' dir='ltr'><strong>crucibus</strong></span> <span class='ocrx_word' id='word_1_84' title='bbox 1158 1366 1214 1412; x_wconf 93' lang='lat' dir='ltr'><strong>et</strong></span> <span class='ocrx_word' id='word_1_85' title='bbox 1263 1359 1442 1430; x_wconf 88' lang='lat' dir='ltr'><strong>capsis</strong></span> <span class='ocrx_word' id='word_1_86' title='bbox 1487 1359 1570 1414; x_wconf 87' lang='lat' dir='ltr'><strong>vel</strong></span> <span class='ocrx_word' id='word_1_87' title='bbox 1602 1358 1845 1429; x_wconf 90' lang='lat' dir='ltr'><strong>reliquiis</strong></span> 
     </span>
    </p>
   </div>
   <div class='ocr_carea' id='block_1_14' title="bbox 249 1442 1843 1516">
    <p class='ocr_par' dir='ltr' id='par_1_14' title="bbox 249 1442 1843 1516">
     <span class='ocr_line' id='line_1_14' title="bbox 249 1442 1843 1516; baseline 0.006 -22"><span class='ocrx_word' id='word_1_88' title='bbox 249 1448 568 1496; x_wconf 87' lang='lat' dir='ltr'><strong>sanctorum</strong></span> <span class='ocrx_word' id='word_1_89' title='bbox 615 1442 908 1499; x_wconf 88' lang='lat' dir='ltr'><strong>multorum</strong></span> <span class='ocrx_word' id='word_1_90' title='bbox 942 1461 1062 1516; x_wconf 84' lang='lat' dir='ltr'><strong>quae</strong></span> <span class='ocrx_word' id='word_1_91' title='bbox 1105 1445 1333 1504; x_wconf 91' lang='lat' dir='ltr'><strong>domnus</strong></span> <span class='ocrx_word' id='word_1_92' title='bbox 1363 1448 1628 1505; x_wconf 91' lang='lat' dir='ltr'><strong>Innocens</strong></span> <span class='ocrx_word' id='word_1_93' title='bbox 1659 1449 1713 1504; x_wconf 91' lang='lat' dir='ltr'><strong>in</strong></span> <span class='ocrx_word' id='word_1_94' title='bbox 1744 1449 1843 1504; x_wconf 91' lang='lat' dir='ltr'><strong>ad-</strong></span> 
     </span>
    </p>
   </div>
   <div class='ocr_carea' id='block_1_15' title="bbox 245 1529 1848 1600">
    <p class='ocr_par' dir='ltr' id='par_1_15' title="bbox 245 1529 1848 1600">
     <span class='ocr_line' id='line_1_15' title="bbox 245 1529 1848 1600; baseline 0.006 -15"><span class='ocrx_word' id='word_1_95' title='bbox 245 1529 513 1600; x_wconf 81' lang='lat' dir='ltr'><strong>iutorium</strong></span> <span class='ocrx_word' id='word_1_96' title='bbox 547 1535 613 1590; x_wconf 90' lang='lat' dir='ltr'><strong>ad</strong></span> <span class='ocrx_word' id='word_1_97' title='bbox 657 1537 1045 1593; x_wconf 84' lang='lat' dir='ltr'><strong>monasterium</strong></span> <span class='ocrx_word' id='word_1_98' title='bbox 1073 1538 1308 1596; x_wconf 81' lang='lat' dir='ltr'><strong>Anisolae</strong></span> <span class='ocrx_word' id='word_1_99' title='bbox 1338 1540 1758 1596; x_wconf 90' lang='lat' dir='ltr'><strong>construendum</strong></span> <span class='ocrx_word' id='word_1_100' title='bbox 1792 1547 1848 1594; x_wconf 91' lang='lat' dir='ltr'><strong>et</strong></span> 
     </span>
    </p>
   </div>
   <div class='ocr_carea' id='block_1_16' title="bbox 246 1623 1848 1702">
    <p class='ocr_par' dir='ltr' id='par_1_16' title="bbox 246 1623 1848 1702">
     <span class='ocr_line' id='line_1_16' title="bbox 246 1623 1848 1702; baseline 0.005 -25"><span class='ocrx_word' id='word_1_101' title='bbox 246 1623 553 1680; x_wconf 88' lang='lat' dir='ltr'><strong>ornandum</strong></span> <span class='ocrx_word' id='word_1_102' title='bbox 587 1625 786 1683; x_wconf 89' lang='lat' dir='ltr'><strong>domno</strong></span> <span class='ocrx_word' id='word_1_103' title='bbox 810 1627 1095 1702; x_wconf 90' lang='lat' dir='ltr'><strong>Carilepbo</strong></span> <span class='ocrx_word' id='word_1_104' title='bbox 1145 1640 1200 1687; x_wconf 92' lang='lat' dir='ltr'><strong>et</strong></span> <span class='ocrx_word' id='word_1_105' title='bbox 1241 1631 1354 1688; x_wconf 90' lang='lat' dir='ltr'><strong>suis</strong></span> <span class='ocrx_word' id='word_1_106' title='bbox 1392 1627 1727 1686; x_wconf 89' lang='lat' dir='ltr'><strong>monachulis</strong></span> <span class='ocrx_word' id='word_1_107' title='bbox 1749 1643 1848 1701; x_wconf 90' lang='lat' dir='ltr'><strong>per</strong></span> 
     </span>
    </p>
   </div>
   <div class='ocr_carea' id='block_1_17' title="bbox 246 1719 1448 1788">
    <p class='ocr_par' dir='ltr' id='par_1_17' title="bbox 246 1719 1448 1788">
     <span class='ocr_line' id='line_1_17' title="bbox 246 1719 1448 1788; baseline 0.009 -16"><span class='ocrx_word' id='word_1_108' title='bbox 246 1719 579 1788; x_wconf 86' lang='lat' dir='ltr'><strong>scripturam</strong></span> <span class='ocrx_word' id='word_1_109' title='bbox 613 1721 857 1778; x_wconf 89' lang='lat' dir='ltr'><strong>tradidit.</strong></span> <span class='ocrx_word' id='word_1_110' title='bbox 1438 1731 1448 1746; x_wconf 77' lang='lat'>&quot;</span> 
     </span>
    </p>
   </div>
   <div class='ocr_carea' id='block_1_18' title="bbox 1954 523 2424 583">
    <p class='ocr_par' dir='ltr' id='par_1_18' title="bbox 1954 523 2424 583">
     <span class='ocr_line' id='line_1_18' title="bbox 1954 523 2424 583; baseline 0.013 -7"><span class='ocrx_word' id='word_1_111' title='bbox 1954 523 2076 578; x_wconf 92' lang='lat' dir='ltr'><strong>doni</strong></span> <span class='ocrx_word' id='word_1_112' title='bbox 2102 524 2280 580; x_wconf 85' lang='lat' dir='ltr'><strong>abbati</strong></span> <span class='ocrx_word' id='word_1_113' title='bbox 2308 543 2424 583; x_wconf 89' lang='lat' dir='ltr'><strong>suo.</strong></span> 
     </span>
    </p>
   </div>
   <div class='ocr_carea' id='block_1_19' title="bbox 2023 614 3527 694">
    <p class='ocr_par' dir='ltr' id='par_1_19' title="bbox 2023 614 3527 694">
     <span class='ocr_line' id='line_1_19' title="bbox 2023 614 3527 694; baseline 0.011 -25"><span class='ocrx_word' id='word_1_114' title='bbox 2023 614 2164 670; x_wconf 86' lang='lat' dir='ltr'><strong>XIX.</strong></span> <span class='ocrx_word' id='word_1_115' title='bbox 2205 615 2536 690; x_wconf 68' lang='lat' dir='ltr'><strong>Przeceptum</strong></span> <span class='ocrx_word' id='word_1_116' title='bbox 2564 621 2879 678; x_wconf 90' lang='lat' dir='ltr'><strong>emunitatis</strong></span> <span class='ocrx_word' id='word_1_117' title='bbox 2905 621 3050 694; x_wconf 86' lang='lat' dir='ltr'><strong>quod</strong></span> <span class='ocrx_word' id='word_1_118' title='bbox 3076 624 3200 682; x_wconf 81' lang='lat' dir='ltr'><strong>fecit</strong></span> <span class='ocrx_word' id='word_1_119' title='bbox 3229 625 3527 686; x_wconf 61' lang='lat' dir='ltr'><strong>Theodori-</strong></span> 
     </span>
    </p>
   </div>
   <div class='ocr_carea' id='block_1_20' title="bbox 1952 708 3526 785">
    <p class='ocr_par' dir='ltr' id='par_1_20' title="bbox 1952 708 3526 785">
     <span class='ocr_line' id='line_1_20' title="bbox 1952 708 3526 785; baseline 0.01 -24"><span class='ocrx_word' id='word_1_120' title='bbox 1952 721 2048 762; x_wconf 90' lang='lat' dir='ltr'><strong>cus</strong></span> <span class='ocrx_word' id='word_1_121' title='bbox 2095 724 2190 764; x_wconf 86' lang='lat' dir='ltr'><strong>rex</strong></span> <span class='ocrx_word' id='word_1_122' title='bbox 2232 708 2454 768; x_wconf 90' lang='lat' dir='ltr'><strong>Berario</strong></span> <span class='ocrx_word' id='word_1_123' title='bbox 2495 713 2746 785; x_wconf 89' lang='lat' dir='ltr'><strong>episcopo</strong></span> <span class='ocrx_word' id='word_1_124' title='bbox 2776 716 2841 770; x_wconf 91' lang='lat' dir='ltr'><strong>de</strong></span> <span class='ocrx_word' id='word_1_125' title='bbox 2875 715 3082 774; x_wconf 87' lang='lat' dir='ltr'><strong>cellulis</strong></span> <span class='ocrx_word' id='word_1_126' title='bbox 3111 727 3166 774; x_wconf 92' lang='lat' dir='ltr'><strong>et</strong></span> <span class='ocrx_word' id='word_1_127' title='bbox 3205 721 3402 777; x_wconf 80' lang='lat' dir='ltr'><strong>villulis</strong></span> <span class='ocrx_word' id='word_1_128' title='bbox 3447 725 3526 778; x_wconf 89' lang='lat' dir='ltr'><strong>sui</strong></span> 
     </span>
    </p>
   </div>
   <div class='ocr_carea' id='block_1_21' title="bbox 1950 799 3346 870">
    <p class='ocr_par' dir='ltr' id='par_1_21' title="bbox 1950 799 3346 870">
     <span class='ocr_line' id='line_1_21' title="bbox 1950 799 3346 870; baseline 0.009 -16"><span class='ocrx_word' id='word_1_129' title='bbox 1950 799 2208 870; x_wconf 87' lang='lat' dir='ltr'><strong>episcopii</strong></span> <span class='ocrx_word' id='word_1_130' title='bbox 2237 809 2291 856; x_wconf 93' lang='lat' dir='ltr'><strong>et</strong></span> <span class='ocrx_word' id='word_1_131' title='bbox 2321 804 2640 859; x_wconf 87' lang='lat' dir='ltr'><strong>nominatim</strong></span> <span class='ocrx_word' id='word_1_132' title='bbox 2667 806 2733 861; x_wconf 88' lang='lat' dir='ltr'><strong>de</strong></span> <span class='ocrx_word' id='word_1_133' title='bbox 2757 809 3087 864; x_wconf 84' lang='lat' dir='ltr'><strong>monasterio</strong></span> <span class='ocrx_word' id='word_1_134' title='bbox 3107 809 3346 866; x_wconf 85' lang='lat' dir='ltr'><strong>Anisola.</strong></span> 
     </span>
    </p>
   </div>
   <div class='ocr_carea' id='block_1_22' title="bbox 2021 889 3526 976">
    <p class='ocr_par' dir='ltr' id='par_1_22' title="bbox 2021 889 3526 976">
     <span class='ocr_line' id='line_1_22' title="bbox 2021 889 3526 976; baseline 0.01 -33"><span class='ocrx_word' id='word_1_135' title='bbox 2021 889 2140 944; x_wconf 89' lang='lat' dir='ltr'><strong>XX.</strong></span> <span class='ocrx_word' id='word_1_136' title='bbox 2195 891 2529 964; x_wconf 68' lang='lat' dir='ltr'><strong>Praeceptum</strong></span> <span class='ocrx_word' id='word_1_137' title='bbox 2594 898 2902 954; x_wconf 86' lang='lat' dir='ltr'><strong>emunitatis</strong></span> <span class='ocrx_word' id='word_1_138' title='bbox 2964 901 3105 970; x_wconf 88' lang='lat' dir='ltr'><strong>quod</strong></span> <span class='ocrx_word' id='word_1_139' title='bbox 3169 899 3294 956; x_wconf 79' lang='lat' dir='ltr'><strong>fecit</strong></span> <span class='ocrx_word' id='word_1_140' title='bbox 3355 903 3526 976; x_wconf 84' lang='lat' dir='ltr'><strong>Dago-</strong></span> 
     </span>
    </p>
   </div>
   <div class='ocr_carea' id='block_1_23' title="bbox 1947 983 3527 1058">
    <p class='ocr_par' dir='ltr' id='par_1_23' title="bbox 1947 983 3527 1058">
     <span class='ocr_line' id='line_1_23' title="bbox 1947 983 3527 1058; baseline 0.009 -19"><span class='ocrx_word' id='word_1_141' title='bbox 1947 983 2136 1040; x_wconf 88' lang='lat' dir='ltr'><strong>bertus</strong></span> <span class='ocrx_word' id='word_1_142' title='bbox 2190 999 2283 1038; x_wconf 74' lang='lat' dir='ltr'><strong>rex</strong></span> <span class='ocrx_word' id='word_1_143' title='bbox 2343 987 2596 1058; x_wconf 90' lang='lat' dir='ltr'><strong>episcopo</strong></span> <span class='ocrx_word' id='word_1_144' title='bbox 2660 989 3020 1049; x_wconf 88' lang='lat' dir='ltr'><strong>llerlemundo</strong></span> <span class='ocrx_word' id='word_1_145' title='bbox 3080 996 3144 1049; x_wconf 91' lang='lat' dir='ltr'><strong>de</strong></span> <span class='ocrx_word' id='word_1_146' title='bbox 3205 995 3411 1051; x_wconf 80' lang='lat' dir='ltr'><strong>cellulis</strong></span> <span class='ocrx_word' id='word_1_147' title='bbox 3473 1007 3527 1054; x_wconf 88' lang='lat' dir='ltr'><strong>et</strong></span> 
     </span>
    </p>
   </div>
   <div class='ocr_carea' id='block_1_24' title="bbox 1947 1076 3525 1153">
    <p class='ocr_par' dir='ltr' id='par_1_24' title="bbox 1947 1076 3525 1153">
     <span class='ocr_line' id='line_1_24' title="bbox 1947 1076 3525 1153; baseline 0.006 -22"><span class='ocrx_word' id='word_1_148' title='bbox 1947 1076 2144 1134; x_wconf 83' lang='lat' dir='ltr'><strong>villulis</strong></span> <span class='ocrx_word' id='word_1_149' title='bbox 2197 1078 2262 1134; x_wconf 90' lang='lat' dir='ltr'><strong>de</strong></span> <span class='ocrx_word' id='word_1_150' title='bbox 2309 1095 2410 1136; x_wconf 90' lang='lat' dir='ltr'><strong>suo</strong></span> <span class='ocrx_word' id='word_1_151' title='bbox 2455 1085 2799 1153; x_wconf 90' lang='lat' dir='ltr'><strong>episcopatu;</strong></span> <span class='ocrx_word' id='word_1_152' title='bbox 2850 1085 2936 1139; x_wconf 92' lang='lat' dir='ltr'><strong>ubi</strong></span> <span class='ocrx_word' id='word_1_153' title='bbox 2987 1097 3038 1141; x_wconf 83' lang='lat' dir='ltr'><strong>et</strong></span> <span class='ocrx_word' id='word_1_154' title='bbox 3085 1088 3525 1142; x_wconf 84' lang='lat' dir='ltr'><strong>monasteriolum</strong></span> 
     </span>
    </p>
   </div>
   <div class='ocr_carea' id='block_1_25' title="bbox 1949 1168 3532 1241">
    <p class='ocr_par' dir='ltr' id='par_1_25' title="bbox 1949 1168 3532 1241">
     <span class='ocr_line' id='line_1_25' title="bbox 1949 1168 3532 1241; baseline 0.006 -17"><span class='ocrx_word' id='word_1_155' title='bbox 1949 1168 2166 1226; x_wconf 87' lang='lat' dir='ltr'><strong>Anisola</strong></span> <span class='ocrx_word' id='word_1_156' title='bbox 2213 1182 2630 1241; x_wconf 85' lang='lat' dir='ltr'><strong>commemorat,</strong></span> <span class='ocrx_word' id='word_1_157' title='bbox 2679 1185 2735 1230; x_wconf 89' lang='lat' dir='ltr'><strong>et</strong></span> <span class='ocrx_word' id='word_1_158' title='bbox 2769 1192 2878 1231; x_wconf 59' lang='lat' dir='ltr'><strong>sua)</strong></span> <span class='ocrx_word' id='word_1_159' title='bbox 2923 1179 3063 1232; x_wconf 87' lang='lat' dir='ltr'><strong>sedis</strong></span> <span class='ocrx_word' id='word_1_160' title='bbox 3112 1179 3354 1234; x_wconf 80' lang='lat' dir='ltr'><strong>ecclesiae</strong></span> <span class='ocrx_word' id='word_1_161' title='bbox 3400 1189 3532 1233; x_wconf 72' lang='lat' dir='ltr'><strong>esse</strong></span> 
     </span>
    </p>
   </div>
   <div class='ocr_carea' id='block_1_26' title="bbox 1949 1261 2197 1317">
    <p class='ocr_par' dir='ltr' id='par_1_26' title="bbox 1949 1261 2197 1317">
     <span class='ocr_line' id='line_1_26' title="bbox 1949 1261 2197 1317; baseline 0.004 -2"><span class='ocrx_word' id='word_1_162' title='bbox 1949 1261 2197 1317; x_wconf 84' lang='lat' dir='ltr'><strong>allirmat.</strong></span> 
     </span>
    </p>
   </div>
   <div class='ocr_carea' id='block_1_27' title="bbox 2020 1351 3522 1416">
    <p class='ocr_par' dir='ltr' id='par_1_27' title="bbox 2020 1351 3522 1416">
     <span class='ocr_line' id='line_1_27' title="bbox 2020 1351 3522 1416; baseline 0.006 -9"><span class='ocrx_word' id='word_1_163' title='bbox 2020 1352 2160 1408; x_wconf 82' lang='lat' dir='ltr'><strong>XXI.</strong></span> <span class='ocrx_word' id='word_1_164' title='bbox 2199 1351 2605 1410; x_wconf 81' lang='lat' dir='ltr'><strong>Monumentum</strong></span> <span class='ocrx_word' id='word_1_165' title='bbox 2639 1356 2704 1412; x_wconf 89' lang='lat' dir='ltr'><strong>de</strong></span> <span class='ocrx_word' id='word_1_166' title='bbox 2743 1357 2849 1412; x_wconf 81' lang='lat' dir='ltr'><strong>vita</strong></span> <span class='ocrx_word' id='word_1_167' title='bbox 2879 1359 3053 1414; x_wconf 88' lang='lat' dir='ltr'><strong>sancti</strong></span> <span class='ocrx_word' id='word_1_168' title='bbox 3083 1359 3386 1416; x_wconf 89' lang='lat' dir='ltr'><strong>Innocentis</strong></span> <span class='ocrx_word' id='word_1_169' title='bbox 3411 1374 3522 1415; x_wconf 84' lang='lat' dir='ltr'><strong>em-</strong></span> 
     </span>
    </p>
   </div>
   <div class='ocr_carea' id='block_1_28' title="bbox 1947 1446 2114 1515">
    <p class='ocr_par' dir='ltr' id='par_1_28' title="bbox 1947 1446 2114 1515">
     <span class='ocr_line' id='line_1_28' title="bbox 1947 1446 2114 1515; baseline -0.018 -13"><span class='ocrx_word' id='word_1_170' title='bbox 1947 1446 2114 1515; x_wconf 89' lang='lat' dir='ltr'><strong>scopi.</strong></span> 
     </span>
    </p>
   </div>
   <div class='ocr_carea' id='block_1_29' title="bbox 2019 1537 3522 1612">
    <p class='ocr_par' dir='ltr' id='par_1_29' title="bbox 2019 1537 3522 1612">
     <span class='ocr_line' id='line_1_29' title="bbox 2019 1537 3522 1612; baseline 0.003 -19"><span class='ocrx_word' id='word_1_171' title='bbox 2019 1537 2181 1594; x_wconf 89' lang='lat' dir='ltr'><strong>XXII.</strong></span> <span class='ocrx_word' id='word_1_172' title='bbox 2226 1537 2514 1612; x_wconf 77' lang='lat' dir='ltr'><strong>Exemplar</strong></span> <span class='ocrx_word' id='word_1_173' title='bbox 2543 1543 2608 1598; x_wconf 92' lang='lat' dir='ltr'><strong>de</strong></span> <span class='ocrx_word' id='word_1_174' title='bbox 2652 1543 2759 1597; x_wconf 91' lang='lat' dir='ltr'><strong>vita</strong></span> <span class='ocrx_word' id='word_1_175' title='bbox 2790 1551 2844 1598; x_wconf 86' lang='lat' dir='ltr'><strong>et</strong></span> <span class='ocrx_word' id='word_1_176' title='bbox 2883 1543 3092 1598; x_wconf 88' lang='lat' dir='ltr'><strong>actibus</strong></span> <span class='ocrx_word' id='word_1_177' title='bbox 3121 1543 3296 1599; x_wconf 90' lang='lat' dir='ltr'><strong>sancti</strong></span> <span class='ocrx_word' id='word_1_178' title='bbox 3336 1541 3522 1598; x_wconf 90' lang='lat' dir='ltr'><strong>Turibi</strong></span> 
     </span>
    </p>
   </div>
   <div class='ocr_carea' id='block_1_30' title="bbox 1949 1631 2298 1704">
    <p class='ocr_par' dir='ltr' id='par_1_30' title="bbox 1949 1631 2298 1704">
     <span class='ocr_line' id='line_1_30' title="bbox 1949 1631 2298 1704; baseline 0.003 -18"><span class='ocrx_word' id='word_1_179' title='bbox 1949 1631 2210 1704; x_wconf 87' lang='lat' dir='ltr'><strong>episcopi.</strong></span> <span class='ocrx_word' id='word_1_180' title='bbox 2296 1639 2298 1642; x_wconf 77' lang='lat'><strong><em>&#39;</em></strong></span> 
     </span>
    </p>
   </div>
   <div class='ocr_carea' id='block_1_31' title="bbox 2017 1723 3525 1797">
    <p class='ocr_par' dir='ltr' id='par_1_31' title="bbox 2017 1723 3525 1797">
     <span class='ocr_line' id='line_1_31' title="bbox 2017 1723 3525 1797; baseline 0.003 -19"><span class='ocrx_word' id='word_1_181' title='bbox 2017 1723 2203 1780; x_wconf 87' lang='lat' dir='ltr'><strong>XXIII.</strong></span> <span class='ocrx_word' id='word_1_182' title='bbox 2261 1723 2595 1796; x_wconf 72' lang='lat' dir='ltr'><strong>Praeceptum</strong></span> <span class='ocrx_word' id='word_1_183' title='bbox 2653 1725 2796 1797; x_wconf 85' lang='lat' dir='ltr'><strong>quod</strong></span> <span class='ocrx_word' id='word_1_184' title='bbox 2851 1725 2976 1782; x_wconf 83' lang='lat' dir='ltr'><strong>fecit</strong></span> <span class='ocrx_word' id='word_1_185' title='bbox 3027 1725 3252 1782; x_wconf 90' lang='lat' dir='ltr'><strong>domnus</strong></span> <span class='ocrx_word' id='word_1_186' title='bbox 3299 1725 3525 1783; x_wconf 88' lang='lat' dir='ltr'><strong>Carolus</strong></span> 
     </span>
    </p>
   </div>
   <div class='ocr_carea' id='block_1_32' title="bbox 323 1800 3523 1888">
    <p class='ocr_par' dir='ltr' id='par_1_32' title="bbox 323 1800 3523 1888">
     <span class='ocr_line' id='line_1_32' title="bbox 323 1800 3523 1888; baseline 0.004 -28"><span class='ocrx_word' id='word_1_187' title='bbox 323 1807 408 1864; x_wconf 84' lang='lat' dir='ltr'><strong>VI.</strong></span> <span class='ocrx_word' id='word_1_188' title='bbox 453 1807 654 1867; x_wconf 87' lang='lat' dir='ltr'><strong>Charta</strong></span> <span class='ocrx_word' id='word_1_189' title='bbox 701 1812 768 1869; x_wconf 92' lang='lat' dir='ltr'><strong>de</strong></span> <span class='ocrx_word' id='word_1_190' title='bbox 813 1814 1282 1874; x_wconf 70' lang='lat' dir='ltr'><strong>conventionibus’</strong></span> <span class='ocrx_word' id='word_1_191' title='bbox 1314 1816 1485 1874; x_wconf 88' lang='lat' dir='ltr'><strong>sancti</strong></span> <span class='ocrx_word' id='word_1_192' title='bbox 1515 1813 1843 1871; x_wconf 53' lang='lat' dir='ltr'><strong>\Innocentis</strong></span> <span class='ocrx_word' id='word_1_193' title='bbox 1870 1800 1920 1862; x_wconf 87' lang='grc' dir='ltr'>Β</span> <span class='ocrx_word' id='word_1_194' title='bbox 1945 1813 2215 1872; x_wconf 87' lang='lat' dir='ltr'><strong>Franconi</strong></span> <span class='ocrx_word' id='word_1_195' title='bbox 2257 1817 2509 1888; x_wconf 87' lang='lat' dir='ltr'><strong>episcopo</strong></span> <span class='ocrx_word' id='word_1_196' title='bbox 2549 1819 2764 1888; x_wconf 88' lang='lat' dir='ltr'><strong>quando</strong></span> <span class='ocrx_word' id='word_1_197' title='bbox 2797 1817 2846 1873; x_wconf 90' lang='lat' dir='ltr'><strong>ei</strong></span> <span class='ocrx_word' id='word_1_198' title='bbox 2883 1817 3270 1873; x_wconf 83' lang='lat' dir='ltr'><strong>monasterium</strong></span> <span class='ocrx_word' id='word_1_199' title='bbox 3305 1817 3523 1872; x_wconf 84' lang='lat' dir='ltr'><strong>Anisola</strong></span> 
     </span>
    </p>
   </div>
   <div class='ocr_carea' id='block_1_33' title="bbox 246 1902 1839 1980">
    <p class='ocr_par' dir='ltr' id='par_1_33' title="bbox 246 1902 1839 1980">
     <span class='ocr_line' id='line_1_33' title="bbox 246 1902 1839 1980; baseline 0.003 -24"><span class='ocrx_word' id='word_1_200' title='bbox 246 1910 304 1956; x_wconf 86' lang='lat' dir='ltr'><strong>ct</strong></span> <span class='ocrx_word' id='word_1_201' title='bbox 336 1903 511 1959; x_wconf 89' lang='lat' dir='ltr'><strong>sancti</strong></span> <span class='ocrx_word' id='word_1_202' title='bbox 536 1902 808 1976; x_wconf 87' lang='lat' dir='ltr'><strong>Carilepbi</strong></span> <span class='ocrx_word' id='word_1_203' title='bbox 839 1907 990 1964; x_wconf 74' lang='lat' dir='ltr'><strong>mirae</strong></span> <span class='ocrx_word' id='word_1_204' title='bbox 1013 1908 1399 1980; x_wconf 79' lang='lat' dir='ltr'><strong>magnitudinis</strong></span> <span class='ocrx_word' id='word_1_205' title='bbox 1429 1907 1755 1978; x_wconf 90' lang='lat' dir='ltr'><strong>conscripta,</strong></span> <span class='ocrx_word' id='word_1_206' title='bbox 1784 1916 1839 1962; x_wconf 89' lang='lat' dir='ltr'><strong>et</strong></span> 
     </span>
    </p>
   </div>
   <div class='ocr_carea' id='block_1_34' title="bbox 249 1993 1864 2068">
    <p class='ocr_par' dir='ltr' id='par_1_34' title="bbox 249 1993 1864 2068">
     <span class='ocr_line' id='line_1_34' title="bbox 249 1993 1864 2068; baseline 0.004 -21"><span class='ocrx_word' id='word_1_207' title='bbox 249 2011 278 2048; x_wconf 90' lang='lat' dir='ltr'><strong>a</strong></span> <span class='ocrx_word' id='word_1_208' title='bbox 302 1993 618 2064; x_wconf 85' lang='lat' dir='ltr'><strong>quindecim</strong></span> <span class='ocrx_word' id='word_1_209' title='bbox 648 1996 913 2068; x_wconf 89' lang='lat' dir='ltr'><strong>episcopis</strong></span> <span class='ocrx_word' id='word_1_210' title='bbox 943 1998 1190 2067; x_wconf 85' lang='lat' dir='ltr'><strong>ﬁrmata,</strong></span> <span class='ocrx_word' id='word_1_211' title='bbox 1216 2008 1274 2054; x_wconf 92' lang='lat' dir='ltr'><strong>ut</strong></span> <span class='ocrx_word' id='word_1_212' title='bbox 1303 2015 1490 2056; x_wconf 91' lang='lat' dir='ltr'><strong>eorum</strong></span> <span class='ocrx_word' id='word_1_213' title='bbox 1518 1997 1834 2055; x_wconf 86' lang='lat' dir='ltr'><strong>conventio-</strong></span> <span class='ocrx_word' id='word_1_214' title='bbox 1859 2015 1864 2018; x_wconf 93' lang='grc'>·</span> 
     </span>
    </p>
   </div>
   <div class='ocr_carea' id='block_1_35' title="bbox 247 2085 1836 2165">
    <p class='ocr_par' dir='ltr' id='par_1_35' title="bbox 247 2085 1836 2165">
     <span class='ocr_line' id='line_1_35' title="bbox 247 2085 1836 2165; baseline 0.007 -27"><span class='ocrx_word' id='word_1_215' title='bbox 247 2101 347 2140; x_wconf 90' lang='lat' dir='ltr'><strong>nes</strong></span> <span class='ocrx_word' id='word_1_216' title='bbox 375 2085 527 2142; x_wconf 90' lang='lat' dir='ltr'><strong>nullo</strong></span> <span class='ocrx_word' id='word_1_217' title='bbox 557 2089 716 2145; x_wconf 90' lang='lat' dir='ltr'><strong>modo</strong></span> <span class='ocrx_word' id='word_1_218' title='bbox 740 2089 910 2146; x_wconf 82' lang='lat' dir='ltr'><strong>irritae</strong></span> <span class='ocrx_word' id='word_1_219' title='bbox 937 2089 1151 2157; x_wconf 86' lang='lat' dir='ltr'><strong>ﬁerent,</strong></span> <span class='ocrx_word' id='word_1_220' title='bbox 1179 2092 1273 2149; x_wconf 91' lang='lat' dir='ltr'><strong>sed</strong></span> <span class='ocrx_word' id='word_1_221' title='bbox 1291 2108 1390 2165; x_wconf 85' lang='lat' dir='ltr'><strong>per</strong></span> <span class='ocrx_word' id='word_1_222' title='bbox 1409 2092 1591 2150; x_wconf 89' lang='lat' dir='ltr'><strong>omnia</strong></span> <span class='ocrx_word' id='word_1_223' title='bbox 1615 2091 1836 2149; x_wconf 88' lang='lat' dir='ltr'><strong>stabiles</strong></span> 
     </span>
    </p>
   </div>
   <div class='ocr_carea' id='block_1_36' title="bbox 244 2191 650 2250">
    <p class='ocr_par' dir='ltr' id='par_1_36' title="bbox 244 2191 650 2250">
     <span class='ocr_line' id='line_1_36' title="bbox 244 2191 650 2250; baseline 0.01 -17"><span class='ocrx_word' id='word_1_224' title='bbox 244 2191 650 2250; x_wconf 82' lang='lat' dir='ltr'><strong>permanerent.</strong></span> 
     </span>
    </p>
   </div>
   <div class='ocr_carea' id='block_1_37' title="bbox 315 2269 1836 2348">
    <p class='ocr_par' dir='ltr' id='par_1_37' title="bbox 315 2269 1836 2348">
     <span class='ocr_line' id='line_1_37' title="bbox 315 2269 1836 2348; baseline 0.004 -23"><span class='ocrx_word' id='word_1_225' title='bbox 315 2269 432 2326; x_wconf 76' lang='lat' dir='ltr'><strong>VII.</strong></span> <span class='ocrx_word' id='word_1_226' title='bbox 471 2270 726 2329; x_wconf 90' lang='lat' dir='ltr'><strong>Precaria</strong></span> <span class='ocrx_word' id='word_1_227' title='bbox 778 2288 943 2345; x_wconf 90' lang='lat' dir='ltr'><strong>quam</strong></span> <span class='ocrx_word' id='word_1_228' title='bbox 998 2283 1220 2332; x_wconf 87' lang='lat' dir='ltr'><strong>sanctus</strong></span> <span class='ocrx_word' id='word_1_229' title='bbox 1275 2273 1570 2332; x_wconf 89' lang='lat' dir='ltr'><strong>Domnolus</strong></span> <span class='ocrx_word' id='word_1_230' title='bbox 1627 2275 1836 2348; x_wconf 88' lang='lat' dir='ltr'><strong>episco-</strong></span> 
     </span>
    </p>
   </div>
   <div class='ocr_carea' id='block_1_38' title="bbox 245 2355 1836 2432">
    <p class='ocr_par' dir='ltr' id='par_1_38' title="bbox 245 2355 1836 2432">
     <span class='ocr_line' id='line_1_38' title="bbox 245 2355 1836 2432; baseline 0.006 -18"><span class='ocrx_word' id='word_1_231' title='bbox 245 2375 348 2432; x_wconf 87' lang='lat' dir='ltr'><strong>pus</strong></span> <span class='ocrx_word' id='word_1_232' title='bbox 378 2363 562 2420; x_wconf 88' lang='lat' dir='ltr'><strong>abbati</strong></span> <span class='ocrx_word' id='word_1_233' title='bbox 593 2380 693 2422; x_wconf 92' lang='lat' dir='ltr'><strong>suo</strong></span> <span class='ocrx_word' id='word_1_234' title='bbox 734 2355 889 2422; x_wconf 89' lang='lat' dir='ltr'><strong>Gallo</strong></span> <span class='ocrx_word' id='word_1_235' title='bbox 932 2365 1061 2424; x_wconf 80' lang='lat' dir='ltr'><strong>fecit</strong></span> <span class='ocrx_word' id='word_1_236' title='bbox 1082 2369 1148 2425; x_wconf 93' lang='lat' dir='ltr'><strong>de</strong></span> <span class='ocrx_word' id='word_1_237' title='bbox 1172 2369 1505 2426; x_wconf 88' lang='lat' dir='ltr'><strong>monasterio</strong></span> <span class='ocrx_word' id='word_1_238' title='bbox 1534 2367 1707 2426; x_wconf 90' lang='lat' dir='ltr'><strong>sancti</strong></span> <span class='ocrx_word' id='word_1_239' title='bbox 1735 2366 1836 2424; x_wconf 90' lang='lat' dir='ltr'><strong>Ca-</strong></span> 
     </span>
    </p>
   </div>
   <div class='ocr_carea' id='block_1_39' title="bbox 247 2454 462 2524">
    <p class='ocr_par' dir='ltr' id='par_1_39' title="bbox 247 2454 462 2524">
     <span class='ocr_line' id='line_1_39' title="bbox 247 2454 462 2524; baseline 0.014 -17"><span class='ocrx_word' id='word_1_240' title='bbox 247 2454 462 2524; x_wconf 87' lang='lat' dir='ltr'><strong>rilepbi.</strong></span> 
     </span>
    </p>
   </div>
   <div class='ocr_carea' id='block_1_40' title="bbox 323 2545 1834 2624">
    <p class='ocr_par' dir='ltr' id='par_1_40' title="bbox 323 2545 1834 2624">
     <span class='ocr_line' id='line_1_40' title="bbox 323 2545 1834 2624; baseline 0.005 -22"><span class='ocrx_word' id='word_1_241' title='bbox 323 2545 451 2602; x_wconf 78' lang='lat' dir='ltr'><strong>VIII.</strong></span> <span class='ocrx_word' id='word_1_242' title='bbox 491 2545 827 2621; x_wconf 73' lang='lat' dir='ltr'><strong>Pmceptum</strong></span> <span class='ocrx_word' id='word_1_243' title='bbox 881 2545 1024 2622; x_wconf 88' lang='lat' dir='ltr'><strong>quod</strong></span> <span class='ocrx_word' id='word_1_244' title='bbox 1089 2549 1431 2624; x_wconf 89' lang='lat' dir='ltr'><strong>Chilpericus</strong></span> <span class='ocrx_word' id='word_1_245' title='bbox 1485 2567 1586 2608; x_wconf 83' lang='lat' dir='ltr'><strong>rex</strong></span> <span class='ocrx_word' id='word_1_246' title='bbox 1647 2559 1834 2611; x_wconf 90' lang='lat' dir='ltr'><strong>sancto</strong></span> 
     </span>
    </p>
   </div>
   <div class='ocr_carea' id='block_1_41' title="bbox 249 2637 1832 2712">
    <p class='ocr_par' dir='ltr' id='par_1_41' title="bbox 249 2637 1832 2712">
     <span class='ocr_line' id='line_1_41' title="bbox 249 2637 1832 2712; baseline 0.004 -16"><span class='ocrx_word' id='word_1_247' title='bbox 249 2637 510 2696; x_wconf 86' lang='lat' dir='ltr'><strong>Domnolo</strong></span> <span class='ocrx_word' id='word_1_248' title='bbox 538 2637 792 2712; x_wconf 88' lang='lat' dir='ltr'><strong>episcopo</strong></span> <span class='ocrx_word' id='word_1_249' title='bbox 816 2637 948 2698; x_wconf 83' lang='lat' dir='ltr'><strong>fecit</strong></span> <span class='ocrx_word' id='word_1_250' title='bbox 982 2653 1038 2699; x_wconf 85' lang='lat' dir='ltr'><strong>et</strong></span> <span class='ocrx_word' id='word_1_251' title='bbox 1078 2658 1178 2700; x_wconf 87' lang='lat' dir='ltr'><strong>suo</strong></span> <span class='ocrx_word' id='word_1_252' title='bbox 1207 2643 1389 2700; x_wconf 87' lang='lat' dir='ltr'><strong>abbati</strong></span> <span class='ocrx_word' id='word_1_253' title='bbox 1429 2639 1584 2702; x_wconf 83' lang='lat' dir='ltr'><strong>Gallo</strong></span> <span class='ocrx_word' id='word_1_254' title='bbox 1611 2643 1679 2700; x_wconf 85' lang='lat' dir='ltr'><strong>de</strong></span> <span class='ocrx_word' id='word_1_255' title='bbox 1711 2659 1832 2702; x_wconf 85' lang='lat' dir='ltr'><strong>mo-</strong></span> 
     </span>
    </p>
   </div>
   <div class='ocr_carea' id='block_1_42' title="bbox 246 2732 1385 2789">
    <p class='ocr_par' dir='ltr' id='par_1_42' title="bbox 246 2732 1385 2789">
     <span class='ocr_line' id='line_1_42' title="bbox 246 2732 1385 2789; baseline 0.004 -3"><span class='ocrx_word' id='word_1_256' title='bbox 246 2732 488 2788; x_wconf 82' lang='lat' dir='ltr'><strong>nasterio</strong></span> <span class='ocrx_word' id='word_1_257' title='bbox 511 2732 766 2789; x_wconf 78' lang='lat' dir='ltr'><strong>Anisolae.</strong></span> <span class='ocrx_word' id='word_1_258' title='bbox 1377 2734 1385 2740; x_wconf 85' lang='grc'><em>’</em></span> 
     </span>
    </p>
   </div>
   <div class='ocr_carea' id='block_1_43' title="bbox 315 2822 1834 2900">
    <p class='ocr_par' dir='ltr' id='par_1_43' title="bbox 315 2822 1834 2900">
     <span class='ocr_line' id='line_1_43' title="bbox 315 2822 1834 2900; baseline 0.003 -23"><span class='ocrx_word' id='word_1_259' title='bbox 315 2822 406 2878; x_wconf 97' lang='lat' dir='ltr'><strong>IX.</strong></span> <span class='ocrx_word' id='word_1_260' title='bbox 449 2823 780 2899; x_wconf 81' lang='lat' dir='ltr'><strong>Praeceptum</strong></span> <span class='ocrx_word' id='word_1_261' title='bbox 826 2827 1139 2884; x_wconf 86' lang='lat' dir='ltr'><strong>emunitatis</strong></span> <span class='ocrx_word' id='word_1_262' title='bbox 1185 2827 1329 2898; x_wconf 87' lang='lat' dir='ltr'><strong>quod</strong></span> <span class='ocrx_word' id='word_1_263' title='bbox 1385 2827 1518 2885; x_wconf 78' lang='lat' dir='ltr'><strong>fecit</strong></span> <span class='ocrx_word' id='word_1_264' title='bbox 1565 2826 1834 2900; x_wconf 82' lang='lat' dir='ltr'><strong>Chilperi-</strong></span> 
     </span>
    </p>
   </div>
   <div class='ocr_carea' id='block_1_44' title="bbox 243 2915 1834 2992">
    <p class='ocr_par' dir='ltr' id='par_1_44' title="bbox 243 2915 1834 2992">
     <span class='ocr_line' id='line_1_44' title="bbox 243 2915 1834 2992; baseline 0.003 -20"><span class='ocrx_word' id='word_1_265' title='bbox 243 2931 339 2972; x_wconf 91' lang='lat' dir='ltr'><strong>cus</strong></span> <span class='ocrx_word' id='word_1_266' title='bbox 395 2932 492 2972; x_wconf 80' lang='lat' dir='ltr'><strong>rex</strong></span> <span class='ocrx_word' id='word_1_267' title='bbox 545 2927 735 2973; x_wconf 89' lang='lat' dir='ltr'><strong>sancto</strong></span> <span class='ocrx_word' id='word_1_268' title='bbox 781 2915 1048 2975; x_wconf 84' lang='lat' dir='ltr'><strong>Domnolo</strong></span> <span class='ocrx_word' id='word_1_269' title='bbox 1090 2919 1344 2992; x_wconf 88' lang='lat' dir='ltr'><strong>episcopo</strong></span> <span class='ocrx_word' id='word_1_270' title='bbox 1389 2920 1458 2977; x_wconf 90' lang='lat' dir='ltr'><strong>de</strong></span> <span class='ocrx_word' id='word_1_271' title='bbox 1503 2922 1834 2978; x_wconf 89' lang='lat' dir='ltr'><strong>monasterio</strong></span> 
     </span>
    </p>
   </div>
   <div class='ocr_carea' id='block_1_45' title="bbox 242 3009 1834 3085">
    <p class='ocr_par' dir='ltr' id='par_1_45' title="bbox 242 3009 1834 3085">
     <span class='ocr_line' id='line_1_45' title="bbox 242 3009 1834 3085; baseline 0.003 -21"><span class='ocrx_word' id='word_1_272' title='bbox 242 3009 479 3066; x_wconf 67' lang='lat' dir='ltr'><strong>Anisolze</strong></span> <span class='ocrx_word' id='word_1_273' title='bbox 505 3020 561 3066; x_wconf 92' lang='lat' dir='ltr'><strong>et</strong></span> <span class='ocrx_word' id='word_1_274' title='bbox 590 3010 657 3067; x_wconf 91' lang='lat' dir='ltr'><strong>de</strong></span> <span class='ocrx_word' id='word_1_275' title='bbox 677 3011 929 3068; x_wconf 90' lang='lat' dir='ltr'><strong>omnibus</strong></span> <span class='ocrx_word' id='word_1_276' title='bbox 970 3011 1167 3069; x_wconf 73' lang='lat' dir='ltr'><strong>villulis</strong></span> <span class='ocrx_word' id='word_1_277' title='bbox 1191 3023 1245 3070; x_wconf 92' lang='lat' dir='ltr'><strong>et</strong></span> <span class='ocrx_word' id='word_1_278' title='bbox 1273 3015 1436 3071; x_wconf 89' lang='lat' dir='ltr'><strong>rebus</strong></span> <span class='ocrx_word' id='word_1_279' title='bbox 1467 3014 1535 3070; x_wconf 90' lang='lat' dir='ltr'><strong>ad</strong></span> <span class='ocrx_word' id='word_1_280' title='bbox 1561 3030 1684 3070; x_wconf 92' lang='lat' dir='ltr'><strong>eum</strong></span> <span class='ocrx_word' id='word_1_281' title='bbox 1711 3029 1834 3085; x_wconf 90' lang='lat' dir='ltr'><strong>per-</strong></span> 
     </span>
    </p>
   </div>
   <div class='ocr_carea' id='block_1_46' title="bbox 246 3101 564 3158">
    <p class='ocr_par' dir='ltr' id='par_1_46' title="bbox 246 3101 564 3158">
     <span class='ocr_line' id='line_1_46' title="bbox 246 3101 564 3158; baseline 0.006 -2"><span class='ocrx_word' id='word_1_282' title='bbox 246 3101 393 3158; x_wconf 78' lang='lat' dir='ltr'><strong>tinea</strong></span> <span class='ocrx_word' id='word_1_283' title='bbox 401 3102 564 3158; x_wconf 80' lang='lat' dir='ltr'><strong>tibus.</strong></span> 
     </span>
    </p>
   </div>
   <div class='ocr_carea' id='block_1_47' title="bbox 1941 1909 3524 1980">
    <p class='ocr_par' dir='ltr' id='par_1_47' title="bbox 1941 1909 3524 1980">
     <span class='ocr_line' id='line_1_47' title="bbox 1941 1909 3524 1980; baseline 0.001 -18"><span class='ocrx_word' id='word_1_284' title='bbox 1941 1923 2040 1980; x_wconf 89' lang='lat' dir='ltr'><strong>per</strong></span> <span class='ocrx_word' id='word_1_285' title='bbox 2061 1909 2322 1979; x_wconf 86' lang='lat' dir='ltr'><strong>judicium</strong></span> <span class='ocrx_word' id='word_1_286' title='bbox 2347 1919 2402 1966; x_wconf 91' lang='lat' dir='ltr'><strong>et</strong></span> <span class='ocrx_word' id='word_1_287' title='bbox 2421 1909 2632 1980; x_wconf 85' lang='lat' dir='ltr'><strong>plenam</strong></span> <span class='ocrx_word' id='word_1_288' title='bbox 2658 1911 3038 1967; x_wconf 88' lang='lat' dir='ltr'><strong>auctoritatem</strong></span> <span class='ocrx_word' id='word_1_289' title='bbox 3073 1911 3304 1966; x_wconf 91' lang='lat' dir='ltr'><strong>reddidit</strong></span> <span class='ocrx_word' id='word_1_290' title='bbox 3331 1920 3385 1966; x_wconf 91' lang='lat' dir='ltr'><strong>et</strong></span> <span class='ocrx_word' id='word_1_291' title='bbox 3415 1925 3524 1965; x_wconf 81' lang='lat' dir='ltr'><strong>suae</strong></span> 
     </span>
    </p>
   </div>
   <div class='ocr_carea' id='block_1_48' title="bbox 1940 1999 3526 2068">
    <p class='ocr_par' dir='ltr' id='par_1_48' title="bbox 1940 1999 3526 2068">
     <span class='ocr_line' id='line_1_48' title="bbox 1940 1999 3526 2068; baseline 0 -14"><span class='ocrx_word' id='word_1_292' title='bbox 1940 1999 2088 2054; x_wconf 88' lang='lat' dir='ltr'><strong>sedis</strong></span> <span class='ocrx_word' id='word_1_293' title='bbox 2139 2000 2382 2055; x_wconf 79' lang='lat' dir='ltr'><strong>ecclesize</strong></span> <span class='ocrx_word' id='word_1_294' title='bbox 2421 2002 2783 2068; x_wconf 86' lang='lat' dir='ltr'><strong>conﬁrmavit,</strong></span> <span class='ocrx_word' id='word_1_295' title='bbox 2827 2003 2968 2057; x_wconf 83' lang='lat' dir='ltr'><strong>sicut</strong></span> <span class='ocrx_word' id='word_1_296' title='bbox 3015 2007 3068 2057; x_wconf 86' lang='lat' dir='ltr'><strong>in</strong></span> <span class='ocrx_word' id='word_1_297' title='bbox 3110 2017 3174 2056; x_wconf 90' lang='lat' dir='ltr'><strong>eo</strong></span> <span class='ocrx_word' id='word_1_298' title='bbox 3221 2001 3526 2057; x_wconf 87' lang='lat' dir='ltr'><strong>continetur</strong></span> 
     </span>
    </p>
   </div>
   <div class='ocr_carea' id='block_1_49' title="bbox 1939 2088 3068 2146">
    <p class='ocr_par' dir='ltr' id='par_1_49' title="bbox 1939 2088 3068 2146">
     <span class='ocr_line' id='line_1_49' title="bbox 1939 2088 3068 2146; baseline -0.004 -1"><span class='ocrx_word' id='word_1_299' title='bbox 1939 2088 2226 2146; x_wconf 89' lang='lat' dir='ltr'><strong>insertum.</strong></span> <span class='ocrx_word' id='word_1_300' title='bbox 3066 2139 3068 2141; x_wconf 71' lang='grc'><strong>,</strong></span> 
     </span>
    </p>
   </div>
   <div class='ocr_carea' id='block_1_50' title="bbox 2011 2182 3524 2257">
    <p class='ocr_par' dir='ltr' id='par_1_50' title="bbox 2011 2182 3524 2257">
     <span class='ocr_line' id='line_1_50' title="bbox 2011 2182 3524 2257; baseline 0.003 -21"><span class='ocrx_word' id='word_1_301' title='bbox 2011 2182 2205 2239; x_wconf 73' lang='lat' dir='ltr'><strong>XXIV.</strong></span> <span class='ocrx_word' id='word_1_302' title='bbox 2247 2183 2586 2257; x_wconf 74' lang='lat' dir='ltr'><strong>Prmeeptum</strong></span> <span class='ocrx_word' id='word_1_303' title='bbox 2616 2187 2761 2256; x_wconf 88' lang='lat' dir='ltr'><strong>quod</strong></span> <span class='ocrx_word' id='word_1_304' title='bbox 2800 2185 2932 2241; x_wconf 82' lang='lat' dir='ltr'><strong>feeit</strong></span> <span class='ocrx_word' id='word_1_305' title='bbox 2964 2185 3196 2242; x_wconf 80' lang='lat' dir='ltr'><strong>domnus</strong></span> <span class='ocrx_word' id='word_1_306' title='bbox 3221 2184 3524 2240; x_wconf 83' lang='lat' dir='ltr'><strong>Ludovicus</strong></span> 
     </span>
    </p>
   </div>
   <div class='ocr_carea' id='block_1_51' title="bbox 1936 2277 3524 2351">
    <p class='ocr_par' dir='ltr' id='par_1_51' title="bbox 1936 2277 3524 2351">
     <span class='ocr_line' id='line_1_51' title="bbox 1936 2277 3524 2351; baseline -0.001 -18"><span class='ocrx_word' id='word_1_307' title='bbox 1936 2277 2236 2349; x_wconf 87' lang='lat' dir='ltr'><strong>imperator</strong></span> <span class='ocrx_word' id='word_1_308' title='bbox 2275 2277 2546 2335; x_wconf 85' lang='lat' dir='ltr'><strong>Franconi</strong></span> <span class='ocrx_word' id='word_1_309' title='bbox 2593 2279 2846 2351; x_wconf 88' lang='lat' dir='ltr'><strong>episcopo</strong></span> <span class='ocrx_word' id='word_1_310' title='bbox 2894 2278 2962 2335; x_wconf 90' lang='lat' dir='ltr'><strong>de</strong></span> <span class='ocrx_word' id='word_1_311' title='bbox 2999 2278 3283 2348; x_wconf 85' lang='lat' dir='ltr'><strong>mancipiis</strong></span> <span class='ocrx_word' id='word_1_312' title='bbox 3323 2286 3524 2338; x_wconf 66' lang='lat' dir='ltr'><strong>sancta:</strong></span> 
     </span>
    </p>
   </div>
   <div class='ocr_carea' id='block_1_52' title="bbox 1936 2369 3518 2444">
    <p class='ocr_par' dir='ltr' id='par_1_52' title="bbox 1936 2369 3518 2444">
     <span class='ocr_line' id='line_1_52' title="bbox 1936 2369 3518 2444; baseline -0.003 -16"><span class='ocrx_word' id='word_1_313' title='bbox 1936 2371 2121 2429; x_wconf 75' lang='lat' dir='ltr'><strong>Maria:</strong></span> <span class='ocrx_word' id='word_1_314' title='bbox 2145 2381 2201 2428; x_wconf 91' lang='lat' dir='ltr'><strong>et</strong></span> <span class='ocrx_word' id='word_1_315' title='bbox 2239 2371 2414 2427; x_wconf 88' lang='lat' dir='ltr'><strong>sancti</strong></span> <span class='ocrx_word' id='word_1_316' title='bbox 2452 2369 2742 2444; x_wconf 88' lang='lat' dir='ltr'><strong>Carilepbi,</strong></span> <span class='ocrx_word' id='word_1_317' title='bbox 2775 2369 2830 2426; x_wconf 91' lang='lat' dir='ltr'><strong>in</strong></span> <span class='ocrx_word' id='word_1_318' title='bbox 2856 2385 2962 2441; x_wconf 89' lang='lat' dir='ltr'><strong>quo</strong></span> <span class='ocrx_word' id='word_1_319' title='bbox 2992 2370 3301 2427; x_wconf 84' lang='lat' dir='ltr'><strong>continetur</strong></span> <span class='ocrx_word' id='word_1_320' title='bbox 3330 2383 3518 2428; x_wconf 88' lang='lat' dir='ltr'><strong>mona-</strong></span> 
     </span>
    </p>
   </div>
   <div class='ocr_carea' id='block_1_53' title="bbox 1936 2459 3520 2533">
    <p class='ocr_par' dir='ltr' id='par_1_53' title="bbox 1936 2459 3520 2533">
     <span class='ocr_line' id='line_1_53' title="bbox 1936 2459 3520 2533; baseline -0.002 -15"><span class='ocrx_word' id='word_1_321' title='bbox 1936 2463 2162 2518; x_wconf 81' lang='lat' dir='ltr'><strong>sterium</strong></span> <span class='ocrx_word' id='word_1_322' title='bbox 2182 2461 2418 2518; x_wconf 65' lang='lat' dir='ltr'><strong>Anisolaz</strong></span> <span class='ocrx_word' id='word_1_323' title='bbox 2446 2461 2748 2533; x_wconf 87' lang='lat' dir='ltr'><strong>subjectum</strong></span> <span class='ocrx_word' id='word_1_324' title='bbox 2771 2475 2892 2518; x_wconf 90' lang='lat' dir='ltr'><strong>esse</strong></span> <span class='ocrx_word' id='word_1_325' title='bbox 2918 2461 3118 2518; x_wconf 87' lang='lat' dir='ltr'><strong>debere</strong></span> <span class='ocrx_word' id='word_1_326' title='bbox 3145 2459 3520 2517; x_wconf 77' lang='lat' dir='ltr'><strong>Cenomanicze</strong></span> 
     </span>
    </p>
   </div>
   <div class='ocr_carea' id='block_1_54' title="bbox 1935 2553 2402 2612">
    <p class='ocr_par' dir='ltr' id='par_1_54' title="bbox 1935 2553 2402 2612">
     <span class='ocr_line' id='line_1_54' title="bbox 1935 2553 2402 2612; baseline -0.011 0"><span class='ocrx_word' id='word_1_327' title='bbox 1935 2555 2100 2612; x_wconf 86' lang='lat' dir='ltr'><strong>matri</strong></span> <span class='ocrx_word' id='word_1_328' title='bbox 2129 2553 2402 2611; x_wconf 63' lang='lat' dir='ltr'><strong>Ecclesiae.</strong></span> 
     </span>
    </p>
   </div>
   <div class='ocr_carea' id='block_1_55' title="bbox 2006 2639 3520 2720">
    <p class='ocr_par' dir='ltr' id='par_1_55' title="bbox 2006 2639 3520 2720">
     <span class='ocr_line' id='line_1_55' title="bbox 2006 2639 3520 2720; baseline -0.004 -16"><span class='ocrx_word' id='word_1_329' title='bbox 2006 2645 2175 2706; x_wconf 71' lang='lat' dir='ltr'><strong>XXV.</strong></span> <span class='ocrx_word' id='word_1_330' title='bbox 2224 2647 2559 2720; x_wconf 79' lang='lat' dir='ltr'><strong>Praeceptum</strong></span> <span class='ocrx_word' id='word_1_331' title='bbox 2609 2646 2752 2718; x_wconf 85' lang='lat' dir='ltr'><strong>quod</strong></span> <span class='ocrx_word' id='word_1_332' title='bbox 2806 2643 2935 2702; x_wconf 84' lang='lat' dir='ltr'><strong>fecit</strong></span> <span class='ocrx_word' id='word_1_333' title='bbox 3000 2643 3230 2700; x_wconf 86' lang='lat' dir='ltr'><strong>domnus</strong></span> <span class='ocrx_word' id='word_1_334' title='bbox 3293 2639 3520 2699; x_wconf 89' lang='lat' dir='ltr'><strong>Carolus</strong></span> 
     </span>
    </p>
   </div>
   <div class='ocr_carea' id='block_1_56' title="bbox 1933 2733 3519 2807">
    <p class='ocr_par' dir='ltr' id='par_1_56' title="bbox 1933 2733 3519 2807">
     <span class='ocr_line' id='line_1_56' title="bbox 1933 2733 3519 2807; baseline -0.004 -12"><span class='ocrx_word' id='word_1_335' title='bbox 1933 2735 2206 2795; x_wconf 86' lang='lat' dir='ltr'><strong>Franconi</strong></span> <span class='ocrx_word' id='word_1_336' title='bbox 2235 2737 2490 2807; x_wconf 87' lang='lat' dir='ltr'><strong>episcopo</strong></span> <span class='ocrx_word' id='word_1_337' title='bbox 2533 2736 2748 2805; x_wconf 84' lang='lat' dir='ltr'><strong>quando</strong></span> <span class='ocrx_word' id='word_1_338' title='bbox 2780 2736 2830 2790; x_wconf 91' lang='lat' dir='ltr'><strong>ei</strong></span> <span class='ocrx_word' id='word_1_339' title='bbox 2865 2735 3131 2790; x_wconf 88' lang='lat' dir='ltr'><strong>concessit</strong></span> <span class='ocrx_word' id='word_1_340' title='bbox 3162 2742 3222 2788; x_wconf 88' lang='lat' dir='ltr'><strong>ut</strong></span> <span class='ocrx_word' id='word_1_341' title='bbox 3253 2733 3438 2794; x_wconf 81' lang='lat' dir='ltr'><strong>hostes</strong></span> <span class='ocrx_word' id='word_1_342' title='bbox 3465 2740 3519 2789; x_wconf 86' lang='lat' dir='ltr'><strong>et</strong></span> 
     </span>
    </p>
   </div>
   <div class='ocr_carea' id='block_1_57' title="bbox 1935 2824 3518 2894">
    <p class='ocr_par' dir='ltr' id='par_1_57' title="bbox 1935 2824 3518 2894">
     <span class='ocr_line' id='line_1_57' title="bbox 1935 2824 3518 2894; baseline -0.004 -9"><span class='ocrx_word' id='word_1_343' title='bbox 1935 2829 2131 2886; x_wconf 87' lang='lat' dir='ltr'><strong>itinera</strong></span> <span class='ocrx_word' id='word_1_344' title='bbox 2155 2829 2298 2883; x_wconf 82' lang='lat' dir='ltr'><strong>nulla</strong></span> <span class='ocrx_word' id='word_1_345' title='bbox 2319 2827 2546 2892; x_wconf 84' lang='lat' dir='ltr'><strong>faceret,</strong></span> <span class='ocrx_word' id='word_1_346' title='bbox 2565 2827 2657 2882; x_wconf 92' lang='lat' dir='ltr'><strong>sed</strong></span> <span class='ocrx_word' id='word_1_347' title='bbox 2681 2826 3008 2894; x_wconf 79' lang='lat' dir='ltr'><strong>Adalgbisus</strong></span> <span class='ocrx_word' id='word_1_348' title='bbox 3035 2839 3164 2880; x_wconf 89' lang='lat' dir='ltr'><strong>suus</strong></span> <span class='ocrx_word' id='word_1_349' title='bbox 3183 2824 3518 2894; x_wconf 86' lang='lat' dir='ltr'><strong>propinquus</strong></span> 
     </span>
    </p>
   </div>
   <div class='ocr_carea' id='block_1_58' title="bbox 1935 2913 3517 2992">
    <p class='ocr_par' dir='ltr' id='par_1_58' title="bbox 1935 2913 3517 2992">
     <span class='ocr_line' id='line_1_58' title="bbox 1935 2913 3517 2992; baseline -0.006 -14"><span class='ocrx_word' id='word_1_350' title='bbox 1935 2922 2118 2980; x_wconf 85' lang='lat' dir='ltr'><strong>omnia</strong></span> <span class='ocrx_word' id='word_1_351' title='bbox 2149 2918 2347 2992; x_wconf 72' lang='lat' dir='ltr'><strong>regalia</strong></span> <span class='ocrx_word' id='word_1_352' title='bbox 2379 2917 2602 2976; x_wconf 78' lang='lat' dir='ltr'><strong>servitia</strong></span> <span class='ocrx_word' id='word_1_353' title='bbox 2629 2931 2730 2988; x_wconf 91' lang='lat' dir='ltr'><strong>pro</strong></span> <span class='ocrx_word' id='word_1_354' title='bbox 2769 2930 2835 2971; x_wconf 90' lang='lat' dir='ltr'><strong>eo</strong></span> <span class='ocrx_word' id='word_1_355' title='bbox 2874 2914 3100 2980; x_wconf 84' lang='lat' dir='ltr'><strong>faceret,</strong></span> <span class='ocrx_word' id='word_1_356' title='bbox 3142 2922 3199 2969; x_wconf 90' lang='lat' dir='ltr'><strong>et</strong></span> <span class='ocrx_word' id='word_1_357' title='bbox 3221 2929 3318 2985; x_wconf 89' lang='lat' dir='ltr'><strong>per</strong></span> <span class='ocrx_word' id='word_1_358' title='bbox 3351 2913 3517 2969; x_wconf 84' lang='lat' dir='ltr'><strong>licen-</strong></span> 
     </span>
    </p>
   </div>
   <div class='ocr_carea' id='block_1_59' title="bbox 1937 3005 3518 3080">
    <p class='ocr_par' dir='ltr' id='par_1_59' title="bbox 1937 3005 3518 3080">
     <span class='ocr_line' id='line_1_59' title="bbox 1937 3005 3518 3080; baseline -0.004 -14"><span class='ocrx_word' id='word_1_359' title='bbox 1937 3014 2067 3069; x_wconf 87' lang='lat' dir='ltr'><strong>tiam</strong></span> <span class='ocrx_word' id='word_1_360' title='bbox 2093 3011 2392 3070; x_wconf 85' lang='lat' dir='ltr'><strong>Franconis</strong></span> <span class='ocrx_word' id='word_1_361' title='bbox 2417 3010 2650 3080; x_wconf 86' lang='lat' dir='ltr'><strong>aliquam</strong></span> <span class='ocrx_word' id='word_1_362' title='bbox 2677 3016 2888 3080; x_wconf 88' lang='lat' dir='ltr'><strong>partem</strong></span> <span class='ocrx_word' id='word_1_363' title='bbox 2918 3007 3147 3063; x_wconf 85' lang='lat' dir='ltr'><strong>abbatiae</strong></span> <span class='ocrx_word' id='word_1_364' title='bbox 3171 3006 3343 3063; x_wconf 89' lang='lat' dir='ltr'><strong>sancti</strong></span> <span class='ocrx_word' id='word_1_365' title='bbox 3366 3005 3518 3065; x_wconf 84' lang='lat' dir='ltr'><strong>Cari-</strong></span> 
     </span>
    </p>
   </div>
   <div class='ocr_carea' id='block_1_60' title="bbox 1935 3099 3516 3175">
    <p class='ocr_par' dir='ltr' id='par_1_60' title="bbox 1935 3099 3516 3175">
     <span class='ocr_line' id='line_1_60' title="bbox 1935 3099 3516 3175; baseline -0.004 -15"><span class='ocrx_word' id='word_1_366' title='bbox 1935 3105 2080 3175; x_wconf 88' lang='lat' dir='ltr'><strong>lepbi</strong></span> <span class='ocrx_word' id='word_1_367' title='bbox 2115 3112 2344 3169; x_wconf 90' lang='lat' dir='ltr'><strong>teneret,</strong></span> <span class='ocrx_word' id='word_1_368' title='bbox 2373 3112 2428 3158; x_wconf 92' lang='lat' dir='ltr'><strong>et</strong></span> <span class='ocrx_word' id='word_1_369' title='bbox 2450 3109 2574 3174; x_wconf 91' lang='lat' dir='ltr'><strong>post</strong></span> <span class='ocrx_word' id='word_1_370' title='bbox 2601 3102 2806 3158; x_wconf 89' lang='lat' dir='ltr'><strong>obitum</strong></span> <span class='ocrx_word' id='word_1_371' title='bbox 2829 3099 3107 3170; x_wconf 78' lang='lat' dir='ltr'><strong>Adalghisi</strong></span> <span class='ocrx_word' id='word_1_372' title='bbox 3137 3100 3204 3168; x_wconf 86' lang='lat' dir='ltr'><strong>ad</strong></span> <span class='ocrx_word' id='word_1_373' title='bbox 3227 3100 3318 3170; x_wconf 88' lang='lat' dir='ltr'><strong>jus</strong></span> <span class='ocrx_word' id='word_1_374' title='bbox 3351 3108 3408 3156; x_wconf 88' lang='lat' dir='ltr'><strong>et</strong></span> <span class='ocrx_word' id='word_1_375' title='bbox 3429 3113 3516 3156; x_wconf 86' lang='lat' dir='ltr'><strong>re-</strong></span> 
     </span>
    </p>
   </div>
   <div class='ocr_carea' id='block_1_61' title="bbox 313 3171 1833 3292">
    <p class='ocr_par' dir='ltr' id='par_1_61' title="bbox 313 3213 1827 3292">
     <span class='ocr_line' id='line_1_61' title="bbox 313 3213 1827 3292; baseline 0.003 -21"><span class='ocrx_word' id='word_1_376' title='bbox 313 3213 384 3271; x_wconf 86' lang='lat' dir='ltr'><strong>X.</strong></span> <span class='ocrx_word' id='word_1_377' title='bbox 417 3215 668 3272; x_wconf 85' lang='lat' dir='ltr'><strong>Precaria</strong></span> <span class='ocrx_word' id='word_1_378' title='bbox 701 3230 863 3290; x_wconf 85' lang='lat' dir='ltr'><strong>quam</strong></span> <span class='ocrx_word' id='word_1_379' title='bbox 889 3215 1204 3276; x_wconf 80' lang='lat' dir='ltr'><strong>Haduindus</strong></span> <span class='ocrx_word' id='word_1_380' title='bbox 1234 3219 1520 3292; x_wconf 85' lang='lat' dir='ltr'><strong>episcopus</strong></span> <span class='ocrx_word' id='word_1_381' title='bbox 1543 3221 1607 3278; x_wconf 87' lang='lat' dir='ltr'><strong>de</strong></span> <span class='ocrx_word' id='word_1_382' title='bbox 1635 3233 1827 3278; x_wconf 84' lang='lat' dir='ltr'><strong>mona-</strong></span> 
     </span>
    </p>
   </div>
   <div class='ocr_carea' id='block_1_62' title="bbox 1930 3171 3516 3292">
    <p class='ocr_par' dir='ltr' id='par_1_62' title="bbox 1933 3171 3516 3271">
     <span class='ocr_line' id='line_1_62' title="bbox 1933 3171 3516 3271; baseline -0.003 -18"><span class='ocrx_word' id='word_1_383' title='bbox 1933 3171 2114 3271; x_wconf 68' lang='lat' dir='ltr'><strong>giinen</strong></span> <span class='ocrx_word' id='word_1_384' title='bbox 2180 3171 2554 3252; x_wconf 64' lang='lat' dir='ltr'><strong>Cenomanicae</strong></span> <span class='ocrx_word' id='word_1_385' title='bbox 2604 3200 2796 3251; x_wconf 80' lang='lat' dir='ltr'><strong>matris</strong></span> <span class='ocrx_word' id='word_1_386' title='bbox 2859 3193 3101 3250; x_wconf 68' lang='lat' dir='ltr'><strong>ecclesiae</strong></span> <span class='ocrx_word' id='word_1_387' title='bbox 3157 3195 3359 3263; x_wconf 88' lang='lat' dir='ltr'><strong>absque</strong></span> <span class='ocrx_word' id='word_1_388' title='bbox 3406 3193 3516 3249; x_wconf 89' lang='lat' dir='ltr'><strong>ulla</strong></span> 
     </span>
    </p>
   </div>
   <div class='ocr_carea' id='block_1_63' title="bbox 242 3307 1587 3383">
    <p class='ocr_par' dir='ltr' id='par_1_63' title="bbox 242 3307 1587 3383">
     <span class='ocr_line' id='line_1_63' title="bbox 242 3307 1587 3383; baseline 0.002 -20"><span class='ocrx_word' id='word_1_389' title='bbox 242 3307 414 3365; x_wconf 81' lang='lat' dir='ltr'><strong>sterio</strong></span> <span class='ocrx_word' id='word_1_390' title='bbox 435 3308 614 3368; x_wconf 87' lang='lat' dir='ltr'><strong>sancti</strong></span> <span class='ocrx_word' id='word_1_391' title='bbox 638 3307 906 3380; x_wconf 79' lang='lat' dir='ltr'><strong>Carilepbi</strong></span> <span class='ocrx_word' id='word_1_392' title='bbox 935 3309 1206 3383; x_wconf 75' lang='lat' dir='ltr'><strong>Sigranno</strong></span> <span class='ocrx_word' id='word_1_393' title='bbox 1229 3311 1412 3368; x_wconf 85' lang='lat' dir='ltr'><strong>abbati</strong></span> <span class='ocrx_word' id='word_1_394' title='bbox 1441 3311 1587 3370; x_wconf 86' lang='lat' dir='ltr'><strong>fecit.</strong></span> 
     </span>
    </p>
   </div>
   <div class='ocr_carea' id='block_1_64' title="bbox 312 3423 1829 3498">
    <p class='ocr_par' dir='ltr' id='par_1_64' title="bbox 312 3423 1829 3498">
     <span class='ocr_line' id='line_1_64' title="bbox 312 3423 1829 3498; baseline 0.006 -20"><span class='ocrx_word' id='word_1_395' title='bbox 312 3423 408 3480; x_wconf 90' lang='lat' dir='ltr'><strong>XI.</strong></span> <span class='ocrx_word' id='word_1_396' title='bbox 451 3423 783 3496; x_wconf 71' lang='lat' dir='ltr'><strong>Przeceptum</strong></span> <span class='ocrx_word' id='word_1_397' title='bbox 836 3427 980 3498; x_wconf 89' lang='lat' dir='ltr'><strong>quod</strong></span> <span class='ocrx_word' id='word_1_398' title='bbox 1027 3445 1124 3484; x_wconf 80' lang='lat' dir='ltr'><strong>rex</strong></span> <span class='ocrx_word' id='word_1_399' title='bbox 1170 3428 1480 3488; x_wconf 89' lang='lat' dir='ltr'><strong>Chlotarius</strong></span> <span class='ocrx_word' id='word_1_400' title='bbox 1541 3427 1829 3487; x_wconf 83' lang='lat' dir='ltr'><strong>Haduindo</strong></span> 
     </span>
    </p>
   </div>
   <div class='ocr_carea' id='block_1_65' title="bbox 241 3517 1827 3590">
    <p class='ocr_par' dir='ltr' id='par_1_65' title="bbox 241 3517 1827 3590">
     <span class='ocr_line' id='line_1_65' title="bbox 241 3517 1827 3590; baseline 0.003 -18"><span class='ocrx_word' id='word_1_401' title='bbox 241 3517 498 3587; x_wconf 84' lang='lat' dir='ltr'><strong>episcopo</strong></span> <span class='ocrx_word' id='word_1_402' title='bbox 518 3523 574 3571; x_wconf 88' lang='lat' dir='ltr'><strong>et</strong></span> <span class='ocrx_word' id='word_1_403' title='bbox 615 3517 884 3590; x_wconf 65' lang='grc' dir='ltr'><strong>εἰει-τηιιο</strong></span> <span class='ocrx_word' id='word_1_404' title='bbox 925 3519 1109 3576; x_wconf 85' lang='lat' dir='ltr'><strong>abbati</strong></span> <span class='ocrx_word' id='word_1_405' title='bbox 1135 3519 1206 3576; x_wconf 84' lang='lat' dir='ltr'><strong>de</strong></span> <span class='ocrx_word' id='word_1_406' title='bbox 1235 3520 1566 3576; x_wconf 78' lang='lat' dir='ltr'><strong>monasterio</strong></span> <span class='ocrx_word' id='word_1_407' title='bbox 1603 3519 1827 3578; x_wconf 84' lang='lat' dir='ltr'><strong>Anisola</strong></span> 
     </span>
    </p>
   </div>
   <div class='ocr_carea' id='block_1_66' title="bbox 241 3609 393 3665">
    <p class='ocr_par' dir='ltr' id='par_1_66' title="bbox 241 3609 393 3665">
     <span class='ocr_line' id='line_1_66' title="bbox 241 3609 393 3665; baseline -0.013 1"><span class='ocrx_word' id='word_1_408' title='bbox 241 3609 393 3665; x_wconf 78' lang='lat' dir='ltr'><strong>fecit.</strong></span> 
     </span>
    </p>
   </div>
   <div class='ocr_carea' id='block_1_67' title="bbox 309 3719 1826 3798">
    <p class='ocr_par' dir='ltr' id='par_1_67' title="bbox 309 3719 1826 3798">
     <span class='ocr_line' id='line_1_67' title="bbox 309 3719 1826 3798; baseline 0.004 -20"><span class='ocrx_word' id='word_1_409' title='bbox 309 3719 424 3778; x_wconf 90' lang='lat' dir='ltr'><strong>XII.</strong></span> <span class='ocrx_word' id='word_1_410' title='bbox 487 3719 824 3793; x_wconf 76' lang='lat' dir='ltr'><strong>Praeceptum</strong></span> <span class='ocrx_word' id='word_1_411' title='bbox 883 3725 1200 3782; x_wconf 89' lang='lat' dir='ltr'><strong>emunitatis</strong></span> <span class='ocrx_word' id='word_1_412' title='bbox 1262 3728 1405 3798; x_wconf 87' lang='lat' dir='ltr'><strong>quod</strong></span> <span class='ocrx_word' id='word_1_413' title='bbox 1480 3725 1608 3782; x_wconf 80' lang='lat' dir='ltr'><strong>fecit</strong></span> <span class='ocrx_word' id='word_1_414' title='bbox 1665 3725 1826 3784; x_wconf 91' lang='lat' dir='ltr'><strong>Chlo-</strong></span> 
     </span>
    </p>
   </div>
   <div class='ocr_carea' id='block_1_68' title="bbox 241 3815 1822 3894">
    <p class='ocr_par' dir='ltr' id='par_1_68' title="bbox 241 3815 1822 3894">
     <span class='ocr_line' id='line_1_68' title="bbox 241 3815 1822 3894; baseline 0.004 -24"><span class='ocrx_word' id='word_1_415' title='bbox 241 3815 412 3872; x_wconf 86' lang='lat' dir='ltr'><strong>tarius</strong></span> <span class='ocrx_word' id='word_1_416' title='bbox 441 3827 536 3872; x_wconf 81' lang='lat' dir='ltr'><strong>rex</strong></span> <span class='ocrx_word' id='word_1_417' title='bbox 581 3817 867 3875; x_wconf 79' lang='lat' dir='ltr'><strong>Haduindo</strong></span> <span class='ocrx_word' id='word_1_418' title='bbox 911 3820 1161 3894; x_wconf 87' lang='lat' dir='ltr'><strong>episcopo</strong></span> <span class='ocrx_word' id='word_1_419' title='bbox 1209 3819 1276 3876; x_wconf 91' lang='lat' dir='ltr'><strong>de</strong></span> <span class='ocrx_word' id='word_1_420' title='bbox 1305 3822 1636 3876; x_wconf 90' lang='lat' dir='ltr'><strong>monasterio</strong></span> <span class='ocrx_word' id='word_1_421' title='bbox 1689 3821 1822 3876; x_wconf 83' lang='lat' dir='ltr'><strong>Ani-</strong></span> 
     </span>
    </p>
   </div>
   <div class='ocr_carea' id='block_1_69' title="bbox 239 3905 1822 3984">
    <p class='ocr_par' dir='ltr' id='par_1_69' title="bbox 239 3905 1822 3984">
     <span class='ocr_line' id='line_1_69' title="bbox 239 3905 1822 3984; baseline 0.005 -22"><span class='ocrx_word' id='word_1_422' title='bbox 239 3905 351 3962; x_wconf 91' lang='lat' dir='ltr'><strong>sola</strong></span> <span class='ocrx_word' id='word_1_423' title='bbox 381 3916 438 3962; x_wconf 89' lang='lat' dir='ltr'><strong>et</strong></span> <span class='ocrx_word' id='word_1_424' title='bbox 465 3905 532 3964; x_wconf 87' lang='lat' dir='ltr'><strong>de</strong></span> <span class='ocrx_word' id='word_1_425' title='bbox 560 3907 812 3965; x_wconf 90' lang='lat' dir='ltr'><strong>omnibus</strong></span> <span class='ocrx_word' id='word_1_426' title='bbox 857 3905 1056 3967; x_wconf 87' lang='lat' dir='ltr'><strong>villulis</strong></span> <span class='ocrx_word' id='word_1_427' title='bbox 1097 3919 1152 3967; x_wconf 92' lang='lat' dir='ltr'><strong>et</strong></span> <span class='ocrx_word' id='word_1_428' title='bbox 1186 3913 1348 3968; x_wconf 88' lang='lat' dir='ltr'><strong>rebus</strong></span> <span class='ocrx_word' id='word_1_429' title='bbox 1390 3913 1457 3968; x_wconf 90' lang='lat' dir='ltr'><strong>ad</strong></span> <span class='ocrx_word' id='word_1_430' title='bbox 1495 3913 1626 3968; x_wconf 90' lang='lat' dir='ltr'><strong>illud</strong></span> <span class='ocrx_word' id='word_1_431' title='bbox 1652 3914 1822 3984; x_wconf 89' lang='lat' dir='ltr'><strong>perti-</strong></span> 
     </span>
    </p>
   </div>
   <div class='ocr_carea' id='block_1_70' title="bbox 241 4000 516 4057">
    <p class='ocr_par' dir='ltr' id='par_1_70' title="bbox 241 4000 516 4057">
     <span class='ocr_line' id='line_1_70' title="bbox 241 4000 516 4057; baseline 0.007 -3"><span class='ocrx_word' id='word_1_432' title='bbox 241 4000 516 4057; x_wconf 85' lang='lat' dir='ltr'><strong>uentibus.</strong></span> 
     </span>
    </p>
   </div>
   <div class='ocr_carea' id='block_1_71' title="bbox 306 4089 1824 4172">
    <p class='ocr_par' dir='ltr' id='par_1_71' title="bbox 306 4089 1824 4172">
     <span class='ocr_line' id='line_1_71' title="bbox 306 4089 1824 4172; baseline 0.006 -24"><span class='ocrx_word' id='word_1_433' title='bbox 306 4089 740 4152; x_wconf 83' lang='lat' dir='ltr'><strong>XIII.‘Precaria</strong></span> <span class='ocrx_word' id='word_1_434' title='bbox 811 4111 973 4167; x_wconf 87' lang='lat' dir='ltr'><strong>quam</strong></span> <span class='ocrx_word' id='word_1_435' title='bbox 1029 4097 1257 4154; x_wconf 89' lang='lat' dir='ltr'><strong>domnus</strong></span> <span class='ocrx_word' id='word_1_436' title='bbox 1310 4099 1562 4155; x_wconf 81' lang='lat' dir='ltr'><strong>Berarius</strong></span> <span class='ocrx_word' id='word_1_437' title='bbox 1615 4099 1824 4172; x_wconf 84' lang='lat' dir='ltr'><strong>episco-</strong></span> 
     </span>
    </p>
   </div>
   <div class='ocr_carea' id='block_1_72' title="bbox 235 4187 1856 4263">
    <p class='ocr_par' dir='ltr' id='par_1_72' title="bbox 235 4187 1856 4263">
     <span class='ocr_line' id='line_1_72' title="bbox 235 4187 1856 4263; baseline 0.004 -21"><span class='ocrx_word' id='word_1_438' title='bbox 235 4202 336 4258; x_wconf 88' lang='lat' dir='ltr'><strong>pus</strong></span> <span class='ocrx_word' id='word_1_439' title='bbox 365 4187 431 4244; x_wconf 88' lang='lat' dir='ltr'><strong>de</strong></span> <span class='ocrx_word' id='word_1_440' title='bbox 458 4187 791 4247; x_wconf 85' lang='lat' dir='ltr'><strong>monasterio</strong></span> <span class='ocrx_word' id='word_1_441' title='bbox 836 4190 1010 4246; x_wconf 90' lang='lat' dir='ltr'><strong>sancti</strong></span> <span class='ocrx_word' id='word_1_442' title='bbox 1036 4188 1309 4263; x_wconf 83' lang='lat' dir='ltr'><strong>Carilepbi</strong></span> <span class='ocrx_word' id='word_1_443' title='bbox 1344 4189 1596 4249; x_wconf 89' lang='lat' dir='ltr'><strong>Ibboleno</strong></span> <span class='ocrx_word' id='word_1_444' title='bbox 1638 4189 1822 4249; x_wconf 88' lang='lat' dir='ltr'><strong>abbati</strong></span> <span class='ocrx_word' id='word_1_445' title='bbox 1853 4207 1856 4212; x_wconf 84' lang='lat'>&#39;</span> 
     </span>
    </p>
   </div>
   <div class='ocr_carea' id='block_1_73' title="bbox 235 4281 381 4337">
    <p class='ocr_par' dir='ltr' id='par_1_73' title="bbox 235 4281 381 4337">
     <span class='ocr_line' id='line_1_73' title="bbox 235 4281 381 4337; baseline 0.014 -3"><span class='ocrx_word' id='word_1_446' title='bbox 235 4281 381 4337; x_wconf 82' lang='lat' dir='ltr'><strong>Iecit.</strong></span> 
     </span>
    </p>
   </div>
   <div class='ocr_carea' id='block_1_74' title="bbox 305 4391 1820 4490">
    <p class='ocr_par' dir='ltr' id='par_1_74' title="bbox 305 4391 1820 4490">
     <span class='ocr_line' id='line_1_74' title="bbox 305 4391 1820 4490; baseline 0.006 -43"><span class='ocrx_word' id='word_1_447' title='bbox 305 4391 443 4450; x_wconf 81' lang='lat' dir='ltr'><strong>XIV.</strong></span> <span class='ocrx_word' id='word_1_448' title='bbox 469 4392 806 4476; x_wconf 72' lang='lat' dir='ltr'><strong>Praeceptum</strong></span> <span class='ocrx_word' id='word_1_449' title='bbox 835 4393 1126 4478; x_wconf 73' lang='lat' dir='ltr'><strong>Dagoberti</strong></span> <span class='ocrx_word' id='word_1_450' title='bbox 1153 4398 1296 4476; x_wconf 75' lang='lat' dir='ltr'><strong>regis</strong></span> <span class='ocrx_word' id='word_1_451' title='bbox 1327 4412 1498 4490; x_wconf 55' lang='lat' dir='ltr'><strong>super:</strong></span> <span class='ocrx_word' id='word_1_452' title='bbox 1515 4400 1820 4470; x_wconf 74' lang='lat' dir='ltr'><strong>precariam</strong></span> 
     </span>
    </p>
   </div>
   <div class='ocr_carea' id='block_1_75' title="bbox 231 4487 1820 4568">
    <p class='ocr_par' dir='ltr' id='par_1_75' title="bbox 231 4487 1820 4568">
     <span class='ocr_line' id='line_1_75' title="bbox 231 4487 1820 4568; baseline 0.008 -27"><span class='ocrx_word' id='word_1_453' title='bbox 231 4487 470 4544; x_wconf 88' lang='lat' dir='ltr'><strong>Ibboleni</strong></span> <span class='ocrx_word' id='word_1_454' title='bbox 497 4491 707 4547; x_wconf 89' lang='lat' dir='ltr'><strong>abbatis</strong></span> <span class='ocrx_word' id='word_1_455' title='bbox 735 4507 898 4563; x_wconf 88' lang='lat' dir='ltr'><strong>quam</strong></span> <span class='ocrx_word' id='word_1_456' title='bbox 940 4508 972 4549; x_wconf 90' lang='lat' dir='ltr'><strong>a</strong></span> <span class='ocrx_word' id='word_1_457' title='bbox 1002 4494 1200 4552; x_wconf 91' lang='lat' dir='ltr'><strong>domno</strong></span> <span class='ocrx_word' id='word_1_458' title='bbox 1220 4489 1444 4552; x_wconf 77' lang='lat' dir='ltr'><strong>Berarie</strong></span> <span class='ocrx_word' id='word_1_459' title='bbox 1467 4487 1719 4568; x_wconf 71' lang='lat' dir='ltr'><strong>episcopo</strong></span> <span class='ocrx_word' id='word_1_460' title='bbox 1754 4494 1820 4553; x_wconf 85' lang='lat' dir='ltr'><strong>de</strong></span> 
     </span>
    </p>
   </div>
   <div class='ocr_carea' id='block_1_76' title="bbox 232 4585 1068 4664">
    <p class='ocr_par' dir='ltr' id='par_1_76' title="bbox 232 4585 1068 4664">
     <span class='ocr_line' id='line_1_76' title="bbox 232 4585 1068 4664; baseline 0.008 -27"><span class='ocrx_word' id='word_1_461' title='bbox 232 4585 564 4640; x_wconf 88' lang='lat' dir='ltr'><strong>monasterio</strong></span> <span class='ocrx_word' id='word_1_462' title='bbox 589 4585 812 4664; x_wconf 78' lang='lat' dir='ltr'><strong>Anisola</strong></span> <span class='ocrx_word' id='word_1_463' title='bbox 841 4589 1068 4660; x_wconf 90' lang='lat' dir='ltr'><strong>accepit.</strong></span> 
     </span>
    </p>
   </div>
   <div class='ocr_carea' id='block_1_77' title="bbox 1931 3283 3512 3365">
    <p class='ocr_par' dir='ltr' id='par_1_77' title="bbox 1931 3283 3512 3365">
     <span class='ocr_line' id='line_1_77' title="bbox 1931 3283 3512 3365; baseline -0.003 -19"><span class='ocrx_word' id='word_1_464' title='bbox 1931 3288 2360 3365; x_wconf 80' lang='lat' dir='ltr'><strong>contradictione</strong></span> <span class='ocrx_word' id='word_1_465' title='bbox 2389 3283 2712 3356; x_wconf 78' lang='lat' dir='ltr'><strong>revertetur,</strong></span> <span class='ocrx_word' id='word_1_466' title='bbox 2754 3287 2900 3346; x_wconf 83' lang='lat' dir='ltr'><strong>sicut</strong></span> <span class='ocrx_word' id='word_1_467' title='bbox 2924 3285 2978 3342; x_wconf 93' lang='lat' dir='ltr'><strong>in</strong></span> <span class='ocrx_word' id='word_1_468' title='bbox 3006 3300 3073 3342; x_wconf 90' lang='lat' dir='ltr'><strong>eo</strong></span> <span class='ocrx_word' id='word_1_469' title='bbox 3101 3285 3406 3342; x_wconf 87' lang='lat' dir='ltr'><strong>continetur</strong></span> <span class='ocrx_word' id='word_1_470' title='bbox 3429 3287 3512 3342; x_wconf 91' lang='lat' dir='ltr'><strong>in-</strong></span> 
     </span>
    </p>
   </div>
   <div class='ocr_carea' id='block_1_78' title="bbox 1929 3386 2154 3442">
    <p class='ocr_par' dir='ltr' id='par_1_78' title="bbox 1929 3386 2154 3442">
     <span class='ocr_line' id='line_1_78' title="bbox 1929 3386 2154 3442; baseline 0 -8"><span class='ocrx_word' id='word_1_471' title='bbox 1929 3386 2154 3442; x_wconf 81' lang='lat' dir='ltr'><strong>sertum.</strong></span> 
     </span>
    </p>
   </div>
   <div class='ocr_carea' id='block_1_79' title="bbox 1999 3469 3546 3542">
    <p class='ocr_par' dir='ltr' id='par_1_79' title="bbox 1999 3469 3546 3542">
     <span class='ocr_line' id='line_1_79' title="bbox 1999 3469 3546 3542; baseline 0.003 -18"><span class='ocrx_word' id='word_1_472' title='bbox 1999 3469 2136 3528; x_wconf 85' lang='lat' dir='ltr'><strong>Huic</strong></span> <span class='ocrx_word' id='word_1_473' title='bbox 2151 3469 2358 3542; x_wconf 85' lang='lat' dir='ltr'><strong>judicio</strong></span> <span class='ocrx_word' id='word_1_474' title='bbox 2377 3478 2434 3528; x_wconf 90' lang='lat' dir='ltr'><strong>et</strong></span> <span class='ocrx_word' id='word_1_475' title='bbox 2463 3470 2750 3528; x_wconf 90' lang='lat' dir='ltr'><strong>redditioni</strong></span> <span class='ocrx_word' id='word_1_476' title='bbox 2792 3472 3087 3531; x_wconf 79' lang='lat' dir='ltr'><strong>interfuere</strong></span> <span class='ocrx_word' id='word_1_477' title='bbox 3113 3473 3302 3531; x_wconf 88' lang='lat' dir='ltr'><strong>subter</strong></span> <span class='ocrx_word' id='word_1_478' title='bbox 3324 3472 3512 3530; x_wconf 87' lang='lat' dir='ltr'><strong>inserti</strong></span> <span class='ocrx_word' id='word_1_479' title='bbox 3541 3537 3546 3540; x_wconf 43' lang='grc'>,</span> 
     </span>
    </p>
   </div>
   <div class='ocr_carea' id='block_1_80' title="bbox 1925 3563 3512 3638">
    <p class='ocr_par' dir='ltr' id='par_1_80' title="bbox 1925 3563 3512 3638">
     <span class='ocr_line' id='line_1_80' title="bbox 1925 3563 3512 3638; baseline 0.001 -20"><span class='ocrx_word' id='word_1_480' title='bbox 1925 3563 2030 3620; x_wconf 85' lang='lat' dir='ltr'><strong>viri</strong></span> <span class='ocrx_word' id='word_1_481' title='bbox 2059 3578 2074 3620; x_wconf 88' lang='lat'><strong>:</strong></span> <span class='ocrx_word' id='word_1_482' title='bbox 2106 3563 2292 3622; x_wconf 84' lang='lat' dir='ltr'><strong>Judith</strong></span> <span class='ocrx_word' id='word_1_483' title='bbox 2331 3565 2676 3637; x_wconf 80' lang='lat' dir='ltr'><strong>lmperatrix,</strong></span> <span class='ocrx_word' id='word_1_484' title='bbox 2698 3564 2926 3622; x_wconf 89' lang='lat' dir='ltr'><strong>Carolus</strong></span> <span class='ocrx_word' id='word_1_485' title='bbox 2947 3565 3367 3638; x_wconf 73' lang='lat' dir='ltr'><strong>gloriosissimus</strong></span> <span class='ocrx_word' id='word_1_486' title='bbox 3394 3579 3512 3634; x_wconf 82' lang='lat' dir='ltr'><strong>rex,</strong></span> 
     </span>
    </p>
   </div>
   <div class='ocr_carea' id='block_1_81' title="bbox 1929 3660 3511 3734">
    <p class='ocr_par' dir='ltr' id='par_1_81' title="bbox 1929 3660 3511 3734">
     <span class='ocr_line' id='line_1_81' title="bbox 1929 3660 3511 3734; baseline -0.001 -17"><span class='ocrx_word' id='word_1_487' title='bbox 1929 3661 2108 3734; x_wconf 72' lang='lat' dir='ltr'><strong>Drogo</strong></span> <span class='ocrx_word' id='word_1_488' title='bbox 2148 3661 2590 3733; x_wconf 84' lang='lat' dir='ltr'><strong>archiepiscopus</strong></span> <span class='ocrx_word' id='word_1_489' title='bbox 2631 3669 2794 3733; x_wconf 88' lang='lat' dir='ltr'><strong>atque</strong></span> <span class='ocrx_word' id='word_1_490' title='bbox 2841 3661 3341 3734; x_wconf 86' lang='lat' dir='ltr'><strong>archicapellanus,</strong></span> <span class='ocrx_word' id='word_1_491' title='bbox 3383 3660 3511 3716; x_wconf 54' lang='lat' dir='ltr'><strong>Autr</strong></span> 
     </span>
    </p>
   </div>
   <div class='ocr_carea' id='block_1_82' title="bbox 1927 3755 3590 3828">
    <p class='ocr_par' dir='ltr' id='par_1_82' title="bbox 1927 3755 3590 3828">
     <span class='ocr_line' id='line_1_82' title="bbox 1927 3755 3590 3828; baseline -0.002 -14"><span class='ocrx_word' id='word_1_492' title='bbox 1927 3755 2112 3814; x_wconf 84' lang='lat' dir='ltr'><strong>carius</strong></span> <span class='ocrx_word' id='word_1_493' title='bbox 2155 3755 2616 3827; x_wconf 83' lang='lat' dir='ltr'><strong>archiepiscopus,</strong></span> <span class='ocrx_word' id='word_1_494' title='bbox 2643 3755 3011 3814; x_wconf 83' lang='lat' dir='ltr'><strong>Hadalboldus</strong></span> <span class='ocrx_word' id='word_1_495' title='bbox 3048 3756 3510 3828; x_wconf 84' lang='lat' dir='ltr'><strong>archiepiscopus,</strong></span> <span class='ocrx_word' id='word_1_496' title='bbox 3587 3791 3590 3794; x_wconf 58' lang='grc' dir='ltr'><em>ρ</em></span> 
     </span>
    </p>
   </div>
   <div class='ocr_carea' id='block_1_83' title="bbox 1926 3845 3510 3919">
    <p class='ocr_par' dir='ltr' id='par_1_83' title="bbox 1926 3845 3510 3919">
     <span class='ocr_line' id='line_1_83' title="bbox 1926 3845 3510 3919; baseline -0.001 -13"><span class='ocrx_word' id='word_1_497' title='bbox 1926 3845 2282 3906; x_wconf 76' lang='lat' dir='ltr'><strong>Auialuvinus</strong></span> <span class='ocrx_word' id='word_1_498' title='bbox 2325 3847 2798 3918; x_wconf 86' lang='lat' dir='ltr'><strong>archiepiscopus,</strong></span> <span class='ocrx_word' id='word_1_499' title='bbox 2843 3847 3106 3919; x_wconf 82' lang='lat' dir='ltr'><strong>Aiulphus</strong></span> <span class='ocrx_word' id='word_1_500' title='bbox 3148 3848 3510 3919; x_wconf 87' lang='lat' dir='ltr'><strong>archiepisco-</strong></span> 
     </span>
    </p>
   </div>
   <div class='ocr_carea' id='block_1_84' title="bbox 1923 3937 3508 4011">
    <p class='ocr_par' dir='ltr' id='par_1_84' title="bbox 1923 3937 3508 4011">
     <span class='ocr_line' id='line_1_84' title="bbox 1923 3937 3508 4011; baseline -0.001 -15"><span class='ocrx_word' id='word_1_501' title='bbox 1923 3951 2061 4010; x_wconf 85' lang='lat' dir='ltr'><strong>pus,</strong></span> <span class='ocrx_word' id='word_1_502' title='bbox 2103 3937 2366 3995; x_wconf 82' lang='lat' dir='ltr'><strong>Rataldus</strong></span> <span class='ocrx_word' id='word_1_503' title='bbox 2390 3939 2693 4011; x_wconf 90' lang='lat' dir='ltr'><strong>episcopus,</strong></span> <span class='ocrx_word' id='word_1_504' title='bbox 2723 3939 2966 3996; x_wconf 87' lang='lat' dir='ltr'><strong>Ecardus</strong></span> <span class='ocrx_word' id='word_1_505' title='bbox 3005 3941 3320 4011; x_wconf 89' lang='lat' dir='ltr'><strong>episcopus,</strong></span> <span class='ocrx_word' id='word_1_506' title='bbox 3351 3939 3508 3995; x_wconf 85' lang='lat' dir='ltr'><strong>Erar-</strong></span> 
     </span>
    </p>
   </div>
   <div class='ocr_carea' id='block_1_85' title="bbox 1925 4028 3484 4106">
    <p class='ocr_par' dir='ltr' id='par_1_85' title="bbox 1925 4028 3484 4106">
     <span class='ocr_line' id='line_1_85' title="bbox 1925 4028 3484 4106; baseline -0.001 -20"><span class='ocrx_word' id='word_1_507' title='bbox 1925 4030 2026 4086; x_wconf 87' lang='lat' dir='ltr'><strong>dus</strong></span> <span class='ocrx_word' id='word_1_508' title='bbox 2069 4030 2376 4100; x_wconf 87' lang='lat' dir='ltr'><strong>episcopus,</strong></span> <span class='ocrx_word' id='word_1_509' title='bbox 2405 4030 2677 4086; x_wconf 87' lang='lat' dir='ltr'><strong>Ebruinus</strong></span> <span class='ocrx_word' id='word_1_510' title='bbox 2721 4031 3030 4106; x_wconf 85' lang='lat' dir='ltr'><strong>episcopus,</strong></span> <span class='ocrx_word' id='word_1_511' title='bbox 3078 4028 3356 4086; x_wconf 86' lang='lat' dir='ltr'><strong>Wiliricus</strong></span> <span class='ocrx_word' id='word_1_512' title='bbox 3397 4028 3484 4100; x_wconf 86' lang='lat' dir='ltr'><strong>cpi</strong></span> 
     </span>
    </p>
   </div>
   <div class='ocr_carea' id='block_1_86' title="bbox 1926 4119 3506 4192">
    <p class='ocr_par' dir='ltr' id='par_1_86' title="bbox 1926 4119 3506 4192">
     <span class='ocr_line' id='line_1_86' title="bbox 1926 4119 3506 4192; baseline -0.001 -15"><span class='ocrx_word' id='word_1_513' title='bbox 1926 4135 2146 4192; x_wconf 88' lang='lat' dir='ltr'><strong>scopus,</strong></span> <span class='ocrx_word' id='word_1_514' title='bbox 2194 4119 2478 4178; x_wconf 80' lang='lat' dir='ltr'><strong>Albericus</strong></span> <span class='ocrx_word' id='word_1_515' title='bbox 2511 4119 2828 4192; x_wconf 88' lang='lat' dir='ltr'><strong>episcopus,</strong></span> <span class='ocrx_word' id='word_1_516' title='bbox 2873 4119 3166 4176; x_wconf 85' lang='lat' dir='ltr'><strong>Ghefridus</strong></span> <span class='ocrx_word' id='word_1_517' title='bbox 3203 4120 3506 4190; x_wconf 90' lang='lat' dir='ltr'><strong>episcopus,</strong></span> 
     </span>
    </p>
   </div>
   <div class='ocr_carea' id='block_1_87' title="bbox 1926 4211 3484 4284">
    <p class='ocr_par' dir='ltr' id='par_1_87' title="bbox 1926 4211 3484 4284">
     <span class='ocr_line' id='line_1_87' title="bbox 1926 4211 3484 4284; baseline 0 -17"><span class='ocrx_word' id='word_1_518' title='bbox 1926 4211 2059 4268; x_wconf 91' lang='lat' dir='ltr'><strong>item</strong></span> <span class='ocrx_word' id='word_1_519' title='bbox 2086 4211 2368 4268; x_wconf 86' lang='lat' dir='ltr'><strong>Albericus</strong></span> <span class='ocrx_word' id='word_1_520' title='bbox 2397 4213 2703 4283; x_wconf 88' lang='lat' dir='ltr'><strong>episcopus,</strong></span> <span class='ocrx_word' id='word_1_521' title='bbox 2731 4211 2950 4269; x_wconf 89' lang='lat' dir='ltr'><strong>Simeon</strong></span> <span class='ocrx_word' id='word_1_522' title='bbox 2980 4213 3284 4284; x_wconf 90' lang='lat' dir='ltr'><strong>episcopus,</strong></span> <span class='ocrx_word' id='word_1_523' title='bbox 3308 4212 3484 4270; x_wconf 83' lang='lat' dir='ltr'><strong>Ercan</strong></span> 
     </span>
    </p>
   </div>
   <div class='ocr_carea' id='block_1_88' title="bbox 1923 4285 3506 4377">
    <p class='ocr_par' dir='ltr' id='par_1_88' title="bbox 1923 4285 3506 4377">
     <span class='ocr_line' id='line_1_88' title="bbox 1923 4285 3506 4377; baseline 0.002 -20"><span class='ocrx_word' id='word_1_524' title='bbox 1923 4303 2088 4359; x_wconf 90' lang='lat' dir='ltr'><strong>radus</strong></span> <span class='ocrx_word' id='word_1_525' title='bbox 2131 4285 2432 4376; x_wconf 65' lang='lat' dir='ltr'><strong>episcopus,</strong></span> <span class='ocrx_word' id='word_1_526' title='bbox 2459 4303 2616 4360; x_wconf 90' lang='lat' dir='ltr'><strong>Ionas</strong></span> <span class='ocrx_word' id='word_1_527' title='bbox 2663 4305 2978 4377; x_wconf 89' lang='lat' dir='ltr'><strong>episcopus,</strong></span> <span class='ocrx_word' id='word_1_528' title='bbox 3006 4305 3264 4361; x_wconf 85' lang='lat' dir='ltr'><strong>Vuiladus</strong></span> <span class='ocrx_word' id='word_1_529' title='bbox 3293 4305 3506 4376; x_wconf 91' lang='lat' dir='ltr'><strong>episco-</strong></span> 
     </span>
    </p>
   </div>
   <div class='ocr_carea' id='block_1_89' title="bbox 1922 4394 3506 4468">
    <p class='ocr_par' dir='ltr' id='par_1_89' title="bbox 1922 4394 3506 4468">
     <span class='ocr_line' id='line_1_89' title="bbox 1922 4394 3506 4468; baseline 0.001 -19"><span class='ocrx_word' id='word_1_530' title='bbox 1922 4410 2042 4465; x_wconf 79' lang='lat' dir='ltr'><strong>pus.</strong></span> <span class='ocrx_word' id='word_1_531' title='bbox 2066 4394 2407 4468; x_wconf 79' lang='lat' dir='ltr'><strong>Ansigaudus</strong></span> <span class='ocrx_word' id='word_1_532' title='bbox 2428 4396 2732 4468; x_wconf 91' lang='lat' dir='ltr'><strong>episcopus,</strong></span> <span class='ocrx_word' id='word_1_533' title='bbox 2752 4397 3056 4453; x_wconf 87' lang='lat' dir='ltr'><strong>Adalardus</strong></span> <span class='ocrx_word' id='word_1_534' title='bbox 3076 4412 3280 4466; x_wconf 89' lang='lat' dir='ltr'><strong>comes,</strong></span> <span class='ocrx_word' id='word_1_535' title='bbox 3307 4396 3506 4452; x_wconf 84' lang='lat' dir='ltr'><strong>Radul-</strong></span> 
     </span>
    </p>
   </div>
   <div class='ocr_carea' id='block_1_90' title="bbox 1919 4483 3506 4555">
    <p class='ocr_par' dir='ltr' id='par_1_90' title="bbox 1919 4483 3506 4555">
     <span class='ocr_line' id='line_1_90' title="bbox 1919 4483 3506 4555; baseline 0.002 -13"><span class='ocrx_word' id='word_1_536' title='bbox 1919 4484 2010 4544; x_wconf 77' lang='lat' dir='ltr'><strong>fus</strong></span> <span class='ocrx_word' id='word_1_537' title='bbox 2056 4502 2256 4554; x_wconf 86' lang='lat' dir='ltr'><strong>comes,</strong></span> <span class='ocrx_word' id='word_1_538' title='bbox 2303 4483 2627 4544; x_wconf 83' lang='lat' dir='ltr'><strong>Bonel‘acius</strong></span> <span class='ocrx_word' id='word_1_539' title='bbox 2678 4503 2880 4554; x_wconf 89' lang='lat' dir='ltr'><strong>comes,</strong></span> <span class='ocrx_word' id='word_1_540' title='bbox 2939 4485 3265 4544; x_wconf 84' lang='lat' dir='ltr'><strong>Adalbertus</strong></span> <span class='ocrx_word' id='word_1_541' title='bbox 3302 4503 3506 4555; x_wconf 90' lang='lat' dir='ltr'><strong>comes,</strong></span> 
     </span>
    </p>
   </div>
   <div class='ocr_carea' id='block_1_91' title="bbox 1926 4577 3506 4648">
    <p class='ocr_par' dir='ltr' id='par_1_91' title="bbox 1926 4577 3506 4648">
     <span class='ocr_line' id='line_1_91' title="bbox 1926 4577 3506 4648; baseline 0 -12"><span class='ocrx_word' id='word_1_542' title='bbox 1926 4579 2194 4636; x_wconf 81' lang='lat' dir='ltr'><strong>Vuarinus</strong></span> <span class='ocrx_word' id='word_1_543' title='bbox 2220 4593 2422 4646; x_wconf 90' lang='lat' dir='ltr'><strong>comes,</strong></span> <span class='ocrx_word' id='word_1_544' title='bbox 2457 4577 2754 4636; x_wconf 85' lang='lat' dir='ltr'><strong>Herbertus</strong></span> <span class='ocrx_word' id='word_1_545' title='bbox 2777 4595 2982 4646; x_wconf 89' lang='lat' dir='ltr'><strong>comes,</strong></span> <span class='ocrx_word' id='word_1_546' title='bbox 3008 4579 3271 4636; x_wconf 81' lang='lat' dir='ltr'><strong>Audull‘us</strong></span> <span class='ocrx_word' id='word_1_547' title='bbox 3301 4595 3506 4648; x_wconf 89' lang='lat' dir='ltr'><strong>comes,</strong></span> 
     </span>
    </p>
   </div>
   <div class='ocr_carea' id='block_1_92' title="bbox 303 4667 3506 4762">
    <p class='ocr_par' dir='ltr' id='par_1_92' title="bbox 303 4667 3506 4762">
     <span class='ocr_line' id='line_1_92' title="bbox 303 4667 3506 4762; baseline 0.003 -36"><span class='ocrx_word' id='word_1_548' title='bbox 303 4670 417 4728; x_wconf 82' lang='lat' dir='ltr'><strong>XV.</strong></span> <span class='ocrx_word' id='word_1_549' title='bbox 458 4672 794 4748; x_wconf 66' lang='lat' dir='ltr'><strong>Praeceptum</strong></span> <span class='ocrx_word' id='word_1_550' title='bbox 841 4680 1153 4738; x_wconf 88' lang='lat' dir='ltr'><strong>emunitatis</strong></span> <span class='ocrx_word' id='word_1_551' title='bbox 1183 4683 1328 4754; x_wconf 89' lang='lat' dir='ltr'><strong>quod</strong></span> <span class='ocrx_word' id='word_1_552' title='bbox 1375 4682 1506 4740; x_wconf 81' lang='lat' dir='ltr'><strong>fecit</strong></span> <span class='ocrx_word' id='word_1_553' title='bbox 1545 4683 1816 4762; x_wconf 69' lang='lat' dir='ltr'><strong>Dagober-</strong></span> <span class='ocrx_word' id='word_1_554' title='bbox 1857 4690 1870 4723; x_wconf 78' lang='lat'><strong>&#39;</strong></span> <span class='ocrx_word' id='word_1_555' title='bbox 1928 4667 2236 4762; x_wconf 55' lang='lat' dir='ltr'><strong>Stephanfls</strong></span> <span class='ocrx_word' id='word_1_556' title='bbox 2289 4685 2501 4738; x_wconf 69' lang='grc' dir='ltr'><strong>οοωθες</strong></span> <span class='ocrx_word' id='word_1_557' title='bbox 2551 4669 2844 4762; x_wconf 63' lang='grc' dir='ltr'><strong>Βδίηδιάμε</strong></span> <span class='ocrx_word' id='word_1_558' title='bbox 2893 4685 3113 4762; x_wconf 65' lang='grc' dir='ltr'><strong>οοξῐιθε,</strong></span> <span class='ocrx_word' id='word_1_559' title='bbox 3178 4669 3506 4762; x_wconf 60' lang='grc' dir='ltr'><strong>ΟίεῙθῦβέῐυε</strong></span> 
     </span>
    </p>
   </div>
   <div class='ocr_carea' id='block_1_93' title="bbox 231 4765 1834 4850">
    <p class='ocr_par' dir='ltr' id='par_1_93' title="bbox 231 4765 1834 4850">
     <span class='ocr_line' id='line_1_93' title="bbox 231 4765 1834 4850; baseline 0.009 -33"><span class='ocrx_word' id='word_1_560' title='bbox 231 4770 314 4818; x_wconf 92' lang='lat' dir='ltr'><strong>tus</strong></span> <span class='ocrx_word' id='word_1_561' title='bbox 363 4779 459 4819; x_wconf 74' lang='lat' dir='ltr'><strong>rex</strong></span> <span class='ocrx_word' id='word_1_562' title='bbox 509 4765 708 4826; x_wconf 86' lang='lat' dir='ltr'><strong>domno</strong></span> <span class='ocrx_word' id='word_1_563' title='bbox 761 4765 1006 4836; x_wconf 87' lang='lat' dir='ltr'><strong>Berario,</strong></span> <span class='ocrx_word' id='word_1_564' title='bbox 1059 4771 1312 4846; x_wconf 88' lang='lat' dir='ltr'><strong>episcopo</strong></span> <span class='ocrx_word' id='word_1_565' title='bbox 1371 4774 1438 4829; x_wconf 90' lang='lat' dir='ltr'><strong>de</strong></span> <span class='ocrx_word' id='word_1_566' title='bbox 1485 4775 1834 4850; x_wconf 14' lang='lat' dir='ltr'><strong>monaSterio.</strong></span> 
     </span>
    </p>
   </div>
   <div class='ocr_carea' id='block_1_94' title="bbox 227 4852 1813 4938">
    <p class='ocr_par' dir='ltr' id='par_1_94' title="bbox 227 4852 1813 4938">
     <span class='ocr_line' id='line_1_94' title="bbox 227 4852 1813 4938; baseline 0.011 -34"><span class='ocrx_word' id='word_1_567' title='bbox 227 4852 448 4938; x_wconf 81' lang='lat' dir='ltr'><strong>Anisola</strong></span> <span class='ocrx_word' id='word_1_568' title='bbox 471 4864 530 4913; x_wconf 89' lang='lat' dir='ltr'><strong>et</strong></span> <span class='ocrx_word' id='word_1_569' title='bbox 553 4856 622 4914; x_wconf 88' lang='lat' dir='ltr'><strong>de</strong></span> <span class='ocrx_word' id='word_1_570' title='bbox 645 4860 896 4920; x_wconf 87' lang='lat' dir='ltr'><strong>omnibus</strong></span> <span class='ocrx_word' id='word_1_571' title='bbox 931 4861 1132 4919; x_wconf 87' lang='lat' dir='ltr'><strong>villuIis</strong></span> <span class='ocrx_word' id='word_1_572' title='bbox 1162 4872 1218 4920; x_wconf 86' lang='lat' dir='ltr'><strong>et</strong></span> <span class='ocrx_word' id='word_1_573' title='bbox 1249 4863 1414 4922; x_wconf 89' lang='lat' dir='ltr'><strong>rebus</strong></span> <span class='ocrx_word' id='word_1_574' title='bbox 1441 4864 1510 4920; x_wconf 91' lang='lat' dir='ltr'><strong>ad</strong></span> <span class='ocrx_word' id='word_1_575' title='bbox 1539 4863 1670 4922; x_wconf 89' lang='lat' dir='ltr'><strong>illud</strong></span> <span class='ocrx_word' id='word_1_576' title='bbox 1689 4879 1813 4938; x_wconf 88' lang='lat' dir='ltr'><strong>per-</strong></span> 
     </span>
    </p>
   </div>
   <div class='ocr_carea' id='block_1_95' title="bbox 227 4946 545 5006">
    <p class='ocr_par' dir='ltr' id='par_1_95' title="bbox 227 4946 545 5006">
     <span class='ocr_line' id='line_1_95' title="bbox 227 4946 545 5006; baseline 0.019 -8"><span class='ocrx_word' id='word_1_577' title='bbox 227 4946 545 5006; x_wconf 87' lang='lat' dir='ltr'><strong>tinentibus.</strong></span> 
     </span>
    </p>
   </div>
   <div class='ocr_carea' id='block_1_96' title="bbox 193 5038 1813 5122">
    <p class='ocr_par' dir='ltr' id='par_1_96' title="bbox 193 5038 1813 5122">
     <span class='ocr_line' id='line_1_96' title="bbox 193 5038 1813 5122; baseline 0.008 -29"><span class='ocrx_word' id='word_1_578' title='bbox 193 5101 196 5112; x_wconf 39' lang='grc' dir='ltr'>ι</span> <span class='ocrx_word' id='word_1_579' title='bbox 299 5038 438 5096; x_wconf 80' lang='lat' dir='ltr'><strong>XVI.</strong></span> <span class='ocrx_word' id='word_1_580' title='bbox 466 5040 721 5100; x_wconf 86' lang='lat' dir='ltr'><strong>Prcearia</strong></span> <span class='ocrx_word' id='word_1_581' title='bbox 743 5061 906 5116; x_wconf 89' lang='lat' dir='ltr'><strong>quam</strong></span> <span class='ocrx_word' id='word_1_582' title='bbox 927 5045 1291 5105; x_wconf 85' lang='lat' dir='ltr'><strong>Gauziolenus</strong></span> <span class='ocrx_word' id='word_1_583' title='bbox 1312 5049 1600 5122; x_wconf 86' lang='lat' dir='ltr'><strong>episcopus</strong></span> <span class='ocrx_word' id='word_1_584' title='bbox 1617 5050 1684 5106; x_wconf 89' lang='lat' dir='ltr'><strong>de</strong></span> <span class='ocrx_word' id='word_1_585' title='bbox 1703 5065 1813 5106; x_wconf 91' lang='lat' dir='ltr'><strong>mo-</strong></span> 
     </span>
    </p>
   </div>
   <div class='ocr_carea' id='block_1_97' title="bbox 223 5135 1574 5212">
    <p class='ocr_par' dir='ltr' id='par_1_97' title="bbox 223 5135 1574 5212">
     <span class='ocr_line' id='line_1_97' title="bbox 223 5135 1574 5212; baseline 0.01 -26"><span class='ocrx_word' id='word_1_586' title='bbox 223 5135 466 5190; x_wconf 89' lang='lat' dir='ltr'><strong>nasterio</strong></span> <span class='ocrx_word' id='word_1_587' title='bbox 491 5137 667 5192; x_wconf 91' lang='lat' dir='ltr'><strong>sancti</strong></span> <span class='ocrx_word' id='word_1_588' title='bbox 695 5136 967 5212; x_wconf 89' lang='lat' dir='ltr'><strong>Carilepbi</strong></span> <span class='ocrx_word' id='word_1_589' title='bbox 999 5141 1192 5198; x_wconf 90' lang='lat' dir='ltr'><strong>Didoni</strong></span> <span class='ocrx_word' id='word_1_590' title='bbox 1217 5142 1396 5200; x_wconf 90' lang='lat' dir='ltr'><strong>abbati</strong></span> <span class='ocrx_word' id='word_1_591' title='bbox 1424 5142 1574 5200; x_wconf 83' lang='lat' dir='ltr'><strong>fecit.</strong></span> 
     </span>
    </p>
   </div>
   <div class='ocr_carea' id='block_1_98' title="bbox 299 5225 1808 5306">
    <p class='ocr_par' dir='ltr' id='par_1_98' title="bbox 299 5225 1808 5306">
     <span class='ocr_line' id='line_1_98' title="bbox 299 5225 1808 5306; baseline 0.007 -26"><span class='ocrx_word' id='word_1_592' title='bbox 299 5225 463 5282; x_wconf 83' lang='lat' dir='ltr'><strong>XVII.</strong></span> <span class='ocrx_word' id='word_1_593' title='bbox 504 5226 840 5302; x_wconf 65' lang='lat' dir='ltr'><strong>Praeceptum</strong></span> <span class='ocrx_word' id='word_1_594' title='bbox 865 5232 1156 5304; x_wconf 87' lang='lat' dir='ltr'><strong>Chilperici</strong></span> <span class='ocrx_word' id='word_1_595' title='bbox 1179 5235 1321 5306; x_wconf 71' lang='lat' dir='ltr'><strong>regis</strong></span> <span class='ocrx_word' id='word_1_596' title='bbox 1341 5236 1484 5306; x_wconf 86' lang='lat' dir='ltr'><strong>quod</strong></span> <span class='ocrx_word' id='word_1_597' title='bbox 1509 5235 1637 5292; x_wconf 83' lang='lat' dir='ltr'><strong>fecit</strong></span> <span class='ocrx_word' id='word_1_598' title='bbox 1662 5233 1808 5293; x_wconf 87' lang='lat' dir='ltr'><strong>Gau-</strong></span> 
     </span>
    </p>
   </div>
   <div class='ocr_carea' id='block_1_99' title="bbox 224 5319 1810 5402">
    <p class='ocr_par' dir='ltr' id='par_1_99' title="bbox 224 5319 1810 5402">
     <span class='ocr_line' id='line_1_99' title="bbox 224 5319 1810 5402; baseline 0.01 -30"><span class='ocrx_word' id='word_1_599' title='bbox 224 5319 436 5376; x_wconf 88' lang='lat' dir='ltr'><strong>zioleno</strong></span> <span class='ocrx_word' id='word_1_600' title='bbox 463 5323 717 5395; x_wconf 88' lang='lat' dir='ltr'><strong>episcopo</strong></span> <span class='ocrx_word' id='word_1_601' title='bbox 735 5333 790 5402; x_wconf 81' lang='lat' dir='ltr'><strong>et</strong></span> <span class='ocrx_word' id='word_1_602' title='bbox 819 5324 1072 5384; x_wconf 89' lang='lat' dir='ltr'><strong>Sicbaldo</strong></span> <span class='ocrx_word' id='word_1_603' title='bbox 1105 5327 1288 5386; x_wconf 88' lang='lat' dir='ltr'><strong>abbati</strong></span> <span class='ocrx_word' id='word_1_604' title='bbox 1318 5345 1480 5401; x_wconf 88' lang='lat' dir='ltr'><strong>super</strong></span> <span class='ocrx_word' id='word_1_605' title='bbox 1505 5331 1810 5402; x_wconf 88' lang='lat' dir='ltr'><strong>precariam</strong></span> 
     </span>
    </p>
   </div>
   <div class='ocr_carea' id='block_1_100' title="bbox 221 5412 1131 5474">
    <p class='ocr_par' dir='ltr' id='par_1_100' title="bbox 221 5412 1131 5474">
     <span class='ocr_line' id='line_1_100' title="bbox 221 5412 1131 5474; baseline 0.012 -12"><span class='ocrx_word' id='word_1_606' title='bbox 221 5425 412 5465; x_wconf 82' lang='lat' dir='ltr'><strong>eorum</strong></span> <span class='ocrx_word' id='word_1_607' title='bbox 440 5412 508 5468; x_wconf 89' lang='lat' dir='ltr'><strong>de</strong></span> <span class='ocrx_word' id='word_1_608' title='bbox 536 5416 864 5472; x_wconf 89' lang='lat' dir='ltr'><strong>monasterio</strong></span> <span class='ocrx_word' id='word_1_609' title='bbox 891 5417 1131 5474; x_wconf 80' lang='lat' dir='ltr'><strong>Anisola.</strong></span> 
     </span>
    </p>
   </div>
   <div class='ocr_carea' id='block_1_101' title="bbox 295 5502 1810 5586">
    <p class='ocr_par' dir='ltr' id='par_1_101' title="bbox 295 5502 1810 5586">
     <span class='ocr_line' id='line_1_101' title="bbox 295 5502 1810 5586; baseline 0.011 -28"><span class='ocrx_word' id='word_1_610' title='bbox 295 5502 480 5560; x_wconf 81' lang='lat' dir='ltr'><strong>XVIII.</strong></span> <span class='ocrx_word' id='word_1_611' title='bbox 520 5504 856 5580; x_wconf 69' lang='lat' dir='ltr'><strong>Pmceptum</strong></span> <span class='ocrx_word' id='word_1_612' title='bbox 884 5509 1192 5582; x_wconf 75' lang='lat' dir='ltr'><strong>Cbilperici</strong></span> <span class='ocrx_word' id='word_1_613' title='bbox 1207 5513 1349 5586; x_wconf 78' lang='lat' dir='ltr'><strong>regis</strong></span> <span class='ocrx_word' id='word_1_614' title='bbox 1371 5514 1474 5570; x_wconf 85' lang='lat' dir='ltr'><strong>sub</strong></span> <span class='ocrx_word' id='word_1_615' title='bbox 1494 5512 1810 5574; x_wconf 86' lang='lat' dir='ltr'><strong>emunitatis</strong></span> 
     </span>
    </p>
   </div>
   <div class='ocr_carea' id='block_1_102' title="bbox 223 5597 1809 5678">
    <p class='ocr_par' dir='ltr' id='par_1_102' title="bbox 223 5597 1809 5678">
     <span class='ocr_line' id='line_1_102' title="bbox 223 5597 1809 5678; baseline 0.006 -26"><span class='ocrx_word' id='word_1_616' title='bbox 223 5597 456 5654; x_wconf 86' lang='lat' dir='ltr'><strong>tuitione</strong></span> <span class='ocrx_word' id='word_1_617' title='bbox 502 5599 878 5678; x_wconf 70' lang='lat' dir='ltr'><strong>Cenomanicae</strong></span> <span class='ocrx_word' id='word_1_618' title='bbox 921 5603 1087 5659; x_wconf 89' lang='lat' dir='ltr'><strong>sedis.</strong></span> <span class='ocrx_word' id='word_1_619' title='bbox 1131 5603 1388 5662; x_wconf 63' lang='lat' dir='ltr'><strong>Ecclesiae</strong></span> <span class='ocrx_word' id='word_1_620' title='bbox 1434 5603 1634 5660; x_wconf 79' lang='lat' dir='ltr'><strong>factum</strong></span> <span class='ocrx_word' id='word_1_621' title='bbox 1663 5604 1809 5662; x_wconf 91' lang='lat' dir='ltr'><strong>Gau-</strong></span> 
     </span>
    </p>
   </div>
   <div class='ocr_carea' id='block_1_103' title="bbox 222 5689 1810 5770">
    <p class='ocr_par' dir='ltr' id='par_1_103' title="bbox 222 5689 1810 5770">
     <span class='ocr_line' id='line_1_103' title="bbox 222 5689 1810 5770; baseline 0.004 -24"><span class='ocrx_word' id='word_1_622' title='bbox 222 5689 434 5747; x_wconf 74' lang='lat' dir='ltr'><strong>zioleno</strong></span> <span class='ocrx_word' id='word_1_623' title='bbox 461 5691 736 5770; x_wconf 84' lang='lat' dir='ltr'><strong>episcopo.</strong></span> <span class='ocrx_word' id='word_1_624' title='bbox 770 5691 944 5751; x_wconf 89' lang='lat' dir='ltr'><strong>Simul</strong></span> <span class='ocrx_word' id='word_1_625' title='bbox 981 5702 1034 5752; x_wconf 91' lang='lat' dir='ltr'><strong>et</strong></span> <span class='ocrx_word' id='word_1_626' title='bbox 1070 5697 1408 5753; x_wconf 80' lang='lat' dir='ltr'><strong>conﬁrmatio</strong></span> <span class='ocrx_word' id='word_1_627' title='bbox 1441 5697 1497 5752; x_wconf 91' lang='lat' dir='ltr'><strong>in</strong></span> <span class='ocrx_word' id='word_1_628' title='bbox 1543 5701 1649 5754; x_wconf 88' lang='lat' dir='ltr'><strong>hoc</strong></span> <span class='ocrx_word' id='word_1_629' title='bbox 1691 5697 1810 5767; x_wconf 88' lang='lat' dir='ltr'><strong>ipso</strong></span> 
     </span>
    </p>
   </div>
   <div class='ocr_carea' id='block_1_104' title="bbox 223 5783 1812 5862">
    <p class='ocr_par' dir='ltr' id='par_1_104' title="bbox 223 5783 1812 5862">
     <span class='ocr_line' id='line_1_104' title="bbox 223 5783 1812 5862; baseline 0.004 -20"><span class='ocrx_word' id='word_1_630' title='bbox 223 5791 500 5856; x_wconf 61' lang='lat' dir='ltr'><strong>meeum</strong></span> <span class='ocrx_word' id='word_1_631' title='bbox 546 5783 858 5862; x_wconf 75' lang='lat' dir='ltr'><strong>continetur</strong></span> <span class='ocrx_word' id='word_1_632' title='bbox 907 5802 1070 5858; x_wconf 87' lang='lat' dir='ltr'><strong>quam</strong></span> <span class='ocrx_word' id='word_1_633' title='bbox 1125 5787 1255 5846; x_wconf 82' lang='lat' dir='ltr'><strong>fecit</strong></span> <span class='ocrx_word' id='word_1_634' title='bbox 1301 5804 1462 5858; x_wconf 89' lang='lat' dir='ltr'><strong>super</strong></span> <span class='ocrx_word' id='word_1_635' title='bbox 1504 5787 1812 5858; x_wconf 77' lang='lat' dir='ltr'><strong>precariam</strong></span> 
     </span>
    </p>
   </div>
   <div class='ocr_carea' id='block_1_105' title="bbox 1925 4756 3506 4832">
    <p class='ocr_par' dir='ltr' id='par_1_105' title="bbox 1925 4756 3506 4832">
     <span class='ocr_line' id='line_1_105' title="bbox 1925 4756 3506 4832; baseline -0.003 -12"><span class='ocrx_word' id='word_1_636' title='bbox 1925 4779 2139 4831; x_wconf 90' lang='lat' dir='ltr'><strong>comes,</strong></span> <span class='ocrx_word' id='word_1_637' title='bbox 2172 4756 2472 4820; x_wconf 88' lang='lat' dir='ltr'><strong>Landricus</strong></span> <span class='ocrx_word' id='word_1_638' title='bbox 2516 4777 2719 4832; x_wconf 85' lang='lat' dir='ltr'><strong>comes,</strong></span> <span class='ocrx_word' id='word_1_639' title='bbox 2765 4757 3038 4820; x_wconf 85' lang='lat' dir='ltr'><strong>Gerardus</strong></span> <span class='ocrx_word' id='word_1_640' title='bbox 3085 4777 3296 4831; x_wconf 90' lang='lat' dir='ltr'><strong>comes,</strong></span> <span class='ocrx_word' id='word_1_641' title='bbox 3353 4761 3506 4817; x_wconf 86' lang='lat' dir='ltr'><strong>Abbo</strong></span> 
     </span>
    </p>
   </div>
   <div class='ocr_carea' id='block_1_106' title="bbox 1925 4853 3500 4928">
    <p class='ocr_par' dir='ltr' id='par_1_106' title="bbox 1925 4853 3500 4928">
     <span class='ocr_line' id='line_1_106' title="bbox 1925 4853 3500 4928; baseline -0.003 -15"><span class='ocrx_word' id='word_1_642' title='bbox 1925 4873 2126 4922; x_wconf 91' lang='lat' dir='ltr'><strong>comes,</strong></span> <span class='ocrx_word' id='word_1_643' title='bbox 2159 4855 2329 4913; x_wconf 88' lang='lat' dir='ltr'><strong>Teoto</strong></span> <span class='ocrx_word' id='word_1_644' title='bbox 2359 4871 2563 4925; x_wconf 89' lang='lat' dir='ltr'><strong>comes,</strong></span> <span class='ocrx_word' id='word_1_645' title='bbox 2587 4855 2770 4928; x_wconf 91' lang='lat' dir='ltr'><strong>Poppo</strong></span> <span class='ocrx_word' id='word_1_646' title='bbox 2792 4872 2995 4925; x_wconf 90' lang='lat' dir='ltr'><strong>comes,</strong></span> <span class='ocrx_word' id='word_1_647' title='bbox 3020 4853 3275 4912; x_wconf 88' lang='lat' dir='ltr'><strong>Erminus</strong></span> <span class='ocrx_word' id='word_1_648' title='bbox 3299 4869 3500 4919; x_wconf 86' lang='lat' dir='ltr'><strong>comes,</strong></span> 
     </span>
    </p>
   </div>
   <div class='ocr_carea' id='block_1_107' title="bbox 1921 4947 3502 5028">
    <p class='ocr_par' dir='ltr' id='par_1_107' title="bbox 1921 4947 3502 5028">
     <span class='ocr_line' id='line_1_107' title="bbox 1921 4947 3502 5028; baseline -0.004 -20"><span class='ocrx_word' id='word_1_649' title='bbox 1921 4950 2191 5008; x_wconf 82' lang='lat' dir='ltr'><strong>Anfredus</strong></span> <span class='ocrx_word' id='word_1_650' title='bbox 2215 4966 2422 5018; x_wconf 90' lang='lat' dir='ltr'><strong>comes,</strong></span> <span class='ocrx_word' id='word_1_651' title='bbox 2440 4947 2762 5020; x_wconf 71' lang='lat' dir='ltr'><strong>Adalgarius</strong></span> <span class='ocrx_word' id='word_1_652' title='bbox 2781 4965 2982 5028; x_wconf 86' lang='lat' dir='ltr'><strong>comes,</strong></span> <span class='ocrx_word' id='word_1_653' title='bbox 3003 4949 3280 5008; x_wconf 87' lang='lat' dir='ltr'><strong>Gebuinus</strong></span> <span class='ocrx_word' id='word_1_654' title='bbox 3297 4961 3502 5012; x_wconf 91' lang='lat' dir='ltr'><strong>comes,</strong></span> 
     </span>
    </p>
   </div>
   <div class='ocr_carea' id='block_1_108' title="bbox 1923 5039 3499 5115">
    <p class='ocr_par' dir='ltr' id='par_1_108' title="bbox 1923 5039 3499 5115">
     <span class='ocr_line' id='line_1_108' title="bbox 1923 5039 3499 5115; baseline -0.003 -17"><span class='ocrx_word' id='word_1_655' title='bbox 1923 5039 2240 5115; x_wconf 79' lang='lat' dir='ltr'><strong>&#39;I’etghildus</strong></span> <span class='ocrx_word' id='word_1_656' title='bbox 2256 5059 2456 5111; x_wconf 90' lang='lat' dir='ltr'><strong>comes,</strong></span> <span class='ocrx_word' id='word_1_657' title='bbox 2477 5039 2762 5099; x_wconf 88' lang='lat' dir='ltr'><strong>Troandus</strong></span> <span class='ocrx_word' id='word_1_658' title='bbox 2783 5059 2984 5111; x_wconf 88' lang='lat' dir='ltr'><strong>comes,</strong></span> <span class='ocrx_word' id='word_1_659' title='bbox 3003 5043 3272 5100; x_wconf 83' lang='lat' dir='ltr'><strong>Ardoinus</strong></span> <span class='ocrx_word' id='word_1_660' title='bbox 3297 5053 3499 5108; x_wconf 88' lang='lat' dir='ltr'><strong>comes,</strong></span> 
     </span>
    </p>
   </div>
   <div class='ocr_carea' id='block_1_109' title="bbox 1920 5131 3505 5205">
    <p class='ocr_par' dir='ltr' id='par_1_109' title="bbox 1920 5131 3505 5205">
     <span class='ocr_line' id='line_1_109' title="bbox 1920 5131 3505 5205; baseline -0.004 -15"><span class='ocrx_word' id='word_1_661' title='bbox 1920 5133 2220 5190; x_wconf 81' lang='lat' dir='ltr'><strong>Rumaldus</strong></span> <span class='ocrx_word' id='word_1_662' title='bbox 2262 5150 2476 5202; x_wconf 91' lang='lat' dir='ltr'><strong>comes,</strong></span> <span class='ocrx_word' id='word_1_663' title='bbox 2509 5131 2796 5191; x_wconf 74' lang='lat' dir='ltr'><strong>llerloinus</strong></span> <span class='ocrx_word' id='word_1_664' title='bbox 2823 5150 3040 5204; x_wconf 89' lang='lat' dir='ltr'><strong>comes,</strong></span> <span class='ocrx_word' id='word_1_665' title='bbox 3069 5131 3375 5205; x_wconf 81' lang='lat' dir='ltr'><strong>Hungarius</strong></span> <span class='ocrx_word' id='word_1_666' title='bbox 3411 5144 3505 5185; x_wconf 92' lang='lat' dir='ltr'><strong>co-</strong></span> 
     </span>
    </p>
   </div>
   <div class='ocr_carea' id='block_1_110' title="bbox 1921 5219 3502 5294">
    <p class='ocr_par' dir='ltr' id='par_1_110' title="bbox 1921 5219 3502 5294">
     <span class='ocr_line' id='line_1_110' title="bbox 1921 5219 3502 5294; baseline -0.004 -12"><span class='ocrx_word' id='word_1_667' title='bbox 1921 5242 2058 5294; x_wconf 91' lang='lat' dir='ltr'><strong>mes,</strong></span> <span class='ocrx_word' id='word_1_668' title='bbox 2085 5223 2452 5283; x_wconf 90' lang='lat' dir='ltr'><strong>Theodoricus</strong></span> <span class='ocrx_word' id='word_1_669' title='bbox 2479 5241 2680 5294; x_wconf 89' lang='lat' dir='ltr'><strong>comes,</strong></span> <span class='ocrx_word' id='word_1_670' title='bbox 2717 5225 2947 5282; x_wconf 83' lang='lat' dir='ltr'><strong>Ricboto</strong></span> <span class='ocrx_word' id='word_1_671' title='bbox 2987 5226 3174 5287; x_wconf 88' lang='lat' dir='ltr'><strong>abbas,</strong></span> <span class='ocrx_word' id='word_1_672' title='bbox 3197 5219 3502 5277; x_wconf 86' lang='lat' dir='ltr'><strong>Ludovicus</strong></span> 
     </span>
    </p>
   </div>
   <div class='ocr_carea' id='block_1_111' title="bbox 1919 5313 3502 5388">
    <p class='ocr_par' dir='ltr' id='par_1_111' title="bbox 1919 5313 3502 5388">
     <span class='ocr_line' id='line_1_111' title="bbox 1919 5313 3502 5388; baseline -0.004 -11"><span class='ocrx_word' id='word_1_673' title='bbox 1919 5321 2119 5385; x_wconf 85' lang='lat' dir='ltr'><strong>abbas,</strong></span> <span class='ocrx_word' id='word_1_674' title='bbox 2152 5315 2357 5376; x_wconf 88' lang='lat' dir='ltr'><strong>Stolido</strong></span> <span class='ocrx_word' id='word_1_675' title='bbox 2384 5319 2582 5388; x_wconf 88' lang='lat' dir='ltr'><strong>abbas,</strong></span> <span class='ocrx_word' id='word_1_676' title='bbox 2613 5317 2898 5375; x_wconf 85' lang='lat' dir='ltr'><strong>Hilduinus</strong></span> <span class='ocrx_word' id='word_1_677' title='bbox 2926 5317 3113 5381; x_wconf 90' lang='lat' dir='ltr'><strong>abbas,</strong></span> <span class='ocrx_word' id='word_1_678' title='bbox 3161 5313 3502 5370; x_wconf 82' lang='lat' dir='ltr'><strong>Burcharaus</strong></span> 
     </span>
    </p>
   </div>
   <div class='ocr_carea' id='block_1_112' title="bbox 1919 5403 3501 5481">
    <p class='ocr_par' dir='ltr' id='par_1_112' title="bbox 1919 5403 3501 5481">
     <span class='ocr_line' id='line_1_112' title="bbox 1919 5403 3501 5481; baseline -0.006 -11"><span class='ocrx_word' id='word_1_679' title='bbox 1919 5413 2110 5481; x_wconf 87' lang='lat' dir='ltr'><strong>abbas,</strong></span> <span class='ocrx_word' id='word_1_680' title='bbox 2141 5407 2502 5470; x_wconf 86' lang='lat' dir='ltr'><strong>Lantramnus</strong></span> <span class='ocrx_word' id='word_1_681' title='bbox 2526 5412 2710 5480; x_wconf 87' lang='lat' dir='ltr'><strong>abbas,</strong></span> <span class='ocrx_word' id='word_1_682' title='bbox 2741 5410 3060 5469; x_wconf 87' lang='lat' dir='ltr'><strong>Godolricus</strong></span> <span class='ocrx_word' id='word_1_683' title='bbox 3091 5409 3288 5474; x_wconf 87' lang='lat' dir='ltr'><strong>abbas,</strong></span> <span class='ocrx_word' id='word_1_684' title='bbox 3311 5403 3501 5462; x_wconf 90' lang='lat' dir='ltr'><strong>Daniel</strong></span> 
     </span>
    </p>
   </div>
   <div class='ocr_carea' id='block_1_113' title="bbox 1918 5497 3501 5578">
    <p class='ocr_par' dir='ltr' id='par_1_113' title="bbox 1918 5497 3501 5578">
     <span class='ocr_line' id='line_1_113' title="bbox 1918 5497 3501 5578; baseline -0.006 -15"><span class='ocrx_word' id='word_1_685' title='bbox 1918 5505 2106 5572; x_wconf 86' lang='lat' dir='ltr'><strong>abbas,</strong></span> <span class='ocrx_word' id='word_1_686' title='bbox 2132 5505 2393 5578; x_wconf 81' lang='lat' dir='ltr'><strong>Georgius</strong></span> <span class='ocrx_word' id='word_1_687' title='bbox 2416 5505 2602 5572; x_wconf 88' lang='lat' dir='ltr'><strong>abbas,</strong></span> <span class='ocrx_word' id='word_1_688' title='bbox 2635 5504 2950 5560; x_wconf 85' lang='lat' dir='ltr'><strong>Elmcradus</strong></span> <span class='ocrx_word' id='word_1_689' title='bbox 2977 5499 3172 5568; x_wconf 86' lang='lat' dir='ltr'><strong>abbas,</strong></span> <span class='ocrx_word' id='word_1_690' title='bbox 3202 5497 3501 5572; x_wconf 73' lang='lat' dir='ltr'><strong>Vuaringa—</strong></span> 
     </span>
    </p>
   </div>
   <div class='ocr_carea' id='block_1_114' title="bbox 1917 5587 3501 5664">
    <p class='ocr_par' dir='ltr' id='par_1_114' title="bbox 1917 5587 3501 5664">
     <span class='ocr_line' id='line_1_114' title="bbox 1917 5587 3501 5664; baseline -0.007 -8"><span class='ocrx_word' id='word_1_691' title='bbox 1917 5601 2032 5658; x_wconf 90' lang='lat' dir='ltr'><strong>rius</strong></span> <span class='ocrx_word' id='word_1_692' title='bbox 2065 5601 2252 5664; x_wconf 89' lang='lat' dir='ltr'><strong>abbas,</strong></span> <span class='ocrx_word' id='word_1_693' title='bbox 2274 5600 2528 5656; x_wconf 84' lang='lat' dir='ltr'><strong>Aldricus</strong></span> <span class='ocrx_word' id='word_1_694' title='bbox 2549 5598 2733 5663; x_wconf 89' lang='lat' dir='ltr'><strong>abbas,</strong></span> <span class='ocrx_word' id='word_1_695' title='bbox 2757 5595 3037 5651; x_wconf 87' lang='lat' dir='ltr'><strong>Eribertus</strong></span> <span class='ocrx_word' id='word_1_696' title='bbox 3057 5595 3243 5662; x_wconf 89' lang='lat' dir='ltr'><strong>abbas,</strong></span> <span class='ocrx_word' id='word_1_697' title='bbox 3277 5587 3501 5648; x_wconf 84' lang='lat' dir='ltr'><strong>Tethal—</strong></span> 
     </span>
    </p>
   </div>
   <div class='ocr_carea' id='block_1_115' title="bbox 1916 5679 3496 5754">
    <p class='ocr_par' dir='ltr' id='par_1_115' title="bbox 1916 5679 3496 5754">
     <span class='ocr_line' id='line_1_115' title="bbox 1916 5679 3496 5754; baseline -0.008 -6"><span class='ocrx_word' id='word_1_698' title='bbox 1916 5693 2019 5748; x_wconf 91' lang='lat' dir='ltr'><strong>dus</strong></span> <span class='ocrx_word' id='word_1_699' title='bbox 2069 5693 2256 5754; x_wconf 87' lang='lat' dir='ltr'><strong>abbas,</strong></span> <span class='ocrx_word' id='word_1_700' title='bbox 2305 5691 2650 5747; x_wconf 84' lang='lat' dir='ltr'><strong>Marcoardus</strong></span> <span class='ocrx_word' id='word_1_701' title='bbox 2697 5689 2883 5753; x_wconf 89' lang='lat' dir='ltr'><strong>abbas,</strong></span> <span class='ocrx_word' id='word_1_702' title='bbox 2931 5679 3496 5748; x_wconf 75' lang='lat' dir='ltr'><strong>Humbertusabbas,</strong></span> 
     </span>
    </p>
   </div>
   <div class='ocr_carea' id='block_1_116' title="bbox 1915 5782 3498 5856">
    <p class='ocr_par' dir='ltr' id='par_1_116' title="bbox 1915 5782 3498 5856">
     <span class='ocr_line' id='line_1_116' title="bbox 1915 5782 3498 5856; baseline -0.007 -13"><span class='ocrx_word' id='word_1_703' title='bbox 1915 5787 2214 5856; x_wconf 75' lang='lat' dir='ltr'><strong>Eginardus</strong></span> <span class='ocrx_word' id='word_1_704' title='bbox 2253 5787 2442 5852; x_wconf 89' lang='lat' dir='ltr'><strong>abbas,</strong></span> <span class='ocrx_word' id='word_1_705' title='bbox 2481 5782 2650 5839; x_wconf 83' lang='lat' dir='ltr'><strong>Fulco</strong></span> <span class='ocrx_word' id='word_1_706' title='bbox 2683 5797 2872 5840; x_wconf 87' lang='lat' dir='ltr'><strong>vassus</strong></span> <span class='ocrx_word' id='word_1_707' title='bbox 2899 5782 3198 5840; x_wconf 90' lang='lat' dir='ltr'><strong>dominicus</strong></span> <span class='ocrx_word' id='word_1_708' title='bbox 3228 5786 3283 5836; x_wconf 90' lang='lat' dir='ltr'><strong>et</strong></span> <span class='ocrx_word' id='word_1_709' title='bbox 3311 5786 3498 5833; x_wconf 83' lang='lat' dir='ltr'><strong>comes</strong></span> 
     </span>
    </p>
   </div>
  </div>
