4044 6326
499 355 566 410 87
1560 345 1830 404 ALDRICI
1865 339 2394 404 CENOMANENSIS
2431 348 2734 407 EPISCOPI
3716 344 3788 406 88

499 473 704 546 palatii,
738 471 1076 552 Ragenarius
1098 483 1290 526 vassus
1316 468 1616 524 dominicus
1640 477 1695 523 et
1721 481 1902 524 comes
1934 465 2084 536 pala-
2113 458 2168 519 A
2191 463 2450 536 oblitique
2477 465 2790 537 apostolicae
2815 463 3096 522 sententiae
3123 462 3197 518 ita
3227 461 3457 520 dicentis
3484 482 3498 519 :
3545 463 3786 535 Subjecti

500 567 583 632 tii,
613 565 928 621 Teutt'ridus
967 579 1158 620 vassus
1197 563 1532 628 dominicus,
1569 560 1878 616 Adalelmus
1899 574 2090 615 vassus

499 659 835 723 dominicus,
864 657 1134 712 Henricus
1159 671 1346 711 vassus
1372 654 1672 710 dominicus
1689 695 1704 718 ,
1728 651 2090 724 Engiscardus

501 765 692 805 vassus
733 748 1061 814 dominicus,
1101 747 1228 803 Diso
1265 761 1456 802 vassus
1499 745 1832 810 dominicus,
1877 744 2089 800 France

501 858 695 898 vassus
721 842 1042 906 dominicus,
1085 841 1256 896 Teoto
1287 855 1477 895 vassus
1515 839 1840 906 dominicus,
1869 837 2090 895 Folcra-

501 937 604 991 dus
628 950 820 991 vassus
864 933 1186 998 dominicus,
1215 932 1520 987 Bernuinus
1546 947 1737 988 vassus
1765 931 2087 998 dominicus,

503 1028 778 1084 Evrardus
823 1043 1016 1082 vassus
1045 1026 1365 1089 dominicus,
1400 1023 1660 1079 Salaman
1695 1038 1889 1079 vassus
1917 1022 2090 1082 domi-

502 1121 676 1184 nicus,
731 1119 1020 1192 Egibertus
1074 1133 1264 1173 vassus
1315 1117 1655 1183 dominicus,
1714 1114 2089 1172 Vuinitmarus

501 1229 696 1269 vassus
725 1213 1043 1276 dominicus,
1073 1209 1392 1265 Vuitbaldns
1415 1225 1607 1266 vassus
1632 1209 1952 1274 dominicus,
1980 1207 2089 1262 Ra-

501 1304 734 1374 dnlphus
763 1319 951 1358 vassus
979 1302 1306 1367 dominicus,
1329 1301 1518 1356 Gunzo
1545 1315 1736 1356 vassus
1760 1299 2084 1364 dominicus,

499 1394 794 1462 Odorricus
829 1409 1018 1450 vassus
1051 1393 1386 1458 dominicus,‘
1401 1391 1586 1448 Cadilo
1630 1406 1818 1446 vassus
1855 1389 2086 1445 domini-

499 1500 616 1550 cus,
658 1486 905 1541 Letricus
949 1501 1140 1542 vassus
1177 1485 1498 1552 dominicus,
1549 1483 1842 1539 Nantarius
1895 1497 2088 1538 vassus

499 1576 825 1644 dominicus,
857 1577 1127 1633 Robertus
1154 1593 1345 1632 vassus
1369 1576 1691 1639 dominicus,
1722 1575 1872 1631 Isaac
1895 1590 2086 1631 vassus

499 1668 822 1735 dominicus,
852 1667 1009 1740 Hugo
1037 1684 1228 1723 vassus
1250 1668 1570 1732 dominicus,
1605 1667 1939 1739 Dagobcrtus
1967 1682 2088 1723 vas-

497 1775 593 1814 sus
627 1760 954 1825 dominicus,
986 1759 1260 1814 Ebruinus
1297 1776 1488 1815 vassus
1517 1760 1838 1826 dominicus,
1870 1768 1926 1815 et
1957 1760 2082 1814 reli-

2191 566 2351 611 estote
2373 559 2517 613 omni
2551 568 2828 625 creatum,
2859 559 2967 613 sive
2988 559 3096 629 regi
3121 559 3273 630 quasi
3295 557 3634 628 prwcellenti,
3677 562 3790 618 sive

2191 647 2409 703 ducibus
2432 657 2682 720 tanquam
2705 650 2768 703 ab
2789 665 2848 704 eo
2870 650 3044 703 missis
3073 647 3127 718 (Ι
3153 647 3300 702 Petr.
3333 664 3394 716 ιι,
3437 649 3548 722 13).
3581 649 3652 706 Ει
3679 652 3788 708 hoc

2191 754 2298 793 non
2335 737 2405 794 ob
2427 739 2570 794 aliud
2597 740 2842 795 fecerunt
2865 737 2970 794 nisi
2995 737 3138 810 quod
3180 739 3347 794 abbas
3392 753 3582 796 eorum
3627 743 3788 798 nobis

2191 831 2508 888 inobediens
2534 840 2804 902 apparmt,
2829 843 2883 886 et
2913 847 3010 886 nos
3035 831 3208 886 eidem
3260 831 3444 886 abbati
3476 830 3620 887 idem
3672 848 3791 887 mo-

2189 917 2490 981 nasterium
2514 923 2757 990 tulimus,
2791 933 2844 977 et
2867 923 2998 978 illud
3039 922 3258 978 Aldrico
3303 923 3558 995 episcopo
3604 923 3790 980 eccle-

2191 1017 2393 1086 simque
2419 1016 2520 1072 sibi
2544 1016 2849 1072 commissae
2875 1015 3139 1087 lcgaliter,
3181 1013 3322 1071 sicut
3351 1030 3383 1070 a
3425 1017 3539 1071 suis
3568 1016 3789 1087 praede-

2191 1109 2496 1166 cessoribus
2525 1124 2836 1180 possessum
2861 1116 2918 1164 et
2944 1117 3319 1164 constructum
3362 1107 3485 1174 fuit,
3534 1109 3793 1164 reddidi.

2189 1215 2332 1265 mus,
2381 1200 2522 1256 sicut
2561 1200 2701 1256 lator
2749 1201 2868 1273 ejus
2912 1201 3154 1272 epistolae
3198 1200 3296 1256 tibi
3346 1201 3525 1257 dicere
3561 1202 3790 1272 poterit,

2189 1290 2318 1360 quia
2342 1290 2612 1360 prolixum
2635 1299 2717 1347 est
2742 1291 2900 1347 nobis
2921 1290 2974 1346 in
3001 1292 3107 1347 hac
3151 1290 3381 1362 epistola
3412 1292 3593 1348 omnia
3643 1293 3794 1349 insc-

2191 1401 2313 1440 rere
2343 1387 2572 1456 qualiter
2594 1395 2772 1444 actum
2800 1395 2856 1444 et
2905 1387 3184 1443 definitum
3215 1388 3614 1445 rationabiliter
3658 1390 3791 1458 fuit,

2189 1487 2246 1532 et
2273 1478 2399 1548 quia
2428 1479 2483 1533 in
2511 1479 2657 1534 nullo
2684 1479 2949 1535 sentimus
2999 1479 3337 1536 contrarium
3388 1495 3525 1546 esse,
3551 1482 3797 1538 auctori-

2191 1573 2288 1628 tati
2333 1589 2599 1629 canonum
2665 1574 2960 1630 monachos
3012 1573 3288 1644 subjectos
3337 1577 3608 1648 episcopis
3665 1577 3795 1632 ﬁeri

2191 1664 2410 1720 debere.
2453 1665 2794 1737 Quapropter
2830 1666 3079 1723 volumus
3125 1675 3184 1722 ut
3230 1668 3429 1724 missus
3478 1677 3665 1724 noster
3711 1669 3796 1726 sis

2191 1770 2298 1810 una
2330 1772 2452 1811 cum
2471 1756 2705 1814 Henrico
2732 1755 2952 1825 abbate,
2976 1766 3032 1814 et
3050 1758 3270 1815 eosdem
3296 1760 3590 1816 monachos
3628 1761 3796 1831 plena

499 1852 591 1920 qui
619 1852 1044 1909 innumerabiles
1069 1869 1299 1923 quorum
1328 1855 1542 1909 nomina
1568 1863 1788 1925 propter
1807 1852 2088 1924 prolixita-
2116 1835 2164 1895 Β
2191 1850 2519 1904 auctoritate
2563 1866 2834 1907 canonum
2879 1860 2935 1907 et
2985 1851 3222 1922 regulari
3266 1860 3428 1922 atque
3467 1861 3657 1908 nostra
3717 1853 3793 1908 ad

501 1955 611 1998 tem
639 1943 729 1999 hic
753 1959 860 1999 non
893 1945 1240 2002 inseruimus.

1196 2057 1382 2113 XLIV.

503 2162 788 2241 Exemplar
807 2168 1038 2241 epistola:
1060 2185 1217 2241 quam
1242 2169 1464 2223 domnus
1487 2178 1778 2241 imperator;
1792 2169 2089 2224 Ludovicus

570 2237 726 2310 Iona;
758 2237 901 2293 urbis
943 2237 1334 2294 Aurelianensis
1377 2237 1613 2310 episcopo
1635 2251 1681 2295 et
1729 2239 1960 2294 Henrico
1992 2241 2088 2293 ab-

571 2307 676 2361 bati
699 2308 819 2377 fecit
843 2311 907 2364 de
920 2328 1083 2364 causa
1105 2311 1307 2364 Aldrici
1324 2307 1688 2366 Cenoma‘nica:
1708 2312 1850 2366 urbis
1865 2312 2090 2381 episcopi

539 2381 886 2448 suorumque
909 2382 1284 2435 monachorum
1307 2383 1370 2434 de
1418 2384 1734 2436 monasterio
1775 2383 1942 2436 sancti
1989 2380 2092 2435 ca-

571 2449 776 2522 rileplti,
815 2453 1027 2520 quando
1068 2452 1200 2504 illud
1255 2454 1302 2505 ei
1343 2452 1566 2506 domnus
1615 2454 1901 2520 imperator
1936 2451 2092 2522 plena

574 2521 783 2594 ratione
813 2522 1144 2594 ecclesiwque
1166 2523 1265 2575 sibi
1284 2523 1574 2594 commissa:
1589 2524 1777 2588 reddit,
1796 2537 1843 2578 et
1855 2521 2092 2594 prapter-

569 2606 630 2641 ea
657 2591 872 2658 quidam
894 2592 1137 2645 monachi
1167 2592 1458 2646 inconsulte
1487 2604 1669 2647 contra
1689 2591 1893 2648 omnem
1913 2591 2110 2647 aucto;

569 2662 780 2713 ritatem
803 2663 1112 2735 canonicam
1134 2672 1181 2716 et
1210 2664 1503 2733 regularem
1539 2680 1602 2718 ex
1626 2682 1686 2718 eo
1711 2675 1831 2718 sunt
1878 2665 2089 2735 egressi,

569 2740 617 2783 et
649 2747 728 2785 res
764 2733 1145 2804 ecclesiasticas
1192 2751 1296 2787 non
1330 2751 1527 2804 paucas
1567 2735 1672 2790 sive
1714 2733 1925 2790 sacrata
1968 2752 2092 2790 uasa

568 2819 733 2856 aurea
763 2812 809 2857 et
831 2813 1079 2874 argentea
1105 2803 1292 2874 furtim
1323 2803 1445 2858 inde
1491 2816 1913 2876 exportaverant.

570 2915 628 2970 In
657 2915 876 2970 nomine
900 2915 1115 2970 Domini
1159 2916 1255 2972 Dei
1300 2925 1354 2973 et
1397 2916 1698 2973 Salvatoris
1737 2919 1909 2974 nostri
1961 2916 2094 2974 Iesu

497 3006 719 3061 Christi.
761 3005 1084 3074 Ludovicus,
1119 3008 1300 3063 divina
1347 3011 1734 3080 rcpropitiante
1781 3010 2090 3077 clementia,

499 3098 797 3167 imperator
819 3099 1116 3170 Augustus,
1141 3099 1294 3158 Jonte
1317 3102 1612 3158 venerabili
1648 3103 1903 3174 episcopo
1949 3102 2093 3159 salu-

503 3197 631 3242 tem.
965 3221 968 3223 λ

568 3279 766 3337 Notum
792 3282 887 3339 tibi
914 3298 1034 3340 esse
1071 3283 1320 3340 volumus
1344 3285 1473 3355 quia
1517 3294 1839 3357 perventum
1891 3295 1974 3343 est
2023 3285 2093 3342 ad

501 3389 600 3428 nos
627 3375 772 3443 quod
800 3375 1052 3432 monachi
1103 3391 1172 3432 ex
1221 3377 1553 3431 monasterio
1598 3377 1772 3432 sancti
1819 3376 2092 3450 Carilepbi

501 3467 556 3520 in
587 3482 806 3536 egressu
839 3471 1224 3540 praesumptivo
1248 3470 1389 3525 idem
1413 3471 1799 3527 monasterium
1821 3472 2092 3544 expolias-

499 3567 622 3614 sent
676 3561 1012 3616 ornamentis
1076 3562 1458 3618 ecclesiasticis
1531 3571 1642 3618 tam
1710 3563 1768 3618 in
1835 3567 2092 3623 thesauro

467 3642 482 3654 “
500 3665 772 3720 quamque
803 3653 858 3706 in
887 3653 1031 3707 Vasis
1055 3667 1146 3708 seu
1176 3655 1535 3722 vestimentis,
1562 3671 1662 3710 nec
1692 3671 1797 3711 non
1824 3664 1878 3712 et
1917 3657 2088 3715 libris.

501 3741 842 3812 Quapropter
891 3744 983 3799 tibi
1022 3745 1364 3815 prmcipimus
1410 3754 1466 3801 et
1518 3745 1751 3804 Henrico
1795 3749 1979 3805 abbati
2031 3758 2093 3805 ut

499 3848 598 3888 vos
627 3835 775 3889 omni
824 3835 1101 3907 diligentia
1149 3838 1280 3893 illud
1325 3839 1631 3908 inquiratis,
1675 3848 1884 3896 etcum
1931 3843 2092 3910 omni

502 3923 814 3996 integritate
845 3942 933 3981 res
978 3927 1374 3985 ecclesiasticas
1419 3929 1596 3985 eidem
1640 3931 1887 3987 ecclesia:
1935 3933 2093 3988 resti-

503 4024 655 4073 tuere
689 4017 922 4074 faciatis.
965 4018 1118 4087 Vale,
1145 4035 1207 4076 ex
1232 4021 1335 4076 hoc
1363 4023 1560 4078 habeto
1591 4024 1828 4079 studium
1855 4025 1996 4082 sicut
2025 4027 2093 4084 de

504 4120 556 4166 te
579 4112 716 4167 bene
747 4113 1092 4183 conﬁdimus,
1123 4123 1180 4171 et
1212 4116 1352 4172 sicut
1372 4116 1426 4172 in
1463 4116 1568 4174 hoc
1615 4129 1862 4175 nostram
1895 4135 2092 4192 cogno-

502 4205 610 4260 scis
636 4206 993 4263 voluntatem.

1218 4304 1380 4362 XLV.
1453 4261 1456 4264 ’

504 4414 640 4472 Item
667 4418 937 4487 exemplar
965 4418 1182 4473 alterius
1213 4419 1446 4490 epistola:
1489 4420 1669 4475 domui
1695 4419 1947 4476 Ludovici
1991 4421 2090 4476 im-

700 4491 958 4560 peratoris
1000 4490 1066 4546 de
1091 4491 1345 4560 praedicta
1372 4507 1446 4556 re,
1479 4493 1548 4546 ad
1563 4507 1692 4563 quos
1721 4509 1901 4563 supra.

2117 3201 2164 3266 C

2189 1939 2466 2008 proprium
2491 1941 2880 1996 monasterium
2914 1942 3092 1998 redire
3134 1943 3495 2013 compellatis.
3547 1943 3606 1998 Si
3651 1959 3792 2000 vero

2191 2031 2459 2102 quispiam
2507 2048 2696 2089 eorum
2741 2049 2839 2090 vos
2889 2051 2996 2089 non
3039 2035 3375 2104 obaudierit,-
3415 2035 3668 2092 volumus
3729 2045 3796 2093 ut

2191 2122 2528 2194 compellatis
2565 2139 2688 2179 eum
2726 2126 2916 2181 venire
2946 2127 3013 2180 ad
3053 2135 3294 2182 nostram
3343 2129 3685 2198 praesentiam
3735 2130 3795 2186 in

2189 2217 2440 2286 proximo
2460 2215 2658 2285 placito
2704 2217 2847 2286 quod
2885 2217 3124 2273 habituri
3170 2234 3383 2286 sumus,
3420 2219 3650 2276 Domino
3697 2235 3797 2274 an-

2192 2315 2411 2375 nuente,
2447 2306 2586 2380 apud
2615 2307 2971 2365 Carisiacnm.
2999 2307 3144 2365 Bene
3177 2309 3318 2376 vale,
3346 2318 3402 2365 et
3430 2325 3525 2366 ora
3555 2326 3658 2382 pro
3687 2325 3792 2366 no-

2191 2401 2276 2457 bis
2298 2402 2608 2457 Dominum.

2894 2490 3072 2547 XLVI.

2195 2582 2410 2659 Notitia
2427 2587 2491 2639 de
2502 2583 2833 2659 ptonasterio
2859 2584 3030 2659 sancti
3048 2581 3316 2659 Carilepbi
3334 2584 3390 2641 in
3414 2587 3648 2658 generali
3666 2605 3794 2659 syn-

2264 2657 2363 2710 odo
2393 2657 2448 2710 in
2488 2655 2758 2728 Carisiaco
2813 2655 3012 2726 palatio
3036 2655 3240 2728 regio,
3289 2655 3431 2728 facta
3470 2659 3534 2712 ab
3573 2655 3793 2713 Alarico

2265 2728 2504 2800 episcopo
2535 2743 2629 2800 per
2647 2727 2914 2800 judicium
2962 2727 3323 2799 episcoporum
3378 2739 3612 2800 accepta,
3653 2730 3792 2784 sicut

2264 2799 2321 2852 in
2345 2814 2409 2853 ea
2439 2798 2735 2852 continetur
2765 2799 3038 2852 insertum.

2571 2888 2729 2962 (Vide
2750 2888 2841 2946 ubi
2869 2904 3054 2959 supra,
3079 2887 3182 2946 col.
3219 2889 3402 2963 1290.)

2882 3002 3090 3059 XLVII.

2194 3099 2274 3154 De
2303 3097 2640 3169 responsione
2664 3096 2918 3153 Ludovici
2956 3099 3288 3170 imperatoris
3323 3108 3372 3156 ct
3408 3100 3616 3172 judicio
3662 3105 3797 3174 opti-

2264 3181 2466 3224 matum
2493 3186 2715 3243 suorum
2749 3179 2930 3243 contra
2976 3180 3236 3243 prwcepta
3283 3188 3402 3243 qua:
3444 3174 3688 3228 monachi
3725 3178 3800 3231 de

2263 3239 3181 3313 monasterioAnisola:_altuleruut
3226 3239 3404 3296 coram
3450 3260 3531 3308 eo,
3577 3247 3796 3313 quando

2264 3322 2448 3393 contra
2487 3310 2762 3393 Aldricum
2795 3311 3092 3393 episcopum
3135 3310 3201 3366 de
3237 3314 3489 3382 praedicto
3533 3310 3800 3372 monaste-

2268 3392 2430 3437 1‘10"!
2466 3392 2695 3436 rationes
2735 3392 3001 3436 venerunt.

2265 3493 2495 3563 Quando
2511 3493 2839 3565 Aquisgrani
2867 3493 3068 3563 palatio
3090 3509 3232 3550 anno
3247 3495 3458 3567 imperii
3477 3497 3664 3554 domni
3681 3498 3799 3556 Lu-

2195 3585 2370 3642 dovici
2403 3586 2635 3657 piissimi
2675 3587 2902 3659 Augusti
2951 3603 3080 3652 xxv,
3129 3603 3310 3644 coram
3334 3604 3400 3646 eo
3443 3599 3500 3646 et
3530 3592 3798 3665 principi-

2192 3677 2296 3732 bus
2324 3677 2439 3732 suis
2467 3685 2579 3732 tam
2633 3677 3014 3733 ecclesiasticis
3041 3694 3203 3749 quam
3247 3687 3303 3734 et
3350 3681 3699 3738 sazcularibus
3735 3684 3794 3740 in

2193 3767 2432 3840 generali
2473 3779 2743 3826 conventu
2789 3771 3014 3841 querela
3064 3771 3132 3827 de
3181 3775 3512 3830 monasterio
3552 3775 3794 3834 Anisolae

2193 3869 2247 3916 et
2278 3861 2440 3916 rebus
2506 3861 2620 3916 suis
2687 3862 2828 3917 inter
2881 3861 3162 3919 Aldricum
3216 3863 3593 3922 Cenomanicae
3638 3868 3795 3926 urbis

2193 3952 2506 4022 episcopum
2532 3959 2588 4006 et
2615 3950 3004 4024 Sigemundum
3036 3953 3277 4023 ejusdem
3322 3960 3640 4016 monasterii
3688 3962 3790 4017 ab-

2191 4041 2370 4099 batem
2419 4044 2682 4116 agebatur
2732 4052 2788 4100 et
2833 4045 3143 4118 diligentius
3197 4051 3566 4118 scrutabatur,
3622 4062 3792 4124 atque

2185 4134 2300 4207 jam
2330 4136 2506 4192 dictus
2529 4135 2772 4208 pontifex
2801 4137 2944 4194 inter
2984 4140 3190 4211 reliqua
3219 4142 3576 4200 instrumenta
3630 4147 3794 4202 char-

2191 4241 2370 4288 tarum
2400 4239 2456 4287 et
2503 4240 2774 4303 praecepta
2816 4232 3018 4304 regalia
3054 4249 3223 4290 unum
3261 4248 3591 4308 praeceptum
3643 4240 3790 4308 quod

2193 4327 2426 4382 domnus
2461 4325 2686 4382 Carolus
2710 4325 2892 4382 facere
2925 4324 3110 4395 jussit,
3138 4342 3237 4383 sua
3276 4328 3528 4385 videlicet
3565 4333 3787 4403 propria

2191 4433 2358 4473 manu
2381 4419 2699 4474 roboratam
2725 4427 2782 4474 et
2806 4419 3008 4475 annulo
3028 4433 3129 4475 suo
3149 4419 3337 4476 subter
3356 4421 3670 4492 sigillatum,
3691 4438 3794 4494 per

2197 4512 2342 4583 quod
2378 4512 2494 4583 ipse
2511 4511 2626 4583 jam
2676 4512 2883 4568 dictum
2922 4513 3310 4582 monasterium
3357 4513 3628 4571 Franconi
3677 4517 3792 4588 cpio

569 4601 626 4656 In
655 4603 872 4658 nomine
909 4603 1124 4658 Domini
1169 4603 1266 4658 Dei
1317 4611 1372 4659 et
1419 4603 1717 4660 Salvatoris
1755 4605 1926 4660 nostri
1963 4603 2093 4662 Jesu
2116 4571 2173 4633 D
2201 4621 2368 4677 scopo
2392 4603 2750 4676 ecclesiaeque
2772 4605 2877 4660 sibi
2909 4606 3215 4662 commissa;
3235 4606 3489 4676 reddidit,
3515 4617 3571 4665 et
3599 4625 3792 4666 monac

501 4693 724 4760 Christi,
754 4693 1082 4762 Ludovicus,
1125 4693 1309 4749 divina
1350 4696 1739 4766 repropitiante
1778 4697 2088 4764 clementia,

502 4787 799 4856 imperator
827 4785 1120 4858 Augustus,
1149 4785 1299 4844 Iona:
1325 4789 1622 4846 venerabili
1651 4790 1906 4862 episcopo
1943 4791 2090 4848 salu—

503 4888 612 4936 tem
1405 4933 1418 4946 .

573 4969 768 5027 Notum
795 4971 893 5027 tibi
921 4987 1041 5029 esse
1092 4974 1343 5031 volumus
1371 4976 1499 5047 quia
1537 4984 1856 5048 perventum
1897 4985 1980 5033 est
2021 4977 2091 5032 ad

500 5078 599 5118 nos
635 5064 778 5133 quod
825 5064 1075 5119 monachi
1124 5080 1188 5120 ex
1229 5067 1560 5123 monasterio
1600 5069 1774 5123 sancti
1819 5066 2095 5137 Carilepbi

501 5157 706 5227 egressi
736 5166 862 5212 sunt
891 5157 957 5213 de
979 5160 1196 5229 proprio
1233 5160 1581 5226 monasterio,
1609 5160 1784 5216 aliena
1807 5161 1924 5216 loca
1949 5177 2094 5231 qua:—

503 5255 707 5314 rentes,
737 5249 1085 5306 immemores
1110 5252 1344 5322 propria:
1377 5253 1760 5322 promissionis
1794 5268 2002 5321 eorum,
2037 5254 2092 5310 in

504 5352 608 5403 qua
637 5338 1002 5406 promiserunt
1027 5341 1389 5396 obedientiam
1414 5350 1468 5397 et
1488 5341 1837 5398 stabilitatem
1860 5344 2095 5414 propriae

503 5426 882 5495 promissionis
903 5429 1022 5495 loci,
1057 5439 1218 5503 atque
1245 5433 1690 5488 renuntiaverunt
1721 5434 1956 5504 propriis
1993 5451 2092 5491 vo-

503 5514 804 5573 luntatibus
833 5521 1132 5576 secundum
1153 5521 1395 5592 regulam
1419 5523 1593 5578 sancti
1613 5523 1914 5588 Benedicti,
1939 5526 2094 5584 obliti
2131 5558 2148 5576 ο

504 5606 669 5661 etiam
711 5614 1036 5668 sententiam
1077 5613 1464 5685 evangelicum,
1511 5615 1563 5668 in
1616 5630 1722 5685 qua
1753 5616 2093 5674 Dominicum

503 5703 780 5774 exemplar
802 5707 1108 5762 audivimus
1133 5727 1145 5762 :
1179 5706 1302 5763 Non
1326 5711 1456 5777 veni,
1501 5709 1692 5779 inquit,
1721 5711 1891 5779 facere
1913 5714 2097 5769 volun-

505 5803 664 5854 tatem
686 5816 878 5872 meam,
905 5803 996 5858 sed
1026 5802 1141 5872 ejus
1179 5807 1268 5873 qui
1300 5806 1442 5861 misit
1475 5822 1556 5861 me
1601 5805 1782 5867 (Joan.
1832 5823 1908 5865 vr.
1958 5809 2095 5878 38);

2200 4700 2285 4756 chi
2320 4697 2564 4771 praedicti
2589 4696 2904 4768 Sigemundi
2932 4698 3205 4768 quoddam
3231 4707 3562 4772 prmeeptum
3587 4701 3655 4756 de
3678 4701 3793 4765 cle-

2199 4794 2380 4846 ctione
2430 4803 2638 4854 eorum,
2682 4795 2744 4842 ut
2770 4777 2844 4843 de
2878 4789 3182 4858 semetipsis
3210 4789 3477 4846 haberent
3511 4789 3792 4848 licentiam

2199 4881 2433 4954 eligendi
2462 4881 2738 4946 abbatem,
2763 4880 2908 4952 quod
2932 4881 3184 4937 dicebant
3211 4880 3368 4952 jussu
3397 4883 3580 4940 domui
3609 4885 3791 4942 Ludo-

2199 4979 2304 5036 vici
2336 4977 2568 5050 piissimi
2596 4977 2940 5048 imperatoris
2969 4992 3089 5034 esse
3117 4979 3506 5049 conscriptum.
3531 4979 3792 5051 Adquod

2198 5069 2480 5141 respondit
2524 5067 2759 5125 domnus
2799 5068 3142 5139 imperator:
3185 5069 3243 5125 Si
3291 5085 3391 5142 ego
3444 5070 3549 5127 hoc
3585 5087 3795 5142 praece-

2197 5172 2351 5235 ptum
2376 5161 2676 5232 ﬁerijussi,
2711 5163 3021 5219 nesciebam
3065 5163 3209 5234 quod
3234 5163 3556 5234 praedictum
3602 5181 3796 5220 mona-

2199 5255 2424 5312 sterium
2453 5255 2521 5310 de
2546 5255 2820 5327 episcOpio
2861 5255 3223 5312 Cenomanico
3267 5264 3434 5322 esset,
3479 5264 3536 5312 et
3573 5257 3792 5330 ignora-

2198 5348 2325 5403 bam
2347 5349 2492 5420 quod
2521 5358 2678 5419 pater
2700 5364 2854 5404 meus
2883 5347 3012 5404 illud
3041 5348 3112 5404 ibi
3140 5363 3238 5420 per
3273 5363 3430 5404 suum
3459 5359 3791 5420 praeceptum

2200 5441 2473 5497 redderet.
2510 5440 2618 5497 Sed
2647 5441 2773 5510 quia
2801 5455 2896 5496 vos
2933 5448 2988 5495 et
3014 5455 3174 5510 pares
3205 5439 3370 5495 vestri
3399 5440 3504 5495 hoc
3530 5440 3662 5495 mihi
3694 5456 3792 5496 ce-

2199 5532 2372 5599 lastis,
2405 5541 2461 5589 et
2503 5546 2603 5603 per
2653 5530 2899 5586 fraudem
2948 5539 3003 5587 et
3033 5530 3235 5586 malum
3285 5529 3562 5599 ingenium
3610 5529 3794 5586 facere

2169 5637 2172 5645 ‘
2200 5625 2469 5691 suasistis,
2501 5625 2704 5680 idcirco
2725 5624 2898 5695 ipsum
2925 5611 3275 5693 prmceptum,
3303 5622 3446 5694 quod
3493 5621 3634 5688 mihi,
3650 5636 3796 5691 prae-

2199 5717 2379 5786 cipere
2405 5717 2523 5772 ﬁeri
2553 5716 2750 5782 dicitis,
2779 5724 2961 5771 vestro
2983 5714 3266 5770 mendacio
3303 5712 3632 5779 inﬁrmatur,
3661 5712 3793 5783 quia

2201 5823 2364 5866 causa
2386 5809 2481 5867 ubi
2501 5808 2650 5868 fraus
2693 5807 2981 5866 intercedit
3001 5821 3106 5864 non
3136 5806 3303 5876 valet,
3350 5805 3446 5864 sed
3489 5803 3667 5876 magis
3704 5817 3794 5861 re-
