4044 6326
226 431 304 491 89
1783 419 1961 476 VITA.
3428 425 3498 484 90

230 547 406 619 proba
454 541 705 600 efﬁcitur.
749 540 817 596 Et
855 538 975 596 ideo
1021 544 1259 593 vestrum
1305 525 1628 607 praeceptum
1671 544 1816 590 stare
1843 539 1892 599 Α

232 655 346 696 non
376 638 598 708 poterit,
630 635 756 705 quia
784 640 964 688 vestro
996 631 1274 688 mendacio
1310 640 1365 686 et
1409 640 1585 688 vestra
1631 630 1818 686 fraude

233 732 484 787 funditus
511 727 830 785 destruitur.
864 725 922 780 Si
943 725 1090 780 enim
1114 739 1212 780 nos
1236 739 1398 779 unam
1427 725 1580 780 vobis
1609 731 1816 778 tantum

231 823 560 878 electionem
609 819 1001 884 concessimus,
1056 817 1227 887 ipsam
1279 817 1387 872 cito
1434 817 1637 872 ﬁnitam
1701 831 1820 871 esse

233 915 642 986 c0gnoscimus,
671 913 794 982 quia
843 909 1220 980 Sigemundus,
1254 924 1414 979 quem
1456 909 1610 965 vobis
1655 909 1820 964 abba-

235 1015 352 1060 tem
374 1003 635 1074 elegistis,
686 1010 1042 1057 memoratum
1087 1000 1474 1056 monasterium
1520 1015 1617 1055 sua
1665 998 1820 1069 culpa

234 1095 494 1168 perdidit,
527 1095 654 1165 quia
703 1092 858 1149 nobis
900 1091 1212 1147 inohediens
1243 1099 1298 1146 et
1338 1089 1569 1146 inﬁdelis
1592 1089 1818 1145 exstitit.

237 1189 369 1248 Hac
396 1188 576 1244 taliter
601 1187 892 1257 praedictus
933 1185 1164 1242 domnus
1203 1185 1498 1256 imperator
1547 1199 1712 1255 agens
1740 1183 1821 1238 in-

240 1279 540 1351 terrogavit
566 1285 792 1333 cunctos
812 1277 1226 1332 circumstantes
1253 1275 1383 1346 quid
1426 1289 1587 1346 super
1622 1275 1724 1330 hac
1760 1289 1822 1330 re

240 1373 324 1426 eis
389 1371 590 1426 rectius
632 1370 936 1426 videbatur.
983 1368 1085 1436 Qui
1136 1367 1521 1438 respondentes
1571 1367 1822 1422 dixerunt

240 1473 351 1520 tam
383 1461 623 1533 episcopi
651 1476 812 1532 quam
833 1461 1082 1527 abhates,
1113 1460 1227 1516 sive
1247 1461 1494 1526 comites,
1524 1469 1580 1515 et
1626 1461 1820 1531 reliqui

233 1570 432 1611 omnes
459 1573 472 1608 :
502 1554 628 1610 Hac
648 1553 947 1626 posteriora
985 1560 1274 1624 praecepta,
1316 1567 1436 1622 qua
1493 1551 1582 1608 isti
1634 1567 1822 1606 mona-

237 1643 602 1709 chiaﬁ‘erunt,
646 1661 752 1699 non
801 1627 1027 1714 possunt
1069 1643 1350 1699 destruere
1388 1645 1660 1700 anteriora
1703 1660 1822 1714 qua

237 1733 494 1789 Aldricus
519 1735 806 1804 episc0pus
836 1742 892 1790 et
921 1733 1149 1790 ecclesia
1179 1734 1282 1790 sibi
1304 1736 1592 1792 commissa
1620 1735 1812 1804 habet;

237 1830 334 1883 sed
365 1827 728 1882 anteriorihus
776 1827 1069 1882 cedendum
1112 1835 1215 1893 est,
1239 1835 1294 1883 et
1334 1827 1658 1899 posteriora,
1701 1845 1820 1900 qua

239 1919 430 1975 fraude
445 1927 508 1976 et
542 1920 682 1975 malo
711 1920 922 1990 ingenio
944 1920 1228 1991 impetrata
1272 1918 1514 1986 fuerunt,
1545 1919 1838 1983 inﬁrmans

237 2019 327 2066 tur
351 2021 408 2068 et
431 2021 580 2067 stare
605 2027 710 2065 non
734 2020 978 2080 possunt,
1006 2011 1131 2080 quia
1171 2011 1313 2066 actio
1359 2027 1462 2081 qua
1515 2011 1568 2065 in
1603 2011 1826 2082 quihus-

237 2117 455 2172 cunque
492 2102 723 2174 negotiis
765 2100 912 2157 fraus
941 2101 1310 2158 intercesserit
1347 2117 1456 2157 non
1491 2102 1709 2157 valebit.
1756 2102 1825 2158 Et

239 2201 296 2245 ut
328 2193 540 2247 ratione
563 2202 618 2247 et
647 2193 766 2264 lege
811 2193 1095 2248 ﬁrmentur
1139 2209 1202 2249 ea
1243 2209 1364 2264 qua
1408 2203 1688 2260 testamur,
1725 2194 1824 2250 ali-

237 2300 344 2356 qua
367 2300 436 2339 ex
460 2286 784 2340 authenticis
811 2285 1014 2342 nostris
1033 2285 1186 2341 vobis
1227 2287 1536 2343 testimonia
1580 2288 1823 2343 indican-

240 2388 323 2435 tes
344 2378 692 2449 proferimus.
715 2378 1078 2434 Constitutum
1100 2388 1186 2435 est
1207 2394 1239 2434 a
1262 2382 1465 2437 sanctis
1494 2381 1738 2451 patribus
1767 2389 1824 2436 et

241 2470 395 2525 bonis
422 2470 837 2540 imperatoribus
885 2477 940 2524 ct
988 2469 1106 2539 lege
1149 2471 1422 2526 decretum
1460 2479 1520 2526 ut
1561 2471 1822 2542 quidquid

244 2563 372 2617 falsa
403 2564 594 2634 petitio
616 2581 646 2618 a
666 2564 911 2635 principe
935 2564 1250 2632 obtinuerit,
1285 2565 1410 2635 quia
1461 2565 1608 2620 fraus
1652 2565 1821 2621 inter-

244 2655 412 2722 venit,
442 2672 548 2710 non
577 2655 796 2712 valebit.
833 2657 962 2712 Item
985 2656 1111 2713 alibi
1141 2677 1154 2712 :
1187 2676 1206 2710 ‹
1240 2657 1582 2730 Quaecunque
1629 2668 1818 2715 contra

239 2744 326 2815 jus
383 2748 690 2819 conscripta
741 2745 953 2806 .fuerint
1013 2767 1120 2806 non
1164 2749 1437 2817 valebunt,
1467 2767 1820 2822 Aquocunque

239 2834 400 2891 modo
446 2834 647 2891 fuerint
688 2836 991 2906 impetrata.
1027 2858 1047 2891 δ
1083 2838 1216 2894 Item
1258 2840 1432 2895 alibi:
1469 2859 1489 2892 ι
1541 2841 1643 2908 Qui
1685 2841 1820 2897 falsa

238 2925 542 2998 principum
576 2937 844 2998 pracepta
905 2929 1218 2996 detulerint,
1263 2931 1575 3000 puniantur.
1623 2951 1642 2983 ι
1685 2931 1819 2987 Item

239 3018 366 3075 alibi
397 3037 411 3075 :
447 3039 466 3072 ι
499 3019 664 3076 Dolus
687 3020 860 3076 malus
880 3029 964 3077 est
997 3037 1120 3076 cum
1154 3021 1311 3078 aliter
1352 3024 1549 3093 agitur,
1586 3023 1730 3078 aliud
1753 3023 1822 3078 si-

241 3112 496 3168 mulatur.
538 3135 558 3169 ι
592 3112 724 3168 ltem
757 3113 887 3169 alibi
921 3131 934 3168 :
967 3132 986 3165 ‹
1027 3113 1130 3181 Qui
1165 3115 1346 3170 dolum
1381 3115 1465 3169 vel
1493 3124 1695 3170 metum
1719 3115 1820 3169 ad-

240 3203 414 3260 hibuit
436 3212 495 3258 ut
524 3219 613 3258 res
646 3203 712 3258 ad
740 3203 903 3258 alium
932 3205 1218 3268 transiret,
1235 3205 1301 3262 de
1342 3205 1449 3262 doli
1488 3205 1702 3260 actione
1740 3214 1817 3260 te-

239 3294 476 3349 nebitur.
510 3312 531 3346 ι
561 3292 695 3348 Item
716 3293 841 3348 alibi
872 3312 885 3349 :
925 3312 945 3347 ς
977 3294 1144 3352 Dolus
1169 3295 1343 3352 malus
1371 3303 1454 3352 est
1489 3296 1534 3352 si
1575 3311 1672 3367 per
1716 3295 1819 3351 fal—

239 3385 466 3441 sitatem
525 3383 754 3439 voluerit
794 3386 916 3455 quis
956 3386 1109 3458 prius
1156 3387 1378 3443 deﬁnita
1425 3389 1744 3445 convellere.
1795 3409 1814 3445 ι

239 3477 372 3532 Item
433 3474 560 3532 alibi
603 3494 619 3531 ε
655 3495 674 3527 ε
725 3476 1212 3549 Redintegrandum
1263 3488 1347 3535 est
1391 3495 1423 3534 a
1466 3483 1822 3550 prasentibus

237 3569 509 3641 iudicibus
538 3571 666 3626 etin
694 3569 811 3639 ejus
841 3571 982 3625 unde
1006 3571 1242 3626 abcessit
1271 3580 1538 3642 potestate
1565 3588 1824 3628 revocan-

238 3662 368 3716 dum
395 3660 539 3731 quod
569 3676 890 3732 quacunque
914 3661 1222 3716 conditione
1253 3664 1524 3732 temporis,
1559 3672 1651 3718 aut
1674 3663 1820 3730 dolo,

238 3762 336 3808 aut
362 3754 699 3825 captivitate,
735 3763 827 3809 aut
854 3755 1054 3810 virtute
1082 3756 1348 3826 majorum
1373 3756 1566 3811 timore
1591 3755 1824 3812 faciente

238 3845 550 3916 deperierit.
583 3865 601 3897 ι
632 3846 764 3900 Item
793 3845 960 3901 alibi:
991 3865 1010 3898 ι
1053 3846 1326 3917 Quidquid
1365 3863 1497 3903 vera
1546 3863 1640 3904 seu
1687 3847 1822 3904 falsa

237 3937 431 4008 petitio
457 3951 487 3990 a
529 3937 774 4008 principe
803 3937 1120 4004 obtinuerit,
1157 3937 1284 4008 quia
1312 3935 1464 3994 fraus
1493 3929 1834 4006 intercessit,

238 4045 349 4086 non
370 4030 572 4085 valebit
593 4042 639 4085 ο.
684 4049 704 4084 ι
745 4029 936 4103 Magna
973 4029 1121 4086 fraus
1143 4030 1264 4098 fuit,
1295 4031 1548 4102 quoniam
1571 4031 1824 4087 monachi

236 4123 485 4193 pradicti
509 4131 869 4178 memoratum
902 4124 1290 4179 monasterium
1316 4124 1382 4178 de
1409 4123 1533 4192 jure
1560 4122 1826 4178 Cenoma-

237 4215 378 4271 nica
417 4217 562 4272 sedis
616 4215 859 4272 ecclesia
901 4231 1021 4272 esse
1059 4216 1322 4282 sciebant,
1367 4217 1493 4287 quia
1546 4230 1653 4270 non
1700 4222 1828 4270 sunt

238 4307 420 4363 adhuc
442 4307 660 4378 triginta
682 4307 807 4362 anni
857 4305 1001 4377 quod
1045 4322 1075 4360 a
1116 4305 1464 4376 pontiﬁcibus
1510 4312 1826 4360 memorata

239 4399 386 4456 sedis
411 4413 722 4469 possessum
749 4405 862 4464 est;
889 4404 944 4453 et
969 4399 1085 4453 hac
1108 4396 1369 4462 celantes,
1395 4396 1654 4467 vobisque
1673 4412 1828 4451 men-

239 4489 460 4555 tientes,
486 4497 755 4560 pracepta
785 4489 886 4545 sibi
910 4490 1027 4544 sine
1070 4504 1334 4544 consensu
1375 4489 1645 4558 pradicta
1681 4488 1826 4544 sedis

235 4581 538 4653 pontiﬁcis,
575 4580 660 4636 cui
689 4579 832 4649 juste
874 4581 1121 4644 debetur,
1169 4579 1349 4634 facere
1394 4577 1709 4634 suadebant.
1759 4577 1827 4632 Et

239 4672 344 4727 hoc
364 4671 574 4740 justum
602 4677 766 4734 esset,
790 4678 850 4724 ut
877 4670 921 4725 si
945 4669 1141 4739 aliquis
1170 4668 1430 4724 laicorum
1458 4669 1562 4724 hoc
1588 4665 1822 4734 fecisset,

237 4773 300 4819 ut
345 4778 602 4834 magnum
657 4763 1040 4818 detrimentum
1101 4763 1434 4829 sustineret;
1484 4761 1578 4817 sed
1620 4770 1676 4816 et
1728 4777 1827 4832 pro

237 4867 391 4914 certo
412 4855 752 4926 judicaretur
775 4858 852 4912 illi
869 4843 936 4912 ut
958 4857 1174 4928 capitali
1202 4859 1467 4912 sententia
1516 4856 1823 4926 puniretur.

237 4947 348 5005 Sed
373 4950 501 5019 quia
525 4965 631 5004 non
662 4949 804 5015 laici,
827 4948 919 5003 sed
941 4949 1052 5018 jam
1083 4949 1209 5003 dicti
1249 4948 1522 5012 monachi,
1551 4947 1653 5002 hoc
1675 4947 1823 5002 fece-

235 5049 390 5106 runt,
416 5041 638 5111 dignum
660 5047 745 5096 est
768 5048 827 5094 ut
849 5040 921 5095 ita
943 5047 1297 5096 coerceantur
1327 5053 1395 5094 ne
1434 5038 1524 5094 alii
1573 5039 1826 5094 monachi

237 5132 499 5201 deinceps
525 5131 651 5186 talia
676 5146 836 5202 agere
855 5139 1206 5202 prasumant.
1249 5129 1544 5201 Propterea
1585 5131 1828 5187 nonnulli

235 5223 456 5292 prafati
499 5223 814 5278 monasterii
855 5223 1106 5279 monachi
1150 5239 1275 5278 cum
1315 5222 1647 5292 Sigemundo
1692 5241 1830 5297 pra-
1874 5202 1888 5248 ί

238 5316 389 5370 dicto
416 5331 602 5370 eorum
633 5317 827 5372 abbate
856 5317 1049 5373 exsilio
1071 5318 1310 5373 damnati
1333 5327 1477 5374 sunt.
1511 5319 1578 5374 Et
1599 5317 1679 5374 sic
1699 5335 1826 5375 con-
1849 5331 1861 5342 '

236 5408 519 5464 ﬁrmatum
549 5420 632 5464 est
664 5412 1011 5481 sapedictum
1049 5413 1437 5468 monasterium
1459 5411 1676 5467 Aldrico
1717 5413 1828 5484 epi-

238 5517 410 5572 scopo
439 5509 495 5556 et
544 5500 660 5570 ejus
712 5505 1006 5574 episcopio,
1061 5505 1202 5560 sicut
1253 5505 1306 5559 in
1355 5504 1473 5573 ejus
1521 5513 1705 5560 notum
1747 5514 1832 5562 est

235 5595 532 5666 praeceptis
562 5604 614 5650 et
638 5597 757 5651 aliis
789 5598 1151 5655 monumentis
1176 5598 1488 5652 chartarum
1525 5597 1832 5654 continetur

237 5687 531 5744 insertum.

2590 536 2815 596 XLVIII.

1927 625 2234 684 Memoriale
2260 629 2486 700 qualiter
2512 628 2739 684 Anisolw
2767 629 3140 686 monasterium
3181 647 3214 685 a
3240 630 3368 701 iure
3399 630 3496 686 Ce-

1998 701 2287 771 nomanica
2329 702 2511 754 matris
2551 701 2784 755 ecclesia:
2829 710 2944 771 post
2999 701 3197 755 obitum
3245 700 3497 756 Ludovici

1994 770 2215 838 piissimi
2239 771 2568 841 imperatoris
2589 770 2875 826 alienatum
2906 781 3001 826 est.
3055 837 3058 840 .

1997 860 2051 915 Si
2083 861 2204 930 quis
2229 877 2389 917 nosse
2416 861 2687 918 desiderat
2708 863 2940 934 qualiter
2959 865 3348 920 monasterium
3367 862 3498 919 Ani-

1924 949 2052 1008 solae
2077 967 2183 1005 una
2213 966 2336 1007 cum
2372 953 2532 1008 rebus
2561 954 2674 1010 suis
2703 954 2768 1009 de
2796 954 2918 1026 jure
2959 953 3336 1010 Cenomanica
3381 971 3499 1010 ma-

1923 1047 2022 1101 tris
2054 1045 2296 1101 ecclesia
2326 1057 2446 1116 post
2482 1047 2687 1102 obitum
2718 1046 2972 1104 Ludovici
3006 1049 3227 1104 secundi
3257 1049 3499 1104 Franco-

1924 1152 2046 1192 rum
2092 1137 2435 1208 imperatoris
2483 1137 2721 1208 elapsum
2770 1147 2884 1212 est.
2925 1140 2981 1195 in
3028 1141 3134 1198 hoc
3185 1141 3500 1196 memoriale

1922 1227 2161 1284 breviter
2186 1229 2634 1298 comprehensum
2663 1230 2860 1300 aliquid
2887 1230 3130 1288 invenire
3151 1235 3370 1304 poterit.
3397 1235 3502 1288 De-

1926 1321 2106 1376 functo
2145 1323 2459 1392 prascripto
2493 1323 2689 1378 domno
2731 1323 3005 1380 Ludovico
3044 1327 3287 1396 piissimo
3317 1328 3500 1397 Augu—

1923 1412 2030 1469 stio
2055 1427 2195 1467 anno
2235 1412 2619 1470 incarnationis
2639 1413 2932 1471 Dominica
2963 1417 3408 1488 octingentesimo
3434 1425 3488 1472 et

1923 1503 2354 1576 quadragesimo,
2375 1519 2570 1576 magna
2592 1505 2786 1560 seditio
2808 1514 2926 1560 orta
2948 1515 3030 1562 est
3050 1508 3103 1562 in
3129 1509 3354 1578 imperio
3379 1524 3496 1564 suo.

1921 1594 2069 1650 Inter
2094 1601 2288 1648 caetera
2314 1602 2490 1649 autem
2520 1595 2657 1649 mala
2683 1597 2919 1652 surrexit
2937 1598 3181 1668 quadam
3217 1600 3499 1671 tyrannica

1923 1694 2164 1757 potestas
2194 1687 2248 1741 in
2299 1702 2438 1758 pago
2465 1687 2826 1744 Cenomanico
2865 1704 2970 1759 qua
3007 1691 3259 1747 resistere
3293 1692 3500 1746 niteba-

1925 1789 2015 1836 tur
2041 1779 2234 1836 Carolo
2265 1779 2377 1834 ﬁlio
2406 1779 2543 1851 ejus,
2585 1781 2670 1836 cui
2702 1780 2991 1850 praedictus
3035 1781 3330 1852 imperator
3359 1783 3502 1837 inter

1850 1887 1900 1949 Β
1926 1880 2149 1926 cateras
2177 1871 2424 1940 regiones
2459 1870 2763 1926 Neustriam
2795 1871 3038 1939 dederat,
3077 1880 3134 1927 et
3161 1887 3288 1928 suos
3317 1871 3502 1927 ﬁdeles

1923 1963 2080 2018 valde
2122 1963 2426 2018 infestabat.
2459 1962 2702 2018 Praefatae
2739 1978 2868 2032 ergo
2907 1963 3209 2036 tyrannica
3245 1964 3499 2034 potestati

1923 2070 1983 2111 se
2031 2055 2312 2126 conjunxit
2362 2055 2745 2126 Sigemundus,
2785 2056 2876 2126 qui
2919 2057 3120 2111 dudum
3172 2057 3240 2111 de
3265 2056 3502 2128 prafata

1921 2146 2159 2202 Anisola
2193 2147 2525 2202 monasterio
2554 2148 2720 2202 abbas
2749 2146 2951 2212 fuerat,
2979 2156 3033 2203 et
3049 2146 3299 2203 Aldricus
3327 2147 3502 2203 eccle-

1921 2241 2018 2295 sia
2037 2239 2413 2295 Cenoinanica
2452 2239 2756 2310 episcopus,
2792 2239 2886 2308 qui
2927 2238 3057 2294 illud
3104 2239 3496 2294 monasterium

1921 2347 2027 2386 una
2049 2347 2172 2388 cum
2199 2332 2362 2386 rebus
2403 2331 2515 2386 suis
2550 2339 2680 2386 tunc
2723 2337 2993 2396 tenuerat,
3035 2329 3266 2386 ﬁdeliter
3299 2329 3498 2384 Carolo

1921 2427 2122 2482 seniori
2150 2441 2248 2481 suo
2270 2426 2602 2492 adharehat,
2632 2435 2688 2482 et
2731 2427 2858 2483 licet
2887 2437 3186 2484 memorata
3218 2427 3498 2499 tyrannica

1919 2528 2159 2592 potestas
2188 2535 2309 2576 eum
2335 2520 2403 2575 ad
2423 2535 2482 2576 se
2507 2520 2803 2591 sapissime
2832 2529 3070 2586 voearet,
3099 2529 3159 2575 et
3183 2519 3500 2575 ﬁrmitatem

1921 2614 1968 2668 ei
2005 2612 2182 2668 facere
2212 2613 2412 2669 vellent
2451 2614 2542 2683 qui
2583 2629 2704 2669 eam
2733 2614 3063 2669 exercebant
3112 2611 3346 2683 qualiter
3385 2610 3502 2680 ipse

1920 2713 2189 2775 quareret
2210 2714 2271 2760 ut
2309 2706 2498 2761 diebus
2540 2705 2665 2761 vitae
2706 2705 2920 2760 illorum
2968 2719 3097 2760 suos
3130 2704 3366 2758 honores
3395 2716 3500 2755 non

1919 2797 2172 2867 perderet
2211 2813 2311 2853 nec
2369 2798 2688 2853 imminutos
2744 2797 2994 2862 haberet,
3034 2797 3129 2852 sed
3188 2795 3420 2865 majores
3447 2802 3502 2850 et

1920 2889 2323 2960 qualescunque
2355 2890 2408 2942 in
2445 2889 2534 2944 illa
2578 2889 2799 2961 regione
2832 2895 3040 2958 peteret
3087 2887 3498 2957 adipisceretur,

1920 2979 1967 3034 si
1996 2993 2054 3034 se
2078 2979 2182 3035 illis
2216 2979 2586 3050 conjungeret.
2627 2977 2736 3034 Sed
2780 2977 2870 3034 ille
2899 2987 3122 3049 propter
3162 2977 3278 3032 hac
3319 2974 3502 3030 omnia

1919 3071 2197 3142 proposito
2223 3086 2254 3124 a
2281 3071 2540 3141 pradicto
2571 3069 2785 3126 seniore
2809 3085 2908 3126 suo
2937 3085 2998 3126 se
3027 3085 3134 3125 non
3165 3067 3498 3133 substraxit;

1921 3164 2015 3220 sed
2037 3161 2351 3219 inconvulse
2380 3162 2550 3218 ﬁdelis
2572 3179 2626 3218 et
2650 3176 2746 3232 pro
2774 3160 2982 3216 viribus
3004 3158 3216 3228 adjutor
3240 3158 3315 3213 illi
3339 3156 3504 3212 exsti-

1845 3243 1892 3308 C
1922 3257 2010 3322 tit,
2038 3263 2094 3310 et
2115 3263 2334 3326 propter
2361 3255 2512 3310 illiilli
2551 3253 2734 3310 omnia
2761 3268 2858 3309 sua
2885 3251 3115 3319 «dimisit,
3160 3259 3215 3307 et
3253 3265 3376 3306 eum
3413 3263 3502 3304 se-

1925 3358 2084 3404 cutus
2117 3355 2200 3402 est
2233 3361 2330 3417 per
2352 3346 2556 3402 omnia.
2587 3345 2845 3402 Cessante
2877 3359 3008 3400 vero
3049 3343 3162 3415 jam
3193 3343 3336 3399 dicta
3365 3340 3507 3398 sedi-

1923 3439 2092 3503 tione,
2125 3437 2268 3509 cepit
2288 3435 2515 3492 Carolus
2541 3451 2634 3492 rex
2665 3437 2956 3507 pradictus
2979 3434 3264 3491 consilium
3291 3441 3352 3488 ut
3389 3447 3504 3488 me-

1924 3540 2164 3586 moratos
2196 3539 2457 3601 tyrannos
2499 3537 2593 3584 aut
2617 3543 2647 3582 a
2685 3527 2798 3597 jam
2825 3527 2985 3583 dictis
3029 3525 3229 3582 ﬁnibus
3251 3524 3496 3596 ejiceret,

1925 3630 2018 3678 aut
2045 3636 2138 3677 eos
2169 3622 2271 3676 sibi
2297 3621 2480 3676 ﬁdeles
2507 3620 2711 3676 faceret
2737 3638 2752 3675 :
2779 3620 2847 3675 ad
2880 3634 3014 3691 quos
3039 3617 3190 3673 misit
3212 3617 3501 3686 optimates

1925 3731 2073 3780 suos,
2101 3729 2302 3770 vocans
2342 3729 2438 3768 eos
2466 3713 2534 3768 ad
2568 3727 2647 3768 se.
2685 3711 2890 3780 Quibus
2918 3711 3314 3782 responderunt
3343 3729 3357 3763 -.
3396 3705 3506 3762 Nec

1926 3805 1992 3860 ad
2023 3804 2168 3859 illum
2194 3804 2498 3868 veniemus,
2531 3817 2633 3858 nec
2673 3801 2748 3856 illi
2789 3800 2972 3856 ﬁdeles
3007 3801 3234 3865 erimus,
3266 3799 3369 3854 nisi
3412 3811 3512 3852 no-

1925 3897 2012 3952 bis
2041 3895 2304 3951 convictis
2341 3895 2607 3950 concedat
2629 3892 2880 3948 omnibus
2906 3893 3077 3947 vitam
3104 3899 3157 3947 et
3184 3891 3428 3945 membra
3454 3896 3508 3942 ct

1927 3987 2061 4042 tales
2113 3986 2349 4042 honores
2401 3985 2588 4055 quales
2649 3984 2811 4040 modo
2857 3991 3137 4048 tenemus,
3188 3994 3510 4051 quocunque

1926 4078 2086 4134 modo
2117 4092 2212 4132 eos
2233 4075 2551 4142 habeamus,
2578 4076 2724 4130 inter
2749 4090 2886 4146 quos
2913 4074 3196 4144 praefatum
3221 4071 3509 4143 Sigemun-

1927 4168 2052 4225 dum
2079 4175 2135 4222 et
2159 4165 2545 4221 monasterium
2572 4163 2806 4220 Anisola
2833 4179 2956 4219 cum
3004 4163 3170 4218 rebus
3211 4161 3325 4217 suis
3364 4175 3511 4215 com-

1926 4259 2292 4331 prehenderit.
2330 4258 2530 4313 Videns
2565 4257 2794 4312 domnus
2827 4255 3055 4310 Carolus
3099 4253 3358 4324 praefatus
3389 4267 3508 4316 rex,

1926 4361 2146 4425 propter
2175 4351 2308 4408 alias
2337 4352 2635 4407 seditiones
2671 4365 2793 4422 qua
2819 4349 3059 4420 undique
3097 4346 3507 4420 grassabantur,

1929 4446 2049 4502 sine
2091 4461 2288 4518 magno
2315 4444 2632 4501 discrimine
2675 4443 2835 4500 aliter
2865 4451 2993 4497 tunc
3034 4455 3142 4496 non
3180 4453 3341 4511 posse
3370 4437 3523 4512 ﬁeri,

1929 4539 2204 4594 consensit
2225 4538 2576 4608 petitionibus
2611 4551 2826 4602 eorum,
2848 4543 2904 4591 et
2933 4536 3076 4590 inter
3099 4533 3339 4604 reliquos
3361 4531 3510 4603 Sige-

1853 4611 1909 4674 Ῑ)
1932 4631 2132 4686 mundo
2157 4629 2426 4685 concessit
2465 4637 2826 4684 memoratum
2852 4626 3246 4683 monasterium
3277 4625 3504 4688 habere,

1927 4729 1984 4777 et
2011 4721 2270 4792 praedicto
2321 4719 2542 4775 Aldrico
2585 4729 2640 4774 et
2683 4733 2795 4774 sua
2832 4718 2976 4774 sedis
3012 4715 3256 4774 ecclesia
3283 4715 3514 4770 ﬁrmiter

1927 4814 2177 4886 promisit
2208 4811 2337 4867 illud
2383 4813 2490 4866 cito
2537 4813 2874 4867 redditurum
2912 4829 2926 4866 :
2971 4818 3027 4865 et
3086 4809 3179 4866 tali
3230 4809 3513 4866 occasione

1931 4911 2296 4958 memoratum
2327 4902 2718 4956 monasterium
2758 4901 3054 4956 alienatum
3081 4909 3166 4956 est
3187 4909 3316 4955 tunc
3339 4915 3368 4952 a
3391 4897 3513 4967 jure

1927 4991 2302 5048 Cenomanica
2332 4976 2524 5047 matris
2559 4991 2826 5058 ecclesia,
2853 5007 2961 5048 non
2995 4991 3208 5066 legibus
3233 4987 3513 5046 evindica-

1933 5095 2072 5152 tum,
2103 5084 2198 5140 sed
2237 5085 2516 5157 tyrannice
2541 5084 2848 5140 alienatum.

2633 5175 2818 5232 XLIX.

2004 5268 2263 5326 Vertente
2296 5279 2477 5325 autem
2517 5277 2773 5341 tempore,
2803 5278 2860 5326 et
2891 5267 3149 5340 praedicto
3182 5263 3514 5335 Sigemundo

1936 5364 2004 5418 ad
2059 5372 2418 5418 memoratum
2465 5377 2669 5434 regem,
2701 5362 2956 5417 domnum
2979 5357 3240 5431 videlicet,
3263 5354 3515 5411 Carolum

1936 5455 2106 5510 ﬁlium
2159 5455 2416 5511 Ludovici
2456 5455 2816 5526 imperatoris,
2859 5452 3080 5507 minime
3128 5449 3416 5512 veniente,
3461 5453 3518 5500 et

1878 5601 1885 5609 ,
1937 5545 2083 5602 facto
2128 5547 2367 5602 maximo
2393 5546 2582 5618 pralio
2631 5546 2684 5600 in
2727 5558 2864 5615 pago
2913 5539 3332 5596 Altisidiorense
3375 5538 3518 5592 inter

1937 5639 2186 5694 Carolum
2237 5648 2294 5695 et
2341 5639 2680 5704 Lotharium,
2727 5637 2778 5690 in
2829 5650 2936 5704 quo
2964 5650 2994 5689 a
3044 5632 3274 5690 Domino
3318 5631 3431 5686 Deo
3464 5637 3522 5684 et

1940 5731 2222 5789 Salvatore
2250 5740 2438 5788 nostro
2467 5733 2592 5786 data
2613 5737 2694 5783 est
2727 5727 2841 5797 jam
2876 5728 3019 5787 dicto
3042 5725 3238 5785 Carolo
3266 5720 3514 5787 victoria,

316 5874 344 5904 ι
367 5861 449 5919 Ex
471 5860 626 5921 Pauli
651 5861 744 5922 lib.
766 5861 789 5920 Ι
809 5859 985 5932 Sent.,
1010 5863 1096 5920 tit.
1123 5861 1178 5932 9,
1207 5871 1264 5921 et
1285 5861 1376 5921 lib.
1411 5863 1581 5922 iCod.
1610 5865 1810 5922 Theod.
1846 5867 1912 5924 de
1941 5866 2063 5923 dolo
2094 5867 2236 5923 malo
2267 5865 2322 5921 in
2354 5866 2582 5935 interpr.
