4044 6326
530 315 592 373 9!
1559 317 1834 373 ALDRICI
1871 314 2404 374 CENOMANENSIS
2448 318 2752 376 EPISCOI’I
3748 324 3826 382 9‘2

527 435 583 486 et
620 443 684 485 eo
726 443 822 496 per
865 435 1047 499 partes
1071 425 1467 484 Cenomanieas
1492 440 1788 495 remeante,
1845 444 1943 483 nec
1978 437 2105 483 tunc
2136 435 2186 490 Α
2217 428 2310 484 tibi
2343 430 2521 484 divina
2565 432 2776 502 largitio
2803 432 3026 488 honoris
3057 433 3306 491 conferre
3334 449 3430 506 per
3466 435 3823 506 imperialcm

523 533 824 580 memorato
867 521 1197 595 Sigemundo
1249 521 1319 578 ad
1372 538 1495 578 cum
1531 525 1812 588 veniente,
1865 523 2109 578 redditur

528 614 646 670 Kal.
669 615 895 686 Augusti
939 616 994 669 in
1023 614 1148 670 villa
1172 613 1328 684 cujus
1367 616 1687 671 vocabulum
1718 621 1804 670 est
1833 613 1982 670 Bona
2014 629 2110 670 su-

528 723 627 779 per
658 708 877 764 fluvium
905 707 1024 775 Liz,
1055 709 1109 764 in
1151 725 1291 781 pago
1334 708 1713 771 Cenomanico,
1741 724 1770 762 a
1793 707 2111 780 praescripto

525 802 724 856 domno
757 800 951 858 Carolo
997 801 1207 874 legibus
1239 801 1462 872 przefato
1491 800 1707 855 Aldrico
1733 800 1985 871 episcopo
2013 816 2112 872 per

521 895 784 966 judicium
812 897 1105 952 multorum
1139 897 1400 952 nobilium
1431 904 1484 950 et
1507 895 1836 965 sapientium
1866 896 2111 952 virorum

521 992 842 1060 prmdictum
884 992 1118 1048 Anisola!
1151 991 1540 1046 monasterium
1594 1005 1717 1045 cum
1752 990 2002 1046 omnibus
2043 990 2111 1046 ad

522 1101 581 1140 se
630 1085 1060 1155 pertinentibus;
1093 1085 1252 1154 eique
1307 1082 1384 1138 ibi
1428 1081 1579 1138 missi
1620 1081 1746 1137 boni
1797 1091 1852 1138 et
1900 1081 2110 1138 strenui

523 1179 633 1234 dati
691 1188 814 1234 sunt
843 1179 934 1250 qui
985 1193 1110 1232 eum
1161 1184 1218 1231 et
1266 1175 1688 1232 Cenomanicam
1740 1183 1971 1230 matrem
2009 1172 2112 1229 sibi

521 1272 866 1326 commissam
907 1269 1197 1325 ecclesiam
1255 1269 1464 1340 legibus
1511 1267 1862 1333 revcstirent,
1911 1275 1966 1321 et
2000 1266 2113 1337 ple-

521 1379 648 1418 nam
685 1363 736 1420 ei
765 1372 927 1433 atque
953 1361 1184 1434 legalem
1209 1362 1530 1417 vestituram
1557 1374 1624 1416 ex
1657 1377 1720 1416 eo
1748 1359 1942 1414 futuris
1976 1367 2111 1414 tem-

519 1458 742 1532 poribus
767 1457 1012 1529 legaliter
1035 1459 1322 1513 tenendam
1345 1456 1607 1512 facerent.
1637 1454 1794 1523 Quod
1839 1461 1894 1510 et
1920 1468 2112 1523 supra-

527 1549 672 1604 dicto
725 1557 994 1621 praetextu
1025 1551 1185 1605 tertio
1232 1549 1320 1605 die
1350 1549 1532 1606 Nonas
1573 1547 1688 1618 jam
1738 1547 1868 1604 dicti
1909 1547 2112 1603 mensis

519 1643 724 1700 factum
756 1660 878 1701 esse
920 1645 1108 1716 liquet.
1139 1645 1207 1699 Et
1237 1645 1317 1700 sic
1343 1643 1552 1700 falsitas
1583 1644 1832 1700 subditur
1870 1643 2110 1706 veritati,

525 1743 692 1806 atque
740 1735 942 1808 injuste
990 1736 1225 1792 alienata
1268 1736 1414 1806 juste
1459 1735 1854 1802 restituuntur;
1905 1750 2026 1806 quae
2056 1743 2112 1790 et

2211 521 2740 580 administrationem
2772 524 2990 594 dignata
3046 535 3150 582 est.
3193 524 3302 582 Sed
3344 528 3562 585 dilectio
3603 541 3720 596 tua,
3761 543 3830 588 ut

2210 611 2416 680 debuit,
2448 615 2514 669 ad
2544 631 2630 671 me
2667 617 2814 672 misit
2851 626 2914 671 ut
2944 617 3038 674 tibi
3089 618 3374 690 epistolam
3418 622 3690 679 misissem
3747 628 3826 680 ad

2209 705 2686 777 metropolitanum
2730 718 2880 764 tuum
2913 699 3279 785 conscriptam
3328 724 3386 768 ut
3429 715 3479 770 ei
3527 715 3821 772 licentiam

2213 797 2524 854 tribuissem
2559 807 2608 854 te
2646 801 2952 858 ordinandi.
2986 801 3140 862 Nunc
3160 819 3314 872 vero,
3355 821 3668 877 quanquam
3708 808 3818 864 de-

2210 891 2424 948 centius
2454 901 2614 962 atque
2640 893 2918 951 honestius
2949 896 3142 954 fuisset
3163 899 3294 955 mihi
3323 908 3380 955 et
3402 901 3496 956 tibi
3521 910 3578 955 ut
3602 901 3826 972 scripto

2212 995 2245 1035 a
2274 991 2325 1036 te
2348 983 2554 1040 directo
2579 985 2772 1041 iterum
2798 989 3015 1059 scriptis
3051 992 3475 1062 respondissem,
3509 1001 3689 1050 tamen
3743 1010 3824 1053 no

2211 1072 2352 1131 forte
2380 1077 2597 1132 occasio
2621 1093 2721 1149 per
2741 1094 2827 1135 me
2860 1080 3199 1139 differentem
3240 1083 3440 1140 donum
3475 1086 3572 1142 tibi
3603 1087 3820 1144 divini»

2213 1175 2322 1234 tus,
2355 1177 2415 1223 ut
2462 1171 2646 1237 credo,
2694 1187 3013 1229 concessum
3045 1175 3264 1246 aliquod
3308 1176 3402 1231 tibi
3431 1178 3664 1235 inferret
3705 1181 3824 1235 im-o

2210 1265 2599 1334 pedimentum,
2617 1269 2888 1325 charitate
2903 1269 3072 1327 fretus
3088 1271 3188 1328 feci
3216 1274 3487 1344 utpetisti.
3507 1274 3664 1331 Unde
3679 1277 3820 1334 duas

2214 1358 2312 1413 tibi
2342 1360 2463 1415 misi
2492 1363 2778 1433 epistolas;
2818 1379 3049 1435 quarum
3077 1381 3181 1422 una
3222 1368 3290 1422 ad
3332 1370 3818 1440 metropolitanum

2213 1456 2363 1505 tuum
2388 1461 2470 1508 est
2505 1456 2810 1526 conscripta
2833 1456 2988 1526 juxta
3009 1459 3326 1529 petitionem
3368 1467 3537 1526 tuam,
3568 1463 3618 1518 ei
3645 1463 3821 1518 retri-

2210 1544 2425 1602 buendo
2454 1547 2760 1616 licentiam;
2809 1549 2981 1606 altera
3015 1567 3142 1608 vero
3190 1554 3257 1608 ad
3297 1561 3372 1620 te,
3419 1561 3480 1610 ut
3520 1563 3574 1609 et
3622 1563 3678 1610 tu
3722 1571 3822 1612 co-

2212 1649 2441 1708 gnoscas
2467 1637 2748 1695 licentiam
2780 1655 2810 1695 a
2841 1643 2997 1698 nobis
3022 1643 3118 1698 tibi
3153 1646 3472 1702 attributam
3497 1656 3550 1701 et
3581 1662 3680 1702 nos
3708 1663 3813 1718 po-

2215 1729 2319 1784 tius
2367 1728 2424 1784 in
2473 1740 2762 1804 augmento
2792 1734 3014 1791 honoris
3051 1736 3128 1790 tui
3182 1737 3418 1807 gaudere
3467 1753 3628 1808 quam
3687 1740 3808 1798 ullo

519 1805 844 1882 hactenusva
875 1826 1102 1898 pragfato
1130 1805 1383 1899 episeopo
1405 1837 1458 1885 et
1480 1844 1510 1883 a
1543 1844 1654 1884 sum
1681 1828 1828 1884 sedis
1866 1805 2111 1884 ecclesia:
2137 1805 2186 1868 B
2216 1821 2376 1876 modo
2413 1820 2664 1892 iniuriam
2711 1824 2808 1879 tibi
2850 1825 3086 1896 aliquam
3119 1805 3322 1882 inferre
3372 1805 3623 1884 voluisse.
3669 1827 3814 1886 Vale

521 1915 791 1974 ministris
815 1917 1027 1989 legibus
1061 1919 1429 1988 possidentur,
1457 1927 1514 1976 et
1542 1919 1807 1977 canonice
1835 1927 1998 1991 atque
2032 1934 2114 1976 re-

520 2007 786 2076 gulariter
808 2010 1196 2083 gubernantur.
1817 2009 1822 2016 ’

1279 2123 1342 2179 L.

518 2213 808 2290 Exemplar
846 2218 1084 2290 epistola;
1101 2218 1350 2290 formatis
1374 2233 1533 2290 quam
1576 2215 1755 2290 Drogo
1785 2217 2111 2290 archicqpel-

593 2286 750 2343 Ianus
777 2299 824 2344 et
867 2286 1012 2344 urbis
1059 2286 1474 2343 Mediomatricm
1501 2286 1922 2357 archiepiscopus
1965 2286 2113 2344 Lan-

591 2359 814 2415 dramno
845 2359 1120 2414 Turonica:
1150 2359 1293 2414 urbis
1321 2359 1708 2429 archiepiscopo
1731 2360 1978 2429 canonice
2014 2359 2114 2414 mi-

590 2431 680 2494 sit,
722 2441 780 2485 ut
842 2431 1115 2485 Aldricum
1165 2431 1431 2500 pra'dictar
1489 2428 1650 2483 urbis
1698 2428 2114 2500 Mediomatricis

591 2502 916 2556 cardinalem
943 2503 1301 2572 presbyterum
1345 2512 1499 2571 atque
1525 2500 1760 2570 ejusdem
1801 2499 1973 2572 urbis
2001 2502 2114 2570 pri-

590 2573 863 2642 micerium
896 2569 992 2627 suo
1041 2569 1300 2642 permissu
1345 2582 1392 2626 et
1414 2569 1584 2642 jussu
1631 2571 1810 2626 damni
1857 2569 2114 2627 Ludovici

591 2641 816 2714 piissimi
841 2639 1169 2714 imperatoris
1204 2639 1500 2712 episcopum
1531 2639 1897 2714 Cenomanicw
1926 2642 2112 2697 matris

590 2713 821 2768 ecclesia:
871 2713 1167 2780 ordinaret,
1206 2714 1346 2767 sicut
1393 2713 1446 2766 in
1491 2730 1551 2766 ea
1579 2713 1800 2766 habetur
1835 2713 2110 2766 insertum.

595 2782 738 2855 Talis
765 2785 903 2840 enim
924 2795 1000 2840 est
1021 2785 1265 2855 prologus
1292 2784 1559 2854 pra'dicta:
1580 2783 1811 2854 epistola:
1831 2782 2114 2838 venerabili

589 2852 932 2912 Landramno
967 2852 1382 2928 archiepiscopo.

591 2967 900 3025 Venerabili
949 2970 1004 3025 in
1053 2969 1272 3026 Christo
1300 2968 1454 3025 fratri
1498 2978 1554 3024 et
1605 2969 1930 3040 coepiscopo
1969 2965 2116 3024 Lau-

519 3067 746 3120 dramno
785 3060 1196 3130 archiepiscopo
1249 3060 1426 3132 Drogo
1472 3061 1525 3115 in
1579 3062 1808 3117 Domino
1859 3057 2111 3116 salutem.

516 3153 721 3211 Auditu
751 3151 994 3223 comperi
1024 3151 1170 3222 quod
1201 3153 1434 3208 domnus
1476 3152 1772 3224 imperator
1809 3151 2114 3208 concessis-
2137 3188 2188 3256 ο

519 3255 602 3304 set
640 3245 862 3303 Aldrico
902 3245 1220 3319 presbytero
1272 3246 1700 3303 consecrationis
1748 3254 1970 3314 nostrae,
2017 3245 2111 3317 qui

521 3339 686 3396 etiam
718 3347 774 3396 et
818 3345 1005 3396 noster
1029 3349 1218 3394 tonsus
1265 3339 1455 3395 doctus
1497 3347 1552 3394 et
1580 3339 1816 3395 clericus
1848 3336 1974 3404 fuit,
2004 3340 2114 3412 epi-

522 3432 767 3503 scopium
793 3429 1172 3489 Cenomanicaa
1203 3431 1372 3487 urbis.
1422 3429 1530 3488 Sed
1566 3430 1654 3488 ille
1679 3441 1868 3503 postea
1906 3433 1973 3489 ad
2011 3447 2114 3490 nos

519 3521 738 3580 mittens
769 3523 952 3596 petiit,
1005 3522 1148 3578 sicut
1192 3522 1396 3590 debuit,
1428 3530 1489 3576 ut
1517 3522 1566 3578 ei
1605 3531 1661 3578 et
1706 3523 2113 3582 ordinatoribus

518 3599 630 3671 suis
660 3615 756 3671 tibi
783 3623 946 3686 atque
979 3613 1334 3687 suﬂ‘raganeis
1365 3615 1474 3671 tuis
1519 3615 1587 3671 ad
1621 3616 1965 3688 episcopatus
2003 3617 2118 3674 cui.

519 3724 642 3764 men
669 3705 953 3765 ordinandi
1011 3723 1290 3765 assensum
1335 3708 1687 3780 praebuissem
1733 3717 1786 3765 et
1835 3709 2112 3766 licentiam

520 3797 853 3854 tribuissem.
881 3796 1048 3868 Cujus
1077 3799 1325 3870 petitioni
1351 3799 1426 3854 ita
1460 3801 1734 3867 consensi,
1775 3808 1837 3856 ut
1863 3802 1908 3858 si
1933 3803 2111 3873 ipsum

520 3905 622 3963 per
651 3891 748 3948 Dei
772 3891 1110 3948 voluntatem
1151 3901 1206 3949 et
1235 3891 1781 3964 domniimperatoris
1810 3894 2030 3966 dignum
2057 3903 2114 3952 et

521 3980 706 4065 utilem
738 3989 939 4038 sanctae
968 3981 1064 4038 Dei
1088 3981 1342 4038 Ecclesia:
1369 3983 1434 4037 ad
1457 3984 1560 4039 hoc
1582 3982 1815 4040 cilicium
1837 3984 2112 4041 inveneris

520 4082 576 4130 ct
602 4074 676 4128 ita
706 4074 1034 4141 decreveris,
1065 4075 1190 4145 quia
1232 4074 1348 4147 ipse
1383 4077 1524 4148 apud
1554 4093 1652 4133 nos
1687 4075 1885 4148 probos
1927 4091 2109 4133 mores

521 4166 776 4233 ostendit,
802 4165 1077 4222 licentiam
1109 4181 1140 4221 a
1168 4167 1326 4224 nobis
1353 4169 1799 4225 concessantibus
1848 4167 1903 4224 id
1943 4167 2111 4240 perli-

524 4257 699 4312 ciendi
740 4264 902 4328 atque
931 4257 1108 4330 ipsum
1140 4257 1496 4316 consecrandi
1547 4258 1751 4314 habere
1791 4272 2108 4328 cognoscas.

522 4347 633 4405 Oro
653 4357 707 4405 te
735 4349 916 4406 valere
937 4359 993 4407 et
1015 4366 1205 4408 omnes
1233 4352 1451 4419 fratres,
1476 4357 1639 4423 atque
1669 4363 1878 4407 memor
1902 4350 1978 4406 sis
2003 4350 2112 4406 mei

525 4439 579 4495 in
611 4441 780 4499 sacris
807 4443 1146 4501 orationibus
1170 4443 1456 4501 charitatis
1483 4451 1611 4500 tuae.

1272 4553 1339 4612 LI

529 4663 827 4753 Exemplar
844 4669 1088 4753 [omnem
1115 4667 1348 4753 epistola:
1363 4741 1373 4753 .
1388 4686 1543 4753 quam
1555 4741 1567 4753 _
1579 4667 1752 4752 Drogo
1788 4667 2112 4753 archicapel-

595 4737 762 4824 (unus.
779 4748 828 4824 et
845 4737 1270 4824 Medio-matrices
1291 4737 1434 4824 urbis
1454 4737 1872 4824 archiepiscopus
1897 4737 2111 4824 A‘ldrico

595 4809 863 4880 pra'dictw
910 4807 1326 4867 Mediomatritre
1349 4812 1494 4866 urbis
1523 4807 1785 4866 cardinali
1813 4808 2110 4879 presbytero

597 4891 755 4953 atque
781 4882 1016 4952 ejusdem
1045 4883 1188 4938 urbis
1234 4885 1532 4954 primicerio
1561 4883 1812 4954 canonice
1843 4880 2018 4954 misit,
2049 4889 2112 4934 ut

595 4951 692 5006 suo
723 4951 981 5010 consensu
1011 4964 1070 5024 Aet
1115 4951 1295 5010 damni
1335 4955 1586 5012 Ludovici
1631 4951 1854 5024 piissimi
1884 4951 2108 5022 impera-

599 5024 742 5096 toris
773 5024 933 5096 jussu
994 5021 1359 5081 Cenomanica:
1409 5025 1590 5096 matris
1631 5021 1872 5096 ecclesia:
1910 5038 1955 5096 _a
2010 5039 2106 5077 suo

598 5093 986 5166 archiepiscopo
998 5105 1046 5151 et
1065 5096 1274 5168 reliquis
1297 5093 1825 5168 comprovincialibus
1838 5093 2111 5168 episcopus

600 5164 953 5240 ordinaretur,
1001 5168 1118 5223 ideo
1164 5164 1287 5240 quia
1328 5164 1550 5240 populus
1582 5181 1700 5240 eum
1730 5165 1826 5240 sibi
1874 5164 2113 5240 ordinari

600 5239 896 5309 episcopum
942 5234 1185 5309 petierat,
1225 5249 1272 5294 et
1315 5234 1536 5309 adcum
1577 5234 1852 5309 epistolam
1891 5251 1988 5306 pro
2015 5237 2113 5309 hoc

598 5307 884 5374 direxerat,
917 5307 972 5363 ut
1001 5327 1096 5365 suo
1143 5308 1465 5364 adminiculo
1510 5317 1556 5360 et
1597 5307 1854 5375 perntissu
1904 5307 2111 5361 antedi-

600 5389 713 5433 ctus
739 5379 980 5460 Aldricus
1003 5398 1184 5436 eorum
1211 5390 1366 5450 atque
1396 5377 1511 5460 jam
1540 5377 1695 5460 dicta?
1720 5375 1972 5460 Ecclesite
1998 5379 2111 5460 epi-

600 5465 785 5521 scopus
815 5453 1171 5515 ordinaretur,
1220 5449 1468 5503 canonice
1504 5449 1578 5503 eis
1608 5449 1797 5504 direxit
1841 5449 2112 5521 epistolam

601 5521 740 5576 hunc
769 5525 983 5578 modum
1011 5523 1376 5578 continentem.

601 5633 808 5691 Dilecto
833 5634 948 5691 tilio
977 5633 1200 5690 Aldrico
1225 5642 1420 5690 vocato
1469 5634 1723 5706 episcopo
1768 5635 1948 5707 Drogo
1976 5631 2118 5691 indi-

530 5739 666 5801 gnus
698 5729 1140 5801 archiepiscopus
1183 5728 1237 5783 in
1271 5727 1489 5785 Christo
1541 5730 1931 5802 sempiternam
1967 5727 2115 5785 salu-

531 5827 664 5880 tem.
696 5820 1002 5894 Cognoscat
1032 5819 1251 5880 dilectio
1300 5831 1395 5880 tua
1444 5823 1580 5884 mihi
1625 5822 1846 5899 placere
1885 5840 1952 5883 ea
1995 5841 2118 5897 qua

2215 1928 2433 1984 semper
2461 1915 2514 1968 in
2562 1913 2815 1982 Domino,
2849 1927 2903 1971 et
2955 1917 3290 1984 confortare,
3339 1935 3548 1975 memor
3593 1935 3822 1991 semper

2214 2007 2408 2073 nostri;
2437 2015 2492 2062 et
2521 2007 2682 2065 fidem
2712 2025 2874 2080 quam
2905 2025 3120 2082 semper
3147 2027 3277 2083 erga
3308 2027 3406 2068 nos
3430 2012 3551 2084 jure
3577 2009 3820 2070 servasti

2216 2096 2583 2155 inconvulsam
2613 2101 2869 2173 deinceps
2896 2119 2994 2175 per
3022 2104 3345 2161 charitatcm
3379 2115 3526 2161 tuam
3556 2123 3680 2164 esse
3716 2121 3810 2165 ω-

2215 2205 2424 2263 gamus.
2449 2191 2758 2266 lterumque
2785 2196 2922 2254 vale.

2950 2289 3058 2345 ιιι.

2216 2371 2448 2451 Summa
2488 2375 2554 2430 de
2591 2375 2856 2451 polecticis
2895 2379 2971 2433 vel
3017 2379 3248 2450 plenaris
3295 2383 3538 2451 fratrum
3555 2383 3814 2443 Cenoma-

2287 2447 2405 2525 nica
2430 2448 2488 2500 in
2516 2447 2643 2525 urbe
2662 2448 2772 2525 Deo
2798 2447 3163 2525 servientium,
3181 2453 3246 2507 de
3269 2447 3420 2507 rebus
3441 2471 3573 2525 quas
3597 2455 3816 2512 France

2284 2517 2461 2603 senior
2498 2526 2546 2572 et
2569 2517 2822 2600 .Aldricus
2861 2537 3043 2576 eorum
3084 2523 3310 2603 episcopi
3337 2526 3424 2603 eis
3454 2517 3712 2603 dederunt
3755 2538 3805 2584 et

2285 2589 2606 2644 testamentis
2666 2599 2820 2660 atque
2876 2589 3146 2665 praeceptis
3205 2589 3466 2665 regalibus
3525 2597 3810 2668 conﬁrma-

2286 2667 2490 2713 uerunt.

2287 2769 2496 2828 Debent
2525 2773 2774 2832 homines
2815 2774 3048 2832 fratrum
3080 2779 3133 2834 in
3178 2795 3387 2836 summa
3427 2779 3493 2838 de
3539 2784 3803 2840 mnericia

2214 2863 2327 2920 vini
2360 2865 2570 2921 modios
2597 2867 2732 2924 duos
2754 2879 2809 2924 et
2833 2867 3272 2943 quadringentos,
3313 2873 3380 2928 de
3420 2883 3668 2941 pastione
3697 2876 3808 2931 vini

2215 2958 2426 3016 modios
2473 2960 2734 3018 ducentos
2781 2977 2948 3018 unum
2985 2973 3040 3020 et
3074 2966 3471 3038 septuagintos,
3514 2968 3580 3022 de
3629 2963 3809 3022 hosti-

2216 3051 2365 3108 lense
2399 3055 2610 3126 argenti
2636 3054 2840 3112 solidos
2865 3065 3082 3112 centum
3111 3059 3468 3130 quadraginta
3511 3069 3563 3116 et
3585 3075 3810 3120 novem.

2217 3141 2286 3198 Et
2342 3142 2606 3200 debentur
2655 3155 2864 3217 septem
2901 3146 3170 3204 multones
3219 3150 3286 3205 de
3323 3151 3628 3220 pascuario,
3681 3167 3814 3210 cum

2217 3236 2343 3293 lana
2373 3253 2464 3294 sex
2489 3248 2544 3294 et
2581 3240 2943 3312 septuaginta,
2975 3241 3186 3314 sogales
3218 3242 3326 3297 duo
3346 3250 3399 3298 et
3423 3244 3810 3314 quadraginta.

2214 3327 2284 3384 Et
2318 3328 2584 3386 debentur
2611 3330 2736 3399 duo,
2765 3340 2823 3387 et
2860 3331 2926 3387 de
2963 3331 3235 3388 laudatico
3263 3332 3418 3388 solidi
3453 3334 3712 3405 quinque.
3750 3333 3813 3389 Et

2215 3417 2482 3476 debentur
2524 3420 2713 3476 decem
2753 3421 2818 3476 de
2864 3422 3165 3490 carnatico,
3223 3424 3423 3480 arietes
3469 3424 3714 3497 quinque
3757 3435 3814 3480 et

2215 3511 2610 3584 quinquaginta
2642 3512 2760 3567 sine
2790 3511 2933 3580 lana,
2969 3513 3036 3568 de
3062 3513 3295 3585 lignario
3341 3514 3498 3570 solidi
3529 3530 3624 3570 sex
3651 3523 3702 3570 e‘
3736 3515 3813 3570 vi-

2213 3603 2371 3674 ginti,
2407 3613 2462 3659 et
2491 3604 2756 3659 debentur
2784 3620 2976 3660 novem
3005 3605 3073 3661 de
3095 3620 3280 3672 sensu,
3310 3605 3408 3661 sol.
3441 3621 3581 3662 unus
3608 3615 3665 3662 et
3690 3622 3812 3662 cen-

2215 3705 2330 3752 tum
2357 3697 2423 3752 de
2464 3693 2744 3752 inferenda
2773 3706 2829 3754 et
2867 3697 2933 3753 de
2962 3697 3263 3769 postiurno,
3303 3699 3418 3754 sive
3445 3698 3512 3754 de
3539 3699 3812 3756 sensatico

2215 3788 2314 3844 sol.
2347 3797 2563 3844 centum
2592 3797 2648 3845 et
2689 3789 2995 3861 octoginta;
3043 3798 3098 3845 et
3135 3789 3402 3845 debentur
3445 3789 3570 3845 inde
3614 3790 3682 3844 de
3712 3805 3811 3862 pa-

2215 3879 2390 3936 stione
2427 3878 2572 3937 inter
2616 3878 2951 3936 frumentum
2976 3891 3031 3938 et
3067 3879 3239 3953 sigale
3270 3881 3436 3938 modii
3480 3890 3717 3953 quatuor
3758 3889 3815 3938 et

2215 3973 2456 4044 triginta,
2487 3981 2542 4028 et
2579 3974 2822 4030 sextaria
2850 3990 3042 4032 novem
3075 3974 3282 4044 sufuso,
3330 3976 3395 4032 de
3437 3991 3608 4032 avena
3647 3971 3814 4034 modii

2191 4065 2595 4138 quadringenti
2646 4076 2880 4138 quatuor
2932 4077 2986 4125 et
3033 4069 3438 4141 quadraginta;
3499 4067 3694 4124 axilios
3743 4063 3813 4124 ad

2213 4159 2582 4217 alvimannum
2651 4173 2882 4236 quatuor
2948 4173 3003 4221 ct
3068 4165 3498 4238 quinquaginta,
3550 4173 3606 4222 et
3658 4163 3814 4224 omni

2215 4269 2360 4312 anno
2386 4255 2639 4314 scudulas
2674 4255 2823 4314 mille
2858 4273 2979 4314 cum
3020 4258 3435 4330 quadringentis
3472 4267 3528 4316 et
3568 4258 3812 4336 quadra:

2215 4346 2384 4417 ginta.

2947 4418 3072 4475 Llll.

2140 4562 2197 4626 Β
2220 4531 2567 4626 lie-ejection
2588 4535 2790 4626 A‘ldrici
2821 4535 3186 4626 Cenottmmcw
3215 4538 3359 4621 urbis
3389 4537 3640 4626 episcopi,
3666 4546 3715 4592 et
3744 4538 3812 4626 de

2290 4605 2554 4688 inuasione
2577 4617 2732 4678 atque
2750 4608 3036 4663 vastatione
3057 4605 3428 4666 Cenomanicw’
3444 4605 3628 4664 matris
3649 4609 3812 4665 eccle-

2293 4691 2387 4731 SHB
2417 4693 2522 4731 una
2549 4693 2667 4731 cum
2692 4694 2890 4732 rerum.

2292 4793 2596 4851 Decedente
2647 4794 2846 4851 domno
2874 4792 3148 4852 Ludovico
3194 4793 3532 4852 Francorum
3562 4795 3802 4865 impera-

2217 4899 2335 4946 tore
2362 4889 2620 4957 secundo,
2653 4888 2764 4945 filio
2808 4888 3058 4945 videlicet
3089 4888 3268 4946 Caroli
3310 4885 3486 4961 Magni
3518 4889 3814 4960 imperato-

2223 4981 2322 5046 ris,
2355 4997 2498 5038 anno
2523 4981 2916 5038 incarnationis
2945 4981 3244 5038 Dominicee
3273 4981 3730 5053 octingentesimo
3760 4990 3814 5038 et

2217 5075 2652 5148 quadragesimo,
2683 5071 2982 5131 lndictione
3012 5075 3198 5142 tertia,
3228 5089 3370 5130 anno
3407 5073 3673 5145 siquidem
3699 5074 3810 5130 im-

2218 5169 2357 5242 perii
2386 5169 2469 5223 sui
2510 5168 2774 5239 vigesimo
2811 5175 2868 5225 et
2896 5167 3151 5239 septimo,
3184 5167 3426 5223 surrexit
3453 5167 3702 5239 quaedam
3735 5176 3816 5239 ty-

2219 5261 2440 5318 rannica
2465 5262 2728 5332 pravitas,
2773 5261 2918 5317 inter
2939 5268 3139 5317 cartera
3193 5261 3357 5327 mala,
3388 5261 3530 5316 inter
3572 5260 3812 5332 Ligerim

2217 5364 2272 5411 et
2301 5354 2637 5425 Sequanam,
2682 5364 2737 5410 et
2769 5354 3007 5410 maxime
3049 5353 3103 5409 in
3152 5369 3291 5426 pago
3336 5353 3718 5417 Cenomanico,
3757 5353 3810 5406 in

2221 5462 2329 5518 quo
2381 5446 2630 5501 Aldricus
2662 5457 2792 5502 tunc
2835 5455 3086 5502 octavum
3126 5462 3326 5502 annum
3370 5446 3426 5502 in
3465 5445 3814 5518 episcopatus

2221 5539 2484 5612 dignitate
2515 5538 2770 5612 fulgebat.
2811 5541 2878 5594 Et
2918 5539 3043 5596 licet
3081 5541 3372 5612 praedictus
3401 5539 3702 5611 imperator
3732 5539 3813 5594 in-

2221 5642 2306 5690 ter
2335 5643 2447 5689 tres
2478 5633 2615 5688 ﬁlios
2644 5648 2771 5688 suos
2812 5647 2976 5704 regna
3009 5648 3105 5687 sua
3150 5632 3434 5698 divideret,
3481 5630 3535 5686 id
3561 5639 3644 5687 est
3674 5631 3816 5686 inter

2222 5727 2538 5784 Lotharium
2563 5734 2617 5781 et
2641 5725 2970 5781 Ludovicum
3002 5733 3162 5794 atque
3189 5723 3461 5790 Carolum,
3497 5723 3813 5781 Lotharium

2224 5825 2280 5882 in
2345 5818 2524 5878 media
2585 5816 2839 5884 Francia,
2905 5815 3242 5874 Ludovicum
3293 5832 3424 5876 vero
3474 5817 3533 5878 in
3591 5815 3814 5888 ﬂostrta
