4044 6326
187 312 256 368 95
1755 309 1930 377 VITA.
2419 353 2422 356 .
3402 307 3468 363 94

187 427 484 505 [Ausa-ia],
513 436 568 484 et
590 425 842 484 Carolum
872 424 923 479 in
945 421 1194 480 Neustria
1215 431 1271 480 et
1293 421 1585 494 Aquitania
1609 420 1772 478 eollo-
1800 421 1854 484 Α
1877 419 2040 490 erepit
2065 417 2178 490 jam
2215 417 2388 473 dictus
2417 415 2667 471 Aldricus
2708 415 2998 490 cpiscopus
3044 433 3149 474 una
3199 435 3321 474 cum
3365 421 3464 487 eis,

187 530 362 592 caret,
395 529 592 578 caetera
614 534 739 576 vero
766 533 932 589 regna
969 525 1026 572 et
1052 517 1278 572 ducatus
1327 515 1473 571 inter
1496 531 1613 582 eos,
1640 515 1782 572 sicut

187 614 248 672 in
302 613 594 672 annalibus
645 627 834 669 eorum
895 610 1232 675 continetur,
1287 608 1458 665 divisa
1511 624 1782 666 consensu

185 708 502 782 pnucipum
526 721 752 764 suorum
773 705 1015 776 partivit.
1044 702 1336 760 Praefatum
1361 715 1541 758 autem
1562 702 1780 774 pontiﬁ-

186 817 310 862 cem
346 809 654 858 memorato
680 798 878 857 Carolo
925 797 1036 854 ﬁlio
1077 812 1175 854 suo
1216 795 1413 852 minori
1454 811 1552 866 per
1586 810 1780 851 manus

187 892 620 952 commendavit.
637 891 735 950 Cui
755 890 866 961 jam
891 891 1068 946 dictus
1089 888 1332 960 pontifex
1351 889 1599 944 Aldricus
1622 887 1780 942 ﬁdem

187 1004 422 1047 servans
455 987 712 1051 debitam,
742 986 812 1041 ab
857 985 1164 1040 infidelibus
1191 991 1396 1040 sanctae
1443 981 1537 1037 Dei
1589 979 1779 1036 Eccle-

188 1086 286 1141 sia
328 1091 386 1139 et
429 1082 544 1140 suis
568 1097 601 1138 ι
627 1079 851 1154 praefata
883 1079 1166 1152 tyrannica
1205 1086 1474 1148 potestate
1509 1075 1562 1131 in
1592 1089 1781 1144 supra-

159 1161 167 1172 ’
189 1176 341 1230 dicto
365 1188 515 1228 anno
539 1188 570 1227 a
597 1171 918 1244 praescripto
938 1168 1210 1241 episcopio
1237 1178 1294 1222 et
1321 1181 1354 1222 a
1381 1181 1476 1223 sua
1505 1165 1633 1222 sede
1672 1164 1782 1235 eje-

189 1275 317 1322 ctus
344 1276 458 1332 est;
497 1272 554 1320 et
597 1271 884 1336 propterea
924 1262 1091 1318 multa
1138 1277 1260 1334 qua:
1305 1277 1358 1316 In
1399 1259 1783 1316 ecclesiasticis

188 1366 252 1416 et
278 1357 402 1413 aliis
450 1356 614 1414 rebus
653 1371 753 1427 pro
790 1370 974 1410 amore
1017 1354 1110 1409 Dei
1149 1353 1330 1408 facere
1376 1360 1637 1423 coeperat,
1683 1350 1782 1405 im-

190 1448 436 1520 perfecta
461 1455 862 1505 remanserunt.
890 1445 1026 1502 Nam
1054 1461 1192 1516 pene
1214 1444 1532 1517 praedictum
1552 1442 1777 1514 episco-

189 1543 342 1614 pium
387 1551 520 1597 tunc
564 1549 839 1596 vastatum
885 1548 1049 1595 estet
1089 1527 1244 1610 quasi
1278 1537 1346 1592 ad
1395 1535 1619 1592 nihilum
1652 1533 1776 1590 red-

188 1641 396 1690 actum.
433 1631 680 1688 Habebat
708 1633 852 1688 enim
881 1640 1116 1702 emptum
1153 1629 1452 1686 claustrum
1484 1628 1776 1685 canonico-

187 1738 314 1778 rum
339 1731 396 1779 et
434 1730 662 1778 matrem
703 1721 989 1778 ecclesiam
1020 1723 1073 1778 in
1103 1721 1282 1777 media
1329 1721 1550 1776 civitate
1597 1736 1629 1774 a
1655 1718 1780 1775 fun-

1837 511 1840 514 ’
1884 509 2096 582 illisque
2145 507 2584 581 deprecantibus,
2633 516 2867 563 tractare
2925 507 3057 580 quid
3087 505 3246 564 ofﬁcii
3298 526 3468 566 unus-

1883 607 2112 680 quisque
2141 621 2238 678 pro
2261 605 2373 662 suis
2402 602 2769 660 confratribus
2793 612 2903 658 tam
2931 618 3032 674 pro
3059 602 3197 658 vivis
3221 618 3383 673 quam
3415 611 3471 658 et

1881 716 1982 772 pro
2010 700 2202 758 solutis
2245 699 2438 755 debitze
2479 698 2668 753 mortis
2695 697 2983 768 diligenter
3021 705 3230 770 ageret,
3261 705 3316 752 et
3343 697 3473 768 quid

1882 809 1982 866 pro
2006 791 2226 866 praeﬁxo
2260 791 2513 864 pontifice
2541 799 2595 846 et
2621 806 2782 862 grege
2811 791 3095 863 utriusque
3123 789 3334 846 ordinis
3370 789 3473 845 sibi

1886 885 2175 943 commisso
2229 885 2456 940 ﬁdeliter
2493 885 2828 956 adimplerct.
2867 885 2984 954 Qua
3027 886 3092 943 de
3132 902 3191 942 re
3235 885 3339 942 hoc
3390 885 3474 940 iu-

1884 982 2084 1039 stinctu
2140 979 2322 1035 divino
2366 980 2570 1051 pariter
2609 979 3019 1036 considerantes
3080 980 3470 1046 tractavimus,

1885 1073 2151 1144 simulque
2181 1072 2323 1126 inter
2353 1087 2451 1126 nos
2481 1072 2620 1126 bono
2639 1069 2820 1126 animo
2843 1081 2897 1125 et
2918 1087 3052 1142 pura
3074 1071 3351 1126 voluntate
3382 1069 3475 1124 de-

1883 1165 2175 1231 crevimus,
2227 1171 2289 1218 ut
2324 1163 2450 1218 dum
2505 1161 2817 1232 (advixerit)
2868 1163 3238 1233 unusquisque
3300 1162 3474 1218 nostri

1884 1256 2088 1314 ordinis
2120 1254 2373 1312 sacerdos
2401 1269 2500 1325 pro
2527 1255 2845 1324 praescripto
2874 1241 3073 1310 domno
3111 1254 3328 1310 Aldrico
3357 1254 3473 1324 epi-

1885 1368 2047 1424 scopo
2073 1361 2125 1407 et
2166 1366 2266 1423 pro
2295 1349 2494 1422 populo
2520 1349 2622 1405 sibi
2661 1349 2954 1405 commisso
3003 1350 3052 1403 in
3103 1357 3294 1419 quarta
3339 1345 3472 1401 feria

1882 1446 2125 1502 una'cum
2143 1446 2328 1502 litania
2350 1443 2777 1501 etoblationibus
2799 1445 3018 1500 missam
3039 1445 3306 1508 decantet,
3325 1437 3480 1497 simis

1885 1539 2009 1595 liter
2034 1547 2088 1595 et
2111 1546 2262 1594 sexta
2285 1536 2422 1594 feria
2451 1537 2643 1602 faciat;
2682 1545 2737 1592 et
2765 1537 2858 1607 qui
2895 1537 2999 1592 hoc
3026 1533 3206 1591 facere
3248 1550 3354 1589 non
3377 1547 3474 1604 po-

1884 1633 2030 1698 terit,
2055 1631 2444 1703 quinquaginta
2467 1630 2704 1702 psalmos
2729 1631 2999 1693 decantet,
3030 1636 3252 1684 orantes
3275 1636 3327 1683 et
3352 1641 3475 1696 sup-

1884 1723 2146 1796 plicantes
2182 1723 2470 1779 Dominum
2518 1721 2638 1800 coeli
2674 1729 2734 1776 ut
2773 1722 2917 1777 Deus
2946 1721 3292 1791 omnipotens
3336 1705 3479 1790 prm-

187 1815 446 1870 damento
483 1829 590 1869 una
616 1828 740 1869 cum
770 1813 882 1868 suis
926 1811 1226 1882 porticibus
1252 1819 1306 1866 ei
1334 1807 1642 1882 paradisum
1688 1807 1773 1863 in-
1807 1793 1855 1854 Β
1884 1793 1993 1870 fixo
2045 1825 2232 1871 nostro
2286 1814 2528 1886 pontifici
2578 1795 2879 1870 secundum
2927 1830 3082 1870 suam
3142 1813 3473 1868 voluntatem

186 1907 462 1970 choatum,
505 1914 561 1961 et
593 1904 884 1959 maximam
916 1912 1126 1975 partem
1155 1918 1245 1959 ex.
1259 1917 1324 1958 ea
1374 1900 1596 1966 factam,
1626 1900 1776 1956 simi-

187 1998 313 2054 liter
341 2005 400 2053 et
446 1995 674 2053 aedilicia
723 1995 1177 2051 monasteriorum
1205 1993 1468 2064 quinque,
1498 2008 1606 2048 una
1651 2007 1774 2048 cunt

186 2087 441 2146 claustris
470 2095 526 2143 et
561 2087 774 2144 caeteris
810 2103 1020 2144 eorum.
1046 2085 1291 2142 Habebat
1324 2101 1541 2157 quoque
1571 2085 1640 2141 ad
1671 2085 1768 2139 uti-

185 2179 394 2235 titatem
436 2178 678 2249 ejusdem
711 2178 956 2234 ecclesia:
991 2177 1322 2234 fulciendam
1360 2187 1415 2233 et
1459 2178 1527 2233 ad
1569 2192 1774 2248 paupe-

184 2285 270 2326 res
293 2270 626 2325 recreandos
653 2278 1008 2340 congregatos
1037 2285 1228 2342 greges
1265 2268 1633 2338 iumentorum
1664 2286 1772 2326 una

185 2377 307 2416 cum
337 2361 636 2416 amissariis
670 2361 900 2432 amplius
943 2379 1108 2436 quam
1132 2363 1429 2436 octoginta,
1477 2379 1771 2420 vaccarum

184 2461 236 2506 et
283 2452 467 2506 ovium
511 2461 674 2522 atque
700 2468 987 2524 caprarum
1029 2455 1144 2510 sive
1189 2470 1480 2525 porcorum
1533 2458 1769 2528 amplius

184 2559 348 2616 quam
392 2545 644 2610 ducenta,
690 2561 959 2602 annonam
1005 2555 1060 2602 et
1091 2547 1276 2604 fenum
1327 2564 1390 2604 ac
1437 2549 1621 2604 vinum
1655 2558 1768 2606 tam

183 2639 250 2693 ad
284 2654 418 2710 opus
445 2640 920 2711 congregationqu
953 2641 1335 2713 hospitumque
1361 2658 1425 2699 ac
1462 2659 1767 2715 pauperum

181 2751 341 2805 quam
373 2743 432 2790 et
453 2735 522 2791 ad
547 2736 650 2791 sibi
671 2735 1024 2806 ecclesizeque
1055 2737 1158 2794 sibi
1178 2739 1482 2796 commissae
1521 2740 1766 2796 servien-

181 2827 317 2882 tium
344 2841 484 2898 opus
511 2827 861 2884 sufﬁcienter.
899 2828 1003 2884 Sed
1033 2830 1163 2899 quid
1188 2831 1418 2902 amplius
1447 2831 1665 2887 dicam?
1689 2833 1766 2888 ita

179 2916 414 2974 habebat
459 2917 742 2974 fundatum
776 2926 886 2974 tam
917 2919 970 2975 in
1007 2920 1388 2978 ecclesiasticis
1433 2939 1596 2994 quam
1624 2932 1678 2978 et
1709 2924 1764 2980 in

179 3008 302 3065 aliis
347 3010 510 3066 rebus
548 3010 867 3082 praedictum
913 3012 1246 3086 episcopium
1277 3024 1333 3070 et
1360 3030 1446 3071 res
1486 3015 1587 3071 sibi
1610 3032 1762 3072 com-

178 3100 376 3156 missas
395 3099 630 3172 qualiter
656 3117 764 3158 non
793 3100 1012 3159 fuerunt
1039 3119 1070 3159 a
1099 3103 1292 3161 diebus
1335 3106 1592 3176 antiquis,
1625 3106 1764 3162 vela

179 3200 424 3264 tempore
444 3209 553 3265 quo
574 3194 819 3264 alicujus.
861 3235 876 3250 .
921 3235 936 3250 .
979 3236 992 3251 .
1036 3237 1049 3251 .
1095 3236 1108 3252 .
1140 3199 1376 3254 hominis
1401 3200 1661 3254 memoria
1683 3215 1769 3256 re-

178 3286 402 3342 tinetur.
449 3286 557 3343 Sed
601 3289 718 3344 haec
743 3297 799 3344 et
849 3288 1058 3360 reliqua
1100 3291 1246 3347 bona
1280 3291 1694 3347 innumerabilia
1733 3309 1763 3348 a

176 3375 456 3447 praedictis
509 3378 770 3448 tyrannis,
818 3379 934 3435 sive
977 3381 1264 3450 hospitalia
1312 3389 1517 3452 septem
1555 3397 1675 3452 quae
1700 3384 1768 3440 ad

177 3481 448 3539 pauperes
477 3478 532 3524 et
563 3469 801 3541 hospites
827 3472 1166 3543 recipiendos
1195 3481 1251 3529 et
1278 3475 1602 3531 recreandos
1623 3475 1770 3532 fece-

176 3571 306 3630 rat:
339 3562 582 3621 funditus
628 3576 836 3640 vastata
880 3577 936 3623 et
981 3569 1159 3624 diruta
1198 3578 1342 3624 sunt.
1383 3569 1614 3639 Propter
1669 3571 1770 3627 has

177 3669 306 3711 vero
331 3655 558 3713 insidias
583 3670 640 3714 et
665 3659 798 3716 alias
823 3661 1023 3718 multas
1062 3663 1179 3718 haec
1207 3669 1261 3718 et
1289 3661 1394 3718 alia
1437 3662 1578 3718 bona
1607 3663 1768 3719 innu-

174 3747 458 3802 merabilia
483 3763 604 3818 qua:
631 3748 812 3808 facere
834 3753 1008 3808 voluit
1041 3761 1097 3809 et
1135 3755 1302 3825 coepit
1336 3755 1389 3810 in
1421 3769 1520 3811 suo
1547 3755 1762 3826 episco-

173 3837 266 3906 pio
293 3853 404 3892 non
435 3851 717 3911 apparent,
751 3858 871 3914 qua:
910 3860 940 3899 a
980 3845 1210 3902 Domino
1257 3848 1364 3903 illis
1417 3849 1768 3920 requirantur

172 3940 205 3980 a
231 3926 432 3998 quibus
467 3929 582 3986 base
630 3933 890 3988 subversa
935 3943 987 3990 et
1021 3944 1236 3992 vastata
1283 3946 1444 4008 atque
1485 3938 1764 4008 prohibita

172 4026 324 4084 sunt,
361 4027 418 4075 et
440 4036 546 4076 non
574 4022 643 4077 ah
665 4022 777 4090 illo,
817 4025 908 4095 qui
937 4026 1054 4081 haec
1075 4041 1238 4099 agere
1265 4034 1321 4083 et
1342 4027 1640 4098 adimplere
1661 4044 1764 4086 vo-

171 4107 273 4164 luit
297 4117 355 4166 et
379 4112 686 4182 prohibitus
725 4123 888 4186 atque
915 4116 1155 4186 deiectus
1196 4119 1421 4174 dimisit.
1449 4118 1764 4192 Przescripti

171 4217 303 4273 ergo
336 4205 646 4275 tyrannide
692 4223 888 4280 genere
924 4201 1143 4266 Herivei
1165 4217 1223 4267 et
1250 4211 1476 4268 Vidonis
1521 4211 1764 4283 superio-

171 4309 294 4350 rum
325 4303 682 4367 tyrannorum
715 4310 1111 4358 remansean

894 4431 1026 4491 LIV.

243 4541 489 4616 Synodus
523 4545 706 4603 habita
745 4549 809 4603 ab
839 4549 1054 4605 Aldrico
1080 4549 1134 4605 in
1161 4549 1288 4606 urbe
1311 4548 1686 4608 Cenomanica.

239 4657 300 4713 ln
327 4659 549 4716 nomine
571 4659 753 4718 Patris
776 4670 831 4719 et
859 4661 984 4718 Filii
1006 4671 1061 4718 et
1087 4662 1324 4734 Spiritus
1347 4663 1546 4720 sancti.
1578 4662 1760 4720 Aldri-

167 4765 266 4806 cus
291 4749 546 4823 indignus
563 4749 940 4808 Cenomanica:
979 4753 1174 4810 matris
1200 4753 1444 4810 ecclesia:
1471 4754 1762 4826 episcopus

166 4840 426 4898 omnibus
451 4850 654 4900 nostra;
674 4859 818 4900 curae
847 4845 1154 4902 commissis
1182 4845 1356 4902 sacris
1391 4846 1674 4902 ordinibus
1705 4854 1763 4904 et

165 4933 383 4990 cunctis
426 4933 675 4992 ﬁdelibus
719 4935 947 4993 salutem
986 4934 1043 4993 'et
1078 4937 1307 5007 gloriam
1347 4938 1756 5009 sempiternam.

165 5027 304 5082 Cum
361 5027 418 5082 in
459 5026 555 5084 Dei
589 5029 808 5086 nomine
846 5044 989 5086 anno
1033 5029 1427 5087 incarnationis
1467 5030 1760 5090 Dominicae

165 5119 625 5193 octingentesimo
658 5122 1091 5193 quadragesimo,
1137 5121 1438 5180 lndictione
1474 5125 1655 5192 tertia,
1701 5133 1758 5182 et

165 5229 311 5269 anno
347 5213 561 5286 imperii
609 5216 794 5271 domui
843 5215 1101 5272 Ludovici
1143 5217 1371 5287 piissimi
1412 5220 1760 5291 imperatoris

167 5305 429 5377 vigesimo
450 5315 508 5362 et
535 5306 786 5376 septimo,
815 5321 960 5364 anno
999 5323 1130 5364 vero
1164 5316 1362 5366 octavo
1395 5311 1754 5370 ordinationis

161 5397 410 5468 praedicti
451 5397 654 5455 Aldrici
695 5399 958 5471 episcopi,
1014 5410 1211 5472 quarto
1262 5401 1516 5460 videlicet
1561 5403 1752 5462 Iduum

159 5488 432 5546 Maiarum
460 5489 569 5558 die,
610 5491 873 5563 synodum
892 5490 1132 5549 omnium
1163 5494 1506 5550 sacerdotum
1534 5511 1600 5551 ac
1621 5495 1755 5553 levi-

158 5589 346 5638 tarum
387 5596 488 5639 seu
525 5581 859 5654 reliquorum
903 5599 1186 5641 servorum
1241 5586 1340 5642 Dei
1387 5587 1750 5647 Ceuomanica

157 5676 296 5734 urbe
323 5675 617 5750 praedictus
643 5675 884 5748 pontifex
915 5680 1270 5748 coadunaret,
1300 5691 1422 5751 post
1463 5682 1748 5741 allocutio-

157 5785 284 5838 nem
331 5777 392 5830 et
443 5769 870 5830 admonitionem
917 5772 1034 5830 sive
1077 5772 1492 5845 inquisitionem
1534 5791 1748 5849 eorum,

1877 1908 2017 1966 hanc
2058 1909 2260 1963 tribuat
2301 1909 2494 1979 degere
2533 1908 2722 1973 vitam,
2763 1915 2818 1964 et
2848 1906 3064 1978 quando
3093 1905 3144 1960 ei
3189 1903 3475 1975 placuerit,

1876 1993 2109 2068 ﬁnisque
2137 1997 2296 2067 hujus
2327 1998 2450 2052 vita:
2477 1996 2779 2063 advenerit,
2801 1995 3041 2052 emlestis
3079 1992 3248 2066 janua
3285 1993 3335 2047 ei
3383 2008 3480 2063 pa-

1879 2098 2012 2155 teat,
2041 2097 2096 2145 et
2132 2088 2281 2146 locus
2309 2097 2620 2144 sanctorum
2647 2087 2910 2144 consortii
2938 2085 3092 2143 nobis
3127 2084 3476 2156 deprecanti-

1875 2178 1978 2235 bus
2001 2180 2176 2235 detur.
2212 2180 2404 2234 Amen.
2448 2178 2714 2234 Similiter
2741 2186 2796 2233 et
2831 2175 3089 2247 praefatus
3115 2173 3358 2246 pontifex
3379 2187 3478 2244 pro

1874 2271 2034 2328 nobis
2090 2271 2342 2326 omnibus
2391 2280 2484 2325 aut
2532 2285 2632 2341 per
2668 2284 2727 2326 se
2768 2279 2862 2324 aut
2909 2284 3007 2340 per
3057 2268 3294 2339 aliquem
3352 2282 3382 2321 a
3421 2280 3479 2322 se

1875 2363 2227 2421 commissum
2275 2373 2358 2419 est
2395 2361 2670 2433 pollicitus
2711 2377 2891 2435 agere.
2942 2361 3170 2433 Insuper
3215 2361 3333 2417 hrec
3366 2369 3478 2415 tra-

1873 2463 2084 2514 ctantes
2120 2455 2174 2510 in
2217 2454 2520 2527 prescripto
2541 2455 2734 2511 Iduum
2764 2455 3028 2510 Maiarum
3059 2455 3146 2512 die
3179 2464 3236 2510 et
3271 2455 3325 2510 in
3363 2453 3476 2524 jam

1874 2546 2019 2604 dicta
2065 2545 2272 2620 synodo
2314 2546 2457 2602 inter
2497 2562 2596 2603 nos
2637 2546 2978 2602 decrevimus
3008 2555 3068 2602 ut
3105 2545 3478 2616 unusquisque

1870 2650 2139 2708 nostrum,
2186 2642 2316 2698 dum
2361 2641 2650 2708 advixerit,
2699 2657 2800 2712 pro
2846 2642 2960 2698 suis
3001 2639 3370 2697 confratribus
3418 2640 3473 2694 in

1871 2747 2015 2788 anno
2044 2730 2328 2787 duodecim
2373 2740 2555 2788 cantet
2597 2731 2792 2787 missas
2829 2747 2957 2787 cum
3002 2729 3370 2814 oblationibps
3418 2737 3474 2784 et

1868 2828 2094 2899 reliquis
2124 2828 2484 2894 orationibus,
2509 2836 2564 2883 et
2587 2827 3020 2899 quandocunque
3045 2833 3291 2881 nostrum
3310 2839 3476 2880 unus-

1870 2923 2111 2994 quisque
2155 2918 2560 2992 (decesserit),
2610 2919 2847 2975 decanus
2885 2919 3104 2973 nomina
3137 2918 3202 2972 de
3252 2917 3364 2972 suis
3387 2916 3475 2988 ju—

1871 3015 2120 3070 nioribus
2151 3013 2460 3083 conscripta
2493 3011 2547 3065 in
2576 3021 2787 3076 nostra,
2823 3027 2923 3082 per
2957 3011 3170 3082 singula
3205 3019 3472 3081 tempora,

1873 3107 2080 3178 synodo
2122 3103 2366 3170 deferat,
2416 3112 2470 3159 et
2506 3103 2881 3175 unusquisque
2932 3113 3181 3159 nostrum
3237 3118 3336 3174 pro
3371 3102 3475 3158 illis

1874 3197 2070 3253 missas
2099 3195 2368 3266 compleat
2393 3194 2676 3250 duodecim
2708 3209 2830 3249 cum
2871 3193 3236 3249 oblationibus
3265 3201 3320 3247 et
3349 3191 3475 3247 reli-

1872 3289 1994 3358 quis
2023 3288 2362 3343 orationibus
2403 3293 2458 3342 et
2485 3285 2723 3359 vigiliam
2760 3303 2882 3341 cum
2915 3301 3111 3341 novem
3161 3285 3384 3358 psalmis
3418 3293 3474 3339 et

1871 3381 2096 3436 totidem
2136 3379 2460 3436 lectionibus
2489 3388 2542 3435 et
2578 3379 2960 3449 responsoriis,
2997 3396 3104 3434 una
3138 3395 3261 3435 cum
3291 3388 3470 3435 tuatu-

1874 3474 2099 3529 tinalem
2127 3474 2376 3546 synaxim
2400 3473 2633 3530 ﬁdeliter
2653 3489 2751 3546 pro
2777 3473 3044 3530 defunctis
3067 3473 3326 3528 fratribus
3349 3489 3473 3544 per-

1870 3574 2017 3637 agat,
2047 3574 2100 3621 et
2125 3565 2203 3622 sic
2235 3566 2338 3621 hoc
2363 3565 2528 3622 faciat
2563 3566 2706 3622 sicut
2735 3567 2850 3622 vult
2876 3583 2974 3637 pro
3003 3582 3060 3623 sc
3091 3567 3209 3622 ﬁeri
3253 3567 3488 3646 quando‘

1869 3658 1976 3714 hoc
2002 3658 2143 3714 idem
2173 3659 2222 3715 ei
2246 3659 2548 3726 advenerit,
2572 3668 2628 3716 et
2653 3661 2795 3716 sicut
2818 3670 2947 3716 ante
2971 3659 3211 3716 tribunal
3234 3658 3469 3716 districti

1863 3750 2064 3824 judicis
2114 3752 2382 3808 rationem
2412 3769 2481 3809 ex
2517 3754 2621 3810 hoc
2651 3755 2878 3810 reddere
2907 3753 3142 3820 voluerit
3186 3753 3332 3824 quod
3379 3751 3469 3809 hic

1867 3859 2055 3901 coram
2091 3845 2223 3912 Deo,
2253 3854 2308 3901 ct
2334 3861 2519 3901 coram
2549 3854 2738 3902 nostro
2765 3846 3021 3917 pontiﬁce
3049 3855 3104 3901 et
3145 3862 3330 3902 coram
3364 3860 3466 3902 no-

1865 3935 1950 3994 bis
1973 3937 2226 3994 omnibus
2264 3952 2322 3994 se
2365 3936 2545 3994 facere
2584 3947 2774 4011 sponte
2801 3940 3074 4012 promisit.
3104 3939 3334 3996 Tribuat
3361 3941 3466 3997 Do—

1867 4028 2050 4084 minus
2075 4029 2420 4100 omnipotens
2447 4031 2606 4086 utsic
2631 4031 2756 4086 inde
2785 4031 3053 4089 faciamus
3081 4043 3142 4088 ut
3171 4049 3280 4089 non
3311 4035 3466 4090 dam-

1865 4124 2167 4192 nationem,
2189 4125 2285 4180 sed
2306 4124 2522 4195 plenam
2549 4125 2959 4184 retributionem
2983 4145 3048 4184 ex
3072 4128 3158 4186 his
3179 4145 3211 4186 a
3235 4128 3465 4187 Domino

1865 4216 1978 4273 Deo
2027 4225 2214 4274 nostro
2265 4218 2546 4288 percipere
2582 4219 2882 4287 valeamus,
2933 4229 2988 4276 et
3044 4222 3214 4278 vitam
3259 4223 3464 4282 habere

1863 4309 2252 4380 sempiternam
2316 4308 2628 4374 valeamus,
2698 4311 2997 4368 auxiliante
3066 4313 3296 4370 Domino
3361 4330 3460 4372 no-

1863 4412 1978 4458 stro
2008 4399 2136 4458 Jesu
2163 4401 2402 4469 Christo,
2436 4402 2528 4474 qui
2561 4418 2684 4459 cum
2721 4401 2882 4459 Patre
2914 4412 2969 4460 et
3009 4404 3216 4476 Spiritu
3265 4416 3462 4464 sancto

1864 4493 1996 4549 vivit
2019 4503 2074 4549 et
2097 4493 2361 4566 gloriatur
2385 4493 2530 4550 Deus
2556 4509 2655 4565 per
2682 4495 2866 4551 omnia
2891 4496 3091 4554 smeula
3112 4496 3454 4566 saeculorum.

1862 4584 2056 4642 Amen.
3241 4604 3262 4610 "

2603 4679 2716 4736 LV.

1935 4807 2064 4866 Haec.
2102 4820 2185 4866 est
2211 4810 2376 4868 missa
2421 4827 2542 4883 quae
2587 4829 2688 4885 pro
2733 4815 2931 4871 domno
2964 4816 3222 4890 episcopo
3257 4825 3454 4891 et-pro

1863 4903 2116 4960 omnibus
2161 4905 2262 4960 sibi
2303 4907 2612 4964 commissis
2641 4910 2696 4964 in
2730 4925 3054 4982 unaquaque
3091 4912 3446 4978 hebdomada,

1864 4995 1918 5052 id
1947 5006 2032 5052 est
2064 5005 2257 5067 quarta
2299 5007 2352 5054 et
2389 5009 2540 5054 sexta
2565 4997 2736 5069 feria,
2767 5019 2872 5059 una
2899 5021 3021 5062 cum
3054 5007 3241 5063 litania
3274 5007 3449 5062 adim-

1862 5089 2001 5161 pleri
2041 5090 2305 5160 debetur;
2342 5101 2397 5148 et
2432 5101 2555 5164 post
2590 5094 2751 5151 istam
2791 5097 3139 5171 subsequitur
3168 5101 3254 5155 illa
3284 5116 3448 5170 quam

1859 5197 1958 5254 pro
1985 5185 2141 5241 nobis
2177 5184 2230 5240 in
2269 5185 2502 5241 invicem
2528 5201 2724 5244 canere
2756 5189 3044 5258 debemus;
3076 5203 3129 5248 et
3151 5201 3273 5261 post
3298 5191 3444 5248 illam

1859 5275 2206 5348 subsequitur
2236 5277 2326 5335 illa
2351 5297 2512 5352 quam
2532 5297 2632 5353 pro
2653 5282 2912 5341 fratribus
2946 5284 3147 5340 nostris
3176 5283 3445 5341 defunctis

1859 5377 2083 5426 cantare
2108 5371 2387 5430 debemus.

2038 5483 2202 5542 Missa
2241 5491 2570 5560 quotidiana.
2611 5492 2665 5562 ᾖ.
2702 5491 2874 5550 intret
2899 5489 3076 5546 oratio
3116 5505 3256 5548 mea.

1928 5598 2144 5656 Sancta:
2169 5599 2264 5656 Dei
2293 5603 2574 5674 genitricis
2610 5603 2792 5660 Mariae
2825 5617 2888 5659 ac
2918 5602 3197 5660 beatorum
3225 5613 3444 5676 aposto-

1852 5690 2027 5748 lorum
2057 5694 2171 5750 sive
2212 5704 2513 5766 martyrum
2546 5705 2764 5752 tuorum
2808 5695 3055 5754 Gervasii
3102 5707 3157 5755 et
3203 5698 3438 5756 Protasii

1854 5795 2016 5858 atque
2052 5787 2226 5844 sancti
2264 5786 2527 5859 Stephani
2565 5787 2834 5862 simulque
2866 5788 3196 5864 reliquorum
3235 5800 3440 5848 mat-tv-
