4044 6326
555 311 624 373 9!}
1607 315 1881 375 ALDRICI
1912 305 2442 373 CENOMANENSIS
2480 309 2785 371 EPISCOPI

2689 205 2716 242 δι

555 450 674 489 rum
723 418 798 490 et
831 431 1208 492 confessorum
1263 432 1642 506 virginumque
1694 442 1856 503 atque
1898 430 2140 486 omnium
2166 431 2222 493 Α
2245 441 2350 498 que
2379 428 2434 482 in
2470 426 2689 484 Christo
2717 427 3112 497 quiescentmm
3156 422 3412 498 impetret
3443 427 3856 488 beatitudinem

555 534 866 580 sanctorum
915 534 1130 581 tuorum
1174 525 1407 582 assiduis
1455 523 1934 581 intercessionibus
1985 537 2137 592 qua:-

558 634 746 672 sumus
766 659 780 682 ,
813 616 1068 674 Salvator
1099 619 1326 684 mundi,
1355 618 1666 688 pontiﬁcem
1695 622 1941 671 nostrum
1967 614 2144 669 Aldri-

557 725 683 764 cum
710 711 1142 766 misericorditer
1185 719 1430 781 protege,
1477 709 1788 780 pariterque
1818 708 1867 762 ei
1917 707 2146 762 familia-

560 801 721 856 ritate
764 811 927 871 atque
967 803 1436 873 consanguinitate
1465 797 1783 868 conjunctos
1808 839 1823 865 ,
1859 807 1916 854 et
1957 812 2144 853 omnes

559 893 662 948 sibi
686 894 1008 956 commissos
1035 895 1318 964 utriusque
1339 892 1546 948 ordinis
1575 892 1720 946 viros
1737 900 1792 946 et
1819 890 2049 946 feminas
2074 891 2142 946 ab

563 985 708 1040 omni
738 986 1004 1055 pravitate
1031 985 1278 1050 defende,
1313 993 1368 1040 et
1397 983 1692 1038 secundum
1718 990 1867 1037 tuam
1899 981 2146 1037 volunta-

560 1084 666 1131 tem
706 1078 786 1131 cis
817 1077 1000 1132 vivere
1031 1077 1226 1143 tribue,
1254 1090 1578 1145 omnemque
1603 1075 1856 1146 populum
1884 1073 2147 1130 Christia-

561 1185 690 1224 num
728 1169 1150 1224 misericorditer
1170 1169 1405 1234 custodi,
1427 1177 1483 1223 et
1508 1168 1793 1223 animabus
1817 1166 2144 1222 famulorum

556 1259 986 1330 famularumque
1030 1269 1246 1315 tuarum
1285 1261 1527 1318 omnium
1573 1261 1674 1316 sibi
1723 1261 2140 1316 commissorum

558 1361 614 1408 el
650 1353 1064 1408 commissarum
1117 1361 1281 1423 atque
1336 1360 1656 1409 cunctorum
1716 1361 2144 1421 cunctarumque

559 1442 614 1496 in
653 1441 868 1497 Christo
915 1444 1312 1514 quiescentium
1359 1445 1602 1515 requiem
1657 1445 1833 1499 tribue
1881 1444 2146 1515 benignus

559 1535 966 1605 sempiternam,
1005 1544 1060 1591 et
1095 1544 1414 1592 sanctorum
1440 1545 1657 1592 tuorum
1686 1525 1920 1590 ctetibus
1949 1549 2146 1589 conso-

558 1626 706 1680 ciare
735 1627 976 1699 digneris
997 1629 1283 1698 propitius.
1317 1629 1421 1684 Per
1445 1628 1744 1695 Christum,
1770 1637 1876 1683 etc.
1909 1626 2148 1699 Epistola

556 1719 625 1770 ad
670 1717 1022 1774 Colosscnses.
1074 1719 1295 1776 Fratres
1321 1761 1336 1786 ,
1383 1737 1490 1776 non
1534 1737 1812 1777 cessamus
1851 1737 1950 1791 pro
1989 1722 2144 1778 vobis

2244 519 2648 588 sempiternam,
2697 518 2919 587 diesque
2967 526 3200 573 nostros.
3258 519 3341 572 Ad
3391 522 3854 577 communionem.

2243 610 2416 666 Amen
2455 612 2576 666 dico
2611 611 2784 666 vobis.
2825 611 2906 664 Ad
2937 610 3322 682 complendum.
3361 611 3658 679 Puriﬁcet,
3689 631 3856 686 qua:-

2245 717 2450 768 sumus,
2501 700 2752 757 Salvator
2781 701 2986 768 mundi,
3021 701 3334 772 pontiﬁcem
3377 716 3624 761 nostrum
3655 705 3856 762 Aldri-

2245 810 2368 848 cum
2418 793 2584 849 divini
2635 795 2961 850 sacramenti
3013 793 3217 858 libatio,
3260 803 3316 851 et
3355 796 3591 868 gloriosa
3631 809 3854 856 sancta:
3891 827 3901 834 -

2249 885 2342 941 Dei
2379 885 2655 956 genitricis
2683 884 2866 941 Maria:
2896 894 3057 956 atque
3089 887 3330 942 omnium
3372 898 3690 947 sanctorum
3717 908 3854 948 ora-

2247 976 2346 1044 tio,
2385 985 2439 1032 et
2471 977 2622 1048 gregi
2648 977 2748 1032 sibi
2775 977 3068 1034 commisso
3102 994 3165 1034 ac
3199 980 3569 1038 familiaritate
3611 993 3670 1039 et
3709 1000 3854 1040 con-

2246 1070 2607 1140 sanguinitate
2626 1071 2830 1141 junctis
2855 1071 2904 1126 ei
2927 1079 2983 1128 et
3002 1071 3148 1127 omni
3177 1057 3373 1143 populo
3399 1073 3713 1133 Christiano
3745 1079 3854 1133 mi-

2245 1165 2594 1220 sericordiam
2627 1173 2774 1220 tuam
2808 1165 3006 1234 ubique
3026 1167 3324 1236 praztende,
3363 1176 3418 1223 et
3447 1170 3739 1226 animabus
3762 1171 3854 1226 fa-

2248 1257 2514 1312 mulorum
2559 1257 2989 1328 famularumque
3015 1267 3226 1314 tuarum
3264 1260 3504 1315 omnium
3540 1262 3644 1318 sibi
3683 1279 3846 1319 com-

2247 1349 2536 1404 missorum
2566 1356 2616 1403 et
2639 1349 3054 1405 commissarum
3079 1358 3241 1420 atque
3263 1361 3586 1408 cunctorum
3617 1363 3849 1410 cuncta-

2249 1459 2476 1515 rumque
2494 1444 2546 1498 in
2561 1443 2777 1500 Christo
2793 1445 3187 1514 quiescentinm
3205 1445 3577 1502 remissionem
3592 1449 3850 1503 omnium

2248 1539 2424 1594 tribue
2445 1546 2786 1608 peccatorum
2809 1547 2863 1593 et
2885 1537 3054 1592 vitam
3079 1538 3281 1594 habere
3297 1541 3535 1595 concede
3549 1541 3850 1609 sempiter—

2249 1649 2394 1689 nam.
2437 1634 2560 1698 Per,
2596 1641 2700 1688 etc.
2744 1631 2886 1686 Alia.
2928 1630 3283 1703 Omnipotens
3318 1633 3643 1703 sempiterne
3671 1631 3848 1699 Deus.

2249 1735 2451 1782 sanctae
2487 1726 2582 1781 Dei
2613 1725 2892 1797 genitricis
2940 1723 3122 1779 Maria:
3149 1732 3206 1779 et
3239 1725 3480 1779 omnium
3527 1719 3852 1782 sanctorum

557 1820 778 1866 orantes
817 1821 874 1867 et
916 1811 1267 1883 postulantes.
1319 1814 1373 1883 ἢ.
1428 1814 1672 1877 Domine,
1727 1814 1943 1878 exaudi,
1971 1813 2025 1882 ir.
2071 1812 2148 1868 Ne
2179 1801 2223 1861 Β
2252 1826 2463 1872 tuorum
2489 1817 2578 1886 pia
2607 1823 2661 1872 et
2686 1815 2914 1872 'assidua
2955 1814 3344 1870 intercessione
3385 1813 3694 1884 pontiﬁcem
3737 1830 3849 1869 no-

559 1914 792 1960 avertas.
854 1903 1198 1976 Evangelium
1259 1906 1548 1960 secundum
1603 1906 1884 1960 Joannem.
1938 1905 1995 1959 In
2056 1904 2147 1960 illo

560 2003 822 2065 tempore,
873 1996 1170 2052 sublevatis
1210 1995 1367 2052 Jcsus
1409 1996 1580 2053 oculis
1623 1997 1677 2051 in
1717 1987 1922 2051 oculum
1959 1997 2096 2051 dixit
2130 2014 2144 2050 :

560 2087 743 2155 Pater,
771 2104 910 2159 quos
937 2088 1133 2145 dedisti
1163 2090 1315 2156 mibi,
1341 2089 1464 2144 volo
1491 2097 1549 2142 ut
1577 2089 1667 2144 ubi
1692 2104 1794 2159 ego
1824 2104 1967 2154 sum,
1991 2096 2048 2143 et
2071 2087 2148 2142 illi

560 2179 667 2234 sint
703 2194 942 2245 mecum,
973 2187 1034 2234 nt
1059 2179 1278 2234 videant
1314 2179 1616 2234 claritatem
1645 2194 1820 2234 meam
1859 2194 2024 2248 quam
2053 2180 2149 2234 dc-

560 2271 686 2326 disti
715 2271 865 2336 mihi,
907 2273 1033 2342 quia
1060 2272 1297 2328 dilexisti
1322 2289 1408 2328 me
1435 2280 1561 2328 ante
1590 2272 1774 2327 mundi
1801 2272 2147 2328 constitutio-

561 2378 707 2419 nem.
738 2364 900 2419 Pater
914 2364 1091 2435 juste,
1119 2365 1352 2420 mundus
1385 2375 1438 2421 te
1464 2381 1573 2421 non
1599 2366 1874 2438 cognovit.
1905 2366 2018 2438 Ego
2049 2381 2147 2420 au-

565 2462 672 2508 tem
711 2457 836 2512 novi
881 2465 953 2522 te,
983 2465 1039 2513 et
1066 2457 1122 2512 hi
1159 2467 1550 2528 cognoverunt,
1587 2460 1710 2528 quia
1749 2468 1806 2514 tu
1835 2475 1922 2514 me
1951 2459 2148 2514 misisti

558 2555 612 2602 et
652 2556 838 2603 notum
865 2549 966 2605 feci
992 2550 1072 2605 eis
1097 2565 1296 2604 nomen
1325 2559 1499 2616 tuum,
1537 2559 1594 2606 et
1621 2560 1808 2606 notum
1838 2550 2059 2618 faciam,
2091 2560 2149 2606 ut

559 2640 776 2697 dilectio
814 2657 919 2712 qua
951 2643 1186 2698 dilexisti
1215 2659 1301 2698 me
1328 2644 1379 2698 in
1421 2645 1552 2715 ipsis
1578 2645 1668 2711 sit,
1705 2652 1760 2699 et
1781 2660 1881 2714 ego
1905 2645 1960 2700 in
1994 2645 2146 2716 ipsis.

561 2733 747 2804 Oﬂert.
801 2735 1043 2805 Exaudi,
1092 2738 1255 2793 Deus.
1312 2736 1548 2793 Secreta.
1610 2737 1912 2794 Oblationis
1965 2737 2148 2808 hujus,

559 2825 801 2890 Domine,
872 2827 1090 2898 placare
1156 2828 1472 2884 muneribus
1499 2868 1516 2895 ,
1571 2837 1626 2884 et
1691 2829 2153 2887 intercedentibus

556 2920 810 2975 omnibus
852 2923 1058 2978 sanctis
1108 2923 1214 2977 tuis
1259 2931 1483 2995 protege
1535 2923 1846 2994 pontiﬁcem
1897 2933 2150 2980 nostrum

557 3009 834 3065 Aldricum
870 3021 924 3066 et
967 3028 1156 3069 omnes
1199 3013 1304 3068 sibi
1357 3015 1678 3070 commissos
1723 3017 2153 3088 commissasque

559 3090 720 3169 atque
753 3116 967 3156 omnem
1011 3102 1268 3173 populum
1318 3103 1690 3160 Christianum
1735 3121 1765 3161 a
1812 3108 2025 3163 cunctis
2059 3109 2152 3163 de-

563 3189 719 3246 fende
748 3191 1022 3262 periculis,
1052 3202 1106 3247 et
1132 3193 1415 3250 animabus
1447 3194 1769 3250 famulorum
1799 3195 2152 3252 famularum-

562 3303 666 3358 quc
709 3295 922 3342 tuarum
959 3287 1202 3342 omnium
1244 3288 1348 3344 sibi
1379 3289 1794 3345 commissorum
1827 3291 2151 3346 commissa-

563 3383 792 3446 rumque
833 3387 996 3448 atque
1021 3387 1341 3434 cunctorum
1368 3388 1802 3450 cunctarumque
1844 3381 1896 3434 in
1933 3380 2153 3438 Christo

560 3469 954 3538 quiescentium
985 3484 1084 3540 per
1122 3470 1236 3525 haec
1265 3480 1450 3526 sancta
1474 3471 1740 3527 sacriﬁcia
1777 3474 2151 3530 remissionem

559 3561 803 3615 omnium
845 3561 1019 3616 tribue
1064 3572 1430 3634 peccatorum,
1470 3571 1526 3619 et
1570 3564 1738 3620 vitam
1779 3566 1982 3622 habere
2024 3580 2154 3621 con-

560 3650 692 3705 cede
738 3652 1148 3722 sempiternam.
1201 3650 1481 3722 Prwfatio.
1535 3654 1676 3710 Vere
1727 3655 1969 3726 dignum,
2017 3665 2150 3725 etc.,

560 3745 616 3796 et
669 3750 814 3796 tuam
864 3743 1206 3800 clementiam
1236 3743 1470 3815 profusis
1522 3747 1776 3817 precibus
1821 3747 2150 3816 implorare,

562 3831 932 3890 intercedente
983 3835 1139 3892 beata
1183 3845 1238 3892 et
1267 3836 1496 3909 gloriosa
1544 3853 1758 3910 semper
1801 3839 2011 3911 virgine
2056 3840 2153 3896 Dei

560 3925 824 3996 genitrice
879 3926 1069 3994 Maria,
1124 3929 1435 4000 sanctisque
1485 3931 1815 4003 martyribus
1854 3932 1960 3988 tuis
2013 3931 2152 3988 Ger-

558 4017 712 4072 vasio
743 4025 796 4074 et
833 4017 1106 4085 Protasio,
1135 4019 1249 4076 sive
1293 4029 1480 4076 sancto
1509 4019 1788 4092 Stephano
1810 4030 1865 4076 et
1903 4022 2155 4079 omnibus

560 4113 766 4168 sanctis
788 4113 915 4180 tuis,
945 4124 1266 4170 cunctorum
1295 4124 1640 4186 peccatorum
1667 4117 1880 4171 veniam
1909 4115 2152 4186 pontifex

558 4212 747 4259 noster
791 4204 1044 4262 Aldricus
1077 4207 1340 4278 consequi
1387 4217 1684 4273 mereatur,
1729 4216 1782 4263 et
1832 4223 1925 4264 eos
1953 4224 2155 4280 easque

559 4308 696 4364 quos
736 4305 792 4351 et
829 4314 966 4368 quas
992 4299 1042 4353 ei
1073 4315 1200 4354 cura
1231 4299 1512 4372 regiminis
1538 4300 1861 4356 consociasti
1898 4316 1963 4356 ac
1998 4300 2155 4356 fami—

559 4384 796 4443 liaritate
825 4397 881 4445 et
909 4391 1381 4462 consanguinitate
1417 4389 1668 4460 junxisti,
1711 4399 1766 4446 et
1805 4406 2020 4448 omnem
2059 4408 2152 4464 po-

557 4478 744 4564 pulum
781 4478 1146 4536 CliriStiauum
1195 4483 1510 4554 angelorum
1548 4482 1788 4537 omnium
1831 4495 2146 4539 sanctorum

2249 1918 2418 1962 strnm
2467 1906 2742 1961 Aldricum
2803 1905 3004 1974 ubique
3046 1905 3472 1960 misericorditer
3515 1913 3738 1976 protege
3791 1912 3855 1960 et

2249 2000 2317 2053 ab
2362 1998 2614 2053 omnibus
2661 1997 3081 2053 adversitatibus
3117 1997 3359 2066 corporis
3405 2005 3460 2051 et
3513 1997 3708 2052 animae
3749 2004 3854 2052 tua

2249 2092 2490 2162 polentia
2529 2089 2778 2157 defende,
2832 2092 3296 2161 commissumque
3326 2092 3428 2146 sibi
3459 2107 3675 2163 gregem
3711 2108 3856 2147 cun-

2249 2190 2394 2237 ctum
2455 2181 2524 2236 ad
2576 2182 2871 2254 regendum
2916 2166 3167 2248 custodi,
3218 2192 3274 2237 et
3318 2197 3532 2237 omnem
3587 2183 3854 2252 populum

2249 2272 2616 2327 Christianum
2668 2287 2972 2338 conserva,
3023 2280 3188 2342 atque
3243 2272 3318 2327 illi
3374 2280 3430 2327 et
3483 2273 3736 2328 omnibus
3789 2273 3851 2326 in

2249 2365 2482 2422 Christo
2501 2367 2907 2438 quiescentibus
2937 2366 3184 2438 requiem
3223 2365 3400 2422 tribue
3429 2365 3850 2436 sempiternam.

2252 2457 2375 2523 Per,
2409 2465 2518 2515 etc.

2251 2547 2386 2604 Item
2413 2549 2520 2605 alia
2541 2552 2701 2607 missa
2721 2568 2880 2624 quam
2906 2560 3090 2606 mutuo
3116 2551 3354 2624 pra’dicti
3379 2550 3679 2606 sacerdotes
3707 2551 3854 2605 inter

2779 2640 2834 2678 se
2855 2633 3068 2677 cantare
3102 2623 3286 2677 debent

2324 2715 2497 2782 Deus,
2523 2717 2615 2788 qui
2643 2717 2928 2772 cbaritatis
2958 2717 3096 2772 dona
3133 2731 3230 2786 per
3256 2715 3486 2786 gratiam
3513 2715 3686 2770 sancti
3716 2713 3852 2785 Spi-

2253 2808 2390 2862 ritus
2429 2817 2644 2862 tuorum
2675 2808 2928 2863 cordibus
2973 2807 3208 2862 ﬁdelium
3240 2806 3504 2872 infudisti,
3545 2807 3615 2862 da
3661 2806 3853 2862 famu—

2253 2899 2320 2954 lis
2363 2907 2414 2954 et
2459 2898 2762 2953 famulabus
2819 2899 2926 2954 tuis
2971 2900 3310 2955 diversorum
3362 2898 3740 2954 coenobiorum
3788 2907 3856 2953 et

2256 2992 2533 3048 titulorum
2563 3001 2726 3064 atque
2747 2993 3012 3064 locorum,
3045 3000 3154 3046 tam
3186 2993 3530 3049 sacerdotum
3559 3002 3614 3049 et
3654 2993 3856 3049 levita-

2255 3102 2374 3142 rum
2408 3101 2568 3156 quam
2605 3095 2660 3141 et
2704 3086 3032 3156 reliquorum
3072 3085 3306 3141 ﬁdelium
3352 3094 3568 3141 tuorum
3610 3101 3854 3156 quorum

2257 3194 2594 3249 quarumque
2619 3179 2936 3234 memoriam
2967 3179 3192 3250 agimus,
3235 3187 3290 3234 et
3316 3193 3550 3250 quorum
3583 3196 3856 3249 quarum-

2257 3286 2362 3341 que
2385 3271 2468 3325 his
2499 3270 2551 3325 in
2585 3270 2755 3324 titulis
2786 3271 2986 3342 scripta
3021 3270 3370 3325 continentur
3402 3271 3686 3336 vocabula,
3730 3270 3854 3326 fra-

2255 3361 2430 3415 tribns
2470 3374 2534 3414 ac
2566 3357 2845 3418 sororibus
2875 3368 2929 3414 et
2975 3358 3333 3415 familiaribus
3370 3360 3573 3418 nostris
3613 3360 3854 3416 salutem

2255 3451 2454 3506 mentis
2488 3459 2543 3506 et
2590 3451 2854 3522 corporis,
2876 3459 2952 3522 _ut
2993 3460 3047 3505 te
3097 3458 3208 3506 tota
3258 3451 3460 3507 virtute
3507 3450 3753 3522 diligant,
3793 3459 3856 3506 et.

2255 3558 2376 3612 quae
2425 3542 2520 3597 tibi
2557 3520 2755 3612 placita
2784 3520 2910 3604 sunt
2944 3550 3054 3596 tota
3086 3541 3374 3597 dilectione
3408 3520 3852 3613 perﬁciant.'Per

2254 3633 2564 3688 Dominum.
2611 3633 2786 3688 Lectio
2827 3633 3073 3688 Ieremia:
3101 3635 3387 3705 praphctw.
3428 3634 3487 3690 Si
3529 3635 3850 3704 iniquitates

2255 3734 2454 3781 nostrae
2481 3727 2857 3781 contenderim
2883 3735 3070 3782 contra
3104 3727 3494 3793 nos,‘Domine,
3526 3725 3699 3781 libera
3725 3743 3848 3792 nos,

2256 3829 2582 3884 quaesumus,
2608 3815 2692 3871 fac
2713 3825 2933 3886 propter
2957 3831 3155 3872 nomen
3177 3825 3348 3880 tuum,
3375 3817 3634 3888 quoniam
3661 3817 3852 3873 multa:

2256 3915 2382 3962 sunt
2426 3907 2772 3965 adversiones
2816 3919 3036 3975 nostrae,
3092 3908 3210 3965 Tibi
3244 3910 3614 3980 peccavimus,
3651 3925 3852 3982 exspe-

2255 4000 2424 4057 ctatio
2445 4001 2609 4058 Israel
2632 4018 2711 4067 es,
2742 4001 2994 4059 Salvator
3019 4012 3228 4066 noster,
3257 4003 3315 4058 in
3348 4011 3592 4072 tempore
3618 4004 3855 4059 tribula-

2256 4092 2438 4148 tionis.
2485 4095 2562 4148 Tu
2606 4104 2783 4149 autem
2815 4095 2870 4150 in
2925 4095 3082 4150 nobis
3125 4109 3204 4161 es,
3253 4095 3500 4161 Domine,
3545 4102 3601 4150 et
3648 4111 3852 4150 nomen

2256 4195 2502 4241 sanctum
2529 4195 2676 4240 tuum
2707 4202 2870 4258 super
2896 4202 2996 4243 nos
3015 4188 3325 4242 invocatum
3353 4197 3456 4243 est.
3488 4185 3567 4242 Ne
3604 4187 3849 4243 derelin-

2253 4294 2392 4350 quas
2405 4295 2522 4344 nos,
2550 4279 2773 4334 Domine
2794 4280 2936 4336 Deus
2951 4288 3157 4336 noster.
3181 4277 3483 4334 Secundum
3507 4278 3848 4334 Mattlurum.

2252 4371 2310 4426 ln
2337 4371 2428 4427 illo
2465 4379 2725 4441 tempore,
2758 4371 2893 4426 dixit
2919 4370 3078 4429 Jesus
3106 4371 3386 4443 discipulis
3407 4373 3520 4427 suis
3554 4370 3772 4427 :Petite
3792 4380 3852 4428 et

2254 4463 2470 4518 dabitur
2493 4463 2666 4527 vobis,
2700 4462 2927 4532 quaerite
2954 4471 3010 4518 et
3043 4464 3352 4531 invenietis,
3396 4463 3606 4534 pulsate
3632 4471 3688 4518 et
3715 4478 3848 4534 ape-

558 4553 776 4624 tuorum
797 4571 1066 4640 praesidiis
1096 4580 1271 4638 tuere,
1298 4581 1354 4629 et
1374 4573 1587 4628 animas
1618 4572 1942 4629 famulorum
1971 4574 2147 4629 famu-

2254 4556 2423 4612 rietur
2464 4556 2639 4611 vobis.
2687 4554 2877 4610 Omnis
2915 4555 3060 4610 enim
3105 4555 3198 4626 qui
3248 4555 3386 4626 petit
3436 4553 3672 4625 accipit,
3729 4562 3845 4610 etc.

557 4658 839 4730 larumquc
867 4671 1080 4718 tuarum
1104 4663 1345 4720 omnium
1369 4664 1471 4719 sibi
1493 4663 1907 4720 commissorum
1928 4671 1984 4719 et
2000 4679 2149 4720 com-

558 4751 854 4808 missarum
886 4761 1047 4824 atque
1087 4762 1406 4810 cunctorum
1437 4762 1865 4825 cunctarumque
1898 4754 1952 4809 in
1985 4752 2144 4810 Chri-

557 4853 645 4899 sto
665 4845 1084 4915 quiescentium,
1104 4855 1164 4901 ut
1190 4847 1243 4901 in
1273 4847 1421 4917 pacis
1449 4862 1515 4903 ac
1542 4846 1677 4903 lucis
1706 4846 1927 4917 regione
1947 4848 2148 4902 consti-

559 4944 683 4989 tuas
709 4936 1085 5006 deprecamur.
1121 4936 1224 4992 Per
1249 4935 1524 4993 Christum
1555 4936 1839 4993 Dominum
1875 4947 2154 4993 nostrum.

556 5025 713 5096 Infra
762 5029 1043 5083 actionem.
1081 5029 1235 5086 Hanc
1279 5030 1444 5100 igitur
1472 5029 1801 5086 oblationem
1845 5013 2006 5100 quam
2052 5032 2148 5086 tibi

557 5133 657 5189 pro
694 5119 949 5189 pontiﬁce
989 5130 1176 5177 nostro
1211 5121 1434 5177 Aldrico
1471 5130 1634 5192 atque
1677 5135 1838 5194 grege
1861 5123 1966 5178 sibi
1996 5138 2146 5178 com-

557 5209 723 5265 misso
757 5220 813 5266 et
843 5212 1245 5283 propinquitate
1267 5229 1332 5269 ac
1359 5211 1728 5267 familiaritate
1751 5211 1955 5281 junctis
1986 5213 2034 5268 ei
2065 5222 2149 5268 at-

555 5315 661 5372 que
691 5319 791 5372 pro
821 5304 992 5359 salute
1029 5307 1208 5360 cuncti
1256 5305 1438 5377 populi
1482 5304 1780 5360 Christiani
1828 5304 2146 5376 suppliciter

555 5392 899 5452 immolamus
918 5438 932 5463 ,
959 5413 1292 5469 quaesumus,
1331 5397 1580 5462 Domine,
1610 5406 1669 5452 ut
1696 5397 1964 5466 benignus
1995 5400 2141 5455 acci-

553 5486 690 5556 pias,
720 5497 774 5543 et
802 5497 892 5544 tua
933 5490 1136 5561 pietate
1167 5488 1457 5554 concedas,
1490 5497 1548 5543 ut
1579 5498 1632 5544 et
1669 5488 1774 5544 illis
1803 5491 2051 5560 proﬁciat
2075 5493 2141 5550 ad

553 5578 784 5635 salutem
823 5581 982 5653 hujus
1013 5583 1231 5654 pietatis
1263 5579 1508 5648 affectus,
1549 5591 1604 5637 et
1643 5583 1927 5640 animabus
1965 5584 2144 5639 famu-

554 5669 726 5726 lorum
751 5672 1188 5746 famularumque
1211 5683 1425 5729 tuarum
1448 5675 1690 5729 omnium
1713 5675 1814 5730 sibi
1832 5677 2145 5732 commisso-

555 5777 674 5818 rum
702 5772 759 5819 et
793 5767 1205 5824 commissarum
1237 5775 1400 5825 atoue
1434 5775 1757 5824 cunctorum
1790 5777 2140 5831 cunctarum-

2255 4647 2489 4704 Secreta.
2526 4647 2773 4714 Munera,
2807 4662 3140 4719 quaesumus,
3170 4648 3420 4715 Domine,
3458 4663 3578 4718 quae
3605 4663 3708 4719 pro
3747 4663 3851 4703 no-

2255 4753 2369 4799 stra
2415 4752 2470 4800 et
2518 4744 2760 4802 omnium
2788 4786 2803 4812 ,
2861 4761 3094 4816 quorum
3140 4733 3480 4816 quarumque
3522 4745 3847 4800 memoriam

2256 4837 2563 4903 recolimus,
2607 4848 2661 4893 et
2705 4853 2937 4908 quorum
2969 4853 3311 4909 quarumque
3354 4839 3440 4894 his
3486 4839 3541 4893 in
3569 4837 3849 4909 diptychis

2253 4931 2473 4985 nomina
2527 4928 2878 4985 continentur
2932 4929 3138 4986 inserta
3168 4970 3184 4998 ,
3245 4930 3616 5000 redemptione
3670 4928 3847 4984 oculis

2254 5021 2360 5075 tuis
2409 5029 2515 5077 tua:
2555 5019 2832 5077 offerimus
2874 5021 3146 5092 maiestati
3196 5021 3443 5092 placatus
3491 5022 3730 5094 suscipe,
3788 5030 3847 5076 et

2250 5113 2318 5168 ad
2348 5121 2660 5185 perpetuam
2690 5115 2846 5172 nobis
2876 5115 3129 5174 omnibus
3161 5117 3340 5174 tribue
3376 5115 3662 5188 pervenire
3695 5115 3845 5171 salu-

2251 5214 2383 5274 tem,
2413 5223 2530 5280 per.

2321 5299 2673 5371 Omnipotens
2705 5307 2908 5357 aeterne
2944 5300 3104 5367 Deus,
3147 5299 3498 5373 imploramus
3538 5309 3642 5356 tua:
3669 5299 3846 5370 maje-

2250 5403 2445 5450 statem
2476 5395 2879 5462 misericordiae,
2929 5405 2989 5452 ut
3029 5397 3183 5453 nobis
3225 5406 3280 5453 et
3309 5397 3561 5453 omnibus
3604 5411 3838 5467 quorum

2253 5502 2593 5558 quarumque
2637 5487 2927 5544 recolimus
2961 5489 3299 5554 memoriam,
3347 5498 3402 5542 et
3443 5503 3673 5558 quorum
3705 5502 3843 5557 qua-

2255 5593 2482 5648 rumque
2507 5579 2722 5634 nomina
2752 5579 2838 5633 his
2863 5579 2917 5634 in
2951 5580 3222 5651 diptychis
3254 5581 3606 5636 continentur
3633 5581 3840 5636 inserta

2251 5671 2464 5726 veniam
2498 5671 2678 5741 largiri
2719 5671 2957 5742 digneris
3004 5681 3368 5741 peccatorum,
3408 5682 3467 5727 ut
3491 5671 3559 5726 ab
3584 5672 3842 5727 omnibus

2253 5764 2457 5828 inimici
2486 5762 2716 5820 vinculis
2742 5762 2977 5830 liberati,
3013 5763 3121 5820 tuis
3145 5772 3258 5822 toto
3285 5764 3450 5822 corde
3473 5759 3838 5821 inhaereamus

3767 317 3859 374 96

4025 1833 4027 1944 !

4025 2033 4027 2128 4

4025 2615 4027 2724 1

4025 3023 4027 3112 l

4025 3207 4027 3286 ι
