4044 6326
187 360 260 420 ,7
1757 351 1938 408 vna.
3403 363 3474 422 93

189 470 488 538 mandatis,
519 476 576 529 et
600 477 654 529 te
679 471 851 529 solum
872 484 1087 542 semper
1110 477 1223 527 tota
1249 469 1449 526 virtute
1472 467 1776 541 diligamus,
1809 474 1862 538 Α
1887 466 1954 521 ad
1982 464 2155 522 beatae
2176 465 2595 524 resurrectionis
2633 466 2899 539 requiem,
2931 475 2985 527 te
3008 471 3326 542 miserante,
3349 489 3476 532 cum

188 576 246 621 et
271 566 342 620 ad
371 574 474 620 tuae
501 565 825 634 quandoque
847 563 1199 620 beatitudinis
1220 563 1484 620 visionem
1505 561 1788 618 pervenire

191 671 530 710 tnereamur.
565 654 671 711 Per
691 655 988 712 Christum.

269 747 426 804 Hanc
464 748 633 820 igitur
659 747 1010 815 oblationem,
1043 747 1293 814 Domine,
1341 760 1504 816 quam
1553 744 1649 800 tibi
1688 759 1788 815 pro

191 843 441 914 peccatis
467 851 635 912 atque
657 839 1048 899 oﬁensionibus
1070 841 1298 908 nostris,
1319 848 1373 895 et
1393 839 1632 896 omnium
1661 853 1792 908 quo-

195 956 320 995 rum
372 953 714 1011 quarumque
759 939 968 1010 agimus
1030 937 1400 1008 memoriam,
1444 943 1502 991 et
1559 949 1791 1006 quorum

192 1045 545 1102 quarumque
593 1030 682 1087 hic
715 1031 1067 1086 continentur
1100 1029 1302 1086 inserta
1332 1027 1618 1094 vocabula,
1653 1025 1788 1083 olle-

197 1125 398 1191 rimus,
421 1132 484 1179 ut
501 1134 824 1182 cunctorum
850 1125 1172 1182 delictorum
1199 1123 1576 1182 remissionem
1597 1137 1790 1181 conse-

195 1217 293 1288 qui
318 1232 650 1285 mereamur,
678 1233 1007 1288 quaesumus.

275 1310 468 1366 Divina
499 1309 732 1366 libantes
776 1309 1061 1381 mysteria,
1098 1323 1429 1381 quasumus,
1457 1307 1703 1374 Domine,
1731 1314 1792 1363 ut

197 1400 321 1457 haec
348 1400 608 1456 salutaria
641 1409 985 1458 sacramenta
1024 1400 1130 1456 illis
1166 1400 1457 1472 proﬁciant
1478 1401 1545 1456 ad
1567 1414 1792 1470 prospe-

197 1490 423 1546 ritatem
450 1498 508 1546 et
530 1504 723 1561 pacem
753 1504 854 1560 pro
879 1505 1112 1560 quorum
1135 1505 1476 1560 quarumque
1501 1489 1791 1547 dilectione

198 1578 321 1634 haec
345 1589 450 1635 tua:
473 1578 770 1636 obtulimus
789 1579 1082 1652 maiestati.
1114 1579 1222 1636 Per
1241 1579 1540 1637 Christum.

916 1673 1060 1728 Alia.

267 1765 350 1821 Da
377 1765 596 1821 famulis
619 1773 676 1821 et
697 1765 1001 1823 famulabus
1023 1765 1147 1830 tuis,
1177 1779 1507 1836 quaesumus,
1535 1764 1784 1833 Domine,

1893 558 2097 615 sanctis
2121 559 2226 614 tuis
2252 559 2534 630 pervenire
2556 569 2890 617 mereantur.
2914 561 3020 620 Per
3039 564 3336 622 Christum.

1963 653 2115 710 Hane
2160 655 2324 726 igitur
2359 656 2685 712 oblationem
2724 672 2886 728 quam
2917 659 3013 716 tibi
3057 659 3334 717 offerimus
3379 679 3480 734 pro

1891 747 2176 803 animabus
2215 748 2459 804 omnium
2504 763 2733 818 quorum
2777 765 3114 821 quarumque
3152 755 3477 810 memoriam

1889 838 2125 910 agimus,
2156 846 2214 894 et
2241 854 2474 909 quorum
2496 856 2832 913 quarumque
2869 843 3086 898 nomina
3119 843 3205 900 his
3235 845 3290 899 in
3313 844 3481 918 diptyo

1891 932 2010 988 chis
2043 933 2351 1004 conscripta
2372 948 2492 990 esse
2527 945 2845 1004 noscuntur,
2869 952 2966 994 seu
2997 949 3321 996 cunctorum
3347 956 3478 996 cun-

1892 1029 2212 1093 ctarumque
2261 1021 2500 1079 ﬁdelium
2547 1025 2922 1082 defunctorum
2965 1027 3474 1100 defunctarurnquc,

1892 1126 2220 1182 quaesumus,
2246 1112 2503 1180 Domine,
2537 1117 2858 1187 propitiatus
2881 1119 3140 1190 accipias,
3167 1130 3222 1176 et
3246 1121 3476 1176 misera-

1893 1204 2102 1259 tionnm
2126 1204 2346 1276 lagitate
2363 1214 2578 1261 tuarum
2594 1204 2879 1275 concedas,
2893 1219 2954 1265 ut
2971 1211 3235 1284 quidquid
3258 1221 3474 1268 terrena

1891 1297 2303 1353 conversatione
2339 1305 2758 1365 contraxerunt,
2800 1301 2886 1356 his
2914 1302 3197 1359 sacriﬁciis
3223 1305 3482 1361 emunde-

1892 1395 2002 1456 tur,
2028 1404 2093 1445 ac
2114 1389 2345 1446 vinculis
2379 1391 2572 1446 mortis
2598 1391 2856 1448 absolutae
2876 1433 2892 1460 ,
2923 1395 3209 1451 transitum
3238 1410 3482 1452 merean-

1893 1490 1983 1538 tur
2001 1483 2070 1538 ad
2096 1483 2299 1551 vitam;
2333 1484 2555 1556 diesque
2581 1495 2818 1553 nostros,
2851 1495 2959 1543 etc.

1961 1574 2285 1646 Propitiare,
2320 1576 2572 1646 Domine,
2603 1595 2932 1650 quaesumus,
2961 1582 3213 1638 omnibus
3240 1583 3296 1638 in
3325 1581 3481 1640 Chri-

1890 1677 1977 1726 sto
2001 1670 2440 1741 quiescentibus,
2471 1680 2528 1728 et
2552 1673 2746 1728 anima:
2769 1674 3095 1730 famulorum
3124 1676 3480 1732 famularum-

1891 1776 1996 1832 que
2023 1771 2260 1830 tuarum,
2284 1779 2516 1834 quorum
2538 1779 2876 1836 quarumque
2898 1766 3216 1822 memoriam
3243 1767 3478 1838 agimus,

191 1857 453 1913 omnibus
498 1873 728 1929 quorum
770 1873 1108 1929 quarumque
1138 1859 1458 1915 memoriam
1489 1858 1701 1931 agimus
1734 1867 1793 1915 et
1815 1853 1865 1916 Β
1892 1863 1948 1912 et
1973 1870 2206 1926 quorum
2233 1870 2574 1928 quarumque
2602 1858 2823 1914 nomina
2849 1857 2937 1913 bis
2957 1857 3014 1913 in
3047 1857 3317 1930 diptycbis
3340 1875 3476 1915 con-

193 1963 430 2019 quorum
455 1963 796 2020 quarumque
836 1949 1056 2005 nemina
1093 1950 1180 2006 his
1207 1949 1264 2005 in
1309 1950 1578 2023 diptycbis
1608 1949 1788 2006 conti-

193 2051 401 2098 nentur
465 2042 769 2111 conscripta
805 2081 821 2109 ,
885 2057 982 2097 seu
1045 2042 1213 2097 etiam
1269 2043 1485 2098 caeteris
1539 2042 1790 2100 ﬁdelibus

191 2133 482 2202 utriusque
515 2147 709 2198 sexus,
745 2132 800 2186 in
831 2140 921 2187 tua
957 2131 1063 2188 ﬁde
1092 2142 1148 2188 et
1176 2131 1493 2189 sinceritate
1526 2142 1787 2190 constan-

193 2225 351 2289 tiam,
379 2232 440 2278 ut
475 2223 531 2278 in
561 2224 830 2280 charitate
864 2225 1042 2281 divina
1073 2225 1295 2292 ﬁrmati,
1332 2226 1492 2282 nullis
1535 2227 1789 2284 tentatio-

189 2315 354 2371 nibus
385 2316 454 2372 ab
481 2315 599 2387 ejus
636 2316 944 2389 integritate
966 2317 1256 2374 vellantur.
1286 2318 1394 2374 Per
1413 2318 1710 2376 Christum.

261 2428 402 2484 Item
444 2430 607 2486 missa
635 2448 732 2502 pro
766 2432 1319 2516 defunctisfratribus
1355 2445 1406 2490 et
1445 2435 1715 2491 sororibus

883 2515 1092 2559 nostris.

263 2596 428 2662 Deus,
467 2596 623 2669 cujus
670 2600 1059 2656 misericordia:
1083 2616 1191 2656 non
1237 2608 1322 2656 est
1350 2616 1630 2667 numerus,
1666 2616 1786 2659 sus-

187 2687 315 2758 cipe
359 2703 459 2760 pro
496 2689 781 2745 animabus
819 2689 1142 2747 famulorum
1184 2691 1618 2763 famularumque
1666 2701 1784 2748 tua-

186 2797 335 2847 rum,
388 2796 620 2851 quorum
671 2797 1011 2854 quarumque
1066 2786 1386 2840 memoriam
1442 2785 1673 2856 agimus,
1729 2792 1786 2840 et

184 2887 424 2944 quorum
445 2888 785 2943 quarumque
808 2874 1027 2928 nomina
1051 2874 1135 2929 bis
1157 2875 1213 2929 in
1239 2874 1504 2947 diptychis
1543 2877 1785 2932 conscri-

184 2969 282 3034 pta
308 2977 430 3018 esse
461 2971 780 3031 noscuntur,
813 2978 1005 3034 preces
1029 2972 1267 3032 nostras,
1295 2974 1352 3020 et
1376 2964 1516 3020 lucis
1542 2965 1622 3020 eis
1649 2964 1786 3020 laeti-

186 3057 387 3128 tiaeque
441 3058 718 3129 regionem
771 3058 827 3113 in
880 3065 1195 3115 sanctorum
1254 3068 1471 3115 tuorum
1521 3058 1783 3116 societate

183 3149 444 3208 concede.
475 3149 605 3207 Per.

901 3241 1044 3297 Alia.

253 3331 400 3388 Deus
422 3373 438 3398 ,
470 3332 556 3388 cui
595 3333 872 3406 proprium
908 3345 993 3391 est
1035 3334 1283 3391 misereri
1309 3345 1364 3392 et
1390 3349 1582 3407 preces
1605 3350 1773 3393 exau-

180 3425 299 3480 dire
316 3425 734 3497 supplicantium
751 3469 766 3496 ,
807 3429 1108 3500 propitiare
1133 3431 1418 3486 animabus
1446 3430 1772 3487 famulorum

179 3517 620 3590 famularumque
667 3529 880 3577 tuarum
927 3522 1263 3579 diversorum
1301 3524 1674 3580 coenobiorum
1718 3532 1776 3582 et

181 3607 466 3663 titulorum
513 3624 742 3679 quorum
785 3627 1126 3683 quarumque
1170 3615 1486 3670 memoriam
1527 3615 1768 3686 agimus,

179 3705 238 3752 et
270 3711 504 3767 quorum
530 3715 868 3772 quarumque
903 3703 992 3759 hic
1016 3704 1290 3775 assignata
1315 3706 1662 3762 continentur
1680 3721 1774 3761 vo-

178 3789 410 3856 cabula,
438 3800 498 3846 ut
524 3800 574 3847 te
597 3793 886 3851 miserante
916 3811 947 3850 a
979 3796 1205 3853 vinculis
1235 3806 1581 3868 peccatorum
1615 3798 1776 3854 abso-

179 3881 284 3938 luti
309 3923 325 3949 ,
361 3883 430 3939 ad
456 3871 671 3942 aeternae
691 3887 1042 3945 beatitudinis
1069 3890 1310 3961 requiem
1340 3889 1626 3962 pervenire
1652 3905 1772 3946 meo

179 3984 426 4033 reantur.
454 3977 578 4035 Per.

665 4071 749 4127 Ad
783 4071 1287 4133 Thessalonicenses.

251 4179 498 4277 Fratres,
544 4185 796 4245 nolumus
832 4205 930 4246 vos
962 4190 1214 4262 ignorare
1252 4191 1318 4247 de
1357 4190 1770 4260 dormientibus,

176 4281 243 4329 ut
273 4289 384 4329 non
411 4278 808 4334 contristemini
840 4280 982 4337 sicut
1004 4291 1060 4337 et
1085 4283 1265 4339 cancri
1291 4283 1404 4354 qui,
1431 4293 1536 4339 etc.

663 4390 967 4447 Secundum
998 4394 1280 4449 Joannem.

249 4497 312 4554 In
357 4498 450 4556 illo
492 4508 754 4574 tempore,
797 4504 934 4560 dixit
983 4503 1141 4562 Jesus
1185 4506 1356 4564 turbis
1405 4507 1712 4566 Judaeorum
1751 4530 1765 4567 :

174 4589 379 4656 Amen,
407 4607 567 4648 amen
589 4595 712 4651 dico
730 4596 884 4654 vobis
904 4598 1030 4668 quia
1054 4599 1202 4654 venit
1229 4600 1384 4668 hora,
1415 4610 1470 4658 et
1497 4619 1643 4660 nunc
1662 4613 1767 4670 est,
1795 4594 1850 4656 D

174 4684 401 4752 quando
427 4686 626 4741 mortui
660 4688 883 4745 audient
909 4705 1098 4748 vocem
1138 4691 1262 4748 Filii
1299 4693 1418 4762 Dei,
1464 4703 1521 4751 et
1546 4697 1640 4767 qui
1667 4712 1769 4752 au-

176 4775 383 4852 dierint
399 4779 613 4848 vivent,
646 4789 752 4838 etc.

863 4876 1090 4935 Secreta.

251 4982 353 5043 His
388 4999 720 5056 quaesumus,
752 4987 1002 5057 Domine,
1039 4989 1286 5060 placatus
1321 4995 1640 5052 muneribus
1681 4996 1770 5053 in-

176 5079 364 5145 tende,
407 5088 465 5136 et
497 5082 639 5150 quod
675 5083 742 5138 ad
786 5083 998 5140 laudem
1031 5087 1106 5141 tui
1142 5089 1376 5144 nominis
1404 5092 1774 5162 supplicantes

177 5169 480 5239 oﬁ‘crimus,
533 5174 604 5228 ad
644 5173 1034 5247 indulgentiam
1077 5179 1318 5234 omnium
1357 5197 1588 5252 quorum
1634 5201 1772 5256 quav

177 5277 416 5336 rumque
462 5269 781 5322 memoriam
811 5268 1040 5340 agimus,
1083 5277 1141 5326 et
1176 5256 1408 5342 quorum
1435 5289 1774 5348 quarumque

176 5357 402 5435 nomina
443 5357 532 5415 hic
567 5361 914 5418 continentur
949 5365 1174 5432 inserta,
1215 5367 1329 5423 sive
1358 5381 1678 5427 cunctorum
1711 5373 1776 5428 ﬁ-

177 5448 384 5506 delium
417 5450 668 5522 proﬁciat
696 5453 1098 5513 defunctorum.
1133 5457 1258 5516 Per.

248 5541 420 5608 Deus,
460 5543 551 5612 qui
575 5546 732 5602 nobis
764 5547 818 5602 in
843 5547 1060 5606 Christo
1081 5551 1362 5625 unigenito
1393 5552 1532 5611 Filio
1553 5564 1644 5612 tuo
1666 5557 1771 5614 Do-

177 5634 330 5690 mino
380 5645 573 5693 nostro
617 5653 766 5709 spem
806 5642 979 5699 beata:
1029 5648 1448 5718 resurrectionis
1494 5653 1770 5722 concedis,

175 5739 402 5797 pnesta,
435 5748 768 5804 quazsumus,
806 5748 866 5794 ut
897 5742 1090 5798 animae
1108 5731 1210 5815 pro
1231 5745 1428 5814 quibus
1461 5748 1564 5804 hoc
1600 5751 1771 5806 sacri-

169 5823 362 5888 ﬁcium
400 5827 790 5892 redemptionis
826 5841 1025 5900 nostrae
1053 5844 1160 5894 tua:
1185 5837 1464 5899 oderimus
1501 5840 1769 5902 maiestati

1893 1947 2095 2018 scripta
2119 1961 2242 2004 esse
2268 1959 2586 2015 noscuntur,
2620 1950 2707 2006 his
2736 1959 2977 2023 purgatae
3002 1951 3284 2008 sacriﬁciis
3307 1951 3482 2009 indul-

1891 2038 2129 2110 gentiam
2176 2039 2383 2112 pariter
2422 2049 2480 2097 et
2517 2041 2765 2113 requiem
2804 2041 3020 2114 capiant
3063 2044 3470 2115 sempiternam.

1890 2129 2015 2187 Per.

2601 2224 2725 2280 Alia

1960 2313 2121 2378 Deus,
2141 2314 2226 2370 cui
2242 2314 2500 2385 possibile
2521 2324 2606 2374 est
2624 2331 2815 2373 omnes
2842 2317 3092 2374 homines
3112 2318 3230 2375 sine
3251 2318 3475 2376 diﬁicul-

1891 2412 2001 2460 tate
2032 2404 2278 2472 salvare,
2318 2414 2468 2462 tanto
2505 2407 2774 2478 benignus
2817 2407 3106 2464 animabus
3150 2407 3475 2465 famulorum

1887 2491 2319 2567 famularumque
2347 2505 2580 2563 ,tuarum
2625 2499 2966 2553 diversorum
3015 2499 3388 2556 ctenobiorum
3423 2509 3480 2556 et

1888 2587 2166 2644 titulorum
2195 2604 2425 2660 quorum
2454 2605 2792 2662 quarumque
2822 2592 3138 2648 memoriam
3169 2593 3478 2664 agimus,ct

1886 2695 2116 2751 quorum
2143 2697 2483 2755 quarumque
2517 2685 2606 2741 hic
2632 2686 2905 2757 assignata
2932 2685 3283 2742 continentur
3312 2701 3476 2742 voca-

1884 2775 2031 2843 bula,
2067 2778 2495 2834 misericordiam
2537 2779 2773 2836 concede
2806 2787 3123 2850 perpetuam
3149 2787 3349 2849 quanto
3379 2794 3475 2836 eos

1885 2868 1953 2923 ad
1975 2868 2097 2926 Filii
2121 2870 2198 2926 tui
2224 2868 2440 2926 Domini
2467 2871 2642 2928 nostri
2663 2871 2938 2943 pertinere
2958 2871 3186 2942 gratiam
3215 2871 3468 2928 tribuisti.

1883 2959 1990 3017 Per

2601 3052 2742 3108 Alia.

1954 3144 2120 3213 Deus,
2148 3143 2258 3200 vita
2279 3144 2601 3212 viventium,
2629 3160 2752 3216 spes
2784 3144 3156 3213 morientium,
3189 3143 3336 3203 salus
3355 3161 3472 3202 ont-

1799 3233 1846 3299 C
1877 3237 2030 3293 nium
2075 3239 2131 3293 in
2161 3248 2212 3294 te
2249 3239 2607 3309 sperantium,
2647 3247 2845 3310 praesta
2882 3239 3148 3312 propitius
3178 3248 3239 3295 ut
3276 3241 3472 3297 anima:

1876 3329 2205 3386 famulorum
2234 3330 2670 3403 famularumque
2705 3340 2920 3387 tuarum
2949 3348 3180 3402 quorum
3212 3348 3471 3404 quarum-

1875 3438 1983 3494 que
2010 3424 2332 3480 memoriam
2367 3425 2599 3496 agimus,
2638 3433 2695 3480 et
2722 3440 2956 3496 quorum
2989 3439 3330 3495 quarumque
3372 3441 3470 3480 no—

1876 3515 2026 3570 mina
2069 3515 2157 3570 his
2189 3515 2244 3571 in
2274 3515 2543 3587 diptychis
2571 3516 2919 3572 continentur
2946 3515 3171 3582 inserta,
3213 3530 3242 3570 a
3273 3525 3471 3571 nostrae

1875 3605 2226 3661 mortalitatis
2257 3606 2499 3663 tenebris
2526 3606 2783 3664 absolutm
2811 3606 2865 3661 in
2895 3615 3156 3678 perpetua
3187 3621 3314 3663 cum
3342 3622 3470 3664 san-

1874 3698 1978 3755 ctis
2008 3698 2116 3754 tuis
2143 3698 2264 3755 luce
2291 3698 2561 3755 laetentur.
2592 3699 2698 3755 Per
2724 3698 3020 3756 Christum.

2603 3812 2738 3871 LVI.

1875 3927 2165 4002 Exemplar
2191 3929 2446 4002 precaria:
2476 3928 2697 4002 debilia
2731 3929 3001 4002 Tridente,
3037 3947 3197 4002 quam
3225 3929 3470 3986 Aldricus

1945 3999 2213 4074 episcopus
2261 3999 2462 4074 Eunoni
2501 3999 2701 4074 ,ναιεοῄ
2737 4001 3001 4057 dominico
3050 3999 3188 4068 fecit
3238 4012 3468 4074 tempore

1995 4071 2204 4125 udovici
2224 4071 2448 4142 piissimi
2476 4071 2723 4144 Augusti.

1946 4181 2179 4237 Domino
2218 4191 2407 4238 sancto
2445 4198 2509 4238 ac
2544 4184 2844 4241 venerabili
2882 4185 3122 4242 basiliczc
3151 4195 3465 4242 sanctorum

1874 4271 2120 4328 Gcrvasii
2167 4279 2221 4328 et
2265 4273 2494 4328 Protasii
2538 4285 2840 4347 martyrum
2877 4292 2998 4346 qua:
3035 4287 3118 4333 est
3151 4287 3462 4334 constructa

1874 4365 2015 4420 infra
2058 4365 2210 4422 urbis
2246 4363 2625 4423 Ccnomanieae
2669 4367 2968 4436 civitatem,
3013 4385 3176 4440 quam
3218 4369 3472 4426 Aldricus

1873 4456 2158 4528 episcopus
2193 4456 2250 4512 in
2279 4457 2644 4514 dominatione
2687 4467 2742 4515 et
2777 4459 3040 4532 regimine
3071 4462 3274 4518 habere
3307 4461 3460 4518 vide-

1877 4559 1987 4618 tur,
2029 4551 2255 4623 ejusque
2293 4555 2698 4626 congregationi
2723 4571 2792 4612 ex
2821 4557 2937 4628 ipsa
2973 4558 3292 4615 consistenti
3322 4559 3470 4614 basi-

1875 4645 1999 4701 lica.
2051 4645 2166 4716 Ego
2221 4646 2365 4702 enim
2401 4647 2456 4702 in
2503 4647 2598 4704 Dei
2645 4650 2865 4706 nomine
2891 4650 3073 4718 Bavo,
3101 4652 3228 4707 dum
3256 4660 3310 4708 et
3349 4669 3470 4708 mea

1877 4735 1980 4792 fuit
2016 4738 2206 4808 petitio
2231 4747 2287 4794 ct
2325 4747 2506 4794 vestra
2537 4741 2778 4797 decrevit
2816 4741 3088 4810 voluntas,
3129 4752 3185 4798 et
3221 4760 3322 4816 per
3350 4760 3471 4816 per-

1881 4829 2193 4884 missionem
2241 4830 2426 4886 domni
2469 4831 2641 4886 nostri
2681 4832 2938 4889 Ludovici
2972 4835 3192 4907 gloriosi
3230 4837 3468 4906 impera-

1881 4922 2016 4976 toris
2054 4921 2206 4977 villas
2239 4930 2450 4978 vestras
2475 4923 2542 4978 de
2581 4923 2792 4980 ratione
2825 4924 2996 4994 ipsius
3023 4926 3281 4993 basilicae,
3315 4924 3469 4993 cujus

1880 5013 2142 5069 vocabula
2165 5023 2294 5069 sunt
2322 5014 2612 5072 Tridentus
2648 5023 2705 5072 et
2742 5013 3009 5085 Vintleva,
3054 5034 3176 5074 eum
3207 5017 3353 5074 omni
3382 5018 3466 5071 in-

1815 5162 1830 5181 ,
1879 5109 2130 5181 tegritate
2171 5125 2362 5164 eorum
2397 5110 2555 5165 nobis
2581 5110 2649 5165 ad
2686 5110 2954 5166 usandum
2983 5119 3169 5168 tenere
3210 5098 3467 5182 permisi-

1824 5222 1833 5233 ·
1879 5202 1982 5257 stis
2003 5243 2018 5267 ,
2053 5201 2109 5256 in
2137 5217 2202 5259 ea
2226 5216 2357 5257 vero
2384 5202 2596 5258 ratione
2635 5210 2695 5257 ut
2725 5203 2852 5259 dum
2889 5219 2989 5276 ego
3021 5203 3248 5267 advivo,
3281 5211 3468 5259 tenere

1878 5300 1934 5348 et
1959 5293 2240 5348 dominare
2267 5291 2446 5348 facere
2477 5293 2718 5358 debeam,
2753 5301 2808 5350 et
2846 5303 2969 5366 post
3009 5309 3189 5349 meum
3231 5307 3466 5364 quoque,

1877 5381 1990 5439 Deo
2021 5382 2280 5452 juhente,
2309 5383 2606 5440 discessum
2633 5385 2877 5456 partibus
2904 5383 3080 5441 sancti
3115 5382 3360 5440 Gcrvasii
3383 5401 3470 5441 re-

1876 5482 2092 5532 vertere
2126 5474 2359 5532 faciatis.
2394 5475 2461 5532 Et
2494 5475 2748 5533 convenit
2775 5474 2932 5530 nobis
2956 5473 3115 5530 a-nnis
3146 5473 3372 5546 singulis
3399 5478 3466 5532 ad

1878 5566 2228 5624 festivitatem
2253 5568 2429 5624 sancti
2456 5567 2676 5624 Martini
2714 5565 3110 5623 hibernaticam
3149 5569 3357 5638 argenti
3380 5584 3467 5625 so-

1878 5659 2016 5716 lidos
2039 5661 2279 5732 quinque
2303 5668 2358 5718 et
2377 5661 2568 5734 viginti
2593 5659 2958 5716 transsolvere
2985 5659 3235 5728 debeam,
3259 5669 3354 5717 aut
3378 5661 3467 5717 de-

1878 5753 2077 5808 cimam
2103 5762 2156 5808 et
2186 5768 2383 5810 nouam
2407 5752 2638 5824 plenitcr
2663 5748 2970 5820 persolvam
2997 5752 3065 5809 de
3085 5752 3232 5810 omni
3255 5751 3462 5818 reditu;
3548 5780 3554 5786 -

1877 5853 1934 5909 et
1973 5845 2022 5902 si
2056 5845 2336 5906 negligens
2379 5855 2476 5902 aut
2514 5844 2703 5902 tardus
2727 5847 2924 5904 exinde
2948 5860 3272 5904 annaruero.
3303 5843 3465 5906 ﬁde'm
