4044 6326
559 369 630 429 99
1587 350 1861 407 ALDlllCl
1895 345 2424 406 CENOMANENSIS
2458 347 2760 406 EPlSCOPl
3733 349 3846 412 100

557 471 752 527 exinde
797 467 983 527 facere
1018 467 1264 534 debeam,
1311 473 1367 522 ct
1406 466 1549 538 ipsas
1580 437 1734 520 villas
1773 463 1999 534 perdere
2038 476 2142 516 non
2173 471 2224 531 Α
2250 475 2340 515 mo
2393 461 2546 531 regni
2601 461 2781 516 domni
2813 461 2982 518 nostri
3019 461 3230 535 Pippini
3269 455 3487 538 gloriosi
3528 466 3694 541 regis.
3749 468 3841 526 Si—

555 567 805 631 debeam,
851 572 906 620 et
951 571 1012 618 ut
1050 562 1134 618 ha:
1161 559 1440 633 prmcariaz
1477 574 1583 615 uno
1612 568 1795 613 tenore
1826 556 2146 626 conscripta:
2249 569 2411 624 gnum
2443 552 2717 625 Vullingo,
2761 555 2854 626 qui
2903 556 3045 612 hanc
3091 557 3396 626 precariam
3445 557 3562 616 ﬂeri
3603 564 3838 634 rogavit.

557 658 821 727 ontnique
873 665 1118 727 tempore
1172 653 1342 708 firmae
1395 661 1449 707 et
1501 650 1718 706 stabiles
1771 657 2141 718 permaneant.

556 749 751 816 Actum
787 747 1116 805 Cenomanis
1143 747 1366 803 civitate
1396 743 1627 817 publice,
1664 758 1807 798 anno
1849 741 2059 798 decimo
2091 751 2147 797 et

555 851 752 896 octavo
775 849 1034 914 regnante
1055 841 1251 895 domno
1276 837 1545 894 Ludovico
1574 835 1961 908 gloriosissimo
1983 835 2146 904 impe-

558 945 740 992 ratore
768 935 954 992 Nonas
981 935 1100 991 Kal.
1129 933 1315 990 Maias.
1346 931 1404 987 S.
1429 931 1661 986 Bavonis
1684 925 1826 985 vassi
1864 928 2140 996 dominici,

557 1029 646 1100 qui
673 1029 814 1084 banc
838 1025 1277 1100 precariam’fieri
1299 1024 1527 1095 rogavit.
1547 1021 1612 1078 S.
1630 1019 1908 1078 Viddonis.
1934 1019 1992 1076 S.
2023 1019 2139 1076 Vul.

559 1121 620 1177 S.
659 1121 880 1178 Hervei.
909 1121 968 1178 S.
1004 1119 1285 1176 Serilonis.
1321 1117 1380 1174 S.
1411 1117 1695 1172 Berilonis.
1731 1115 1789 1172 S.
1822 1113 2025 1171 Ebrulli
2059 1113 2140 1170 vi-

561 1213 717 1270 carii.
745 1213 1042 1270 ﬂercheus.
1068 1211 1126 1268 S.
1162 1211 1438 1267 Adalberti
1462 1209 1746 1266 Gislarnis.
1775 1209 1832 1264 S.
1865 1207 2138 1281 Adalgysi.

558 1305 614 1362 S.
649 1305 948 1362 Godol‘ridi.
980 1303 1038 1360 S.
1067 1303 1276 1360 Jacobi.
1312 1303 1547 1358 Deusdet
1577 1301 1918 1373 subscripsit.
1954 1301 2142 1358 Bobilo

557 1398 918 1454 subdiaconus
947 1397 1166 1468 scripsit
1191 1408 1247 1452 et
1274 1395 1614 1467 subscripsit.

1265 1531 1424 1588 LVII.

553 1619 842 1706 Eemplalr
862 1622 1108 1706 ριξᾳξσερέὶ
1123 1694 1132 1705 ⁸
1149 1622 1330 1706 damni
1367 1622 1632 1706 Ludogici
1657 1622 1886 1706 piissimi
1909 1623 2140 1704 impera-

623 1689 751 1748 toria
777 1693 847 1774 de
862 1689 1002 1748 'villa
1033 1689 1310 1774 ‘Tridente,
1337 1693 1492 1774 quod.
1513 1689 1634 1774 fecit
1657 1689 1952 1774 'praIdictns
1978 1689 2141 1774 impe-

561 1782 568 1800 ε
623 1775 770 1818 ralor
807 1764 1172 1818 Cenomanicw
1200 1761 1359 1818 matri
1388 1761 1618 1818 ecclésiw
1659 1761 1705 1819 et
1745 1763 1959 1819 Aldrico
1999 1761 2138 1832 ejus-

623 1835 743 1890 dem
768 1836 912 1890 urbis
935 1837 1211 1906 episcopo._

995 1942 1154 2016 (Vide
1191 1943 1347 2013 ibid.,
1380 1945 1482 2002 col.
1511 1943 1692 2018 1995.)

1259 2059 1439 2116 LVIII.

555 2169 842 2244 Exemplar
877 2173 1130 2244 precaria:
1166 2173 1230 2228 de
1254 2171 1560 2229 Fraxinedo
1598 2181 1648 2229 et
1684 2181 1866 2228 sancto
1915 2170 2139 2244 Georgio

626 2242 912 2300 incondita
951 2243 1250 2316 Sagoneme
1276 2244 1351 2298 vel
1390 2243 1454 2300 de
1497 2245 1615 2299 aliis
1651 2245 1787 2316 villis
1819 2244 1985 2298 sancti
2013 2242 2140 2298 Gar-

624 2318 1007 2388 nasiiquarum
1030 2315 1280 2369 uocabula
1305 2317 1358 2368 in
1395 2333 1457 2370 ea
1485 2316 1740 2388 [iubentur
1764 2315 1980 2388 inserta,
2009 2331 2140 2384 quas

637 2385 915 2456 Vulﬁngus
961 2395 1096 2440 tenet
1123 2425 1136 2450 ,
1169 2401 1328 2457 quam
1373 2389 1420 2441 ei
1479 2385 1832 2442 Gauziolenus
1870 2385 2140 2457 episcopus

622 2458 745 2527 fecit
773 2459 942 2528 primo
963 2473 1103 2512 anno
1131 2457 1277 2528 regni
1303 2456 1514 2529 Pippini
1547 2460 1701 2529 regis.

565 2609 570 2614 -
625 2568 854 2625 Domino
878 2577 1068 2625 sancto
1102 2583 1168 2625 ac
1195 2570 1492 2626 venerabili
1520 2571 1757 2627 basilicae
1795 2571 1970 2628 sancti
1997 2572 2140 2627 Ger-

555 2661 688 2718 vasii
716 2671 772 2718 et
806 2661 1039 2717 Protasii
1085 2659 1224 2716 infra
1253 2663 1406 2718 urbis
1447 2660 1826 2720 Cenomanicte
1860 2663 2140 2719 civitatem

554 2764 898 2822 constructa,
941 2755 1035 2812 ubi
1073 2754 1437 2811 Gauziolenus
1465 2756 1750 2828 episcopus
1791 2769 2030 2827 praeesse
2061 2757 2144 2811 vi-

553 2850 728 2916 detur,
776 2849 1002 2920 ejusque
1038 2848 1445 2921 congregationi
1496 2861 1565 2904 ex
1605 2849 1723 2920 ipsa
1765 2849 2135 2906 consistentia.

555 2941 664 3015 Ego
697 2942 844 2998 enim
871 2943 927 2996 in
951 2941 1045 2996 Dei
1069 2941 1287 2997 nomine
1311 2940 1614 3029 Vulﬁngus,
1639 2941 1768 2996 dum
1789 2951 1844 2997 et
1865 2944 2140 3014 cognitum

554 3043 637 3090 est
692 3034 928 3104 qualiter
957 3033 1187 3088 domnus
1225 3041 1410 3088 noster
1455 3031 1716 3103 Pippinus
1741 3033 2006 3105 gloriosus
2047 3050 2142 3090 rex

557 3128 709 3184 villas
761 3127 828 3183 de
872 3134 1062 3182 sancto
1090 3125 1348 3198 Georgio,
1395 3135 1585 3182 sancto
1625 3126 1910 3194 Gervasio,
1953 3127 2141 3182 Fraxi-

2167 1843 2216 1906 B
2247 1875 2252 1882 ‘

2249 647 2308 703 S.
2346 647 2681 720 Fulgoberti.
2728 648 2783 705 S.
2829 649 3105 707 Sicbardi.
3146 649 3206 706 S.
3255 650 3492 708 Vildeni.
3543 652 3843 710 Salomano

2247 745 2467 814 rogatus
2487 741 2826 814 subscripsit.
2865 743 3196 818 Aiglibertus
3227 745 3568 818 subscripsit.
3602 745 3662 803 S.
3688 747 3842 804 Vua-

2246 833 2496 891 inafredi.
2554 834 2612 893 S.
2657 835 2926 893 Giboleni.
2968 838 3308 898 Bertobodus
3354 839 3696 914 subscripsit.
3733 843 3839 900 Be-

2245 924 2430 980 raidus
2455 925 2675 997 scripsit
2699 935 2754 983 et
2780 928 3119 999 subscripsit.

2315 1015 2668 1074 Anteriorum
2713 1021 3093 1093 episcoporum
3134 1020 3448 1078 authentica
3487 1029 3542 1077 et
3571 1025 3841 1094 precaria:

2244 1107 2716 1179 infrascriptarum
2778 1112 3028 1168 villarum
3073 1114 3128 1168 in
3179 1114 3406 1170 archivo
3455 1113 3840 1195 Cenomanicat

2244 1200 2434 1257 matris
2461 1203 2706 1259 ecclesiae
2745 1213 3164 1273 conservantur,
3195 1214 3253 1261 et
3291 1207 3837 1290 propterprolixita—

2243 1295 2354 1347 tem
2377 1295 2560 1364 operis
2589 1296 2644 1351 in
2678 1295 2780 1352 hac
2809 1298 3072 1354 schedula
3101 1313 3209 1354 non
3231 1305 3364 1355 sunt
3389 1301 3616 1357 inserta.

2961 1455 3101 1514 LIX.

2249 1566 2532 1643 Exemplar
2551 1571 2803 1643 precarii!
2824 1587 2982 1642 quam
3011 1569 3224 1643 France
3239 1571 3509 1643 episcopus
3529 1568 3840 1628 Gemundo

2313 1639 2436 1709 fecit
2473 1639 2702 1696 defvilla
2743 1639 3075 1708 Fraxinedo,
3113 1639 3575 1708 ﬁ’lexobrachiale,
3615 1644 3839 1709 Aciaco,

2313 1723 2496 1786 sancto
2523 1710 2745 1786 Georgio
2784 1713 2842 1786 in
2887 1713 3099 1786 condita
3127 1713 3455 1786 Saganense,
3478 1731 3597 1770 cum
3637 1732 3840 1786 appgn—

2314 1783 2467 1856 ditiis
2506 1783 2639 1849 suis,
2660 1781 2717 1838 ἐι
2741 1783 3047 1856 alauniaco,
3089 1801 3181 1839 seu
3203 1781 3362 1856 longa
3392 1783 3624 1856 Vlilcaria,
3652 1781 3839 1840 ét'Ca-

2313 1855 2506 1927 miaco,
2532 1864 2684 1924 atque
2703 1853 3038 1922 mandarint,
3085 1871 3204 1910 cum
3234 1853 3476 1910 omnibus
3509 1855 3580 1909 ad
3601 1872 3656 1910 se
3679 1857 3840 1927 perti-

2313 1925 2577 1980 nantibus.

2251 2049 2254 2054 ’
2312 2045 2770 2101 Domino’sancto
2797 2057 2862 2099 ac
2900 2043 3198 2100 venerabili
3221 2043 3465 2101 basilica;
3504 2045 3680 2102 sancti
3702 2044 3842 2102 Ger-

2241 2138 2378 2195 vasii
2420 2145 2476 2194 et
2517 2135 2751 2192 Protasii
2798 2136 3058 2209 martyris
3097 2134 3238 2192 infra
3267 2137 3418 2194 urbis
3452 2136 3838 2194 Cenomanica:

2241 2233 2517 2289 civitatem
2550 2237 2894 2296 constructae,
2924 2231 3013 2284 ubi
3045 2229 3256 2286 France
3283 2231 3572 2304 episcopus
3596 2247 3839 2304 praeesse

2241 2324 2493 2388 videtur,
2552 2320 2777 2392 ejusque
2835 2322 3240 2393 congregationi
3283 2337 3350 2379 ex
3410 2325 3522 2395 ipsa
3583 2323 3836 2380 Ecclesia

2241 2412 2582 2471 consistenti.
2626 2413 2738 2483 Ego
2778 2413 2925 2468 enim
2955 2412 3009 2467 in
3059 2413 3154 2468 Dei
3199 2415 3422 2472 nomine
3454 2414 3834 2482 Germundus,

2242 2505 2370 2561 dum
2423 2513 2479 2560 et
2539 2504 2815 2575 cognitum
2875 2513 2958 2560 est
3016 2505 3250 2576 qualiter
3315 2506 3545 2562 domnus
3605 2505 3836 2563 Carolus

2241 2595 2507 2668 gloriosus
2538 2609 2635 2651 rex
2654 2593 2810 2650 villas
2841 2596 3011 2653 sancti
3039 2595 3306 2662 Gervasii,
3333 2595 3662 2663 Fraxinedo,
3699 2595 3831 2652 Fle-

2241 2685 2612 2753 tcbrachiale,
2663 2685 2883 2754 Aciaco,
2931 2686 3014 2743 vel
3063 2697 3253 2743 sancto
3290 2685 3526 2759 Georgio
3555 2701 3679 2743 cum
3726 2701 3832 2757 ap-

2241 2778 2505 2853 pendiciis
2543 2779 2678 2846 suis,
2721 2779 3001 2845 Aloniaco,
3045 2779 3240 2852 longua
3279 2779 3508 2836 filcaria.
3546 2777 3832 2846 Camiaco,

2243 2869 2576 2936 mundarias,
2627 2871 2694 2926 ad
2733 2871 2906 2941 ipsam
2949 2871 3234 2927 ecclesiam
3283 2871 3506 2928 reddere
3555 2869 3739 2941 jussit,
3777 2878 3838 2926 ct

2243 2969 2432 3035 postea
2476 2975 2574 3031 per
2603 2963 2827 3018 verbum
2873 2963 3093 3019 domino
3131 2973 3320 3020 nostro
3367 2961 3562 3019 Carolo
3593 2961 3836 3035 glorioso

2246 3055 2358 3127 regi
2399 3069 2520 3111 mea
2560 3053 2662 3110 fuit
2705 3055 2916 3127 petitio,
2967 3066 3022 3112 et
3061 3067 3241 3113 vestra
3269 3057 3508 3114 decrevit
3555 3056 3831 3124 voluntas,

2245 3155 2307 3202 ut
2344 3148 2462 3217 ipsa
2515 3146 2701 3203 locella
2753 3163 2852 3219 pro
2896 3159 3077 3204 vestro
3124 3149 3389 3206 beneﬁcio
3423 3149 3490 3204 ad
3532 3164 3662 3205 usus
3712 3148 3836 3203 fru-

554 3221 718 3286 nedo,
773 3219 1227 3285 Flexobracciale,
1282 3218 1484 3275 Aciaco
1535 3219 1620 3275 vel
1673 3228 1862 3274 sancto
1907 3217 2140 3292 Georgio

2257 3239 2458 3294 ctuario
2483 3241 2672 3296 ordine
2714 3241 2844 3296 mihi
2879 3249 3063 3296 tenere
3088 3241 3432 3312 permisistis,
3479 3241 3533 3296 id
3570 3250 3676 3307 est,
3710 3255 3837 3297 cum

557 3327 681 3368 cum
709 3311 1042 3382 appendiciis
1075 3311 1211 3377 suis,
1263 3309 1522 3366 Aloniaco
1569 3311 1727 3382 longa
1775 3309 2004 3378 ﬂlcaria,
2048 3311 2146 3366 Ca-

559 3405 760 3460 miaico
804 3403 1162 3472 mundarias,
1213 3401 1284 3457 ad
1339 3403 1511 3474 ipsam
1569 3403 1858 3459 ecclesiam
1919 3404 2146 3460 reddere

553 3495 740 3566 jussit,
766 3505 821 3552 et
842 3505 1033 3566 postea
1075 3511 1175 3566 per
1203 3495 1433 3552 verbum
1474 3496 1675 3551 domno
1703 3501 1891 3550 nostro
1919 3493 2148 3566 Pippin

558 3603 681 3646 mea
711 3589 1041 3660 fuitpetitio,
1073 3595 1130 3644 et
1151 3596 1330 3645 vestra
1359 3587 1604 3645 decrevit
1632 3587 1899 3656 voluntas,
1940 3597 1999 3642 ut
2029 3588 2146 3659 ipsa

561 3683 751 3741 locella
776 3698 874 3754 per
897 3692 1080 3739 vestra
1101 3681 1366 3739 beneficia
1391 3683 1459 3738 ad
1485 3697 1616 3738 usus
1637 3681 1934 3738 fructuario
1955 3683 2150 3739 ordine

559 3775 692 3830 mihi
719 3782 906 3831 tenere
952 3775 1304 3846 permisistis,
1345 3773 1402 3836 id
1431 3782 1534 3842 est,
1565 3790 1686 3830 cum
1721 3775 1948 3840 mansis,
1979 3775 2146 3844 casis,

560 3867 830 3931 domibus,
872 3867 1139 3935 aedificiis,
1181 3867 1492 3938 mancipiis,
1547 3867 1872 3934 accolabus,
1914 3869 2147 3938 libertis,

562 3959 746 4037 terris,
770 3959 968 4030 vineis,
997 3959 1169 4027 silvis,
1198 3961 1391 4031 pratis,
1416 3969 1474 4018 et
1500 3961 1738 4032 pascuis,
1780 3959 1862 4016 vel
1883 3970 2148 4032 quantum

561 4053 628 4108 ad
653 4053 768 4124 ipsa
797 4053 918 4110 loca
948 4063 1226 4124 aspectum
1255 4067 1375 4108 esse
1404 4053 1638 4118 videtur,
1669 4054 1795 4108 dum
1825 4067 1926 4123 ego
1956 4052 2149 4109 advivo

559 4161 658 4217 pro
680 4154 862 4201 vestro
899 4143 1164 4202 beneﬁcio
1194 4145 1330 4201 mihi
1384 4145 1510 4202 licet
1541 4155 1728 4201 tenere
1763 4154 1817 4200 et
1845 4145 2145 4201 dominare.

559 4238 626 4294 Et
669 4239 988 4310 spondimus
1040 4237 1194 4294 vobis
1247 4246 1306 4292 ut
1354 4253 1454 4309 pro
1506 4238 1705 4294 indicio
1757 4239 1927 4310 ipsius
1975 4239 2150 4294 sancti

560 4330 809 4388 Gervasii
838 4331 923 4386 vel
943 4339 1127 4388 vestro
1162 4346 1269 4388 non
1299 4331 1372 4386 sit
1395 4332 1554 4388 annis
1583 4330 1812 4404 singulis
1843 4332 1912 4386 ad
1939 4329 2150 4387 festivi-

565 4437 728 4482 tatem
780 4427 958 4483 sancti
1011 4424 1233 4484 Martini
1283 4425 1429 4482 illam
1475 4425 1872 4480 hibernaticam
1922 4433 2150 4494 argento

563 4518 702 4574 libra
730 4535 837 4575 una
865 4519 934 4574 ad
957 4527 1168 4590 partem
1189 4527 1382 4576 sancto
1405 4517 1668 4574 Gervasio
1683 4526 1779 4573 aut
1809 4517 2038 4574 rectoris
2061 4524 2152 4572 cc-

564 4611 854 4668 clesiarum
883 4610 1246 4668 transsolvere
1293 4611 1528 4668 faciam:
1559 4619 1616 4667 et
1653 4611 1698 4666 si
1736 4611 2012 4683 negligens
2054 4619 2150 4666 aut

567 4704 755 4758 tardus
795 4703 864 4758 de
897 4702 1016 4773 ipso
1055 4717 1220 4758 cense
1251 4703 1319 4760 ad
1345 4703 1462 4774 ipso
1510 4701 1708 4773 placito
1761 4701 1940 4767 fuero,
1984 4700 2152 4757 ﬁdem

565 4796 762 4853 exinde
792 4795 978 4854 facere
1009 4797 1258 4863 debeam,
1295 4803 1351 4853 et
1384 4797 1559 4867 ipsam
1595 4812 1729 4863 rem,
1765 4796 1894 4852 dum
1927 4809 2029 4867 ego
2055 4796 2152 4852 ad-

567 4892 710 4958 vivo,
734 4892 961 4964 perdere
975 4906 1082 4947 non
1099 4892 1350 4958 debeam,
1365 4899 1556 4962 etpost
1575 4905 1755 4946 meum
1777 4904 2015 4960 quoque,
2038 4887 2152 4946 Deo

563 4985 808 5057 jubente,
833 4984 1149 5050 discessum,
1175 4985 1290 5055 ipsa
1314 4983 1502 5040 locella
1516 4997 1639 5038 cum
1665 4995 1856 5037 eorum
1881 4981 2155 5039 soliditate

572 5081 640 5135 ad
668 5095 728 5136 se
755 5079 1079 5151 pertinentis
1099 5078 1185 5134 vel
1213 5078 1525 5150 aspicientis
1553 5076 1638 5132 vel
1666 5076 1929 5148 quidquid
1955 5075 2157 5132 ibidem

571 5173 850 5229 attrahere
885 5171 971 5229 vel
1018 5170 1386 5228 immeliorare
1437 5177 1687 5240 potuero,
1737 5167 1822 5223 vel
1869 5175 2160 5239 quantum-

573 5279 789 5335 cunque
815 5272 943 5320 tunc
987 5263 1247 5334 temporis
1288 5261 1488 5317 ibidem
1523 5260 1804 5316 inventum
1833 5259 2020 5327 fuerit,
2062 5271 2160 5316 vos

574 5363 820 5413 rectores
856 5358 1030 5414 sancti
1053 5353 1306 5411 Genasii
1338 5353 1468 5409 sine
1489 5352 1604 5408 ulla
1622 5352 1824 5424 judicis
1869 5353 2160 5426 consigna-

577 5449 725 5505 tione
752 5458 846 5506 aut
869 5451 1145 5506 heredum
1160 5461 1406 5502 meorum
1427 5447 1826 5505 eontraditione
1845 5449 1899 5504 in
1921 5457 2161 5505 vestram

578 5539 789 5597 faciatis
815 5553 1075 5596 revocare
1099 5538 1524 5595 dominationem
1548 5547 1603 5595 et
1631 5548 1954 5610 potestatem
1981 5541 2050 5596 ad
2081 5540 2162 5596 fa-

573 5635 829 5692 ciendum
877 5632 1022 5703 quod
1059 5631 1365 5698 volueritis,
1413 5640 1470 5688 et
1511 5632 1625 5688 haec
1671 5634 1942 5703 precaria,
2003 5650 2069 5690 ac
2114 5634 2162 5690 si

577 5741 796 5799 semper
839 5741 940 5798 per
972 5725 1423 5797 quinquiennium
1461 5735 1722 5781 renovata
1762 5726 1970 5792 fuisset,
2005 5727 2162 5782 firma

571 5831 914 5896 permaneat.
947 5823 1142 5881 Actum
1173 5823 1504 5882 Cenomanis
1537 5823 1758 5880 civitate
1791 5822 2018 5899 in_anno
2049 5823 2162 5896 pri-

2248 3327 2474 3395 mansis,
2503 3329 2668 3395 casis,
2714 3330 2996 3396 domibus,
3028 3330 3294 3396 aediliciis,
3327 3331 3638 3401 mancipiis,
3671 3345 3836 3386 acco-

2248 3419 2424 3488 labus,
2463 3420 2691 3487 libertis,
2735 3423 2919 3488 terris,
2949 3422 3146 3487 vineis,
3191 3421 3360 3486 silvis,
3401 3422 3596 3494 pratis,
3627 3430 3686 3478 et
3711 3437 3842 3492 pas-

2247 3513 2384 3579 cuis,
2425 3521 2484 3569 et
2533 3521 2796 3584 quantum
2827 3515 2894 3569 ad
2943 3514 3057 3584 ipsa
3099 3513 3217 3570 loca
3263 3521 3538 3585 aspectum
3585 3529 3710 3572 esse
3749 3516 3839 3570 vi-

2249 3605 2430 3673 detur,
2459 3606 2585 3662 dum
2624 3621 2724 3678 ego
2777 3608 2970 3662 advivo
3011 3622 3112 3678 pro
3155 3617 3336 3664 vestro
3393 3607 3657 3664 beneficio
3703 3609 3840 3665 mihi

2249 3697 2411 3755 liceat
2437 3707 2622 3756 tenere
2653 3710 2708 3757 et
2729 3699 3028 3770 dominari;
3059 3709 3115 3757 et
3137 3702 3455 3774 spondimus
3483 3701 3640 3758 vobis
3657 3711 3716 3758 ut
3737 3717 3841 3774 pro

2251 3789 2448 3846 indicio
2472 3791 2638 3861 ipsius
2671 3793 2842 3848 sancti
2883 3790 3132 3848 Gervasii
3159 3792 3244 3848 vel
3285 3801 3469 3849 vestro
3501 3807 3609 3849 non
3631 3793 3706 3848 sit
3740 3809 3840 3850 an-

2249 3881 2335 3936 nis
2369 3881 2595 3952 singulis
2620 3881 2688 3938 ad
2710 3881 3062 3939 festivitatem
3099 3883 3275 3940 sancti
3305 3883 3520 3940 Martini
3545 3884 3632 3940 illa
3657 3885 3844 3943 biber-

2251 3972 2430 4027 natica
2450 3974 2659 4044 argenti
2687 3973 2822 4028 libra
2847 3990 2953 4029 una
2982 3975 3134 4032 vobis
3161 3976 3228 4031 ad
3257 3984 3470 4048 partem
3495 3975 3670 4031 sancti
3697 3976 3840 4033 Ger-

2252 4063 2384 4118 vasii
2414 4073 2471 4119 et
2519 4065 2747 4120 rectoris
2791 4065 3144 4122 ecclesiarum
3193 4067 3558 4123 transsolvere
3619 4065 3841 4134 faciam,

2253 4165 2346 4214 aut
2370 4156 2634 4212 decimam
2649 4167 2746 4212 aut
2773 4174 2973 4214 nonam
2988 4174 3058 4216 ex
3083 4161 3233 4216 omni
3259 4160 3436 4218 re'ditu
3461 4159 3699 4231 pleniter
3719 4171 3845 4230 per-

2253 4250 2494 4316 solvam;
2519 4257 2572 4306 et
2603 4251 2649 4306 si
2673 4251 2947 4322 negligens
2977 4261 3070 4307 aut
3101 4253 3286 4308 tardus
3313 4250 3512 4314 exinde
3531 4263 3852 4322 apparuere

2253 4344 2321 4399 ad
2352 4344 2667 4414 praedictum
2681 4345 2960 4416 placitum,
2981 4345 3145 4402 fidem
3165 4345 3363 4402 exinde
3385 4344 3569 4401 facere
3589 4345 3845 4411 debeam,

2254 4445 2311 4489 et
2338 4435 2483 4506 ipsas
2514 4452 2624 4504 res,
2669 4438 2795 4492 dum
2822 4452 2922 4509 ego
2946 4437 3160 4504 advivo,
3201 4438 3429 4510 perdere
3459 4451 3566 4494 non
3592 4435 3845 4503 debeam.

2257 4534 2311 4581 et
2334 4537 2458 4600 post
2485 4543 2663 4583 meum
2691 4544 2926 4600 quoque,
2958 4530 3066 4585 Deo
3083 4528 3333 4601 jubente,
3373 4529 3694 4598 discessum,
3727 4529 3850 4600 ipsa

2259 4619 2446 4677 locella
2481 4637 2602 4676 cum
2645 4637 2835 4677 eorum
2876 4621 3148 4677 soliditate
3191 4622 3260 4676 ad
3299 4637 3358 4678 se
3397 4619 3724 4693 pertinentis
3760 4619 3850 4686 vel

2260 4713 2593 4784 aspicientis,
2610 4713 2696 4769 vel
2720 4713 2981 4784 quidquid
3010 4713 3208 4770 ibidem
3231 4713 3508 4770 attrahere
3526 4712 3611 4770 vel
3656 4712 3854 4770 imme-

2260 4804 2458 4861 liorare
2483 4814 2730 4876 potuero,
2771 4805 2854 4861 vel
2886 4814 3366 4876 quantumcunque
3407 4814 3534 4860 tunc
3586 4803 3858 4873 temporis

2263 4897 2461 4953 ibidem
2488 4897 2764 4952 inventum
2795 4897 2980 4963 fuerit,
3005 4912 3104 4954 vos
3127 4906 3221 4952 aut
3250 4897 3479 4952 rectoris
3508 4895 3681 4952 sancti
3713 4894 3859 4950 Ger-

2261 4988 2400 5043 vasii
2429 4988 2546 5044 sine
2572 4987 2733 5044 ullius
2749 4988 2971 5060 judiciis
3000 4989 3411 5060 consignatione
3436 4996 3532 5043 aut
3573 4987 3858 5043 heredum

2262 5093 2507 5136 meorum
2539 5079 2938 5136 contraditione
2975 5079 3030 5134 in
3061 5075 3298 5134 vestram
3335 5075 3552 5134 faciatis
3593 5090 3862 5133 revocare

2262 5171 2686 5227 dominationem
2732 5181 2785 5227 et
2815 5177 3138 5242 potestatem
3163 5171 3232 5226 ad
3256 5169 3566 5226 faciendum
3593 5163 3738 5240 quod
3757 5183 3862 5223 vo-

2261 5263 2494 5329 lueritis,
2517 5273 2574 5319 et
2601 5264 2717 5320 haec
2743 5264 3012 5336 precaria,
3032 5279 3096 5320 ac
3119 5263 3166 5320 si
3189 5277 3408 5336 semper
3428 5276 3527 5334 per
3551 5261 3863 5334 quinquem

2259 5353 2414 5410 nium
2447 5361 2706 5410 renovata
2744 5355 2955 5421 fuisset,
2986 5353 3142 5410 firma
3167 5363 3224 5409 et
3258 5351 3474 5410 stabilis
3510 5347 3858 5423 permaneat.

2267 5449 2462 5505 Actum
2511 5446 2837 5504 Cenomanis
2867 5447 3088 5503 civitate
3121 5445 3177 5502 in
3217 5459 3362 5502 anno
3391 5457 3544 5510 xxxi,
3587 5450 3864 5513 regnante

2269 5543 2468 5600 domno
2502 5549 2691 5598 nostro
2719 5540 2913 5598 Carolo
2941 5539 3178 5613 glorioso
3200 5539 3370 5612 Rege,
3411 5539 3466 5594 in
3494 5550 3685 5594 mense
3709 5533 3861 5588 Mar-

2265 5639 2365 5693 tio.
2399 5634 2458 5691 S.
2485 5633 2802 5700 Germundi,
2838 5635 2932 5705 qui
2967 5634 3108 5688 hanc
3141 5632 3444 5704 precariam
3473 5629 3595 5687 fieri
3621 5626 3863 5700 rogavit.

2267 5727 2327 5784 Β.
2355 5727 2684 5784 Fulcoberti.
2729 5726 2787 5782 S.
2824 5725 3096 5782 Sicbardi.
3146 5723 3205 5781 S.
3248 5724 3520 5781 Vuildoni.
3567 5717 3868 5778 Παῦε-οὐαί

2267 5820 2609 5894 subscripsit.
2645 5819 2902 5877 Salomon
2942 5827 3178 5892 rogatus
3211 5815 3550 5891 subscripsit.
3593 5813 3872 5887 Aigliber-
