4044 6326
548 330 657 390 105

1574 325 1851 382 ALDRICI
1887 320 2418 381 CENOMANENSIS
2453 321 2762 381 EPISCOPI

3713 325 3820 385 104

545 435 853 518 precariam
901 441 1021 497 ﬁeri
1059 449 1116 496 et
1169 440 1449 496 afﬁrmare
1498 441 1726 511 rogavit.
1780 439 1838 494 S.
1864 437 2119 492 ilervicb.
2151 440 2206 502 Α
2230 436 2296 492 ad
2324 437 2601 493 basilicam
2624 440 2797 495 sancti
2824 436 3095 496 Vincentii
3119 438 3680 499 Cenomaniscivitate
3697 445 3822 502 vin-

547 535 608 593 S.
641 533 893 590 Adalnlﬁ.
932 533 991 589 8.
1037 532 1273 588 Osberti.
1323 532 1466 588 Boso
1501 532 1840 602 subscripsit.
1889 529 1945 585 8.
1978 531 2126 585 Vne-

548 627 765 686 dranni.
819 623 876 680 8.
923 622 1201 680 Troduini.
1258 622 1318 678 S.
1372 623 1610 680 Gehreii.
1667 621 1725 675 S.
1786 621 2121 675 Ramcstani.

545 720 693 776 Bavo
738 717 1076 786 subscripsit.
1111 716 1382 787 Eptardus
1410 713 1748 782 subscripsit.
1791 711 2123 767 Salaliardus

546 810 886 881 subscripsit.
937 807 996 864 8.
1025 808 1342 864 Amalbcrti.
1387 805 1644 861 Beraldus
1691 804 2029 874 subscripsit.
2062 803 2121 859 S.

546 901 935 960 Pharamnndi.
975 901 1318 958 Vinneradus
1355 900 1613 955 diaconus
1654 897 1871 969 scripsit
1901 905 1957 953 et
1994 897 2122 955 sub-

545 995 785 1064 scripsit.

617 1084 964 1140 Anteriornm
993 1082 1368 1155 episcoporum
1409 1080 1718 1136 authentica
1769 1089 1827 1137 et
1865 1079 2125 1151 precariae

545 1175 1018 1246 infrascriptarum
1071 1171 1319 1227 villarum
1362 1171 1418 1226 in
1473 1171 1696 1226 archivo
1749 1169 2124 1226 Cenomanicze

544 1269 736 1323 matris
785 1265 1027 1324 ecclesiae
1075 1273 1489 1330 conservantur,
1535 1273 1698 1334 atque
1733 1272 1955 1334 propter
2001 1279 2126 1334 pro-

543 1357 804 1418 lixitatem
833 1357 1013 1430 operis
1032 1356 1090 1412 in
1119 1356 1224 1412 hac
1248 1354 1507 1412 schedula
1534 1370 1640 1411 non
1671 1364 1798 1412 sunt
1821 1355 2050 1411 inserta.

1236 1503 1416 1560 LXIII.

538 1641 826 1712 Exemplar
851 1639 1081 1713 epistola:
1097 1655 1255 1713 quam
1275 1638 1498 1713 domnus
1525 1633 1815 1713 Ludovicus
1841 1636 2123 1713 imperator

609 1706 920 1768 Elisachoro
948 1706 1124 1765 abbati
1152 1726 1348 1775 suoque
1382 1707 1725 1772 missamisit,
1771 1717 1822 1760 ut
1870 1706 2118 1775 beneﬁcia

609 1727 920 1768 bltsacnoro
948 1727 1124 1765 αυοαιῑ
1152 1727 1246 1762 suo
1287 1727 1348 1762 ue
1382 1727 1725 1772 missamisu,
1771 1727 1822 1760 ut
1870 1727 2117 1775 oenepcza

608 1794 654 1838 et
680 1779 758 1838 res
782 1784 836 1836 in
858 1799 919 1837 ea
956 1782 1174 1850 scriptas
1202 1727 1415 1832 A7drico
1437 1779 1672 1850 episcopo
1699 1777 1775 1850 vel
1811 1779 1919 1850 suis
1946 1777 2117 1850 missis

607 1855 954 1924 consignaret,
977 1860 1025 1924 et
1047 1847 1200 1924 suum
1241 1847 1554 1924 episcOpittm
1589 1847 1850 1919 imperiali
1883 1848 2116 1902 auctori-

611 1935 718 1980 tate
737 1919 802 1978 es;
822 1924 895 1978 eis
931 1922 1151 1994 pleniter
1175 1919 1457 1976 revestiret.

608 2060 667 2115 In
696 2058 914 2115 nomine
939 2056 1153 2113 Domini
1197 2055 1292 2111 Dei
1332 2061 1386 2110 et
1424 2053 1726 2109 Salvatoris
1771 2054 1940 2108 nostri
1989 2051 2118 2108 Jesu

537 2150 760 2208 Christi.
789 2149 1115 2214 Ludovicus,
1149 2147 1328 2205 divina
1363 2145 1757 2217 repropitiantc
1803 2145 2115 2212 clementia,

538 2243 836 2314 imperator
863 2242 1140 2314 Augustus
1178 2239 1396 2294 Aldrico
1437 2237 1738 2296 venerabili
1771 2238 2026 2308 episcopo
2062 2241 2120 2293 et

538 2333 681 2389 ﬁdeli
716 2341 904 2390 nostro
956 2331 1208 2388 salutem.
1257 2328 1482 2385 Noverit
1534 2337 1627 2384 tua
1687 2327 1953 2383 industria
1991 2328 2118 2398 quia

539 2426 739 2482 missus
771 2434 891 2482 tuus
919 2433 1163 2481 nostram
1201 2421 1336 2478 adiit
1379 2422 1725 2492 praesentiam
1771 2421 2118 2476 innotescens

537 2520 681 2592 quod
705 2519 925 2588 quidam
953 2517 1150 2574 vassali
1197 2514 1394 2580 nostri,
1443 2514 1849 2580 Ghermundns,
1898 2511 2115 2567 Vulfar—

536 2612 660 2678 dus,
691 2611 1023 2677 Berchadus,
1054 2609 1202 2666 Bodo
1248 2617 1304 2664 et
1350 2607 1527 2664 socius
1569 2621 1720 2673 suus,
1755 2604 2019 2660 beneﬁcia
2049 2619 2117 2660 ex

536 2719 629 2768 tuo
674 2711 948 2783 episcopio
1000 2710 1202 2765 habent
1231 2723 1349 2778 quae
1376 2707 1503 2762 olim
1535 2721 1635 2778 per
1670 2702 1950 2778 precarias
1993 2702 2118 2758 inde

533 2801 765 2858 alienata
807 2800 1042 2856 fuerant.
1069 2799 1188 2868 Qua
1222 2799 1289 2853 de
1315 2812 1374 2852 re
1415 2797 1662 2854 volumus
1708 2803 1766 2851 ut
1816 2801 1874 2848 tu
1929 2801 2116 2848 nostra

532 2895 857 2950 auctoritate
897 2893 1129 2963 recipias
1153 2905 1324 2962 usque
1349 2889 1416 2944 ad
1461 2898 1703 2945 nostram
1745 2887 2112 2959 pratsentiam,

533 2995 588 3042 et
614 2987 680 3041 de
706 2995 892 3042 nostra
927 2986 1185 3044 ﬁdelitate
1223 3001 1478 3057 magnam
1523 3001 1714 3041 curam
1753 2997 1969 3054 semper
2014 2983 2116 3037 ha-

535 3077 682 3144 beas,
707 3076 850 3132 sicut
897 3078 1162 3133 hactenus
1213 3085 1265 3132 te
1310 3079 1512 3133 habere
1556 3077 1928 3149 cognovimus.
1978 3074 2116 3132 Nam

535 3175 863 3223 memoratus
892 3167 1092 3223 missus
1121 3173 1246 3222 tuus
1277 3175 1519 3224 nostram
1546 3167 1867 3237 deprecatus
1894 3175 1979 3222 est
1999 3168 2100 3238 pie-
2140 3155 2188 3221 C

536 3269 702 3318 tatem
743 3270 804 3317 ut
845 3262 1081 3333 aliquem
1108 3263 1333 3318 missum
1381 3263 1476 3319 tibi
1506 3262 1812 3318 dederimus
1839 3263 1931 3334 qui
1970 3279 2113 3334 prte-

534 3355 710 3412 dictas
744 3371 834 3413 res
859 3356 954 3412 tibi
990 3355 1338 3428 ecclesiteque
1361 3357 1456 3412 tibi
1482 3355 1788 3412 commissae
1827 3357 2118 3429 consigna-

535 3455 620 3502 ret
645 3455 702 3504 et
731 3449 1048 3505 vestituram
1091 3448 1390 3521 legitimam
1419 3447 1645 3504 faceret.
1671 3448 1788 3516 Qua
1813 3449 1880 3504 de
1919 3465 1978 3506 re
2003 3448 2113 3506 lle-

535 3540 802 3598 lisachoro
828 3542 995 3599 misso
1017 3552 1203 3598 nostro
1228 3541 1589 3613 praecepimus
1615 3551 1675 3596 ut
1699 3541 1765 3597 de
1788 3541 2116 3612 supradictis

536 3631 809 3689 beneﬁciis
836 3633 931 3689 tibi
962 3633 1284 3690 vestituram
1314 3633 1478 3690 faciat
1502 3633 1720 3704 quando
1744 3633 1862 3690 illas
1889 3633 1944 3689 in
1989 3651 2114 3706 par-

536 3729 617 3778 tes
638 3740 669 3779 a
697 3724 854 3779 nobis
882 3724 1123 3780 directus
1162 3723 1347 3781 fuerit.
1379 3723 1638 3780 Volumus
1666 3725 1830 3780 etiam
1860 3733 1919 3779 ut
1951 3741 2114 3796 quam

534 3815 698 3872 citius
726 3817 930 3886 poteris
965 3817 1192 3872 missum
1220 3824 1373 3872 tuum
1398 3816 1538 3873 bene
1568 3816 1781 3873 ﬁdelem
1814 3818 1882 3872 ad
1905 3832 2006 3873 nos
2031 3817 2115 3873 di-

536 3906 702 3975 rigas,
731 3908 822 3977 qui
843 3923 941 3964 nos
963 3917 1143 3965 certos
1182 3907 1345 3964 faciat
1373 3907 1603 3979 qualiter
1631 3923 1762 3982 erga
1787 3923 1886 3964 vos
1905 3917 1961 3964 et
1989 3907 2117 3966 reli-

535 4013 672 4069 quos
717 3997 901 4055 ﬁdeles
937 4008 1150 4055 nostros
1187 3999 1346 4055 modo
1392 4008 1605 4070 agatur,
1643 4008 1699 4055 et
1735 3999 1866 4072 quid
1908 3999 1975 4055 de
2007 3999 2117 4056 illis

535 4090 716 4148 causis
753 4091 954 4147 factum
999 4107 1136 4163 quas
1180 4091 1334 4148 vobis
1359 4106 1519 4164 agere
1545 4091 1928 4164 praecepimus.
1970 4092 2116 4148 Bene

535 4180 676 4248 vale,
701 4189 756 4239 et
782 4197 880 4240 ora
905 4197 1004 4254 pro
1032 4182 1208 4240 nobis.

1227 4334 1412 4393 LXIV.

537 4465 823 4541 Exemplar
861 4467 1104 4541 praecepti
1142 4467 1320 4541 damni
1349 4468 1599 4541 Ludovici
1622 4469 1844 4541 piissimi
1884 4486 2115 4541 tmpera-

609 4537 736 4609 toris
757 4538 821 4592 de
831 4537 1460 4609 quibusdamiibeneﬁciis
1483 4537 1827 4595 vassallorum
1877 4537 2114 4605 suorum,
2141 4537 2195 4599 D

608 4607 663 4662 id
697 4607 1123 4675 est,Gerrnundi,
1162 4608 1428 4679 Vulfardi,
1472 4609 1750 4676 Berchadi,
1788 4611 2015 4665 Bovonis
2067 4620 2118 4664 et

607 4680 737 4750 socii
755 4680 1038 4750 ejuquttte
1058 4679 1340 4750 pra’dictus
1369 4680 1650 4748 imperator
1672 4682 1896 4736 reddidit
1925 4690 1972 4734 et
2000 4698 2118 4734 con-

609 4749 831 4818 ﬁrmabit
881 4749 1243 4804 Cénontanicaz
1309 4751 1466 4804 matri
1515 4751 1743 4808 ecclesia:
1805 4761 1854 4806 et
1903 4750 2116 4804 Aldrico

605 4819 838 4892 ejusdem
878 4819 1109 4876 ecclesia:
1129 4821 1388 4891 episcopo.

889 4908 1046 4984 (Vide
1071 4910 1161 4966 ubi
1205 4926 1390 4982 supra,
1435 4909 1542 4968 col.
1577 4909 1762 4982 1294.)

1245 5045 1408 5102 LXV.

535 5181 832 5240 Concordia
905 5180 1106 5240 Bethta:
1184 5201 1302 5240 cum
1366 5183 1682 5238 monasterio

1233 5263 1408 5318 centii.

1754 5182 1923 5237 sancti
1985 5180 2116 5239 Vin-

609 5403 743 5461 Dnm
774 5405 1045 5479 cognitum
1091 5410 1176 5460 est
1203 5404 1344 5474 quod
1371 5403 1566 5459 Bethta
1611 5402 1716 5458 Deo
1743 5413 1956 5460 sacrata
1988 5419 2112 5473 por-

538 5497 684 5555 tione
722 5497 898 5570 aliqna
927 5497 982 5553 in
1029 5495 1218 5552 locella
1275 5494 1642 5566 nuncnpantia
1686 5493 1920 5562 Soliaco,
1962 5495 2116 5550 Man-

536 5591 713 5657 sione,
741 5589 924 5644 villam
967 5589 1212 5656 Bariaco,
1243 5603 1339 5644 seu
1371 5595 1426 5643 et
1468 5585 1736 5654 Briscino,
1763 5603 1926 5659 quam
1971 5587 2112 5645 ﬁlius

538 5699 668 5739 suns
728 5679 1115 5737 Ermenfredns
1170 5679 1440 5751 quondam
1494 5677 1735 5733 moriens
1773 5677 2108 5746 dereliquit,

535 5783 592 5846 et
611 5774 680 5829 ad
705 5775 875 5842 ipsam
906 5771 1112 5844 legibus
1137 5771 1376 5840 obvenit,
1411 5784 1509 5844 per
1533 5767 1862 5828 venditionis
1891 5769 2106 5825 titulum

2228 532 2395 599 dicat,
2425 541 2480 586 et
2513 533 2709 603 accipit
2736 533 2928 588 exinde
2967 533 3020 588 in
3077 533 3330 604 pretium,
3381 536 3524 606 quod
3569 547 3622 593 et
3671 540 3816 596 bene

2227 623 2550 693 complacuit
2596 634 2757 694 atque
2805 626 3078 690 convenit,
3127 626 3232 680 hoc
3285 633 3387 691 est,
3443 629 3560 683 auri
3607 630 3822 689 solidos

2224 717 2442 785 probos,
2476 715 2709 786 optimos
2734 726 2898 786 atque
2927 725 3218 787 pensantes
3261 733 3489 774 numero
3523 720 3821 779 ducentos.

2225 805 2342 874 Quo
2364 807 2584 864 veniens
2621 808 2944 863 venerabilis
2975 809 3146 864 frater
3189 808 3448 866 Patninus
3485 813 3818 882 praepositus

2225 902 2292 957 de
2320 901 2436 972 ipso
2466 903 2798 958 monasterio
2824 919 2929 958 una
2951 920 3074 960 cum
3101 904 3412 960 venditione
3443 907 3578 978 ipsa,
3607 909 3663 963 in
3694 911 3814 979 pri—

2223 1003 2345 1049 vata
2375 995 2668 1051 collatione
2715 995 2830 1066 ipsa
2887 997 3111 1066 protulit
3161 998 3229 1052 ad
3273 998 3619 1069 relegendum
3677 1003 3812 1058 dum

2224 1084 2366 1140 inter
2413 1100 2472 1141 se
2512 1086 2873 1153 intenderent,
2924 1087 3003 1158 (hi
3030 1096 3173 1153 sunt,
3217 1088 3616 1156 Berthofridus,
3656 1094 3814 1149 Dodo

2225 1189 2330 1228 una
2359 1189 2482 1229 cum
2513 1173 2738 1245 conjuge
2761 1192 2865 1251 sua
2890 1177 3150 1232 Eodilane
3177 1178 3260 1234 vel
3287 1179 3650 1237 Bertholanda
3680 1199 3810 1239 cum

2224 1265 2520 1322 infantibus
2566 1268 2678 1321 suis
2707 1267 2791 1323 bis
2818 1268 3127 1325 nominibus
3148 1270 3418 1326 Ademaro
3465 1280 3520 1328 et
3547 1272 3804 1347 Joanne),

2223 1358 2466 1413 chartam
2501 1359 2888 1431 ambagibalem
2938 1361 3136 1418 ibidem
3185 1363 3593 1433 praesentabant
3634 1383 3808 1438 quam

2223 1448 2413 1505 Bethta
2436 1450 2503 1504 ad
2528 1451 2674 1521 ipsos
2696 1450 2928 1508 infantes
2951 1468 3079 1509 suos
3102 1453 3324 1522 fecerat,
3346 1456 3436 1511 ubi
3465 1458 3702 1514 habebat
3722 1461 3809 1516 iu-

2221 1551 2444 1606 sertum,
2485 1541 2611 1596 dum
2637 1541 2940 1611 advivebat,
2970 1554 3027 1600 et
3062 1545 3116 1600 in
3147 1553 3332 1616 partes
3369 1546 3504 1602 duas
3530 1547 3807 1620 Leogiliso

2221 1635 2490 1705 quondam
2534 1632 2763 1706 conjuge
2814 1650 2912 1690 suo
2958 1649 3120 1707 quam
3171 1643 3227 1691 et
3277 1651 3432 1691 suam
3472 1640 3691 1694 tertiam
3725 1642 3801 1697 ad

2220 1727 2664 1793 usum'tennerit,
2700 1734 2758 1782 et
2790 1734 2914 1796 post
2953 1741 3108 1782 suum
3139 1727 3441 1783 discessum
3475 1730 3541 1783 ad
3565 1729 3682 1800 jam
3721 1733 3805 1786 di-

2145 1796 2193 1858 Β
2220 1829 2334 1876 ctos
2373 1819 2606 1876 infantes
2652 1834 2781 1876 suos
2823 1828 2932 1874 tam
2976 1819 3096 1875 illas
3141 1821 3276 1878 duas
3316 1829 3502 1893 partes
3534 1796 3698 1893 quam
3745 1836 3808 1881 et

2217 1927 2373 1968 suam
2400 1912 2615 1967 tertiam
2640 1912 2693 1966 in
2717 1926 2907 1968 eorum
2934 1913 3237 1982 reciperent
3257 1915 3646 1982 dominatione,
3671 1917 3801 1972 dum

2217 2004 2360 2060 inter
2378 2019 2437 2059 se
2463 2003 2822 2072 intenderent,
2838 2005 3370 2062 mediantibusbonis
3395 2007 3709 2064 hominibus
3730 2013 3802 2065 ad

2214 2097 2366 2167 pacis
2394 2095 2739 2151 concordiam
2763 2096 2866 2152 visi
2909 2104 3035 2152 sunt
3060 2112 3153 2152 eos
3192 2111 3498 2154 revocasse.
3535 2098 3806 2156 Convenit

2218 2185 2360 2241 inter
2383 2187 2528 2258 ipsos
2561 2187 2704 2258 quod
2733 2187 2822 2242 illa
2848 2197 3038 2258 quarta
3068 2196 3222 2258 parte
3247 2204 3410 2259 quam
3445 2189 3803 2247 Ermenfredo

2217 2281 2487 2349 quondam
2537 2278 2592 2334 in
2635 2278 2941 2335 Mansiones
2969 2278 3212 2336 debitum
3239 2289 3358 2336 erat
3393 2284 3681 2338 memorati
3713 2284 3802 2339 in-

2216 2368 2392 2425 fantes
2439 2369 2833 2437 Berthofredo,
2880 2371 3030 2426 Dodo
3083 2386 3190 2426 una
3243 2386 3367 2428 cum
3417 2371 3644 2444 conjuge
3701 2388 3803 2429 sua

2215 2461 2473 2518 Eodilane
2493 2462 2579 2518 vel
2603 2463 2958 2519 Bertholanda
2979 2471 3168 2520 contra
3201 2464 3495 2520 venerabili
3516 2463 3685 2520 fratre
3697 2465 3802 2520 Pa—

2215 2554 2371 2609 tuino
2405 2555 2694 2626 praeposito
2731 2555 2817 2611 vel
2857 2555 2976 2627 ipso
3018 2557 3367 2623 monasterio,
3397 2566 3798 2627 quantumcun-

2215 2659 2324 2715 que
2350 2645 2548 2701 ibidem
2588 2647 2792 2702 habere
2815 2645 3084 2713 videntur,
3113 2647 3262 2703 omni
3289 2656 3534 2718 tempore
3563 2647 3804 2704 habeant

2217 2738 2598 2803 evindicatum,
2642 2749 2696 2795 et
2731 2740 2937 2811 reliquo
2975 2756 3106 2798 vero
3147 2751 3257 2796 tam
3286 2741 3342 2796 in
3384 2740 3598 2797 Soliaco
3633 2758 3800 2812 quam

2218 2831 2274 2886 in
2313 2831 2538 2887 Bariaco
2574 2847 2669 2888 seu
2709 2841 2764 2888 et
2797 2835 2850 2888 in
2888 2833 3129 2889 Briscino
3157 2832 3417 2904 quidquid
3444 2832 3801 2889 Ermenfredo

2216 2923 2489 2992 quondam
2516 2922 2770 2979 obvenire
2809 2923 3013 2983 debuit.
3051 2922 3136 2979 vel
3162 2931 3422 2993 quantum
3467 2937 3564 2992 per
3603 2923 3796 2977 vendi-

2216 3013 2380 3068 tionis
2401 3013 2614 3068 titulum
2644 3022 2939 3070 memorata
2964 3014 3157 3070 Bethta
3187 3015 3301 3070 sive
3319 3013 3436 3084 jam
3464 3013 3702 3070 Noberta
3731 3015 3798 3070 ad

2216 3112 2513 3159 memorata
2544 3104 2767 3160 basilica
2791 3105 3034 3177 delegata
3059 3114 3246 3162 contra
3289 3106 3407 3176 ipso
3443 3105 3800 3162 Berthofredo

2219 3203 2276 3249 et
2301 3193 2517 3251 Dodone
2549 3210 2655 3251 una
2684 3211 2808 3252 cum
2836 3197 3064 3268 conjuge
3097 3212 3195 3253 sua
3221 3197 3481 3253 Eodilane
3503 3212 3718 3254 necnon
3746 3207 3802 3254 et

2217 3286 2631 3353 Blerlolandaue,
2677 3296 2790 3343 tam
2844 3289 3026 3354 terris,
3073 3289 3251 3356 casis,
3284 3289 3590 3359 mancipiis,
3626 3291 3802 3346 domi-

2215 3381 2339 3446 bus,
2369 3379 2630 3445 aediﬁciis,
2661 3379 2968 3447 accolabus,
2993 3380 3181 3451 pratis,
3213 3379 3449 3451 pascuis,
3475 3379 3670 3445 vineis,
3704 3379 3802 3435 sil-

2215 3470 2316 3534 vis,
2347 3471 2518 3541 aquis,
2564 3486 2933 3542 aquarumque
2973 3471 3312 3537 decursibus,
3349 3470 3548 3527 mobile
3588 3479 3643 3526 et
3692 3471 3798 3526 im-

2214 3565 2430 3628 mobile,
2457 3564 2661 3634 junctis
2685 3573 2741 3621 et
2764 3565 3083 3636 subjunctis,
3123 3564 3213 3620 vel
3249 3564 3398 3620 omni
3427 3565 3799 3636 supraposito,

2217 3666 2694 3730 quantumcunque
2742 3658 2794 3713 in
2836 3655 2952 3726 jam
3006 3657 3152 3714 dicta
3204 3656 3392 3714 locella
3445 3655 3801 3714 Ermenfredo

2215 3749 2486 3818 quondam
2532 3750 2731 3804 habere
2772 3749 3050 3816 debuerat,
3090 3764 3218 3822 pars
3265 3748 3583 3805 monasterii
3624 3750 3801 3805 sancti

2222 3836 2488 3894 Vincentii
2515 3837 2600 3894 vel
2627 3836 2742 3908 ejus
2769 3847 3009 3895 rectores
3034 3847 3223 3894 contra
3247 3838 3392 3910 ipsos
3421 3839 3671 3895 homines
3703 3855 3799 3895 su-

2215 3931 2398 4002 perius
2427 3938 2878 3987 commemoratos
2902 3931 3097 4002 mquali
3123 3930 3278 3988 lance
3306 3931 3546 3987 dividere
3573 3930 3798 3987 debent.

2219 4021 2372 4079 Unde
2397 4023 2648 4078 convenit
2685 4030 2745 4078 ut
2775 4031 2888 4079 tres
2909 4023 3168 4094 epistolas
3209 4039 3318 4080 uno
3347 4032 3534 4079 tenore
3558 4023 3804 4079 conscri-

2216 4122 2340 4185 ptas
2366 4113 2504 4169 inter
2533 4128 2592 4168 se
2620 4111 2738 4169 ﬁeri
2767 4120 2824 4169 et
2859 4113 3106 4185 accipere
3143 4113 3424 4180 deberent,
3473 4114 3615 4183 quod
3642 4121 3697 4168 et
3725 4114 3803 4168 ita

2219 4200 2484 4270 fecerunt,
2513 4212 2572 4258 nt
2598 4203 2775 4259 nullus
2801 4211 2989 4260 contra
3009 4219 3197 4275 parem
3237 4219 3393 4260 suum
3422 4202 3488 4260 de
3529 4203 3647 4258 istis
3667 4218 3803 4258 con-

2218 4293 2484 4350 venientis
2505 4309 2564 4350 sc
2595 4302 2866 4350 remutare
2900 4310 3006 4350 non
3048 4303 3261 4364 posset;
3305 4294 3448 4365 quod
3485 4293 3539 4348 in
3584 4293 3688 4348 hoc
3719 4293 3803 4349 fa-

2219 4401 2344 4442 cere
2374 4388 2802 4459 praesumpserit,
2829 4396 3039 4458 partem
3080 4403 3234 4443 suam
3283 4402 3316 4442 a
3342 4401 3474 4458 pare
3513 4401 3610 4441 suo
3639 4385 3804 4441 amit-

2222 4487 2319 4543 tat,
2364 4488 2420 4535 et
2470 4481 2690 4550 insuper
2738 4479 2870 4534 ﬁsco
2928 4479 3170 4534 sociante
3223 4477 3339 4533 auri
3388 4477 3556 4532 libras
3609 4477 3802 4532 decem

2221 4568 2425 4639 argenti
2448 4569 2621 4638 ponde
2634 4567 2824 4638 viginti
2841 4575 3062 4624 coactus
3081 4567 3348 4632 exsolvat,
3371 4573 3424 4620 et
3444 4581 3545 4622 nec
3556 4565 3634 4620 sic
3655 4566 3805 4636 quod

2222 4657 2424 4729 reperit
2445 4658 2719 4714 vindicare
2762 4673 2869 4714 non
2908 4658 3108 4725 valeat,
3143 4666 3198 4715 et
3229 4659 3328 4714 has
3357 4657 3634 4728 epistolas,
3663 4672 3804 4728 quas

2222 4751 2276 4806 in
2299 4750 2530 4805 invicem
2556 4751 2696 4805 bona
2716 4750 2994 4806 voluntate
3015 4749 3280 4817 fecerunt,
3303 4767 3425 4807 cum
3449 4750 3806 4821 stipulatione

2221 4842 2538 4912 intraposita
2572 4842 2759 4896 ﬁrmas
2784 4849 2841 4897 et
2879 4841 3218 4913 inviolabiles
3249 4842 3397 4898 omni
3441 4850 3685 4910 tempore
3708 4858 3800 4898 va-

2219 4932 2367 4988 leant
2410 4932 2725 5003 perdurare.
2770 4931 2966 4988 Actum
3004 4931 3217 4988 Soliaco
3263 4933 3320 4988 in
3367 4946 3480 4987 rem
3524 4932 3696 5002 ipsam
3747 4933 3806 4991 it.

2221 5039 2365 5078 anno
2387 5039 2442 5078 xx
2466 5023 2614 5094 regni
2643 5022 2824 5078 domni
2851 5020 3174 5078 Theodorici
3203 5022 3422 5094 gloriosi
3448 5022 3591 5092 regis
3616 5061 3632 5087 ,
3658 5024 3808 5090 quod

2220 5117 2342 5174 fecit
2373 5118 2652 5189 praesentis
2682 5116 2884 5172 mensis
2905 5115 3153 5173 Octobris
3180 5117 3266 5172 die
3284 5115 3622 5170 duodecimo.
3651 5114 3810 5172 ΒοίΙυ

2219 5210 2553 5281 subscripsit.
2614 5209 2672 5264 S.
2703 5209 2961 5265 Eodilane
3006 5208 3234 5280 conjuge
3282 5221 3379 5262 sua
3412 5204 3808 5261 Berthofredns

2218 5302 2556 5372 subscripsit.
2605 5301 2668 5357 S.
2711 5299 3104 5355 Bertolandane
3147 5313 3404 5368 germana
3445 5311 3652 5357 eorum,
3709 5297 3802 5364 qui

2220 5393 2360 5448 hanc
2401 5390 2682 5463 epistolam
2732 5389 2848 5444 ﬁeri
2899 5396 3242 5461 rogaverunt.
3294 5385 3575 5442 Derricens
3629 5384 3804 5438 abbas

2214 5491 2552 5563 subscripsit.
2583 5488 2874 5546 Beoraldus
2899 5489 2954 5543 in
2986 5489 3078 5543 Dei
3113 5487 3332 5542 nomine
3357 5486 3526 5541 abbas
3559 5483 3792 5563 subscri.

2212 5586 2338 5656 psit.
2357 5562 2691 5656 Aiglimanns
2717 5580 3056 5651 subscripsit.
3080 5577 3317 5633 Joannes
3338 5576 3658 5648 subscripsit
3698 5562 3802 5630 SB—

2213 5677 2318 5732 lico
2346 5675 2684 5746 subscripsit.
2712 5672 2916 5728 Dadolo
2945 5669 3254 5725 Sidonianis
3280 5666 3621 5737 subscripsit.
3685 5670 3802 5727 Der.

2212 5768 2499 5826 tholaudus
2547 5763 2885 5838 subscripsit.
2940 5761 2998 5818 S.
3053 5759 3328 5817 Vuitdoni.
3383 5758 3441 5813 S.
3499 5749 3798 5818 TurnaldO-
