4044 6326
582 350 680 407 ιω

1619 338 1966 399 ΑΝοΕιοΜι
2007 336 2468 394 LUXOVIENSIS
2495 334 2802 392 MONACﬂl

3735 326 3840 388 l08

1343 504 3282 534 Μ

1703 639 2682 820 ᾼΝαειοινιι

1829 871 2242 918 ιυχονιεκειε
2289 869 2577 915 MONACBI

995 1039 2260 1192 COMMENTARIUS
2359 1041 2518 1167 IN
2611 1035 3284 1168 GENESIN
3370 1035 3408 1162 ἰ

1558 1284 1720 1347 (Apud
1738 1283 1950 1341 Pezium,
1967 1278 2210 1332 Thesaur.
2227 1275 2415 1330 Aueed.
2435 1275 2633 1336 noviss,
2650 1280 2768 1326 tom.
2789 1271 2853 1335 Ι.)

830 923 896 982 Θ

1821 1427 2567 1452 ﬂ

653 1572 887 1618 INCIPIT
936 1567 1306 1613 PROOEMIUM
1367 1562 1710 1618 SEQUENTIS
1759 1556 2056 1604 OPUSCULI

1044 1644 1366 1690 ANGELOMI
1402 1641 1680 1686 DIACONI.

570 1753 785 1810 1“Istius
823 1751 1023 1822 egregii
1064 1748 1261 1804 seriem
1297 1758 1556 1816 percurre
1585 1740 1772 1807 libelli,

569 1845 740 1915 Quem
777 1844 1016 1899 dictante
1055 1842 1164 1896 Deo
1201 1838 1356 1894 libuit
1391 1835 1699 1907 depingere,
1742 1833 1935 1897 lector,

573 1940 644 1994 Ut
679 1952 894 2008 prosam
946 1940 1174 1999 reseret,
1228 1945 1328 1986 nec
1358 1943 1465 1984 non
1512 1925 1608 1982 tibi
1655 1923 1882 1997 mystica
1919 1917 2146 1991 pandat;

573 2027 839 2097 Propellat
872 2038 1096 2089 nocuas,
1119 2034 1400 2090 nocuoque
1423 2032 1492 2074 ex
1521 2015 1684 2072 corde
1713 2012 1986 2075 tenebras,

575 2117 880 2186 Vitalesque
907 2115 1092 2185 legens
1115 2111 1309 2167 crebro
1332 2109 1624 2179 decerpere
1652 2119 1865 2168 sensus,

570 2209 743 2277 Atque
767 2205 899 2262 satis
927 2203 1110 2259 valeas
1134 2199 1330 2258 mentis
1355 2199 1709 2270 pinguescere
1739 2193 1923 2248 ﬁbras.

495 2349 504 2352 _
571 2300 817 2356 Historia:
842 2298 930 2354 hic
956 2295 1183 2354 Genesis
1209 2299 1524 2349 reserantur
1551 2286 1807 2359 Opuscula
1829 2298 2006 2340 sacra.

571 2392 760 2448 Omnia
787 2406 908 2462 quae
931 2389 1172 2462 pandunt
1204 2383 1476 2458 grandaevi
1502 2381 1720 2438 condita
1749 2378 1936 2434 mundi

572 2482 785 2538 Scilicet
811 2479 1138 2550 aethereique
1158 2477 1291 2548 poli,
1319 2473 1531 2530 telluris
1556 2484 1818 2542 aquaaque

570 2571 836 2637 Condidit,
867 2569 1184 2639 :rthralique
1212 2567 1355 2622 Deus
1383 2564 1475 2635 qui
1504 2570 1695 2634 regnat
1723 2561 1779 2616 in
1804 2569 1949 2616 arce.

571 2663 788 2719 Ilateria
815 2663 867 2717 in
897 2660 1106 2732 species
1133 2657 1350 2714 informi
1383 2653 1659 2711 transtulit
1683 2660 1861 2724 aptas,

571 2729 1032 2824 Conspicuumque
1059 2755 1242 2804 manet
1281 2747 1422 2812 visu,
1473 2752 1529 2800 et
1571 2740 1838 2815 palpabile
1888 2729 2146 2810 quidquid

569 2843 796 2909 Nostris,
833 2850 1228 2911 exceptumque
1254 2837 1471 2908 quidem
1502 2849 1598 2891 seu
1627 2832 1834 2888 visibus
1860 2838 2021 2900 atque

459 2978 472 2994 ,
570 2936 698 2992 Cum
723 2935 871 2990 socia
894 2932 1097 2997 Patris,
1126 2931 1328 2986 virtute
1352 2935 1407 2984 et
1434 2924 1697 2981 Flaminis
1720 2922 1848 2977 almi

572 3024 709 3080 Olim
737 3022 1050 3078 condiderat
1077 3019 1284 3090 pariter
1309 3018 1519 3072 ratione
1544 3014 1770 3086 potenti.

574 3115 707 3172 Nam
734 3113 976 3169 referunt
995 3113 1157 3167 etiam
1196 3119 1396 3166 nostrae
1422 3107 1716 3180 primordia
1742 3106 1887 3170 vitae,
1912 3115 1926 3128 '

573 3205 703 3259 Cum
723 3202 1008 3257 hominem
1037 3207 1264 3254 narrant
1295 3196 1533 3268 paradisi
1564 3195 1617 3249 in
1658 3194 1785 3249 sede
1812 3193 2072 3256 locatum,

577 3293 727 3349 Unde
757 3292 922 3347 draco
947 3305 1120 3350 szevus
1147 3287 1380 3344 detraxit
1407 3285 1620 3351 lividus,
1646 3292 1807 3354 atque

579 3385 886 3441 Tartaream
917 3381 1120 3448 sedem,
1149 3381 1374 3434 vetitum
1396 3377 1521 3447 quia
1552 3375 1739 3430 tollere
1761 3387 1981 3444 pomum

574 3474 776 3528 Ambro
801 3472 930 3544 quin
952 3470 1142 3536 voluit,
1168 3467 1312 3524 solus
1338 3480 1435 3521 nec
1461 3463 1678 3536 pertulit
1701 3464 1868 3527 iram;

575 3568 680 3622 Sed
708 3580 877 3636 genus
897 3564 1190 3618 humanum
1216 3573 1425 3630 pmnas,
1453 3557 1589 3611 heu!
1623 3555 1792 3610 sensit
1817 3549 2038 3617 Averni,

575 3655 727 3723 Quod
759 3653 940 3726 genuit
970 3660 1140 3708 totum
1173 3649 1394 3721 prOprio
1418 3648 1484 3704 de
1503 3646 1708 3702 femore
1733 3645 1915 3716 lapsus

577 3747 677 3800 llic
716 3759 810 3799 se:
837 3756 1101 3798 annorum
1129 3738 1331 3794 mansit
1355 3753 1453 3808 per
1474 3735 1639 3791 millia
1665 3744 1868 3799 trusus,

577 3835 746 3890 Filius
775 3833 863 3889 ille
900 3832 997 3887 Dei
1026 3832 1196 3887 donec
1229 3827 1508 3885 descendit
1529 3827 1598 3880 ab
1624 3825 1744 3879 aula

578 3923 804 3980 Sumere
833 3937 1026 3979 nomen
1047 3921 1176 3977 Adae
1207 3919 1375 3975 voluit
1401 3918 1492 3989 qui
1521 3931 1583 3971 ac
1603 3915 1782 3971 omnia
1813 3912 2050 3968 membra

577 4014 748 4070 Solvit
771 4014 849 4069 sic
871 4013 1126 4066 miserum
1157 4010 1423 4064 miserans
1451 4007 1666 4077 indigna
1693 4004 1946 4070 ferendo;

581 4106 653 4162 Ut
674 4112 892 4176 caperet
915 4102 1133 4174 plorans
1162 4101 1373 4154 tandem
1405 4097 1644 4152 cmlestia
1677 4111 1863 4166 regna,

578 4197 708 4265 Quae
734 4201 875 4251 tacto
901 4201 1112 4264 poterat
1137 4190 1254 4246 sine
1278 4189 1493 4245 Christo
1514 4188 1739 4258 perdere
1765 4201 1945 4258 pomo.

575 4288 677 4343 llic
707 4285 1137 4358 patriarcharum
1167 4280 1468 4336 clarissima
1494 4289 1642 4351 gesta
1669 4279 1942 4349 leguntur,

574 4380 804 4452 Mystica
839 4392 958 4447 qua:
981 4375 1207 4430 nimium
1237 4371 1476 4444 gravidis
1502 4371 1800 4443 typicisque
1831 4369 2018 4440 ﬁguris

578 4471 878 4541 Signantur
913 4464 1144 4529 Christi,
1173 4473 1479 4532 nostraeque
1504 4471 1556 4517 et
1579 4463 1716 4517 dona
1745 4462 1958 4528 salutis,

581 4560 680 4615 llic
706 4574 860 4614 sacra
882 4572 1006 4612 nam
1032 4570 1199 4610 sacra:
1223 4563 1521 4608 cernuntur
1548 4555 1802 4626 dyndima
1834 4554 1992 4624 legis,

580 4655 756 4724 Atque
781 4649 1086 4721 evangelica
1111 4645 1426 4717 salpix[leg.
1468 4645 1702 4720 salpinx]
1745 4646 1916 4718 typicc
1957 4645 2168 4700 intonat

1929 4737 2086 4810 [orbi.

584 4837 809 4892 Texitur
830 4835 1099 4905 eloquium
1136 4843 1446 4890 sanctorum
1479 4834 1606 4888 hinc
1633 4834 1821 4903 purius
1857 4846 2009 4897 auro,

584 4930 796 4985 Clarius
823 4937 1065 5000 argento,
1095 4927 1385 4984 formosius
1413 4927 1650 4996 undique
1679 4926 1902 4990 electro,

586 5023 740 5088 Quod
767 5021 922 5076 nobis
952 5022 1133 5092 pandit
1162 5023 1338 5093 typice
1365 5019 1732 5076 moderamina
1759 5021 1899 5075 vitae.

587 5115 813 5186 hlystica
835 5115 1121 5184 depromit,
1150 5115 1413 5185 promittit
1433 5123 1489 5168 et
1513 5111 1620 5167 alta
1661 5113 1902 5184 polorum
1932 5131 1943 5166 :

588 5205 783 5260 Dorica
815 5221 938 5259 nam
969 5206 1188 5260 lfebrzea
1215 5205 1337 5269 fari,
1366 5221 1464 5261 nee
1491 5205 1672 5274 lingua
1706 5203 1896 5257 Latina

592 5295 846 5360 Possunt,
874 5310 990 5364 qute
1017 5295 1221 5366 gremio
1245 5296 1441 5348 retinet
1462 5311 1617 5350 sacra
1647 5295 1748 5349 iste
1776 5292 2007 5348 libellus.

594 5386 737 5456 Euge
764 5402 862 5457 age
881 5389 990 5458 jam
1014 5389 1177 5442 calles
1203 5388 1390 5442 rutilos
1411 5388 1652 5443 discurre
1673 5389 1922 5449 libenter,

670 5537 696 5567 ι
726 5544 744 5577 ι
771 5525 1116 5580 Proditnunc
1145 5523 1373 5592 primum
1411 5523 1462 5576 in
1504 5523 1677 5577 lucem
1728 5539 1792 5578 ex
1838 5537 1936 5578 ms.
1987 5521 2172 5592 codice

599 5595 933 5651 celeberrimi
967 5591 1274 5648 monasterii
1308 5593 1373 5646 ad
1413 5595 1470 5647 S.
1501 5593 1718 5648 l’etrum
1751 5591 2170 5662 Salisburgcnsis

599 5666 805 5721 ordinis
830 5664 886 5718 S.
913 5665 1207 5724 Benedicti,
1238 5663 1519 5733 diligenter
1544 5664 1767 5718 collatus
1814 5679 1934 5733 eum
1985 5662 2171 5733 codice

603 5750 704 5791 ms.
733 5735 916 5806 inclyti
952 5735 1181 5788 coeuuhii
1231 5731 1544 5789 Zwetlensis
1593 5735 1798 5790 ordinis
1849 5732 2170 5788 Cistercien-

2179 1539 2230 1598 Α
2257 1532 2420 1588 Istius
2443 1539 2502 1586 ut
2532 1533 2713 1602 capias
2739 1547 2891 1588 sacra
2926 1525 3004 1588 tot
3028 1532 3369 1600 charismata,
3392 1532 3584 1601 lector,

2252 1625 2294 1679 E
2317 1626 2514 1695 quibus
2534 1624 2882 1679 altithronum
2907 1624 3079 1695 possis
3107 1625 3420 1696 dignoscere
3443 1627 3746 1691 Christum,

2249 1715 2319 1770 Et
2347 1715 2607 1770 merearis
2629 1730 2798 1769 ovans
2821 1715 2943 1770 οωιί
2974 1716 3342 1770 conscendere
3361 1716 3548 1781 limen,

2249 1807 2474 1876 Quoque
2497 1815 2670 1862 metas
2697 1805 2823 1862 felix
2847 1807 3137 1862 multarum
3165 1808 3357 1878 gaudia
3386 1824 3585 1872 rerum,

2247 1897 2530 1954 Cernendo
2546 1897 2832 1953 Dominum
2854 1912 3070 1967 semper
3096 1913 3194 1969 per
3217 1899 3412 1954 saecula
3437 1915 3649 1954 verum.

2939 1991 3131 2046 Amen.

2764 2078 3069 2150 Expliciunt
3097 2096 3291 2134 versus.

2247 2207 2402 2256 ῐΤΕΜ
2429 2209 2758 2254 PREFATIO
2780 2211 2843 2252 IN
2867 2209 3200 2253 OPUSCULIS
3232 2211 3529 2266 εχμιιιιο
3547 2210 3840 2270 θεηεειε,

2721 2288 3044 2332 ANGELOMI
3075 2289 3356 2333 DIACONI.

2318 2401 2340 2431 ο
2369 2389 2581 2448 Eximio
2629 2387 2800 2456 Patri,
2831 2397 2886 2445 et
2936 2388 3159 2445 floribus
3184 2390 3443 2445 virtutum
3489 2390 3679 2447 fulcito
3719 2388 3840 2464 [Z.,

2245 2475 2395 2536 Patri
2427 2481 2668 2536 moribus
2696 2481 2824 2534 virt.
2851 2478 2996 2552 ful.],
3022 2479 3405 2549 sapientiaeque
3444 2480 3620 2535 nitore
3639 2489 3843 2536 ornato

2246 2569 2522 2625 Lsormco
2550 2570 2838 2635 sacerdoti,
2863 2568 3190 2632 Ancuoxus
3219 2569 3437 2625 humilis
3461 2570 3674 2626 Levita.

2315 2657 2606 2731 Postquam
2685 2661 3069 2732 gazophylacia
3136 2676 3201 2716 ac
3253 2661 3536 2716 thesauros
3603 2670 3845 2732 quatuor

2247 2749 2694 2822 Evangeliorum,
2737 2766 2855 2820 qua:
2892 2751 3144 2807 omnibus
3177 2751 3477 2806 divinarum
3523 2751 3840 2822 Scriptura-

2173 2859 2369 2944 Brum
2433 2843 2646 2914 paginis
2702 2859 2797 2899 sua
2853 2844 3054 2899 merito
3113 2843 3438 2899 auctoritate
3497 2845 3842 2915 praecellunt,

2254 2936 2460 2992 scilicet
2506 2936 2722 3007 egregio
2769 2935 2988 2991 domino
3035 2935 3400 3005 permittente,
3430 2951 3494 2992 ac
3536 2938 3844 3007 imperante

2253 3027 2466 3092 abbate,
2503 3027 2683 3082 subtili
2733 3026 3076 3096 indagatione
3103 3065 3120 3092 ,
3164 3026 3392 3082 Domino
3429 3026 3694 3097 largiente
3717 3066 3735 3093 ,
3781 3027 3842 3082 in

2253 3124 2510 3186 quantum
2555 3115 2825 3184 quivimus
2851 3155 2866 3181 ,
2908 3116 3088 3170 rimati
3134 3130 3340 3182 sumus,
3365 3118 3617 3173 videlicet
3665 3117 3844 3189 magi-

2255 3214 2388 3270 stro,
2413 3206 2531 3260 viro
2553 3205 2768 3274 quidem
2793 3206 3162 3261 eruditissimo
3182 3207 3397 3264 Mellino
3421 3207 3535 3280 [Z.,
3560 3205 3843 3284 Mellilico]

2258 3297 2538 3350 sacerdote
2582 3312 2830 3352 sermone
2868 3297 3164 3368 lampabili,
3187 3315 3252 3354 ac
3285 3307 3395 3356 toto
3421 3301 3689 3358 catholico
3715 3317 3850 3372 pro-

2256 3384 2474 3454 palante
2541 3387 2840 3456 spiritalem
2909 3403 3093 3442 aurem
3137 3391 3578 3446 aecommodante
3632 3391 3845 3447 intelli-

2258 3475 2496 3546 gentiam
2546 3475 2777 3531 libenter
2827 3477 3108 3532 hausimus
3133 3513 3149 3544 ,
3183 3480 3396 3535 tandem
3421 3521 3436 3544 ,
3465 3489 3524 3536 ut
3569 3482 3745 3547 nosti,
3774 3482 3846 3536 ad

2260 3568 2485 3639 abyssos
2528 3569 2741 3624 Veteris
2778 3569 3129 3637 Testamenti,
3173 3571 3390 3628 Christo
3435 3574 3681 3645 praesule,
3707 3589 3850 3646 pne-

2259 3660 2405 3716 dicto
2457 3661 2618 3716 Patre
2663 3662 2982 3732 imperante,
3016 3678 3323 3732 quanquam
3363 3665 3563 3734 pavidi,
3614 3674 3851 3721 ovantes

2259 3750 2582 3820 appulimus,
2631 3758 2791 3820 atque
2845 3750 2950 3805 alta
3007 3751 3177 3822 pelagi
3226 3769 3518 3822 reumaque
3566 3755 3844 3825 gurgitum

2261 3841 2456 3896 divinae
2490 3839 2730 3894 historice
2775 3850 3012 3895 nostram
3061 3843 3298 3897 carinam
3335 3843 3476 3898 avidi
3513 3852 3850 3901 scrutatores

2262 3931 2644 3986 immersimus.
2662 3933 2793 3984 Cum
2817 3934 2983 3997 enim,
3012 3944 3234 3988 auctore
3255 3935 3390 3990 lucis
3419 3935 3655 4002 aﬂlante,
3678 3937 3848 3993 etiam

2263 4019 2634 4090 evangelicum
2679 4021 2924 4091 clypeum
2981 4021 3111 4076 latva
3153 4033 3462 4094 gestantes,
3500 4025 3852 4098 gladiumque

2265 4113 2551 4182 ancipitem
2585 4111 2750 4166 divini
2786 4112 2934 4166 verbi
2983 4112 3171 4166 dextra
3228 4112 3480 4180 ferentes,
3513 4116 3564 4168 in
3597 4125 3708 4169 tam
3754 4132 3853 4172 va-

2267 4205 2535 4260 stissimos
2558 4220 2622 4260 ac
2644 4205 2898 4276 mysticos
2921 4220 3133 4275 quoque
3159 4221 3352 4262 sensus
3377 4208 3608 4277 tegmine
3631 4207 3853 4264 sublato

2265 4294 2522 4351 didascﬁli
2554 4296 2983 4366 promulgatione
3025 4296 3350 4352 testimoniis
3377 4298 3682 4352 divinarum
3727 4299 3851 4353 cin-

2263 4395 2350 4440 cta
2385 4387 2666 4456 potissimo
2691 4387 2874 4442 labore
2910 4387 3259 4452 desudantes,
3285 4389 3632 4458 proficuaque
3675 4389 3852 4445 colla-

2266 4476 2410 4532 tione
2440 4477 2763 4531 meditantes
2787 4493 2850 4531 ea
2873 4492 2990 4547 qua:
3015 4477 3083 4532 ab
3112 4493 3206 4532 ore
3235 4478 3471 4532 doctoris
3491 4477 3856 4533 libentissime

2265 4567 2571 4632 hausimus,
2597 4568 2870 4622 memoria:
2909 4582 3101 4622 sensus
3138 4568 3672 4632 commendaremus,
3708 4568 3854 4623 inter

2267 4658 2530 4728 colloquia
2590 4659 2828 4714 caelestis
2875 4660 3080 4715 oraculi
3129 4661 3344 4730 coepisti
3398 4657 3596 4716 affabili
3649 4662 3856 4731 pioque

2269 4749 2521 4805 affamine
2543 4750 2738 4806 crebro
2794 4766 3115 4822 suggerere,
3145 4762 3206 4806 ut
3249 4767 3312 4808 ea
3343 4768 3464 4822 qua:
3503 4753 3739 4807 ubertim
3786 4769 3856 4809 ac

2267 4839 2592 4894 mirabiliter
2623 4841 2927 4895 divinarum
2969 4843 3380 4897 auctoritatibus
3425 4844 3721 4914 approbata
3750 4858 3854 4899 ex-

2268 4930 2392 5002 poni
2406 4931 2743 4997 videbantur,
2761 4941 2815 4986 et
2829 4932 3080 4988 thesauro
3094 4932 3489 5002 pectorisjuxla
3505 4932 3854 5003 fragilitatem

2269 5039 2462 5078 sensus
2508 5022 2972 5085 recondebantur,
3011 5022 3066 5076 in
3113 5022 3500 5078 membranulis
3541 5037 3662 5077 meo
3711 5021 3857 5092 stylo

2271 5114 2514 5185 digerere
2535 5127 2637 5168 non
2665 5114 2982 5178 abnuerem,
3003 5120 3062 5166 ut
3091 5113 3386 5168 haberetur
3416 5113 3557 5168 unde
3586 5111 3640 5166 in
3671 5111 3858 5167 futuro

2271 5205 2607 5276 frequentata
2636 5206 2864 5261 lectione
2889 5205 3151 5260 memoria
3184 5213 3546 5260 recrearetur.
3575 5203 3731 5271 Quod
3751 5217 3858 5273 ego

2272 5304 2436 5350 tanta:
2487 5296 2562 5349 rei
2611 5297 2820 5366 pondus
2862 5303 3238 5366 pertractans,
3288 5296 3615 5351 omnimodis
3661 5294 3858 5349 delite-

2272 5387 2469 5443 scendo
2506 5386 2688 5442 facere
2722 5388 2926 5443 distuli.
2967 5387 3074 5443 Sed
3101 5403 3198 5444 nos
3226 5389 3465 5456 inempto
3491 5400 3656 5458 opere
3703 5384 3858 5456 gravi

2273 5536 2376 5632 snsi
2401 5520 2680 5662 39:12:11“
2710 5561 2882 5646 uersus
2907 5589 3091 5646 absunt
3122 5589 3368 5662 aCodice
3392 5587 3686 5662 lwctuenst.

2350 5674 2370 5700 ο
2396 5654 2526 5715 Cod.
2549 5662 2606 5714 Z.
2631 5680 2641 5714 :
2665 5661 2852 5730 Incipit
2875 5662 3116 5731 prologus
3155 5661 3287 5713 ιη’ρειὲ
3313 5659 3580 5727 Angelomi
3609 5654 3862 5731 monachi

2274 5743 2322 5787 et
2359 5732 2565 5795 Lct'ifa',
2605 5733 2671 5784 ad
2713 5725 3572 5797 Leodffctmrsacerdozcm,‘super
3599 5725 3862 5780 Genetii».
