4044 6326
218 333 326 394 109

1523 325 1873 383 (ΣΟΜΜΕΝΤ.
1913 327 1979 380 IN
2015 325 2171 382 GEN.

3363 331 3468 392 ΗΟ

220 450 408 504 labore
431 447 775 510 desudantes,
799 445 994 510 subito,
1015 441 1244 500 Domino
1265 450 1552 508 annuente,
1578 442 1632 497 in
1655 458 1794 499 onus
1823 446 1872 506 Α
1899 456 2010 508 sus,
2036 441 2121 496 his
2165 455 2250 496 me
2278 440 2456 496 verbis
2481 440 2676 497 blande
2719 442 3050 513 alloquitur:
3083 446 3242 514 Quid,
3267 448 3458 521 inquit,

220 555 370 596 cura:
395 538 708 609 pastoralis,
735 553 765 591 a
799 547 904 606 qua
949 545 1002 592 te
1051 549 1310 591 excusare
1355 535 1576 589 minime
1619 533 1792 602 licuit,

222 645 324 700 pro
353 629 585 683 aliorum
609 627 780 682 salute
804 623 1060 682 suffectus
1087 641 1165 682 cs.
1191 623 1332 694 Ergo
1363 624 1494 679 inibi
1521 632 1574 679 te
1604 623 1792 680 subro-

221 731 432 792 gatum,
459 735 568 790 quo
593 719 694 774 sub
721 718 872 789 gravi
897 717 1031 773 falce
1071 717 1386 786 depressum
1427 715 1591 770 etiam
1621 715 1797 787 lacry-

223 812 410 866 mabili
457 825 553 865 ore
592 809 903 876 declamas,
945 824 1010 865 eo
1057 810 1201 878 quod
1243 809 1502 865 salutaria
1556 809 1696 865 dicta
1742 817 1798 865 et

220 901 388 957 mella
413 901 718 954 animarum
746 899 930 954 sedula
964 900 1335 967 meditatione,
1369 907 1430 954 ut
1453 899 1604 968 prius
1641 898 1798 955 imbi-

115 1041 118 1044 .
219 991 354 1046 bere
379 1005 486 1046 non
515 990 662 1055 licet,
690 1005 880 1045 rursus
913 1003 998 1044 me
1024 990 1288 1046 accersito
1311 991 1632 1047 auctoritate
1659 1005 1796 1062 prae-

220 1077 444 1135 lationis
465 1119 481 1144 ,
522 1077 732 1150 coepisti
760 1103 795 1145 ,\
817 1093 923 1134 non
965 1079 1319 1150 suggerendo,
1348 1087 1409 1134 ut
1451 1078 1672 1146 dudum,
1701 1078 1796 1135 sed

222 1169 625 1238 quodammodo
669 1168 985 1224 intentando
1027 1169 1316 1239 imperare,
1343 1178 1404 1225 ut
1435 1170 1613 1241 aliqua
1657 1186 1828 1241 opu-.

222 1260 375 1315 scala
401 1276 468 1317 ex
491 1259 637 1316 libro
673 1259 970 1329 Geneseos,
989 1263 1226 1318 maxime
1253 1278 1349 1319 sex
1373 1263 1583 1318 dierum
1605 1277 1790 1333 opera,

225 1366 260 1404 a
285 1351 509 1407 Domino
551 1358 784 1420 patrata,
811 1350 966 1421 juxta
1017 1351 1273 1419 litteram,
1303 1368 1421 1423 quae
1450 1351 1604 1407 valde
1654 1351 1792 1406 diffi-

222 1438 425 1493 cillima
466 1439 739 1505 videntur,
782 1440 921 1495 sicut
965 1455 998 1496 a
1043 1443 1262 1498 doctore
1309 1443 1508 1497 tradita
1563 1442 1791 1510 fuerant,

221 1527 428 1596 liquido
469 1541 722 1582 sermone
766 1527 1165 1598 depromerem;
1199 1531 1455 1600 quoniam
1495 1531 1790 1601 spiritalem

219 1614 652 1684 intelligentiam,
676 1630 795 1684 qua:
835 1616 888 1670 in
915 1617 1188 1674 nonnullis
1211 1618 1344 1674 locis
1380 1635 1628 1690 magnam
1653 1620 1792 1675 obti-

217 1717 316 1762 net
356 1705 792 1774 nebulositatem,
820 1708 874 1762 in
911 1708 1063 1765 libris
1107 1709 1327 1766 Patrum
1378 1719 1430 1766 te
1475 1712 1709 1778 habere,
1737 1721 1792 1768 et

1897 529 2122 586 affabilis
2153 530 2262 584 fili?
2291 530 2418 601 quid
2448 529 2558 604 [Z.,
2588 531 2753 606 quod]
2785 546 2908 587 cum
2939 542 3087 590 tanto
3122 537 3298 592 studio
3321 540 3463 596 edis-

1895 623 2086 678 seras?
2105 623 2260 690 Quod
2280 636 2400 677 cum
2428 623 2604 678 celare
2621 638 2728 680 non
2742 624 2999 682 auderem
3021 633 3155 682 teste
3180 630 3461 688 conscien-

1897 713 1993 779 tia,
2010 713 2199 766 humili
2226 727 2322 768 ore
2351 713 2676 784 deprompsi.
2711 713 2830 784 lpse
2855 729 2986 770 vero
3011 731 3175 780 nosse
3201 718 3458 787 gestiens,

1895 810 1956 856 ut
1983 811 2066 858 est
2085 803 2292 874 sagacis
2321 803 2523 874 ingenii
2552 804 2740 872 solers,
2760 805 2805 859 si
2832 805 2960 876 quid
2984 805 3234 872 utilitatis
3262 807 3461 864 edidis-

1896 909 2032 960 sem,
2066 910 2252 951 coram
2277 909 2336 950 se
2362 895 2525 968 relegi
2549 897 2824 967 praecepit.
2858 897 2988 965 Quae
3011 897 3265 968 perlecta,
3299 908 3358 953 ut
3383 900 3457 954 ita

1896 985 2092 1051 dicam,
2118 984 2386 1052 laudavit,
2409 994 2589 1056 atque,
2618 986 2857 1057 inquam,
2889 988 3222 1058 approbavit,
3265 997 3457 1044 contu-

1894 1072 2270 1143 litque-etiam
2321 1073 2454 1129 mihi
2497 1074 2693 1130 librum
2737 1075 2880 1130 beati
2939 1076 3224 1147 Augustini
3269 1084 3458 1132 contra

1895 1162 2214 1220 Manichaeos
2254 1179 2416 1234 super
2455 1165 2558 1220 hac
2585 1180 2643 1220 re
2674 1165 2941 1222 luculento
2983 1183 3232 1224 sermone
3269 1183 3462 1224 exara-

1895 1262 2030 1320 tum,
2061 1256 2203 1311 unde
2231 1271 2295 1311 ea
2323 1271 2443 1325 quae
2483 1257 2832 1328 digesseram,
2858 1259 3212 1329 comprobare
3249 1261 3460 1331 quivis-

1895 1358 2028 1398 sem.
2087 1343 2204 1410 Quo
2237 1343 2465 1400 ferventi
2499 1353 2618 1400 astu
2658 1345 2904 1414 lustrato,
2930 1346 3144 1404 Christo
3186 1350 3458 1420 praeduce,

1893 1448 2000 1488 non
2023 1431 2194 1490 solum
2235 1435 2288 1490 in
2319 1451 2499 1503 sensu,
2532 1450 2720 1492 verum
2745 1437 2906 1492 etiam
2936 1437 2989 1492 in
3029 1438 3346 1508 quibusdam
3379 1439 3460 1496 lo-

1895 1524 1972 1578 cis
2021 1523 2350 1595 syllabisque
2397 1527 2814 1583 concordantem
2859 1512 3056 1583 inveni.
3095 1528 3296 1585 Deinde
3342 1528 3456 1601 [Z.,

1893 1614 2048 1688 Dein]
2075 1616 2304 1686 imperat
2313 1615 2468 1686 juxta
2489 1633 2645 1674 suum
2669 1633 2864 1674 nomen
2887 1619 3153 1676 locutione
3179 1619 3452 1688 melliflua,

1890 1711 1951 1758 ut
1996 1705 2207 1777 ignavia
2255 1707 2507 1778 temporis
2552 1721 2658 1762 non
2699 1707 3176 1778 pigrescerem,et
3223 1717 3457 1780 coeptum

217 1798 458 1853 maxime
475 1813 508 1852 a
532 1797 692 1885 bean
729 1798 952 1866 Isidoro,
983 1801 1100 1856 viro
1128 1802 1516 1869 eruditissimo,
1538 1803 1790 1894 enuclea:
1819 1819 1865 1878 Β
1890 1813 2026 1867 opus
2051 1815 2158 1854 non
2186 1801 2442 1865 sinerem,
2478 1799 2574 1854 sed
2603 1799 2784 1855 solerti
2810 1799 2985 1855 studio
3003 1814 3262 1871 peragere
3289 1789 3462 1855 tenta?

219 1899 336 1944 tum
377 1890 610 1954 testaris,
638 1871 762 1946 licet
785 1893 963 1948 omnia
1005 1908 1125 1963 qua:
1165 1894 1219 1949 in
1258 1894 1482 1966 praefato
1515 1879 1789 1953 volumine

217 1982 568 2037 continentur
596 1983 874 2054 mysteria,
903 1998 1010 2038 non
1047 1986 1115 2039 ab
1143 2000 1210 2041 eo
1255 1986 1597 2042 inveniantur
1642 2003 1790 2043 com-

216 2079 398 2142 pacta,
421 2079 480 2125 et
511 2070 666 2143 [ϐοά.
697 2071 761 2126 Ζ.
791 2089 893 2127 om.
941 2073 1017 2146 et]
1048 2075 1234 2141 etiam,
1261 2077 1403 2147 quod
1442 2085 1526 2132 est
1550 2079 1786 2148 gravius,

217 2177 280 2216 ea
310 2177 428 2231 qua:
452 2177 482 2215 a
512 2169 657 2217 tanto
683 2155 902 2219 doctore
922 2166 1286 2234 praetermissa
1319 2175 1466 2232 sunt,
1494 2167 1790 2224 secundum

215 2253 362 2324 quod
387 2251 544 2324 [Cod.
577 2252 666 2318 Z.,
687 2252 828 2325 quae]
864 2254 1061 2310 tradita
1085 2257 1215 2312 mihi
1239 2256 1474 2323 fuerant,
1497 2266 1552 2313 et
1577 2273 1676 2330 per
1704 2276 1790 2316 me

218 2345 462 2400 invenire
507 2345 824 2417 potuissem,
866 2354 926 2401 ut
965 2345 1077 2402 suis
1107 2345 1401 2408 insererem
1439 2349 1594 2418 locis,
1621 2351 1789 2406 libera

218 2437 544 2492 auctoritate
572 2439 868 2509 imperasti.
899 2435 1062 2507 Cujus
1090 2439 1464 2512 preceptionis
1504 2456 1786 2497 censuram

217 2529 629 2598 pertimescens,
661 2531 821 2586 tacita
864 2532 1190 2603 cogitatione
1225 2549 1504 2589 assensum
1543 2534 1787 2604 pnebcre

220 2618 455 2674 decrevi.
487 2619 595 2676 Sed
618 2636 921 2692 quanquam
943 2622 1112 2677 multa
1145 2622 1341 2689 forent,
1387 2625 1647 2694 siquidem
1675 2641 1786 2695 pra:

216 2708 469 2764 omnibus
512 2709 616 2766 duo
665 2720 792 2766 sunt
824 2727 942 2782 quae
965 2722 1069 2768 me
1100 2713 1168 2769 ab
1203 2713 1308 2770 hoe
1347 2729 1511 2786 Opere
1551 2717 1788 2774 maxime

218 2801 514 2858 deterrent.
544 2805 743 2873 Unum,
771 2807 913 2876 quod
955 2808 1083 2863 huic
1107 2809 1258 2864 oneri
1289 2826 1373 2866 me
1398 2811 1658 2882 imparem
1694 2831 1786 2870 re-

217 2890 394 2959 perio,
419 2893 718 2961 praesertim
752 2909 877 2949 cum
904 2895 1050 2950 nulla
1079 2897 1182 2951 sim
1212 2897 1437 2954 scicntia
1483 2901 1785 2958 liberalium

219 2981 423 3036 artium
467 2983 733 3053 oppletus,
760 2975 868 3041 non
893 2986 1324 3058 syllogismorum
1343 2991 1785 3063 schematumque

217 3083 284 3125 ac
332 3079 607 3142 troporum
636 3073 821 3143 ﬁguris
858 3085 1102 3144 ornatus,
1123 3078 1256 3134 licet
1279 3079 1482 3150 aliquid
1507 3081 1784 3150 praelibas-

1892 1905 2028 1944 rem.
2078 1889 2287 1946 Rursus
2325 1897 2678 1959 pertractans,
2735 1904 2802 1944 ne
2847 1889 2984 1946 forte
3033 1889 3099 1944 ad
3149 1888 3451 1960 aliquorum

1889 1977 2211 2049 profectum,
2243 1979 2430 2034 saltem
2476 1979 2821 2049 parvulorum
2862 1979 2979 2034 ﬁeri
3011 1976 3314 2048 iuberetur,
3337 1978 3454 2048 jam

1891 2075 2071 2130 divino
2099 2075 2298 2130 auxilio
2341 2075 2494 2141 ﬁsus,
2522 2075 2649 2142 tuis,
2679 2076 2858 2142 Pater,
2895 2075 3241 2148 ejusdemque
3285 2079 3458 2150 magi-

1891 2164 1989 2219 stri
2031 2165 2315 2234 praeconiis
2345 2175 2687 2236 provocatus,
2717 2167 3126 2238 arationumque
3151 2177 3460 2224 vestrarum

1890 2250 2159 2322 suffragiis
2213 2251 2409 2320 fretus,
2437 2267 2571 2324 opus
2621 2254 2961 2324 imperatum,
2991 2272 3297 2327 quanquam
3339 2272 3458 2313 ser-

1890 2356 2048 2396 mone
2073 2341 2297 2408 ineulto,
2321 2351 2502 2398 texere
2522 2359 2639 2398 sum
2665 2359 2963 2415 aggressus.
2986 2348 3055 2398 At
3082 2360 3210 2400 vero
3237 2360 3310 2402 ne
3335 2346 3457 2416 quis

1891 2452 2008 2496 mea
2041 2437 2245 2493 inserta
2270 2437 2581 2506 conjiceret,
2609 2436 3156 2494 sanctorum'Patrum
3181 2439 3310 2496 hinc
3332 2438 3456 2495 inde

1889 2527 2160 2584 volumina
2189 2542 2485 2600 aggregans
2517 2526 2606 2600 [In
2627 2527 2744 2583 cod.
2773 2525 2914 2584 Petr.
2942 2528 3083 2584 deest
3115 2526 3455 2602 aggregans],

1888 2629 1950 2676 ut
1975 2637 2044 2677 ex
2071 2636 2258 2677 eorum
2287 2620 2446 2676 dictis
2485 2621 2892 2676 corroborarem
2917 2636 2984 2692 ea
3012 2636 3130 2690 qua:
3177 2619 3456 2676 describe-

1889 2726 2038 2776 rem;
2073 2711 2213 2766 unde
2245 2711 2499 2782 nonnulla
2523 2727 2592 2765 ex
2614 2726 2800 2766 eorum
2822 2711 3218 2780 quodammodo
3240 2711 3454 2782 magnis

1887 2798 2199 2855 ﬂuminibus
2224 2781 2612 2870 profundisque
2640 2799 2940 2870 gurgitibus
2970 2800 3020 2852 in
3052 2799 3284 2853 rivulum
3311 2781 3456 2855 deri-

1887 2890 2007 2946 vavi
2029 2891 2302 2962 exiguum,
2325 2890 2591 2960 praecipua
2619 2897 2672 2944 et
2707 2890 2923 2960 propria
2963 2905 3152 2946 eorum
3178 2890 3346 2947 indidi
3371 2890 3452 2946 di-

1889 2989 2001 3036 cta.
2064 2979 2330 3036 Nonnulla
2388 2981 2585 3052 quippe
2641 2997 2806 3037 causa
2865 2983 3184 3051 brevitatis,
3235 2997 3458 3044 sensum

1889 3084 2076 3126 eorum
2098 3085 2348 3140 sequens,
2383 3071 2618 3141 propriis
2655 3071 2810 3126 intuli
2853 3073 3068 3140 verbis;
3113 3073 3294 3145 aliqua
3318 3089 3450 3130 vero

218 3179 353 3219 sem.
385 3161 500 3221 Non
531 3169 694 3223 etiam
721 3167 850 3225 flore
876 3172 1075 3226 veteris
1095 3173 1336 3228 scientiae
1361 3173 1548 3242 fultus,
1579 3175 1674 3232 sed
1702 3177 1785 3232 in-

1888 3176 2007 3232 quae
2035 3177 2103 3218 ex
2126 3161 2414 3219 traditione
2440 3162 2619 3228 didici,
2655 3171 2709 3218 et
2727 3163 2780 3217 in
2809 3163 2969 3219 tomis
2998 3179 3160 3233 penes
3178 3177 3278 3220 nos
3305 3164 3455 3220 inve-

217 3254 410 3311 doctus
455 3255 670 3328 eloquio
695 3299 710 3324 ,
737 3273 924 3315 exsors
975 3261 1165 3338 elogio.
1219 3262 1376 3319 Aliud
1402 3305 1416 3330 ,
1443 3266 1584 3336 quod
1636 3273 1784 3324 tanta

216 3346 550 3402 obscuritate
578 3349 943 3417 obnubilatur,
966 3361 1026 3406 ut
1051 3353 1180 3408 mihi
1213 3355 1303 3408 vix
1330 3355 1534 3426 aliquid
1556 3357 1782 3413 interlu-

217 3450 342 3492 cere
397 3438 660 3492 videatur.
702 3439 854 3496 Unde
901 3442 1068 3498 miror
1105 3458 1272 3513 quare
1313 3453 1493 3502 tantus
1537 3447 1643 3516 vir,
1673 3431 1782 3506 non

215 3528 392 3583 solum
434 3530 747 3600 sapientiam
793 3533 992 3589 artium
1038 3535 1288 3606 indeptus
1321 3578 1337 3605 ,
1376 3555 1564 3596 verum
1616 3543 1783 3598 etiam

215 3634 494 3675 sacrarum
543 3620 942 3694 Scripturarum
990 3627 1206 3684 divitias
1246 3639 1456 3697 nactus,
1485 3639 1545 3686 ut
1585 3633 1784 3688 merito

213 3710 348 3766 illud
369 3712 774 3783 epithalamium
801 3717 1090 3773 decantare
1116 3721 1542 3790 gratulabundus
1564 3724 1779 3780 valeas:

211 3799 519 3857 Introduxit
543 3821 623 3858 me
655 3821 746 3860 rea:
767 3807 821 3860 in
850 3805 1065 3863 cellaria
1085 3826 1181 3864 sua
1207 3807 1383 3882 (Cant.
1425 3829 1466 3880 ι,
1493 3813 1550 3884 4)
1579 3821 1634 3868 ct
1659 3814 1786 3869 reli-

211 3907 321 3961 qua
353 3933 370 3958 ,
418 3894 552 3950 mihi
602 3897 806 3953 viribus
867 3899 1163 3964 destituto,
1214 3903 1478 3958 acerrima
1539 3904 1784 3974 jussiene

212 3983 412 4045 molem
453 3987 588 4041 tanti
615 3988 868 4056 ponderis
895 3989 1170 4060 imponere
1193 3993 1486 4050 studueris.

284 4061 688 4146 Verumtamen,
731 4087 791 4135 ut
832 4080 1024 4137 affatus
1068 4098 1223 4148 sum,
1251 4085 1588 4154 perpendens
1639 4088 1782 4157 quod

213 4166 322 4220 tuis
352 4181 438 4221 me
465 4168 830 4226 obsecundare
858 4171 1140 4240 oportebat
1181 4172 1444 4244 imperiis,
1474 4188 1782 4230 memorans

211 4256 360 4312 illius
383 4257 647 4315 Dominici
685 4261 961 4331 praecepti,
985 4277 1094 4333 quo
1117 4263 1194 4318 ait
1225 4281 1238 4317 :
1269 4263 1373 4329 Qui
1395 4280 1480 4318 vos
1509 4264 1678 4332 audit,
1701 4282 1781 4321 me

208 4347 362 4400 audit
391 4387 406 4412 ,
430 4356 538 4403 etc.
586 4348 734 4420 (Luc.
789 4367 846 4417 x,
875 4351 984 4424 16),
1006 4353 1098 4409 diu
1141 4353 1476 4426 multumque
1509 4356 1779 4422 dubitans,

209 4436 408 4490 virium
432 4452 674 4493 mearum
699 4439 1178 4510 impossibilitatem
1219 4445 1381 4501 anxio
1409 4446 1590 4501 animo
1625 4449 1779 4503 truti-

1887 3255 2007 3310 nire
2051 3269 2159 3310 non
2207 3255 2398 3325 potui,
2426 3255 2780 3326 constipulata
2831 3255 3092 3328 exemplis
3135 3256 3458 3314 subnectere

1883 3346 2224 3418 prtesumpsi,
2249 3354 2306 3402 et
2351 3347 2407 3400 in
2453 3346 2620 3402 libelli
2662 3346 2879 3402 modum
2913 3346 3068 3402 ﬁnire
3115 3346 3362 3412 decrevi,
3398 3356 3459 3402 ut

1886 3438 1978 3508 qui
2013 3439 2242 3496 diversis
2284 3454 2568 3496 causarum
2610 3439 2926 3494 tumultibus
2972 3448 3282 3511 occupatus,
3307 3440 3457 3494 latis-

1887 3527 2054 3585 simos
2078 3531 2357 3586 doctorum
2382 3545 2492 3586 non
2513 3539 2670 3585 vacat
2693 3545 3011 3600 percurrere
3039 3544 3278 3601 campos,
3311 3530 3452 3585 hunc

1886 3619 2172 3676 admodum
2207 3620 2472 3676 brevitate
2519 3619 2800 3676 collectum
2845 3621 2997 3676 ocius
3042 3620 3276 3676 lustrare
3328 3621 3450 3691 qui-

1884 3708 2058 3764 visses
2100 3707 2361 3776 libellum,
2383 3723 2544 3778 quem
2571 3720 2716 3780 peto,
2746 3719 2805 3765 ut
2845 3711 3026 3781 sagaci
3056 3711 3454 3767 examinatione

1883 3813 2190 3869 percurras,
2214 3807 2270 3854 et
2309 3799 2414 3856 tuis
2442 3799 2861 3870 phaleramentis
2905 3802 3092 3858 facetae
3133 3804 3456 3860 urbanitatis

1884 3891 2141 3947 decorare
2199 3891 2438 3956 studeas,
2466 3905 2535 3946 ne
2574 3892 2753 3948 sciolis
2805 3892 3078 3948 fastidium
3117 3901 3357 3966 generet,
3401 3903 3458 3950 et

1883 3996 2043 4037 aures
2067 3981 2387 4050 sapientium
2413 3994 2589 4036 sermo
2614 3981 2867 4036 incultior
2885 3982 3260 4040 commaculet.

1956 4069 2061 4126 Sed
2086 4080 2372 4140 antequam
2397 4071 2612 4142 isagoge
2631 4072 2698 4126 ad
2720 4071 2919 4127 calcem
2943 4073 3240 4141 perveniat,
3265 4083 3454 4130 notan-

1885 4162 2011 4218 dum
2037 4172 2120 4218 est
2144 4164 2289 4233 quod
2317 4164 2372 4218 in
2393 4163 2710 4234 quibusdam
2732 4164 2864 4221 locis
2893 4167 3177 4222 veritatem
3207 4167 3454 4224 videllcet

1884 4253 2121 4308 historia:
2165 4267 2375 4322 semper
2420 4253 2660 4322 pandens
2685 4293 2700 4318 ,
2745 4254 3040 4324 spiritalem
3088 4255 3454 4327 moralemque

1883 4345 2288 4416 intelligentiam
2319 4346 2557 4400 inserere
2583 4343 2686 4400 nisi
2715 4360 2921 4412 sumus,
2953 4345 3083 4401 inibi
3117 4347 3320 4403 scilicet
3362 4346 3453 4404 ubi

1881 4438 2174 4507 praedixisti
2205 4445 2264 4492 ut
2293 4437 2518 4494 historia
2564 4439 2846 4493 veritatem
2872 4437 3154 4505 factorum,
3189 4454 3252 4496 ac
3292 4439 3451 4506 ﬁdem

209 4539 371 4589 nans,
398 4525 546 4580 velut
587 4535 750 4582 nauta
779 4529 1072 4602 naufragus
1107 4532 1362 4589 ﬂuctuum
1392 4536 1640 4606 procellis
1667 4545 1779 4591 tur-
1809 4515 1858 4574 Ι)
1884 4527 2158 4582 relationis
2185 4527 2502 4590 inculcet,et
2526 4527 2782 4597 Spiritalis
2813 4528 3162 4596 intelligentia
3189 4530 3255 4585 ad
3283 4531 3448 4587 cocle-

209 4612 374 4668 batus
398 4654 414 4678 ,
449 4616 664 4670 tandem
709 4627 922 4686 portum
979 4623 1241 4679 orationis
1300 4640 1501 4694 pavens
1533 4667 1549 4691 ,
1581 4625 1776 4695 fateor,

207 4705 374 4772 petii;
407 4714 466 4758 ut
486 4706 711 4776 largitor
741 4726 942 4778 rerum,
968 4715 1125 4769 unica
1152 4731 1300 4786 spes,
1325 4718 1473 4773 orbis
1498 4718 1775 4787 Dominus,

207 4795 376 4860 vires,
415 4796 543 4852 licet
576 4799 811 4871 indigno,
843 4805 1138 4873 tribueret,
1170 4816 1438 4878 quatenus
1473 4811 1577 4867 hoc
1626 4822 1778 4869 recto

205 4883 325 4956 [Z.,
357 4885 497 4960 rato]
542 4892 774 4958 tramite,
806 4893 912 4949 imo
941 4895 1258 4952 intemerata
1288 4899 1392 4954 ﬁde
1419 4901 1635 4970 explere
1679 4917 1775 4972 po-

208 4975 456 5030 luissem.
515 4977 754 5049 Denique
791 4983 905 5051 ipso
949 4985 1262 5055 inspirante,
1293 4991 1539 5058 quamvis
1586 4993 1780 5062 pavido

205 5074 433 5130 conatu,
468 5074 644 5124 tamen
698 5071 804 5126 tuis
842 5072 1177 5142 jussionibus
1220 5093 1414 5146 parere
1459 5081 1670 5147 studui;
1717 5097 1780 5140 ac

206 5170 306 5208 sex
339 5155 547 5212 dierum
581 5173 743 5230 Opera
765 5159 919 5230 juxta
943 5163 1250 5231 historiam,
1273 5167 1400 5224 licet
1432 5170 1636 5240 tropica
1662 5186 1781 5240 per-

205 5246 370 5301 mista
400 5249 530 5314 sint,
560 5266 730 5320 pauca
765 5263 926 5322 prout
953 5255 1083 5311 mihi
1129 5258 1320 5312 tradita
1349 5259 1582 5327 fuerant,
1609 5263 1777 5332 impo-

203 5335 306 5392 lito
337 5352 588 5396 sermone
609 5343 904 5399 cnucleavi.
938 5344 1180 5415 Cumque
1204 5347 1317 5414 jam
1350 5349 1511 5404 finem
1540 5352 1777 5424 deﬁgere

202 5424 395 5481 ultima
423 5429 676 5486 dictando
699 5433 1121 5502 decreverim,et
1151 5453 1312 5508 super
1339 5441 1437 5495 hac
1469 5457 1526 5495 rc
1550 5443 1774 5497 reticere

203 5517 344 5572 ultra
373 5522 586 5589 penitus
611 5523 1012 5596 disposuissem,
1044 5539 1263 5599 repente
1292 5532 1547 5601 magister
1573 5531 1776 5602 ingres-

1885 4618 2046 4673 stium
2066 4617 2360 4688 ﬁgurarum
2386 4627 2592 4672 secreta
2610 4619 2885 4688 perducat,
2908 4627 2962 4674 et
2991 4618 3208 4674 moralis
3229 4635 3454 4689 persua-

1885 4709 1966 4764 sio
2012 4709 2080 4762 ad
2123 4709 2545 4763 meliorationem
2585 4711 2707 4766 vita:
2750 4709 2966 4776 invitet;
3011 4727 3079 4766 ne
3118 4711 3452 4770 solummodo

1885 4800 2109 4856 historia
2158 4797 2268 4872 [Z.,
2296 4799 2555 4875 historiae]
2598 4815 2836 4872 pressus,
2865 4801 2962 4857 sed
3005 4803 3294 4876 spiritalis,
3339 4805 3450 4861 imo

1884 4887 2210 4958 moralisque
2251 4887 2362 4960 [Z.,
2410 4887 2650 4962 moralis]
2693 4889 2973 4946 dulcedine
3031 4900 3218 4960 captus
3258 4891 3448 4954 lector,

1885 4978 2244 5033 excusationis
2290 4979 2530 5034 invenire
2571 4979 2742 5048 possit
2786 4981 3095 5036 anfractus:
3125 4981 3219 5036 sed
3244 4993 3309 5034 ex
3349 4979 3452 5034 hoc

1881 5089 2002 5128 cum
2050 5072 2354 5129 ambrosios
2401 5073 2626 5144 cmperit
2670 5073 2958 5143 decerpere
3008 5081 3234 5143 gustus,
3279 5069 3449 5139 magis

1880 5163 2109 5220 libenter
2149 5179 2368 5234 campos
2414 5164 2694 5219 doctorum
2745 5153 2953 5235 satagat
2999 5163 3228 5218 lustrare
3277 5173 3449 5216 ovans

1879 5255 2187 5311 latissimos.
2217 5254 2361 5310 Vale.

2378 5364 2602 5432 Explicit
2630 5365 2889 5434 praefatio.
2929 5333 2970 5404 ι’

243 5749 256 5762 δ
286 5691 311 5720 ιι
331 5675 377 5730 Ζ
408 5697 420 5730 :
449 5677 676 5748 Explicit
697 5681 938 5752 prologus
971 5683 1152 5755 Auget.
1177 5683 1370 5740 Levius
1393 5685 1461 5739 ad
1485 5685 1794 5740 Leodricum
1830 5669 2162 5740 Sacerdotem
2185 5699 2338 5754 super
2363 5680 2618 5737 Genesim.
