4044 6326
1960 90 2037 132 δι’

593 331 689 387 Ill

600 454 631 537 ’,
736 482 970 528 INCIPIT
1001 482 1249 526 TEXTUS
1276 480 1577 545 oruscou
1609 479 1669 521 ts
1703 475 2003 521 GENESIM.

588 586 670 648 In
712 585 1034 666 principio
1081 585 1313 648 creavit
1344 584 1509 645 Deus
1553 578 1766 643 calum
1817 585 1874 639 et
1916 583 2166 639 terram.

658 721 1093 779 Adminiculante
1132 721 1312 778 divina
1348 718 1521 793 gratia
1543 730 1701 786 ,qutc
1734 712 1972 787 parvulis
2010 712 2173 767 conti-

589 812 861 879 dentiam,
906 813 1072 868 mutis
1123 818 1347 883 praestat
1400 807 1762 872 locutionem,
1805 803 2173 873 descripturus

588 901 902 972 opusculum
926 901 983 957 in
1003 901 1141 957 libro
1162 899 1702 968 Genesis,antequam
1724 899 2037 951 contextum
2056 888 2140 963 [Ζ.
2154 928 2171 955 ,

590 989 820 1062 textum]
847 989 1089 1047 historia:
1113 997 1170 1044 et
1191 988 1452 1044 entbeeas
1483 983 1747 1056 spiritalis
1774 981 1981 1038 oraculi
2002 978 2171 1035 attin-

590 1094 733 1149 gam,
764 1078 894 1135 libet
924 1076 1194 1149 inquirere
1217 1092 1385 1148 quare
1421 1076 1670 1131 volumen
1698 1073 1840 1129 istud
1866 1068 2172 1143 specialiter

584 1166 816 1226 Genesis
858 1157 1259 1235 vocetur,’cum
1291 1165 1353 1224 in
1386 1182 1452 1224 eo
1482 1163 1649 1222 multa
1679 1170 2172 1220 commemorantur

590 1274 710 1330 quae
734 1260 801 1314 ad
829 1257 1230 1330 generationem
1278 1274 1386 1314 non
1413 1256 1687 1328 pertinere
1720 1262 2039 1319 noscuntur,
2062 1250 2169 1307 nisi

589 1350 714 1419 quia
736 1348 1065 1404 eonmetudo
1084 1354 1168 1404 est
1179 1345 1534 1403 Hebraeorum
1565 1360 1631 1400 ex
1657 1342 1933 1416 principiis
1951 1336 2169 1400 nomina

587 1438 849 1497 librorum
904 1439 1219 1511 imponere,
1269 1440 1407 1496 sicut
1458 1434 1679 1494 Exodus
1708 1478 1723 1504 ,
1771 1444 1825 1493 et
1864 1434 2021 1492 multi
2078 1433 2171 1490 alii

586 1536 985 1602 nuncupantur.
1037 1526 1191 1586 Unde
1240 1528 1452 1585 Bresith
1497 1527 1785 1592 Hebraice,
1827 1519 2024 1581 Latine
2065 1539 2171 1580 non

587 1620 859 1677 immerito
904 1617 1130 1675 Genesis
1172 1619 1562 1690 interpretatur
1611 1634 1626 1672 :
1682 1630 1747 1672 eo
1785 1615 1932 1698 quod
1960 1615 2014 1671 in
2052 1615 2170 1686 ipso

584 1710 809 1766 exordio
864 1709 930 1764 de
978 1707 1257 1765 creatione
1307 1708 1462 1774 cteli,
1508 1722 1573 1764 ac
1621 1715 1810 1773 terrae,
1842 1714 1898 1762 et
1941 1713 2171 1774 genera-

1615 320 1961 381 ANGELOMI
2005 315 2461 377 LUXOYIENSIS
2499 312 2807 372 MONACIII

2182 443 2235 502 Α
2260 437 2385 485 sunt
2407 427 2611 493 omnia,
2642 428 2814 482 eidem
2845 424 3034 497 Moysi,
3064 425 3265 483 famulo
3285 442 3405 493 suo,
3428 429 3683 486 revelavit
3704 438 3839 490 tcm‘

2269 536 2402 591 pore
2425 535 2530 591 quo
2557 519 2748 584 voluit,
2771 526 2831 574 ut
2858 519 2987 574 olim
3016 518 3166 573 facta
3186 520 3573 576 conscriberet.
3605 523 3673 577 Et
3699 540 3839 594 quo-

2270 612 2429 668 modo
2451 610 2506 665 ei
2524 610 2683 667 ﬁdem
2710 611 3116 666 accommodare
3134 625 3438 679 possumus,
3461 628 3591 669 vera
3611 615 3835 683 dixisse,

2270 700 2379 757 nisi
2400 701 2524 771 quia
2547 699 2743 755 futuris
2768 713 2909 771 saepe
2952 701 3254 770 probantur
3289 705 3581 771 praeterita,
3603 715 3660 760 et
3696 722 3838 776 pra:-

2271 789 2446 846 teritis
2469 789 2664 853 futura,
2694 789 2833 845 sicut
2859 790 2917 844 in
2932 790 3155 845 Danieie
3171 793 3570 863 comprobatur,
3586 804 3641 849 et
3658 797 3713 850 in
3736 799 3839 854 hoc

2271 877 2412 934 libro
2432 878 2776 934 ostenditur?
2811 877 3054 948 Denique
3096 879 3169 934 de
3206 878 3303 934 illo
3341 889 3583 950 tempore
3622 883 3840 957 Moyses

2273 969 2492 1040 scripsit
2522 969 2705 1035 homo,
2731 971 2946 1041 quando
2970 985 3077 1025 non
3105 978 3225 1026 erat
3252 973 3433 1038 homo,
3458 988 3582 1029 cum
3610 975 3688 1031 ait
3712 992 3733 1031 :
3773 976 3841 1032 In

2269 1060 2525 1132 principio
2562 1063 2755 1116 crearit
2793 1061 2935 1116 Deus
2970 1061 3154 1116 celum
3192 1071 3241 1116 et
3275 1072 3486 1118 terram.
3517 1064 3668 1121 Sicut
3692 1068 3839 1123 enim

2226 1172 2235 1189 ·
2271 1154 2343 1209 de
2386 1154 2476 1208 illo
2526 1161 2763 1223 tempore
2804 1153 3019 1224 scripsit
3066 1155 3260 1219 homo,
3308 1154 3524 1224 quando
3568 1172 3678 1213 non
3722 1168 3841 1213 erat

2270 1243 2472 1309 homo;
2510 1244 2585 1298 ita
2614 1245 2781 1298 etiam
2807 1243 2983 1298 futura
3012 1244 3228 1314 scripsit
3252 1253 3597 1315 eotcmpore,
3621 1248 3839 1316 quando

2270 1342 2391 1390 erat
2414 1333 2594 1398 homo,
2621 1348 2741 1402 qum
2767 1342 2955 1404 postea
2980 1332 3190 1402 expleta
3226 1334 3643 1404 comprobantur
3665 1336 3723 1390 in
3748 1351 3842 1392 re»

2270 1422 2461 1487 ritate,
2508 1421 2651 1476 sicut
2698 1422 2753 1476 in
2794 1421 3115 1491 patriarchae
3140 1418 3306 1477 Iacob
3336 1423 3712 1479 benedictione
3741 1425 3836 1480 de-

2268 1511 2530 1577 claratur,
2553 1511 2707 1582 juxta
2729 1512 2871 1580 quod
2907 1510 3021 1580 ipse
3054 1512 3133 1565 ait
3157 1510 3343 1566 dicens
3367 1524 3387 1563 τ
3416 1510 3543 1565 Non
3568 1512 3843 1581 auferetur

2269 1611 2531 1672 sceptrum
2552 1600 2617 1655 de
2640 1599 2806 1667 Iuda,
2832 1607 2938 1655 etc.
2963 1596 3113 1670 (Gen.
3136 1615 3284 1665 xntx,
3313 1600 3422 1671 id),
3447 1612 3569 1671 quae
3589 1602 3642 1656 in
3666 1602 3838 1673 ﬁgura

2266 1693 2470 1749 Christi
2502 1693 2758 1763 praedicta
2789 1691 3036 1758 fuerant;
3075 1693 3169 1748 sed
3203 1692 3315 1760 jam
3361 1694 3417 1747 in
3458 1695 3692 1751 veritate
3720 1711 3841 1752 cre-

588 1795 734 1853 lione
777 1797 1051 1853 hominum
1100 1794 1560 1868 animantiumque
1609 1804 1884 1852 narratur.
1928 1795 1975 1849 A
2020 1808 2160 1850 non-

2265 1785 2470 1840 duntur
2494 1785 2782 1855 completa.
2812 1783 2870 1840 Si
2907 1784 3050 1840 enim
3089 1784 3155 1840 de
3192 1783 3377 1839 futuro
3402 1800 3586 1840 verum
3618 1798 3730 1842 non
3762 1787 3837 1841 di~

587 1887 748 1943 nullis
775 1887 940 1942 etiam
962 1887 1222 1958 quaeritur
1240 1883 1359 1957 quis
1387 1887 1618 1956 scriptor
1636 1883 1798 1954 hujus
1814 1884 1939 1939 libri
1959 1883 2159 1938 habea-

590 1976 721 2031 tur?
752 1976 905 2032 Licet
936 1990 1267 2048 supervacue
1291 1984 1590 2039 moveatur,
1618 1985 1741 2029 eum
1755 1981 1943 2028 tamen
1972 1979 2163 2028 auctor

589 2064 731 2121 illius
757 2064 991 2137 Spiritus
1017 2074 1239 2122 sanctus
1260 2064 1488 2121 ﬁdeliter
1517 2063 1770 2119 credatur
1799 2078 1815 2116 :
1851 2062 1975 2133 quia
2002 2075 2161 2117 nemo

588 2155 727 2211 laeta
758 2166 881 2211 ante
909 2145 1154 2212 homines
1184 2155 1492 2212 describere
1525 2162 1756 2225 poterat,
1780 2153 1882 2209 nisi
1927 2148 2161 2222 Spiritus

589 2257 802 2305 sanetus
824 2248 1072 2316 dictaret,
1099 2257 1154 2304 et
1174 2262 1270 2319 per
1307 2246 1594 2304 scribentis
1620 2260 1808 2302 vocem
1853 2243 2160 2300 hominibus

587 2358 641 2396 tl]
668 2339 935 2412 principio
958 2348 1106 2413 gesta
1137 2349 1400 2396 narraret.
1428 2337 1536 2396 Sed
1564 2336 1840 2393 sciendum
1861 2342 1966 2403 εει,
1989 2350 2160 2407 quan-

588 2448 746 2504 quam
768 2433 821 2488 in
845 2448 912 2491 eo
928 2433 1185 2504 scriptum
1209 2433 1301 2499 sit,
1321 2431 1448 2487 Erat
1466 2430 1671 2500 Moyses
1684 2429 1987 2484 mitissimus
2006 2442 2162 2497 super

587 2534 762 2579 amnes
782 2523 1013 2578 homines
1035 2523 1123 2594 qui
1147 2522 1487 2577 morabantur
1502 2523 1559 2575 in
1571 2528 1709 2575 terra
1733 2518 1922 2590 (Num.
1945 2534 2043 2584 xu,
2065 2517 2155 2589 '5);

586 2624 682 2672 et:
712 2614 914 2670 locutus
950 2599 1026 2670 esi
1057 2613 1309 2669 Dominus
1338 2612 1407 2667 ad
1455 2611 1693 2683 Moysen,
1718 2618 1774 2667 et
1816 2609 1962 2665 mille
1997 2609 2155 2675 talia;

588 2715 768 2764 tamen
792 2707 932 2763 sicut
959 2720 989 2761 a
1018 2705 1328 2762 doctoribus
1351 2703 1597 2767 traditur,
1624 2700 1875 2757 etmultls
1895 2699 2160 2771 exemplis

585 2798 987 2869 comprobatur,
1025 2796 1166 2853 unde
1203 2806 1329 2852 est:
1364 2792 1538 2849 Unum
1564 2795 1769 2865 scripsit
1804 2793 2008 2865 Moyses
2028 2808 2158 2847 can-

586 2892 768 2957 ticum,
792 2896 841 2945 et
870 2888 1047 2943 docuit
1075 2887 1213 2958 ﬁlios
1261 2886 1433 2942 Israel
1463 2885 1608 2958 (Leu.
1641 2900 1789 2950 xm,
1815 2884 1930 2953 22),
1961 2891 2016 2939 et
2055 2881 2161 2938 alia

587 2978 910 3048 huiusmodi,
936 2977 1050 3047 ipse
1071 2976 1283 3049 Moyses
1314 2977 1544 3047 scriptor
1569 2975 1763 3032 divinae
1804 2974 2039 3030 historiae
2066 2987 2161 3028 ex-

587 3070 743 3127 stitit.
793 3064 960 3126 Moris
982 3068 1128 3124 enim
1156 3068 1460 3140 Scriptura:
1496 3082 1665 3124 sacra:
1696 3074 1780 3122 est
1817 3074 1875 3119 ut
1914 3065 2014 3136 ipsi
2065 3063 2158 3134 qui

2262 1874 2451 1938 sisset,
2477 1874 2553 1928 de
2579 1873 2885 1944 praeterito,
2921 1874 3063 1944 quod
3090 1880 3300 1930 certum
3338 1876 3645 1946 scripserit,
3680 1894 3842 1932 nemo

2258 1963 2479 2020 credere
2508 1964 2783 2020 voluisset.
2826 1963 2936 2019 Nec
2973 1979 3076 2020 non
3117 1952 3297 2019 etiam
3332 1966 3702 2037 interrogatur
3747 1969 3837 2023 ubi

2260 2054 2472 2126 Moyses
2501 2053 2668 2109 libros
2710 2070 2838 2110 suos
2879 2053 3144 2109 ediderit?
3188 2054 3385 2111 Dicunt
3418 2058 3562 2113 enim
3593 2060 3840 2114 ποππυΒὶ

2258 2146 2400 2217 quod
2421 2145 2673 2201 Genesim
2699 2154 2755 2202 et
2780 2146 3024 2200 Exodum
3050 2161 3251 2216 usque:
3283 2146 3563 2203 Cantemus
3586 2148 3839 2213 Domino.

2261 2238 2315 2292 in
2349 2236 2585 2309 Egypto
2607 2238 3031 2309 conscripserit,
3058 2247 3257 2294 caatera
3285 2255 3413 2297 vero
3439 2240 3492 2295 in
3523 2241 3837 2297 solitudine.

2258 2326 2363 2384 Alii
2394 2341 2524 2383 vero
2553 2316 2803 2383 asserunt
2827 2328 3000 2399 quod,
3039 2329 3263 2384 transito
3305 2330 3441 2385 mari
3484 2329 3694 2396 Rubro,
3744 2346 3840 2402 per

2262 2420 2620 2490 quadraginta
2652 2434 2821 2473 annos
2865 2419 2920 2473 in
2966 2420 3179 2474 deserto
3219 2419 3566 2489 descripserit
3606 2421 3755 2490 quod
3778 2430 3833 2475 ct

2263 2512 2474 2565 ratione
2492 2510 2827 2579 comprobari
2849 2507 2914 2580 [Ζ
2921 2548 2957 2572 .,
2973 2524 3069 2579 per
3090 2511 3348 2565 rationem
3368 2509 3609 2583 probari]
3630 2521 3834 2581 potest.

2261 2601 2387 2656 llaec
2430 2601 2574 2656 enim
2626 2584 2767 2656 scire
2802 2601 3107 2657 volentibus
3148 2616 3315 2672 pauca
3359 2603 3499 2658 dicta
3543 2602 3835 2659 sufficiant.

2260 2691 2430 2757 Nunc,
2450 2690 2677 2747 Domino
2694 2691 2909 2747 favente
2926 2690 3037 2764 [-Z.,
3058 2691 3365 2765 largiente],
3392 2693 3460 2749 ad
3480 2693 3728 2749 historia:
3754 2709 3839 2749 se-

2262 2780 2398 2837 riem
2426 2790 2781 2838 transeamus.
2812 2782 2904 2837 Ait
2925 2781 3068 2837 enim
3100 2780 3331 2854 Moyses.

2770 2932 2996 2992 CAPUT
3031 2932 3318 2991 PRIMUM.

2335 3068 2498 3125 Vnus.
2552 3070 2599 3124 Ι.
2636 3094 2705 3109 --ι-
2736 3067 2804 3125 In
2845 3070 3098 3141 principio
3142 3070 3330 3124 creavit
3380 3068 3515 3124 Deus
3556 3067 3743 3124 caelum
3788 3077 3837 3123 et

587 3161 850 3229 scribunt,
877 3162 959 3218 sic
1001 3162 1068 3219 de
1098 3175 1157 3218 se
1190 3162 1254 3217 in
1295 3161 1382 3216 illa
1420 3161 1574 3232 quasi
1599 3161 1665 3217 de
1689 3159 1809 3214 aliis
1848 3158 2158 3234 loquantur,
2187 3156 2234 3222 C
2264 3170 2477 3217 terram.
2505 3160 2741 3216 Primum
2768 3162 3062 3217 notandum
3090 3161 3235 3231 quod
3261 3174 3384 3217 mox
3419 3160 3695 3230 Scriptura
3726 3162 3838 3231 pri-

588 3250 715 3323 qttia
746 3250 947 3322 Spiritu
977 3259 1164 3307 saneto
1183 3249 1554 3322 impelluntur.
1654 3264 1663 3273 ’

661 3341 866 3399 Deinde
900 3342 1059 3398 simul
1101 3342 1360 3413 quosdam
1406 3342 1569 3399 etiam
1599 3351 1809 3409 movet,
1841 3357 1959 3414 quae
1996 3356 2158 3398 causa

484 3452 489 3461 ·
591 3430 789 3490 accidit
814 3440 876 3488 ut
902 3432 1184 3488 historiam
1221 3433 1415 3489 divina:
1454 3432 1587 3505 legis
1628 3434 1770 3490 idem
1801 3433 2011 3506 Moyses
2062 3449 2160 3491 suo

591 3532 835 3594 tempore
856 3523 1205 3589 describeret,
1228 3533 1283 3580 et
1309 3536 1417 3581 non
1442 3525 1571 3581 olim
1595 3532 1814 3580 exarata
1835 3540 1865 3580 a
1888 3539 2159 3596 quoquam

591 3613 796 3681 fuerit;
833 3615 937 3670 nisi
984 3615 1109 3686 quia
1151 3616 1340 3687 primis
1386 3615 1690 3673 hominibus
1737 3621 1862 3672 ante
1901 3616 2159 3671 diluvium

593 3704 833 3775 cognitio
860 3705 978 3771 Dei,
1005 3714 1061 3760 et
1083 3704 1167 3760 lex
1198 3704 1491 3770 naturalis,
1517 3714 1679 3778 atque
1712 3706 1849 3761 mira
1876 3706 1969 3761 Dei
1996 3716 2160 3777 Opera

591 3794 647 3849 in
685 3793 909 3875 exordio
947 3802 1157 3865 patrata
1200 3795 1412 3864 cognita
1449 3794 1682 3851 fuerant.
1726 3796 1835 3852 Sed
1862 3804 1990 3868 post
2017 3796 2152 3851 dilu-

591 3883 737 3941 vium
773 3884 876 3941 ista
914 3885 1096 3942 omnia
1124 3886 1197 3940 ita
1223 3886 1481 3941 oblivioni
1518 3885 1713 3942 tradita
1739 3894 1926 3952 erant,
1963 3895 2020 3941 et
2046 3900 2159 3941 ma-

594 3976 739 4032 xime
769 3976 1097 4047 temporibus
1120 3974 1289 4048 Moysi
1311 4016 1326 4041 ,
1364 3985 1423 4031 ut
1456 3976 1614 4046 plane
1651 3975 1897 4031 homines
1938 3975 2159 4047 ignora-

594 4073 714 4122 rent
767 4065 909 4136 quod
936 4073 1059 4120 ante
1082 4074 1205 4120 acta
1230 4062 1603 4138 ‘luissent~{Z.,
1630 4064 1773 4135 quod
1798 4072 1955 4121 antea
1978 4072 2160 4120 actum

594 4153 814 4226 fuerat].
868 4153 1019 4209 Unde
1066 4154 1230 4209 etiam
1277 4142 1580 4224 philosophi
1628 4153 1953 4223 principium
2000 4152 2161 4224 hujus

594 4244 781 4301 mundi
802 4244 1112 4313 ignorantes
1135 4243 1385 4300 dicebant
1418 4243 1675 4298 mundum
1695 4258 1813 4299 esse
1834 4251 2160 4300 coaeternum

595 4352 661 4392 ac
686 4351 945 4393 eoa-vum.
984 4335 1052 4390 Et
1090 4337 1228 4390 forte
1269 4335 1373 4391 hoc
1409 4334 1633 4390 audiens
1674 4333 1883 4407 Moyses
1914 4332 2012 4408 [Ζ.
2033 4376 2048 4400 ,
2075 4333 2161 4390 vel

595 4422 744 4496 quia]
758 4424 883 4494 quia
905 4431 1102 4479 cuncta
1130 4423 1308 4478 taliter
1335 4422 1532 4478 abolita
1555 4432 1711 4479 erant
1737 4438 1767 4478 a
1790 4424 2041 4480 sensibus
2062 4424 2160 4479 bo-

2257 3266 2351 3308 mo
2379 3252 2545 3306 verbo
2580 3253 2938 3308 aeternitatem
2989 3260 3152 3323 atque
3192 3252 3490 3322 potentiam
3544 3251 3638 3307 Dei
3680 3265 3838 3306 erra-

2261 3342 2396 3397 toris
2433 3341 2687 3399 ostendit.
2735 3340 2905 3409 Quem
2945 3343 3090 3398 enim
3120 3342 3174 3397 in
3220 3342 3481 3413 principio
3524 3350 3835 3413 temporum

2258 3431 2517 3488 mundum
2539 3445 2755 3487 creasse
2786 3432 3051 3503 perhibet,
3079 3431 3252 3502 ipsum
3276 3431 3521 3501 profecto
3543 3439 3673 3487 ante
3697 3439 3836 3486 tein.

2258 3536 2392 3593 pora
2421 3522 2749 3578 aeternaiiter
2770 3523 3043 3578 exstitisse
3071 3523 3346 3593 designat;
3374 3531 3428 3577 et
3447 3536 3605 3591 quem
3631 3522 3686 3576 in
3715 3522 3835 3592 ipso

2260 3614 2585 3670 conditionis
2612 3613 2763 3670 initio
2790 3615 2985 3669 coelum
3018 3623 3075 3670 et
3116 3622 3315 3670 terram
3360 3628 3574 3671 creasse
3609 3625 3835 3680 narrat,

2262 3710 2410 3759 tanta
2444 3703 2722 3760 celeritate
2748 3704 3075 3774 operationis
3108 3706 3529 3775 omnipotentem
3557 3704 3834 3769 declarat,

2257 3795 2343 3851 cui
2368 3795 2602 3851 voluisse
2654 3795 2846 3851 fecisse
2876 3802 2981 3851 est.
3014 3796 3081 3850 Et
3109 3796 3163 3851 in
3190 3797 3293 3851 hoc
3320 3806 3506 3866 aperte
3560 3796 3722 3851 datur
3749 3798 3833 3851 in-

2261 3885 2425 3958 telligi
2457 3886 2580 3961 quia
2606 3894 2894 3955 utrumque
2920 3886 3078 3941 simul
3102 3887 3170 3942 ab
3198 3900 3263 3942 eo
3294 3886 3491 3943 factum
3514 3894 3622 3951 est,
3644 3902 3839 3956 quam:

2258 3979 2342 4034 vis
2361 3977 2648 4049 utrumque
2670 3979 2735 4033 ab
2757 3979 2975 4034 homine
2996 3979 3100 4035 dici
3131 3992 3235 4035 non
3258 3980 3445 4051 possit.
3472 3986 3534 4034 In
3554 3980 3836 4050 principio.

2260 4067 2414 4137 Quod
2439 4069 2646 4125 duobus
2674 4067 2845 4124 modis
2876 4069 3047 4139 accipi
3072 4077 3289 4140 potest:
3314 4071 3368 4123 in
3406 4068 3661 4140 principio
3690 4070 3840 4123 scili-

2258 4169 2346 4216 cet
2372 4157 2758 4231 primule.,
2803 4158 3010 4232 primo]
3036 4158 3307 4224 omnium,
3352 4159 3452 4214 hoc
3489 4166 3605 4223 est,
3642 4158 3697 4212 in
3734 4158 3840 4212 ini-

2260 4253 2337 4308 tio
2363 4259 2731 4307 creaturarum
2758 4292 2773 4316 ,
2810 4251 2957 4321 quod
3003 4250 3144 4305 LXX
3190 4250 3547 4322 interpretes,
3579 4259 3635 4305 et
3679 4248 3840 4321 Synt—

2261 4342 2510 4409 machus,
2538 4353 2593 4398 et
2626 4342 2958 4419 Theodotion
2993 4342 3241 4397 similiter
3262 4343 3665 4398 transtulerunt.
3692 4342 3761 4397 Et
3784 4342 3837 4396 in

2265 4432 2488 4490 Hebraeo
2510 4434 2764 4502 scriptum
2787 4442 2900 4489 est:
2932 4431 3161 4498 Bresith,
3190 4432 3331 4501 quod
3356 4430 3544 4501 Aquila
3572 4433 3840 4501 interpre-

597 4515 802 4569 minum
823 4553 837 4579 ,
882 4514 1175 4569 instructus
1216 4513 1398 4569 divino
1424 4511 1649 4585 Spiritu,
1687 4523 1862 4569 ratum
1891 4514 2044 4570 duxit
2078 4525 2160 4568 te-
2186 4500 2239 4562 Β
2266 4533 2431 4591 tam...
2455 4527 2512 4579 εη
2541 4500 2786 4594 “ﬁlum,
2820 4523 2945 4580 Sive
2971 4525 3112 4596 quod
3138 4500 3233 4587 alii,
3272 4525 3327 4577 in
3363 4500 3649 4593 ρνὶησίρξο,
3680 4500 3840 4577 md.

601 4619 730 4661 sere
755 4596 1058 4661 creationes
1084 4603 1206 4659 coeli
1236 4611 1292 4658 et
1327 4613 1483 4659 terrae
1500 4643 1516 4669 ,
1561 4614 1985 4674 caaterarumque
2013 4618 2163 4659 crea-

599 4704 841 4750 turarum
863 4735 878 4760 ,
905 4703 1065 4763 atque
1095 4693 1265 4765 legem
1301 4693 1522 4760 litterae,
1569 4694 1800 4750 Domino
1827 4693 2162 4763 imperante,

601 4785 729 4841 ﬁliis
772 4785 935 4841 lsrael
982 4785 1234 4852 tradere;
1274 4796 1334 4840 ut
1368 4785 1590 4841 eosdem
1623 4786 1832 4857 plenius
1872 4784 2166 4841 instrueret

601 4877 672 4933 de
696 4875 831 4943 Deo,
859 4892 929 4933 ne
955 4877 1022 4931 ad
1050 4876 1190 4933 idola
1219 4875 1590 4948 Egyptiorum
1622 4875 1862 4930 redirent
1882 4882 1981 4936 ,‘et
2006 4889 2165 4927 mun-

512 5044 523 5050 _
603 4956 745 5027 dum.
774 4981 1011 5028 creautm
1053 4974 1380 5029 ostenderet.
1437 4967 1586 5028 Unde
1617 4972 1742 5041 quia
1773 4971 1885 5041 jam
1929 4971 2071 5027 sicut
2112 4972 2164 5026 in

601 5060 791 5135 primis
815 5064 1119 5121 hominibus
1148 5064 1233 5120 lex
1263 5065 1417 5120 bona!
1443 5070 1647 5117 natura:
1672 5075 1776 5117 non
1814 5062 2163 5130 servabatur,

605 5153 699 5209 sed
722 5168 860 5224 pene
888 5154 1084 5211 abolita
1111 5161 1251 5218 erat,
1274 5166 1376 5224 per
1403 5152 1620 5223 Moysen
1640 5152 1726 5208 lex
1753 5152 1943 5209 litterae
1966 5154 2168 5210 descri-

603 5253 694 5315 pta
728 5253 783 5300 et
807 5247 929 5302 data
961 5255 1044 5302 est
1066 5234 1171 5311 ,‘ut
1211 5243 1351 5301 bona
1377 5258 1498 5313 qua:
1521 5242 1847 5308 sciebantur,
1880 5245 2170 5301 auctorita-

607 5342 716 5390 tem
742 5335 1020 5401 haberent,
1046 5342 1101 5391 et
1122 5349 1241 5403 qua:
1264 5333 1434 5388 latere
1455 5342 1735 5402 coeperant
1759 5335 2171 5392 manilestaren-

607 5432 727 5490 tur,
749 5435 805 5481 et
829 5434 883 5481 ut
912 5434 1088 5482 terror
1120 5422 1413 5492 disciplinae
1439 5426 1734 5495 corrigeret
1766 5426 2167 5498 delinquentes,

605 5525 663 5571 et
694 5518 846 5573 iidem
884 5516 1203 5571 relormaret
1241 5513 1293 5569 in
1334 5515 1523 5570 Deum.
1567 5515 1634 5571 Et
1675 5517 1916 5587 nunquid
1962 5516 2171 5589 Moyses

550 5676 555 5683 ’
612 5607 682 5660 ibi
705 5614 846 5668 erat,
872 5604 1087 5674 quando
1107 5604 1249 5661 Deus
1275 5614 1468 5683 cuncta
1496 5606 1743 5662 ereavit?
1776 5607 2032 5673 Minime;
2075 5606 2169 5662 sed

610 5696 722 5752 iusa
752 5701 1013 5749 eoreterna
1042 5695 1300 5766 sapientia
1334 5682 1432 5752 Dei
1461 5696 1662 5765 l‘atris,
1710 5715 1805 5768 per
1831 5714 1988 5769 quem
2028 5698 2169 5754 facta

2263 4616 2535 4687 iigendum
2556 4624 2658 4681 est,
2686 4615 2739 4670 in
2766 4614 2925 4682 Filio,
2951 4616 3042 4685 qui
3068 4616 3135 4671 de
3160 4617 3448 4685 semetipso
3471 4615 3584 4668 ait:
3628 4610 3841 4667 Princi-

2264 4707 2407 4777 pium
2433 4707 2523 4777 qui
2559 4715 2606 4761 et
2636 4705 2821 4776 loquor
2845 4707 2989 4761 vobis
3033 4705 3221 4777 (Joan.
3256 4722 3351 4761 vttt
3371 4748 3385 4769 ,
3412 4706 3498 4777 5).
3545 4705 3611 4759 Ει
3638 4705 3707 4760 de
3731 4720 3839 4774 quo

2264 4796 2500 4853 Joannes
2528 4797 2697 4854 dicit:
2732 4798 2797 4852 In
2823 4798 3074 4869 principio
3102 4807 3213 4852 erat
3252 4792 3506 4863 Verbum,
3545 4804 3601 4849 et
3629 4795 3840 4865 reliqua

2268 4888 2462 4961 (Joan.
2492 4906 2542 4956 ι,
2575 4888 2660 4962 i).
2694 4888 2845 4945 Unde
2883 4898 2938 4944 et
2975 4891 3026 4943 in
3060 4888 3270 4958 psalmo
3299 4889 3365 4943 de
3396 4887 3511 4958 ipso
3550 4885 3843 4942 Psalmista

2268 4979 2374 5033 ait:
2400 4978 2466 5032 In
2491 4980 2658 5050 capite
2678 4979 2796 5033 libri
2822 4979 3072 5049 scriptum
3098 4988 3171 5033 est
3194 4979 3258 5033 de
3278 4976 3840 5049 me(Psal.xxnx,8).

2267 5068 2336 5123 Et
2362 5070 2481 5124 ideo
2513 5070 2566 5123 in
2598 5070 2886 5139 principio,
2926 5069 2979 5123 id
3003 5077 3086 5123 est
3111 5069 3164 5123 in
3191 5067 3358 5133 Filio,
3397 5068 3504 5123 imo
3526 5082 3622 5138 per
3643 5065 3843 5121 Filium

2266 5158 2398 5214 lccit
2421 5158 2564 5215 Deus
2589 5173 2804 5214 omnem
2829 5158 3124 5229 spiritalem
3162 5157 3601 5229 corporalemque
3626 5166 3841 5213 creatu-

2268 5256 2405 5310 ram,
2438 5263 2557 5316 qua:
2597 5248 2720 5303 (ιωιί
2750 5257 2811 5303 et
2840 5256 2998 5303 terra:
3037 5249 3255 5303 nomine
3286 5248 3546 5319 appellata
3587 5255 3689 5301 est.
3732 5246 3841 5301 Sed

2270 5340 2442 5410 magis
2479 5340 2581 5393 boc
2618 5339 2708 5408 qui
2742 5339 2814 5393 ita
2852 5340 3055 5402 dicunt,
3100 5340 3391 5395 secundum
3415 5353 3630 5393 sensum
3677 5352 3843 5408 quam

2269 5432 2561 5487 secundum
2594 5429 2743 5486 verbi
2776 5431 3178 5489 translationem
3208 5430 3274 5485 de
3301 5430 3518 5486 Christo
3553 5429 3723 5498 accipi
3749 5443 3847 5482 vo-

2269 5521 2405 5577 lunt.
2430 5521 2534 5577 Sed
2561 5520 2699 5576 forte
2719 5521 2912 5591 quaerit
2932 5519 3122 5589 aliquis
3142 5534 3311 5589 quare
3336 5518 3465 5574 fecit
3485 5519 3625 5574 Dens
3645 5515 3844 5572 emittm

2271 5620 2325 5667 et
2353 5612 2597 5666 terram?
2623 5611 2719 5666 Cui
2764 5610 3191 5682 respondendum
3235 5620 3352 5666 est:
3397 5607 3659 5664 Voluntas
3696 5608 3845 5663 enim

2274 5703 2365 5759 Dei
2397 5718 2556 5758 causa
2582 5711 2664 5757 est
2692 5703 2813 5757 ραιΙὶ
2841 5711 2895 5757 et
2924 5706 3107 5769 terrae;
3133 5706 3193 5758 et
3212 5704 3332 5758 ideo
3354 5701 3525 5771 major
3549 5711 3633 5757 est
3655 5701 3841 5755 volun-
