4044 6326
265 330 374 386 115

1559 354 1916 412 COMMENT.
1953 357 2021 412 ΙΝ
2061 359 2215 416 GEN.

2095 156 2128 192 ο

3406 381 3508 438 ill

261 459 353 506 tas
397 449 495 506 Dei
540 467 702 522 quam
735 456 932 514 coelum
963 465 1016 515 et
1044 467 1186 517 terra
1212 480 1233 529 ;
1268 473 1322 518 et
1355 465 1444 534 qui
1475 466 1577 523 hoc
1610 469 1834 538 quaerit,
1865 475 1911 534 Α
1940 483 2172 542 ponatur
2198 477 2324 546 quid
2353 478 2467 552 [Z.,
2495 484 2660 557 quod]
2685 485 2828 544 Deus
2853 489 3046 548 fecerit
3071 499 3304 554 secunda
3327 507 3381 556 et
3401 509 3510 558 ter-

261 541 445 610 majus
463 543 666 614 aliquid
694 551 885 617 quierit
910 567 1071 620 quam
1097 562 1180 609 est
1201 555 1448 612 voluntas
1481 557 1598 624 Dei,
1623 569 1677 614 et
1706 561 1839 615 nihil

257 632 440 702 majus
469 635 714 691 invenire
752 648 945 707 potest.
991 641 1311 713 Compescat
1347 662 1404 701 se
1437 663 1567 718 ergo
1603 649 1838 704 humana

259 725 565 792 temeritas,
588 737 644 781 et
669 728 721 781 id
755 731 894 798 quod
923 747 1029 787 non
1054 743 1258 790 estnon
1278 747 1504 806 quaerat,
1531 754 1598 794 ne
1619 741 1672 795 id
1694 741 1839 810 quod

255 822 346 867 est
385 830 492 870 non
538 817 798 874 inveniat.
833 820 901 874 Et
927 823 974 876 si
1005 824 1334 881 voluntatem
1367 829 1458 882 Dei
1495 845 1655 885 nosse
1695 832 1836 887 desi-

253 903 449 970 derat,
481 906 575 961 fiat
601 909 806 965 amicus
846 911 962 966 Dei.
1010 913 1143 980 Quia
1171 917 1216 970 si
1247 917 1474 988 alicujus
1503 921 1833 977 voluntatem

253 993 499 1050 hominis
525 995 683 1052 u'osse
713 1001 902 1063 vellet,
934 1004 1020 1056 cui
1065 1005 1268 1074 amicus
1305 1023 1410 1063 non
1440 1019 1614 1076 esset,
1646 1027 1834 1068 omnes

252 1086 375 1155 ejus
407 1087 792 1156 impudentiam
824 1090 935 1162 [Z.,
962 1093 1398 1171 imprudentiam]
1431 1109 1524 1156 aut
1546 1103 1830 1161 stultitiam

253 1173 590 1230 deriderent.
640 1178 892 1238 Attamen
947 1185 1198 1241 arbitrari
1245 1203 1527 1256 possumus
1574 1191 1830 1250 mundum

252 1263 422 1321 istum
464 1266 702 1327 hominis
746 1286 904 1326 causa
949 1288 1067 1331 esse
1109 1275 1462 1344 fabricatum,
1508 1282 1599 1351 qui
1643 1283 1831 1338 domus

255 1355 401 1412 illius
423 1358 816 1426 quodammodo
839 1362 1012 1420 factus
1039 1375 1150 1432 est;
1177 1369 1290 1437 qui,
1315 1385 1436 1424 cum
1462 1371 1689 1427 diversis
1709 1389 1830 1428 con-

251 1453 360 1502 stet
386 1447 732 1516 substantiis,
765 1469 902 1509 unus
928 1463 1009 1509 est
1048 1455 1144 1526 [Ζ.
1176 1475 1278 1512 οηι.
1304 1459 1417 1530 est]
1447 1471 1620 1516 tanien
1649 1463 1829 1518 multis

250 1538 512 1593 membris
536 1551 770 1610 aptatus,
793 1553 852 1600 ut
875 1559 936 1598 ex
965 1546 1045 1602 his
1066 1547 1294 1605 invicem
1323 1553 1524 1608 mutuis
1551 1554 1822 1624 operibus,

245 1643 373 1697 qua:
419 1635 724 1688 necessaria
775 1637 977 1692 homini
1029 1639 1208 1695 futura
1257 1653 1414 1698 erant
1456 1635 1821 1716 gignerentur.

248 1718 496 1789 Denique
523 1724 666 1792 quod
697 1725 810 1780 ait:
860 1726 1065 1783 Creat‘it
1117 1730 1255 1786 Deus
1299 1735 1482 1788 caelum
1521 1746 1568 1790 et
1597 1745 1820 1802 terram,

1943 572 2014 626 tia
2046 575 2150 641 die,
2183 579 2410 635 omnino
2422 598 2528 637 non
2557 585 2758 642 habent
2783 590 2912 659 quid
2941 597 3262 663 respondere
3281 614 3503 671 queant.

1939 659 2038 725 Qui
2063 680 2214 731 vero,
2233 678 2290 722 ut
2315 659 2515 726 dictum
2535 683 2638 739 est,
2661 679 2781 734 ω)ιί
2810 659 3320 756 nomine-spiritales
3345 685 3505 752 intel-

1937 751 2108 822 ligunt
2130 757 2440 828 dignitates,
2470 781 2531 832 ac
2558 776 2718 826 terra:
2742 776 3006 831 vocabulo
3031 779 3315 850 informem
3335 797 3507 846 mate-

1935 840 2091 906 riam,
2121 860 2192 898 ex-
2219 863 2322 916 qua
2349 863 2540 908 cuncta
2571 855 2799 916 formata
2831 875 2956 920 sunt
2976 909 2990 933 ,
3027 869 3080 924 hi
3116 888 3329 945 quoque
3360 889 3505 938 recte

1935 932 2171 988 sentiunt
2189 977 2204 1000 ,
2232 947 2289 992 et
2313 954 2506 998 sensus
2535 961 2720 1003 eorum
2745 955 3043 1016 credendus
3069 971 3185 1026 est,
3216 965 3288 1020 ita
3321 975 3502 1026 tamen

1932 1022 1980 1077 si
2009 1024 2183 1082 idonei
2211 1042 2336 1086 sunt
2352 1035 2421 1088 ad
2444 1037 2852 1101 discernendum
2878 1049 2989 1120 [Z.,
3013 1022 3349 1132 discendum]
3374 1022 3502 1132 nni

1932 1119 2201 1183 prmcedat
2223 1127 2556 1192 aeternitate,
2586 1135 2714 1200 quid
2755 1119 3022 1210 tempore,
3051 1147 3178 1215 quid
3202 1119 3500 1221 electione,

1932 1207 2056 1274 quid
2083 1211 2308 1282 origine.
2351 1216 2481 1273 Nam
2513 1222 2619 1276 duo
2656 1243 2776 1295 quae
2817 1207 2880 1285 ini
2907 1207 3083 1302 primo
3123 1249 3179 1295 et
3217 1241 3270 1298 in
3313 1244 3501 1302 ultimo

1930 1308 2201 1364 ponuntur
2233 1303 2380 1372 loco,
2433 1309 2740 1371 difﬁcillima
2788 1332 2918 1378 sunt
2959 1325 3026 1381 ad
3073 1327 3497 1403 intelligendum.

1929 1387 2166 1445 Arduum
2199 1410 2428 1466 namque
2455 1409 2537 1456 est
2566 1413 2620 1458 et
2649 1407 2958 1470 ditlicillime
2995 1387 3500 1498 comprehendip—o:

1931 1487 2034 1533 test
2071 1483 2303 1551 qualiter
2341 1489 2483 1546 Deus
2523 1509 2616 1550 sua
2662 1503 2964 1560 aeternitate
3009 1483 3199 1580 cuncta
3244 1483 3500 1583 praecedit

1927 1568 2124 1642 [Petr.,
2152 1579 2440 1654 procedit].
2474 1585 2588 1642 Duo
2611 1604 2738 1646 vero
2755 1609 2885 1663 quae
2913 1568 3498 1673 medio,

1926 1672 2010 1715 est
2037 1665 2270 1733 qualiter
2298 1679 2536 1742 tempore
2567 1676 2662 1735 ﬂos
2691 1679 2921 1740 fructum
2945 1727 2961 1751 ,
2995 1697 3048 1744 et
3075 1665 3338 1766 electione
3379 1698 3495 1754 fru-

1927 1760 2044 1805 ctus
2071 1750 2255 1810 ﬂorem
2281 1764 2570 1830 praecedat,
2602 1765 2758 1824 facile
2787 1773 2930 1829 valet
2953 1763 3353 1850 comprehendi.
3382 1788 3496 1844 Cie-

2281 1812 2332 1829 ‘7
2351 1812 2570 1830 _"'——"
2602 1812 2758 1824 ”“”ν⁸⁸ν
2798 1812 2930 1829 ⁷⁶¹¹υ⁵
2953 1812 3128 1850 ‘IUIIIPI
3141 1812 3353 1840 CIICIIUI.
3382 1812 3492 1844 uc-

243 1812 493 1865 nonnulli
523 1814 841 1882 simpliciter
871 1817 1243 1892 intelligentes,
1278 1824 1472 1894 quibus
1501 1841 1653 1881 sacra
1678 1826 1821 1883 Scri-
1851 1823 1900 1885 Β
1926 1849 2097 1897 rerum
2129 1851 2395 1914 quomodo
2421 1854 2652 1926 origine,
2686 1869 2745 1915 ιη
2771 1878 2936 1920 sonus
2961 1878 3176 1926 cantum
3205 1879 3492 1943 praecedit.

243 1907 406 1943 nlln‘n
453 1903 612 1943 niilnc
662 1912 744 1943 ne!
826 1915 873 1943 οι
921 1923 1024 1943 ιιηιι
1077 1910 1332 1943 ΙὶηιιΔηΙΛο
1378 1929 1579 1943 ..υπηυιη
1631 1917 1819 1943 ....:t.....
1956 1929 1970 1943 ι
2293 1939 2305 1943 -

241 1907 409 1966 ptura
449 1903 612 1959 nidus
662 1912 775 1972 cst,
826 1915 880 1965 et
918 1923 1024 1963 non
1075 1910 1336 1968 habentes
1377 1929 1582 1984 pennas
1629 1917 1822 1986 quibus

241 1998 447 2058 queant
477 1994 582 2050 alta
611 2005 812 2064 petere,
843 1999 965 2054 dum
996 2001 1218 2055 audiunt
1245 2004 1440 2071 Deum,
1476 2015 1660 2075 putant
1698 2024 1820 2063 eum

239 2093 364 2134 esse
391 2096 744 2151 corporeum,
793 2096 848 2140 et
875 2086 1052 2156 aliqua
1081 2089 1221 2144 mole
1249 2091 1400 2146 mira:
1438 2095 1822 2170 magnitudinis

239 2189 563 2245 summaque
607 2180 845 2248 potentia
887 2182 1193 2249 prieditum.
1235 2184 1328 2242 lsti
1375 2188 1518 2242 enim
1551 2205 1655 2244 non
1695 2199 1820 2245 sunt

237 2279 340 2335 per
365 2267 546 2332 omnia
568 2271 970 2336 contemnendi,
998 2273 1090 2327 sed
1113 2274 1294 2342 potius
1324 2275 1715 2346 implorandum
1737 2289 1822 2337 est

240 2355 362 2428 [Z.,
403 2375 506 2413 om.
540 2359 644 2432 est]
693 2377 793 2432 pro
821 2363 920 2427 eis,
947 2373 1008 2418 ut
1047 2365 1305 2422 Dominus
1350 2368 1525 2424 mittat
1569 2371 1815 2442 angelum

236 2462 398 2502 suum
425 2449 519 2518 qui
559 2465 652 2506 eos
697 2451 751 2506 in
801 2453 984 2508 nidum
1014 2456 1335 2524 recollocet,
1363 2469 1416 2514 et
1445 2459 1814 2529 plumescant,
1859 2479 1862 2482 ’

235 2545 403 2606 atque
427 2539 539 2594 alas
567 2542 829 2610 spiritalis
856 2544 1218 2616 intelligentiae
1245 2551 1530 2620 accipiant,
1563 2560 1623 2608 ut
1645 2555 1813 2610 Deum

239 2628 617 2698 incorporeum
649 2642 704 2687 et
738 2634 1062 2692 invisibilem
1105 2637 1436 2710 intelligant,
1468 2658 1535 2698 ne
1563 2651 1812 2714 tanquam

234 2721 368 2792 pulli
393 2723 674 2794 implumes
705 2742 734 2781 a
764 2728 1032 2784 viantibus
1059 2733 1458 2796 conculcetuur.

305 2812 412 2867 Alii
442 2830 588 2877 vero,
611 2816 818 2872 altioris
849 2819 1209 2890 intelligentia:
1235 2826 1494 2894 sapientia
1523 2825 1635 2898 [Z.,
1664 2829 1813 2885 intel-

229 2900 452 2972 ligentia
484 2907 780 2980 sapientiae]
818 2911 1052 2978 prtediti,
1098 2915 1292 2982 quibus
1322 2917 1500 2972 divina
1533 2918 1808 2990 Scriptura

230 3007 342 3045 non
362 2992 475 3060 jam
503 2997 899 3064 quodammodo
945 3003 1132 3068 nidus,
1182 3006 1273 3060 sed
1305 3006 1510 3064 fructus
1538 3019 1620 3065 est
1649 3020 1809 3080 atque

227 3084 384 3138 cibus
403 3126 416 3148 ,
444 3088 531 3156 qui
563 3103 661 3156 per
690 3105 867 3145 ramos
897 3091 1054 3161 hujus
1090 3095 1301 3150 arboris
1329 3097 1645 3165 gratulando
1673 3101 1805 3156 voli-

1921 1929 2207 1990 obscurum
2240 1939 2306 1994 ad
2336 1943 2654 2012 capiendum
2679 1959 2780 2006 est.
2813 1952 2916 2010 Sed
2943 1929 3234 2020 notandum
3261 1975 3345 2021 est
3365 1969 3492 2036 quia

1920 2023 2095 2077 omnis
2121 2036 2312 2084 cantus
2339 2046 2524 2099 sonus,
2554 2052 2657 2092 non
2686 2044 2862 2100 omnis
2888 2061 3052 2103 sonus
3077 2061 3289 2115 cantus.
3316 2055 3494 2116 Sanus

1920 2109 2062 2164 enim
2099 2112 2358 2174 formatus
2385 2120 2444 2175 fit
2471 2134 2682 2194 cantus,
2714 2141 2769 2186 et
2806 2149 2912 2190 non
2940 2139 3110 2196 solum
3151 2153 3366 2212 cantus,
3399 2151 3496 2206 sed

1917 2200 2081 2256 etiam
2126 2209 2308 2264 suavis
2339 2227 2402 2267 ac
2439 2215 2638 2285 dulcis,
2672 2221 2899 2295 ideoque
2941 2231 3055 2286 sola
3083 2236 3290 2306 origine
3325 2255 3492 2298 sonus

1917 2293 2172 2358 praacedit
2199 2307 2440 2356 cantum.
2489 2304 2579 2362 Sic
2619 2293 3091 2383 quippeiuformis
3129 2293 3352 2384 mvaterla
3382 2347 3490 2388 non

1915 2384 2216 2442 aeternitate
2243 2394 2498 2459 praecedit
2527 2396 2788 2458 formatas
2821 2419 3136 2480 creaturas,
3176 2416 3317 2472 sicut
3350 2421 3492 2479 Deus

1915 2470 2108 2541 ipsam.
2139 2477 2254 2534 Non
2285 2491 2542 2555 tempore,
2576 2493 2699 2561 quia
2731 2503 2970 2568 tempora
3001 2517 3108 2559 non
3140 2504 3359 2566 fuerunt
3385 2513 3490 2569 nisi

1912 2573 2034 2631 post
2059 2565 2319 2629 formatas
2339 2587 2640 2638 creaturas.
2668 2583 2778 2643 Nec
2799 2565 3061 2649 electione
3084 2611 3205 2652 cum
3227 2601 3490 2668 penderet

1911 2659 2242 2726 extremior,
2296 2666 2420 2733 quia
2470 2672 2709 2739 potiores
2759 2690 2886 2736 sunt
2937 2681 3178 2742 formata:
3224 2700 3488 2750 creaturae

1911 2756 2070 2812 quam
2098 2746 2344 2808 informis
2373 2756 2708 2830 substantia;
2741 2768 2834 2824 sed
2864 2770 2974 2826 sola
2999 2789 3094 2829 sua
3117 2778 3324 2850 origine
3344 2797 3486 2850 pra:-

1912 2833 2056 2887 cedit
2092 2834 2350 2897 formatas
2387 2857 2681 2907 creaturas.
2721 2853 2862 2912 Deus
2887 2861 3031 2916 enim
3057 2879 3124 2918 ex
3157 2867 3326 2925 nihilo
3350 2886 3484 2928 con-

1911 2919 2046 2978 didit
2072 2924 2357 3002 informem
2387 2940 2692 3008 materiam,
2719 2955 2776 3000 et
2803 2961 2866 3002 ex
2893 2950 3004 3021 ipsa
3035 2941 3226 3014 cuneta
3255 2964 3478 3030 creavit,

1901 3005 2056 3075 juxta
2099 3018 2240 3085 quod
2283 3023 2542 3094 scriptum
2577 3005 2757 3089 est-in
2800 3005 2938 3096 libro
2984 3042 3307 3115 Sapientiae:
3357 3005 3481 3112 Non

1907 3099 2043 3153 enim
2069 3115 2179 3158 erat
2205 3125 2389 3166 manus
2418 3123 2530 3179 tua,
2573 3118 2791 3179 Domine
2809 3167 2823 3191 ,
2855 3129 3115 3200 invalida,
3161 3154 3263 3206 qua
3293 3147 3481 3199 creasti

229 3183 366 3238 tant,
395 3180 733 3234 attendentes
765 3180 934 3250 ipsum
969 3184 1135 3239 Deum
1174 3186 1579 3257 incorporeum,
1613 3191 1798 3246 invisi-

229 3261 387 3303 ᾒῖῗρηὶ
462 3276 510 3303 nl
558 3268 853 3303 inn-illinunt
900 3274 1128 3303 ηηλιέιη..
1172 3277 1222 3303 ξ...
1255 3277 1386 3303 17212-
1461 3279 1559 3303 1...-
1591 3291 1666 3303 ..-.
1748 3283 1794 3303 2_

2445 3166 2530 3179 ηπ,
2573 3166 2789 3179 --η-...ν
2809 3167 2823 3191 ,
2855 3166 3115 3200 υιυιιιιιοιι,
3161 3166 3263 3206 qua
3293 3166 3481 3199 creas"

1906 3189 2156 3245 mundum
2183 3212 2246 3250 ex
2277 3199 2492 3268 informi
2515 3211 2734 3265 materia
2759 3213 2911 3286 (Sap.
2943 3236 3018 3288 χι,
3050 3224 3159 3297 18).
3187 3227 3338 3287 Unde
3363 3236 3481 3303 phi-

1906 3276 2111 3303 ΙΑΑΛ..1Α2
2329 3301 2334 3303 -
2383 3292 2394 3303 ⁸
2534 3299 2565 3303 ’⁸

223 3261 424 3330 bilem,
462 3276 516 3320 et
556 3268 855 3340 intelligunt
899 3274 1128 3343 qualiter
1171 3277 1222 3332 in
1254 3277 1424 3344 Filio,
1460 3279 1562 3336 hoc
1586 3291 1698 3348 est,
1748 3283 1801 3340 in

223 3353 408 3412 Verbo
438 3372 536 3410 suo
560 3375 662 3413 non
695 3370 1035 3420 transeunter
1061 3371 1321 3436 sonando,
1353 3372 1447 3427 sed
1475 3374 1803 3431 (eternalitcr

222 3447 516 3514 manendo,
545 3452 747 3506 creavit
771 3455 967 3509 cmlum
996 3467 1049 3512 et
1079 3467 1294 3516 terram.
1314 3462 1498 3532 Itaque
1528 3463 1638 3536 [Z.,
1660 3465 1796 3534 jam-

219 3535 350 3608 que]
373 3541 518 3606 quod
537 3543 811 3611 sequitur:
842 3547 1022 3603 caelum
1046 3560 1094 3604 et
1117 3561 1332 3618 terram,
1359 3556 1554 3611 diversi
1583 3557 1796 3616 diversa

219 3631 480 3686 sentiunt.
516 3633 767 3692 Nonnulli
807 3642 1025 3698 nomine
1055 3646 1175 3700 coeli
1206 3648 1390 3704 volunt
1421 3651 1642 3724 intelligi
1685 3670 1796 3712 cm-

221 3717 334 3770 lum
365 3718 504 3774 istud
528 3725 909 3795 conspicuum;
933 3739 987 3784 et
1010 3740 1166 3790 terra:
1195 3737 1409 3793 nomine
1431 3749 1630 3797 terram
1651 3744 1792 3802 hanc

213 3809 520 3878 visibilem,
563 3830 630 3869 ex
665 3831 774 3904 qua
797 3819 1090 3891 gignuntur
1131 3828 1400 3884 universa.
1445 3832 1548 3888 Alii
1595 3836 1792 3907 quippe

209 3898 343 3954 illud
368 3902 588 3974 intelligi
615 3898 800 3962 volunt
822 3911 1017 3967 corium
1044 3914 1294 3972 thronum
1315 3920 1429 3988 Dei,
1460 3898 1790 3992 quod-solius

207 3988 300 4059 [Ζ.
328 4030 344 4056 ,
392 3993 588 4068 solum]
620 4001 921 4068 prtesentia:
957 4003 1151 4062 divinte
1182 4007 1249 4063 ab
1287 4013 1430 4067 omni
1460 3988 1789 4074 volubilitate

204 4077 372 4148 hujus
399 4083 579 4136 mundi
611 4097 792 4140 manet
818 4101 1109 4160 secretum,
1135 4095 1200 4152 de
1225 4113 1331 4168 quo
1356 4099 1410 4156 in
1439 4109 1787 4173 sequentibus

199 4171 418 4238 genius
445 4188 542 4227 suo
566 4173 683 4231 loco
715 4179 908 4236 dicturi
941 4199 1144 4242 sumus.
1178 4188 1283 4244 Alii
1326 4201 1506 4249 autem
1551 4197 1603 4252 in
1648 4200 1784 4258 etelo

201 4261 514 4334 intelligunt
542 4270 814 4338 spiritales
845 4286 1141 4345 creaturas,
1183 4282 1234 4338 id
1264 4295 1348 4339 est
1375 4289 1670 4360 angelicam
1703 4295 1782 4350 di-

195 4352 502 4423 gnitatem;
544 4360 666 4427 quia
709 4365 882 4431 prima
920 4369 1004 4423 die
1054 4371 1221 4441 ipsam
1256 4352 1553 4446 spiritalem
1592 4397 1615 4424 ει
1648 4402 1779 4442 con-

193 4437 368 4504 didit,
401 4442 466 4495 de
496 4458 598 4512 qua
647 4447 844 4518 legitur
889 4453 940 4506 in
992 4437 1128 4512 libro
1170 4437 1312 4516 beati
1357 4463 1495 4520 Job:
1537 4469 1666 4528 Cum
1698 4490 1780 4532 me
1807 4511 1854 4572 ο
1889 4465 1893 4470 ⁷

193 4528 476 4572 laudaram
511 4536 665 4572 cimul
702 4551 843 4572 an..-
873 4549 1130 4572 .........:--__
1207 4562 1242 4572 -.
1283 4554 1294 4566 -
1341 4555 1406 4572 ιι.
1547 4570 1554 4572 Α
1889 4567 1893 4572 λ

189 4528 476 4585 laudarent
505 4536 665 4590 simul
701 4551 843 4595 astra
873 4549 1160 4614 matutina,
1194 4562 1242 4606 et
1263 4554 1556 4624 jubilarent
1599 4579 1776 4626 omnes

185 4617 296 4684 ﬁlii
334 4619 432 4674 Dei
469 4622 621 4700 (Job.
655 4645 886 4699 xxxvm,
920 4634 1021 4706 7).;
1053 4638 1105 4692 in
1151 4617 1292 4702 terra
1332 4661 1462 4702 vero
1489 4649 1771 4710 informem

185 4714 500 4772 materiam.
531 4718 637 4775 Alii
667 4723 866 4794 quippe
891 4731 1292 4788 vocabtilocmli
1325 4753 1385 4798 ac
1415 4749 1570 4798 terra:
1600 4745 1770 4814 ipsam

183 4799 479 4858 informem
515 4811 816 4879 materiam,
847 4829 913 4870 ex
950 4834 1053 4891 qua
1087 4833 1329 4880 creatum
1369 4838 1451 4886 est
1493 4832 1687 4889 caalum
1715 4843 1770 4891 et

181 4897 358 4944 terra.
389 4893 501 4949 Nec
529 4897 822 4968 immerito,
853 4907 977 4974 quia
1021 4909 1262 4969 futurum
1308 4926 1527 4988 eratut
1551 4938 1618 4978 ex
1647 4925 1763 4996 ipsa

177 4977 573 5042 formarentur.
626 4987 758 5044 Nam
797 4995 992 5050 coelum
1033 5011 1217 5068 postea
1249 4986 1506 5065 scribitur
1541 4977 1761 5072 facttim.

175 5067 396 5125 Taliter
424 5074 624 5131 dictum
654 5090 738 5135 est
761 5067 1214 5150 quemadmodum
1239 5095 1303 5159 si,
1334 5111 1516 5156 semen
1552 5105 1763 5163 arboris

171 5160 610 5230 considerantes,
641 5169 884 5228 dicamus
911 5175 980 5231 ibi
1011 5193 1130 5235 esse
1159 5185 1387 5252 radices,
1415 5197 1468 5244 et
1499 5193 1684 5260 robur,
1706 5207 1760 5254 et

169 5264 382 5315 ramos,
410 5262 466 5308 et
493 5254 731 5326 fructus,
772 5273 825 5317 et
855 5263 978 5321 folia
998 5308 1012 5331 ,
1041 5285 1148 5326 non
1181 5274 1304 5343 quia
1327 5277 1441 5348 jam
1472 5291 1626 5351 sunt,
1663 5291 1756 5345 sed

165 5339 301 5406 quia
331 5339 454 5397 inde
480 5343 658 5402 futura
689 5360 834 5407 sunt.
867 5355 980 5424 Ipsa
1013 5360 1156 5416 enim
1185 5339 1403 5424 confusa
1429 5367 1596 5441 [Petr.
1620 5415 1634 5440 ,
1663 5369 1761 5434 iu-l

165 5427 423 5504 confusa]
455 5439 680 5493 materia
727 5445 882 5510 quasi
927 5462 1108 5504 semen
1152 5453 1272 5509 coeli
1318 5471 1381 5512 ac
1422 5467 1580 5518 terra:
1610 5476 1746 5524 erat.

161 5515 302 5570 Nam
329 5519 401 5574 illi
424 5524 514 5594 qui
537 5528 658 5584 ραιιί
685 5535 900 5592 nomine
923 5539 1023 5595 hoc
1045 5543 1253 5602 visibile
1271 5550 1489 5620 coelum,
1513 5565 1566 5611 et
1589 5565 1747 5616 terrte

159 5608 432 5664 vocabulo
452 5610 592 5670 hanc
617 5623 964 5691 conspicuam
993 5629 1214 5706 intelligi
1245 5639 1445 5710 volunt,
1479 5645 1521 5699 si
1550 5646 1627 5702 eis
1649 5664 1743 5720 op-

231 5731 255 5757 ι
290 5717 512 5795 Supplc,
545 5744 610 5785 ex
641 5734 761 5790 cod.
793 5737 882 5805 Z.,
906 5754 1220 5806 creaturam.

2765 3276 2774 3283 .
2859 3276 2869 3286 .
3004 3276 3017 3288 .
3057 3276 3158 3297 κ-ι-
3193 3276 3338 3287 ----ν
3363 3276 3478 3303 ιη’-⁷

1905 3276 2112 3350 losophi
2137 3325 2150 3350 ,
2182 3301 2341 3356 prout
2374 3292 2486 3362 jam
2516 3299 2718 3357 dictum
2751 3317 2864 3374 est,
2897 3326 3006 3368 non
3035 3317 3278 3377 valentes
3316 3339 3479 3394 pene-

1905 3374 2049 3394 ο-υι-Α
2080 3390 2169 3394 --λΑ
2290 3381 2301 3394 ¹
2415 3385 2428 3394 “
2566 3390 2598 3394 ’⁸
2643 3391 2652 3394 “

3227 3374 3273 3377 _e
3316 3374 3452 3394 τ-η-

1905 3374 2051 3425 trare
2074 3381 2520 3444 quemadmodum
2548 3390 2726 3448 divina
2755 3395 3029 3469 Sapientia
3053 3410 3308 3466 mundum
3330 3431 3477 3471 crea-

1901 3463 1978 3544 vit
2005 3480 2068 3520 ex
2097 3470 2284 3540 nihilo,
2311 3479 2654 3540 aestimabant
2686 3473 3013 3552 ceteternum
3042 3515 3164 3556 esse
3191 3507 3468 3564 mundum.

1899 3553 2003 3612 ista
2050 3574 2335 3632 propterea
2384 3571 2601 3644 dicunt,
2644 3581 2770 3648 quia
2815 3591 3100 3647 attendunt
3137 3596 3374 3664 fabrum,
3418 3612 3474 3657 et

1897 3751 2178 3810 argentum
2232 3755 2638 3826 argentarium,
2689 3774 2744 3818 et
2785 3783 2974 3826 aurum
3023 3776 3324 3836 auriﬁcem.
3373 3781 3469 3840 His

1893 3833 2038 3887 enim
2087 3841 2330 3905 quamvis
2378 3843 2679 3918 indigeant,
2728 3864 2904 3915 tanien
2950 3879 3138 3924 creare
3172 3885 3464 3942 nequeunt.

3117 3921 3130 3924 -
3172 3921 3463 3942 ---τη--.π

1894 3921 2152 3984 Dominus
2180 3941 2360 3987 autem
2395 3939 2527 3993 nihil
2552 3941 2742 4000 horum
2771 3948 3014 4022 indiguit,
3044 3959 3137 4031 sed
3157 3977 3223 4016 ex
3248 3963 3463 4024 informi

1893 4019 2114 4073 materia
2147 4024 2384 4080 condidit
2410 4033 2610 4098 omnia,
2639 4053 2744 4094 non
2767 4053 2917 4099 extra
2947 4062 3005 4102 se
3037 4060 3289 4122 tanquam
3313 4057 3466 4115 faber

1891 4104 2016 4174 (non
2045 4110 2189 4166 enim
2225 4113 2379 4171 faber
2407 4119 2538 4178 facit
2567 4124 2768 4195 lignum
2790 4172 2804 4198 .
2850 4137 2942 4192 sed
2981 4138 3048 4195 de
3087 4104 3230 4214 ligno
3259 4147 3460 4220 aliquid

1891 4193 2037 4220 ,Μεη
2095 4199 2184 4220 ηπ
2236 4204 2248 4216 .
2328 4215 2338 4220 -

1887 4193 2058 4279 facit).
2093 4199 2444 4279 Omnipotens
2487 4193 2667 4273 autem
2698 4221 2844 4280 nulla
2878 4241 2935 4282 re
2964 4193 3296 4308 adjuvandus
3317 4193 3457 4308 erat,

2254 4275 2267 4279 Ἰ
2701 4275 2704 4276 ,
2782 4275 2843 4280 ,.μ
2878 4275 2933 4282 -ν
2964 4275 3028 4283 -ν-
3056 4275 3296 4292 κνκιιιιυο
3317 4275 3454 4308 una“

1885 4275 2046 4360 quam
2092 4292 2206 4365 ipse
2252 4314 2358 4354 non
2405 4301 2640 4376 fecerat,
2669 4319 2729 4367 ut
2767 4319 2909 4387 quod
2938 4275 3152 4382 volebat
3188 4305 3454 4404 alliceret,

1885 4377 2117 4404 ..ΒΑΜ-ε..
2149 4383 2279 4404 ἢ--μ

1883 4377 2120 4449 alioquin
2147 4383 2290 4444 Deus
2321 4406 2426 4447 non
2459 4407 2624 4454 esset.

1953 4473 2059 4532 Sed
2105 4485 2368 4550 quaeritur
2397 4505 2495 4546 cur
2541 4495 2614 4552 ita
2659 4499 2858 4559 dictum
2907 4517 2990 4564 est
3036 4526 3052 4565 :
3092 4513 3158 4568 In
3198 4519 3454 4593 principio

1953 4565 1998 4593 ,ει
2047 4567 2177 4593 11--.-
2219 4574 2302 4593 -μι
2468 4591 2476 4593 μ
2523 4592 2526 4593 ν

1878 4562 1998 4632 fecit
2037 4567 2178 4625 Deus
2208 4574 2388 4632 caelum
2429 4591 2477 4635 et
2509 4592 2726 4656 terram,
2771 4602 2826 4649 et
2868 4613 2973 4653 non
3003 4562 3310 4664 dictumrest
3339 4562 3450 4670 :Iln

1874 4655 2142 4729 principio
2171 4663 2306 4719 dixit
2334 4668 2474 4727 Deus
2501 4691 2514 4728 :
2553 4675 2675 4733 Fiat
2704 4655 2901 4742 ctelum
2939 4699 2995 4745 et
3020 4700 3181 4763 terra,
3216 4701 3356 4757 sicut
3383 4707 3451 4761 de

2205 4761 2212 4763 Α
2389 4758 2414 4763 _

2869 4740 2900 4742 -_
2945 4740 2994 4745 ν-
3021 4740 3181 4763 -..υ-υ,
3216 4740 3356 4757 υινιιι
3383 4740 3449 4761 UU

1872 4740 1992 4800 luce
2035 4761 2330 4810 narratur:
2377 4758 2523 4816 Dixit
2569 4765 2750 4826 Deus:
2779 4772 2902 4831 Fiat
2950 4780 3064 4847 lux,
3107 4795 3162 4840 et
3205 4791 3449 4861 reliqua?

1872 4827 1980 4861 Ern:
2021 4839 2136 4861 -.-:-
2169 4856 2214 4861 -ν
2238 4843 2250 4854 ·
2444 4851 2455 4861 ’
2617 4857 2647 4861 -ν

2950 4827 3064 4847 -.-..,
3108 4827 3162 4840 ν.
3207 4827 3441 4861 ,ωιψηιε

1869 4827 1981 4888 Nisi
2017 4839 2139 4906 quia
2167 4843 2318 4909 prius
2365 4851 2740 4915 universalitcr
2773 4868 2990 4926 nomine
3033 4875 3152 4934 caeli
3205 4888 3258 4934 et
3291 4893 3446 4938 terra:

1867 4931 2430 4996 comprehendendum
2492 4955 2630 5016 erat,
2673 4961 2729 5008 et
2767 4966 3249 5025 commendandum
3298 4977 3441 5046 quod

1868 5017 1990 5046 r..-:.
2048 5035 2091 5046 -.
2152 5027 2217 5046 L-
2277 5032 2293 5046 ι

2916 5017 2921 5018 ,
3004 5017 3248 5025 e___-___...
3299 5017 3438 5046 .,..υ..

1865 5017 2014 5090 fecit,
2042 5035 2096 5081 et
2135 5027 2327 5089 deinde
2361 5052 2460 5106 per
2487 5053 2672 5112 partes
2699 5059 3118 5129 exsequendum,
3155 5066 3312 5123 sicuti
3343 5087 3438 5126 ac-

1865 5119 1977 5168 tum
2007 5115 2219 5191 legitur.
2257 5123 2512 5197 Sequitur
2544 5153 2556 5188 :

1934 5204 2095 5266 Vsus.
2123 5213 2176 5266 2.
2205 5247 2276 5262 —-.
2304 5219 2462 5279 Terra
2483 5241 2656 5287 autem
2678 5241 2991 5300 eratjnanis
3013 5255 3059 5300 et
3087 5264 3267 5303 uacua.
3299 5252 3432 5309 Cum

1857 5303 2108 5370 superius
2133 5308 2209 5368 ait
2237 5329 2249 5364 :
2283 5311 2486 5374 Creavit
2515 5322 2653 5381 Deus
2681 5331 2866 5388 mlum
2897 5345 2946 5389 et
2983 5346 3193 5400 terram,
3226 5357 3323 5397 cur
3348 5347 3430 5401 di-

1859 5388 2045 5451 citur:
2080 5395 2241 5461 Terra
2278 5416 2450 5462 autem
2497 5425 2607 5468 erat
2635 5419 2809 5475 inanis
2838 5434 2885 5477 et
2933 5429 3140 5481 vacua?
3168 5431 3272 5486 nisi
3305 5438 3428 5505 quia

1859 5475 1968 5505 ἕνη...
2011 5482 2148 5505 ε..ιι-η
2212 5489 2223 5502 ⁸
2391 5504 2394 5505 ν
2469 5500 2480 5505 λ

2842 5475 2877 5477 ρ
3169 5475 3272 5486 ...ω
3305 5475 3425 5505 ιν...-

1856 5475 1972 5549 ipsa
2011 5482 2255 5545 informis
2289 5500 2537 5564 materia,
2573 5519 2692 5574 qua:
2723 5512 2938 5566 nomine
2963 5521 3122 5590 terra:
3151 5519 3290 5577 dicta
3320 5537 3425 5594 est,

2589 5567 2606 5574 _
3051 5567 3119 5572 πή
3154 5567 3289 5577 ---ν--·
3321 5567 3423 5594 ινιτ

1853 5567 2030 5630 inanis
2070 5589 2186 5634 erat
2220 5593 2274 5638 et
2330 5603 2519 5648 vacua.
2559 5595 2744 5654 Inanis
2791 5587 3058 5675 videlicet,
3109 5611 3160 5666 id
3209 5627 3290 5672 est
3339 5619 3423 5675 iu—

1853 5670 2146 5737 composita
2198 5683 2248 5730 et
2284 5682 2511 5738 necdum
2565 5689 2863 5747 coadunata
2915 5696 2966 5751 in
3015 5683 3223 5772 species
3275 5724 3420 5768 suas.
