4044 6326
489 291 502 303 ’
577 305 678 360 iis

1971 83 1992 114 δ

1613 303 1966 363 ANCELOMI
1997 303 2452 360 LUXOVIENSIS
2493 303 2797 364 MONAClﬂ

3728 314 3829 370 {[6

581 421 763 476 Vacua
807 436 954 500 vero,
1007 423 1134 494 quia
1185 407 1413 479 vacabat
1457 439 1486 477 a
1529 401 1807 494 gignendis
1857 421 2141 477 fructibus.
2175 423 2221 483 A
2249 421 2392 491 quod
2420 423 2636 485 dicitur,
2670 423 3240 495 ferebatur?Nunquid
3268 427 3358 482 tali
3387 428 3545 484 modo
3570 413 3832 499 quemad-

575 513 728 569 Unde
756 514 859 568 alia
885 515 1166 576 translatio
1192 515 1320 570 dicit
1346 533 1360 568 :
1395 515 1572 568 Invisa
1593 525 1640 568 et
1665 515 2026 583 incomposita.
2056 513 2148 569 ln-

573 603 686 656 risa
709 611 928 674 propter
954 604 1362 668 obscuritatem,
1392 604 1742 674 Incomposita
1783 614 2005 674 propter
2049 605 2144 660 de-

575 693 923 760 formitatem,
944 695 1068 765 quia
1098 695 1272 750 adhuc
1300 704 1405 749 tota
1434 695 1646 766 abysso,
1676 695 1727 749 id
1754 705 1857 760 est,
1883 695 2144 751 immensa

570 783 938 854 profunditate
967 785 1247 855 tegebatur
1274 800 1550 854 aquarum.
1579 784 1733 840 Unde
1757 800 1854 856 per
1883 787 1984 840 hoc
2003 786 2148 856 quod

571 872 650 926 ait
677 886 695 926 :
734 871 897 927 Terra
926 883 1101 928 autent
1135 885 1246 929 erat
1282 875 1452 928 inanis
1473 883 1520 928 et
1548 891 1732 940 vacua,
1761 874 1918 944 quale
1953 875 2023 929 sit
2042 889 2148 930 cte-

570 963 705 1032 lum,
736 965 881 1036 quod
924 966 1156 1036 primum
1203 965 1536 1032 condiderat,
1575 975 1755 1036 potest
1793 968 2035 1036 intelligi,
2067 968 2146 1024 vi-

573 1059 767 1114 delicet
793 1061 934 1130 quod
964 1061 1032 1115 ab
1060 1058 1206 1114 omni
1244 1058 1403 1127 hujus
1427 1061 1614 1115 mundi
1644 1061 1863 1116 volubili
1892 1070 2034 1117 statu
2062 1077 2144 1118 se-

571 1158 804 1216 cretum,
833 1151 1024 1206 divinae
1052 1151 1351 1220 praisentiae
1400 1161 1581 1205 manet
1623 1168 1836 1223 semper
1880 1153 2140 1223 quietum.

569 1239 708 1296 Nam
748 1243 813 1297 de
838 1249 1022 1297 nostro
1049 1242 1213 1308 ccelo,
1241 1243 1294 1296 in
1329 1257 1435 1311 quo
1461 1251 1586 1297 sunt
1613 1245 1784 1313 posita
1824 1245 2104 1300 luminaria
2128 1289 2142 1315 ,

568 1331 808 1400 qualiter
825 1332 910 1386 vel
934 1331 1152 1400 quando
1177 1333 1248 1386 sit
1267 1331 1490 1399 factum,
1513 1335 1566 1388 in
1592 1336 1942 1404 sequentibus
1964 1337 2146 1392 decla-

567 1432 740 1479 ratur.
769 1423 885 1479 Non
910 1440 1040 1495 ergo
1067 1427 1312 1497 superius
1337 1427 1464 1482 illud
1496 1429 1690 1484 etelum
1717 1430 1877 1485 inane
1901 1441 2143 1487 creatum

564 1525 743 1573 estet
785 1531 1018 1572 vacuum
1066 1526 1124 1571 ut
1173 1527 1338 1580 terra,
1383 1521 1635 1588 quoniam
1683 1521 1818 1576 nihil
1869 1524 2142 1579 creatione

567 1604 682 1678 [Z.,
708 1621 828 1677 quae
853 1607 988 1662 nihil
1020 1608 1332 1680 creationis]
1365 1609 1606 1678 protulit,
1635 1611 1759 1680 quia
1789 1629 1915 1667 mox
1943 1613 2143 1669 beatis-

564 1696 721 1751 simis
749 1696 1062 1767 angelorum
1087 1697 1390 1768 agminibus
1419 1699 1694 1768 impletum
1725 1711 1826 1769 est,
1857 1703 1922 1758 de
1945 1703 2141 1772 quibus

2251 515 2465 569 modum
2496 514 2575 568 sol
2616 523 2773 569 terrte
2802 515 3177 586 superfertur?
3214 515 3452 573 Minime.
3483 517 3588 574 Sed
3627 519 3832 588 fereba-

2251 613 2338 656 tur
2380 619 2486 657 non
2512 604 2777 668 localiter,
2807 606 2900 660 sed
2926 607 3311 675 potentialiter,
3352 607 3586 679 regendo
3615 617 3670 663 et
3714 623 3833 665 sus-

2251 695 2506 750 tentando
2555 698 2726 766 ipsam
2773 696 3058 752 informem
3094 701 3410 766 materiam;
3451 701 3592 756 sicut
3645 717 3835 772 super-

2247 791 2419 846 fertur
2447 791 2608 845 rebus
2632 789 2957 845 fabricandis
2983 791 3228 845 voluntas
3251 792 3490 848 artiﬁcis.
3517 791 3671 848 Unde
3694 793 3832 848 bene

2249 882 2353 937 alia
2395 880 2678 936 translatio
2721 880 2852 935 dicit
2891 897 2904 932 :
2954 880 3292 936 Incumbebat
3341 882 3452 955 [Z.,
3501 883 3832 955 incubabat],

2248 986 2340 1026 seu
2369 971 2692 1041 confovebat,
2723 970 2777 1024 in
2805 971 3154 1026 similitudine
3204 973 3460 1040 volucris,
3510 988 3611 1028 ova
3652 974 3836 1031 calore

2246 1062 2557 1127 animantis,
2588 1069 2649 1116 ut
2684 1060 2972 1115 manifeste
3001 1061 3326 1133 intelligatur
3352 1065 3419 1118 de
3463 1062 3669 1134 Spiritu
3707 1080 3836 1120 san-

2246 1163 2356 1219 cto,
2397 1162 2587 1209 etnon
2635 1154 2703 1209 de
2739 1154 2930 1224 spiritu
2975 1154 3134 1223 hujus
3174 1157 3376 1221 mundi,
3403 1158 3544 1212 sicut
3579 1158 3832 1216 bceretici

2243 1254 2589 1317 putaverunt.
2621 1246 2758 1314 Quia
2784 1246 2922 1302 sicut
2947 1247 3060 1301 avis
3082 1247 3352 1312 confovet,
3376 1255 3436 1302 ut
3463 1247 3602 1303 fctus
3630 1250 3684 1304 in
3707 1264 3833 1320 spe-

2244 1336 2356 1391 cies
2383 1337 2665 1406 producat,
2690 1337 2761 1391 ita
2792 1335 3026 1406 Spiritus
3049 1346 3266 1393 sanctus
3295 1337 3513 1394 fovebat
3541 1339 3710 1410 ipsam
3743 1341 3829 1395 in-

2242 1414 2469 1482 fOrmem
2505 1428 2860 1483 substantiam
2893 1437 2954 1483 ut
2980 1438 3172 1485 cuncta
3199 1431 3456 1486 conderet
3493 1446 3558 1486 ex
3589 1447 3676 1487 ea.
3717 1430 3829 1488 Ve-

2243 1525 2549 1575 rumtamen
2580 1519 2932 1588 quaarendum
2960 1528 3044 1575 est
3068 1535 3236 1590 quare
3276 1520 3626 1576 nominantur
3649 1536 3834 1592 aqum,

2242 1623 2366 1663 cum
2407 1623 2570 1678 supra
2624 1624 2730 1664 non
2791 1608 3038 1680 legantur
3097 1611 3328 1666 create?
3387 1611 3530 1683 Ergo
3585 1612 3836 1682 nunquid

2241 1706 2456 1753 interna:
2497 1707 2645 1765 sunt,
2688 1699 2828 1754 sicut
2875 1698 3156 1753 Manichzei
3200 1699 3458 1770 suspicati
3494 1701 3652 1754 sunt?
3687 1699 3830 1754 Non.

515 1808 526 1824 ο
563 1787 816 1863 superius
855 1788 1106 1853 diximus,
1142 1803 1277 1859 quos
1317 1791 1372 1844 in
1417 1791 1683 1864 principio
1726 1809 1847 1850 cum
1887 1797 2046 1863 coelo,
2089 1805 2145 1853 et

2249 1786 2354 1844 Sed
2394 1789 2496 1859 ipsi
2525 1791 2845 1859 semetipsos
2882 1789 3072 1844 fallunt
3103 1788 3213 1862 [Z.,
3247 1791 3348 1860 ipsi
3376 1805 3472 1861 per
3507 1790 3833 1860 semetipsos

562 1878 712 1933 terra
742 1877 808 1932 ad
839 1877 1200 1935 laudationem
1235 1879 1316 1934 sui
1345 1883 1570 1950 creavit,
1601 1883 1740 1939 sicut
1767 1887 1881 1956 ipse
1909 1886 1977 1941 ad
2016 1887 2144 1942 bea-

563 1976 680 2024 tum
703 1969 803 2026 Job
828 1970 959 2026 dicit
984 1990 996 2026 :
1028 1969 1126 2026 Ubi
1145 1989 1260 2027 eras
1287 1974 1493 2045 quando
1520 1976 1772 2044 ponebam
1801 1977 2143 2046 fundamenta

564 2060 762 2113 terra?
781 2058 922 2129 (Job.
947 2076 1175 2125 xxxvm,
1205 2063 1284 2135 4.)
1310 2063 1374 2118 Ει
1395 2063 1555 2136 paulo
1578 2076 1700 2136 post
1727 2087 1740 2122 :
1770 2068 1900 2122 Cum
1926 2086 2006 2124 me
2026 2053 2144 2124 ιαᾶ-

564 2150 749 2204 darent
780 2163 923 2206 astra
947 2155 1227 2221 matutina,
1258 2166 1305 2209 et
1329 2157 1618 2226 jubilarent
1661 2175 1838 2215 omnes
1879 2161 1980 2230 ﬁlii
2007 2161 2144 2217 Dei?

565 2239 756 2313 (Ibid.)
791 2243 843 2300 Ε,
871 2245 1064 2312 quibus
1091 2247 1183 2300 uni
1212 2247 1409 2301 dicitur
1442 2266 1455 2302 :
1502 2248 1774 2314 Quomodo
1809 2252 2041 2306 cecidisti
2078 2253 2142 2308 de

562 2331 732 2388 caelo?
751 2342 806 2390 et
829 2334 1027 2404 reliqua
1053 2335 1193 2404 (Isa.
1225 2353 1336 2403 xxv,
1365 2339 1473 2410 l2).
1497 2339 1554 2396 Si
1579 2341 1754 2396 adhuc
1783 2343 1838 2397 in
1859 2345 1998 2399 coelo
2025 2352 2144 2400 erat

560 2423 790 2493 positus,
820 2427 1087 2495 quomodo
1116 2427 1245 2482 dicit
1273 2447 1286 2482 :
1321 2428 1389 2483 In
1416 2430 1599 2486 caelum
1629 2434 2014 2489 conscendam?
2035 2434 2141 2490 Sed

560 2515 690 2584 quia
717 2514 943 2586 legimus
977 2535 988 2570 :
1022 2516 1219 2572 Caelum
1254 2519 1366 2573 caeli
1395 2519 1621 2576 Domino
1652 2522 1824 2596 (Psal.
1846 2540 1999 2590 cxm,
2026 2524 2138 2592 l6),

560 2621 686 2662 cum
715 2617 857 2663 esset
886 2608 940 2663 in
967 2609 1123 2676 coelo,
1159 2608 1211 2664 id
1239 2619 1322 2665 est
1357 2611 1412 2665 in
1445 2610 1804 2680 ﬁrmamento,
1837 2614 1892 2668 in
1919 2614 2137 2684 coelum,

559 2697 652 2751 ubi
698 2697 889 2752 solium
919 2699 1012 2753 Dei
1049 2708 1183 2765 erat,
1223 2699 1474 2770 cupiebat
1511 2704 1822 2758 ascendere.
1855 2701 1962 2759 Seu
2001 2704 2141 2760 sicut

561 2786 796 2842 diximus
817 2788 1084 2857 superius,
1111 2797 1204 2843 aut
1228 2789 1343 2860 ipsa
1364 2789 1606 2860 angelica
1627 2792 1878 2863 dignitas,
1901 2804 1994 2850 aut
2020 2793 2138 2866 ipsa

560 2874 808 2932 informis
842 2877 1069 2931 materia
1097 2877 1293 2932 etelum
1321 2879 1655 2950 intelligitur.

634 2965 706 3022 Et
728 2967 950 3022 tenebrte
979 2977 1126 3022 erant
1155 2985 1310 3038 super
1341 2969 1530 3039 faciem
1567 2971 1760 3042 abyssi.
1798 2972 1993 3045 Abyssi
2035 2989 2136 3029 no-

563 3059 709 3116 mine
738 3060 828 3114 illa
871 3061 1116 3116 informis
1150 3062 1377 3117 materia
1422 3064 1704 3135 accipitur,
1749 3081 1814 3122 eo
1845 3068 1989 3138 quod
2036 3069 2134 3124 ob-

564 3163 722 3204 scura
759 3159 878 3205 erat
919 3160 973 3205 et
1013 3150 1296 3221 profunda.
1344 3152 1435 3208 Ait
1464 3155 1607 3210 enim
1641 3175 1652 3209 :
1687 3157 1756 3210 Et
1796 3159 2038 3226 tenebrce,
2085 3168 2142 3216 et
2167 3137 2212 3201 (ἶ

564 3244 797 3316 reliqua.
841 3244 1018 3314 Quare
1059 3262 1190 3318 ergo
1235 3250 1581 3304 nominantur
1611 3253 1864 3319 tenebrae,
1893 3269 2016 3308 cum
2055 3271 2144 3311 su-

562 3334 747 3403 perius
781 3350 888 3390 non
931 3349 1426 3395 commemorantur
1448 3343 1680 3396 creatae?
1709 3343 1850 3416 Ergo
1875 3345 1920 3400 si
1957 3347 2145 3401 condi-

563 3437 635 3482 tae
663 3443 768 3484 non
797 3437 943 3495 sunt,
968 3432 1209 3502 nunquid
1229 3441 1444 3488 (eterna:
1465 3435 1810 3490 sunt?Absit.
1837 3435 1943 3491 Sed
1969 3437 2143 3492 sciens

565 3519 692 3575 dum
720 3528 803 3576 est
830 3521 955 3590 quia
982 3523 1218 3578 tenebrae
1246 3538 1352 3578 non
1381 3531 1465 3578 est
1503 3538 1590 3578 res
1619 3526 2008 3594 substantialis,
2049 3528 2142 3583 sed

562 3612 785 3683 preprie
831 3613 1181 3670 nominantur
1217 3616 1455 3671 tenebrae
1499 3617 1739 3672 absentia
1790 3618 1945 3674 lucis.
1992 3619 2144 3676 Sicut

565 3704 710 3758 enim
753 3705 1036 3760 silentium
1074 3722 1181 3761 non
1223 3715 1308 3763 est
1364 3709 1660 3763 substantia
1686 3750 1700 3774 ,
1755 3711 1849 3764 sed
1900 3709 2142 3766 absentia

566 3799 749 3866 vocis;
782 3807 836 3854 et
863 3799 1079 3856 nuditas
1117 3800 1252 3856 nihil
1275 3809 1357 3856 est
1385 3800 1528 3856 aliud
1553 3801 1686 3856 nihil
1716 3803 1956 3857 absentia
1994 3812 2144 3873 tegu-

567 3891 758 3957 menti,
789 3899 844 3946 et
870 3899 1064 3948 caetera
1108 3891 1254 3958 talia,
1287 3892 1364 3948 sic
1405 3891 1601 3962 quippe
1642 3890 1877 3947 tenebrae
1916 3901 1996 3947 est
2029 3891 2140 3965 [Z.,

566 3982 727 4055 sunt],
759 3983 875 4053 ipsa
915 3984 1148 4054 privatio
1177 3984 1330 4048 lueis,
1382 3991 1437 4039 et
1479 3999 1587 4038 non
1633 3984 1834 4053 aliquid
1861 3992 2015 4050 sunt;
2049 3986 2145 4040 sed

568 4075 662 4129 tibi
710 4075 801 4130 lux
835 4092 942 4131 non
983 4085 1087 4142 est,
1135 4079 1372 4132 tenebrze
1422 4076 1693 4132 dicuntur.
1740 4075 1884 4132 Bene
1911 4092 2144 4148 namque

572 4165 770 4220 dicitur
797 4185 810 4220 :
840 4166 1083 4221 Tenebra:
1106 4177 1253 4220 erant
1275 4182 1430 4236 super
1449 4165 1635 4235 faciem
1649 4165 1839 4236 abyssi,
1868 4167 1992 4237 quia
2015 4183 2147 4223 non-

575 4259 706 4316 dum
732 4268 852 4314 erat
873 4259 1169 4313 illuminata
1196 4267 1251 4312 et
1274 4257 1618 4312 manifestata
1645 4259 1950 4328 supradicta
1978 4259 2146 4314 infor-

571 4349 678 4404 mis
695 4350 952 4404 materia.
980 4347 1085 4402 Seu
1115 4349 1278 4402 etiam
1307 4347 1486 4403 dicere
1511 4362 1794 4420 possumus
1823 4350 1966 4420 quod
2003 4349 2144 4406 Deus

2247 1878 2552 1952 falluntur],
2579 1880 2705 1950 quia
2734 1894 2840 1934 non
2869 1879 3169 1951 intelligunt
3203 1882 3344 1950 quod
3386 1881 3646 1937 vocabulo
3672 1895 3832 1951 aqua:

2247 1968 2363 2039 ipsa
2409 1969 2694 2024 invisibilis
2739 1969 3040 2024 substantia
3083 1970 3391 2026 nominetur
3419 2011 3435 2033 ,
3484 1979 3540 2025 et
3589 1985 3839 2042 congrue-

2247 2077 2385 2132 aqua
2414 2063 2679 2134 signatur,
2705 2061 2836 2133 quia
2867 2060 3030 2116 ﬂuida
3057 2069 3198 2127 erat,
3235 2070 3290 2117 et
3323 2062 3586 2118 voluntati
3627 2063 3838 2120 divinte

2246 2153 2546 2224 adjacehat,
2571 2162 2629 2208 ut
2656 2154 2837 2210 omnia
2873 2155 3153 2209 humorem
3184 2153 3438 2209 habentia
3466 2168 3531 2209 ex
3561 2155 3672 2224 ipsa
3701 2169 3833 2225 pro-

2245 2251 2580 2299 crearentur.
2609 2242 2814 2299 Cuncta
2837 2243 3101 2312 siquidem
3147 2259 3266 2314 quze
3313 2253 3610 2300 nascuntur
3632 2253 3688 2300 et
3723 2262 3834 2301 nu-

2245 2337 2498 2402 triuntur,
2530 2338 2757 2392 humore
2781 2351 2932 2406 aqua:
2954 2344 3481 2405 concrescuntatque
3494 2335 3830 2392 coalescunt.

2244 2425 2352 2481 Sed
2383 2427 2660 2483 sciendum
2687 2434 2769 2481 est
2791 2425 3044 2494 quoniam
3072 2425 3272 2480 idcirco
3292 2440 3445 2495 aqua:
3465 2425 3832 2496 appellatione

2242 2525 2464 2573 notatur
2493 2518 2608 2588 ipsa
2646 2517 2904 2589 przedicta
2951 2515 3199 2572 informis
3239 2516 3562 2581 substantia,
3591 2518 3717 2587 quia
3758 2518 3832 2573 de

2242 2609 2332 2666 illa
2367 2625 2474 2665 non
2509 2618 2819 2680 poteramus
2869 2609 3072 2680 aliquid
3112 2609 3273 2676 scire,
3319 2609 3422 2664 nisi
3461 2624 3615 2664 sacra
3670 2608 3829 2664 Seri-

2241 2709 2401 2771 ptura
2436 2708 2623 2756 nostro
2663 2716 2815 2756 more
2840 2699 3172 2770 loqueretur.
3205 2698 3324 2755 Una
3349 2699 3542 2770 quippe
3578 2715 3666 2754 res
3707 2708 3834 2764 est.

2243 2792 2336 2848 sed
2357 2791 2583 2847 diversis
2597 2791 2906 2846 nominibus
2933 2789 3309 2861 distinguitur;
3336 2804 3402 2844 ne
3423 2791 3466 2844 si
3482 2788 3828 2845 solummodo

2240 2898 2348 2937 uno
2379 2883 2595 2938 nomine
2618 2880 3000 2952 appellaretur,
3044 2881 3146 2936 hoc
3174 2881 3544 2937 tantummodo
3571 2881 3828 2936 credere-

2244 2982 2349 3028 tur.
2381 2973 2448 3027 Et
2481 2972 2601 3028 ideo
2641 2971 2806 3026 variis
2836 2970 3146 3026 nominibus
3185 2979 3546 3041 nuncupatur,
3579 2971 3707 3041 quia
3752 2985 3828 3026 ex

2243 3065 2358 3136 ipsa
2384 3073 2580 3121 cuncta
2605 3063 2888 3120 formanda
2925 3073 3102 3131 erant,
3138 3074 3198 3120 ut
3227 3080 3316 3122 res
3345 3066 3527 3136 ignota
3558 3067 3702 3122 notis
3729 3083 3829 3122 vo-

2243 3153 2452 3209 cabulis
2513 3153 2881 3208 insinuaretur
2927 3153 3370 3224 imperitioribus.
3420 3154 3630 3210 Dicitur
3677 3155 3828 3210 enim

2244 3244 2459 3309 crelum,
2494 3252 2658 3309 terra,
2687 3245 2938 3315 abyssus,
2982 3254 3038 3299 et
3075 3259 3233 3314 aqua,
3264 3245 3390 3314 quia
3421 3244 3661 3300 futurum
3704 3254 3829 3301 erat

2242 3344 2302 3391 ut
2325 3350 2394 3390 ex
2422 3335 2537 3406 ipsa
2578 3335 2948 3406 gignerentur.
2983 3335 3137 3391 Sicut
3165 3337 3307 3391 enim
3348 3338 3400 3392 in
3436 3353 3603 3407 parvo
3648 3355 3825 3410 grano

2243 3428 2452 3483 arboris
2482 3427 2648 3482 variae
2675 3427 2881 3496 species
2906 3427 3097 3493 latent,
3129 3429 3206 3483 sic
3232 3427 3496 3498 profecto,
3519 3439 3681 3498 prout
3709 3430 3823 3500 jam

2241 3518 2662 3591 prtelibavimus,
2693 3519 2747 3573 in
2774 3519 2874 3572 hac
2904 3516 3119 3573 informi
3168 3521 3394 3575 materia
3423 3529 3618 3576 cuncta
3645 3521 3829 3576 occul-

2242 3614 2515 3670 tabantur.
2549 3611 2656 3668 Sed
2707 3611 3002 3666 notandum
3045 3619 3129 3667 est
3171 3613 3295 3682 quia
3341 3613 3394 3666 in
3433 3613 3608 3683 capite
3657 3613 3824 3684 hujus

2239 3705 2530 3762 voluminis
2561 3713 2675 3761 tota
2717 3703 2954 3759 Trinitas
2990 3702 3314 3758 declaratur.
3352 3701 3488 3757 Nam
3515 3703 3767 3759 subditur
3811 3722 3824 3757 :

2312 3798 2476 3853 Vens.
2508 3797 2562 3850 3.
2601 3827 2672 3839 —-
2703 3795 2952 3866 Dixitque
2979 3794 3121 3848 Deus
3152 3808 3170 3845 :
3204 3793 3326 3848 Fiat
3352 3796 3466 3858 lux,
3497 3803 3552 3849 et
3589 3793 3825 3864 reliqua.

2243 3887 2381 3955 Quid
2416 3894 2502 3942 est
2538 3887 2684 3942 enim
2713 3885 2857 3955 quod
2896 3885 2993 3951 ait,
3042 3885 3173 3939 dixit
3219 3885 3398 3940 Deus?
3440 3883 3691 3954 Nunquid
3739 3901 3830 3939 so-

2244 3979 2422 4035 nando
2445 3977 2852 4033 transeuntibus
2879 3975 3028 4031 sonis
3055 3974 3267 4030 locutus
3288 3976 3416 4030 est?
3441 3974 3679 4028 Minime.
3705 3973 3829 4043 Ipse

2243 4072 2386 4127 enim
2415 4071 2765 4140 incorporeus
2793 4075 2899 4133 est,
2933 4075 2989 4122 et
3013 4067 3058 4122 si
3083 4067 3339 4136 loquitur,
3369 4065 3609 4136 nunquid
3640 4064 3826 4134 lingua

2243 4167 2489 4232 Hebraea,
2513 4165 2728 4232 Grazca,
2751 4173 2842 4218 aut
2869 4163 3059 4218 Latina
3088 4162 3360 4232 loquitur?
3390 4159 3526 4214 Non.
3545 4159 3654 4214 Sed
3681 4159 3829 4228 quod

2245 4255 2342 4321 ait,
2370 4255 2504 4309 dixit
2534 4254 2696 4318 Deus,
2734 4269 2838 4309 non
2871 4254 2985 4324 ipse
3006 4266 3178 4308 sonus
3200 4249 3462 4320 accipitur
3489 4249 3826 4304 locutionum

2247 4344 2358 4420 ξΖ..
2389 4344 2724 4416 locutionis],
2758 4345 2853 4400 sed
2891 4343 3019 4398 illud
3051 4342 3193 4414 quod
3229 4341 3546 4413 intelligitur
3579 4341 3635 4395 in
3665 4355 3824 4396 sono.

571 4463 681 4503 non
702 4447 955 4503 tenebras
985 4447 1040 4501 in
1067 4461 1205 4517 aqua
1246 4435 1410 4501 autin
1435 4461 1559 4502 aere
1587 4446 1714 4502 fecit
1737 4419 1891 4514 ultas,
1915 4447 2010 4502 sed
2056 4463 2142 4502 or-
2169 4481 2222 4540 Β
2247 4419 2403 4540 Apud
2439 4440 2608 4540 Deum
2637 4452 2804 4507 purus
2831 4437 3235 4540 intellectusssl
3257 4432 3630 4540 sinenstrgpitu
3667 4443 3725 4487 et
3751 4434 3831 4488 di-

574 4542 699 4597 dine
722 4542 974 4597 distincto
992 4541 1343 4612 providentia:
1360 4555 1488 4606 suae,
1505 4540 1654 4610 prius
1675 4555 1842 4610 aquas
1862 4555 1984 4595 cum
2007 4539 2146 4595 coelo

573 4633 786 4691 creavit
824 4647 886 4688 ac
909 4639 1076 4697 terra,
1108 4640 1163 4687 et
1192 4629 1302 4703 [Z.,
1338 4629 1453 4704 sed]
1477 4632 1573 4686 has
1602 4641 1723 4702 post
1752 4631 1991 4697 modum,
2023 4647 2144 4686 cum

572 4723 745 4777 voluit
774 4723 906 4792 ipse,
935 4722 1072 4777 lucis
1094 4715 1265 4793 gratia
1291 4721 1612 4775 venustavit.
1641 4719 1791 4786 Quod
1805 4735 1974 4790 usque
1988 4721 2152 4776 modo

573 4801 697 4872 cum
747 4824 820 4877 et.
847 4817 900 4869 in
946 4829 1084 4884 aqua
1127 4814 1260 4883 ipsa,
1293 4813 1425 4867 etin
1465 4828 1589 4869 aere
1635 4827 1732 4882 per
1774 4812 2142 4880 quotidianum

573 4913 704 4970 solis
750 4924 1025 4966 accessum
1055 4924 1118 4962 ac
1170 4907 1468 4962 discessum
1503 4901 1682 4959 facere
1727 4904 1988 4959 videmus.
2043 4904 2144 4962 Ubi

575 5002 867 5059 notandum
897 4999 1018 5069 quia
1043 5013 1162 5052 cum
1190 4997 1396 5052 duobus
1417 4993 1720 5057 elementis,
1738 5009 1874 5062 aqua
1897 4993 2147 5050 videlicet

574 5106 629 5151 et
674 5105 839 5159 terra,
870 5094 974 5148 duo
1019 5091 1274 5155 condidit,
1327 5090 1502 5160 ignem
1553 5085 1802 5140 videlicet
1843 5093 1898 5140 et
1943 5099 2143 5140 aerem.

574 5187 755 5258 Ignem
781 5187 834 5240 in
859 5185 1000 5239 ferro
1019 5191 1074 5238 ct
1099 5181 1382 5252 lapidibus,
1409 5177 1661 5247 quoniam
1685 5174 1750 5247 [Ζ
1757 5212 1794 5240 .,
1822 5175 1964 5248 quae]
1989 5185 2146 5230 terrae.

576 5279 784 5349 viscere
807 5275 920 5345 jam
967 5276 1204 5330 latebant
1243 5268 1473 5334 condita,
1514 5265 1656 5335 quod
1683 5264 1840 5320 calidi
1885 5281 2145 5334 aquarum

581 5369 755 5424 fontes
784 5368 1016 5436 produnt
1060 5361 1252 5434 [Petr.,
1299 5355 1641 5428 producunt].
1687 5355 1880 5410 Aerem
1927 5369 2055 5410 vero
2093 5356 2149 5410 in

580 5459 696 5528 ipsa
750 5451 910 5521 terra,
950 5455 1035 5510 cui
1084 5465 1200 5506 esse
1242 5449 1533 5518 permistus
1571 5463 1638 5501 ex
1673 5459 1738 5501 eo
1785 5445 2148 5518 COgnoscitur,

579 5552 741 5623 quod,
778 5566 896 5606 cum
938 5546 1100 5600 fuerit
1137 5545 1441 5598 humectata
1482 5547 1536 5594 et
1566 5539 1881 5609 temperiem
1907 5538 2034 5594 solis
2062 5554 2149 5594 ac-

580 5642 796 5713 ceperit,
828 5653 954 5692 mox
977 5647 1204 5704 vapores
1225 5631 1441 5690 exhalat
1471 5629 1814 5700 largissimos.

652 5734 721 5789 Et
759 5731 970 5800 spiritus
1021 5726 1113 5780 Dei
1150 5724 1408 5794 ferebatur
1453 5738 1604 5792 super
1651 5738 1834 5793 aquas.
1880 5718 2018 5786 Quid
2064 5728 2144 5771 est

2248 4530 2502 4586 versitate
2538 4528 2861 4599 linguarum.
2912 4528 3102 4582 Dicere
3140 4526 3321 4595 itaque
3368 4524 3464 4580 Dei
3493 4523 3678 4580 facere
3720 4533 3826 4589 est,

2249 4625 2388 4681 sicut
2413 4624 2670 4693 scriptum
2693 4631 2775 4676 est
2807 4640 2820 4677 :
2852 4621 2970 4692 Ipse
2998 4621 3152 4685 dixit,
3184 4630 3231 4674 et
3273 4620 3414 4690 facta
3452 4627 3597 4684 sunt,
3641 4627 3697 4672 et
3727 4633 3826 4674 cze-

2249 4723 2365 4768 tera
2393 4711 2562 4785 (Psal.
2597 4728 2817 4776 cnvm,
2849 4710 2926 4782 5').
2958 4711 3195 4768 Verbum
3232 4724 3361 4764 vero
3387 4709 3479 4762 Dei
3515 4707 3834 4777 unigenitus

2248 4807 2417 4862 Filius
2441 4815 2542 4872 est,
2584 4804 2788 4860 Joanne
2826 4810 3136 4866 attestante,
3185 4801 3280 4870 qui
3310 4801 3385 4854 ait
3417 4818 3428 4853 :
3471 4798 3537 4854 In
3567 4799 3832 4869 principio

2248 4906 2359 4951 erat
2409 4894 2656 4960 Verbum,
2705 4902 2761 4949 et
2809 4893 3033 4962 reliqua.
3071 4892 3241 4946 Porro
3276 4889 3414 4960 quod
3448 4889 3545 4953 ait,
3587 4888 3746 4952 dixit,
3777 4888 3832 4942 id

2253 4996 2355 5052 est,
2380 4987 2434 5041 in
2449 4985 2627 5040 Verbo
2648 5000 2745 5039 suo
2769 4983 3094 5039 aeternaliter
3116 4990 3366 5036 manente
3388 4979 3531 5036 fecit.
3559 4979 3832 5033 Cancrum

2252 5078 2394 5148 quod
2417 5077 2511 5142 ait,
2533 5077 2628 5144 ﬁat
2651 5075 2762 5142 lux,
2791 5074 2858 5131 ob
2879 5073 3203 5130 celeritatem
3229 5073 3421 5128 divinat:
3458 5072 3714 5142 potentize
3744 5072 3830 5128 di-

2251 5168 2411 5224 citur.
2438 5166 2496 5221 Si
2533 5168 2678 5220 enim
2704 5175 2896 5236 quarta
2918 5165 3003 5220 dic
3028 5164 3406 5220 describuntur
3427 5162 3719 5217 luminaria
3756 5161 3829 5215 fa-

2252 5268 2362 5325 cta,
2408 5273 2529 5328 qua:
2571 5257 2745 5312 lucem
2778 5257 3177 5318 administrant,
3211 5253 3337 5324 quid
3366 5261 3449 5308 est
3477 5252 3620 5322 quod
3666 5252 3832 5315 dixit,

2253 5350 2377 5405 Fiat
2422 5350 2555 5404 lux?
2595 5350 2677 5404 An
2727 5348 2954 5403 forsitan
2985 5345 3098 5416 jam
3144 5356 3261 5401 erat
3284 5346 3462 5416 aliqua
3491 5344 3584 5398 lux
3639 5351 3827 5398 creata

2251 5460 2410 5515 supra
2451 5443 2874 5505 firmamentum,
2910 5455 3015 5508 quo
3042 5439 3243 5492 lumine
3272 5437 3350 5492 sol
3399 5433 3829 5490 illuminaretur?

2252 5533 2357 5590 Sed
2397 5531 2614 5588 nomine
2659 5529 2794 5584 lueis
2833 5528 3072 5598 angelica
3111 5525 3342 5597 dignitas
3380 5523 3662 5592 ﬁguratur,
3706 5535 3826 5588 qutc

2248 5625 2488 5694 profecto
2521 5639 2619 5693 per
2656 5621 2901 5690 superius
2929 5619 3124 5673 coelum
3167 5615 3519 5686 signiﬁcatur,
3546 5627 3694 5667 nunc
3734 5611 3823 5665 lux

2250 5717 2461 5771 dicitur.
2495 5715 2650 5769 Prius
2682 5713 2861 5781 itaque
2897 5709 3110 5766 condita
3141 5717 3245 5774 est,
3273 5707 3364 5764 sed
3386 5713 3571 5776 postea
3600 5715 3822 5761 conver-
