4044 6326
243 312 348 370 117

1574 303 1924 362 COMMENT.
1966 305 2031 360 IN
2065 304 2227 362 GEN.

3398 315 3501 370 “8

239 421 411 480 tendo
443 395 892 476 admittendam
919 415 1145 488 gloriam
1185 417 1266 472 sui
1291 417 1551 472 creatoris
1572 415 1665 471 lux
1691 416 1817 473 efl'e-
1842 415 2010 483 ΑΖ.,
2050 417 2234 490 dicta]
2291 418 2480 488 sequi,
2544 429 2599 476 et
2651 422 3041 490 expositionem
3102 423 3344 494 magistri
3393 422 3497 480 nisi

141 515 146 517 ’
240 524 357 572 cla.
384 513 453 568 Et
479 513 600 568 ideo
629 512 832 566 dictum
870 521 955 565 est
983 527 998 563 :
1029 509 1149 564 Fiat
1193 511 1303 576 ius,
1345 520 1392 565 et
1428 511 1570 580 facta
1599 521 1673 564 est
1701 509 1815 565 lux.

239 604 324 660 Ac
356 605 403 660 si
428 603 716 659 manifeste
741 601 1010 658 diceretur
1040 619 1054 655 :
1089 600 1444 656 Convertatur
1482 601 1550 656 ad
1579 609 1822 656 contem-

239 695 502 767 plandum
530 691 926 748 incessabiliter
959 705 1065 746 me.
1112 691 1346 747 Decebat
1385 699 1563 746 autem
1602 699 1663 746 ut
1705 692 1824 762 ipsa

238 787 490 857 angelica
526 785 782 854 dignitas,
817 797 937 852 qua:
960 781 1074 854 [Z.,
1100 783 1250 854 quia]
1287 799 1382 838 sua
1408 783 1667 854 dignitate
1689 799 1820 838 cun-

239 879 352 934 ctis
396 877 664 932 creaturis
717 873 1048 938 excellebat,
1095 875 1404 930 inhazrendo
1441 890 1664 930 summa:
1712 874 1819 930 luci

237 969 332 1024 lux
356 975 668 1032 vocaretur,
696 965 822 1021 licet
847 965 1119 1020 mutabilis
1141 973 1284 1021 esset
1325 965 1559 1021 condita.
1589 965 1647 1019 Si
1675 965 1818 1020 enim

239 1058 600 1114 immutabilis
624 1064 768 1112 esset
794 1055 1032 1121 condita,
1060 1055 1364 1112 nullatenus
1391 1056 1483 1111 alii
1509 1057 1702 1112 merito
1730 1072 1818 1114 su-

237 1147 446 1217 perbiae
474 1147 542 1203 ab
568 1145 660 1202 illa
692 1153 912 1202 aeterna.
939 1145 1146 1200 visione
1172 1152 1509 1201 corruerent.
1555 1143 1663 1201 Sed
1698 1161 1818 1216 quae

237 1234 529 1309 [Z.,quia]
563 1235 836 1292 mutabilis
879 1235 1089 1291 exstitit
1128 1243 1342 1302 natura,
1371 1235 1582 1292 caeteris
1617 1236 1820 1291 ruenti-

238 1329 367 1394 bus,
415 1329 590 1400 gratia
634 1327 828 1383 divinae
884 1326 1186 1398 largitionis
1229 1328 1361 1384 fecit
1406 1328 1813 1384 immutabilem.

238 1418 352 1477 Sed
396 1420 691 1474 notandum
729 1419 872 1489 quod
905 1420 1124 1489 quidam
1169 1419 1448 1476 doctorum
1473 1419 1626 1490 juxta
1659 1419 1818 1474 fidem

236 1507 484 1563 historiae
507 1507 826 1578 simpliciter
846 1507 948 1563 hoc
975 1507 1200 1578 intelligi
1229 1507 1431 1562 volunt.
1471 1506 1640 1563 Aiunt
1674 1507 1816 1563 enim

234 1597 384 1666 quod
415 1598 469 1652 in
498 1597 864 1667 superioribus
893 1595 1133 1666 ejusdem
1180 1603 1336 1651 terrae
1376 1596 1642 1665 partibus,
1683 1611 1819 1666 quas

231 1695 294 1743 et
319 1702 464 1744 nunc
493 1687 686 1741 diurna
729 1686 858 1742 solis
906 1685 996 1740 lux
1031 1685 1300 1740 illustrare
1323 1685 1623 1750 consuevit,
1669 1687 1817 1756 prin—

232 1780 428 1850 cipalis
453 1781 567 1836 haec
595 1779 687 1834 lux
713 1779 951 1842 emicuit,
983 1777 1135 1845 cujus
1160 1776 1366 1833 visione
1396 1777 1690 1833 beatissimi
1721 1793 1817 1833 an-
1845 1759 1891 1818 Β

233 1870 342 1941 geli
390 1869 496 1925 frui
545 1880 842 1938 cmperant.
884 1866 995 1924 Nec
1033 1867 1147 1940 [Z.,
1193 1883 1301 1923 non
1337 1866 1442 1938 est]
1482 1868 1814 1934 mirandum,

234 1959 422 2014 divina
439 1959 756 2028 operatione
775 1957 948 2012 lucem
981 1958 1033 2012 in
1066 1958 1223 2027 aquis
1254 1973 1414 2028 posse
1450 1958 1814 2028 resplendere,

231 2065 359 2105 eum
382 2058 441 2106 et
468 2050 747 2105 hominum
774 2049 1086 2119 operatione
1121 2058 1336 2105 constat
1361 2064 1454 2105 eas
1478 2050 1673 2120 sacpius
1701 2050 1818 2106 illu-

234 2141 420 2207 strari,
460 2148 746 2196 nautarum
783 2140 1033 2195 videlicet
1068 2139 1178 2212 (2.,
1213 2139 1460 2198 videlicet
1487 2142 1685 2214 more],
1725 2143 1815 2213 qui

229 2230 292 2285 in
341 2229 611 2301 profundo
652 2230 817 2286 maris
861 2230 1126 2295 demersi,
1167 2232 1368 2287 emisso
1413 2247 1479 2288 ex
1527 2248 1622 2290 ore
1675 2233 1812 2300 oleo,

231 2322 583 2394 perspicuum
620 2323 722 2379 sibi
754 2322 856 2379 hoc
893 2337 957 2378 ac
989 2323 1224 2379 lucidum
1265 2324 1517 2380 reddunt.
1567 2324 1625 2381 Si
1669 2327 1815 2382 enim

235 2414 400 2471 homo
423 2410 557 2470 "talia
586 2429 686 2484 per
707 2413 884 2469 oleum
915 2414 997 2469 sui
1020 2415 1132 2470 oris
1168 2423 1362 2486 potest,
1395 2424 1650 2486 quantam
1675 2417 1816 2472 Deus

234 2519 336 2575 per
369 2504 632 2575 Spiritum
665 2506 779 2561 oris
813 2507 897 2561 sui
923 2505 1096 2562 lucem
1123 2521 1312 2562 creare
1336 2521 1492 2577 posse
1515 2508 1814 2564 credendus

233 2597 354 2650 est?
396 2595 538 2668 Lege
569 2595 940 2670 Hexaemeron
970 2597 1148 2664 Bedae,
1191 2599 1434 2654 moderni
1479 2598 1732 2663 doctoris,
1766 2600 1813 2656 si

232 2683 312 2738 ita
333 2684 581 2740 volueris.
610 2685 718 2742 Nos
742 2686 957 2756 quidem
984 2689 1126 2743 beati
1154 2688 1460 2759 Augustini,
1481 2697 1639 2760 prout
1661 2690 1811 2762 prius

232 2777 589 2846 inseruimus,
614 2779 757 2834 dicta
787 2779 937 2849 sequi
959 2780 1315 2840 decrevimus.

309 2867 477 2925 Vsus.
516 2868 570 2924 4.
592 2899 666 2910 -
684 2869 755 2923 Et
790 2870 920 2924 cidit
943 2869 1082 2926 Deus
1122 2871 1290 2926 lucem
1324 2873 1469 2944 quod
1496 2883 1626 2928 esset
1653 2872 1807 2940 bona,

231 2971 288 3017 et
315 2961 539 3034 reliqua.
581 2963 694 3018 Cur
712 2963 928 3029 dicitur,
955 2964 1083 3020 vidit
1109 2965 1272 3032 Deus,
1296 2965 1450 3036 quasi
1483 2980 1681 3020 novum
1705 2965 1809 3022 ali-

229 3053 364 3124 quid
399 3054 709 3120 accidisset,
743 3069 864 3111 cum
903 3071 1240 3126 nequaquam
1271 3066 1486 3113 crearet
1513 3056 1617 3113 nisi
1647 3065 1805 3114 teter-

1921 521 2128 564 sumus.

1991 599 2060 654 Et
2080 597 2255 657 divisit
2278 601 2419 658 Deus
2450 603 2616 658 lucem
2653 622 2714 658 ac
2749 606 2986 661 tenebras
3017 605 3084 678 [Ζ
3091 647 3129 672 .,
3169 622 3201 660 a
3222 604 3497 681 tenebris],

1917 700 1974 748 et
2005 692 2230 763 reliqua.
2274 695 2329 749 ld
2365 703 2468 759 est,
2494 694 2747 750 cmlestes
2779 696 3094 766 angelorum
3140 697 3286 752 cives
3317 697 3386 752 ab
3414 697 3496 752 in-

1918 783 2134 839 mundis
2155 785 2454 853 spiritibus,
2481 786 2696 854 quando
2717 785 2936 842 Lucifer
2962 787 3253 840 avertendo
3280 801 3312 840 a
3332 785 3498 842 Crea-

1918 884 2055 941 tore,
2088 883 2143 932 et
2171 877 2538 932 convertenda
2571 878 2640 932 ad
2671 893 2753 944 se,
2781 878 3057 933 aestimans
3090 877 3194 932 sibi
3228 875 3496 943 sufﬁcere,

1917 964 2168 1034 superbia
2209 965 2466 1031 tumidus,
2511 966 2630 1022 sine
2669 967 2871 1022 auxilio
2911 967 2992 1023 sui
3036 968 3354 1034 conditoris,
3390 967 3498 1038 eje-

1918 1065 2038 1112 ctus
2075 1065 2159 1112 est
2187 1071 2311 1112 cum
2337 1057 2452 1113 suis
2487 1059 2808 1129 sequacibus
2849 1075 2880 1114 a
2919 1059 3247 1126 caelestibus,
3295 1069 3350 1114 et
3392 1075 3496 1116 cae-

1919 1147 2020 1202 teri
2054 1147 2111 1202 in
2142 1162 2238 1203 sua
2273 1148 2566 1204 stabilitate
2589 1161 3023 1219 permanserunt,
3055 1152 3154 1206 hos
3179 1165 3495 1221 nuncupans

1918 1236 2084 1304 diem,
2118 1236 2236 1292 illos
2271 1245 2504 1304 noctem,
2533 1237 2686 1307 juxta
2719 1241 2860 1309 quod
2895 1241 3158 1310 sequitur,
3187 1241 3493 1311 appellavit-

1915 1345 2016 1401 que
2044 1327 2210 1384 lucem
2231 1329 2389 1396 diem,
2413 1339 2460 1385 et
2490 1329 2724 1385 tenebras
2754 1341 2974 1386 nectent.
2998 1330 3132 1398 Quia
3156 1331 3312 1387 ruina
3335 1349 3494 1387 ruen-

1919 1420 2050 1474 tium
2074 1428 2272 1476 acterna
2307 1421 2446 1475 facta
2471 1429 2556 1476 est
2589 1421 2854 1476 stabilitas
2876 1421 3332 1491 permanentium,
3364 1422 3492 1479 licet

1917 1510 2136 1580 quidam
2159 1504 2340 1566 dicant
2362 1511 2504 1580 quod
2529 1511 2720 1567 divisio
2741 1511 2876 1568 lucis
2904 1527 2934 1565 a
2959 1511 3194 1568 tenebris
3218 1513 3492 1568 distinctio

1917 1603 1989 1657 sit
2036 1601 2278 1657 formata:
2317 1602 2393 1657 rei
2436 1602 2506 1657 ab
2552 1602 2802 1670 informi;
2841 1603 3126 1674 appellatio
3167 1612 3347 1659 autem
3383 1605 3490 1659 diei

1918 1703 1974 1750 et
2020 1695 2223 1760 noctis,
2268 1694 2559 1764 inquiunt,
2602 1696 2892 1752 insinuatio
2939 1695 3330 1751 distributionis
3373 1704 3488 1760 est,

1918 1800 2023 1855 qua
2053 1785 2385 1856 significetur
2417 1785 2549 1840 nihil
2573 1786 2740 1840 Deum
2764 1786 3126 1841 inordinatum
3161 1785 3486 1854 relinquere.

1919 1875 2026 1932 Sed
2059 1876 2205 1947 quod:
2225 1876 2318 1942 ait,
2355 1877 2576 1942 vocavit,
2609 1877 2827 1943 dicitur,
2849 1876 3034 1932 vocari
3069 1874 3216 1929 fecit.
3242 1875 3376 1942 Quia
3410 1878 3489 1932 sic

1918 1965 2165 2022 distinxit
2192 1965 2375 2021 omnia
2407 1973 2463 2020 et
2494 1965 2787 2032 ordinavit,
2819 1974 2881 2021 ut
2917 1963 3152 2021 discerni
3191 1976 3410 2036 possent
3436 1978 3490 2024 et

1919 2072 2112 2113 nomen
2135 2057 2405 2132 accipere.
2430 2055 2722 2128 Sequitur:

1994 2145 2154 2201 Vnus.
2194 2145 2246 2200 5.
2271 2176 2342 2186 —
2366 2143 2692 2217 Factumque
2741 2157 2814 2202 est
2861 2164 3065 2218 vespere
3107 2157 3164 2204 et
3191 2165 3343 2204 mane
3379 2152 3490 2206 dies

1917 2254 2073 2292 unus.
2116 2236 2472 2304 Quterendum
2499 2243 2584 2292 est
2612 2253 2711 2292 cur
2732 2239 2960 2304 dicatur,
2995 2255 3204 2310 vespere
3230 2250 3278 2294 et
3315 2257 3487 2308 mane,

1915 2341 2037 2382 cum
2059 2326 2234 2380 adhuc
2260 2340 2367 2380 non
2387 2334 2507 2380 erat
2537 2325 2616 2382 sol
2647 2326 2700 2382 in
2722 2325 3082 2394 firmamento,
3113 2329 3266 2398 cujus
3289 2344 3488 2385 occasu

1914 2432 2120 2486 vespere
2147 2424 2201 2472 et
2236 2425 2363 2472 ortu
2395 2433 2548 2472 mane
2579 2418 2957 2474 efﬁcerentur?
2989 2420 3070 2474 An
3107 2420 3248 2477 forte
3280 2429 3486 2477 tantum

1913 2506 2146 2575 spatium
2183 2506 2380 2576 prima,
2422 2514 2478 2560 et
2514 2507 2774 2575 secunda,
2821 2517 2878 2563 et
2917 2509 3074 2566 tertia
3115 2509 3231 2566 dies
3274 2510 3486 2575 habuit,

1913 2603 2172 2666 quantum
2214 2603 2298 2651 est
2335 2595 2404 2651 ab
2437 2603 2561 2652 ortu
2600 2597 2731 2654 solis
2770 2613 2940 2669 usque
2979 2598 3047 2653 ad
3093 2615 3344 2656 occasum
3372 2639 3389 2666 ,
3431 2611 3487 2655 et

1913 2687 2108 2744 iterum
2142 2688 2446 2758 aquilonem
2483 2679 2725 2763 gyrando
2761 2693 3049 2748 revertitur
3086 2693 3154 2748 ad
3197 2693 3480 2756 orientem,

1910 2788 1972 2836 ut
2005 2795 2103 2836 suo
2141 2779 2350 2852 fulgore
2391 2782 2645 2838 tenebras
2683 2783 2868 2838 mundi
2913 2783 3206 2854 propellat,
3249 2791 3305 2838 et
3340 2784 3485 2852 quod

1910 2871 2144 2942 spatium
2184 2872 2258 2927 illi
2282 2873 2374 2943 qui
2411 2873 2466 2927 in
2495 2873 2664 2928 antris
2695 2881 2750 2928 et
2781 2873 2836 2929 in
2868 2875 3176 2945 ergastulis,
3201 2875 3328 2930 licet
3365 2875 3484 2931 luce

1909 2970 2150 3029 careant,
2190 2961 2394 3018 sentire
2433 2977 2530 3032 per
2569 2977 2724 3018 usum
2762 2972 3016 3034 possunt;
3058 2965 3202 3033 quod
3233 2963 3482 3021 fortassis

1913 3052 1987 3107 ita
2024 3052 2247 3125 intelligi
2269 3053 2491 3118 valeret,
2515 3053 2621 3110 nisi
2655 3055 2942 3110 adderetur
2987 3073 3190 3126 vespere
3220 3065 3269 3112 et
3301 3073 3478 3111 mane.

235 3102 437 3199 nallter
457 3102 709 3200 videreti,
731 3143 840 3200 Sed
870 3102 1004 3200 uidi;l
1023 3102 1162 3202 De‘us
1196 3162 1294 3218 pro
1327 3162 1394 3204 eo
1415 3147 1558 3218 quod
1588 3156 1692 3214 est,
1731 3147 1806 3203 vi-
1833 3102 1878 3168 Ο
1910 3143 2064 3200 Unde
2100 3102 2269 3199 resivat
2307 3151 2366 3198 ut
2391 3143 2445 3198 in
2473 3141 2626 3215 [ϐοά.
2660 3142 2720 3199 Ζ.
2769 3161 2874 3199 om.
2911 3143 2992 3216 in]
3015 3102 3242 3216 vespera
3280 3146 3482 3202 intelli-

229 3232 362 3289 dere
389 3233 500 3306 [Z.,
521 3233 716 3307 videri]
746 3234 889 3291 fecit.
925 3235 1078 3307 Saepe
1109 3238 1252 3293 enim
1276 3253 1372 3309 per
1400 3238 1719 3296 efficientem
1753 3240 1805 3296 id

226 3323 378 3392 quod
398 3323 628 3380 eilieitur
647 3324 974 3396 designatur.
1002 3325 1210 3384 Dicitur
1231 3328 1351 3384 laeta
1375 3329 1589 3396 domus,
1611 3335 1666 3384 et
1684 3328 1805 3384 laeta

231 3414 486 3485 epistola,
508 3423 563 3470 et
583 3415 860 3471 effundens
877 3417 1124 3487 hydriam
1149 3416 1258 3490 [Z.,
1282 3418 1494 3492 hydria]
1525 3418 1580 3473 in
1603 3418 1806 3475 canali-

231 3508 357 3569 bus,
391 3516 448 3564 et
476 3515 668 3563 caetera
703 3507 865 3562 talia:
893 3507 1032 3577 quod
1057 3523 1226 3580 genus
1262 3509 1552 3566 locutionis
1571 3525 1602 3564 a
1622 3525 1804 3582 gram-

230 3599 448 3654 maticis
476 3597 803 3671 metonymia
827 3607 1068 3654 vocatur.
1106 3599 1253 3654 Vidit
1287 3614 1416 3668 ergo
1439 3601 1598 3666 Deus,
1622 3600 1675 3654 id
1699 3609 1804 3668 est,

231 3689 421 3745 videre
461 3686 574 3764 [Z.,
619 3687 812 3760 videri]
858 3687 1026 3754 fecit,
1087 3688 1188 3758 ipsi
1230 3689 1484 3761 angelicae
1519 3700 1805 3757 creaturae,

230 3794 396 3850 quam
427 3779 567 3834 bona
605 3793 638 3833 a
661 3778 772 3834 Deo
807 3778 1022 3834 condita
1044 3785 1146 3834 est.
1189 3778 1296 3834 Seu
1336 3778 1392 3834 in
1414 3780 1516 3834 hoc
1537 3779 1682 3850 quod
1705 3781 1804 3846 ait,

229 3873 381 3939 cidit,
431 3873 484 3927 in
525 3872 1005 3942 pmdestiuationc
1044 3871 1200 3927 nobis
1232 3871 1415 3928 videre
1457 3870 1570 3946 [Z.,
1609 3871 1804 3946 videri]

229 3964 362 4022 fecit
385 3979 546 4036 quam
565 3965 706 4020 bona
728 3979 758 4018 a
788 3963 894 4018 Deo
917 3970 1097 4018 creata
1119 3971 1280 4018 esset.
1303 3963 1418 4018 Tali
1445 3963 1606 4020 modo
1628 3963 1808 4020 verbis

228 4051 492 4124 prteteriti
513 4051 770 4124 temporis
792 4067 908 4107 rem
930 4051 1162 4106 futuram
1184 4051 1457 4118 indicavit,
1482 4052 1627 4120 quali
1648 4052 1808 4110 modo

230 4142 493 4214 apostolis
517 4144 631 4198 ait:
659 4141 850 4198 Omnia
880 4159 1199 4214 quacunque
1225 4144 1399 4199 audiri
1433 4161 1464 4198 a
1489 4142 1649 4200 Patre
1670 4161 1806 4212 meo,

228 4242 356 4287 nota
376 4232 475 4302 feci
495 4233 637 4288 vobis
663 4231 844 4304 (Joan.
871 4247 959 4295 xv,
984 4232 1105 4302 45);
1149 4233 1293 4302 quod
1333 4232 1571 4289 futurum
1609 4245 1726 4290 erat
1749 4244 1810 4291 ut

231 4323 460 4380 faceret.
491 4323 754 4380 Caeterum
781 4325 906 4378 dum
934 4323 1084 4388 dicit,
1106 4323 1380 4394 diuisitque
1417 4323 1583 4380 lucem
1613 4341 1645 4379 a
1676 4335 1810 4382 tene-

1907 3241 2064 3306 gatur
2108 3231 2372 3304 perfectio
2436 3233 2787 3303 praecedentis
2826 3235 3004 3305 operis
3026 3276 3042 3303 ,
3103 3244 3160 3292 et
3196 3251 3355 3292 mane
3401 3237 3482 3292 in-

1907 3324 2126 3382 cboatio
2162 3317 2558 3394 subsequentis.
2602 3323 2866 3394 Loquitur
2905 3325 3051 3380 enim
3101 3340 3251 3381 more
3296 3333 3483 3382 nostro

1909 3413 2230 3484 Scriptura,
2290 3422 2352 3470 ut
2395 3414 2670 3471 distinctio
2713 3429 2940 3486 operum
2987 3415 3082 3470 Dei
3130 3414 3477 3488 intelligatur.

1907 3504 2079 3561 Porro
2119 3504 2264 3577 quod
2301 3505 2395 3570 ait,
2443 3521 2649 3576 vespere
2691 3515 2740 3560 et
2776 3521 2929 3560 mane
2970 3505 3080 3559 dies
3111 3521 3268 3572 unus,
3304 3514 3482 3576 potest

1909 3595 2103 3652 referri
2137 3595 2206 3651 ad
2246 3595 2543 3668 angelicam
2586 3605 2911 3652 creaturam.
2953 3596 3178 3664 Quando
3215 3597 3358 3652 enim
3401 3597 3482 3652 in-

1910 3685 2106 3740 tuitum
2148 3686 2428 3742 avertebat
2465 3700 2497 3740 a
2519 3687 2652 3752 Deo,
2694 3694 2750 3742 et
2785 3689 3202 3743 convertebatur
3237 3689 3305 3742 ad
3351 3703 3482 3743 con-

1910 3776 2162 3833 tuendam
2189 3784 2516 3843 creaturam,
2535 3777 2931 3847 quodammodo
2956 3795 3160 3849 vespere
3183 3787 3328 3842 erat;
3356 3794 3477 3834 cum

1909 3884 2040 3926 vero
2061 3869 2128 3924 ad
2152 3869 2463 3926 Creatorem
2493 3871 2926 3936 convertebatur,
2960 3879 3020 3925 ut
3051 3871 3105 3925 in
3139 3872 3256 3941 ipso
3280 3871 3480 3928 clarius

1910 3961 2231 4032 intelligeret
2270 3969 2600 4024 creaturam,
2643 3977 2794 4015 mane
2831 3968 2969 4016 erat.
3011 3959 3391 4017 Verumtamen
3434 3964 3482 4017 si

1908 4053 2297 4124 permansisset
2330 4052 2384 4107 in
2408 4053 2840 4109 consideratione
2873 4061 3153 4119 creaturae,
3180 4069 3288 4109 non
3309 4055 3480 4110 solum

1907 4160 2130 4215 uespere,
2159 4144 2253 4201 sed
2285 4145 2448 4200 etiam
2485 4159 2589 4200 nox
2627 4152 2791 4200 esset.
2836 4145 2955 4200 Dies
2983 4163 3119 4201 unus
3156 4147 3292 4202 bene
3327 4147 3479 4202 addi-

1909 4243 2000 4291 tur
2042 4245 2262 4308 propter
2295 4237 2554 4291 unitatem
2596 4237 2850 4307 angelicae
2900 4237 3196 4307 dignitatis,
3242 4252 3362 4308 quae
3405 4239 3476 4294 ita

1909 4327 2002 4382 ttni
2024 4326 2135 4382 Deo
2170 4327 2582 4398 contemplando
2625 4327 2870 4392 inhaeret,
2916 4335 2974 4381 ut
3004 4343 3278 4398 nunquam
3313 4328 3481 4384 intui-

237 4415 367 4480 bris,
407 4415 645 4471 ostendit
683 4415 807 4484 quia
838 4414 1113 4470 distinctio
1152 4412 1296 4469 facta
1334 4421 1419 4470 est
1456 4414 1596 4470 inter
1635 4415 1805 4472 lucem
1833 4449 1886 4511 Β
1913 4423 2024 4470 tum
2066 4423 2312 4472 amoveat
2349 4431 2380 4470 a
2415 4415 2883 4486 contemplatione.

232 4513 292 4561 et
334 4505 624 4570 tenebras,
670 4519 776 4559 non
819 4504 1056 4560 tenebrae
1099 4501 1297 4570 factae;
1353 4503 1801 4575 quemadmodum

231 4594 518 4650 clamando
557 4609 741 4649 vocem
767 4633 785 4660 ,
840 4593 1112 4650 silentium
1159 4601 1339 4648 autem
1377 4608 1484 4648 non
1526 4593 1805 4651 clamando

229 4683 484 4748 dicimus,
523 4683 648 4754 quia
688 4683 921 4739 cessatio
952 4683 1101 4739 vocis
1141 4683 1413 4738 silentium
1455 4691 1556 4740 est.
1609 4684 1804 4740 Distin-

227 4775 448 4844 guimus
491 4783 669 4830 tamen
711 4790 872 4831 sensu
915 4774 1148 4844 quodam
1188 4775 1328 4830 inter
1348 4790 1435 4841 ea,
1467 4783 1522 4830 et
1543 4775 1670 4832 illud
1708 4791 1804 4833 vo-

225 4880 423 4920 camus
450 4879 660 4931 vocem,
686 4865 829 4922 istud
863 4865 1159 4921 silentium.
1186 4865 1645 4932 Quemadmodum
1672 4882 1803 4939 ergo

226 4965 382 5013 recte
410 4958 644 5014 dicimus
687 4957 868 5014 facere
905 4958 1198 5023 silentium,
1241 4958 1324 5013 sic
1364 4966 1511 5013 recte
1536 4958 1676 5014 Deus
1715 4959 1802 5014 di-

225 5047 377 5102 citur
417 5043 599 5102 facere
637 5046 929 5113 tenebras;
990 5046 1117 5116 quia
1153 5046 1360 5111 lucem,
1418 5048 1612 5118 quibus
1666 5049 1800 5117 vult,

228 5137 568 5209 temporibus
605 5147 661 5194 et
702 5139 834 5195 locis
861 5138 943 5194 vel
981 5137 1098 5205 dat,
1133 5139 1219 5195 vel
1251 5141 1504 5196 detrahit.
1547 5141 1704 5210 Quia,
1745 5152 1806 5198 ut

226 5231 482 5287 Clemens
500 5231 614 5287 ait:
641 5231 815 5287 Unam
859 5230 971 5303 [Z.,
995 5230 1205 5304 imam],
1247 5232 1438 5302 inquit,
1465 5235 1648 5289 mundi
1681 5249 1804 5303 par-

229 5330 342 5375 tem
383 5319 660 5376 illustrans
696 5321 854 5375 aliam
901 5320 1119 5390 reliquit
1157 5323 1462 5376 obscuram.
1501 5323 1700 5378 Lucem
1724 5325 1802 5378 vi-

229 5409 430 5466 delicet
462 5410 518 5465 in
545 5411 822 5480 superiore
853 5410 1000 5465 orbis
1033 5419 1186 5480 parte
1226 5410 1589 5476 diffundendo,
1621 5414 1674 5466 in
1697 5428 1804 5482 qua

229 5500 473 5555 humana
499 5507 619 5555 erat
647 5499 984 5554 conversatio
1016 5497 1220 5565 futura,
1256 5501 1512 5557 inferiora
1536 5516 1665 5556 vero
1690 5501 1802 5570 ejus

183 5623 196 5634 ε
229 5590 430 5660 priscis
467 5591 522 5646 in
564 5592 802 5647 tenebris
827 5591 1168 5646 remanendo.
1216 5591 1272 5646 Si
1300 5592 1384 5646 cui
1423 5594 1524 5647 hoc
1559 5593 1802 5664 accipere

227 5679 517 5750 placuerit,
546 5695 662 5744 nos,
707 5689 762 5734 ut
802 5680 1080 5749 coepimus,
1111 5679 1168 5733 Β.
1195 5679 1472 5750 Augustini
1500 5678 1705 5751 (Suppl.
1740 5699 1802 5736 ea‘

1983 4507 2146 4563 Vens.
2175 4507 2229 4561 6.
2245 4506 2475 4562 —Di:rit
2495 4523 2695 4579 quoque
2716 4507 2854 4564 Deus
2877 4525 2896 4564 :
2919 4508 3045 4564 Fiat
3070 4509 3478 4578 ﬁrmamentum,

1909 4607 1966 4656 et
2004 4607 2217 4655 caetera.
2243 4598 2592 4656 Firmamenti
2635 4601 2852 4656 nomine
2896 4601 3089 4658 coelum
3131 4602 3480 4673 conspicuum

1910 4689 2226 4761 appellatur,
2255 4688 2369 4760 jam
2403 4691 2714 4748 distinctum
2747 4693 2816 4749 ab
2853 4693 2942 4748 illa
2977 4692 3193 4748 informi
3229 4695 3476 4758 materia,

1909 4782 1976 4836 de
2004 4795 2112 4850 quo
2142 4779 2195 4835 in
2228 4781 2578 4850 sequentibus
2604 4781 2803 4838 dicitur
2827 4801 2840 4837 :
2877 4783 3186 4856 Vocavitque
3208 4784 3351 4840 Deus
3379 4785 3478 4853 ﬁr-

1909 4880 2224 4924 mamentum
2252 4870 2453 4925 caelum.
2485 4870 2590 4926 Sed
2618 4875 2964 4943 quaerendum
2993 4883 3074 4931 est
3101 4874 3258 4945 quale
3291 4875 3363 4931 sit
3389 4874 3479 4928 tir-

1909 4968 2262 5026 mamentum,
2301 4962 2443 5031 quod
2473 4962 2676 5018 dividat
2708 4979 2877 5034 aquas
2913 4967 3216 5037 superiores
3245 4965 3313 5020 ab
3341 4963 3477 5020 infe-

1910 5051 2177 5107 rioribus?
2221 5051 2358 5107 Nam
2399 5053 2640 5109 nonnulli
2684 5055 2870 5112 dicunt
2912 5057 3306 5112 firmamentum
3358 5070 3478 5110 esse

1909 5143 2102 5198 coelum
2131 5158 2370 5208 aereum,
2412 5159 2442 5199 a
2473 5160 2579 5215 quo
2622 5161 2748 5202 aves
2778 5147 2898 5202 (εωιὶ
2935 5149 3302 5211 nominantur,
3332 5149 3474 5215 quod

1910 5232 2113 5287 dividat
2154 5247 2322 5304 aquas
2353 5234 2572 5288 nubium
2601 5236 2670 5291 ab
2699 5237 2854 5307 aquis
2890 5236 3184 5293 fluminum.
3214 5234 3318 5291 Alii
3345 5251 3475 5291 vero

1911 5320 2134 5393 intelligi
2158 5323 2342 5378 volunt
2369 5325 2563 5380 coelum
2593 5326 2883 5392 sidereum,
2915 5327 3026 5381 sive
3059 5326 3373 5389 aethereum,
3405 5340 3472 5381 eo

1907 5411 2052 5480 quod
2077 5413 2279 5468 dividat
2313 5427 2482 5484 aquas
2529 5415 2838 5485 superiores
2873 5416 2940 5470 ab
2969 5413 3332 5469 inferioribus.
3365 5413 3474 5470 Ne-

1905 5516 2010 5572 que
2034 5503 2176 5558 enim
2205 5505 2518 5566 incredibile
2545 5513 2629 5561 est
2660 5505 2956 5560 invisibiles
2984 5521 3150 5576 aquas
3178 5506 3476 5563 consistere

1907 5606 2069 5662 super
2114 5593 2530 5660 firmamentum,
2561 5595 2655 5649 sed
2702 5595 2748 5649 si
2795 5602 2919 5648 sunt
2968 5610 3075 5651 non
3122 5595 3316 5662 fluidae,
3350 5595 3474 5666 quia

1907 5697 2010 5738 non
2039 5683 2270 5751 fluitant,
2298 5685 2436 5742 sicut
2460 5687 2575 5743 istae
2603 5685 2855 5740 visibiles.
2876 5685 3043 5744 limit:
3071 5689 3232 5761 aliqui
3265 5684 3470 5760 glaciali
