4044 6326
602 301 703 354 H9

1611 297 1956 362 ANGELOMI
1997 294 2449 358 LUXOVIENSIS
2499 296 2805 366 MONACHI

3720 314 3823 371 ηο

601 412 866 467 soliditate
901 412 1192 480 persistere
1235 413 1520 480 aestimant,
1568 428 1674 468 non
1704 408 1943 483 vapor-ali
1977 415 2152 468 tenui-
2180 413 2232 472 A
2258 419 2418 479 atque
2457 413 2708 468 continua
2747 413 2962 470 Oceano
3008 429 3072 470 ac
3108 417 3245 472 mari
3281 416 3580 490 junguntur
3601 421 3818 496 Magno.

601 509 730 564 tate,
773 501 914 555 sicut
951 515 1014 554 ex
1055 501 1206 555 stella
1231 499 1474 567 Saturni,
1517 518 1635 572 quae
1671 501 2017 572 frigidissima
2052 512 2154 569 est,

601 599 898 645 autumant.
949 591 1103 657 Quia',
1157 591 1422 660 inquiunt,
1469 607 1537 647 ex
1589 593 1672 646 his
1717 593 1870 660 aquis
1908 590 2160 659 frigidam

601 695 740 747 esse,
770 697 836 737 eo
872 682 1014 751 quod
1054 680 1207 748 juxta
1254 697 1521 736 summum
1566 681 1758 736 caelum
1800 697 1897 749 per
1937 681 2160 751 triginta

603 787 770 828 annos
797 787 1011 828 cursum
1039 787 1193 827 suum
1215 781 1456 842 peragat,
1485 772 1607 825 licet
1627 772 1728 825 hoc
1751 785 1949 840 negare
1969 772 2155 836 velint,

601 862 694 931 qui
724 862 790 917 de
821 862 1147 932 ponderibus
1177 864 1462 933 disputant.
1493 861 1602 917 Nec
1634 863 1866 932 propriis
1895 863 2158 918 distincta:

602 950 734 1006 locis
759 951 946 1006 locata:
976 960 1226 1022 tanquam
1258 953 1494 1016 ﬂumina,
1522 958 1577 1005 et
1604 966 1710 1006 non
1738 951 1977 1007 locorum
2014 952 2163 1006 sedi-

600 1041 723 1108 bus,
762 1043 855 1098 sed
892 1043 1146 1113 dignitate
1176 1052 1380 1096 natura:
1423 1056 1678 1111 superare
1705 1043 1901 1096 ctelum
1938 1043 2151 1107 dicunt;

601 1133 728 1202 quia
771 1147 895 1188 cum
939 1134 1008 1188 sit
1034 1132 1224 1192 cmlum
1267 1147 1460 1202 corpus
1498 1133 1938 1203 pulcherrimum,
1981 1133 2156 1188 omnis

603 1221 886 1278 invisibilis
909 1228 1174 1287 creatura,
1198 1230 1260 1277 ut
1275 1223 1464 1278 beatus
1482 1222 1812 1292 Augustinus
1832 1221 1923 1286 ait,
1944 1222 2157 1278 excedit

599 1315 763 1370 etiam
787 1313 1231 1384 pulchritudinem
1261 1315 1404 1370 coeli.
1433 1315 1685 1384 Ideoque,
1713 1323 1773 1369 ut
1801 1315 1940 1370 idem
1968 1315 2156 1370 doctor

516 1405 525 1452 ξ
600 1405 828 1459 eximius
870 1411 1042 1473 putat,
1085 1419 1238 1474 aquae
1277 1419 1438 1476 super
1472 1405 1637 1460 etelos
1675 1413 1816 1460 sunt.
1848 1405 1939 1459 Ait
1972 1407 2149 1460 enim:

601 1495 717 1561 Quo
743 1493 901 1549 modo
928 1503 1106 1550 autem
1148 1504 1200 1550 et
1227 1495 1541 1565 qualeslibet
1569 1510 1721 1566 aquae
1766 1495 1840 1550 ibi
1882 1496 2010 1561 sint,
2035 1511 2154 1551 esse

599 1585 674 1640 ibi
704 1599 797 1640 eas
829 1584 1050 1640 minime
1095 1585 1426 1650 dubitemus;
1473 1585 1597 1654 quia
1627 1583 1798 1652 major
1823 1592 1926 1650 est,
1957 1585 2152 1654 inquit,

598 1671 890 1743 Scriptura
937 1673 1096 1744 hujus
1143 1675 1456 1738 auctoritas,
1509 1688 1669 1742 quam
1714 1673 1890 1729 omnis
1930 1674 2152 1729 humani

2261 496 2547 568 Sequitur:

2328 587 2493 644 Vsus.
2524 591 2789 646 M-i'5.—
2800 589 3060 650 Germinet
3080 603 3220 651 terra
3241 597 3452 652 herbam
3477 602 3749 670 virentem,
3767 615 3824 660 et

2258 687 2484 754 reliqua,
2511 702 2680 757 usque
2708 690 2858 758 cujus
2881 707 3054 745 semen
3091 693 3158 745 sit
3187 693 3242 744 in
3269 695 3559 764 semetipso.
3589 696 3701 752 Cur
3724 700 3823 765 ait,

2256 777 2311 829 in
2331 777 2623 846 semetipso,
2651 793 2773 833 cum
2798 780 2980 835 multa:
3005 779 3223 837 arbores
3258 798 3365 838 non
3395 787 3676 853 proferant
3703 788 3825 846 fru-

2258 871 2422 929 ctum,
2455 853 2515 919 υἱ
2541 866 2595 919 in
2625 866 2741 936 ipso
2771 868 3001 924 habeant
3026 871 3254 924 semen?
3295 870 3398 926 Sed
3429 874 3708 932 sciendum
3743 887 3829 932 est

2256 955 2379 1024 quia
2409 957 2453 1010 si
2489 970 2593 1010 non
2635 958 2831 1013 habent
2871 959 2924 1012 in
2959 958 3159 1026 fructu,
3187 960 3383 1016 habent
3419 963 3475 1018 in
3519 966 3723 1032 radice,
3757 983 3827 1023 ex

2256 1060 2360 1115 qua
2388 1048 2774 1116 germinentur.

2326 1134 2391 1188 Et
2416 1138 2538 1191 vidit
2561 1139 2699 1192 Deus
2719 1140 2857 1209 quod
2877 1151 3004 1196 esset
3029 1141 3238 1206 bonum,
3267 1150 3322 1196 et
3351 1151 3569 1200 caetera.
3603 1145 3662 1200 Si
3691 1161 3828 1218 ergo

2257 1229 2474 1294 herbae,
2517 1236 2571 1282 et
2608 1228 2813 1286 fructus
2856 1239 3016 1286 teme
3039 1272 3054 1297 ,
3097 1239 3152 1286 et
3191 1232 3334 1302 ligna
3373 1234 3637 1302 pomifera
3682 1237 3828 1290 bona

2256 1330 2400 1387 sunt,
2435 1329 2490 1376 et
2516 1321 2717 1377 dictum
2745 1329 2828 1378 est
2861 1341 2875 1377 :
2925 1321 3066 1377 Vidit
3093 1323 3231 1377 Deus
3261 1334 3444 1378 cuncta
3469 1342 3586 1395 qua:
3607 1326 3827 1395 fecerat,

2255 1419 2303 1464 et
2338 1421 2489 1466 erant
2529 1412 2680 1467 valde
2713 1412 2882 1478 bona;
2918 1421 2971 1468 et
3011 1413 3078 1467 ad
3112 1421 3409 1468 extremum
3451 1415 3828 1486 subiungitur:

2256 1500 2517 1572 Requievit
2551 1501 2691 1556 Deus
2727 1503 2791 1555 ab
2825 1502 3061 1556 omnibus
3097 1502 3370 1572 operibus;
3396 1503 3526 1573 quid
3550 1503 3616 1558 de
3642 1503 3832 1557 herbis

2253 1597 2556 1663 venenosis,
2583 1606 2638 1652 et
2673 1597 2832 1668 lignis
2876 1597 3083 1652 nocivis
3108 1597 3392 1652 dicendum
3436 1597 3556 1652 est?
3601 1597 3669 1650 Et
3694 1595 3832 1665 quid

2255 1697 2338 1745 est
2367 1688 2507 1758 quod
2537 1688 2601 1742 ad
2623 1687 2795 1742 Adam
2818 1689 2895 1742 ait
2914 1689 2980 1743 de
3001 1687 3170 1756 spinis
3193 1695 3249 1741 et
3271 1687 3484 1742 tribulis
3510 1705 3524 1740 :
3550 1685 3714 1740 Terra
3733 1695 3832 1738 tua

597 1764 801 1836 ingenii
837 1765 1122 1834 capacius.
1161 1765 1293 1833 Quae
1335 1779 1489 1834 aqua:
1522 1765 1831 1820 universam
1870 1773 2028 1820 terrae
2067 1780 2157 1820 su-
2182 1768 2231 1828 B
2256 1781 2432 1850 spinas
2462 1789 2510 1833 et
2534 1766 2751 1832 iribulos
2786 1778 3093 1848 germinabit
3137 1777 3270 1831 tibi?
3311 1777 3414 1832 nisi
3463 1785 3521 1831 ut
3561 1776 3835 1846 intelligat

599 1853 876 1923 perliciem
907 1853 965 1910 in
995 1861 1200 1909 tantam
1229 1853 1478 1924 tegebant
1497 1853 1855 1920 altitudinem,
1896 1854 2038 1912 sicut
2063 1853 2157 1909 alii

599 1943 848 2001 doctores
881 1943 1048 2008 aiunt,
1079 1951 1137 1998 ut
1167 1959 1337 2013 usque
1373 1943 1441 1998 ad
1474 1941 1593 1999 illos
1624 1943 1768 1999 locos
1795 1945 2159 2017 pertingerent

599 2031 693 2086 ubi
734 2047 880 2088 nunc
917 2047 1086 2102 usque
1121 2047 1281 2103 super
1320 2031 1715 2087 ﬁrmamentum
1750 2033 1873 2088 οωιὶ
1907 2047 1976 2088 ex
2005 2040 2160 2102 parte

599 2121 913 2186 residentes,
961 2137 1155 2179 nomen
1195 2123 1288 2179 Dei
1322 2121 1580 2179 creatoris
1627 2136 1749 2177 cum
1796 2122 1946 2178 caelis
1993 2122 2160 2178 caelo-

597 2227 727 2269 rum-
755 2214 999 2277 laudare.
1017 2231 1123 2275 non
1164 2217 1430 2273 desinunt.
1474 2215 1715 2286 Denique
1755 2216 1801 2271 si
1836 2215 2030 2286 aliquis
2058 2216 2162 2270 hoc

598 2320 798 2378 negare
827 2307 1074 2373 voluerit,
1112 2307 1236 2374 iste,
1266 2309 1310 2364 si
1338 2309 1607 2364 hominem
1647 2316 1878 2374 crearet,
1910 2315 1970 2363 ut
1993 2307 2156 2373 Deus,

599 2395 873 2465 epitimam
913 2412 1020 2453 non
1049 2407 1272 2468 poneret
1313 2399 1370 2454 in
1407 2399 1602 2470 capite,
1633 2401 1728 2456 sed
1767 2401 1821 2455 in
1858 2402 2152 2458 stomacho.

599 2486 846 2543 Attamen
873 2487 944 2542 de
962 2487 1063 2543 hac
1091 2502 1149 2543 re
1173 2503 1280 2544 non
1304 2497 1388 2544 est
1413 2497 1656 2544 nostrum
1682 2499 1886 2546 temere
1910 2490 2156 2557 delinire,

597 2579 728 2648 quia
762 2587 967 2634 remota
1005 2586 1090 2635 est
1127 2595 1162 2634 a
1198 2580 1406 2637 nostris
1432 2581 1652 2636 visibus.
1707 2582 1933 2648 Quidam
1979 2590 2158 2637 autem

599 2681 768 2738 aquas
813 2683 1071 2738 supernas
1115 2670 1386 2740 accipiunt
1431 2671 1655 2741 populos
1706 2672 2041 2743 angelorum,
2091 2673 2157 2728 de

598 2760 802 2829 quibus.
820 2760 1076 2829 scriptum
1103 2769 1186 2817 est
1209 2777 1224 2816 :
1247 2762 1314 2816 Et
1337 2779 1506 2834 aqum,
1530 2780 1646 2834 qua:
1668 2781 1822 2834 super
1841 2764 1993 2819 caelos
2013 2775 2156 2831 sunt,

598 2849 809 2905 laudent
835 2867 1019 2907 nomen
1061 2851 1272 2908 Domini
1313 2850 1484 2925 (-Psal.
1509 2868 1729 2919 cxnvm,
1756 2853 1835 2926 4).
1870 2853 2159 2911 lnferiores

596 2956 733 2996 vero
761 2957 928 3011 aquas
963 2944 1210 2998 homines
1248 2953 1402 2999 terra:
1433 2944 1544 3016 [Z.,
1575 2946 1741 3018 terra]
1785 2933 2060 3016 degentes,
2091 2947 2159 3002 de

599 3032 1014 3100 quibusdicitur
1056 3049 1070 3085 :
1113 3034 1284 3103 Aquas
1325 3051 1455 3102 quas
1489 3035 1682 3098 vidisti,
1726 3037 1904 3105 populi
1949 3045 2070 3090 sunt
2109 3043 2156 3090 et

599 3132 793 3191 gentes,
821 3135 968 3189 quas.
987 3122 1172 3194 utique
1201 3123 1393 3180 coelum
1423 3123 1689 3179 sidereum
1722 3127 1789 3181 ab
1817 3127 2043 3183 invicem
2073 3143 2158 3183 se-
2183 3105 2228 3169 ο

641 3219 809 3267 τεκαὶ.

641 3227 695 3267 re
735 3227 809 3267 at.

601 3227 635 3283 8
675 3227 838 3361 Villis.
868 3307 920 3362 9.
934 3339 1002 3348 —
1018 3308 1163 3363 Dixit
1187 3323 1388 3380 quoque
1404 3308 1540 3364 Deus
1554 3327 1572 3365 :
1586 3308 1970 3383 Congregentur
1990 3329 2160 3383 aanr,

600 3413 717 3466 qua:
740 3398 833 3451 sub
855 3397 979 3452 cailo
1005 3408 1126 3454 sunt
1151 3401 1207 3454 in
1233 3399 1401 3454 locum
1427 3418 1607 3466 unum,
1637 3410 1684 3455 et
1709 3412 1955 3471 appareat
1983 3403 2158 3468 arida,
2199 3467 2204 3472 ι

601 3498 659 3544 et
683 3490 907 3560 reliqua.
941 3490 997 3546 Si
1025 3493 1338 3572 enimtotus
1363 3493 1604 3548 mundus
1621 3502 1739 3547 erat
1765 3494 1920 3563 aquis
1947 3494 2160 3564 plenus,

601 3581 691 3636 ubi
721 3591 1056 3652 congregata:
1084 3591 1232 3648 sunt,
1261 3582 1364 3637 nisi
1395 3582 1536 3651 quod
1567 3583 1641 3636 ait
1667 3601 1680 3636 :
1705 3582 2089 3655 Congregentur
2107 3586 2162 3638 in

599 3671 778 3726 locum
812 3672 1012 3726 unum?
1048 3687 1112 3726 ac
1154 3672 1200 3726 si
1232 3672 1436 3727 diceret
1457 3689 1471 3728 :
1495 3672 1818 3742 Distinguat,
1846 3682 2006 3743 atque
2031 3688 2158 3742 pro-

599 3763 769 3818 ducat
783 3763 904 3832 jam;
929 3778 996 3817 ex
1041 3777 1098 3817 se
1125 3763 1334 3832 species
1358 3777 1484 3817 suas
1512 3763 1602 3816 illa
1631 3762 1874 3818 informis
1902 3764 2124 3818 materia
2143 3803 2158 3829 ,

601 3861 656 3907 et
684 3860 936 3922 appareat
963 3853 1172 3922 species
1197 3867 1475 3922 aquarum,
1505 3860 1559 3908 et
1593 3854 1802 3922 species
1825 3861 2002 3908 terrae.
2042 3853 2161 3924 Ipsa

601 3943 745 3996 enim
773 3941 1116 4013 congregatio
1142 3942 1198 3996 in
1226 3959 1391 3997 unum
1420 3944 1532 4012 ipsa
1555 3950 1638 3998 est
1661 3957 1919 4012 aquarum
1956 3941 2160 3997 formav-

603 4032 696 4093 tio,
723 4032 1121 4100 quasvidemus
1146 4041 1200 4086 et
1227 4032 1511 4103 tangimus.
1535 4031 1602 4086 Et
1627 4033 1770 4102 quod
1791 4032 1886 4098 ait,
1913 4041 2160 4101 appareat

600 4125 776 4190 arida,
803 4124 929 4193 quid
967 4125 1110 4180 aliud
1134 4124 1240 4180 dici
1282 4124 1682 4195 intelligendum
1718 4135 1820 4189 est,
1858 4124 1962 4180 nisi
1992 4131 2161 4178 mate-

600 4217 710 4270 ries
757 4216 986 4286 accipiat
1025 4216 1288 4272 visibilem
1332 4215 1584 4279 formam,
1617 4229 1778 4284 quam
1826 4229 1970 4268 nune
1997 4213 2160 4269 habet

602 4315 744 4361 terra
780 4307 916 4362 ista?
947 4307 1075 4373 Quae
1101 4308 1256 4372 bene,
1289 4307 1528 4375 inquam,
1560 4311 1704 4358 terra
1735 4302 1882 4357 arida
1910 4309 2158 4366 vocatur,

600 4399 749 4467 quia,
776 4397 914 4453 sicut
938 4398 1077 4468 ignis
1101 4397 1314 4468 proprie
1339 4396 1594 4460 calorem,
1615 4401 1671 4448 et
1694 4407 1840 4464 aqua
1853 4393 2154 4458 humorem,

600 4491 673 4545 ita
702 4497 1082 4559 quoque-terra
1109 4489 1413 4544 ariditatem
1441 4486 1622 4541 habet.

670 4578 845 4634 Vsus.
860 4579 946 4635 10.
967 4610 1040 4622 —-
1059 4577 1590 4649 Congregationesque
1611 4589 1871 4645 aquarum
1888 4571 2160 4644 appellavit

598 4674 789 4727 maria.
816 4671 1120 4727 Nomadum
1140 4669 1288 4739 quod
1309 4681 1496 4723 omnes
1525 4666 1965 4736 congregatioues
1992 4679 2161 4734 aqua-

600 4777 742 4826 rum,
773 4762 882 4817 sive
907 4761 1090 4817 dulces
1118 4759 1226 4814 sint
1251 4758 1363 4813 sive
1375 4756 1550 4822 salsae,
1576 4757 1727 4826 juxta
1752 4757 1950 4812 idioma
1970 4755 2163 4824 linguae

573 4852 875 4908 .Hebraicm
920 4852 1096 4907 maria
1120 4855 1513 4917 nuneupantur.
1571 4845 1678 4902 Sed
1710 4847 1764 4902 in
1793 4845 2164 4901 Hexaemeron

593 4942 706 5010 jam
743 4942 870 4997 dicti
905 4940 1140 4997 doctoris
1162 4939 1317 4994 Beda:
1351 4937 1426 4992 ita
1464 4937 1690 5007 legimus
1723 4956 1735 4991 :
1764 4937 1928 5002 Fieri,
1968 4936 2159 5004 inquit,

599 5031 790 5099 potuit,
833 5039 893 5084 ut
930 5039 1070 5084 terra
1108 5028 1221 5096 ipsa
1263 5026 1418 5097 longe
1454 5025 1664 5096 lateque
1699 5025 1852 5094 jussu
1891 5025 2164 5080 Creatoris

603 5122 901 5185 subsidens,
933 5120 1065 5174 alias
1105 5126 1284 5189 partes
1330 5118 1594 5187 prieberet
1644 5131 1932 5181 concavas,
1969 5117 2163 5184 quibus

602 5208 828 5265 ﬂuentes
869 5224 1020 5279 aqua:
1069 5208 1474 5277 reciperentur,
1537 5215 1596 5260 ut
1639 5212 1923 5274 appareret
1987 5204 2158 5258 arida.

602 5296 788 5352 Potest
814 5298 976 5352 etiam
1007 5312 1112 5352 non
1137 5296 1368 5359 absurde
1401 5294 1626 5364 intelligi
1650 5310 1714 5348 ac
1738 5293 1884 5348 credi
1929 5281 2163 5348 rariores

601 5389 889 5459 primarias
927 5388 1088 5444 fuisse
1121 5402 1309 5457 aquas,
1336 5400 1455 5454 quia
1479 5383 1625 5438 velut
1648 5381 1838 5438 nebula
1876 5391 2050 5437 terras
2079 5392 2161 5436 te-

603 5490 816 5552 gerent,
866 5480 1274 5552 congregatione
1321 5484 1502 5531 aulem
1551 5487 1670 5528 esse
1711 5473 1996 5543 spissatas,
2045 5489 2165 5543 quae

605 5569 744 5626 datis
788 5569 891 5626 sibi
935 5568 1066 5625 locis
1113 5570 1232 5639 capi
1275 5572 1527 5636 possent,
1573 5571 1864 5633 apparente
1912 5562 2062 5616 arida
2109 5563 2163 5616 in

605 5661 844 5732 reliquis.
875 5660 940 5716 Et
965 5663 1101 5716 bene
1128 5659 1219 5724 ait,
1248 5659 1300 5711 in
1325 5655 1494 5710 locum
1519 5668 1700 5719 nmen,
1731 5651 1852 5721 quia
1883 5650 1995 5723 jngi
2025 5652 2162 5707 unda

2259 1869 2348 1938 qui
2379 1868 2644 1938 proponit,
2678 1869 2803 1936 quia
2837 1883 2943 1923 non
2987 1867 3228 1923 absolute
3269 1867 3470 1922 dictum
3513 1876 3633 1922 est:
3663 1866 3835 1920 Terra

2259 1959 2435 2028 spinas
2465 1967 2513 2011 et
2547 1957 2764 2011 tribulos
2795 1957 3133 2027 geminabit,
3163 1955 3255 2010 sed
3286 1957 3392 2021 ait,
3422 1957 3547 2020 tibi;
3577 1971 3641 2010 ac
3670 1955 3714 2010 si
3745 1954 3835 2009 di-

2260 2056 2406 2104 ceret
2431 2064 2444 2100 :
2470 2045 2694 2115 Incipiat
2731 2045 2828 2100 tibi
2857 2044 3160 2116 germinare
3205 2044 3274 2099 ad
3311 2045 3630 2099 exercitium
3673 2043 3836 2098 labo-

2260 2138 2360 2204 ris,
2386 2150 2505 2206 quie
2530 2149 2680 2205 prius
2704 2133 3024 2205 germinavit
3063 2131 3318 2202 pabulum
3356 2131 3424 2186 ad
3453 2146 3581 2186 usus
3601 2129 3832 2199 jumen-

2259 2239 2438 2286 torum
2458 2235 2515 2283 et
2533 2227 2848 2282 bestiarum.
2872 2224 2984 2279 Nisi
3003 2224 3147 2280 enim
3171 2229 3463 2293 peccasset,
3487 2235 3836 2292 nequaquam

2257 2320 2419 2376 noxia
2457 2319 2547 2373 illa
2576 2327 2720 2373 terra
2748 2317 3092 2388 germinaret.
3133 2314 3282 2370 Unde
3309 2321 3530 2384 apparet
3556 2313 3682 2384 quia
3706 2317 3837 2382 post

2256 2419 2534 2483 peccatum
2572 2409 2716 2464 illius
2747 2407 2912 2476 erepit
2943 2414 3088 2462 terra
3115 2405 3298 2475 spinas
3324 2405 3561 2476 gignere.
3598 2402 3733 2458 Nam
3758 2400 3836 2457 de

2258 2500 2441 2558 herbis
2478 2499 2867 2567 arboribusque
2903 2495 3188 2551 venenosis
3229 2504 3284 2550 et
3320 2495 3508 2549 nocuis
3549 2492 3834 2548 sciendum

2258 2593 2382 2663 quia
2407 2591 2561 2646 valde
2591 2590 2730 2644 bona
2765 2587 2979 2642 condita
3008 2596 3166 2652 sunt;
3209 2586 3336 2656 quia
3371 2586 3418 2640 si
3447 2600 3550 2639 non
3585 2583 3835 2654 praebent

2257 2697 2458 2748 escam,
2497 2679 2878 2736 administrant
2912 2677 3267 2742 medicinam;
3309 2684 3364 2732 et
3399 2677 3445 2730 si
3479 2675 3636 2730 nobis
3663 2671 3832 2727 noxia

2255 2774 2530 2837 videntur,”
2553 2769 2681 2824 feris
2708 2776 2762 2824 et
2787 2767 2978 2824 avibus
3007 2767 3240 2822 innoxiae
3262 2774 3408 2831 sunt,
3436 2766 3561 2836 quia
3583 2765 3663 2819 eis
3687 2776 3830 2832 prte-

2255 2863 2387 2918 bcnt
2407 2858 2684 2930 pabulum,
2714 2858 2840 2912 licet
2867 2855 3022 2910 nobis
3048 2869 3156 2910 non
3184 2855 3458 2924 praebeant
3485 2853 3830 2907 alimentum.

2257 2953 2325 3009 Et
2349 2953 2488 3018 ideo,
2517 2951 2657 3006 sicut
2680 2949 2879 3006 dictum
2905 2954 3009 3012 est,
3032 2945 3210 3002 omnis
3231 2953 3481 2999 creauira
3504 2943 3660 2998 valde
3684 2943 3834 2996 bona

2259 3044 2472 3102 condita
2499 3051 2604 3108 est,
2629 3043 2723 3099 sed
2747 3047 2870 3111 post
2893 3046 3170 3109 peccatum
3195 3037 3355 3107 primi
3380 3035 3620 3105 parentis
3646 3041 3833 3088 actum

2259 3145 2344 3192 est
2365 3143 2425 3190 ut
2445 3134 2635 3204 aliquae
2661 3131 3009 3188 infructuosae
3037 3129 3258 3184 arbores
3287 3136 3341 3181 et
3363 3126 3572 3181 steriles
3601 3137 3831 3194 appare-

2259 3237 2398 3292 rent,
2425 3235 2480 3282 et
2499 3225 2679 3282 herba:
2700 3236 2998 3288 venenosae,
3023 3228 3083 3274 ut
3105 3234 3170 3274 ex
3195 3218 3323 3287 ipsis
3350 3217 3512 3271 homo
3539 3221 3832 3283 peccatum

2261 3335 2416 3378 suum
2455 3316 2851 3388 quodammodo
2889 3311 3273 3376 consideraret,
3302 3318 3356 3364 et
3392 3313 3831 3363 commoneretur

2260 3409 2547 3481 aliquando
2573 3406 2742 3462 averti
2773 3419 2810 3459 a
2830 3403 3086 3474 peccatis,
3115 3410 3170 3456 et
3195 3401 3261 3454 ad
3284 3398 3378 3454 Dei
3397 3403 3663 3466 praicepta
3693 3408 3830 3448 con-

2259 3499 2420 3564 verti,
2446 3504 2500 3552 et
2520 3501 2899 3566 erpavesceret
2927 3492 3176 3566 amittere
3199 3489 3465 3544 culturam
3488 3486 3604 3549 Dei,
3631 3491 3685 3538 et
3714 3493 3832 3537 stc-

2261 3589 2377 3643 rilis
2405 3600 2664 3656 apparere
2697 3585 2752 3640 in
2781 3597 2912 3654 agro
2936 3581 3216 3646 Ecclesiae,
3252 3580 3298 3634 si
3339 3593 3443 3634 non
3493 3584 3636 3632 esset
3665 3573 3833 3628 arbor

2259 3677 2555 3731 fructuosa.
2609 3672 2717 3728 Seu
2759 3679 3043 3741 propterea
3088 3670 3314 3724 arbores
3353 3665 3724 3726 infructuosae,
3774 3671 3833 3716 et

2258 3767 2440 3823 herbae
2488 3764 2694 3820 nociva;
2720 3770 2946 3827 creatae;
2979 3769 3040 3815 ut
3063 3760 3207 3815 nulla
3236 3756 3474 3828 indignis
3512 3755 3833 3824 aperiantur

2259 3853 2514 3924 mysteria
2551 3849 2659 3924 [Z.,
2687 3848 3036 3920 ministeria],
3072 3863 3248 3916 neque
3286 3844 3602 3900 ostendatur
3637 3842 3691 3896 iu
3722 3855 3831 3911 qua

2260 3941 2430 4011 ﬁgura
2455 3938 2760 3994 futurorum
2791 3939 2894 3992 ista
2919 3937 3062 3992 dicta
3093 3944 3236 3990 sunt.

2329 4031 2490 4086 Vsus.
2531 4029 2712 4084 “.19.
2735 4058 2809 4071 —
2837 4026 2979 4082 Dixit
3000 4035 3171 4080 autem
3216 4023 3329 4097 [Z.,
3388 4023 3586 4096 itaque]
3634 4021 3781 4076 Deus
3811 4036 3831 4073 :

2259 4121 2422 4175 Fiant
2447 4120 2732 4175 luminaria
2788 4121 2842 4173 in
2881 4119 3207 4188 ﬁrmamento
3235 4117 3368 4181 cali,
3410 4125 3464 4170 et
3507 4122 3724 4169 caetera.
3773 4113 3832 4167 Si

2258 4222 2450 4283 quarta
2481 4213 2566 4269 die
2588 4211 2729 4267 facta
2753 4218 2880 4267 sunt
2908 4210 3211 4274 luminaria,
3246 4223 3414 4277 quare
3440 4207 3686 4276 superius
3716 4203 3832 4276 [Z.,

2259 4305 2436 4378 prius]
2471 4306 2673 4361 dictum
2719 4313 2803 4360 est
2831 4319 3034 4374 uespere
3073 4311 3120 4356 et
3165 4319 3338 4367 mane,
3369 4302 3494 4363 nisi,
3527 4309 3690 4370 prout
3713 4299 3832 4366 jam

2261 4396 2459 4450 dictum
2488 4403 2588 4460 est,
2626 4397 2679 4450 in
2707 4410 2912 4464 vespere
2939 4392 3198 4460 accipitur
3225 4390 3454 4460 expletio
3476 4387 3833 4459 princedentis

2261 4485 2460 4553 operis,
2489 4487 2541 4539 in
2566 4501 2718 4538 mane
2745 4482 3024 4538 inchoatio
3046 4479 3458 4550 subsequentis?

2335 4572 2404 4629 Et
2430 4578 2534 4632 sint
2564 4575 2617 4627 in
2643 4573 2814 4642 signa,
2839 4581 2886 4624 et
2917 4580 3170 4640 tempora,
3203 4578 3250 4621 et
3296 4584 3486 4632 annos,
3510 4575 3562 4620 et
3581 4565 3714 4619 dies.
3764 4564 3835 4620 In

2261 4671 2435 4740 signa,
2452 4664 2604 4732 juxta
2635 4662 2777 4731 quod
2799 4661 3058 4715 Dominus
3090 4660 3164 4713 ait
3195 4676 3208 4712 :
3241 4658 3407 4712 Erunt
3437 4657 3586 4725 signa
3615 4656 3670 4708 in
3697 4657 3830 4720 sole,

2267 4768 2316 4814 at
2343 4757 2490 4819 luna,
2513 4763 2558 4807 et
2585 4751 2748 4806 stellis
2792 4749 2942 4821 (Luc.
2974 4749 3063 4813 21,
3107 4748 3220 4818 25).
3253 4747 3415 4818 Signa
3462 4747 3716 4800 dicuntur
3762 4760 3831 4798 eo

2265 4845 2405 4918 quod
2429 4846 2482 4899 in
2507 4843 2743 4896 futurum
2770 4839 2971 4910 aliquid
2999 4839 3214 4908 signant
3238 4839 3364 4908 quia
3381 4835 3645 4891 sunttalia
3675 4834 3834 4903 signa

2266 4939 2320 4992 in
2346 4935 2613 4991 sideribus
2639 4947 2758 5001 qua:
2803 4937 3169 4998 tempestates,
3221 4936 3276 4982 et
3331 4927 3560 4996 pluvias,
3589 4935 3644 4977 et
3687 4923 3835 4978 bella

2266 5024 2604 5086 denuntiant,
2627 5030 2685 5075 et
2705 5021 2870 5075 etiam
2897 5017 3148 5072 nonnulla
3189 5015 3565 5086 navigantibus
3606 5014 3657 5066 in
3691 5012 3834 5066 mari

2265 5118 2406 5172 viam
2433 5113 2740 5169 ostendunt.
2775 5109 2843 5162 Et
2877 5109 2932 5162 in
2957 5118 3208 5177 tempora,
3236 5105 3362 5174 quia
3407 5105 3520 5159 suis
3561 5102 3832 5158 vicissitu-

2249 5204 2480 5260 dinibus
2501 5209 2742 5270 tempora
2766 5197 3120 5267 distinguunt,
3151 5195 3295 5248 veris
3325 5193 3572 5248 videlicet
3600 5199 3653 5244 et
3672 5199 3835 5244 aesta-

2268 5292 2358 5354 tis,
2387 5288 2628 5343 autumni
2658 5296 2712 5342 et
2733 5285 2946 5341 hiemis.
2975 5284 3096 5339 Dies
3124 5293 3172 5338 et
3202 5285 3326 5338 anni
3352 5284 3418 5338 ad
3461 5295 3679 5337 cursum
3705 5277 3838 5334 solis

2269 5387 2326 5434 et
2345 5379 2483 5432 lunae
2505 5377 2631 5447 quia
2655 5383 2783 5430 sunt
2808 5375 3014 5430 solares
3034 5373 3169 5439 dies;
3195 5380 3321 5427 sunt
3347 5381 3401 5426 et
3433 5371 3651 5426 lunares
3675 5367 3834 5436 juxta

2249 5467 2643 5538 lcalculatores.
2677 5466 2784 5521 Seu
2819 5465 2944 5534 quia
2972 5472 3262 5533 antequam
3303 5461 3684 5524 formarentur,
3723 5472 3834 5512 non

2268 5567 2389 5615 erat
2437 5558 2577 5613 unde
2625 5555 2730 5611 diei
2785 5555 3063 5622 noctisque
3109 5554 3254 5607 hora:
3301 5553 3661 5622 signarentur.
3697 5545 3832 5601 Nam

2271 5650 2530 5718 scriptum
2556 5656 2636 5703 est
2667 5667 2677 5700 :
2710 5645 2852 5700 Fecit
2878 5645 3053 5699 lunam
3086 5645 3141 5697 in.
3166 5653 3394 5714 tempora
3419 5627 3532 5714 [Z.,
3563 5636 3833 5710 temporel;

4017 503 4019 620 1

4017 1437 4019 1468 l

4017 5687 4019 5710 |

4017 5783 4019 5832 i

4017 5847 4019 5866 ι

4017 5883 4019 5918 1

4017 6021 4019 6060 1
