4044 6326
299 283 402 340 121

1595 270 1944 329 COMMENT.
1982 268 2048 322 IN
2083 268 2238 324 GEN.

3426 279 3526 334 122

301 393 386 450 sol
404 400 638 463 cognovit
665 405 908 445 occasum
933 404 1086 442 suum
1114 386 1285 456 (Psal.
1310 401 1427 450 cm,
1460 387 1570 456 19).
1596 385 1702 441 Sed
1732 401 1874 454 quae-
1901 386 2171 447 A‘nabilis
2199 395 2444 442 creatura
2467 388 2820 453 condebatur,
2874 399 2933 458 ut
2981 392 3376 460 quodammodo
3419 411 3545 451 cum

301 487 535 542 rendam
564 491 666 545 est,
703 482 748 537 si
773 490 949 550 empta
971 479 1060 534 hic
1089 487 1215 533 sunt
1242 487 1504 547 tempora,
1531 487 1585 531 et
1611 476 1875 545 incipiunt

303 579 424 634 dies
468 573 714 630 articulis
755 581 811 626 et
842 569 1132 626 momentis
1168 569 1425 623 horarum
1459 567 1702 630 decerni,
1745 565 1874 634 quid

305 665 596 729 dicendum
618 670 702 717 est
725 661 793 716 de
822 660 914 715 illo
941 659 1116 729 spatio
1138 659 1279 726 quod
1303 657 1404 711 fuit
1433 672 1603 726 usque
1625 659 1688 710 ad
1713 672 1875 724 quar-

304 765 425 809 tum
446 753 628 808 diem?
647 750 898 818 Nunquid
944 765 1050 803 non
1081 746 1164 820 [Ζ.
1198 764 1300 801 om.
1335 746 1464 816 non]
1495 755 1730 814 tempora
1761 743 1875 798 fue-

305 847 472 900 runt?
505 844 612 898 Sed
652 843 1049 912 quodammodo
1083 849 1322 909 tempora
1353 838 1588 902 fuerunt,
1636 837 1727 891 sed
1767 853 1873 890 non

302 943 394 990 est
447 933 576 988 illud
651 933 884 1002 spatium
941 931 1253 986 distinctum
1321 929 1560 984 articulis
1618 925 1874 982 ho‘rarum

301 1034 368 1080 ut
400 1026 561 1080 modo
607 1023 954 1093 distinguitur
980 1021 1090 1092 [Z.,
1123 1017 1574 1090 distinguuntur],
1603 1019 1696 1073 sed
1747 1033 1874 1087 per-

305 1117 524 1170 transiit
544 1115 674 1184 quia
704 1114 784 1169 sol
808 1129 917 1169 non
951 1121 1072 1168 erat
1109 1127 1216 1181 quo
1253 1111 1710 1167 discernerentur.
1758 1110 1873 1164 Tali

303 1207 469 1262 modo
510 1207 716 1262 factum
755 1214 841 1262 est
884 1205 1298 1274 quodammodo,
1343 1203 1482 1258 sicut
1521 1219 1662 1257 nunc
1701 1202 1877 1272 agitur

308 1299 524 1370 quando
570 1297 650 1352 sol
686 1296 828 1351 nube
873 1295 1071 1364 tegitur
1121 1303 1178 1350 et
1206 1302 1450 1362 tempora
1497 1308 1605 1347 non
1651 1300 1878 1362 possunt

307 1388 588 1458 distingui,
631 1387 726 1441 sed
754 1395 932 1440 tamen
959 1385 1328 1454 spatium‘diei
1361 1386 1573 1439 transit.
1711 1449 1715 1452 ι

378 1479 544 1534 Vens.
592 1475 780 1533 20-23.
819 1475 1056 1530 —-Di:cit
1101 1478 1263 1545 igitur
1317 1475 1459 1530 Deus
1511 1493 1530 1530 :
1573 1476 1876 1530 Producant

303 1586 460 1640 aqua
481 1568 661 1639 reptile
690 1569 880 1622 anima:
909 1569 1144 1634 viventis,
1169 1576 1217 1622 et
1246 1567 1475 1632 volatile,
1509 1583 1700 1637 usque,
1727 1569 1880 1622 bene-

303 1657 442 1711 dixit
477 1659 550 1710 eis
579 1656 720 1710 Deus
743 1658 918 1711 dicens
949 1673 968 1710 :
995 1655 1236 1722 Crescite,
1276 1664 1333 1711 et
1381 1666 1596 1712 caetera.
1641 1657 1740 1712 Hie
1788 1673 1875 1712 os-
1902 1688 1949 1747 Β

302 1749 550 1803 tenditur
581 1749 709 1817 quia
737 1747 949 1818 reptilia
972 1755 1028 1802 et
1056 1747 1481 1816 volatiliaunius
1515 1757 1725 1802 naturae
1749 1757 1879 1804 sunt

317 1841 486 1908 atque
509 1837 754 1906 originis,
782 1837 877 1891 sed
917 1837 1133 1892 nomine
1158 1852 1310 1906 aqute
1345 1838 1508 1892 etiam
1541 1853 1636 1893 aer
1659 1838 1762 1892 iste
1789 1837 1876 1891 in-

303 1925 594 1997 telligitur,
632 1926 724 1995 qui
758 1935 814 1980 et
839 1939 868 1978 a
894 1925 1227 1995 sapientibus
1261 1927 1416 1996 aquis
1444 1927 1733 1997 deputatur
1762 1925 1871 1998 [Z.,

303 2016 400 2086 qui
428 2031 461 2070 a
490 2017 822 2086 sapientibus
851 2030 988 2086 aqua
1035 2015 1384 2089 disputatur],
1430 2032 1496 2072 eo
1526 2019 1669 2087 quod
1704 2018 1875 2072 exha-

302 2108 508 2164 latione
529 2124 790 2178 aquarum
827 2109 1166 2178 evaporando
1206 2107 1527 2179 pinguescit,
1568 2118 1623 2164 et
1659 2109 1875 2166 volatus

303 2201 487 2255 avium
516 2200 758 2270 suscipit.
797 2199 911 2254 Nisi
951 2201 1094 2254 enim
1127 2200 1416 2269 quamdam
1460 2200 1873 2256 crassitudinem

301 2290 553 2355 haberet,
573 2289 784 2344 volatus
805 2289 1016 2344 illorum
1043 2304 1148 2344 non
1172 2289 1482 2345 sustineret.
1513 2289 1663 2346 Unde
1685 2291 1872 2346 aestivo

302 2386 572 2448 tempore,
612 2378 830 2448 quando
876 2393 1126 2434 serenum
1162 2387 1276 2442 est,
1322 2386 1534 2433 terram
1573 2380 1770 2434 irrorat
1817 2388 1873 2435 et

305 2477 472 2539 guttae
493 2477 770 2538 apparent.
795 2468 863 2522 Et
895 2467 998 2522 nisi
1023 2482 1164 2536 aqua
1195 2467 1410 2538 aliquod
1454 2468 1869 2523 solidamentum

304 2558 564 2623 haberet,
608 2575 835 2628 corpora
883 2560 1158 2614 hominum
1203 2560 1444 2613 natantia
1488 2567 1544 2614 et
1593 2561 1869 2615 volucrum

302 2664 413 2702 non
451 2649 644 2713 ferret;
671 2657 727 2702 et
747 2649 864 2704 ideo
877 2649 1136 2718 quidquid
1176 2648 1438 2703 undosum
1467 2657 1549 2702 est
1571 2659 1624 2704 et
1651 2649 1870 2704 conﬂui-

301 2736 432 2791 dum
457 2735 569 2808 l_Z.,
619 2737 861 2808 ﬂuidum]
891 2738 1158 2806 piscibus;
1187 2739 1445 2808 quidquid
1468 2754 1596 2794 vero
1623 2753 1868 2794 crassum

299 2835 389 2882 est
413 2837 468 2882 et
488 2829 723 2893 exhalat,
747 2829 936 2883 avibus
962 2830 1266 2898 deputatur.
1292 2829 1440 2896 Quod
1466 2831 1608 2886 enim
1636 2845 1729 2884 aer
1752 2830 1868 2899 pin-

300 2916 427 2986 guis
453 2924 508 2970 et
529 2925 804 2982 ventosus,
839 2927 896 2972 et
934 2917 1118 2972 ﬂatum
1163 2920 1417 2987 praebeat,
1463 2919 1763 2988 philosophi
1812 2918 1867 2972 in

303 3018 490 3064 monte
516 3009 744 3081 Olympo
771 3011 1133 3079 probaverunt
1158 3012 1336 3080 :quia,
1367 3012 1636 3080 inquiunt,
1654 3009 1864 3082 quodin
1893 3041 1937 3102 Ο

299 3099 422 3167 ejus
447 3101 726 3156 cacumine
757 3117 856 3156 nec
882 3109 1071 3156 ventus
1101 3103 1384 3166 sentiatur,
1412 3118 1512 3157 nec
1537 3103 1708 3158 nubes
1755 3102 1868 3157 col-

300 3189 570 3261 ligantur,
626 3192 878 3261 quoniam
930 3191 1164 3246 excessit
1210 3192 1492 3246 altitudine
1548 3207 1643 3247 sua
1693 3199 1865 3246 totum

300 3281 468 3335 istum
494 3295 671 3335 aerem
706 3280 982 3334 humidum
1008 3281 1063 3334 in
1092 3296 1198 3350 quo
1225 3295 1351 3336 aves
1384 3280 1631 3345 volitant,
1664 3289 1720 3336 et
1745 3282 1866 3337 ideo

295 3386 408 3426 nec
443 3387 572 3426 aves
598 3373 670 3426 ibi
691 3372 918 3428 volitare
937 3381 1339 3437 asscverantur,
1369 3372 1616 3428 solebant
1643 3388 1739 3443 per
1761 3373 1866 3428 sin-

297 3461 457 3534 gulos
477 3476 642 3516 annos
669 3477 826 3516 causa
849 3461 1234 3516 sacriﬁciorum
1256 3476 1516 3516 cacumen
1541 3459 1658 3528 ejus
1676 3476 1866 3516 ascen-

298 3554 452 3617 dere,
482 3561 536 3606 et
563 3553 770 3620 aliquas
808 3560 964 3606 notas
991 3552 1043 3605 in
1069 3550 1285 3619 pulvere
1313 3551 1571 3616 scribere,
1601 3566 1736 3620 quas
1760 3550 1865 3606 alio

299 3657 446 3698 anno
473 3643 711 3714 integras
731 3641 1110 3706 inveniebant;
1139 3641 1282 3710 quod
1318 3640 1437 3696 ﬂeri
1476 3656 1580 3696 non
1607 3650 1790 3711 posset
1817 3642 1864 3698 si

296 3743 492 3790 ventos
520 3741 614 3788 aut
639 3733 844 3803 pluvias
871 3733 1021 3788 locus
1053 3731 1142 3787 ille
1181 3739 1498 3802 pateretur:
1525 3742 1580 3788 et
1608 3734 1862 3804 Spongias

271 3827 635 3900 .humectatas
674 3825 893 3880 naribus
931 3817 1301 3895 appﬂcabant,
1349 3824 1490 3878 unde
1539 3826 1861 3880 crassiorem

297 3923 356 3970 et
382 3924 696 3970 consuetum
725 3914 972 3984 spiritum
994 3916 1274 3980 ducerent,
1300 3915 1424 3986 quia
1456 3915 1690 3970 tenuitas
1719 3915 1863 3972 illius

295 4006 444 4060 aeris
468 4021 576 4061 non
610 4019 702 4060 eos
726 4005 1042 4074 inspirabat.
1073 4005 1173 4072 Qui
1201 4005 1363 4061 etiam
1395 4005 1596 4060 nullam
1618 4019 1677 4060 se
1705 4021 1858 4060 avem

295 4095 352 4149 in
373 4109 440 4149 eo
463 4095 582 4150 loco
611 4094 896 4164 aliquando
918 4095 1112 4149 vidisse
1138 4103 1403 4150 asserunt.
1426 4094 1557 4149 Nam
1575 4095 1718 4164 quod
1743 4096 1858 4150 ait:

293 4182 567 4238 Benedixit
590 4183 663 4238 eis
692 4183 867 4238 dicens
893 4197 912 4234 :
943 4183 1186 4249 Crescite,
1239 4193 1294 4238 et
1333 4183 1571 4254 reliqua,
1614 4184 1704 4240 hic
1744 4186 1858 4255 pri-

293 4287 446 4326 mum
487 4271 610 4327 ideo
654 4271 1079 4326 benedictionem
1128 4272 1323 4337 intulit,
1376 4273 1504 4341 quia
1561 4275 1856 4330 animantia

1978 477 2201 533 consilio
2229 477 2408 534 facere
2438 472 2732 544 videretur,
2759 489 2816 534 et
2842 489 2904 534 ut
2925 481 3174 537 nobilitas
3205 483 3322 553 ejus
3360 495 3544 540 osten-

1977 567 2213 623 deretur.
2238 568 2361 624 Ideo
2386 569 2481 634 ait,
2511 567 2818 624 Faciamus.
2863 569 2971 625 Sed
2994 587 3161 641 quare
3185 576 3434 644 superius
3462 577 3543 634 di-

1977 664 2124 711 ctum
2152 667 2254 720 est,
2291 658 2524 730 dixitque
2545 659 2682 712 Deus
2707 675 2725 713 :
2755 659 2913 724 Fiat;
2937 671 2991 716 et
3023 663 3108 717 hic
3133 664 3232 729 ait,
3256 664 3542 723 Faciamus

1975 745 2236 800 hominem
2281 748 2350 800 ad
2391 749 2690 818 imaginem,
2738 758 2793 803 et
2836 751 3064 820 reliqua,
3105 753 3419 822 pluraliter?
3471 757 3544 813 Ut

1976 835 2306 900 ostenderet,
2335 837 2460 904 quia
2489 837 2662 891 trinus
2685 847 2769 892 est
2782 838 2922 894 Deus
2948 840 3002 894 in
3024 843 3290 910 personis,
3320 853 3374 898 et
3402 862 3540 901 unus

1976 923 2031 977 in
2060 923 2271 978 deitatis
2312 935 2504 980 natura
2536 925 2647 998 [Z.,
2687 927 2742 980 in
2768 928 2964 983 deitate
3005 930 3243 1003 natura].
3291 931 3419 989 Inde
3460 946 3544 990 est

1975 1013 2118 1080 quod
2167 1011 2220 1065 in
2267 1015 2715 1083 consequentibus
2761 1017 3000 1072 dicitur:
3043 1019 3111 1074 Et
3167 1024 3356 1076 creavit
3401 1023 3542 1078 Deus

1976 1104 2233 1157 hominem
2285 1105 2353 1157 ad
2404 1106 2680 1175 imaginem
2735 1124 2916 1172 suam,
2965 1117 3020 1163 et
3079 1111 3307 1182 reliqua.
3369 1112 3540 1169 Homo

1978 1191 2174 1260 quippe
2209 1191 2275 1246 ad
2325 1192 2615 1264 imaginem
2658 1193 2751 1248 Dei
2792 1194 3009 1261 dicitur,
3061 1199 3353 1252 secundum
3395 1201 3540 1270 quod

1977 1283 2210 1337 animam
2235 1284 2398 1338 habet
2426 1284 2748 1338 invisibilem
2774 1295 2830 1339 et
2851 1287 3208 1343 immortalem
3235 1291 3290 1345 in
3319 1306 3414 1345 sua
3445 1307 3540 1346 na-

1979 1385 2115 1429 tura.
2145 1375 2252 1430 Sed
2280 1376 2322 1430 si
2353 1377 2532 1447 imago
2560 1377 2653 1431 Dei
2685 1388 2766 1430 est
2795 1379 2907 1446 ipsa
2933 1380 3070 1434 ratio
3097 1382 3311 1446 animae,
3345 1382 3535 1438 simili—

1976 1467 2104 1520 tudo
2130 1481 2263 1521 vero
2293 1467 2459 1535 ipsius
2487 1475 2568 1521 est
2594 1478 2795 1522 {eterna
2821 1470 2948 1531 vita,
2987 1487 3146 1540 quam
3195 1473 3416 1529 daturus
3456 1483 3541 1528 est

1975 1555 2225 1611 omnibus
2249 1556 2457 1622 electis,
2487 1559 2701 1627 quando
2730 1559 2832 1613 erit
2859 1560 2983 1613 illud
3012 1561 3153 1630 quod
3175 1559 3406 1618 Joannes
3431 1565 3538 1618 ait:

1977 1643 2183 1700 Similes
2231 1648 2278 1700 ei
2327 1647 2540 1711 erimus,
2591 1655 2647 1700 et
2701 1647 2904 1717 reliqua
2961 1649 3139 1720 (Joan.
3185 1667 3268 1715 IlI,
3317 1652 3397 1722 2),
3432 1669 3540 1708 non

1975 1736 2208 1806 mquales
2234 1737 2364 1792 facti
2397 1737 2694 1802 Divinitati,
2731 1739 2823 1792 sed
2858 1740 3048 1794 sociati
3089 1742 3394 1796 aeternitati.
3425 1743 3539 1798 Ali-

1975 1833 2055 1879 ter
2079 1840 2095 1878 :
2116 1826 2159 1879 si
2183 1826 2359 1896 imago
2387 1826 2482 1880 Dei
2509 1835 2591 1881 est
2621 1827 2673 1880 in
2707 1828 2947 1881 interiori
2977 1829 3210 1894 homine,
3244 1831 3537 1887 similitudo

1973 1916 2027 1970 in
2059 1916 2300 1972 moribus
2325 1934 2338 1970 :
2365 1916 2457 1972 sed
2486 1917 2777 1988 imaginem
2807 1918 2901 1974 Dei
2925 1934 3113 1974 omnes
3135 1921 3355 1985 habent,
3389 1923 3540 1977 simi-

1971 2008 2251 2066 litudinem
2274 2025 2404 2066 vero
2429 2013 2608 2081 pauci.
2651 2013 2727 2067 llli
2765 2015 2908 2068 enim
2946 2017 3253 2086 specialiter
3281 2019 3536 2074 similitu-

1971 2099 2152 2155 dinem
2179 2101 2322 2156 illius
2352 2112 2560 2168 tenent,
2582 2104 2674 2173 qui
2706 2113 2831 2158 sunt
2859 2107 3156 2164 imitatores
3187 2108 3304 2178 ejus
3329 2118 3384 2165 et
3409 2109 3539 2166 illud

1971 2190 2261 2260 adimplent
2281 2193 2425 2262 quod
2454 2193 2531 2247 ait
2559 2212 2572 2246 :
2605 2193 2788 2249 Sancti
2820 2206 2998 2262 estote,
3029 2199 3153 2268 quia
3190 2217 3282 2270 ego
3323 2211 3538 2256 sanctus

1973 2299 2108 2346 sum,
2146 2289 2202 2336 et
2228 2282 2434 2353 reliqua
2468 2284 2610 2356 (Leu.
2641 2300 2720 2351 ιι,
2749 2285 2863 2357 44).
2890 2286 3020 2340 Nam
3049 2289 3312 2354 subditur,
3336 2299 3384 2344 et
3405 2307 3540 2361 pra:-

1966 2373 2033 2426 sit
2054 2373 2280 2442 piscibus
2323 2376 2508 2440 maris,
2547 2385 2601 2430 et
2645 2386 2860 2432 cattcra.
2897 2376 3063 2446 Igitur
3104 2380 3150 2434 si
3187 2390 3383 2436 cuncta
3417 2383 3538 2436 ani-

1969 2465 2170 2519 mantia
2214 2475 2269 2520 et
2313 2467 2557 2522 volatilia
2596 2468 2662 2522 ad
2707 2469 2809 2524 hoc
2858 2479 3037 2524 creata
3075 2482 3199 2527 sunt
3243 2482 3304 2528 ut
3332 2475 3538 2530 homini

1967 2553 2208 2622 subjecta
2239 2565 2452 2622 essent,
2483 2558 2608 2627 quid
2638 2565 2722 2612 est
2743 2545 2886 2628 quod
2913 2561 3079 2614 multa
3109 2563 3268 2616 noxia
3281 2565 3486 2632 patitur
3506 2579 3538 2618 a

1966 2641 2186 2696 bestiis?
2213 2644 2352 2698 Ecce
2378 2644 2490 2698 vult
2518 2646 2736 2715 abigere
2760 2661 2888 2702 aves
2911 2649 3216 2716 nonnullas,
3242 2659 3296 2704 et
3320 2667 3424 2705 non
3449 2667 3535 2704 va-

1968 2730 2041 2784 let
2079 2747 2333 2801 superare
2371 2730 2585 2800 bestiis
2617 2734 2756 2807 [cod.
2795 2734 2860 2789 Ζ.
2889 2753 2990 2790 om.
3041 2738 3287 2810 bestias],
3333 2749 3387 2794 et
3428 2758 3538 2796 non

1967 2833 2166 2893 potest,
2200 2834 2256 2878 et
2297 2825 2460 2878 etiam
2504 2841 2647 2894 saepe
2694 2841 2793 2896 pro
2838 2827 3130 2898 fragilitate
3183 2831 3416 2885 humana
3463 2833 3531 2885 ab

1969 2913 2100 2982 ipsis
2147 2915 2496 2969 interimitur.
2542 2917 2608 2969 Et
2653 2915 2782 2971 licet
2822 2919 3070 2974 omnibus
3117 2921 3379 2975 dominari
3428 2938 3534 2977 non

1967 3013 2146 3072 queat,
2191 3012 2367 3059 tamen
2415 3006 2717 3064 nullatenus
2764 3009 3070 3064 dominatur
3115 3026 3148 3066 a
3193 3012 3379 3068 bestiis
3419 3013 3528 3084 [Z.,

1968 3091 2270 3148 nullatenus
2298 3094 2605 3150 dominatur
2629 3097 2859 3170 bestiis].
2886 3098 2990 3154 Sed
3010 3101 3254 3170 quisquis
3285 3102 3386 3157 ista
3410 3118 3536 3172 pro-

1965 3184 2136 3254 ponit,
2159 3185 2572 3255 attenditqualis
2595 3188 2770 3245 factus
2789 3198 2872 3245 est
2896 3192 3055 3246 homo
3082 3203 3205 3262 post
3226 3204 3530 3264 peccatum;

1965 3285 2020 3328 et
2047 3291 2154 3330 non
2184 3277 2489 3332 considerat
2512 3278 2687 3347 qualis
2714 3281 2921 3336 exstitit
2947 3290 3235 3353 antequam
3257 3295 3529 3354 peccaret.

1965 3363 2222 3421 Conditus
2259 3382 2490 3437 namque
2510 3369 2577 3423 ad
2604 3369 2892 3439 imaginem
2931 3372 3045 3436 Dei,
3070 3373 3116 3428 si
3136 3374 3451 3444 persisteret
3471 3376 3524 3430 ie

1965 3473 2062 3514 suo
2087 3459 2292 3525 ordine,
2318 3461 2498 3514 omnia
2521 3461 2569 3513 ei
2590 3461 2800 3516 subdita
2823 3472 3118 3518 manerent.
3148 3465 3530 3519 Verumtamen

1963 3547 2090 3616 quia
2129 3548 2511 3618 praevaricator
2540 3548 2714 3604 factus
2741 3561 2824 3606 est
2839 3553 3214 3608 mandatorum
3229 3553 3347 3620 Dei,
3379 3568 3528 3622 qua:-

1964 3641 2088 3695 dam
2115 3641 2166 3694 ei
2191 3641 2258 3696 ad
2284 3641 2566 3695 utilitatem
2591 3657 2847 3698 concessa
2873 3653 3019 3710 sunt,
3053 3646 3299 3714 quaedam
3317 3661 3448 3700 vero
3471 3646 3526 3700 in

1964 3727 2226 3798 ﬂagellum
2249 3727 2704 3796 conversa,juxta
2742 3731 2886 3800 quod
2913 3731 3028 3800 ipse
3071 3747 3168 3802 per
3207 3733 3526 3802 prophetam

1963 3817 2039 3870 ait
2067 3835 2080 3869 :
2113 3815 2225 3886 Ego
2259 3816 2514 3870 Dominus
2543 3817 2740 3886 faciens
2777 3835 2985 3888 pacem,
3023 3830 3071 3874 et
3117 3837 3297 3874 creans
3325 3821 3524 3875 malum

1963 3906 2098 3977 (Isa.
2131 3923 2253 3973 xnv,
2285 3907 2360 3978 7).
2387 3907 2588 3963 Crcare
2635 3909 2844 3964 videtur
2885 3911 3026 3966 Deus
3054 3912 3272 3978 malum,
3313 3913 3529 3983 quando

1961 3998 2120 4052 homo
2151 4014 2180 4052 a
2205 3999 2490 4062 creaturis,
2517 4013 2637 4066 qua:
2659 3999 2762 4054 sibi
2785 4000 3036 4070 subjecta:
3061 4017 3180 4057 esse
3206 4003 3521 4070 debuerant,

1959 4088 2165 4160 ﬂagella
2213 4091 2434 4160 patitur.
2489 4091 2656 4161 Igitur
2705 4092 2750 4146 si
2799 4093 2961 4147 homo
3017 4101 3228 4150 teneret
3276 4095 3520 4150 ordinem

1959 4193 2138 4244 suum,
2169 4189 2444 4236 servarent
2478 4189 2534 4235 et
2567 4181 2751 4237 bestia:
2775 4182 3133 4240 obedientiam
3169 4200 3343 4252 suam,
3363 4187 3523 4256 juxta

1957 4268 2096 4338 quod
2137 4269 2190 4322 in
2236 4269 2395 4324 beato
2433 4270 2650 4325 Daniele
2678 4272 2998 4338 ostenditur,
3039 4274 3127 4328 cui
3167 4273 3350 4331 leones
3394 4277 3522 4332 sub-

291 4370 476 4416 creata
505 4369 651 4428 sunt,
692 4362 805 4416 sive
834 4363 954 4431 quia
1008 4362 1246 4417 futurum
1273 4371 1390 4418 erat
1426 4372 1486 4417 ut
1513 4379 1608 4434 per
1659 4381 1852 4437 aquam

1965 4357 2084 4425 iecti
2107 4359 2270 4414 etiam
2307 4369 2547 4431 tempore
2577 4360 2732 4416 futilis
2759 4361 2992 4418 fuerunt.

290 4451 548 4520 baptismi
574 4450 821 4505 homines
842 4450 1268 4507 benedictionem
1306 4465 1784 4523 consequerentur.
1821 4494 1856 4525 ,-

362 4539 528 4595 Vzns.
557 4540 969 4594 24-25.-&Dixit
997 4552 1169 4596 autem
1211 4542 1350 4597 Deus
1373 4557 1391 4594 :
1420 4541 1685 4599 Producat
1716 4558 1855 4604 terra

288 4630 522 4682 animam
569 4630 832 4695 viventem,
870 4637 925 4685 et
970 4630 1198 4700 reliqua,
1245 4648 1412 4701 usque
1458 4643 1504 4688 et
1547 4635 1670 4688 vidit
1717 4637 1854 4692 Deus

287 4719 431 4787 quod
457 4727 588 4772 esset
611 4718 826 4772 bonum.
858 4717 916 4774 Si
944 4720 1089 4774 enim
1121 4719 1259 4774 Deus
1282 4723 1403 4776 uidit
1447 4724 1583 4792 quod
1604 4735 1734 4778 esset
1759 4728 1848 4780 bo-

286 4825 433 4872 num,
462 4809 590 4878 quid
611 4809 894 4864 dicendum
917 4811 982 4865 de
1003 4812 1283 4880 putredine
1334 4814 1585 4868 arborum
1619 4823 1676 4870 et
1702 4817 1850 4871 inﬁr-

288 4898 580 4952 mitatibus
616 4898 948 4953 diversarum
991 4903 1398 4956 creaturarum?
1450 4904 1552 4957 nisi
1599 4906 1850 4972 quoniam

283 5004 407 5043 cum
431 4997 616 5043 creata
642 4994 788 5054 sunt,
819 5005 926 5046 non
960 4993 1292 5060 apparebant
1337 4991 1453 5046 ista:
1486 4993 1847 5060 infirmitates,

280 5080 377 5132 sed
409 5079 459 5131 in
485 5095 582 5133 sua
613 5080 820 5147 origine
847 5089 1173 5149 acceperunt
1195 5090 1254 5134 ut
1283 5083 1334 5136 in
1361 5081 1541 5136 futuro
1570 5083 1846 5140 haberent.

281 5166 390 5220 Sed
413 5167 540 5236 quid
567 5176 650 5222 est
673 5168 814 5237 quod
839 5167 915 5220 ait
939 5185 951 5220 :
989 5167 1126 5220 Vidit
1147 5167 1288 5222 Deus
1312 5169 1449 5239 quod
1477 5180 1605 5223 esset
1636 5171 1846 5238 bonum,

2035 4452 2194 4506 Vens.
2227 4452 2315 4505 27.
2339 4484 2410 4492 ——-
2433 4453 2728 4508 Notandum
2755 4453 2863 4526 [Z.,
2891 4454 3300 4528 Notandumque
3329 4459 3522 4532 quod],

1958 4542 2082 4612 quia
2110 4544 2252 4611 quod
2281 4544 2440 4599 homo
2480 4545 2547 4599 ad
2590 4545 2874 4614 imaginem
2914 4546 3007 4600 Dei
3044 4548 3290 4603 conditus
3337 4549 3429 4615 sit,
3469 4557 3525 4603 et

1954 4632 2143 4686 bestiis
2162 4647 2412 4701 praeesse,
2437 4633 2489 4686 in
2514 4634 2626 4704 ipsa
2653 4636 2926 4691 creatione
2952 4637 3033 4691 sui
3061 4645 3116 4691 et
3148 4647 3521 4693 creaturarum

1952 4730 2231 4776 ostensum
2259 4730 2359 4776 est.
2394 4721 2564 4777 llomo
2604 4739 2835 4794 namque
2864 4737 3077 4781 creatus
3096 4737 3180 4783 est
3211 4739 3424 4784 erectus
3463 4738 3521 4784 ut

1951 4810 2188 4865 catlestia
2210 4812 2572 4867 consideraret
2587 4811 2798 4878 {bestiaa
2823 4832 2949 4872 vero
2969 4833 3171 4886 pronae,
3187 4827 3246 4872 ut
3268 4819 3520 4874 ostende-

1952 4909 2074 4954 rent
2095 4902 2458 4956 obedientiam
2487 4918 2660 4957 suam.
2680 4903 2896 4960 Creavit
2923 4907 3086 4977 igitur
3110 4909 3200 4964 Dei
3216 4909 3381 4963 Filius
3401 4907 3515 4979 [Z.,

1956 4997 2094 5050 Deus
2116 4994 2306 5066 Filius]
2333 4995 2604 5052 hominem
2633 4998 2700 5052 ad
2722 4997 3006 5070 imaginem
3041 5017 3210 5065 suam,
3241 5009 3294 5056 et
3313 5000 3516 5055 creavit

1951 5086 2017 5139 ad
2033 5085 2317 5156 imaginem
2332 5085 2529 5152 Patris,
2544 5087 2666 5155 quia
2691 5089 2802 5159 ipse
2823 5099 2903 5145 est
2927 5091 3102 5162 imago
3124 5091 3216 5144 Dei
3235 5090 3428 5167 Patris,
3448 5091 3516 5144 ad

1950 5175 2102 5245 cujus
2127 5176 2590 5244 imaginemetiam
2621 5181 2866 5234 conditus
2892 5192 2974 5236 est
2999 5183 3181 5235 homo.
3211 5179 3513 5234 Secundum

279 5255 335 5307 id
382 5263 468 5308 est
523 5255 579 5309 in
612 5271 676 5308 ea
709 5255 946 5310 bonitate
991 5255 1190 5324 placuit
1239 5265 1296 5310 ut
1332 5267 1592 5324 maneret,
1640 5259 1694 5314 iu
1736 5276 1843 5330 qua
1944 5267 2108 5330 enim,
2153 5276 2310 5335 prout
2339 5267 2452 5337 jam
2487 5269 2688 5325 dictum
2741 5281 2844 5337 est,
2887 5272 3197 5326 interiorem
3239 5271 3510 5326 hominem

277 5343 482 5414 placuit
512 5352 570 5398 ut
597 5344 748 5399 ﬂeret
774 5347 916 5414 quod
942 5345 1084 5400 fecit.
1121 5345 1376 5417 Sequitur
1401 5367 1416 5402 :

349 5433 513 5488 Vm.
540 5433 632 5488 26.
655 5464 725 5474 -
749 5433 1036 5490 Faciamus
1060 5438 1321 5494 hominem
1361 5440 1431 5494 ad
1478 5441 1759 5513 imaginem
1794 5453 1842 5498 et

271 5522 670 5591 similitudinem
698 5532 949 5578 nostram.
973 5525 1112 5593 Quid
1133 5535 1220 5583 est
1245 5528 1386 5598 quod
1412 5529 1487 5584 ait
1518 5548 1530 5583 :
1557 5529 1842 5588 Faciamus

273 5614 534 5670 hominem
563 5615 631 5670 ad
657 5615 933 5688 imaginem
965 5621 1235 5674 nostram?
1268 5621 1366 5676 nisi
1393 5622 1515 5692 quia
1539 5621 1650 5691 jam
1684 5626 1846 5682 ratio-

1948 5355 2056 5428 [Z.,
2085 5358 2138 5412 in
2161 5359 2418 5413 interiore
2441 5361 2704 5434 homine],
2736 5364 2858 5433 quia
2886 5361 3164 5416 rationalis
3189 5372 3292 5426 est,
3317 5371 3370 5418 ει
3393 5364 3510 5418 ειηίσ

1945 5463 2088 5502 mam
2113 5448 2276 5504 habet
2300 5449 2352 5503 in
2384 5465 2476 5505 sua
2506 5461 2722 5518 natura,
2761 5461 2816 5507 et
2841 5450 3157 5506 immortalis
3199 5437 3372 5506 factus
3404 5461 3507 5506 est.

1945 5536 2097 5593 Unde
2130 5538 2410 5608 Apostolus
2434 5541 2547 5595 ait:
2595 5540 2684 5593 Vir
2706 5558 2806 5594 non
2831 5540 2975 5594 debet
3021 5543 3189 5596 velare
3216 5527 3369 5612 caput
3394 5540 3506 5612 [Z.,

1949 5639 2098 5700 caput
2125 5629 2322 5702 suum],
2353 5632 2476 5701 quia
2508 5633 2676 5701 imago
2710 5631 2801 5684 Dci
2827 5641 2897 5684 cst
2931 5646 2947 5681 :
2982 5633 3166 5688 mulier
3190 5646 3357 5689 autent
3385 5623 3511 5688 refer
