4044 6326
521 313 622 369 123

1501 273 1887 359 Ἀκαειοδιι
1926 295 2381 354 LUXOVIENSIS
2418 297 2724 355 nomen:

3648 300 3755 355 ηι

519 433 673 494 caput
700 438 874 486 suum,
915 421 1036 490 quia
1080 418 1252 488 imago
1297 426 1369 471 est
1399 416 1494 470 viri
1535 415 1584 486 (Ι
1633 414 1754 471 Cor.
1797 429 1869 473 ιιι,
1903 410 1977 481 7).
2024 407 2083 461 In
2109 409 2300 474 Anes,
2332 409 2536 464 similes
2567 410 2924 476 suntbestiis;
2951 410 2995 466 si
3023 418 3201 466 autem
3222 420 3502 482 reguntur,
3528 397 3755 468 omnino

520 523 778 584 quantum
814 512 957 566 enim
1007 512 1167 564 homo
1215 510 1281 562 ad
1322 508 1564 562 coelestia
1603 506 1775 560 tendit
1815 511 1868 559 et
1904 503 2082 557 divina

518 602 930 672 contemplatur,
963 616 1067 654 non
1096 601 1257 654 debet
1277 599 1457 654 velare
1493 604 1670 666 caput,
1704 596 1877 659 idest,
1905 593 2086 648 obsta-

520 695 697 750 colum
733 692 941 762 peccati
973 691 1140 745 menti
1187 704 1476 760 opponere.
1529 687 1584 741 Si
1636 697 1812 740 autem
1843 686 2085 740 omiserit

521 784 703 838 divina
734 780 1005 845 meditari,
1031 789 1085 834 et
1108 778 1436 833 converterit
1457 777 1522 830 ad
1557 785 1767 830 terrena
1796 773 2080 843 superﬂue,

522 888 627 926 non
650 871 762 939 jam
785 871 887 935 vir,
915 871 1008 924 sed
1034 868 1232 922 femina
1261 867 1480 930 dicitur,
1510 873 1562 920 et
1599 866 1716 919 ideo
1751 865 1893 919 velet
1921 872 2084 934 caput

521 971 582 1014 ut
630 960 841 1024 mulier,
896 959 951 1012 Id
1003 963 1085 1011 cst
1129 963 1292 1026 ponat
1337 954 1670 1008 obstaculum
1709 953 1962 1021 justitiie,
2014 968 2082 1008 ne

517 1051 648 1106 dum
689 1049 836 1104 licita
873 1047 1106 1118 cogitare
1133 1044 1375 1113 cmperit,
1423 1044 1489 1097 ad
1536 1044 1720 1099 illicita
1747 1053 2080 1114 prorumpat,

517 1149 576 1196 et
615 1148 787 1196 totum
815 1155 873 1195 se
910 1139 978 1194 ad
1012 1136 1280 1192 exteriora
1318 1133 1601 1201 diﬂ'undat,
1640 1134 1781 1189 unde
1805 1136 1974 1190 Deum
2003 1133 2082 1188 of-

519 1227 718 1284 fendat.

589 1317 879 1374 Masculum
925 1325 971 1370 et
1001 1316 1248 1384 feminam
1286 1317 1476 1370 creavit
1499 1332 1606 1370 eos.
1637 1315 1746 1370 Cur
1772 1315 1968 1370 dicitur
2001 1313 2081 1369 fe-

517 1409 718 1463 minam
740 1414 974 1461 creatam
993 1420 1136 1471 esse,
1177 1420 1299 1460 cum
1323 1407 1665 1474 postmodum
1697 1413 1948 1459 narratur
1968 1405 2082 1474 for-

514 1511 677 1565 mata,
710 1500 810 1554 nisi
836 1499 962 1569 quia
1005 1515 1101 1570 per
1131 1499 1395 1569 originem
1444 1498 1498 1552 in
1537 1497 1652 1551 viro
1699 1496 1903 1550 creavit
1939 1510 2082 1558 eam,

513 1589 639 1658 quia
687 1587 808 1660 [Z.,
839 1588 980 1659 qum]
1020 1603 1084 1641 cx
1123 1589 1238 1641 viro
1273 1587 1550 1641 formanda
1599 1585 1752 1640 erat?
1789 1585 2082 1640 Masculum

512 1687 692 1734 autem
714 1695 876 1733 unum
893 1687 946 1732 et
967 1679 1218 1732 feminam
1240 1677 1500 1746 imprimis
1515 1677 1716 1730 creavit
1737 1676 1876 1730 Deus
1895 1689 2079 1738 unam,

2187 509 2582 556 mansuescunt.
2630 501 2766 557 Hinc
2810 501 3006 556 Paulus
3069 504 3192 558 ait:
3251 503 3356 570 Qui
3403 515 3577 560 autem
3625 514 3748 558 sunt

2184 587 2396 653 Christi,
2427 605 2634 644 carnem
2664 607 2813 644 suam
2845 591 3214 660 cruciﬁxerunt
3243 591 3385 662 (Gal.
3413 609 3466 657 v,
3489 593 3603 663 24).
3641 591 3750 650 Sed

2183 683 2441 752 qumritur
2467 681 2521 736 in
2561 698 2722 752 quam
2750 683 3036 737 utilitatem
3075 684 3496 738 dominationem
3535 686 3746 754 accepit

2183 775 2342 830 homo
2381 775 2432 827 in
2465 775 2660 844 pisces,
2691 783 2743 829 et
2771 775 3022 840 volatilia,
3056 785 3111 830 et
3145 785 3363 843 cmtera,
3391 776 3476 832 vel
3507 777 3575 831 ad
3609 792 3747 846 quos

2181 865 2348 918 usus?
2374 863 2489 917 Non
2519 864 2662 917 enim
2699 865 3004 919 comederet
3035 865 3081 919 si
3109 881 3216 921 non
3237 874 3533 936 peccasset,
3558 867 3654 920 sed
3677 866 3746 919 ad

2182 966 2361 1006 escam
2390 951 2560 1007 solum
2601 951 2852 1006 arborum
2892 960 3020 1006 sunt
3042 952 3254 1008 fructus
3281 955 3334 1008 in
3361 955 3534 1024 prima
3559 955 3750 1010 condi-

2185 1041 2327 1097 tione
2356 1043 2618 1098 concessi.
2649 1041 2763 1096 Nisi
2794 1041 2932 1097 forte
2960 1043 3242 1098 dicendum
3273 1053 3357 1100 est
3399 1045 3523 1114 quia
3555 1059 3749 1115 pecca-

2182 1139 2360 1185 turum
2387 1132 2702 1201 praesciebat
2726 1145 2846 1188 eum
2877 1132 3040 1198 Deus,
3085 1143 3138 1187 et
3173 1134 3454 1189 mortalem
3475 1135 3751 1204 peccando

2181 1221 2442 1276 futurum.
2493 1222 2723 1292 Ideoque
2775 1222 2962 1278 solatia
3010 1224 3428 1292 primordialiter
3470 1225 3748 1288 instituit,

2181 1314 2376 1382 quibus
2396 1328 2548 1368 suam
2570 1313 2908 1383 fragilitatem
2931 1314 3098 1383 possit
3121 1314 3285 1382 tueri,
3308 1329 3404 1370 seu
3429 1314 3750 1370 alimentum

2181 1419 2249 1458 ex
2281 1404 2364 1458 his
2387 1402 2472 1457 vel
2505 1413 2698 1458 caetera
2726 1405 3048 1458 necessaria.

2254 1484 2532 1559 Vsasf29,
2559 1495 2648 1550 50.
2693 1525 2764 1538 --
2802 1494 3046 1566 Dixitque
3072 1495 3214 1550 Deus
3249 1510 3268 1548 :
3303 1495 3440 1552 Ecce
3461 1497 3580 1552 dedi
3608 1498 3756 1552 vobis

2183 1599 2384 1639 omnem
2425 1585 2658 1652 herbam,
2706 1595 2756 1640 et
2793 1586 3031 1640 universa
3069 1585 3234 1656 ligna,
3275 1595 3408 1653 etc.,
3462 1603 3656 1657 usque,
3689 1598 3751 1640 ut

2182 1677 2285 1730 sint
2308 1675 2446 1730 vobis
2473 1677 2527 1730 in
2549 1693 2743 1741 escam,
2769 1685 2817 1730 et
2836 1677 3036 1730 cunctis
3061 1678 3412 1732 animantibus
3435 1687 3607 1733 terrae.
3640 1678 3756 1733 Cur

513 1782 620 1821 non
649 1776 706 1820 ut
734 1765 983 1819 animalia
1007 1773 1063 1818 et
1092 1772 1283 1818 caetera
1311 1744 1486 1833 plura,
1516 1772 1574 1817 ut
1596 1765 1885 1818 humanum
1913 1777 2081 1833 genus
2116 1744 2157 1802 Β
2184 1769 2327 1822 enim
2366 1769 2568 1834 herba},
2625 1776 2680 1823 et
2727 1767 2938 1824 fructus
2965 1767 3230 1838 lignorum
3275 1768 3525 1824 dicuntur
3551 1770 3662 1825 dati
3695 1771 3755 1824 in

511 1857 706 1909 ardore
735 1855 801 1909 ad
830 1854 1056 1908 invicem
1103 1853 1381 1907 charitatis
1415 1852 1830 1922 constringeret,
1851 1852 1992 1920 quod
2023 1865 2081 1904 se

514 1961 579 1997 ex
612 1960 718 1999 uno
741 1953 962 2016 parente
1001 1953 1177 1999 ortum
1199 1929 1316 2014 [Z.,
1353 1951 1528 1998 ortum
1554 1941 1696 2014 esse]
1725 1943 2078 1997 meminisset.

521 2036 670 2092 Unde
713 2035 990 2091 mulierem
1036 2050 1101 2089 ex
1151 2035 1251 2088 viri
1291 2033 1460 2089 latere
1502 2033 1774 2098 formavit,
1808 2041 1869 2088 ut
1897 2041 2081 2086 mutua

516 2129 726 2182 illorum
748 2127 1123 2197 conjunctione
1141 2135 1337 2180 terram
1360 2140 1478 2179 esse
1501 2125 1821 2195 implendam
1844 2125 2078 2179 doceret.

585 2219 749 2274 Vsus.
780 2217 869 2272 28.
898 2247 968 2256 —
992 2215 1366 2286 Benedixitque
1386 2215 1490 2268 illis
1511 2215 1729 2269 dicens:
1757 2213 2001 2277 Crescite,
2032 2223 2081 2268 et

514 2306 958 2378 multiplicamini,
1010 2315 1057 2360 et
1103 2305 1290 2376 replete
1321 2315 1534 2369 terram,
1589 2315 1636 2359 et
1673 2304 1914 2374 subjicite
1945 2319 2105 2374 eam.

515 2399 670 2454 Hanc
721 2398 1041 2453 sententiam
1099 2396 1341 2450 nonnulli
1397 2395 1753 2450 historialiter
1802 2395 2079 2458 sentiunt,

517 2491 734 2563 quidam
760 2504 889 2545 vero
937 2489 1282 2559 spiritaliter;
1329 2487 1423 2542 sed
1470 2487 1662 2542 melius
1687 2526 1702 2552 ,
1741 2486 1831 2556 qui
1856 2494 2085 2554 utroque

514 2581 696 2637 modo.
725 2580 832 2636 Sed
861 2579 1156 2644 sciendum,
1191 2579 1442 2648 quoniam
1485 2593 1590 2632 non
1638 2586 1721 2633 est
1749 2575 2080 2641 incredibile,

512 2670 808 2728 secundum
838 2669 1262 2726 benedictionem
1291 2669 1383 2723 Dei
1409 2683 1568 2738 posse
1587 2681 1838 2723 crescere
1865 2676 1918 2722 et
1939 2667 2082 2722 mul-

517 2759 754 2832 tiplicari
779 2774 872 2814 eos
903 2773 1003 2829 per
1042 2757 1260 2820 coitum,
1305 2757 1352 2811 si
1395 2757 1830 2824 obtemperantes
1859 2755 2086 2811 fuissent

513 2850 798 2922 praeceptis
820 2849 1036 2914 divinis,
1060 2847 1134 2902 ita
1167 2860 1292 2902 vero
1323 2853 1383 2901 ut
1417 2847 1659 2900 membra
1687 2845 1937 2916 genitalia
1975 2861 2087 2900 mo-

513 2947 772 2994 verentur
799 2947 1013 3004 natura,
1046 2953 1150 2992 non
1174 2935 1352 3005 aliqua
1389 2935 1678 3006 instigante
1703 2935 2086 3006 concupiscen-

516 3030 590 3082 tia
623 3028 878 3093 libidinis,
927 3027 1107 3083 ut‘tot
1145 3027 1394 3081 videlicet
1423 3035 1840 3096 procrearentur
1882 3042 1946 3082 ex
2005 3026 2085 3080 eis

517 3118 694 3183 electi,
741 3125 872 3187 quot
912 3118 1140 3187 eligendi
1188 3125 1312 3184 sunt
1351 3095 1708 3172 exiomnibus
1743 3116 1991 3188 gentibus
2017 3118 2084 3173 ad
2113 3095 2156 3158 (ἶ

519 3209 928 3263 instaurandum
976 3225 1261 3264 numerum
1291 3209 1622 3280 angelorum,
1653 3218 1710 3264 et
1745 3224 2085 3280 nequaquam

517 3298 623 3354 sibi
671 3299 1017 3354 succederent
1064 3299 1370 3363 moriendo;
1421 3293 1516 3354 sed
1550 3297 1815 3370 completo
1854 3315 2082 3355 numero

522 3387 816 3444 electorum
843 3404 874 3442 a
911 3389 1177 3458 corporali
1219 3390 1468 3460 paradiso
1515 3390 1632 3445 sine
1673 3399 1846 3444 morte
1881 3391 1947 3446 ad
1975 3406 2088 3446 cm-

521 3477 710 3533 lestem
741 3477 1053 3532 transirent.
1107 3476 1214 3532 Sed
1253 3479 1572 3549 quibusdam
1608 3479 1708 3534 hoc
1754 3479 2085 3550 impossibile

525 3567 737 3624 videtur
764 3607 782 3636 ,
813 3575 872 3620 ut
899 3567 1140 3623 membra
1180 3569 1482 3637 potuissent
1509 3569 1712 3623 moveri
1742 3570 1948 3640 absque
1970 3571 2090 3626 libi-

522 3655 666 3723 dine,
705 3672 827 3712 eum
883 3658 1144 3722 membra,
1182 3657 1458 3728 inquiunt,
1489 3659 1918 3727 concupiscentia
1975 3677 2091 3717 mo-

522 3756 734 3804 ventur.
763 3748 870 3805 Sed
894 3749 1173 3804 attendant
1197 3749 1321 3819 quia
1342 3764 1448 3805 non
1481 3749 1649 3804 solum
1680 3751 1732 3805 in
1759 3751 2090 3818 hominibus,

525 3843 620 3896 sed
656 3841 819 3896 etiam
845 3841 898 3895 in
929 3841 1115 3899 bestiis
1152 3839 1612 3896 irrationabilibus
1639 3840 1819 3910 aliqua
1849 3843 2091 3897 membra

522 3939 828 3997 moventur,
859 3937 914 3986 et
933 3939 1128 3996 caetera
1162 3928 1456 3984 immobilia
1485 3938 1822 3998 permanent,
1845 3945 1966 3999 qum
1987 3931 2087 3995 eis,

525 4020 573 4075 si
611 4011 937 4084 dicerentur,
983 4035 1089 4075 non
1136 4021 1418 4075 crederent
1459 4019 1561 4074 nisi
1608 4027 1908 4075 cernerent.
1941 4021 2093 4091 Saepe

525 4127 758 4182 namque
803 4111 943 4167 cutis
966 4109 1234 4175 animalis,
1284 4110 1488 4166 muscis
1528 4111 1822 4177 stimulata,
1850 4120 2095 4168 movetur

526 4201 742 4267 sola,ut
767 4215 985 4257 muscas
1013 4201 1280 4267 excutiat,
1317 4210 1511 4258 caetera
1542 4203 1781 4258 membra
1801 4203 2093 4260 immobilia

525 4300 892 4362 perseverant.
939 4292 1030 4348 Sic
1064 4293 1226 4349 etiam
1275 4302 1333 4349 et
1388 4294 1537 4350 auris
1583 4309 1689 4349 una
1733 4304 1998 4362 movetur,
2039 4306 2096 4353 et

531 4391 725 4437 czetera
751 4383 1069 4452 quiescunt;
1105 4391 1159 4437 et
1178 4384 1345 4438 multa
1371 4383 1474 4438 alia
1499 4400 1616 4454 qua:
1650 4385 1982 4442 incredibilia
2012 4385 2094 4440 fo-

531 4481 657 4528 rent
703 4474 806 4529 nisi
834 4474 1162 4531 viderentur.
1196 4476 1254 4532 Si
1283 4479 1462 4548 itaque
1509 4479 1609 4533 ista
1643 4489 1868 4551 possunt
1893 4480 2010 4536 fieri
2039 4483 2093 4536 in

534 4566 790 4621 membris
838 4567 1304 4636 irrationabilium,
1353 4578 1555 4642 quanto
1604 4571 1776 4642 magis
1818 4587 1883 4627 ex
1927 4572 2094 4626 bene-

532 4655 767 4712 dictione
815 4656 1022 4711 Domini
1055 4659 1296 4714 membra
1333 4669 1548 4727 natura,
1581 4677 1687 4717 non
1712 4663 2095 4732 concupiscen-

533 4745 608 4799 tia
631 4746 698 4801 ad
725 4747 1112 4816 procreandum
1149 4751 1354 4805 moveri
1392 4752 1712 4821 quivcrant?
1751 4753 1816 4806 Et
1857 4751 2013 4806 sicuti
2041 4751 2093 4805 in

533 4832 681 4889 cultu
703 4835 845 4908 ruris
881 4836 1055 4906 agitur
1075 4838 1141 4893 ad
1169 4848 1378 4911 segetes
1409 4840 1785 4910 procreandas,
1819 4839 1890 4893 ita
1921 4839 2094 4894 Adam

533 4926 654 4983 sine
702 4928 1133 4999 concupiscentia
1183 4932 1236 4986 in
1288 4932 1642 5002 illamuliere
1679 4930 1847 4985 valuit
1892 4930 2098 5001 prolem

534 5030 842 5087 procreare.

607 5107 769 5165 Salva
819 5109 1081 5166 historiali
1123 5109 1654 5182 narratione,potcst
1703 5109 1893 5165 referri
1931 5110 1996 5164 ad
2025 5109 2103 5164 fe-

538 5198 869 5255 cunditatem
909 5201 1102 5256 anima:
1125 5241 1142 5267 ,
1189 5203 1418 5265 crescite,
1460 5201 1512 5256 id
1541 5207 1642 5266 est,
1669 5199 2098 5270 multiplicamini

536 5290 928 5359 augmentando
958 5293 1212 5358 virtutes,
1243 5301 1298 5345 et
1329 5288 1515 5359 replete
1549 5299 1763 5354 terram,
1797 5288 1896 5343 sub
1921 5289 2100 5344 carnis

534 5383 824 5441 virtutibus
851 5386 1197 5452 fecunditate,
1227 5393 1284 5439 et
1319 5383 1568 5454 subjicite
1590 5383 1818 5452 spiritui,
1850 5392 1905 5439 et
1929 5385 2100 5441 domi-

537 5474 740 5530 namini
784 5476 1006 5542 bestiis,
1055 5477 1159 5530 hoc
1217 5483 1320 5540 est,
1377 5473 1648 5540 motibus,
1700 5488 1835 5544 quos
1897 5474 2101 5530 similes

535 5563 740 5634 bestiis,
771 5583 867 5638 per
895 5565 1298 5636 temperantiam
1331 5564 1443 5637 [Z.,
1479 5565 1687 5620 habetis
1711 5581 1809 5636 per
1842 5566 2100 5634 intempe-

537 5655 827 5728 rantiam];
860 5657 948 5727 qui
979 5657 1020 5712 si
1050 5665 1331 5726 erumpunt
1356 5657 1408 5710 in
1437 5657 1766 5726 perniciosas
1788 5655 2095 5713 delectatio-

2180 1857 2586 1912 escamcunctis
2604 1857 3169 1921 animantibuslerlaa,
3195 1867 3250 1912 et
3273 1857 3597 1924 volatilibus,
3624 1875 3756 1914 cum

2182 1945 2361 2001 multa!
2405 1948 2512 2001 sint
2539 1944 2732 2019 [Petr.,
2760 1947 2908 2020 sunt]
2954 1948 3160 2013 bestiae,
3207 1958 3262 2003 et
3309 1949 3571 2016 volatilia,
3625 1967 3755 2020 qua:

2182 2050 2371 2092 carnes
2393 2039 2696 2103 comedunt,
2717 2049 2770 2092 et
2787 2054 2893 2093 non
2923 2039 3137 2093 aluntur
3163 2039 3406 2110 frugibus
3433 2052 3612 2105 terrae,
3639 2043 3752 2096 sie-

2180 2135 2243 2181 ut
2283 2137 2409 2183 sunt
2457 2129 2640 2184 leones
2680 2141 2733 2184 et
2776 2137 2995 2195 caetera,
3029 2129 3132 2184 nisi
3166 2139 3257 2184 aut
3293 2131 3598 2200 specialiter
3657 2131 3754 2184 illa

2182 2217 2354 2287 posita
2395 2223 2668 2286 suntquae
2708 2217 2794 2272 his
2842 2226 3138 2287 pascuntur
3185 2219 3358 2286 escis;
3409 2229 3502 2274 aut
3532 2220 3760 2274 etiamsi

2182 2321 2374 2362 carnes
2402 2307 2709 2372 comedunt,
2740 2322 2808 2374 ex
2857 2307 2942 2362 his
2988 2306 3222 2375 aluntur,
3251 2311 3376 2379 quia
3401 2325 3629 2381 corpora
3656 2327 3755 2367 eo-

2183 2409 2302 2450 rum
2349 2397 2635 2451 comedunt
2665 2412 2784 2466 quae
2808 2397 2894 2452 his
2921 2399 3104 2453 herbis
3130 2407 3224 2453 aut
3248 2399 3493 2470 frugibus
3518 2416 3753 2470 pascun-

2184 2497 2302 2554 tur,
2337 2488 2492 2543 sicuti
2541 2498 2840 2558 serpentes,
2877 2489 2969 2557 qui
2999 2498 3280 2563 morantur
3306 2491 3360 2546 in
3395 2493 3639 2547 arenosis
3666 2493 3750 2548 lo.-

2185 2580 2286 2646 cis,
2313 2581 2406 2636 sed
2432 2590 2634 2636 mortes
2658 2581 3012 2636 animantium
3036 2591 3165 2636 sunt
3189 2583 3268 2638 eis
3288 2583 3344 2638 in
3365 2598 3570 2639 escam.

2257 2669 2420 2726 Vsus.
2451 2671 2539 2726 '51.
2561 2702 2632 2712 —
2663 2669 2805 2725 Vidit
2827 2670 2971 2724 Deus
2995 2682 3182 2725 cuncta
3210 2689 3328 2743 qua:
3355 2672 3498 2741 fecit,
3533 2682 3582 2728 et
3603 2686 3756 2727 erant

2184 2759 2333 2814 valde
2361 2759 2516 2813 bona.
2537 2757 2671 2814 Cum
2691 2759 2833 2814 enim
2857 2760 3104 2830 superius
3128 2762 3294 2816 multa
3318 2769 3498 2816 creata
3528 2772 3678 2827 sunt,
3700 2772 3759 2818 et

2186 2848 2384 2902 dictum
2423 2857 2506 2904 est
2555 2864 2653 2918 per
2699 2849 2942 2920 singula,
2987 2849 3058 2904 Et
3108 2851 3236 2904 uidit
3268 2850 3410 2906 Deus
3441 2853 3580 2923 quod
3624 2862 3760 2906 esset

2186 2937 2397 3003 bonum,
2422 2953 2518 2993 cur
2547 2938 2600 2992 in
2629 2938 2734 2992 line
2760 2938 2976 3005 dicitur,
3004 2946 3053 2992 et
3093 2948 3242 2993 erant
3267 2939 3416 3010 valde
3453 2941 3618 3006 bona,
3651 2940 3756 3000 nisi

2188 3027 2314 3096 quia
2355 3028 2408 3082 in
2456 3029 2570 3084 suis
2598 3029 2878 3098 speciebus
2905 3028 3076 3083 divisa
3103 3029 3243 3084 bona
3265 3040 3420 3098 sunt;
3443 3030 3633 3099 juncta
3662 3045 3758 3087 au-

2189 3128 2297 3176 tem
2319 3118 2481 3176 simul
2530 3135 2635 3176 non
2679 3120 2852 3177 solum
2881 3121 3039 3185 bona,
3071 3123 3164 3177 sed
3199 3123 3359 3177 etiam
3385 3124 3440 3178 in
3461 3139 3560 3178 sua
3591 3139 3757 3193 genev

2189 3213 2402 3268 ralitate
2426 3215 2580 3270 valde
2621 3217 2758 3269 bona
2812 3215 2972 3270 sunt?
2999 3213 3160 3268 Verbi
3198 3215 3392 3285 gratia,
3423 3214 3614 3270 laudas
3633 3230 3763 3270 ocu-

2189 3304 2299 3359 lum
2329 3306 2382 3360 in
2401 3320 2626 3375 corpore
2645 3320 2742 3375 per
2767 3320 2846 3370 se,
2872 3313 2976 3360 etc.
2995 3323 3010 3371 ;
3038 3306 3141 3360 alia
3161 3307 3401 3362 membra
3423 3307 3759 3377 specialiter;

2190 3395 2472 3465 conjuncta
2521 3405 2721 3460 autem,
2765 3405 2824 3451 ut
2865 3396 2936 3451 sit
2969 3412 3136 3452 unum
3178 3412 3394 3468 corpus,
3437 3412 3545 3452 non
3585 3397 3762 3453 solum

2189 3486 2330 3542 bona
2362 3487 2518 3551 dicis,
2560 3487 2656 3541 sed
2692 3486 2852 3540 etiam
2876 3485 3030 3540 valde
3071 3487 3244 3552 bona;
3272 3488 3403 3541 etin
3433 3495 3642 3541 tantum
3670 3503 3763 3558 ge-

2190 3576 2447 3632 neralitas
2494 3577 2746 3631 laudatur
2785 3577 2840 3630 in
2885 3592 3133 3646 corpore,
3176 3587 3239 3631 ut
3287 3578 3500 3632 etiamsi
3546 3577 3763 3648 aliquod

2190 3668 2490 3724 membrum
2529 3667 2652 3722 inde
2677 3667 3022 3737 praecidatur,
3063 3674 3169 3722 n0n
3208 3667 3380 3722 solum
3421 3675 3505 3722 est
3549 3667 3760 3732 inutile,

2190 3761 2286 3816 sed
2314 3759 2478 3815 etiam
2520 3759 2688 3815 foedat
2731 3773 2945 3830 corpus.
2992 3758 3101 3814 Seu
3140 3759 3260 3815 ideo
3297 3759 3514 3814 homine
3543 3759 3763 3815 condita

2189 3850 2326 3906 bene
2362 3851 2704 3922 singulariter
2745 3865 2851 3905 non
2885 3837 3099 3914 dicitur,
3124 3851 3246 3904 vidit
3288 3849 3429 3903 Deus
3464 3848 3602 3918 quod
3628 3857 3762 3903 esset

2191 3943 2403 4007 bonum,
2445 3943 2584 3998 sicut
2620 3943 2686 3998 de
2729 3942 2938 3998 caeteris
2985 3941 3264 4001 creaturis,
3291 3941 3382 3995 sed
3421 3949 3542 4012 post
3565 3952 3764 3995 cuncta

2191 4044 2374 4092 creata
2403 4037 2604 4093 dictum
2634 4046 2735 4103 est,
2777 4048 2824 4092 et
2854 4047 3000 4092 erant
3027 4035 3176 4092 valde
3207 4036 3364 4101 bona,
3392 4037 3516 4106 quia
3541 4044 3765 4106 propter

2191 4127 2461 4184 hominem
2507 4137 2688 4184 creata
2743 4136 2888 4183 sunt.
2955 4127 3091 4182 Nam
3150 4135 3309 4182 antea
3356 4127 3509 4196 quasi
3549 4127 3767 4196 singula

2192 4227 2349 4272 erant
2382 4218 2557 4284 bona;
2595 4218 2810 4272 homine
2847 4223 3044 4283 autem,
3083 4226 3304 4286 propter
3345 4231 3505 4285 quem
3543 4216 3770 4270 condita

2194 4314 2339 4372 sunt,
2376 4315 2579 4372 creato,
2618 4307 2729 4377 jam
2758 4307 2988 4372 dicitur,
3028 4307 3180 4361 valde
3210 4306 3376 4372 bona,
3421 4305 3546 4376 quia
3581 4305 3770 4359 omnia

2120 4435 2171 4494 Β
2197 4395 2252 4448 in
2283 4396 2531 4450 decorem
2557 4395 2792 4450 hominis
2812 4405 2992 4451 creata
3037 4404 3184 4460 sunt,
3225 4397 3387 4451 homo
3415 4410 3544 4450 vero
3573 4395 3626 4449 in
3655 4394 3772 4466 glo-

2197 4483 2338 4538 riam
2374 4493 2430 4540 et
2450 4484 2658 4540 laudem
2679 4485 2976 4542 conditoris
2999 4486 3082 4541 sui
3107 4484 3279 4540 factus
3303 4493 3404 4541 est.

2817 4635 3044 4693 CAPUT
3081 4636 3144 4690 ll.

2270 4751 2431 4805 Vsus.
2462 4748 2620 4803 l.—I
2621 4750 2762 4820 gitur
2783 4751 2996 4820 perfecti
3011 4759 3130 4804 sunt
3145 4748 3258 4804 caeli
3281 4758 3331 4802 et
3357 4759 3512 4812 terra,
3528 4759 3576 4803 et
3601 4752 3772 4806 omnis

2200 4849 2415 4894 ornatus
2445 4855 2641 4894 eorum.
2675 4839 2820 4896 Bene
2841 4839 3118 4910 pluraliter
3131 4838 3244 4893 casti
3277 4847 3585 4909 ponuntur,
3615 4841 3771 4909 quia,

2203 4931 2494 4984 secundum
2509 4931 2884 4986 auctoritatem
2900 4929 3320 4999 Scripturarum,
3338 4937 3451 4984 tres
3471 4943 3595 4984 esse
3622 4945 3776 4984 com-

2201 5021 2498 5090 probantur
2527 5037 2542 5075 :
2573 5021 2808 5090 primum
2863 5019 3116 5074 videlicet
3162 5033 3404 5082 aereum,
3445 5032 3477 5072 a
3503 5033 3612 5087 quo
3641 5033 3776 5074 aves

2201 5109 2325 5164 coeli
2373 5110 2750 5175 nominantur;
2793 5109 3084 5163 secundum
3124 5109 3442 5173 :ethereum,
3496 5107 3581 5162 vel
3630 5108 3774 5162 side-

2202 5215 2375 5266 reum,
2415 5200 2506 5255 ubi
2535 5200 2818 5254 luminaria
2841 5199 3215 5264 continentur;
3257 5199 3476 5253 tertium
3507 5193 3770 5268 spiritale,

2203 5295 2344 5365 quod
2365 5294 2638 5364 proprium
2679 5301 2762 5349 est
2806 5292 3140 5362 angelorum,
3183 5293 3249 5345 de
3274 5306 3382 5359 quo
3411 5290 3610 5344 Paulus
3642 5307 3743 5359 apo

2205 5383 2376 5440 stolus
2401 5383 2518 5438 ait:
2562 5383 2685 5439 Scio
2724 5383 2984 5437 hominem
3020 5391 3226 5450 raptum
3264 5395 3426 5450 usque
3464 5377 3535 5433 ad
3561 5379 3770 5432 tertium

2206 5473 2390 5530 caelum
2428 5473 2516 5544 (11
2547 5473 2670 5528 Cor.
2709 5488 2819 5539 xu,
2850 5472 2930 5544 2).
2967 5471 3118 5527 Unde
3151 5477 3271 5539 post
3306 5483 3480 5540 pauca
3513 5465 3773 5530 subdidit,

2207 5576 2415 5638 raptum
2452 5568 2507 5623 in
2531 5566 2852 5637 paradisum.
2901 5563 3050 5630 Quod
3079 5562 3221 5618 enim
3245 5558 3539 5629 praemisit,
3565 5557 3771 5611 tertium

2208 5656 2409 5724 caelum,
2448 5656 2548 5712 hoc
2576 5657 2766 5712 iterum
2803 5654 3032 5717 iteravit,
3075 5666 3195 5706 cum
3231 5651 3328 5714 ait,
3365 5649 3422 5706 in
3446 5647 3769 5728 paradisum.

4007 1175 4009 1192 Ι

4007 1217 4009 1230 l

4007 1571 4009 1588 Α

4007 1995 4009 2016 Ι

4007 2419 4009 2430 Ι

4007 2807 4009 2822 Ι

4007 3011 4009 3026 ι

4007 3605 4009 3626 l

4007 3633 4009 3656 Ι

4007 4001 4009 4016 i

4007 5003 4009 5012 Α
