4044 6326
293 279 402 336 125
1587 277 1724 332 CUM
1735 280 1776 328 id
1787 279 1847 328 lii

1981 281 2048 330 tn
2085 283 2242 334 una.
3446 303 3556 364 ησ

291 391 406 448 δαί
449 389 728 446 sciendum
759 397 846 484 est
875 387 1001 484 quia
1025 395 1248 484 ornatus
1277 387 1402 444 cmli
1431 385 1698 458 spiritalis
1739 397 1866 446 sunt
1892 387 1948 450 Α
1971 397 2238 484 creaturae
2263 407 2392 450 vero
2425 402 2548 452 actu
2593 396 2662 452 ab
2707 397 2832 470 ipso
2855 403 3147 462 creationis
3197 419 3420 484 accepto
3441 417 3542 470 ha-

289 481 496 552 angeli,
525 479 854 552 archangeli,
881 479 1097 546 throni,
1124 489 1270 546 etc.;
1299 489 1522 538 ornatus
1549 495 1680 538 vero
1705 484 1868 538 33th-

291 576 374 632 rei
397 575 542 639 creti,
565 573 668 640 sol,
697 585 752 628 et
775 572 922 638 luna,
953 579 1006 626 et
1033 573 1204 628 stellae
1227 581 1486 630 :ornatus
1511 581 1690 630 autem
1721 575 1868 630 aerei

287 665 418 722 caeli
451 664 640 728 nubea,
667 662 836 730 venti,
883 662 1098 732 pluviaa,
1125 662 1364 718 volatilia
1391 663 1590 718 diversi
1629 665 1864 734 generis.

289 755 478 812 Terrae
507 769 740 824 namque
777 759 1000 808 ornatus
1027 760 1110 808 est
1143 767 1292 806 mare
1327 749 1522 824 [Petr.,
1561 763 1788 808 ornatus
1809 753 1864 808 in

287 847 464 920 aere],
509 847 636 918 juga
689 845 990 910 montium,
1049 843 1314 899 subducta
1379 844 1640 910 vallium,
1709 853 1864 900 tensa

287 937 406 1012 [Z.,
453 935 642 1008 densa]
693 949 1040 1004 camporum,
1073 933 1472 988 vicissrtudines
1521 941 1858 1006 temporum,

284 1031 500 1102 species
525 1029 818 1094 fructuum,
842 1027 1104 1084 decursus
1129 1041 1418 1096 aquarum,
1437 1033 1492 1082 et
1517 1035 1732 1082 caetera.
1765 1025 1864 1082 Se-

283 1121 478 1192 quitur
515 1137 532 1174 :

281 1201 292 1213 ’
359 1215 526 1268 Vsus.
555 1212 612 1268 2.
659 1241 730 1252 --
765 1209 1146 1282 Contpleaitque
1189 1207 1330 1264 Deus
1363 1209 1448 1264 die
1487 1209 1702 1280 septimo
1730 1224 1860 1280 opus

281 1321 444 1360 suum
475 1302 614 1374 quod
653 1301 866 1372 fecerat,
895 1309 942 1356 et
974 1301 1220 1371 requievit
1257 1301 1342 1378 die
1371 1301 1608 1370 septimo,
1653 1307 1708 1354 et
1751 1315 1858 1356 cre-

281 1405 422 1452 tera.
463 1395 588 1450 Ideo
609 1393 766 1465 juxta
813 1392 1096 1448 historiam
1141 1393 1354 1448 senario
1397 1407 1624 1448 numero
1663 1391 1852 1446 mundi

279 1485 618 1540 creationem
669 1481 914 1554 perfecit,
962 1481 1088 1551 quia
1138 1481 1230 1536 ille
1283 1495 1540 1560 numerus
1581 1479 1862 1550 perfectus

1971 481 2101 574 bent
2123 499 2224 554 per
2253 485 2424 556 ipsum
2461 490 2516 544 in
2561 491 2674 548 suis
2705 493 2912 552 naturis
2939 481 3544 574 perfectionem‘quatn-

1969 571 2114 664 dam,
2142 576 2266 644 quia
2299 593 2632 652 unaquaeque
2683 593 2934 642 creatura
2971 600 3160 646 creata
3191 601 3274 648 est
3299 571 3544 664 perfecta

1969 677 2001 716 a
2025 663 2300 734 Creatore,
2325 679 2382 724 et
2407 671 2648 740 requiem
2673 673 2726 730 in
2752 677 3067 746 operatione
3113 663 3456 752 obedientize,
3487 697 3546 744 et

1967 755 2201 812 maxime
2219 759 2563 818 rationabiles
2587 776 2848 823 creaturae
2870 783 2936 824 eo
2953 770 3094 827 bono
3117 773 3292 830 beata:
3325 789 3452 836 sunt
3479 789 3542 836 ut

1967 845 2022 900 in
2045 847 2324 904 conditore
2343 867 2442 908 suo
2473 856 2836 924 requiescant.
2875 859 3132 932 Sequitur
3157 881 3172 920 :

2039 936 2196 1030 Vens.
2224 941 2276 994 5.
2305 973 2376 982 --
2399 943 2778 1020 Benedixitque
2803 950 2909 1006 diei
2945 955 3182 1024 septimo,
3211 965 3262 1012 et
3303 963 3539 1030 sanctiﬁ-

1965 1029 2096 1084 cavit
2129 1029 2298 1086 illam.
2339 1033 2446 1088 Cur
2495 1035 2561 1090 de
2599 1037 2686 1092 die
2725 1033 2950 1096 sabbato
2989 1043 3184 1100 dicitur
3219 1029 3536 1104 :Benedirit

1961 1119 2102 1174 Dens
2130 1122 2234 1176 diei
2254 1123 2489 1192 septimo,
2521 1135 2569 1180 et
2593 1130 2935 1198 sanctiﬁcat'it
2971 1133 3142 1200 illum,
3169 1137 3294 1192 dum
3325 1140 3392 1196 de
3417 1141 3538 1198 aliis

1961 1209 2150 1266 diebus
2180 1213 2280 1266 hoc
2309 1229 2416 1268 non
2461 1213 2656 1286 legitur
2679 1233 2802 1274 eum
2834 1221 3070 1278 dixisse?
3107 1225 3229 1282 Ideo
3255 1235 3314 1282 ut
3351 1239 3534 1286 osten-

1959 1299 2108 1354 deret
2131 1309 2442 1358 sanctorum
2467 1305 2708 1374 requiem
2745 1317 2867 1376 post
2889 1325 2982 1366 sex
3010 1311 3168 1382 hujus
3196 1317 3376 1372 saeculi
3403 1329 3532 1374 aeta-

1959 1402 2072 1446 tum
2105 1391 2320 1448 laborcs
2367 1393 2424 1448 in
2449 1403 2654 1452 reterno
2681 1399 2930 1480 sabbato,
2965 1411 3020 1456 et
3045 1403 3326 1462 benedicta
3347 1413 3536 1478 requie

1956 1481 2256 1550 quieturos,
2285 1483 2426 1538 sicut
2463 1483 2706 1541 dicturus
2736 1488 2880 1542 erit:
2911 1488 3110 1556 Venite,
3139 1493 3393 1550 benedicti
3417 1497 3528 1551 Pa-

277 1575 436 1646 iuxta
484 1573 838 1630 arithmetica:
883 1571 1178 1642 disciplinae
1220 1569 1414 1642 legitur
1467 1571 1760 1638 rationem,
1797 1579 1856 1624 ut
1955 1570 2050 1624 tris
2093 1571 2214 1636 mei,
2255 1579 2310 1626 et
2353 1571 2558 1642 reliqua
2609 1573 2828 1644 (Matth.
2877 1593 3006 1644 xxv,
3035 1579 3148 1652 54).
3189 1581 3311 1638 Ideo
3345 1593 3401 1639 ει
3441 1585 3530 1640 illa

275 1665 592 1723 ostenderet
627 1663 768 1720 Deus
795 1661 976 1718 omnia
1015 1659 1253 1731 perfecta
1295 1671 1352 1716 et
1374 1659 1532 1716 valde
1567 1661 1704 1716 bona
1729 1676 1850 1716 eum
1881 1731 1924 1740 _
1956 1659 2070 1716 dies
2109 1661 2226 1716 sine
2253 1675 2476 1730 vespera
2519 1662 2734 1732 legitur,
2777 1665 2904 1736 quia
2933 1667 3118 1724 ultima
3148 1671 3361 1740 requies
3404 1689 3532 1730 san-

277 1757 606 1816 eondidisse.
637 1755 902 1810 Caeterum
937 1751 1098 1808 altius
1123 1751 1418 1823 requiritur
1441 1751 1570 1822 quid
1589 1759 1674 1806 est
1710 1751 1852 1822 quod
1881 1731 1928 1792 Β
1953 1755 2162 1804 ctorum
2195 1750 2520 1820 sempiterna
2549 1731 2672 1808 erit.
2703 1753 2770 1808 Et
2793 1731 3050 1826 congrue
3087 1731 3282 1828 quippe
3310 1761 3526 1826 dicitur,

276 1849 374 1904 hic
409 1847 626 1912 dicitur,
665 1845 934 1916 requievit,
975 1859 1098 1900 cum
1144 1843 1260 1912 ipse
1301 1843 1358 1898 in
1405 1843 1694 1914 Evangelia
1731 1844 1848 1900 ait:

277 1940 448 1996 Pater
499 1957 644 1996 meus
683 1955 844 2011 usque
895 1939 1049 1994 modo
1101 1946 1380 2009 operatur,
1415 1949 1464 1994 et
1493 1955 1584 2009 ego
1619 1937 1852 2009 operor?

277 2031 464 2102 μου.
501 2029 688 2102 v,_l7.)
727 2029 836 2086 Sed
854 2029 920 2086 de
949 2029 1134 2100 requie
1153 2029 1250 2084 Dei
1273 2029 1502 2085 trimoda
1533 2027 1728 2102 [Petr.,
1755 2029 1852 2084 tri-

275 2123 382 2178 bus
419 2119 616 2192 modis]
645 2120 910 2192 expositio
938 2133 970 2174 a
1001 2119 1312 2178 doctoribus
1337 2121 1574 2191 ponitur.
1609 2119 1850 2176 Primum

273 2209 424 2280 quod
465 2209 554 2264 hic
577 2209 674 2276 ait,
715 2208 980 2279 requievit,
1009 2207 1064 2262 id
1087 2215 1170 2264 est
1207 2223 1236 2262 a
1265 2209 1558 2264 condendis
1586 2217 1849 2266 novarum

275 2305 650 2356 creaturarum
687 2297 972 2368 generibus
1005 2297 1254 2360 cessavit,
1290 2297 1416 2368 quia
1439 2297 1692 2368 deinceps
1713 2297 1848 2352 nihil

273 2387 404 2444 novi
449 2387 660 2442 creavit
687 2401 786 2457 per
809 2385 1094 2456 originem.
1139 2383 1245 2440 Sed
1269 2393 1446 2440 tamen
1485 2401 1656 2456 usque
1687 2386 1854 2442 modo

275 2487 534 2550 operatur
557 2477 790 2548 regendo
827 2485 884 2532 et
921 2475 1276 2530 ministrando
1303 2465 1606 2532 creaturam
1651 2491 1804 2532 suam
1825 2515 1844 2542 ,

275 2585 442 2642 quam
469 2585 538 2624 ex
571 2567 790 2624 informi
827 2565 1054 2622 materia
1089 2567 1420 2622 condiderat.
1457 2565 1632 2620 Aliter
1659 2583 1674 2621 :
1701 2565 1846 2638 quod

271 2663 376 2728 ait,
403 2661 672 2733 requievit,
703 2659 824 2716 ideo
851 2659 1052 2716 dictum
1088 2665 1172 2715 est
1203 2659 1328 2728 quia
1361 2657 1602 2714 futurum
1631 2669 1750 2714 erat
1785 2667 1846 2714 ut

273 2751 416 2822 ipse,
461 2765 558 2822 per
587 2765 752 2822 quem
797 2747 938 2804 facta
977 2757 1104 2804 sunt
1145 2749 1350 2816 omnia,
1397 2763 1496 2822 pro
1537 2739 1722 2804 nostra
1759 2763 1848 2804 re-

273 2843 580 2914 demptione
606 2843 724 2914 ipso
751 2841 980 2913 septimo
1005 2841 1094 2896 die
1129 2842 1434 2912 quiesceret
1463 2839 1572 2913 [Z.,
1595 2839 1842 2912 requies-

271 2932 448 3006 ceret]
473 2933 526 2988 in
551 2932 816 3002 sepulcro.
871 2931 978 2986 Seu
1021 2931 1282 2986 translato
1315 2945 1512 3001 genere
1555 2927 1844 2986 locutionis

271 3031 452 3094 potest
479 3023 668 3080 referri
706 3022 776 3079 ad
819 3021 1062 3078 membra
1109 3020 1324 3090 capitis.
1353 3019 1560 3076 Dicitur
1583 3034 1842 3090 namque,

1953 1839 2300 1908 sanctiﬁcavit
2321 1850 2369 1894 et
2392 1841 2674 1908 benedixit,
2707 1845 2830 1914 quia
2855 1847 3026 1902 sancti
3059 1861 3127 1902 ex
3155 1849 3528 1908 benedictione

1953 1925 2164 1982 Domini
2191 1936 2448 1984 aeternam
2477 1931 2780 2002 percipiunt
2799 1935 3064 2006 requiem.

2023 2019 2149 2084 Sed,
2179 2019 2263 2074 his
2287 2021 2601 2089 prmlibatis,
2643 2025 2940 2080 notandum
2981 2035 3065 2084 est
3107 2031 3250 2100 quod
3283 2037 3526 2102 operatio

1951 2106 2134 2162 divina
2165 2118 2398 2180 quatuor
2445 2111 2620 2169 modis
2657 2113 3022 2188 distinguitur.
3053 2117 3256 2186 Primo,
3297 2125 3438 2192 quod
3469 2125 3524 2180 in

1954 2195 2107 2252 verbi
2149 2197 2260 2270 [Z.,
2307 2199 2496 2272 verbo]
2542 2201 2638 2258 Dei
2669 2203 3068 2274 dispensatione
3105 2211 3284 2266 omnia
3321 2221 3522 2270 aeterna

1949 2293 2094 2340 sunt.
2142 2285 2416 2356 Secundo,
2447 2291 2666 2360 quodin
2713 2295 2944 2350 materia
2985 2297 3224 2368 informi,
3269 2301 3362 2372 qui
3395 2305 3524 2362 vivit

1949 2374 2006 2430 in
2029 2383 2316 2444 aeternum,
2365 2381 2568 2436 creavit
2591 2383 2774 2438 omnia
2805 2385 2982 2440 simul.
3021 2385 3224 2456 Tertio,
3259 2393 3402 2460 quod
3426 2411 3524 2464 per

1947 2483 2110 2538 opera
2142 2469 2350 2524 dierum
2377 2486 2468 2526 sex
2491 2474 2668 2530 varias
2691 2475 2936 2532 distinxit
2961 2490 3258 2540 creaturas.
3287 2485 3518 2556 Quarto,

1947 2557 2090 2628 quod
2123 2573 2194 2614 ex
2241 2561 2678 2630 primordialibus
2729 2569 3024 2624 seminibus
3083 2587 3190 2628 non
3231 2575 3520 2648 incognitae

1947 2655 2152 2704 naturae
2181 2651 2452 2716 oriuntur,
2489 2653 2584 2708 sed
2629 2663 2770 2710 notat
2795 2657 3009 2726 saepius,
3047 2675 3115 2714 ne
3145 2673 3390 2732 pereant,
3433 2683 3518 2722 re-

1945 2735 2268 2800 formantur.
2303 2739 2573 2798 llaetenus
2605 2743 2886 2800 historiam
2925 2749 3196 2806 succincte
3220 2752 3526 2824 tetigimus,

1945 2828 2070 2886 licet
2106 2847 2274 2902 pauca
2301 2833 2616 2888 intermixta
2643 2835 2752 2890 sint
2781 2851 2900 2906 qua:
2931 2839 2998 2892 ad
3023 2840 3316 2910 spiritalem
3353 2847 3524 2914 perti-

1945 2934 2077 2976 nere
2107 2921 2390 2976 videantur
2435 2937 2672 2980 sensum.
2721 2923 2828 2982 Sed
2877 2929 3174 2998 spiritalem
3219 2933 3518 3008 intelligen-
3594 2955 3598 2960 ‘

1947 3009 2080 3064 tiam
2103 3013 2566 3081 praetermittimus
2587 3031 2752 3070 causa
2779 3017 3098 3088 brevitatis;
3132 3037 3292 3092 quam
3319 3025 3362 3080 si
3399 3029 3518 3096 quis

275 3093 418 3170 be;
441 3115 706 3186 requievit,
744 3128 842 3185 pro
867 3128 932 3170 eo
965 3113 1106 3184 quod
1142 3119 1244 3180 est,
1281 3111 1622 3182 requiescere
1673 3109 1804 3168 fecit
1823 3151 1838 3178 ,
1869 3093 1914 3156 θ
1946 3115 2272 3174 cognoscere
2309 3103 2599 3170 desiderat,
2638 3103 2834 3160 librum
2873 3107 3062 3164 isidori
3107 3109 3248 3182 legat
3289 3093 3516 3172 caete—ro-

269 3205 398 3278 quia
426 3207 678 3262 nimirum
715 3206 768 3262 in
799 3207 914 3278 ipso
949 3205 1104 3262 electi
1151 3203 1448 3276 perfectam
1485 3205 1732 3260 obtinent
1753 3219 1842 3260 re-

1948 3209 2171 3264 rumque
2197 3193 2476 3250 doctorum
2509 3209 2729 3266 campos
2753 3207 3056 3266 percurrat,
3095 3201 3220 3272 quia
3258 3203 3512 3260 nimirum

269 3295 460 3366 quiem
507 3305 632 3368 post
661 3299 802 3353 hanc
843 3297 1010 3352 vitam
1051 3311 1436 3364 aerumnosam,
1471 3311 1592 3366 qtae
1619 3311 1716 3368 per
1747 3312 1844 3354 sex

267 3385 392 3440 dies
447 3383 702 3456 ﬁguratur
731 3385 876 3440 velut
911 3385 965 3440 in
1013 3383 1242 3456 septimo
1287 3385 1372 3440 die
1417 3386 1472 3439 in
1511 3385 1696 3454 requie
1725 3399 1842 3440 cm-

269 3473 418 3540 llesti,
447 3483 566 3544 qua:
613 3475 824 3530 interim
852 3473 958 3528 alia
995 3473 1052 3528 in
1079 3475 1186 3528 vita
1221 3475 1448 3545 suscipit
1494 3475 1704 3530 animas
1733 3475 1844 3530 ele—

271 3573 506 3628 ctorum,
547 3563 719 3618 donec
749 3563 964 3618 tandem
1003 3562 1253 3620 adveniat
1280 3571 1470 3619 octava
1499 3563 1615 3620 dies
1645 3563 1842 3620 futurae

271 3657 706 3712 resurrectionis.
735 3657 886 3712 Bene
907 3671 1142 3728 namque
1179 3657 1380 3712 dictum
1413 3665 1496 3714 est
1521 3697 1538 3724 ,
1577 3657 1844 3728 requievit

273 3745 418 3800 Deus
445 3755 566 3816 post
593 3747 746 3802 valde
783 3747 922 3802 bona
955 3761 1140 3816 opera,
1173 3755 1232 3802 ut
1263 3747 1572 3802 ostenderet
1591 3747 1716 3818 quia
1745 3743 1844 3802 ali-

275 3843 362 3892 ter
381 3835 536 3892 electi
563 3851 670 3892 non
695 3835 874 3892 valent
915 3836 1216 3907 pertingere
1249 3836 1314 3892 ad
1357 3837 1642 3907 septimam
1679 3835 1840 3900 diem,

275 3923 346 3978 ad
385 3923 628 3994 requiem
675 3923 878 3980 scilicet
925 3923 1158 3990 beatam,
1197 3924 1302 3978 nisi
1333 3934 1458 3994 post
1491 3939 1654 3994 opera
1687 3923 1844 3980 valde

271 4013 438 4068 bona.
463 4013 642 4070 Movet
669 4013 901 4084 denique
947 4013 1014 4070 ad
1053 4013 1402 4084 quaerendum
1445 4029 1553 4084 qua
1579 4027 1644 4068 ex
1675 4028 1840 4070 causa

273 4117 372 4158 sex
399 4103 586 4158 diebus
603 4104 816 4174 operari
841 4103 1004 4158 voluit
1047 4103 1226 4158 omnia
1257 4119 1428 4174 opera
1441 4117 1560 4170 sua,
1588 4111 1644 4158 ct
1675 4104 1842 4174 septi-

273 4207 366 4248 mo
387 4193 690 4262 quiescere,
709 4191 810 4248 nisi
843 4193 970 4262 quia
1011 4193 1111 4248 iste
1139 4207 1398 4248 numerus
1435 4207 1688 4263 magnum
1713 4191 1842 4248 reti-

273 4293 366 4340 net
391 4283 720 4356 mysterium.
753 4284 812 4342 Si
847 4285 988 4340 enim
1029 4283 1300 4340 dividatur
1343 4285 1402 4340 in
1425 4285 1554 4350 duo,
1587 4285 1642 4338 id
1663 4293 1748 4340 est
1783 4285 1849 4342 in

273 4387 444 4430 unum
463 4383 518 4432 et
551 4389 668 4440 sex,
698 4373 752 4430 in
794 4389 898 4430 uno
921 4375 1164 4452 signatur
1184 4373 1364 4430 unitas
1385 4373 1706 4440 divinitatis,
1743 4390 1837 4432 seu

275 4467 406 4520 unio
433 4464 542 4538 [Z.,
579 4465 790 4539 unitas}
815 4467 1126 4534 cbaritatis;
1179 4466 1234 4522 in
1271 4481 1370 4534 sex
1409 4481 1537 4522 vero
1579 4465 1840 4538 perfectio

273 4555 540 4612 bonorum
565 4571 808 4628 operum,
836 4559 968 4614 etin
993 4559 1222 4629 septimo
1255 4567 1456 4620 interna
1491 4557 1706 4628 requies
1725 4559 1844 4614 ani-

273 4661 506 4700 marum.
537 4645 718 4702 Voluit
749 4661 978 4716 namque
1021 4649 1162 4702 Deus
1187 4646 1386 4702 idcirco
1425 4661 1588 4718 opera
1621 4661 1718 4702 sua
1745 4663 1840 4704 sex

271 4737 462 4792 diebus
503 4753 698 4808 agere,
749 4745 804 4794 et
855 4738 1082 4808 septimo
1131 4737 1504 4806 requiescere,
1553 4737 1842 4792 ostendens

271 4827 418 4898 quod
443 4829 516 4882 illi
537 4832 632 4900 qui
659 4829 816 4884 modo
835 4829 1094 4886 unitatem
1123 4829 1406 4884 charitatis
1425 4825 1840 4900 perfectionem-

271 4933 380 4990 que
401 4919 664 4975 bonorum
711 4935 930 4990 operum
961 4919 1234 4984 exhibent,
1283 4919 1598 4988 pervenient
1641 4917 1708 4974 ad
1755 4933 1842 4974 re-

271 5010 456 5080 quiem
477 5011 780 5076 caelestem,
820 5017 882 5064 ut
909 5009 1342 5080 contemplentur
1365 5011 1626 5066 unitatem
1647 5009 1840 5066 divina:

269 5098 593 5168 maiestatis,
623 5101 750 5156 licet
775 5101 986 5156 dicatur
1003 5109 1060 5158 et
1089 5101 1269 5156 altius.
1299 5099 1558 5158 Senarius
1581 5115 1712 5156 vero
1739 5117 1838 5156 nu-

241 5193 454 5246 ‘merus
487 5191 692 5259 primus
729 5205 892 5262 opere
925 5199 982 5246 et
1022 5199 1142 5248 actu
1173 5189 1442 5262 perfectus
1489 5199 1596 5256 est,
1629 5191 1754 5262 quia
1783 5191 1846 5246 in.

271 5293 370 5336 sex
393 5281 584 5337 diebus
609 5285 810 5340 creavit
833 5283 974 5338 Deus
999 5283 1192 5340 emtum
1215 5323 1230 5348 ,
1257 5291 1312 5339 et
1331 5295 1552 5350 terram,
1578 5293 1630 5338 et
1669 5285 1838 5354 parti—

271 5371 374 5426 bus
395 5372 512 5428 suis
535 5373 804 5442 impletur.
847 5373 984 5428 Nam
1023 5391 1180 5439 unus,
1211 5375 1336 5440 duo,
1375 5381 1506 5440 tres,
1545 5375 1682 5450 ﬁunt
1722 5389 1837 5432 sex.

275 5459 626 5534 Signiﬁcatur
657 5463 798 5518 enim
829 5463 882 5518 in
920 5463 1103 5532 requie
1131 5461 1236 5518 diei
1264 5463 1498 5532 septimi,
1531 5463 1674 5533 quod
1701 5463 1842 5518 Deus

271 5559 398 5606 ante
435 5553 762 5608 creationem
789 5553 972 5608 mundi
1001 5553 1054 5607 in
1077 5553 1256 5623 seipso
1281 5563 1468 5608 natura
1497 5561 1552 5608 et
1575 5563 1842 5622 potestate

269 5639 542 5710 perfectus
567 5651 670 5708 est,
695 5641 1086 5698 ctteternaliler
1109 5641 1162 5696 in
1187 5643 1362 5712 seipse
1387 5643 1548 5698 habet
1569 5645 1838 5712 requiem;

1943 3281 2170 3336 historia
2199 3281 2392 3337 divinae
2431 3283 2564 3356 legis
2591 3299 2699 3340 non
2731 3293 2814 3341 est
2839 3285 2954 3342 sine
2997 3290 3224 3359 mystica
3254 3291 3516 3362 signiﬁca-

1942 3373 2092 3428 tione
2118 3363 2442 3444 conscripta,
2476 3383 2612 3432 teste
2639 3375 2805 3432 Paulo
2847 3379 3108 3450 apostolo,
3139 3381 3231 3452 qui
3270 3383 3381 3438 ait:
3405 3383 3517 3439 Lex

1941 3465 2080 3520 enim
2115 3465 2342 3536 ﬁguram
2368 3467 2518 3522 habet
2539 3467 2840 3538 futurorum
2869 3471 3120 3526 bonorum
3151 3471 3287 3546 (Col.
3317 3490 3378 3539 tt,
3404 3475 3516 3548 ιτ),

1943 3573 2050 3612 non
2091 3557 2260 3626 ipsam
2289 3559 2579 3630 imaginem
2623 3577 2826 3616 rerum.
2861 3563 2928 3616 Et
2967 3563 3092 3618 alibi
3121 3581 3134 3617 :
3175 3563 3306 3618 Ha'c
3337 3567 3514 3620 omnia

1944 3647 1998 3702 in
2017 3645 2190 3716 ﬁgura
2219 3647 2582 3718 contingebant
2606 3649 2712 3704 illis
2737 3649 2788 3720 (Ι
2811 3649 2928 3705 Cor.
2957 3667 3012 3718 x,
3045 3651 3154 3722 ll).
3177 3652 3328 3721 Quod
3353 3655 3514 3710 etiam

1943 3751 2218 3806 exponens
2239 3739 2542 3808 exemplum
2573 3737 2732 3808 hujus
2757 3741 3014 3808 historiae,
3045 3743 3134 3798 ubi
3169 3745 3374 3799 dictum
3397 3753 3510 3800 est:
3601 3747 3615 3756 ‘

1943 3825 2164 3898 Propter
2208 3827 2306 3882 hoc
2351 3827 2600 3899 relinquet
2646 3831 2800 3884 homo
2833 3841 3054 3900 patrem,
3097 3842 3145 3886 et
3193 3843 3432 3900 matrem,
3461 3843 3516 3890 ct

1943 3931 2158 3988 caetera,
2201 3921 2568 3978 manifestavit
2603 3923 2732 3978 inibi
2773 3931 3166 3978 sacramentum
3211 3940 3352 3988 esse.
3391 3941 3518 3982 cum

1943 4011 2074 4068 dicit
2099 4029 2112 4066 :
2137 4011 2542 4066 Sacramentum
2571 4011 2666 4066 hoc
2685 4029 2968 4084 magnum;
3003 4031 3094 4084 ego
3117 4025 3292 4070 autem
3319 4017 3434 4070 dico
3461 4019 3516 4074 in

1943 4099 2148 4156 Christo
2175 4109 2222 4154 et
2259 4101 2314 4154 in
2351 4097 2586 4154 Ecclesia
2615 4099 2832 4170 (Epltes.
2861 4115 2916 4168 ν,
2944 4101 3056 4174 ⁸52).
3088 4103 3196 4158 Sed
3233 4104 3512 4162 historiam

1943 4189 2154 4246 Veteris
2185 4189 2518 4246 Testamenti
2555 4197 2716 4260 atque
2751 4191 3134 4262 prophetarum
3168 4195 3244 4250 ita
3269 4196 3516 4266 accipere

1943 4281 2200 4338 debemus
2221 4289 2284 4336 ut
2307 4295 2482 4350 neque
2519 4279 2802 4352 mysticam
2831 4281 3274 4354 signiﬁcationem
3317 4285 3370 4340 in
3399 4301 3516 4341 om-

1943 4371 2102 4428 nibus
2146 4371 2514 4441 requiramus,
2559 4385 2732 4440 neque
2781 4371 2946 4426 etiam
2997 4373 3352 4442 historialem,
3421 4377 3514 4432 sed

1943 4461 2140 4530 partim
2169 4461 2456 4532 mysticum
2485 4475 2726 4523 sensum,
2755 4461 2950 4531 partim
2982 4463 3144 4518 etiam
3169 4466 3520 4536 superﬁciem

1941 4551 2201 4606 historiae.
2263 4551 2580 4622 Ubicunque
2632 4553 2778 4608 enim
2821 4553 3116 4612 historialis
3163 4557 3512 4632 intelligentia

1939 4643 2188 4716 ponitur,
2217 4645 2584 4700 tantummodo
2627 4655 2912 4716 propterea
2957 4647 3022 4703 fit
3045 4657 3106 4706 ut
3141 4649 3196 4705 in
3240 4667 3304 4708 ea
3341 4653 3522 4710 conti-

1941 4743 2131 4792 neatur
2159 4733 2426 4806 spiritalis
2465 4735 2796 4804 intellectus,
2843 4739 2984 4794 sicut
3011 4740 3076 4796 in.
3093 4741 3238 4798 vasis
3273 4743 3520 4800 musico--

1943 4839 2064 4880 rum
2091 4823 2286 4896 agitur.
2317 4823 2598 4880 Ponuntur
2629 4825 2776 4880 enim
2815 4825 2890 4882 ibi
2933 4827 3098 4900 ligna,
3139 4839 3414 4900 ponuntur
3455 4839 3518 4888 et

1941 4913 2186 4980 chordae,
2207 4923 2266 4968 ut
2289 4913 2376 4970 his
2401 4913 2782 4970 contineantur
2823 4923 2876 4972 et
2905 4919 3144 4976 suaviter
3163 4935 3356 4976 sonare
3379 4937 3510 4990 pos-

1941 5001 2068 5060 sint.
2103 5001 2194 5058 Sic
2219 5009 2276 5058 et
2309 5001 2530 5058 historia
2561 5003 2966 5074 ponitur,ut.ia
2991 5011 3360 5066 eonnectendo
3399 5011 3518 5080 spi-

1941 5092 2152 5150 ritalem
2181 5093 2586 5164 intelligentiam
2607 5097 2898 5152 contineat.
2943 5099 3196 5170 Sequitur
3223 5117 3238 5156 :

2013 5182 2178 5238 Vsus.
2225 5183 2280 5238 4.
2321 5213 2392 5225 —-
2445 5183 2574 5240 Ista:
2626 5189 2980 5256 generationes
3033 5189 3147 5244 ειειὲ
3207 5197 3256 5244 et
3315 5199 3516 5260 terrm,

1941 5277 2150 5348 quando
2182 5287 2370 5332 creata:
2405 5287 2526 5332 sunt
2565 5278 2620 5332 in
2658 5279 2742 5334 die
2770 5297 2872 5350 qna
2917 5281 3036 5350 fecit
3067 5277 3324 5358 antinus
3367 5283 3520 5344 Deus:

1941 5365 2126 5422 cretum
2147 5375 2194 5420 et
2215 5377 2426 5422 terram.
2461 5365 2720 5438 Sequitur
2747 5371 2836 5426 hic
2876 5359 3248 5439 recapitulatio
3275 5387 3370 5430 sex
3403 5377 3520 5432 die-

1941 5473 2060 5514 rum
2085 5459 2308 5528 op'erum
2337 5457 2429 5513 Dei
2465 5467 2686 5530 propter
2715 5459 2836 5516 illos
2871 5461 2960 5528 qui
2999 5461 3256 5518 mundum
3284 5475 3516 5520 coaeter-

1943 5565 2072 5606 num
2113 5551 2386 5614 dixerunt,
2429 5559 2482 5604 et
2513 5552 2629 5606 sine
2663 5551 2814 5604 initio
2845 5565 2965 5604 eum
3002 5567 3214 5622 semper
3239 5553 3402 5610 fuisse
3431 5557 3512 5610 af‘

1943 5643 2178 5708 ﬁrmant,
2211 5652 2270 5698 ut
2309 5657 2404 5696 ore
2431 5642 2796 5696 conticescant
2843 5649 3004 5712 atque
3045 5645 3256 5713 penitus
3283 5647 3512 5704 confun-

4005 5875 4021 5983 Ξ
