4044 6326
544 305 647 362 {27

1572 303 1920 363 ANGELOMI
1958 300 2416 360 LUXOVIENSIS
2465 300 2776 361 MONACHI

3698 298 3804 356 ηε

546 420 764 474 dantur.
790 416 898 474 Sed
922 416 1305 487 requirendum
1350 424 1435 474 est
1461 416 1591 490 quid
1619 425 1705 474 est
1729 416 1870 487 quod
1900 415 1990 471 hic
2015 415 2115 481 ait,
2143 415 2198 477 Α
2220 414 2336 484 ejus
2382 415 2703 485 spiraculum
2744 416 2884 479 m‘tw,
2929 415 3156 484 quaestio
3195 386 3371 470 oritur
3394 431 3411 468 :
3435 420 3617 469 utrum
3652 413 3803 470 Deus

546 512 604 566 in
633 510 718 565 die
741 526 843 581 quo
868 510 990 580 fecit
1028 509 1213 565 coelum
1246 519 1295 564 et
1328 520 1546 577 terram,
1580 525 1705 567 cum
1735 508 1984 579 superius
2022 521 2117 563 sex

547 600 741 657 diebus
772 597 953 656 o'muia
982 613 1147 672 opera
1191 616 1288 655 sua
1330 601 1581 657 distincte
1625 607 1871 670 patrasse
1900 598 2117 669 legitur,

547 691 655 747 nisi
695 692 837 763 quod
873 707 1056 747 rerum
1086 691 1326 747 omnium
1373 691 1523 760 origo
1552 688 1713 744 simul
1735 696 1914 745 creata
1945 696 2029 744 est
2064 688 2120 743 in

548 780 870 846 substantia,
915 796 1035 851 quae
1058 781 1238 837 varias
1278 779 1515 835 restabat
1539 778 1885 850 producenda
1922 777 2120 832 forma-

548 887 666 925 rum
692 871 744 926 in
758 871 988 943 species,
1007 871 1163 941 juxta
1193 871 1333 940 quod
1363 871 1622 940 scriptum
1643 879 1764 926 est:
1790 870 1893 935 Qui
1918 870 2035 923 vivit
2063 870 2121 923 in

542 972 820 1029 cateruam,
844 963 1033 1018 creavit
1072 963 1247 1017 omnia
1275 960 1430 1015 simul
1470 959 1659 1030 (Eccli.
1711 976 1867 1027 xvm,
1900 960 1975 1031 1).
2020 958 2121 1014 Po-

545 1064 656 1110 test
696 1063 753 1110 et
790 1053 949 1109 altius
977 1051 1221 1122 intelligi.
1268 1049 1420 1105 Diem
1467 1064 1700 1120 namque
1727 1064 1835 1120 quo
1880 1057 2120 1118 tempore

546 1144 912 1216 primordialis
932 1151 1194 1199 creatura:
1223 1141 1422 1213 posuit,
1449 1140 1591 1195 sicut
1618 1149 1674 1195 et
1692 1139 1979 1210 Apostolus
2006 1136 2117 1210 [Z.,

546 1233 691 1288 sicut
714 1233 843 1287 dicit
881 1230 1050 1303 Ap.].:
1078 1229 1214 1284 Ecce
1252 1245 1389 1283 nunc
1415 1229 1526 1283 dies
1569 1228 1757 1283 salutis
1780 1227 1865 1300 (II
1887 1228 2007 1283 Cor.
2040 1243 2118 1294 vr,

547 1323 629 1395 2),
661 1324 801 1378 diem
832 1330 998 1376 totum
1032 1330 1244 1390 tempus
1283 1320 1508 1390 intelligi
1536 1320 1699 1376 voluit
1733 1336 1840 1390 quo
1864 1320 2035 1374 sancti
2064 1319 2119 1373 iu

482 1448 489 1455 -
548 1415 651 1470 hac
676 1414 786 1469 vita
815 1429 913 1484 pro
940 1421 1142 1468 aeterna
1167 1412 1340 1467 salute
1363 1412 1630 1467 laborant.
1662 1411 1957 1480 Sequitur:

619 1507 785 1561 Vsus.
824 1506 876 1560 5.
899 1537 970 1546 —
995 1505 1063 1560 Et
1085 1522 1235 1560 omne
1254 1503 1535 1575 virgultum
1561 1504 1695 1575 agri,
1719 1512 1994 1573 antequam
2022 1500 2121 1555 ori-

546 1607 689 1653 retur
732 1597 787 1651 in
832 1606 989 1661 terra,
1038 1613 1339 1667 omnemque
1390 1596 1603 1650 herbam
1657 1595 1901 1665 regionis,
1948 1594 2122 1665 prius-

2221 508 2454 562 animam
2480 505 2800 562 insufﬂando
2824 507 2975 571 fecit,
3006 523 3072 562 an
3102 521 3220 562 eam
3240 522 3400 577 quam
3430 505 3651 569 fecerat,
3678 520 3802 560 cor-

2218 596 2337 668 pori
2362 597 2538 653 dando
2579 598 2758 668 potius
2788 597 3118 653 insulllavit?
3157 597 3263 652 Sed
3302 605 3593 667 utrumque
3626 611 3801 650 unum

2218 695 2321 753 est,
2352 694 2408 743 et
2442 688 2577 744 nihil
2617 688 2780 744 habet
2802 689 3146 759 quaestionis;
3189 689 3443 759 quoniam
3482 688 3600 743 sive
3626 687 3807 742 insuf-

2218 778 2395 833 ﬂaudo
2418 779 2546 835 fecit
2570 781 2804 835 animam
2830 781 2945 836 sive
2981 781 3234 845 creando,
3258 780 3340 834 vel
3371 782 3550 836 dando
3577 780 3800 850 corpori

2220 867 2529 935 insuﬂlavit,
2562 878 2747 925 tamen
2796 870 3122 926 credendum
3165 878 3270 934 est,
3304 870 3428 939 quia
3462 870 3805 939 spiraculum

2219 960 2456 1015 divinum
2481 976 2586 1039 non
2610 961 2764 1015 estin
2782 960 3015 1015 animam
3041 960 3309 1015 viventem
3332 974 3674 1023 conversum,
3696 958 3799 1015 sed

2218 1038 2498 1118 Operatum
2520 1038 2603 1104 est
2625 1050 2860 1105 animam
2882 1051 3150 1104 viventem
3175 1067 3193 1104 :
3219 1058 3275 1105 et
3298 1063 3404 1104 non
3430 1049 3591 1105 habet
3610 1049 3805 1103 anima

2217 1142 2684 1212 participationem
2728 1134 2850 1198 cum
2885 1141 3197 1205 Divinitate,
3229 1156 3330 1196 nec
3363 1141 3430 1195 de
3458 1140 3640 1211 aliquo
3662 1139 3809 1196 ﬂatu

2219 1246 2337 1294 suo,
2368 1246 2469 1285 nec
2511 1232 2578 1288 de
2605 1233 2783 1303 seipso
2810 1231 3068 1296 condidit,
3112 1239 3171 1285 ut
3197 1247 3456 1301 mgamur
3476 1232 3667 1288 dicere
3698 1248 3803 1287 na-

2221 1330 2394 1377 turam
2419 1322 2517 1377 Dei
2549 1338 2666 1379 esse
2703 1322 3035 1386 mutabilem,
3072 1323 3212 1378 sicut
3253 1324 3454 1386 anima,
3479 1339 3598 1393 qua:
3631 1324 3802 1379 modo

2218 1412 2451 1483 prolicit,
2484 1413 2644 1468 modo
2672 1414 2829 1482 sapit,
2871 1412 3031 1468 modo
3056 1412 3285 1482 dissipit.
3317 1409 3453 1466 Nam
3493 1412 3559 1466 de
3612 1413 3801 1482 seipse

2220 1502 2267 1560 si
2285 1503 2524 1568 animam
2562 1503 2777 1560 fecisset
2811 1506 2973 1571 Deus,
3001 1517 3274 1574 nunquam
3299 1502 3514 1568 vitiosa,
3545 1511 3640 1557 aut
3680 1519 3807 1559 niue

2221 1594 2421 1660 tabilis,
2465 1594 2550 1650 vel
2582 1594 2778 1651 misera
2817 1597 3081 1667 potuisset
3112 1609 3253 1650 esse.
3296 1594 3470 1650 Etiam
3514 1594 3810 1650 sciendum

544 1706 700 1761 quam
730 1689 1064 1760 germinaret.
1109 1687 1387 1756 Quomodo
1430 1688 1597 1743 herba
1644 1696 1699 1741 et
1732 1686 1961 1741 virentia
2005 1684 2119 1755 agri
2150 1753 2188 1761 _
2222 1685 2350 1756 quia
2384 1701 2492 1740 non
2532 1692 2615 1741 est
2642 1689 2707 1742 de
2747 1685 3028 1742 elementis
3069 1684 3373 1740 visibilibus
3398 1683 3562 1749 facta,
3589 1683 3717 1754 quia
3749 1682 3811 1739 si

510 1844 515 1855 ι
545 1790 835 1852 antequam
862 1781 1222 1845 exorirentur,
1246 1779 1462 1835 condita
1483 1779 1644 1834 sunt?
1668 1778 1736 1833 Et
1763 1778 1933 1833 sinon
1961 1786 2121 1832 erant
2145 1753 2195 1815 Β
2220 1787 2382 1846 esset,
2411 1780 2637 1836 haberet
2669 1780 2903 1850 aliquam
2946 1777 3375 1834 communionem
3402 1792 3528 1832 cum
3568 1753 3673 1842 eis,
3713 1777 3807 1830 vi-

545 1880 759 1940 exorta,
808 1873 1073 1942 quomodo
1112 1878 1269 1925 erant
1316 1869 1457 1925 facta
1515 1867 1709 1942 [Petr.,
1760 1866 1958 1941 sexta],
2011 1866 2127 1923 nisi"
2218 1867 2413 1925 delicet
2447 1882 2516 1922 ex
2541 1876 2687 1924 terra
2732 1868 3080 1932 soliditatem,
3107 1882 3175 1921 ex
3212 1881 3349 1936 aqua
3390 1865 3692 1930 humorem,
3723 1881 3807 1921 ex

551 1963 709 2034 quod,
745 1963 1037 2019 causaliter
1065 1966 1127 2018 'et
1175 1961 1512 2030 originaliter
1568 1969 1695 2017 tunc
1741 1961 1952 2016 condita
1992 1965 2123 2016 sunt
2218 1973 2345 2014 aere
2370 1956 2578 2025 ﬂatum,
2602 1972 2667 2013 ex
2708 1958 2831 2029 igne
2857 1958 3110 2014 calorem.
3142 1957 3251 2012 Sed
3279 1957 3534 2026 quoniam
3560 1956 3649 2011 bis
3676 1971 3804 2010 om-

545 2054 761 2125 quando
797 2054 997 2108 dictum
1044 2061 1127 2109 est
1152 2067 1166 2106 :
1193 2051 1458 2107 Producat
1509 2062 1648 2105 terra
1695 2050 1906 2104 herbam
1955 2049 2125 2104 uiren-
2216 2048 2377 2105 nibus
2400 2058 2568 2113 caret,
2593 2056 2815 2120 apparet
2840 2064 2959 2108 eam
2988 2048 3112 2103 inde
3131 2062 3236 2103 non
3262 2060 3403 2111 esse,
3425 2061 3546 2117 quae
3572 2061 3698 2102 cum
3729 2046 3804 2101 il-

546 2152 648 2197 tem
664 2143 691 2196 7
716 2142 868 2198 Tunc
896 2157 1018 2197 eam
1049 2148 1260 2197 constat
1281 2139 1611 2211 producendi
1641 2139 1914 2209 accepisse
1939 2137 2119 2192 virtu-
2216 2141 2285 2198 lis
2307 2142 2383 2198 nil
2406 2142 2606 2198 habere
2628 2142 2919 2214 probatur;
2952 2140 3135 2221 sedes
3158 2138 3347 2204 nihilo,
3373 2139 3514 2194 sicut
3542 2139 3805 2209 superius

547 2239 678 2298 tem,
717 2240 774 2287 et
809 2231 863 2286 in
896 2246 961 2288 ea
1004 2232 1204 2287 virtute
1246 2239 1504 2299 tanquam
1534 2229 1590 2284 in
1618 2227 1910 2295 radicibus,
1952 2235 2012 2282 ut
2041 2227 2113 2281 ita

2216 2233 2473 2301 diximus,
2510 2243 2602 2289 aut
2636 2233 2955 2290 insumando
3001 2232 3229 2298 creavit,
3278 2241 3372 2286 aut
3400 2232 3635 2309 creando
3673 2245 3805 2286 cor-

545 2320 796 2387 dixerim,
835 2328 1133 2392 temporum
1165 2319 1305 2377 facta
1339 2329 1514 2384 erant,
1537 2334 1658 2390 quae
1684 2327 1924 2389 tempora
1962 2324 2122 2373 erant
2212 2325 2332 2396 pori
2362 2324 2667 2380 insutﬂavit.
2699 2323 2767 2378 Et
2799 2326 2969 2395 factus
2999 2333 3073 2378 est
3098 2324 3251 2377 homo
3274 2322 3329 2375 in
3354 2322 3587 2376 animam
3618 2322 3801 2377 uiuen-

543 2412 785 2467 orienda.
800 2412 866 2467 Et
884 2411 1023 2467 bene
1047 2412 1141 2476 ait,
1165 2428 1312 2465 omne
1336 2409 1617 2481 virgultum
1642 2409 1860 2479 agri,-el
1881 2406 2113 2478 reliqua,
2215 2422 2336 2471 tam,
2360 2414 2477 2471 Non
2503 2415 2647 2471 enim
2676 2414 2971 2486 spiritalem
2998 2414 3270 2469 hominem
3301 2413 3560 2467 debemus
3588 2412 3800 2467 intem-

544 2511 607 2558 ut
643 2503 971 2560 celeritatem
1018 2504 1197 2575 operis
1241 2502 1335 2558 Dei
1378 2502 1706 2567 insinuaret;
1752 2501 1805 2556 id
1841 2508 1926 2556 est
1963 2509 2119 2555 ante-
2215 2520 2360 2578 gere,
2402 2506 2495 2577 qui
2525 2504 2699 2561 factus
2726 2515 2810 2561 est
2837 2506 2889 2560 in
2917 2492 3152 2560 animam
3178 2504 3467 2585 viventem,
3490 2504 3584 2559 sed
3612 2504 3799 2560 adhuc

543 2609 705 2665 quam
738 2595 901 2665 aliqui
928 2593 1133 2649 fructus
1153 2608 1221 2648 ex
1246 2602 1390 2649 terra
1414 2593 1706 2649 crescendo
1725 2592 2000 2647 orirentur
2023 2597 2116 2644 aut

544 2686 932 2758 geminarent,
963 2695 1187 2755 repente
1227 2700 1416 2740 omnes
1441 2684 1617 2755 campi
1656 2691 1713 2739 et
1739 2683 1902 2739 colles
1929 2680 2115 2739 herbis

542 2783 701 2833 erant
728 2784 786 2832 et
812 2777 1097 2831 arboribus
1131 2774 1391 2845 cooperti.
1438 2773 1561 2828 Non
1588 2774 1725 2828 enim
1770 2772 1973 2842 pluerat
2005 2770 2117 2825 Do-

541 2866 715 2920 minus
743 2882 898 2934 super
926 2875 1141 2929 terram,
1171 2873 1219 2919 et
1244 2865 1397 2919 homo
1428 2879 1532 2917 non
1567 2871 1678 2917 erat
1697 2861 1786 2932 qui
1811 2868 2117 2931 aperaretur

2214 2596 2522 2651 animalem.
2551 2595 2703 2651 Tunc
2731 2595 2875 2650 enim
2903 2593 3162 2665 spiritalis
3197 2592 3421 2648 ell‘ectus
3448 2603 3551 2658 est,
3574 2594 3805 2663 quando

2214 2687 2268 2742 in
2310 2688 2562 2758 paradiso
2607 2688 2815 2757 positus
2853 2693 3123 2757 priecepta
3167 2682 3514 2754 perfectionis
3556 2683 3799 2754 accepit.

2212 2777 2400 2851 Itaque
2436 2787 2729 2848 postquam
2757 2776 3022 2849 peccavit,
3053 2783 3108 2828 et
3143 2774 3376 2833 emissus
3412 2782 3497 2829 est
3539 2772 3609 2828 de
3633 2788 3799 2843 para-
3853 2804 3860 2809 ο

2212 2867 2350 2933 diso,
2379 2868 2434 2922 in
2462 2882 2531 2923 eo
2556 2867 2814 2922 remansit
2839 2873 2901 2921 ut
2937 2874 3082 2920 esset
3126 2863 3393 2917 animalis.
3424 2862 3501 2916 Et
3520 2863 3640 2916 ideo
3674 2877 3801 2917 om-

542 2965 755 3009 ιενναηι·
792 2955 900 3009 ειη
948 2956 1015 3010 de
1060 2955 1301 3019 homine»
1349 2950 1573 3023 quiia"!
1624 2959 1775 3007 Se‘la
1812 2950 1898 3006 die
1936 2949 2113 3005 factus
2213 2972 2311 3014 nes
2337 2958 2428 3029 qui
2453 2957 2521 3012 de
2556 2957 2648 3012 illo
2692 2957 2983 3019 nascimur,
3027 2954 3178 3024 prius
3216 2953 3475 3008 animales
3506 2952 3793 3016 efﬁcimur,

543 3047 740 3113 fuerat,
780 3048 886 3103 hoc
939 3046 1341 3115 recapitulatur,
1389 3044 1494 3098 nisi
1535 3044 1750 3112 quando
1798 3041 1927 3098 fecit
1970 3040 2113 3096 Deus

2217 3050 2390 3106 donec
2440 3049 2613 3105 renati
2658 3063 2755 3119 per
2803 3047 3020 3101 fontem
3053 3041 3797 3115 baptismatis’assequamur

541 3149 704 3191 omne
746 3135 1033 3207 virsullum
1073 3135 1213 3206 agri»
1260 3134 1496 3189 nondum
1534 3111 1749 3203 ill“erm
1789 3141 1844 3187 ει
1876 3131 2112 3186 nondum
2140 3111 2189 3177 c
2218 3142 2512 3212 spiritalem
2536 3111 2732 3207 Adam,
2756 3140 2809 3195 id
2836 3148 2922 3195 est
2972 3111 3265 3202 Christum,
3306 3151 3404 3207 per
3434 3111 3594 3207 quem
3622 3137 3794 3192 simus

542 3232 707 3290 homo
736 3226 909 3282 faclus
937 3226 1092 3283 eral?
2214 3233 2513 3303 spiritales,
2568 3232 2721 3302 juxta
2779 3230 2921 3301 quod
2969 3228 3166 3285 Paulus
3208 3228 3481 3297 apostolus
3529 3226 3794 3283 ait:Non

619 3316 781 3374 Vens.
814 3317 867 3373 6.
903 3348 964 3358 —
992 3315 1096 3373 Sed
1138 3315 1256 3386 {om
1294 3314 1605 3370 ascendebat
1642 3330 1671 3368 ε
1707 3322 1847 3368 terra
1889 3313 2117 3384 irrigans
2212 3322 2356 3392 prius
2401 3322 2538 3393 quod
2580 3319 2817 3392 spiritale
2849 3328 2943 3385 est,
2982 3319 3073 3374 sed
3119 3319 3258 3389 quod
3299 3318 3561 3384 animale;
3604 3317 3795 3377 deinde

544 3418 841 3465 universam
870 3405 1195 3478 superﬁciem
1216 3415 1388 3459 terrm.
1419 3403 1520 3459 l-lic
1548 3404 1744 3459 merito
1777 3401 2038 3471 queeritur
2068 3401 2115 3456 si

541 3499 663 3556 fons
716 3500 976 3570 irrigabat
1027 3502 1251 3553 extensa
1304 3509 1615 3566 camporum
1672 3492 2120 3564 superficiemque

543 3592 852 3647 universam
883 3597 1170 3650 terrarum,
1199 3585 1483 3643 cacumina
1515 3584 1775 3639 montium
1798 3600 1903 3638 non
1926 3583 2117 3654 irriga-

542 3682 638 3736 bat
660 3679 771 3754 [Z.,
812 3674 1194 3749 irrigabantur]
1222 3691 1237 3731 :
1261 3683 1316 3732 et
1340 3675 1387 3732 si
1410 3675 1538 3746 iuga
1568 3690 1631 3731 ac
1658 3674 1936 3729 cacumina
1962 3688 2116 3728 mon-

543 3773 678 3828 tium
709 3768 1041 3832 infundebat,
1074 3781 1204 3838 ergo
1243 3782 1349 3822 non
1388 3764 1530 3831 fons,
1563 3763 1657 3820 sed
1686 3763 1949 3819 diluvium
1977 3770 2114 3817 erat.

544 3861 653 3917 Sed
681 3859 825 3931 quod
866 3860 960 3925 ait,
997 3858 1115 3929 fons
1150 3856 1460 3912 ascendebat
1501 3854 1566 3909 de
1600 3863 1761 3919 terra,
1785 3861 1842 3907 et
1887 3851 2112 3922 reliqua,

538 3950 695 4023 juxta
729 3949 962 4005 litteram
989 3949 1093 4005 tale
1125 3957 1208 4004 est
1233 3962 1298 4003 ac
1327 3947 1374 4002 si
1403 3946 1626 4002 dixisset
1652 3963 1665 3999 :
1690 3944 1934 4000 Nondum
1960 3944 2115 4015 plue-

542 4048 648 4105 rat,
679 4040 774 4095 scd
798 4037 973 4105 fontes
997 4052 1095 4109 per
1119 4038 1427 4092 universam
1459 4044 1676 4093 terram.
1704 4035 1817 4089 sive
1850 4036 1903 4089 in
1939 4034 2114 4105 plani-

543 4130 619 4185 tie
656 4144 989 4199 camporum,
1030 4128 1145 4184 sive
1197 4123 1309 4200 [Z.,
1342 4126 1455 4182 sive
1497 4124 1576 4199 in]
1616 4125 1909 4181 verticibus
1953 4140 2112 4181 mou-

544 4220 697 4285 tium,
723 4220 835 4275 suis
857 4219 1154 4292 quibusque
1175 4220 1309 4275 locis
1336 4226 1701 4288 erumpentes,
1726 4217 1974 4288 regiones
1994 4232 2116 4287 pro-

539 4309 689 4380 prias
734 4309 1049 4382 irrigabant.
1106 4308 1211 4365 Sed
1259 4310 1455 4380 fontem
1514 4322 1665 4363 more
1712 4305 2113 4377 Scripturarum

541 4400 799 4472 singulari
834 4416 1061 4457 numero
1096 4416 1196 4471 pro
1226 4400 1415 4472 plurali
1460 4399 1639 4471 posuit
1680 4407 1901 4469 propter
1929 4397 2108 4452 unita—

539 4504 649 4549 tem
676 4501 906 4558 naturae,
934 4506 1001 4547 eo
1029 4492 1170 4562 quod
1204 4506 1392 4546 omnes
1410 4505 1571 4544 unam
1599 4489 1859 4559 originem
1887 4487 2106 4542 habent.

496 4614 505 4619 ο
609 4581 771 4639 Vsus.
822 4583 972 4639 7.-
999 4581 1268 4637 Formarit
1320 4582 1482 4653 igitur
1535 4579 1673 4634 Deus
1725 4579 1986 4633 hominem
2044 4587 2109 4630 ae

536 4672 662 4729 limo
699 4684 871 4738 terrm,
916 4682 963 4728 et
996 4672 1265 4741 inspiravit
1300 4672 1355 4725 in
1398 4670 1586 4740 faciem
1628 4668 1742 4739 ejus
1788 4664 2108 4738 spiraculum

536 4765 675 4829 vitaz,
720 4770 776 4817 et
821 4756 1047 4832 reliqua.
1079 4760 1216 4828 Quid
1251 4769 1334 4816 est
1376 4760 1518 4816 enim
1548 4759 1692 4829 quod
1736 4757 2010 4813 hominem
2041 4754 2110 4810 de

535 4850 665 4906 limo
706 4858 863 4905 teme
899 4850 1174 4915 formavit,
1217 4860 1273 4905 et
1311 4865 1416 4903 non
1447 4848 1513 4903 de
1550 4846 1788 4916 angelica
1834 4854 2105 4910 creatura,

534 4939 638 4994 nisi
662 4940 788 5010 quia
823 4938 945 4997 ideo
968 4939 1139 4995 voluit
1165 4939 1229 4994 de
1267 4937 1396 4992 limo
1425 4945 1581 4991 terra:
1619 4948 1825 4996 creare,
1868 4940 1931 4987 ut
1958 4947 2105 4988 scm-

534 5043 633 5098 per
672 5028 1030 5101 humilitatem
1066 5034 1293 5094 teneret,
1323 5036 1375 5081 et
1410 5040 1516 5080 non
1561 5023 1884 5093 superbiret,
1914 5022 2104 5092 pulve-

536 5133 653 5173 rem
677 5133 736 5175 se
775 5121 1120 5193 cineremque
1153 5118 1307 5188 juxta
1346 5114 1650 5185 exemplum
1698 5112 1931 5168 Abrahm
1976 5128 2108 5167 con-

536 5210 787 5280 spiceret,
815 5221 873 5267 et
912 5220 1097 5283 ageret
1121 5211 1322 5282 gratias
1351 5207 1616 5264 conditori
1646 5220 1744 5262 suo
1769 5218 1835 5260 eo
1855 5204 1997 5274 quod
2040 5204 2108 5261 de

536 5308 649 5355 tam
691 5300 866 5374 fragili
912 5303 1137 5359 materia
1183 5300 1459 5357 conditum
1518 5300 1584 5354 ad
1624 5305 1828 5352 tantam
1878 5295 2108 5367 gratiam

535 5394 731 5458 erexit,
762 5403 838 5459 ut,
885 5396 929 5450 si
965 5395 1211 5454 subditus
1251 5391 1300 5447 ei
1343 5391 1502 5456 foret,
1542 5405 1705 5460 regna
1736 5405 1856 5444 cum
1902 5388 2107 5460 angelis

536 5484 805 5541 obtineret
830 5486 1124 5542 cmlorum?
1146 5484 1214 5539 Et
1243 5482 1509 5554 inspirat-it
1537 5482 1593 5535 in
1620 5482 1807 5551 faciem
1829 5481 1966 5552 ejus,
1997 5490 2103 5537 ctc.

535 5570 943 5653 luspiratioDci
969 5578 1020 5631 in
1050 5576 1238 5631 faciem
1268 5572 1503 5630 hominis
1531 5573 1771 5630 conditio
1796 5581 1879 5629 est
1910 5573 2107 5629 anima:

537 5666 831 5725 rationalis.
864 5667 969 5725 Sed
1006 5668 1058 5724 in
1087 5668 1189 5726 hoc
1227 5665 1370 5736 quod
1408 5665 1501 5735 ait,
1535 5665 1803 5735 inspiravit
1830 5667 1883 5721 in
1914 5666 2102 5735 [aciem

2212 3410 2351 3481 quod
2370 3409 2604 3479 spiritale
2627 3408 2678 3481 (1
2703 3408 2826 3464 Cor.
2852 3424 2946 3474 xv,
2975 3408 3086 3478 46).

2287 3503 2451 3558 Vsus.
2479 3503 2532 3559 8.
2555 3534 2624 3544 —
2647 3499 2985 3558 Plantaoerat
3028 3510 3199 3556 autem
3230 3501 3486 3557 Dominus
3512 3494 3658 3557 Deus
3690 3517 3789 3572 pa-

2213 3593 2448 3648 radisum
2479 3591 2787 3663 voluptatis,
2822 3601 2926 3647 etc.
2979 3591 3270 3646 Paradisus
3311 3593 3526 3655 hortus,
3557 3593 3675 3647 sive
3704 3608 3794 3646 uo-

2214 3681 2417 3754 luptas,
2447 3681 2531 3736 vel
2560 3681 2763 3736 delicia!
2786 3681 3193 3750 interpretatur.
3231 3678 3523 3736 Sciendum
3549 3669 3633 3736 est
3660 3680 3791 3750 quia

2214 3779 2449 3843 quatuor
2466 3771 2641 3826 modis
2664 3771 2719 3825 in
2740 3769 2938 3826 divinis
2962 3769 3117 3826 libris
3141 3770 3425 3842 paradisus
3451 3770 3667 3845 legitur.
3691 3769 3793 3825 Est

2214 3862 2359 3916 enim
2380 3861 2664 3931 paradisus
2681 3901 2697 3927 ,
2726 3860 2792 3916 de
2814 3875 2922 3930 quo
2942 3860 2997 3915 in
3019 3861 3124 3915 hoc
3141 3861 3263 3916 loco
3291 3859 3504 3932 Moyses
3527 3858 3791 3929 loquitur,

2213 3953 2306 4024 qui
2337 3963 2514 4009 tamen
2533 3992 2549 4019 ,
2573 3953 2627 4007 in
2647 3966 2755 4025 quo
2774 3951 2895 4007 loco
2911 3991 2927 4017 ,
2950 3965 3124 4021 quave
3144 3951 3422 4023 provincia
3455 3951 3538 4006 vel
3566 3950 3793 4022 regione

2210 4046 2349 4101 situs
2381 4043 2572 4106 fuerit,
2611 4043 2709 4099 soli
2739 4042 2851 4098 Deo
2878 4042 3150 4115 cognitum
3186 4050 3299 4110 est,
3324 4040 3624 4113 praesertim
3658 4056 3790 4097 cum

2213 4138 2327 4193 toto
2359 4133 2475 4208 [Z.,
2511 4135 2565 4189 in
2596 4133 2733 4207 toto]
2781 4133 2913 4189 orbe
2948 4141 3219 4187 terrarum
3262 4146 3524 4201 nusquam
3557 4130 3790 4201 reperiri

2211 4235 2408 4297 potest.
2442 4224 2549 4281 Sed
2568 4237 2745 4280 tamen
2762 4265 2778 4291 ,
2803 4233 2865 4280 ut
2883 4222 3130 4279 nonnulli
3157 4230 3456 4287 autumant,
3482 4222 3538 4277 in
3561 4220 3789 4278 Oriente

2212 4326 2297 4373 est
2338 4317 2580 4388 positus;
2633 4317 2791 4387 quia,
2839 4316 3120 4386 inquiunt,
3169 4322 3530 4385 opportunum
3572 4321 3691 4369 erat
3729 4321 3795 4368 ut

2212 4405 2361 4462 locus
2387 4421 2499 4477 pra:
2525 4406 2734 4462 caeteris
2751 4405 3150 4461 amoenissimus
3169 4403 3223 4459 in
3247 4402 3609 4459 excellentiori
3630 4408 3792 4472 parte

2210 4495 2394 4551 mundi
2423 4494 2776 4565 plantaretur.
2807 4494 2961 4551 Unde
2983 4494 3228 4551 nonnulli
3258 4495 3650 4551 transtulerunt
3675 4508 3693 4547 :
3717 4491 3791 4546 In

2211 4585 2361 4641 Eden
2391 4595 2571 4640 contra
2604 4585 2889 4640 Orientem.
2925 4586 3134 4642 Dicitur
3158 4594 3213 4641 et
3239 4585 3524 4656 paradisus
3551 4584 3789 4638 mundus

2208 4684 2430 4748 prOpter
2456 4683 2705 4730 ornatum
2731 4690 2887 4730 suum
2906 4716 2922 4742 ,
2960 4683 3021 4730 ut
3049 4676 3104 4730 in
3132 4674 3415 4730 Ezechiele
3432 4715 3447 4739 ,
3474 4673 3565 4728 ubi
3594 4671 3788 4726 Domi-

2212 4778 2313 4820 nus
2350 4764 2416 4819 de
2449 4779 2616 4835 regno
2663 4762 3007 4835 Assyriorum
3050 4762 3260 4819 locutus
3292 4771 3378 4818 est
3420 4780 3434 4817 :
3485 4760 3642 4817 Cedri
3680 4776 3789 4814 non

2211 4856 2423 4926 {uerunt
2445 4854 2657 4911 altiores
2678 4855 2769 4909 illo
2792 4855 2846 4908 in
2868 4855 3117 4925 paradiso
3139 4853 3242 4908 Dei
3266 4853 3484 4925 (Ezech.
3515 4866 3643 4906 χιιι
3660 4892 3675 4913 ,
3703 4849 3783 4922 8).

2207 4943 2431 5016 Legitur
2456 4945 2620 5000 etiam
2647 4952 2699 4999 et
2725 4945 3007 5013 paradisus
3035 4943 3327 5013 spiritalis,
3358 4943 3414 4996 in
3449 4956 3609 5012 quem
3643 4938 3788 4993 Pan-

2208 5033 2295 5090 lus
2320 5049 2379 5091 se
2401 5043 2612 5106 raptum
2637 5042 3029 5090 commemorat
3057 5034 3241 5089 dicens
3273 5051 3286 5087 :
3318 5031 3440 5087 Scio
3462 5040 3671 5102 raptum
3689 5029 3788 5083 ho-

2208 5125 2399 5181 minem
2426 5126 2480 5179 in
2498 5124 2805 5196 paradisum
2832 5122 2933 5195 (II
2955 5122 3079 5178 Cor.
3113 5139 3189 5178 xu
3210 5163 3225 5190 ,
3252 5123 3355 5195 ἓ),
3385 5123 3436 5177 id
3477 5130 3562 5177 est
3582 5121 3638 5175 iu
3667 5133 3786 5175 cm-

2209 5212 2397 5270 lestem
2424 5216 2811 5270 ammnitatem.
2839 5213 2998 5269 Juxta
3037 5228 3311 5285 anagogeu
3343 5229 3472 5269 vero
3496 5211 3785 5283 paradisus

2210 5301 2449 5357 Ecclesia
2488 5310 2590 5357 est.
2625 5304 2779 5359 Unde
2823 5302 3075 5358 Salomon
3106 5302 3158 5356 in
3187 5301 3412 5358 Cantico
3448 5301 3783 5357 canticorum

2211 5392 2288 5446 ait
2323 5409 2336 5444 :
2369 5391 2570 5447 Hortus
2609 5393 2883 5448 conclusus
2924 5408 3075 5447 soror
3108 5408 3247 5464 mea,
3272 5394 3450 5447 hortus
3471 5388 3783 5453 conclusus,

2211 5483 2329 5554 fons
2349 5485 2605 5554 signatus,
2620 5484 2918 5539 emissiones
2938 5491 3045 5538 tua:
3065 5482 3347 5553 paradisus
3374 5481 3548 5554 (Cant.
3576 5495 3652 5546 tv,
3672 5478 3781 5550 l2).

2210 5573 2300 5629 Ait
2325 5575 2468 5629 enim
2511 5594 2524 5629 :
2556 5574 2891 5629 Plantaverat
2917 5583 3093 5629 autem
3114 5572 3371 5629 Dominus
3404 5572 3544 5627 Deus
3566 5571 3785 5643 paradi-

2208 5681 2325 5720 sum
2354 5665 2633 5736 uoluptatis
2663 5682 2692 5721 a
2731 5665 3007 5738 principio.
3040 5664 3176 5721 Nam
3221 5666 3364 5722 uttod
3394 5665 3498 5725 ait.
3526 5680 3558 5719 α
3584 5662 3783 5718 princi-
