4044 6326
563 331 656 387 131

1584 319 1938 378 ANGELOMI
1977 314 2435 372 LUXOVIENSIS
2476 315 2782 372 MONACHI

3717 322 3822 377 {3'2

553 443 814 514 principio
841 451 950 496 erat
983 441 1222 507 verbum,
1248 448 1304 494 et
1332 437 1558 508 reliqua.
1587 437 1692 503 Qui
1717 437 1899 490 circuit
1933 447 2136 487 omnem
2166 431 2213 489 A
2242 430 2462 495 cbinus,
2490 431 2580 498 qui
2610 431 2716 485 alio
2741 431 2961 486 nomine
2989 431 3239 500 prasinus
3269 431 3378 504 [Z.,
3404 433 3640 506 prasius]
3666 435 3820 490 inve-

563 545 756 587 terram
800 531 1009 594 Evilat,
1047 531 1099 586 id
1142 539 1227 586 est
1275 538 1474 584 terram
1516 527 1863 590 orientalem,
1910 524 2035 594 quia
2065 522 2138 578 ibi

563 625 800 680 maxime
827 623 1024 694 legitur
1045 623 1112 678 de
1133 621 1452 677 excellentia
1489 617 1797 672 Divinitatis
1821 615 2018 686 ipsius,
2047 613 2138 684 qui

563 718 753 772 Oriens
779 723 1024 780 vocatur,
1068 713 1328 786 propheta
1369 707 1695 774 attestante,
1738 707 1830 778 qui
1860 707 1975 762 ait:
2003 703 2138 760 Ecce

564 809 660 872 vir,
687 805 876 861 Oriens
899 820 1085 860 nomen
1125 804 1238 875 ejus
1263 799 1447 872 (Zach.
1489 815 1578 864 vr,
1608 799 1718 871 12).
1765 796 1864 852 Ubi
1906 797 2140 851 nascitur

563 912 790 958 aurum,
835 903 965 959 etc.,
997 894 1122 963 quia
1168 892 1241 948 ibi
1286 905 1396 961 pra:
1423 889 1635 944 caneris
1677 901 1870 943 sensus
1910 883 2139 956 refulget

561 985 818 1055 Spiritalis
841 983 1138 1055 sapientiae.
1185 980 1390 1034 Aurum
1437 995 1670 1048 namque
1713 977 2032 1048 sapientiam
2064 976 2138 1032 si-

563 1076 814 1146 gniﬁcat,
857 1075 1141 1131 Salomone
1184 1079 1506 1138 attestante,
1553 1072 1644 1141 qui
1675 1072 1750 1126 ait
1790 1090 1802 1124 :
1837 1070 2136 1124 Thesaurus

559 1167 916 1220 desiderabilis
938 1164 1202 1243 requiescit
1224 1163 1280 1217 in
1302 1179 1389 1218 ore
1408 1163 1656 1233 sapientis
1675 1160 1859 1234 (Prov.
1881 1177 1995 1226 xxt,
2018 1160 2132 1231 20).

562 1257 745 1327 Ibique
775 1257 1035 1312 invenitur
1047 1253 1315 1309 bdellium.
1345 1253 1605 1309 Bdellium
1625 1293 1640 1318 ,
1665 1254 1709 1308 si
1735 1253 1802 1307 ad
1834 1252 2034 1323 lignum
2055 1265 2138 1307 re-

561 1349 750 1412 fertur,
769 1346 1036 1418 signilicat
1052 1344 1370 1417 mysterium
1386 1344 1584 1408 crucis,
1601 1344 1744 1414 quod
1763 1343 1815 1398 in
1838 1343 1940 1397 hoc
1959 1342 2136 1396 Evan-

559 1439 702 1510 gelio
732 1437 1048 1509 plenissime
1095 1434 1418 1492 declaratur.
1455 1433 1513 1490 Si
1549 1421 1730 1489 autem
1756 1433 1823 1488 ad
1864 1432 2132 1502 lapidem,

557 1531 648 1598 qui
679 1529 784 1584 alio
828 1528 1048 1584 nomine
1091 1526 1452 1584 carbunculus
1472 1534 1718 1592 vocatur,
1752 1524 2018 1595 signiﬁcat
2045 1523 2136 1579 Di-

555 1621 796 1678 vinitatis
842 1620 1242 1677 excellentiam.
1290 1620 1358 1674 Et
1397 1619 1533 1689 lapis
1579 1617 1914 1689 onychinus,
1957 1617 2045 1686 qui
2080 1615 2133 1671 in

556 1708 876 1778 quibusdam
903 1708 1181 1764 codicibus
1214 1707 1469 1776 prasinus
1517 1706 1811 1771 invenitur,
1861 1704 2132 1778 signiﬁcat

2239 521 2405 583 nitur,
2433 521 2702 590 signiﬁcat
2729 521 2891 574 vitam
2913 530 3168 576 mternam
3191 539 3285 577 sua
3308 522 3579 579 viriditate
3600 535 3825 596 propter

2238 607 2476 677 vigorem
2506 609 2650 673 vitm,
2678 609 2807 678 quia
2851 623 2956 664 non
3003 610 3220 664 arescit.
3257 609 3441 675 Geon,
3485 614 3575 682 qui
3625 615 3827 672 circuit

2236 711 2450 753 omnem
2483 707 2684 754 terram
2714 699 3027 768 Ethiopum
3055 701 3288 756 calidam
3316 701 3726 774 ferventemque
3752 705 3828 764 si-

2237 785 2458 856 gnificat
2504 785 2627 858 [Z.,
2661 787 2891 860 ﬁgurat]
2939 787 3311 846 fortitudinem
3363 792 3544 848 calore
3587 795 3824 852 actionis

2237 875 2468 932 alacrem
2516 887 2679 948 atque
2716 879 3032 949 impigram,
3063 896 3184 950 qua;
3213 891 3438 951 superat
3469 899 3688 940 omnem
3735 903 3824 942 se-

2236 967 2478 1036 gnitiem,
2501 977 2556 1024 et
2582 970 2831 1039 pervenit
2858 971 2924 1024 ad
2957 970 3222 1027 fervorem
3254 973 3576 1031 dilectionis.
3603 975 3825 1035 Tertius

2237 1059 2414 1129 Tigris
2440 1060 2588 1115 vadit
2613 1069 2803 1116 contra
2828 1060 3100 1133 Assyrios,
3127 1072 3181 1119 et
3209 1065 3480 1135 signiﬁcat
3503 1076 3820 1139 temperan-

2236 1150 2398 1216 tiam,
2443 1167 2562 1222 qum
2607 1153 2812 1208 resistit
2853 1153 3097 1221 libidini,
3149 1164 3205 1210 et
3249 1156 3598 1228 voluptuosas
3641 1159 3825 1217 frenat

2234 1244 2719 1313 concupiscentias,
2741 1245 2940 1314 quibus
2966 1245 3230 1302 immundi
3257 1249 3504 1318 spiritus,
3531 1252 3622 1320 qui
3645 1253 3823 1323 sig‘ni-

2235 1333 2466 1390 ﬁcantur
2493 1351 2589 1405 pcr
2617 1335 2888 1406 Assyrios,
2913 1337 3005 1406 qui
3031 1338 3455 1408 interpretantur
3479 1343 3696 1412 feroces,
3731 1345 3826 1400 vel

2233 1422 2386 1493 quasi
2421 1423 2714 1488 da'mones,
2751 1423 3000 1493 decipere
3032 1425 3260 1483 miseros
3290 1435 3564 1498 satagunt,
3591 1431 3684 1485 sed
3714 1431 3824 1485 hac

2237 1515 2436 1572 virtute
2455 1525 2795 1586 superantur.
2820 1516 3057 1584 Quartus
3077 1518 3381 1590 Euphrates
3405 1536 3512 1576 non
3532 1531 3616 1577 est
3637 1522 3825 1578 dictus

2233 1624 2342 1680 quo
2370 1611 2561 1676 vadat,
2594 1619 2689 1667 aut
2723 1627 2886 1682 quam
2930 1621 3131 1668 terram
3171 1615 3489 1671 circumeat.
3532 1615 3823 1688 Signiﬁcat

2233 1710 2414 1756 autem
2446 1699 2710 1770 justitiam
2734 1742 2750 1769 ,
2779 1719 2899 1774 quae
2935 1703 3001 1758 ad
3042 1705 3325 1762 universas
3359 1707 3553 1762 animae
3581 1708 3825 1778 pertinet

554 1799 948 1856 humanitatem
995 1797 1320 1864 Salvatoris,
1361 1814 1482 1868 qua:
1527 1797 1656 1853 inibi
1707 1797 1990 1853 evidenter
2035 1796 2126 1852 de-

2235 1798 2448 1861 partes;
2481 1793 2609 1862 quia
2653 1792 2766 1864 ipse
2800 1793 2964 1861 ordo,
2991 1803 3047 1849 et
3071 1793 3303 1866 mquitas
3331 1795 3526 1852 anima:
3564 1806 3676 1863 est,
3707 1813 3823 1868 qua

556 1890 814 1955 claratur,
842 1890 908 1944 de
930 1903 1036 1959 qua
1056 1889 1368 1960 plenissime
1395 1889 1449 1944 in
1475 1889 1575 1945 hoc
1597 1888 1796 1960 legitur
1816 1887 2127 1958 Evangelio.

557 1979 702 2036 Geon
730 1996 890 2048 vero,
921 1981 1010 2051 qui
1039 1981 1424 2052 interpretatur
1448 1991 1600 2036 terra:
1633 1983 1806 2052 gratia
1829 2019 1845 2044 ,
1883 1979 2135 2051 pricﬁgn-

553 2083 642 2128 rat
685 2073 1031 2142 Evangelium
1081 2073 1345 2140 Matthmi,
1389 2073 1514 2144 quia
1575 2074 1772 2128 ibidem
1819 2072 2132 2128 continetur

554 2161 788 2232 qualiter
814 2162 1072 2219 Dominus
1105 2179 1202 2219 sua
1237 2164 1410 2236 gratia
1432 2204 1448 2230 ,
1491 2163 1651 2218 nullis
1694 2163 1896 2218 nostris
1924 2162 2133 2218 meritis

553 2256 920 2327 exigentibus,
953 2266 1153 2312 terram
1181 2257 1364 2312 carnis
1409 2264 1608 2311 nostra:
1633 2269 1912 2310 assumere
1941 2254 2133 2323 digna-

554 2351 642 2401 tus
669 2355 782 2414 est,
815 2349 879 2403 de
903 2363 1007 2418 qua
1035 2356 1090 2403 et
1115 2347 1282 2402 lsaias
1311 2347 1378 2402 ad
1401 2345 1616 2403 Iudaeos
1639 2345 1879 2416 loquitur
1900 2345 2126 2401 dicens:

553 2437 836 2508 Interﬁciet
867 2449 916 2494 te
939 2438 1192 2494 Dominus
1222 2439 1360 2503 Deus
1384 2447 1525 2503 tuus,
1553 2448 1602 2492 et
1628 2455 1800 2492 servos
1823 2453 1946 2492 suos
1970 2454 2128 2491 vocu-

553 2530 623 2582 bit
651 2531 859 2586 nomine
887 2531 1015 2594 alio,
1045 2531 1098 2584 in
1121 2545 1243 2602 quo,
1267 2531 1356 2601 qui
1383 2529 1710 2584 benedicatur
1737 2545 1893 2598 super
1911 2537 2127 2592 terram,

553 2621 882 2676 benedicetur
909 2623 964 2676 in
990 2621 1096 2677 Deo
1118 2665 1132 2687 ,
1157 2638 1340 2686 amen,
1377 2629 1425 2675 et
1455 2621 1544 2690 qui
1571 2619 1715 2688 iurat
1744 2620 1799 2673 in
1829 2628 1968 2673 terra
1993 2657 2010 2685 ,
2035 2618 2132 2689 ju-

553 2721 634 2764 rat
659 2713 711 2766 in
741 2712 846 2766 Deo
877 2730 1026 2768 amen
1055 2713 1187 2784 (Isa.
1221 2729 1346 2779 va,
1381 2711 1492 2784 15).

623 2799 790 2872 Tigris
812 2842 827 2867 ,
863 2804 952 2872 qui
992 2803 1132 2856 vadit
1163 2813 1345 2856 contra
1373 2802 1614 2874 Assyrios
1633 2842 1650 2868 ,
1682 2815 1844 2872 quem
1877 2800 2132 2872 sagittatis

555 2891 896 2961 interpretari
947 2894 1160 2957 dicunt,
1211 2893 1480 2964 signiﬁcat
1527 2893 1886 2965 Evangelintn
1928 2891 2128 2958 lani,

549 2981 642 3047 qui
679 2981 850 3036 veloci
883 2991 939 3036 et
984 2983 1132 3036 brevi
1161 2997 1416 3037 sermone
1441 2985 1844 3054 comprehendit
1876 2983 2126 3054 Evange-

550 3067 680 3120 lium
711 3083 888 3123 suum.
927 3070 1030 3138 Qui
1073 3072 1212 3126 bene
1241 3080 1427 3126 contra
1458 3073 1739 3146 Assyrios,
1769 3074 1857 3144 qui
1894 3074 2122 3142 feroces,

2238 1881 2342 1937 sibi
2373 1882 2474 1936 tria
2506 1883 2611 1937 ista
2636 1885 2979 1940 concorditer
3017 1886 3358 1955 copulantur,
3387 1896 3442 1943 et
3470 1888 3524 1942 in
3559 1889 3662 1944 ista
3698 1897 3819 1944 tota

2237 1971 2578 2042 copulatione
2621 1982 2782 2044 atque
2809 1975 3149 2031 ordinatione
3187 1975 3400 2046 justitia
3435 1985 3538 2035 est.
3573 1978 3682 2034 Sed
3717 1993 3823 2034 no-

2237 2064 2461 2118 tandum
2492 2061 2730 2135 estquia
2753 2065 3058 2137 philosophi
3085 2075 3138 2121 et
3171 2067 3415 2122 nonnulli
3450 2069 3698 2124 doctores
3722 2084 3813 2124 se-

2234 2157 2469 2212 cundum
2495 2158 2731 2213 ethicam
2764 2159 3103 2230 disciplinam
3126 2162 3462 2232 supradictas
3489 2163 3720 2219 virtutes
3741 2164 3823 2220 ita

2234 2247 2523 2303 ordinant:
2551 2249 2922 2319 prudentiam,
2957 2249 3264 2320 justitiam,
3315 2252 3722 2321 fortitudinem,
3762 2265 3826 2312 et

2235 2341 2668 2408 temperantiam.
2715 2339 3028 2408 Prudentia,
3057 2343 3342 2414 inquiunt,
3381 2346 3436 2400 in
3481 2346 3820 2418 agnitionem

2232 2429 2481 2485 veritatis
2519 2431 2726 2486 inducit
2773 2431 3080 2499 hominem;
3106 2433 3316 2504 justitia
3346 2437 3689 2493 dilectionem
3723 2440 3821 2496 Dei

2231 2527 2287 2574 et
2311 2521 2540 2590 proximi
2566 2532 2774 2587 servat;
2803 2521 3064 2580 fortitudo
3092 2526 3261 2581 vincit
3284 2527 3533 2593 adversa,
3563 2540 3823 2585 mortem-

2231 2627 2338 2681 que
2383 2614 2714 2680 contemnit;
2747 2617 3104 2685 temperantia
3135 2618 3357 2674 vitiosas
3389 2620 3693 2690 voluptates
3732 2637 3823 2678 re-

2229 2704 2440 2773 primit,
2467 2716 2526 2760 et
2551 2707 2732 2760 omnia
2756 2708 3096 2763 moderatur.
3123 2708 3220 2764 Ha:
3241 2719 3624 2781 suntquatnor
3649 2713 3826 2770 virtu-

2232 2803 2318 2850 tes
2342 2797 2684 2868 principdes,
2707 2814 2828 2868 quae
2854 2814 3034 2855 mores
3065 2809 3288 2867 ornant,
3316 2804 3505 2858 merita
3529 2807 3776 2876 prebeat
3794 2847 3814 2872 ,

2229 2885 2500 2942 diabolum
2533 2888 2783 2954 vincunt,
2813 2888 3010 2944 ccelum
3040 2892 3306 2961 aperiunt.
3333 2893 3512 2949 Prima
3537 2896 3812 2970 intelligit,

2229 2981 2464 3034 secunda
2499 2979 2693 3052 diligit,
2726 2983 2887 3037 tertia
2913 2983 3195 3039 victoriam
3222 2986 3344 3052 dat,
3368 2997 3559 3056 quarta
3589 2991 3812 3048 modum

2231 3070 2476 3147 imponit.
2493 3073 2748 3145 Quisquis
2777 3076 2920 3130 enim
2941 3083 3172 3146 quatuor
3191 3077 3496 3149 Evangeliis
3512 3081 3816 3138 instructus

547 3167 606 3212 et
633 3161 970 3230 captimtes,
997 3163 1082 3218 vel
1113 3165 1262 3234 quasi
1283 3165 1544 3220 dminones
1564 3143 2019 3236 interpretantur,
2048 3167 2128 3222 ire
2154 3143 2198 3206 Ο
2231 3143 2424 3229 fuerit,
2449 3174 2502 3222 et
2527 3167 2609 3223 his
2637 3143 2871 3238 quatuor
2895 3143 3184 3225 virtutibus
3215 3185 3311 3228 cor
3335 3143 3574 3228 infusum
3604 3173 3812 3231 habue-

549 3249 770 3317 dieitur,
801 3252 927 3323 quia
970 3263 1159 3309 contra
1202 3269 1390 3310 aereas
1434 3264 1762 3325 potestates,
1802 3273 1921 3328 qua:
1959 3273 2127 3329 genus

551 3341 845 3398 humanum
873 3346 1149 3415 captivare
1188 3362 1294 3401 non
1337 3356 1570 3412 cessant,
1599 3349 1854 3419 disputat.
1881 3348 2127 3420 Euphra-

550 3443 626 3487 tes
655 3434 846 3491 ﬂuvius
883 3436 1312 3508 MeSOpotamiae,
1346 3439 1436 3508 qui
1470 3439 1855 3509 interpretatur
1881 3441 2121 3510 ubertas,

549 3523 817 3591 signiﬁcat
845 3526 1194 3597 Evangelium
1225 3527 1401 3592 Luctn,
1431 3529 1573 3597 quod
1597 3530 1648 3584 in
1674 3546 1866 3602 magna
1896 3531 2123 3601 prolixi-

552 3624 662 3670 tate
692 3619 1056 3689 conscriptum
1083 3628 1194 3685 est,
1222 3619 1276 3674 in
1308 3635 1415 3691 quo
1446 3638 1550 3676 non
1584 3623 1756 3677 solum
1789 3623 1988 3680 Christi
2027 3639 2127 3680 na-

552 3707 763 3774 tivitas,
791 3725 978 3765 verum
1009 3712 1174 3766 etiam
1213 3712 1297 3767 sui
1327 3715 1675 3782 prmcursoris
1717 3723 1929 3770 tenetur
1952 3717 2125 3772 ascri-

550 3807 641 3868 pta
662 3840 676 3862 ,
719 3808 774 3856 et
811 3801 994 3857 multm
1037 3803 1310 3874 parabolae
1339 3803 1468 3858 inibi
1499 3804 1745 3874 leguntur
1772 3823 1892 3877 qua:
1921 3807 1972 3861 in
2003 3808 2125 3864 aliis

551 3907 656 3944 non
689 3893 972 3948 habentur.

620 3980 871 4036 Nonnulli
917 3984 1078 4038 etiam
1133 3985 1414 4039 moraliter
1462 3987 1576 4040 haec
1624 3997 1854 4058 quatuor
1901 3988 2122 4044 flumina

550 4081 782 4141 quatuor
814 4073 1045 4146 virtutes
1094 4077 1416 4146 principales
1463 4079 1768 4148 signiﬁcare
1809 4080 2123 4149 voluerunt,

548 4163 798 4219 videlicet
825 4166 1167 4234 prudentiam
1189 4208 1202 4233 ,
1235 4166 1644 4234 fortitudinem,
1674 4173 2087 4242 temperantiam
2106 4213 2121 4239 ,

546 4253 828 4323 justitiam.
851 4255 955 4310 Per
982 4256 1176 4312 Phison
1210 4259 1526 4331 intelligitur
1550 4261 1857 4329 prudentia.
1884 4263 2126 4318 Pruden-

548 4345 624 4400 tia
652 4361 780 4416 ergo
808 4345 1077 4418 signiﬁcat
1105 4349 1274 4418 ipsam
1303 4352 1815 4421 contemplationem
1847 4355 2089 4410 veritatis
2107 4395 2122 4421 ,

550 4440 618 4494 ab
651 4443 798 4496 omni
840 4457 936 4498 ore
966 4443 1201 4498 lmmano
1245 4445 1509 4508 alienam,
1544 4445 1667 4515 quia
1697 4455 1779 4499 est
1814 4446 2118 4502 inelTabilis.

551 4530 705 4586 Unde
748 4532 948 4588 Phison
999 4534 1103 4588 oris
1149 4536 1367 4589 mutatio
1418 4536 1828 4605 interpretatur,
1871 4552 2031 4605 quam
2072 4537 2118 4592 si

511 4634 526 4642 '
549 4621 727 4691 eloqui
757 4623 908 4691 velis,
929 4625 1165 4694 parturis
1187 4641 1304 4680 eam
1324 4627 1501 4696 potius
1524 4642 1684 4696 quam
1708 4628 1856 4698 paris
1886 4625 1953 4699 [Ζ
1960 4667 1997 4693 .,
2021 4643 2119 4697 pa-

552 4713 708 4786 rias],
735 4716 860 4784 quia
894 4717 966 4770 ibi
991 4718 1195 4772 audivit
1224 4718 1422 4771 Paulus
1460 4719 1745 4773 inelTahilia
1773 4721 1932 4772 verba
1953 4759 1969 4782 ,
2005 4736 2122 4788 quia

552 4824 655 4862 non
677 4807 793 4861 licet
819 4809 1015 4862 homini
1046 4799 1186 4880 loqui
1215 4809 1301 4881 (11
1327 4810 1448 4864 Cor.
1475 4826 1574 4873 xu,
1605 4811 1680 4882 4).
1711 4812 1776 4865 Ει
1801 4812 1921 4865 ideo
1951 4809 2122 4865 Evilat

552 4898 939 4969 interpretatur
974 4901 1300 4970 parturiens,
1331 4901 1444 4954 sive
1482 4900 1651 4966 labor,
1695 4916 1856 4971 quam
1895 4901 2120 4966 circuit;

551 4989 675 5058 quia
691 5005 812 5043 cum
835 4987 1017 5044 labore
1031 5003 1128 5060 per
1148 4991 1486 5060 prudentiam
1507 4992 1674 5060 magis
1689 4990 1922 5060 partui-is
1946 4990 2118 5059 ipsam

552 5079 1058 5150 contemplationem
1099 5082 1342 5135 veritatis
1369 5095 1527 5149 quam
1568 5079 1752 5149 parias
1780 5079 1902 5149 quia
1944 5078 2121 5147 pleni-

555 5177 636 5223 tcr
659 5170 833 5224 nullus
853 5185 972 5224 eam
995 5169 1448 5240 comprehendere
1475 5169 1637 5223 valet.
1663 5170 1738 5224 lbi
1763 5169 2004 5222 nascitur
2027 5183 2120 5222 au-

553 5276 696 5324 rum,
728 5261 1008 5332 disciplina
1031 5262 1276 5317 videlicet
1305 5261 1536 5324 vivendi,
1565 5261 1818 5330 quoniam
1844 5258 1956 5332 [Z.,
1975 5261 2116 5333 quae]

552 5350 725 5404 aliena
755 5361 874 5418 est,
903 5361 1063 5422 atque
1093 5352 1310 5405 decocta
1359 5351 1577 5404 nitescit
1618 5353 1684 5405 ab
1731 5351 1874 5405 omni
1923 5351 2112 5415 sorde,

550 5440 695 5496 velut
721 5457 908 5496 aurum
938 5457 1148 5512 purum.
1181 5442 1255 5494 lbi
1287 5441 1556 5495 invenitur
1579 5441 1860 5508 bdellium,
1888 5443 1978 5513 qui
2009 5442 2115 5495 alio

551 5531 769 5585 nomine
797 5531 1155 5586 carbunculus
1181 5531 1510 5586 inscribitur.
1539 5531 1817 5601 Significat
1860 5548 1986 5587 vero
2023 5549 2115 5586 ve-

549 5622 783 5684 ritatem,
815 5637 973 5690 quam
1011 5623 1152 5675 nulla
1185 5622 1390 5678 falsitas
1419 5622 1609 5684 vincit,
1639 5622 1777 5678 sicut
1799 5622 2110 5678 carbunculi

547 5716 724 5786 fulgur
750 5715 910 5770 nullis
943 5717 1176 5772 tenebris
1207 5718 1376 5773 noctis
1399 5727 1704 5788 superatur.
1733 5717 1796 5771 Et
1819 5716 1952 5788 lapis
1973 5733 2107 5788 ony-

2147 4499 2200 4557 D

2229 3257 2318 3324 rit,
2337 3260 2403 3313 ab
2425 3257 2571 3314 omni
2593 3258 2890 3314 carnalium
2914 3261 3273 3316 tentationum
3295 3271 3429 3318 testu
3452 3271 3812 3334 temperatur,

2225 3357 2276 3404 et
2312 3349 2575 3404 habitabit
2620 3350 2762 3405 inter
2807 3351 2952 3422 ligna
2997 3353 3262 3421 paradisi,
3291 3340 3557 3410 'videlicet
3603 3366 3810 3411 sanctae

2225 3440 2503 3507 Ecclesiae,
2528 3450 2584 3496 et
2613 3442 2874 3512 percipiet
2903 3441 3110 3499 fructus
3137 3443 3404 3515 lignorum
3433 3456 3594 3517 atque
3621 3463 3810 3518 pervc-

2225 3532 2336 3586 nict
2363 3532 2430 3587 ad
2454 3531 2657 3603 lignum
2682 3533 2822 3587 vitae.
2852 3533 3020 3604 Ligna
3048 3536 3285 3604 paradisi
3306 3537 3614 3603 fructifera,
3650 3538 3810 3594 utiles

2225 3622 2520 3691 disciplina:
2549 3623 2633 3678 vel
2663 3623 2840 3680 sancti
2871 3632 3026 3688 sunt;
3052 3624 3319 3695 lignorum
3347 3627 3554 3683 fructus
3577 3667 3592 3692 ,
3627 3643 3808 3683 mores

2224 3713 2306 3768 vel
2335 3728 2499 3783 opera
2524 3722 2649 3768 sunt
2685 3715 2953 3784 ipSorum;
2978 3714 3181 3785 lignum
3214 3717 3338 3770 vitae
3381 3717 3497 3786 ipsa
3540 3718 3805 3772 bonorum

2225 3811 2466 3866 omnium
2510 3822 2685 3866 mater
2713 3810 2980 3880 sapientia
3020 3817 3133 3873 est,
3162 3809 3227 3864 de
3263 3824 3366 3878 qua
3412 3807 3664 3862 Salomon
3692 3807 3806 3862 ait:

2226 3900 2450 3970 Lignum
2474 3901 2589 3954 vita:
2611 3910 2684 3954 est
2706 3900 2786 3953 Itis
2808 3899 2896 3970 qui
2922 3897 3352 3967 apprehenderint
3381 3913 3495 3951 eam
3513 3913 3531 3960 ;
3549 3905 3596 3950 et
3615 3897 3708 3962 qui
3735 3905 3808 3950 te-

2225 3991 2395 4045 nuerit
2429 4007 2565 4051 eam.
2597 3991 2779 4044 beatus
2806 3988 2988 4060 (Prov.
3028 4004 3087 4042 nt
3111 4028 3126 4053 ,
3156 3987 3265 4059 18).
3291 3987 3388 4042 Vel
3420 3987 3534 4057 ipse
3565 3984 3808 4041 Sanctus

2225 4091 2535 4138 sanctorum
2577 4081 2858 4146 Christus,
2912 4081 2980 4136 ad
3023 4096 3182 4150 quem
3235 4079 3478 4150 quisquis
3513 4075 3710 4150 [Petr.,
3763 4079 3809 4134 si

2226 4173 2473 4246 quisque]
2513 4172 2814 4245 porrexerit
2841 4187 3085 4238 manum,
3117 4173 3261 4228 vivet
3297 4172 3350 4226 in
3388 4179 3670 4226 aeternum.
3709 4170 3810 4226 Se-

2227 4264 2409 4332 quitur
2437 4281 2451 4317 :

2298 4355 2460 4410 Vnus.
2489 4353 2571 4409 15.
2588 4382 2666 4432 -τ
2684 4352 2823 4420 Tulit
2852 4371 2974 4424 ergo
2993 4352 3250 4408 Dominus
3277 4351 3417 4406 Deus
3439 4351 3722 4415 hominem,
3755 4361 3809 4405 et

2226 4444 2395 4511 posuit
2428 4459 2547 4495 eum
2573 4444 2627 4496 in
2647 4444 2897 4513 paradiso
2926 4443 3222 4512 voluptatis.
3251 4441 3350 4496 llic
3390 4441 3535 4496 enim
3561 4433 3808 4495 ostendi-

2229 4543 2315 4587 tur
2341 4533 2466 4602 quia
2495 4543 2650 4588 cxtra
2681 4534 2990 4604 paradisum
3015 4533 3261 4587 conditus
3279 4540 3380 4586 est.
3402 4532 3630 4598 Quidam
3655 4530 3806 4585 enim

2224 4624 2476 4679 dixerunt
2499 4627 2641 4694 quod
2669 4625 2722 4678 in
2751 4624 2964 4680 Ilebron
2995 4621 3191 4696 [Petr.,
3223 4622 3365 4692 quod
3405 4619 3642 4692 llebron]
3674 4636 3806 4675 con-

2224 4717 2366 4771 ditus
2395 4717 2485 4782 sit,
2516 4717 2603 4770 ubi
2633 4725 2689 4771 et
2717 4716 2956 4785 sepultus
2978 4715 3144 4785 jacet,
3175 4723 3230 4768 et
3265 4713 3446 4768 subito
3492 4712 3616 4766 illuc
3654 4712 3805 4782 pasi-

2226 4817 2328 4862 tus.
2359 4808 2472 4864 Iloc
2498 4808 2720 4862 historia
2753 4808 2944 4862 divina:
2979 4806 3110 4877 legis
3133 4822 3240 4861 non
3269 4813 3476 4860 narrat.
3518 4802 3586 4856 Ut
3618 4819 3799 4872 opera-

2226 4910 2367 4954 retur
2411 4911 2459 4955 et
2508 4901 2790 4955 custodiret
2840 4900 3012 4954 illum.
3066 4899 3205 4966 Quid
3261 4906 3619 4969 operaretur,
3675 4909 3802 4949 cum

2223 4992 2460 5045 nondum
2489 5001 2607 5046 erat
2650 4991 2853 5046 laboris
2879 4990 3146 5048 defectio?
3175 4991 3258 5044 vel
3299 4991 3427 5059 quid
3470 4987 3802 5051 custodiret,

2222 5094 2344 5134 cum
2389 5080 2567 5134 nullus
2610 5088 2729 5134 erat
2770 5094 3050 5150 aggressor
3078 5079 3162 5134 vel
3197 5079 3414 5149 praedo?
3456 5078 3536 5130 An
3578 5085 3803 5146 propter

2221 5169 2422 5224 bestias
2458 5170 2623 5224 dicit?
2657 5170 2894 5225 Minime.
2923 5170 3062 5238 Quia
3090 5171 3277 5224 bestiae
3304 5169 3507 5223 nociva:
3537 5182 3642 5221 non
3679 5165 3800 5220 fue-

2220 5267 2369 5324 runt,
2391 5258 2494 5312 nisi
2522 5269 2642 5329 post
2669 5270 2968 5329 peccatum.
3002 5259 3109 5315 Sed
3144 5255 3285 5330 (μιδά
3324 5261 3431 5324 ait,
3463 5269 3518 5310 ut
3553 5271 3798 5326 operare-

2223 5357 2312 5401 tur
2333 5355 2380 5402 et
2417 5350 2694 5403 custodiret
2729 5349 2875 5403 illum
2897 5391 2912 5416 ,
2937 5365 3042 5405 non
3076 5351 3309 5421 pertinet
3336 5349 3402 5404 ad
3433 5347 3678 5403 servilem
3716 5345 3798 5400 la-

2223 5442 2431 5506 borem,
2465 5442 2558 5495 sed
2584 5444 2651 5496 ad
2677 5442 2995 5498 exercitium
3021 5441 3395 5511 jucunditatis,
3429 5448 3475 5494 et
3517 5439 3798 5492 honestam

2223 5530 2388 5584 animi
2417 5531 2744 5601 voluptatem
2764 5573 2779 5597 ,
2813 5532 2953 5586 sicut
2981 5539 3228 5602 potentes
3248 5572 3263 5595 ,
3290 5547 3411 5586 cum
3451 5528 3610 5583 nullis
3655 5526 3796 5580 indi-

2223 5630 2374 5692 gent,
2407 5630 2624 5691 propter
2644 5621 3034 5690 jucunditatcm
3059 5630 3235 5677 tamen
3267 5619 3539 5676 laboribus
3561 5633 3618 5672 se
3639 5631 3795 5670 exer-

2224 5723 2365 5770 cent.
2398 5713 2504 5768 Seu
2535 5715 2692 5769 etiam
2723 5723 3004 5785 promeres
3025 5714 3225 5770 dictum
3255 5724 3356 5779 est,
3389 5723 3442 5768 ut
3473 5717 3793 5782 operaretur,
