4044 6326
297 357 401 415 155

1597 340 1947 400 εειιιιεΝτ.
1988 340 2054 395 lN
2090 339 2244 396 (SEN.
3043 403 3046 405 Α
3251 391 3282 408 _

3430 342 3533 396 154

293 482 341 526 et
369 468 648 524 custodiret
677 466 846 530 illum,
872 465 931 520 id
949 473 1055 530 est,
1079 470 1393 534 operaretur
1412 468 1677 532 praecepta
1699 459 1853 528 justi-
1878 461 1924 520 Α
1953 455 2124 510 Adam
2144 495 2160 520 ,
2189 463 2274 510 est
2300 464 2542 511 mortuus
2582 457 2634 511 in
2674 456 2874 512 anima.
2904 455 3032 512 Haec
3058 457 3231 527 prima
3258 458 3534 527 praecessit

294 560 406 625 tiae,
433 569 491 614 et
514 564 886 628 perseveraret
903 555 956 610 in
977 555 1248 618 mandato,
1272 561 1327 608 et
1349 552 1646 607 custodiret
1667 557 1859 605 semet-

291 647 503 716 ipsum,
546 659 618 699 ne
653 644 902 714 perderet
950 643 1278 712 paradisum.
1323 641 1515 696 Dicunt
1565 647 1620 692 et
1663 638 1855 693 aliter:

295 734 440 789 Tulit
466 750 588 804 ergo
617 733 758 787 Deus
782 732 1061 797 hominem,
1089 741 1137 785 et
1157 731 1327 800 posuit
1354 745 1472 784 eum
1503 729 1556 782 in
1579 727 1857 798 paradiso,

289 838 351 883 ut
397 837 700 897 operaretur
735 835 782 880 et
825 825 1104 880 custodiret
1147 823 1296 878 illum
1322 862 1338 889 ,
1379 822 1434 878 id
1473 830 1558 877 est
1590 829 1650 875 ut
1686 820 1860 889 ipsum

293 917 571 972 hominem
618 914 760 969 Deus
815 921 1160 984 operaretur,
1219 919 1276 968 et
1331 911 1626 967 custodiret
1676 909 1858 976 illum;

288 1014 632 1076 operaretur,
672 1013 732 1059 ut
772 1002 951 1073 justus
999 1011 1171 1068 esset;
1226 1011 1280 1058 et
1328 1001 1650 1063 custodiret,
1678 1007 1738 1052 ut
1777 1006 1860 1052 tu-

292 1107 386 1152 tus
428 1107 603 1162 esset;
642 1096 784 1150 sicut
831 1105 976 1151 terra
1013 1094 1229 1165 operari
1275 1093 1470 1149 dicitur
1518 1093 1586 1146 ab
1633 1089 1861 1146 homini-

291 1187 398 1243 bus
443 1202 551 1242 non
598 1185 865 1252 creando,
900 1185 995 1242 sed
1040 1185 1376 1249 exercendo,
1412 1193 1472 1238 ut
1503 1183 1735 1238 fructum
1777 1181 1859 1237 le-

293 1285 402 1339 rat,
427 1290 587 1346 quem
613 1289 830 1330 sensum
856 1273 1094 1329 nonnulli
1122 1274 1514 1344 reprehendere
1546 1273 1858 1338 voluerunt,

292 1368 452 1436 quia,
482 1366 749 1437 inquiunt,
780 1367 827 1422 si
851 1379 975 1422 eum
1002 1366 1317 1432 custodiret,
1343 1381 1448 1421 non
1476 1375 1741 1436 peccaret.
1766 1363 1861 1420 Se-

290 1460 478 1530 quitur
501 1472 520 1513 :

363 1589 528 1644 Vens.
554 1587 724 1644 i6.—
749 1585 1104 1660 Prwcepitque
1130 1589 1178 1642 ei
1199 1589 1372 1678 dicens
1399 1601 1413 1641 :
1444 1586 1526 1642 Ex
1553 1588 1692 1643 omni
1721 1587 1861 1658 ligno

289 1680 530 1750 paradisi
565 1682 806 1745 comede,
845 1688 952 1735 etc.
989 1680 1258 1747 Qumritur
1295 1679 1563 1749 quomodo
1607 1678 1863 1748 loqueba-

289 1781 382 1825 tur
405 1772 531 1826 Adae
549 1771 726 1828 Deus?
743 1773 849 1827 Aut
871 1788 967 1843 per
993 1771 1268 1828 caelestem
1311 1771 1664 1827 substantiam
1683 1812 1697 1835 ,
1727 1783 1859 1840 quo-
1888 1800 1933 1858 Β

291 1863 456 1915 modo
501 1877 641 1916 nunc
681 1861 920 1932 loquitur
967 1861 1204 1932 angelis;
1249 1869 1342 1916 aut
1380 1875 1480 1930 per
1521 1861 1857 1930 corporalem

289 1955 551 2023 Speciem,
575 1954 626 2010 id
649 1962 735 2009 est
757 1969 824 2009 ex
847 1968 971 2009 aere
991 1953 1194 2009 ctelesti
1217 1962 1426 2022 sumpta
1448 1953 1699 2022 imagine,
1720 1952 1860 2007 sicut

287 2042 418 2098 olim
446 2042 795 2113 patriarcbis;
821 2051 913 2097 aut
941 2043 1252 2116 inspirando
1282 2044 1332 2096 in
1363 2049 1562 2106 mente,
1591 2043 1859 2111 quomodo

285 2135 598 2204 prophetis,
643 2135 782 2189 sicut
814 2135 1070 2204 scriptum
1111 2144 1234 2190 est:
1276 2135 1422 2194 Dixit
1457 2135 1615 2197 mihi,
1645 2136 1733 2206 qui
1777 2134 1858 2188 lo-

286 2223 546 2292 qnebalur
570 2225 624 2277 in
655 2223 772 2277 me?
801 2222 906 2278 Sed
927 2224 1204 2279 sciendum
1228 2232 1310 2280 est
1347 2225 1471 2294 quia
1494 2225 1675 2294 prius,
1702 2233 1856 2279 ante-

287 2328 450 2381 quam
482 2323 746 2383 peccaret,
773 2313 1092 2384 loquebatur
1115 2315 1164 2370 ei
1193 2331 1288 2384 per
1313 2316 1585 2372 caelestem
1612 2316 1860 2371 substan-

289 2402 421 2455 tiam
449 2442 464 2465 ,
495 2402 632 2456 sicut
678 2401 909 2472 angelis;
941 2411 1224 2472 postquam
1266 2418 1396 2459 vero
1433 2403 1711 2474 peccavit,
1761 2417 1859 2472 per

290 2490 586 2560 subiectam
611 2500 934 2558 creaturam,
967 2492 1019 2548 id
1044 2501 1129 2549 εει
1152 2509 1249 2565 per
1274 2493 1543 2566 angelum.

363 2623 526 2679 Vitas.
557 2624 643 2678 l7.
665 2653 736 2664 —
756 2622 822 2678 In
850 2639 1151 2696 quacunque
1195 2625 1278 2680 die
1313 2625 1636 2680 comedet-itis
1673 2641 1737 2680 ex
1763 2641 1822 2680 eo
1840 2665 1856 2691 ,

290 2723 458 2768 morte
507 2713 820 2768 moriemini.
869 2712 1138 2780 Quaaritur
1177 2714 1244 2769 de
1285 2729 1389 2784 qua
1427 2723 1599 2770 morte
1628 2715 1854 2778 dicatur,

290 2813 477 2861 utrum
503 2803 570 2861 de
595 2815 770 2862 morte
795 2806 1056 2877 corporis,
1088 2821 1157 2862 an
1180 2807 1245 2864 de
1270 2816 1442 2865 morte
1463 2822 1672 2874 ammte,
1702 2822 1770 2864 an
1793 2808 1860 2866 de

289 2905 468 2952 morte
493 2898 786 2966 gehennze?
809 2897 916 2954 Sed
940 2899 1214 2955 sciendum
1245 2910 1328 2957 est
1351 2902 1477 2972 quia
1521 2903 1586 2958 de
1631 2913 1860 2972 utraque

289 2997 464 3043 morte
493 2989 829 3046 sentiendum
861 2999 979 3057 est,
1005 2992 1198 3048 anima:
1223 2993 1470 3050 videlicet
1506 3003 1562 3050 et
1591 2995 1855 3064 corporis.

287 3077 498 3132 Anima:
531 3094 678 3134 mors
705 3087 817 3144 est,
861 3082 986 3136 dum
1011 3069 1231 3154 propter
1267 3094 1546 3154 peceatum
1583 3087 1857 3155 quodlibet

288 3164 436 3220 Deus
460 3167 725 3222 deseritur
753 3167 863 3240 [Z.,
891 3147 1029 3225 eum-
1047 3147 1189 3228 Deus
1218 3147 1471 3245 deserit],
1499 3147 1714 3244 qui-est
1744 3176 1856 3232 vita
1885 3147 1932 3212 Ο

287 3256 430 3325 ejus.
459 3257 599 3312 Mors
630 3259 872 3329 corporis
903 3269 1020 3328 εει,
1049 3262 1176 3316 dum
1217 3273 1438 3334 propter
1475 3265 1857 3322 necessitatem

286 3350 590 3420 quamlibet
637 3366 830 3424 corpus
875 3354 1145 3410 deseritur
1185 3357 1253 3411 ab
1295 3357 1494 3411 anima.
1541 3355 1678 3424 Quia
1719 3359 1860 3414 sicut

287 3441 439 3495 Deus
484 3450 565 3496 est
603 3441 709 3496 vita
752 3444 974 3508 animat,
1003 3445 1078 3500 ita
1116 3445 1294 3503 anima
1329 3455 1412 3502 εει
1448 3447 1557 3502 vita
1583 3450 1857 3518 corporis,

286 3547 456 3601 quam
477 3543 701 3588 mortem
731 3537 973 3605 corporis
993 3538 1262 3606 peccando
1285 3550 1862 3611 promeruerunt,quo-

288 3620 438 3675 niam
467 3622 794 3679 immortales
831 3625 1009 3680 forent
1036 3626 1079 3680 si
1111 3642 1216 3681 non
1257 3639 1601 3698 peccassent;
1646 3638 1701 3684 et
1736 3630 1861 3686 licet

289 3726 402 3765 non
426 3712 605 3766 statim
627 3712 855 3769 fuissent
875 3717 1092 3780 mortui,
1117 3718 1208 3771 scd
1231 3726 1350 3787 post
1379 3718 1595 3788 longum
1627 3730 1859 3792 tempus,

292 3809 474 3855 tamen
517 3803 641 3872 quia
677 3801 790 3870 jam
837 3818 960 3873 spes
1004 3805 1427 3862 immortalitatis
1469 3810 1668 3864 amissa
1711 3820 1858 3874 erat,

291 3889 479 3946 futura
507 3908 652 3948 mors
681 3909 920 3964 praesens
945 3895 1087 3950 dicta
1127 3905 1239 3963 est,
1269 3898 1519 3967 quoniam
1560 3900 1675 3955 hmo
1699 3901 1863 3971 etrapit

289 3983 346 4036 in
375 3996 470 4052 spe
495 3984 704 4040 haberi.
736 3985 886 4040 Unde
918 3985 1273 4056 Symmachus
1305 3989 1596 4056 transtulit,
1619 3992 1861 4047 mortales

287 4074 456 4127 eritis.
487 4073 556 4128 Et
577 4074 716 4131 hanc
745 4075 960 4146 duplam
989 4077 1222 4132 hominis
1248 4066 1472 4134 mortem
1500 4079 1744 4136 Christus
1765 4098 1861 4138 sua

288 4164 484 4234 simpla
510 4175 680 4221 morte
708 4167 991 4223 destruxit.
1018 4168 1152 4223 Nam
1181 4169 1291 4224 sola
1321 4185 1484 4226 carne
1511 4181 1752 4227 mortuus
1781 4180 1864 4228 εει

285 4255 356 4308 ad
387 4265 616 4326 tempus,
640 4257 816 4312 anima
845 4274 972 4314 vero
999 4276 1292 4330 nunquam,
1312 4263 1564 4330 quoniam
1588 4279 1861 4333 nunquam

287 4346 555 4413 peccavit.
587 4346 880 4404 Possumus
916 4349 1079 4403 etiam
1115 4359 1343 4404 mortem
1381 4352 1638 4422 gebenna:
1667 4353 1864 4407 intelli-

286 4447 447 4503 gere,
483 4450 588 4504 qua
634 4451 777 4492 nunc
811 4438 1081 4492 cruciatur
1125 4441 1304 4494 anima
1345 4443 1562 4510 privata
1605 4444 1859 4499 societate

287 4532 618 4590 sanctorum,
656 4540 774 4595 qua:
802 4536 922 4597 post
945 4527 1208 4596 judicium
1239 4539 1454 4602 recepto
1494 4547 1720 4601 corpore
1764 4549 1856 4602 pa-

286 4614 423 4668 riter
455 4630 667 4684 patnam
697 4619 1002 4673 sustinebit.
1052 4619 1202 4675 Unde
1244 4623 1513 4688 nonnulli,
1539 4625 1857 4678 auctoritate

287 4700 690 4774 Scripturarum
733 4707 945 4773 lulciti,
995 4720 1227 4779 quatuor
1277 4721 1480 4768 mortes
1525 4714 1852 4769 ostendunt:

282 4796 461 4864 prima
493 4813 638 4852 mors
665 4807 766 4864 est,
800 4800 1062 4869 inquiunt,
1094 4802 1304 4867 animae,
1336 4819 1454 4872 qua:
1481 4804 1678 4859 deserit
1702 4819 1857 4858 suum

283 4886 755 4942 creatorem.Cum
780 4889 922 4941 enim
947 4889 1172 4953 deserit,
1204 4901 1410 4959 peccat.
1437 4891 1573 4947 Hinc
1601 4893 1857 4949 Dominus

283 4974 339 5026 in
364 4974 652 5045 Evangelio
687 4977 802 5030 ait:
837 4975 1048 5030 Dimitte
1096 4989 1326 5032 mortuos
1371 4980 1586 5050 sepelire
1625 4991 1856 5037 mortuos

283 5080 407 5117 suos
435 5064 649 5136 (Matth.
681 5082 798 5132 vttt,
840 5068 953 5137 22).
997 5067 1121 5123 lliec
1157 5085 1387 5139 namque
1423 5072 1690 5126 sententia
1724 5073 1857 5129 duas

281 5163 513 5220 mortes,
538 5155 730 5210 anima:
759 5157 1006 5213 videlicet
1035 5167 1090 5213 et
1119 5161 1361 5228 corporis
1391 5161 1648 5215 ostendit.
1675 5159 1856 5217 Tertia

282 5253 369 5298 est
395 5243 560 5300 solius
582 5246 796 5313 animat,
812 5262 992 5316 quam,
1007 5249 1131 5302 dum
1153 5263 1217 5304 ex
1231 5251 1331 5305 hoc
1346 5266 1568 5321 corpore
1593 5251 1696 5323 [Z.,
1715 5268 1854 5322 quae,

282 5333 412 5386 dum
433 5349 462 5388 a
487 5335 663 5408 corp.]
687 5335 900 5403 exierit,
926 5337 1150 5406 patitur,
1184 5355 1345 5408 quam
1373 5341 1672 5397 sustinebat
1707 5343 1856 5400 dives

284 5426 340 5480 in
384 5427 626 5497 inferno,
671 5431 764 5500 qui
808 5439 1014 5503 guttam
1062 5447 1216 5502 aqua:
1255 5433 1432 5502 petiit.
1470 5433 1706 5500 Quarta,
1734 5449 1855 5489 cum

281 5521 463 5577 anima
491 5523 545 5577 in
577 5522 757 5580 futuro
782 5508 1045 5594 receperit
1071 5539 1268 5594 corpus
1296 5540 1452 5579 suum
1470 5565 1485 5591 ,
1509 5532 1564 5579 et
1599 5524 1652 5579 in
1678 5525 1856 5595 ignem

281 5614 549 5680 mittetur,
577 5615 792 5683 quando
815 5615 1072 5671 Dominus
1095 5616 1339 5671 dicturus
1359 5625 1444 5671 est
1467 5631 1480 5669 :
1501 5613 1582 5670 Ite
1601 5617 1656 5671 in
1683 5618 1853 5688 ignem

280 5715 532 5760 a-ternum
575 5705 788 5767 (Matth.
821 5723 950 5772 xxv,
978 5707 1092 5775 il).
1119 5705 1342 5775 Quando
1386 5707 1580 5778 quippe
1611 5709 1858 5778 peccavit

1958 547 2190 602 desertio
2210 547 2326 613 Dei,
2361 557 2468 602 tres
2489 556 2674 617 postea
2698 557 2896 603 secuta:
2929 556 3057 602 sunt
3078 558 3299 604 mortes.

2028 638 2190 693 Vens.
2222 639 2308 693 18.
2329 668 2400 678 —
2421 637 2564 692 Dixit
2589 655 2791 709 quoque
2838 639 3018 693 Deus:
3054 639 3176 693 Non
3218 650 3293 694 est
3337 641 3529 696 bonum

1957 745 2066 783 esse
2085 730 2343 786 hominem
2371 728 2560 784 solum.
2592 729 2879 788 Faciamus
2907 730 2954 784 ei
2980 730 3276 799 adjutorem
3304 732 3531 788 similem

1955 819 2060 874 sui.
2093 819 2190 875 Hic
2210 820 2353 875 enim
2383 820 2683 876 ostenditur
2711 821 2836 890 quia
2871 836 3007 876 uxor
3027 829 3246 891 propter
3277 822 3530 878 solatium

1957 919 2014 966 et
2054 910 2377 980 adjutorinm
2419 919 2603 967 creata
2636 919 2722 968 est
2762 913 2914 979 viro,
2941 922 2997 968 et
3037 914 3156 968 ideo
3186 913 3435 969 solatium
3477 916 3529 971 ei

1956 1000 2200 1070 praebere
2229 999 2390 1055 debet
2421 1009 2582 1070 atque
2615 1001 2830 1057 subdita
2861 1016 2980 1057 esse
3009 1000 3119 1072 [Z.,
3155 1003 3274 1058 ideo
3297 1011 3358 1058 ιιι
3383 1005 3528 1062 sola-

1961 1090 2092 1146 tium
2137 1090 2186 1146 ei
2232 1091 2525 1160 praeberet,
2553 1099 2714 1162 atque
2758 1093 2972 1148 subdita
3007 1092 3192 1165 esset],
3225 1101 3363 1150 teste
3389 1095 3532 1165 Apo-

1961 1178 2098 1234 stolo
2127 1196 2140 1233 :
2169 1178 2366 1233 Mulier
2389 1181 2472 1234 sui
2499 1181 2732 1250 corporis
2770 1190 3073 1251 potestatem
3109 1199 3212 1236 non
3242 1183 3392 1239 habet
3420 1184 3527 1256 [Z.,

1958 1268 2190 1342 habeat],
2207 1269 2296 1324 sed
2316 1269 2410 1324 vir.
2431 1267 2536 1324 Sed
2556 1270 2934 1339 requirendum
2950 1271 3160 1326 videtur
3177 1287 3342 1341 quare
3358 1273 3528 1329 Adam

1961 1361 2144 1415 mundi
2188 1360 2438 1415 dominus
2467 1359 2634 1432 legem
2664 1361 2956 1432 acceperit.
2990 1361 3113 1416 ldeo
3133 1402 3150 1428 ,
3173 1377 3240 1418 ne
3267 1379 3326 1418 se
3353 1364 3528 1421 extol-

1960 1453 2094 1508 leret
2117 1452 2374 1517 dominio,
2405 1451 2499 1507 sed
2530 1451 2582 1506 in
2611 1452 2989 1507 observatione
3012 1453 3252 1508 mandati
3283 1453 3447 1509 sciret
3471 1468 3530 1510 se

1958 1542 2260 1612 subjectum
2281 1558 2404 1598 esse
2434 1542 2732 1597 Conditori.

2031 1633 2196 1690 Vens.
2225 1634 2310 1690 i9.
2341 1663 2413 1674 —
2435 1631 2700 1688 Formatis
2723 1635 2882 1704 igitur
2906 1633 2969 1688 de
2995 1635 3154 1688 humo
3181 1636 3379 1690 cunctis
3407 1635 3524 1688 ani-

1961 1723 2223 1778 mantibus
2265 1732 2454 1786 terrae,
2507 1721 2730 1776 adduxit
2779 1738 2841 1775 ea
2895 1722 2963 1776 ad
3004 1723 3193 1776 Adam.
3241 1722 3530 1779 Sciendum

1959 1826 2044 1870 est
2088 1830 2194 1870 non
2239 1813 2467 1869 circuitu
2514 1812 2670 1868 locali
2713 1811 3008 1878 adducens,
3035 1813 3176 1868 sicut
3203 1829 3437 1884 aucupes
3475 1822 3534 1870 et

1960 1913 2265 1968 venatores,
2297 1903 2390 1958 sed
2427 1902 2641 1958 occulto
2666 1910 2798 1956 nutu
2825 1917 2934 1957 sua:
2963 1901 3216 1972 potentia:
3258 1901 3428 1958 voluit
3471 1911 3533 1958 ut

1959 1997 2226 2060 venirent,
2263 2005 2318 2049 ut
2343 1995 2534 2050 videret
2583 1996 2708 2066 quid
2746 2003 2948 2050 vocaret
2974 2012 3055 2050 ea.
3097 1994 3325 2062 Videret,
3355 1997 3408 2052 id
3450 2005 3534 2053 est

1960 2090 2295 2147 discerneret
2323 2097 2377 2146 et
2407 2089 2730 2160 intelligeret
2754 2089 2882 2158 quid
2913 2097 3130 2144 vocaret
3159 2105 3242 2144 ea.

2031 2178 2196 2234 Vnus.
2227 2179 2314 2233 20.
2341 2209 2409 2220 --
2448 2179 2833 2250 Appellavitque
2873 2179 3043 2233 Adam
3089 2179 3383 2235 nominibus
3424 2180 3533 2236 suis

1959 2279 2148 2325 cuncta
2179 2269 2492 2336 animantia,
2521 2277 2574 2324 et
2605 2269 2829 2339 reliqua.
2869 2269 2968 2325 llic
3011 2271 3155 2324 enim
3194 2269 3347 2339 juxta
3388 2271 3534 2327 litte-

1961 2374 2076 2413 ram
2130 2358 2432 2413 ostenditur
2465 2342 2683 2428 'quanta
2739 2356 2861 2429 [Z.,
2897 2358 2951 2412 in
3001 2357 3234 2430 quanta]
3275 2360 3536 2430 dignitate

1958 2449 2120 2504 homo
2149 2448 2433 2520 pecoribus
2462 2457 2516 2504 et
2543 2449 2866 2506 animalibus
2895 2448 3355 2505 irrationabilibus
3381 2459 3534 2510 ante-

1959 2540 2126 2606 cellit,
2154 2541 2244 2610 qui
2275 2539 2546 2596 intellectu
2579 2555 2677 2596 suo
2695 2549 2886 2595 cuncta
2917 2540 3247 2611 distinguere
3280 2549 3336 2596 ει
3361 2541 3533 2596 nomi-

1961 2631 2132 2684 natim
2173 2631 2483 2686 discernere
2533 2630 2736 2700 potuit,
2783 2640 2837 2686 et
2882 2631 3178 2686 secundum
3224 2630 3531 2701 qualitates,

1962 2735 2144 2774 mores
2172 2728 2225 2774 et
2259 2719 2366 2774 iras
2399 2719 2693 2774 bestiarum
2723 2720 2938 2774 nomina
2968 2721 3249 2788 imposuit;
3285 2723 3369 2776 cui
3395 2722 3533 2775 banc

1961 2810 2277 2883 dignitatem
2307 2810 2564 2868 Dominus
2593 2809 2716 2866 ideo
2749 2808 2997 2866 conferre
3025 2810 3214 2876 voluit,
3238 2821 3294 2865 ut
3339 2811 3536 2868 intelli-

1959 2913 2110 2975 geret
2139 2919 2372 2973 seipsum
2414 2912 2468 2956 et
2505 2913 2705 2971 quanto
2749 2901 2936 2956 melior
2962 2911 3106 2956 esset
3144 2901 3532 2969 animantibus,

1960 3003 2112 3050 tanto
2138 3010 2291 3049 suum
2317 2985 2595 3048 auctorem
2619 2993 2798 3063 potius
2813 2993 3057 3064 diligeret
3081 2992 3192 3064 [Z.,
3216 2994 3362 3048 addit
3391 3009 3533 3063 :quo

1963 3100 2022 3140 se
2046 3083 2322 3139 meliorem
2351 3082 2472 3138 aliis
2497 3082 2800 3138 viventibus
2827 3082 3194 3154 intelligeret].
3220 3083 3389 3136 Adam
3412 3100 3533 3138 vero

1961 3192 2064 3230 non
2087 3173 2441 3228 inveniebatur
2467 3172 2682 3242 adjutor
2710 3172 2898 3226 similis
2925 3171 3058 3240 ejus,
3092 3172 3143 3226 id
3169 3182 3268 3236 est,
3301 3172 3424 3241 quia
3453 3173 3534 3227 in-

1963 3274 2045 3321 ter
2071 3265 2250 3321 omnia
2275 3263 2571 3318 animantia
2607 3262 2810 3318 nullum
2857 3263 3116 3318 rationale
3162 3263 3536 3318 inveniebatur

1963 3355 2067 3409 nisi
2096 3353 2186 3409 ille
2223 3353 2387 3409 solus.
2415 3353 2590 3408 Adam
2622 3352 3008 3424 interpretatur
3031 3354 3207 3418 homo,
3236 3353 3349 3408 sive
3375 3363 3533 3408 terre—

1963 3460 2082 3509 nus,
2108 3445 2222 3500 sive
2259 3454 2398 3498 terra
2429 3443 2610 3509 rubra,
2645 3458 2711 3497 ex
2751 3451 2893 3497 terra
2928 3442 3070 3498 enim
3101 3441 3240 3497 facta
3270 3451 3353 3498 est
3381 3458 3529 3507 caro,

1961 3544 2018 3591 et
2045 3537 2240 3590 humus
2267 3535 2498 3590 hominis
2526 3534 2755 3590 faciendi
2783 3536 3034 3590 materies
3061 3535 3180 3589 fuit.
3211 3534 3346 3589 Nam
3372 3537 3530 3605 spiri-

1963 3623 2142 3678 taliter
2169 3623 2312 3692 quod
2345 3633 2487 3678 terra
2520 3624 2681 3678 rubra
2712 3623 2926 3689 dicitur,
2959 3623 3224 3694 signiﬁcat
3251 3622 3526 3678 Christum

1962 3730 2027 3769 ex
2049 3715 2165 3784 ejus
2187 3715 2392 3770 semine
2415 3731 2634 3771 carnem
2658 3725 3056 3785 suscepturum,
3080 3717 3170 3785 qui
3190 3717 3258 3771 ab
3277 3715 3537 3784 Apostolo

1964 3805 2234 3860 secundus
2259 3805 2430 3859 Adam
2457 3805 2673 3869 dicitur,
2703 3805 2854 3875 cujus
2877 3820 3004 3861 caro
3033 3807 3254 3875 proprio
3270 3805 3532 3876 sanguine

1963 3895 2017 3949 in
2047 3895 2297 3964 passione
2342 3903 2461 3949 erat
2507 3895 2828 3950 rubricanda
2861 3893 2967 3966 [Z.,
3009 3895 3349 3968 rubicunda],
3373 3895 3529 3965 juxta

1963 3989 2105 4056 quod
2147 3987 2312 4042 lsaias
2355 3987 2649 4057 interrogat
2682 3987 2908 4042 dicens:
2945 3986 3118 4053 Quare
3155 4003 3274 4057 ergo
3313 3987 3528 4041 rubrum

1961 4086 2033 4131 est
2057 4077 2414 4130 indumentum
2443 4077 2626 4130 tuum?
2647 4084 2700 4130 ει
2729 4076 2952 4147 reliqua.
2991 4077 3124 4146 (Isa.
3153 4093 3305 4142 Lxm,
3330 4077 3410 4149 2.)

2035 4167 2199 4224 Vsus.
2231 4169 2319 4222 2i.
2350 4198 2419 4208 -—
2459 4167 2681 4222 Immisit
2733 4185 2853 4238 ergo
2897 4169 3152 4222 Dominus
3193 4185 3428 4238 soporem
3473 4170 3530 4223 in

1960 4254 2152 4320 Adam,
2185 4265 2240 4309 ct
2278 4254 2504 4323 reliqua.
2556 4253 2692 4320 Quid
2728 4262 2810 4309 est
2847 4253 2988 4324 quod
3035 4254 3230 4309 dicitur
3256 4274 3270 4309 :
3301 4255 3528 4309 Immisit

1959 4363 2221 4417 soporem,
2246 4355 2304 4400 ut
2332 4344 2608 4400 mulierem
2639 4342 2934 4414 formaret?
2963 4343 3210 4414 Nunquid
3237 4360 3341 4398 non
3373 4353 3526 4414 pote-

1963 4443 2048 4488 rat
2075 4435 2216 4490 Deus
2245 4433 2486 4504 vigilanti
2521 4444 2726 4489 costam
2756 4435 2984 4490 educere
3021 4434 3381 4504 fortunamque
3413 4434 3526 4490 for-

1890 4500 1937 4557 θ
1964 4525 2148 4580 mare?
2178 4525 2259 4580 An
2302 4500 2438 4580 l‘orte
2483 4541 2552 4581 ne
2583 4523 2788 4578 doleret
2835 4524 2993 4591 latus,
3024 4525 3236 4596 quando
3265 4500 3410 4581 costa
3437 4527 3530 4581 de-

1963 4623 2133 4670 tracta
2163 4625 2265 4682 εει,
2293 4624 2512 4686 prapter
2544 4617 2646 4671 hoc
2673 4617 2956 4686 oportebat
2996 4626 3056 4672 ιιι
3104 4617 3192 4672 ille
3237 4618 3530 4674 dormiret?

1961 4706 2091 4774 Quis
2116 4715 2197 4761 εει
2219 4707 2310 4776 qui
2338 4707 2416 4760 sic
2439 4707 2684 4769 dormiat,
2713 4715 2772 4762 ιιι
2793 4723 2916 4763 ossa
2947 4724 3051 4764 non
3084 4709 3357 4778 cvigilanti
3385 4709 3530 4764 evel-

1961 4795 2182 4852 lantur?
2211 4799 2294 4853 An
2341 4801 2465 4868 quia
2516 4800 2659 4856 Deus
2707 4803 2991 4868 evellebat,
3035 4814 3320 4874 prapterea
3367 4804 3529 4859 homo

1962 4903 2066 4942 non
2110 4890 2410 4945 sentiebat?
2463 4889 2683 4946 Poterat
2729 4908 2856 4962 ergo
2901 4895 3141 4964 vigilanti
3185 4895 3300 4950 sine
3344 4891 3530 4947 dolore

1960 4979 2208 5047 evellere,
2251 4982 2340 5050 qui
2380 4990 2591 5051 poterat
2624 4983 2930 5039 dormienti.
2959 4985 3063 5040 Sed
3095 5001 3258 5040 causa
3284 4981 3528 5052 mysterii

1961 5079 2140 5124 actum
2186 5080 2286 5126 est.
2317 5071 2440 5126 ideo
2485 5072 2676 5128 mulier
2721 5089 2824 5128 non
2867 5075 2932 5130 de
2971 5084 3113 5130 terra
3155 5075 3416 5144 plasmata
3445 5079 3530 5126 εει

1960 5159 2100 5214 sicut
2123 5160 2228 5224 vir,
2253 5161 2344 5216 sed
2366 5160 2432 5215 de
2455 5160 2625 5218 latere
2654 5163 2754 5217 viri
2781 5164 3120 5228 dormientis,
3143 5163 3265 5231 quia
3290 5161 3525 5215 futurum

1961 5258 2080 5303 erat
2106 5259 2165 5304 ut
2191 5249 2435 5311 Christus
2465 5262 2686 5322 propter
2722 5254 3014 5309 Ecclesium
3049 5255 3101 5307 in
3131 5266 3290 5306 cruce
3327 5249 3528 5305 dormi-

1960 5348 2063 5406 ret,
2093 5353 2160 5394 ex
2195 5340 2347 5411 cujus
2375 5340 2542 5396 latere
2568 5341 2688 5398 fons
2723 5341 2910 5398 salutis
2945 5350 3141 5397 nostra:
3169 5348 3445 5394 emanaret
3473 5346 3530 5394 ει

1959 5431 2286 5486 formaretur
2312 5431 2568 5488 Ecclesia.
2600 5431 2669 5486 Et
2698 5433 2903 5503 replevit
2933 5446 3138 5485 carnem
3162 5446 3255 5498 pro
3281 5446 3362 5484 ea.
3387 5429 3527 5497 Quid

1958 5523 2061 5578 hoc
2088 5531 2192 5589 est,
2229 5522 2330 5577 nisi
2365 5523 2489 5593 quia
2531 5523 2777 5578 Christus
2816 5521 2992 5590 posuit
3021 5535 3236 5575 carnem
3281 5535 3432 5576 suam
3470 5519 3525 5572 in

1959 5613 2207 5682 passione
2235 5628 2334 5682 pro
2360 5612 2637 5667 Ecclesia?
2668 5611 2815 5666 Unde
2841 5610 2982 5664 enim
3017 5609 3202 5674 Adam,
3222 5611 3526 5664 inﬁrmatus

1960 5715 2061 5770 est,
2086 5705 2208 5762 inde
2251 5704 2440 5759 mulier
2470 5704 2620 5757 fortis
2649 5701 2837 5757 el‘lecta
2870 5701 2981 5773 [Z.,
3011 5701 3198 5760 ellecta
3228 5701 3364 5774 est];
3398 5699 3526 5778 quia
