4044 6326
583 321 684 375 155

1611 323 1954 382 A‘NGELOMI
1991 322 2449 380 LUXOV’IENSIS
2490 324 2794 384 MONACHI

3723 346 3828 403 156

582 447 678 502 per
699 431 802 487 hoc
827 431 968 502 quod
1002 431 1250 490 Christus
1277 436 1541 494 inﬁrmari
1568 440 1818 511 dignatus
1849 446 1932 493 est
1959 438 2012 491 in
2036 452 2156 507 pas-
2183 443 2233 503 Α
2260 440 2507 506 quamvis
2535 444 2916 510 praevaricator
2941 448 3284 520 angelus,per
3307 453 3609 522 superbiam
3641 457 3833 517 fuisset

499 545 504 548 -
583 521 757 585 sione,
789 522 914 576 inde
942 523 1182 578 Ecclesia
1214 529 1562 584 corroborata
1593 539 1692 585 est.

656 613 818 669 Vsus.
833 614 920 674 22,
944 614 1036 679 Q5,
1053 625 1235 671 etc.—-
1254 619 1321 672 Et
1343 623 1616 690 wdiﬁcavit
1633 622 1888 675 Dominus
1909 621 2049 676 Deus
2071 639 2156 676 co-

584 712 717 756 stam
745 720 900 773 quam
925 705 1114 759 tulerat
1146 706 1210 761 de
1238 710 1418 763 Adam
1445 712 1500 764 in
1535 710 1824 776 mulierem,
1847 721 1901 766 et
1927 711 2154 780 reliqua,

584 807 754 860 usque
801 808 907 862 quo
936 793 1011 846 ait
1040 813 1052 847 :
1087 805 1134 848 et
1154 799 1420 851 vocabitur
1447 800 1642 868 virago,
1680 802 1925 871 quoniam
1960 802 2022 855 de
2049 804 2156 855 viro

584 892 792 952 sumpta
811 893 906 937 est.
933 883 1210 950 Quomodo
1231 888 1316 942 hic
1344 888 1601 943 feminam
1649 891 1967 946 mdiﬁcatam
2006 894 2156 960 dicit,

584 974 676 1042 qui
711 976 957 1043 superius
980 977 1047 1032 ab
1067 978 1211 1031 omni
1234 993 1400 1048 opere
1414 996 1512 1034 suo
1534 968 1832 1050 requievit?
1861 984 1977 1039 Non
2011 987 2156 1040 enim

585 1064 674 1120 hic
697 1067 900 1120 creavit
920 1067 974 1121 in
1004 1068 1250 1132 materia,
1273 1069 1365 1123 sed
1391 1074 1654 1140 expressit
1684 1074 1736 1127 in
1765 1074 1956 1130 forma.
1986 1076 2156 1131 Dixit—

581 1172 682 1226 que
709 1157 880 1211 Adam
913 1172 932 1210 :
966 1157 1082 1210 Hoc
1103 1175 1238 1213 nunc
1264 1177 1319 1215 os
1343 1179 1408 1216 ea:
1433 1163 1632 1218 ossibus
1661 1167 1806 1232 meis,
1839 1176 1894 1221 et
1924 1169 2148 1237 reliqua.

584 1243 808 1300 Vocavit
835 1261 962 1316 ergo
1001 1261 1222 1302 uxorem
1257 1265 1412 1305 suam
1457 1253 1540 1306 vir
1567 1262 1818 1324 tanquam
1855 1258 2031 1326 potior
2075 1259 2156 1313 in-

583 1335 852 1400 feriorem,
896 1346 951 1393 et
996 1339 1133 1394 dixit
1163 1358 1176 1394 :
1209 1341 1327 1396 Hoc
1355 1361 1412 1398 os
1447 1362 1512 1399 ea:
1538 1347 1738 1401 ossibus
1775 1351 1924 1415 meis,
1951 1359 2054 1406 etc.
2081 1351 2154 1407 Os

584 1425 651 1480 de
684 1427 897 1484 o‘ssibus
942 1429 1080 1486 meis
1125 1429 1370 1489 fortassis
1413 1445 1634 1505 propter
1673 1437 2063 1505 fortitudinem,
2100 1450 2155 1496 et

581 1533 708 1574 caro
751 1520 817 1574 de
863 1535 1029 1577 carne
1075 1534 1296 1593 propter
1343 1531 1772 1596 temperantiam.
1804 1531 1897 1586 Hae
1923 1548 2154 1604 namque

559 1607 698 1662 dua:
742 1608 970 1666 virtutes
1016 1612 1086 1666 ad
1127 1613 1435 1669 inferiorem
1484 1618 1684 1702 animai
1722 1629 1956 1690 partem,
1988 1639 2150 1692 quam

576 1701 865 1770 prudentia
893 1704 1171 1759 rationalis
1191 1707 1349 1776 regit,
1373 1709 1632 1764 docentur
1655 1712 1924 1780 pertinere
1953 1715 2152 1786 allego-

2256 525 2495 594 deiectus
2521 531 2586 584 de
2611 531 2937 598 ctelestibus,
2970 545 3163 590 natura
3196 547 3373 594 tamen
3405 544 3760 602 excellentior
3775 567 3828 610 et

2256 617 2504 671 callidior
2527 629 2612 674 est
2641 622 2891 678 omnibus
2918 627 3314 694 animantibus;
3347 633 3472 700 quia
3509 635 3556 688 si
3596 637 3832 707 dignita-

2258 714 2364 760 tem
2417 707 2620 774 amiéit,
2669 711 3022 768 subtilitatem
3077 732 3184 770 non
3245 721 3497 787 perdidit.
3550 723 3832 796 Elegitque

2257 797 2356 850 sibi
2387 798 2627 854 diabolus
2662 802 2861 857 animal
2892 814 3099 860 natum
3125 823 3235 863 sua:
3268 818 3470 879 aptum,
3504 821 3830 885 tortuosum,

2257 887 2543 952 lubricum,
2568 906 2665 960 per
2691 895 2832 961 quod
2864 893 3058 966 [Petr.,
3087 899 3272 972 quem]
3299 900 3623 971 loqueretur,
3649 915 3711 960 ut
3737 922 3832 976 per

2259 978 2362 1032 hoc
2387 994 2481 1033 sua
2511 981 2766 1037 dolositas
2793 993 2848 1039 et
2876 988 3187 1042 tortuositas
3213 989 3600 1061 designaretur.
3627 994 3830 1052 Verum

2258 1067 2373 1136 ipse
2415 1085 2638 1140 serpens
2682 1073 2824 1143 loqui
2857 1091 2962 1130 non
2994 1086 3226 1146 poterat,
3250 1082 3372 1149 quia
3397 1083 3499 1139 hoc
3525 1085 3832 1144 aCreatore

2259 1173 2365 1212 non
2411 1173 2710 1230 acceperat.
2749 1166 3055 1236 Assumpsit
3090 1169 3237 1222 illum
3281 1171 3544 1240 diabolus,
3574 1184 3739 1233 utens
3767 1193 3831 1234 eo

2257 1247 2401 1302 velut
2423 1265 2646 1320 organo,
2678 1267 2776 1321 per
2793 1268 2952 1322 quem
2978 1256 3315 1314 articulatum
3345 1275 3536 1316 sonum
3558 1265 3831 1322 emitteret

2256 1338 2322 1392 ad
2353 1343 2766 1409 perpetrandam
2799 1345 3060 1400 malitiam
3096 1360 3268 1402 suam.
3314 1349 3418 1405 Per
3443 1352 3591 1408 illum
3628 1357 3830 1426 quippe

2256 1427 2420 1481 verba
2440 1427 2696 1485 faciebat.
2743 1430 2847 1487 Sed
2871 1432 2959 1488 ille
3003 1437 3278 1492 nesciebat
3306 1447 3512 1496 natura:
3551 1444 3830 1501 rationalis

2259 1516 2454 1589 [Petr.,
2496 1521 2742 1594 rationis]
2775 1513 2987 1594 expers,
3020 1527 3158 1584 sicut
3183 1529 3545 1588 daemoniacus
3569 1543 3622 1589 et
3647 1547 3830 1592 mente

2256 1619 2446 1681 captus
2467 1611 2704 1683 loquitur
2730 1631 2849 1686 quae
2876 1617 3068 1689 [Petr.,
3100 1621 3250 1694 quia]
3282 1625 3472 1688 nescit,
3497 1627 3591 1683 sed
3619 1635 3827 1685 tantum

2255 1718 2354 1774 per
2378 1719 2499 1760 eum
2548 1722 2654 1762 non
2693 1718 2952 1780 quantum
2979 1711 3163 1780 voluit,
3193 1715 3285 1770 sed
3315 1727 3574 1786 quantum
3605 1736 3636 1774 a
3665 1721 3829 1777 Crea-

578 1791 710 1846 rice.
745 1792 872 1846 Ha'c
900 1796 1167 1849 vocabitur
1206 1797 1401 1868 virago.
1433 1799 1490 1853 in
1521 1801 1842 1870 quibusdam
1877 1783 2150 1862 codicibus
2179 1783 2226 1843 Β
2257 1804 2372 1850 lore
2402 1813 2718 1855 concessum
2745 1810 2849 1868 es"
2871 1804 3094 1875 ρθτεεῖι·
3129 1801 3281 1862 unde
3309 1809 3552 1865 ηοηηυηί
3581 1822 3829 1882 quam“

578 1883 874 1950 invenitur,
906 1887 1016 1940 Ita'c
1053 1889 1317 1942 vocabitur
1350 1891 1554 1946 mulier.
1592 1892 1708 1948 Non
1749 1896 1894 1950 enim
1940 1897 2153 1953 videtur

577 1973 632 2026 in
683 1973 872 2030 Graeco
904 1983 957 2029 et
1003 1977 1057 2030 iu
1106 1977 1298 2034 Latino
1327 1995 1578 2037 resonare
1608 1999 1706 2037 cur
1733 1985 1928 2041 mulier
1965 1987 2150 2058 appel-

577 2062 740 2128 letur,
775 2064 898 2133 quia
931 2082 997 2120 ex
1039 2068 1155 2123 viro
1193 2079 1401 2140 sumpta
1445 2073 1553 2138 sit;
1597 2075 1687 2130 sed
1731 2077 2050 2149 etymologia
2095 2079 2150 2133 in

575 2151 804 2208 Hebraeo
829 2170 1078 2212 sermone
1109 2169 1353 2215 servatur
1385 2161 1495 2233 [Z.,
1527 2165 1824 2238 servetur]:
1853 2169 1932 2222 vir
1955 2171 2151 2239 quippe

573 2254 800 2299 vocatur
827 2246 883 2301 Is
910 2257 959 2302 et
989 2249 1181 2304 mulier
1210 2249 1348 2306 Issa.
1393 2253 1556 2309 Recte
1587 2255 1750 2326 igitur
1780 2259 1848 2312 ab
1881 2258 1938 2312 Is
1969 2261 2151 2328 appel-

573 2333 683 2388 lata
721 2345 804 2391 est
840 2337 1031 2393 mulier
1061 2339 1200 2394 Issa.
1237 2341 1300 2396 Et
1346 2343 1447 2398 hoc
1492 2354 1575 2400 est
1615 2347 1757 2416 quod
1802 2348 1889 2403 hic
1912 2349 2008 2416 ait,
2039 2351 2148 2406 lucc

572 2428 841 2480 vocabitur
867 2418 1062 2500 virago,
1088 2434 1332 2502 quoniam
1367 2434 1430 2488 de
1461 2436 1569 2488 viro
1599 2446 1805 2507 sumpta
1833 2447 1929 2492 est.

647 2517 810 2574 Vsus.
839 2521 931 2574 Ἡ.
955 2552 1026 2562 --
1053 2522 1398 2588 Quamobrem
1453 2526 1704 2598 relinquet
1751 2527 1904 2583 homo
1948 2541 2148 2600 patrem

569 2623 746 2673 suum,
778 2619 824 2664 et
867 2621 1084 2666 matrem
1134 2631 1308 2680 suam,
1339 2624 1387 2670 et
1425 2616 1707 2672 adhaerebit
1745 2621 1898 2674 uxori
1932 2637 2060 2687 sum,
2093 2629 2149 2676 et

573 2702 801 2772 reliqua.
832 2703 929 2759 ilic
968 2705 1202 2775 primum
1238 2706 1409 2762 Adam
1446 2711 1786 2779 prophetarit
1827 2713 1892 2767 de
1929 2711 2144 2768 Christo

569 2801 625 2847 et
650 2794 910 2852 Ecclesia.
953 2797 1109 2864 Quod
1132 2799 1433 2870 exemplum
1461 2799 1546 2872 [Ζ.
1574 2819 1678 2856 om.
1704 2804 2028 2876 exemplum]
2059 2821 2147 2859 ex—

568 2899 775 2954 ponens
795 2886 990 2943 Paulus
1015 2889 1287 2959 apostolus
1314 2892 1426 2947 ait:
1452 2891 1756 2963 Mysterium
1774 2895 1870 2950 hoc
1900 2913 2145 2966 magnum

569 2983 674 3038 est;
699 2991 789 3045 ego
807 2987 977 3030 autem
1000 2979 1115 3032 dico
1133 2980 1188 3033 in
1209 2978 1413 3035 Christo
1437 2991 1486 3036 et
1501 2982 1734 3038 Ecclesia
1749 2985 2140 3059 (Ephes.v,22).

570 3063 722 3128 Quod
759 3067 804 3120 si
844 3067 965 3135 quis
1007 3069 1321 3138 spiritaliter
1347 3075 1832 3143 nosse'desiderat,
1857 3078 2141 3148 Augustini

2255 1887 2301 1942 si
2335 1903 2442 1942 non
2485 1890 2770 1956 intellexit,
2804 1909 2910 1948 non
2941 1894 3109 1950 sensit
3149 1911 3392 1967 serpens,
3423 1902 3695 1970 quomodo
3737 1919 3828 1959 au-

2254 1978 2408 2033 diunt
2435 1981 2596 2036 verba
2625 1997 2924 2038 marsorum
2973 1986 3388 2056 incantantium,
3430 1999 3490 2044 ut
3529 1993 3597 2046 ad
3639 2007 3827 2049 eorum

2254 2067 2650 2127 incantationes
2687 2073 2754 2129 de
2797 2077 3043 2132 cavernis
3068 2080 3449 2150 egrediantur?
3491 2082 3699 2150 Quibus
3741 2101 3823 2141 re-

2254 2166 2619 2233 spondendum
2662 2176 2743 2222 est
2773 2186 2786 2220 :
2820 2168 2969 2224 Licet
3021 2171 3351 2227 intellectum
3404 2190 3513 2230 non
3569 2175 3824 2240 habeant,

2253 2263 2432 2310 tamen
2474 2257 2721 2314 sensibus
2751 2261 2991 2330 corporis
3035 2262 3340 2319 nullatenus
3373 2275 3580 2321 carent.
3615 2267 3825 2324 Habent

2252 2348 2394 2402 cnim
2425 2349 2618 2413 visum,
2653 2350 2915 2416 auditum,
2946 2353 3248 2420 odoratum,
3275 2365 3486 2424 gustum
3518 2366 3572 2412 et
3596 2366 3819 2413 tactura.

2251 2435 2317 2490 Et
2362 2437 2482 2492 ideo
2526 2440 2775 2507 quamvis
2819 2441 3038 2496 audiant
3083 2441 3242 2498 verba
3269 2459 3589 2509 marsorum,
3624 2463 3824 2518 nequa-

2250 2542 2412 2598 quam
2437 2536 2633 2584 .tamen
2677 2531 2998 2602 intelligunt.
3029 2531 3144 2587 Non
3173 2533 3316 2588 enim
3341 2535 3598 2592 obediunt
3624 2538 3820 2592 intelli-

2251 2619 2442 2690 gendo,
2472 2622 2562 2675 sed
2593 2630 2649 2676 ut
2675 2623 2740 2677 de
2763 2625 2932 2679 antris
2957 2625 3022 2679 ad
3045 2625 3431 2682 incantationes
3455 2637 3668 2693 exeant,
3697 2644 3819 2699 per-

2249 2711 2496 2766 mittente
2541 2711 2670 2777 Deo,
2718 2723 2982 2784 coguntur
3027 2731 3058 2769 a
3100 2715 3331 2771 diabolo.
3382 2715 3678 2789 Sequitur:
3720 2721 3820 2786 Qui

2248 2799 2379 2854 dixit
2407 2801 2476 2854 ad
2505 2803 2775 2858 mulierem
2803 2820 2821 2857 .'
2845 2803 2954 2859 Cur
2971 2807 3219 2876 prtecepit
3241 2807 3382 2862 vobis
3413 2809 3548 2864 Deus
3591 2827 3654 2864 ne
3681 2827 3820 2865 cam—

2247 2890 2464 2945 ederetis
2487 2891 2550 2946 de
2581 2895 2726 2948 omni
2744 2893 2884 2964 ligno
2911 2897 3188 2965 paradisi?
3218 2898 3420 2954 idcirco
3442 2902 3508 2956 ad
3535 2901 3817 2956 mulierem

2247 2979 2506 3050 loquitur,
2539 2983 2663 3051 quia
2691 2984 2825 3038 vidit
2849 2987 2991 3055 quod
3025 2988 3304 3045 mulierem
3332 2992 3586 3048 seducere
3613 3003 3816 3063 posset,

2248 3076 2304 3122 et
2340 3083 2447 3124 non
2477 3070 2684 3138 virum;
2719 3087 2812 3127 seu
2859 3075 2984 3142 quia
3012 3075 3188 3131 virum
3236 3086 3442 3134 tantum
3469 3081 3535 3136 ad
3567 3082 3818 3137 similitu-

571 3162 627 3206 et
647 3153 832 3210 lsidori
863 3157 1006 3212 dicta
1032 3167 1252 3215 strenue
1273 3161 1433 3230 legat.
1464 3164 1608 3220 Bene
1633 3167 1727 3233 ait,
1752 3169 1804 3221 in
1830 3185 1987 3223 carne
2015 3187 2141 3236 una,

2253 3159 2431 3214 dinem
2458 3159 2553 3216 Dei
2579 3164 2850 3218 conditum
2876 3167 3082 3234 putavit
3105 3177 3159 3221 et
3187 3184 3291 3224 non
3319 3169 3484 3226 illam.
3516 3169 3615 3227 Hic
3639 3182 3816 3228 movet

572 3241 673 3297 hoc
707 3253 790 3298 est
836 3247 890 3300 in
930 3263 1034 3302 una
1064 3249 1338 3306 voluntate
1385 3261 1440 3308 et
1481 3269 1768 3323 consensu,
1800 3271 1895 3313 seu
1925 3259 2048 3330 quia
2076 3275 2142 3316 ex

573 3339 780 3394 duobus
813 3357 916 3396 una
942 3359 1067 3399 caro
1095 3356 1412 3415 procreatur
1439 3349 1493 3404 in
1515 3350 1684 3420 prole.

645 3429 803 3485 Vens.
823 3431 912 3486 25.
929 3464 999 3473 -
1015 3434 1183 3490 Erant
1210 3445 1386 3493 autem
1408 3449 1622 3512 uterque
1649 3442 1776 3496 nudi
1791 3441 1876 3515 [Ζ.
1891 3485 1905 3510 ,
1922 3443 2142 3520 nudus],

573 3520 740 3573 Atlam
781 3523 974 3577 scilicet
1001 3534 1049 3578 et
1076 3543 1212 3580 uxor
1231 3529 1368 3599 ejus,
1396 3539 1444 3584 et
1470 3547 1574 3586 non
1609 3534 1990 3590 erubescebant.
2026 3535 2145 3593 Non

571 3611 712 3678 quod
745 3612 823 3668 eis
853 3628 949 3667 sua
979 3616 1193 3672 nuditas
1220 3628 1364 3674 esset
1391 3620 1684 3693 incognita,
1723 3625 1816 3681 sed
1852 3627 2020 3697 turpis
2048 3644 2146 3682 nu-

573 3699 712 3754 ditas
740 3701 975 3756 nondum
1009 3715 1146 3772 erat,
1169 3709 1294 3778 quia
1322 3711 1558 3766 nondum
1587 3712 1752 3770 libido
1779 3717 2017 3772 membra
2052 3717 2144 3773 illa

573 3791 824 3845 movebat
857 3792 924 3846 ad
965 3798 1470 3867 concupiscendum.
1519 3799 1575 3856 Si
1622 3802 1764 3858 enim
1807 3821 1912 3859 non
1953 3821 2145 3877 pecca-

573 3890 712 3946 rent,
749 3898 854 3938 non
880 3887 1282 3957 erubescerent,
1314 3893 1454 3962 quod
1491 3894 1542 3948 in
1577 3896 1814 3965 parvulis
1845 3896 1958 3952 ﬁeri
1990 3900 2142 3954 vide-

573 3986 714 4038 mus,
743 3974 833 4043 qui
862 3986 1148 4048 antequam
1178 3990 1387 4053 tempus
1414 3984 1650 4042 libidinis
1679 3996 1734 4042 et
1764 3998 1942 4044 motus
1973 3989 2140 4061 fragi-

574 4062 738 4120 litatis
799 4067 1079 4137 adveniat,
1130 4089 1234 4129 non
1286 4075 1608 4132 erubescunt
1651 4093 1718 4134 ex
1768 4081 2029 4136 nuditate.
2078 4083 2143 4137 Et

575 4154 776 4212 idcirco
801 4169 955 4215 erant
984 4165 1134 4229 nudi,
1165 4176 1222 4220 ut
1247 4169 1449 4224 dictum
1474 4180 1574 4239 est,
1605 4173 1696 4228 sed
1725 4189 1830 4228 non
1859 4177 2143 4232 erubesce-

574 4248 723 4314 bant,
749 4251 872 4318 quia
902 4269 1004 4308 non
1030 4256 1280 4312 videbant
1307 4259 1466 4314 aliam
1491 4262 1650 4334 legem
1673 4265 1726 4318 in
1763 4267 2003 4321 membris
2031 4268 2140 4322 suis

576 4353 946 4411 repugnantem
976 4345 1075 4416 legi
1107 4351 1290 4403 mentis
1324 4369 1454 4416 sum,
1485 4363 1532 4407 et
1567 4356 1792 4424 captivos
1830 4373 1915 4411 eos
1955 4357 2148 4412 ducen-

574 4440 673 4483 tem
711 4433 764 4486 in
803 4433 912 4505 lege
939 4440 1135 4506 peccati
1174 4439 1351 4510 (Rom.
1383 4460 1478 4510 vn,
1507 4443 1622 4516 25).
1653 4445 1791 4501 Nihil
1815 4449 1958 4504 enim
1992 4459 2148 4518 puta-

2249 3251 2456 3322 aliquos
2484 3270 2582 3310 cur
2617 3257 2812 3312 tentari
2855 3259 2997 3314 Deus
3037 3260 3307 3317 hominem
3355 3265 3617 3332 permisit,
3656 3281 3816 3336 quem

2247 3345 2556 3401 consentire
2581 3349 2913 3418 prazsciehat,
2942 3351 3044 3405 nisi
3075 3352 3198 3420 quia
3229 3365 3434 3423 magnae
3455 3355 3630 3410 laudis
3655 3357 3818 3411 homo

2248 3453 2356 3494 non
2385 3449 2544 3506 esset,
2573 3441 2618 3494 si
2656 3442 2728 3495 ita
2774 3443 3103 3499 condidisset
3146 3459 3267 3500 eum
3304 3455 3363 3502 ut
3409 3448 3606 3502 malum
3637 3447 3816 3505 facere

2248 3545 2355 3586 non
2391 3531 2672 3600 potuisset,
2708 3533 2801 3588 sed
2840 3533 2981 3589 foret
3009 3542 3264 3604 tanquam
3293 3537 3510 3591 animal.
3545 3538 3652 3593 Sed
3684 3554 3814 3594 con-

2248 3621 2382 3678 didit
2413 3623 2464 3677 in
2501 3626 2721 3694 proprio
2754 3625 2998 3692 arbitrio,
3030 3635 3108 3693 ut,
3138 3629 3179 3682 si
3209 3627 3420 3684 fertiter
3444 3638 3817 3700 perseveraret

2249 3713 2303 3768 in
2353 3716 2666 3785 praeceptis,
2719 3727 3188 3784 remuneraretur;
3224 3718 3307 3772 sin
3357 3728 3534 3772 autem
3585 3735 3815 3776 consen-

2249 3805 2430 3859 tiendo
2477 3819 2786 3873 corrueret,
2843 3809 3209 3873 damnaretur,
3266 3809 3422 3863 sicuti
3474 3817 3653 3864 actum
3712 3821 3813 3866 est.

2249 3896 2381 3950 Nam
2407 3906 2462 3952 et
2487 3897 2644 3953 hodie
2683 3899 2798 3954 sine
2835 3899 3233 3954 intermissione
3265 3916 3362 3970 per
3389 3900 3700 3956 universum
3731 3919 3819 3974 ge—

2248 4002 2350 4041 nus
2379 3989 2670 4043 humanum
2694 3999 2760 4044 ex
2792 3991 3000 4045 insidiis
3027 3991 3221 4046 diaboli
3246 3992 3491 4048 homines
3520 4000 3818 4056 tentantur,

2249 4086 2307 4133 ut
2333 4090 2486 4134 exeo
2510 4081 2680 4135 virtus
2722 4083 2910 4136 tentati
2954 4081 3232 4152 probetur,
3264 4092 3318 4138 et
3345 4083 3522 4153 palma
3555 4101 3664 4141 non
3694 4101 3820 4142 con-

2249 4172 2531 4227 sentientis
2556 4173 2845 4243 gloriosior
2872 4183 3146 4244 appareat.

2322 4261 2483 4317 Vsus.
2515 4265 2570 4327 2,
2601 4263 2654 4316 5.
2676 4293 2748 4303 -
2770 4263 2868 4318 Cui
2889 4267 3148 4336 respondit
3185 4267 3371 4323 mulier
3392 4285 3412 4324 :
3436 4269 3514 4325 De
3549 4271 3728 4340 fructu
3760 4271 3823 4324 li-

2249 4370 2468 4424 gnarum
2495 4371 2610 4425 quia
2643 4367 2763 4409 sunt
2801 4357 2856 4410 in
2898 4357 3144 4426 paradiso
3187 4361 3454 4423 vescimur,
3496 4370 3550 4416 et
3591 4363 3819 4433 reliqua.

2251 4443 2359 4499 Cur
2393 4445 2584 4499 mulier
2630 4447 2697 4500 ad
2749 4447 3077 4515 interrogata
3125 4450 3362 4519 serpenti
3392 4448 3500 4521 [Z.,
3533 4451 3822 4523 serpentis]

575 4523 705 4579 bant
733 4525 953 4582 velanda
978 4545 1032 4595 n,
1063 4509 1191 4600 quia]
1225 4533 1357 4588 nihil
1395 4509 1699 4592 sentiebant
1741 4509 2145 4596 refrenandum.
2176 4509 2226 4568 D
2255 4537 2564 4606 respondit?
2596 4537 2662 4592 Ut
2689 4539 3062 4606 praevaricatio
3094 4538 3210 4608 ejus
3248 4549 3394 4596 eSSet
3423 4542 3820 4606 inexcusabilis.

576 4612 844 4704 Sedipost
887 4630 1163 4688 petcatum
1193 4627 1603 4696 erubescebant,
1633 4633 1759 4701 quia
1797 4643 2016 4704 propter
2062 4636 2146 4690 in-

576 4702 935 4762 obedientiam
963 4726 1090 4766 caro
1136 4715 1528 4782 quodammodo
1552 4702 2153 4778 verecundiae—testimo-

574 4793 721 4849 nium
763 4801 1100 4868 perhibebat,
1130 4814 1184 4859 et
1219 4810 1491 4876 peccando
1527 4824 1940 4881 promeruerunt
1975 4824 2034 4870 ut
2070 4817 2150 4873 eis

576 4883 789 4942 rebellis
814 4900 974 4946 esset.

1185 5005 1410 5064 CAPUT
1447 5011 1531 5065 lll.

650 5149 810 5206 Vens.
849 5154 900 5207 1.
934 5185 1002 5196 --
1030 5155 1136 5212 Sed
1176 5169 1224 5214 et
1268 5178 1475 5233 serpens
1521 5176 1631 5219 erat
1671 5167 1914 5223 callidior
1948 5172 2148 5226 cunctis

578 5241 951 5312 animantibus,
1005 5258 1054 5303 et
1111 5259 1324 5304 caetera.
1383 5251 1498 5307 Non
1543 5264 1602 5309 ut
1648 5271 1868 5327 serpens
1914 5259 2148 5330 aliquam

578 5332 831 5386 astutiam
867 5345 960 5390 aut
988 5339 1306 5408 sapientiam
1345 5342 1590 5411 haberet,
1618 5347 1710 5400 sed
1751 5357 1973 5418 propter
2013 5359 2154 5406 astu-

582 5422 708 5477 tiam
739 5425 983 5483 diabolus
1014 5431 1351 5502 intelligitur,
1375 5437 1466 5504 qui
1513 5452 1611 5508 per
1647 5439 1793 5496 illum
1830 5444 2023 5513 agebat
2061 5445 2158 5500 do-

581 5514 708 5571 lum.
738 5517 868 5576 Nam
912 5524 1102 5593 Aquila
1148 5536 1202 5582 et
1247 5528 1577 5586 Theodotion
1625 5534 1959 5606 interpretati
2009 5549 2156 5606 sunt,

581 5626 800 5676 nequam
831 5624 877 5667 et
909 5619 1264 5688 versipellem;
1295 5632 1352 5677 ut
1381 5639 1476 5694 per
1504 5625 1606 5681 hoc
1641 5627 1812 5697 magis
1837 5631 2076 5685 versutia
2105 5642 2160 5687 et

580 5703 844 5762 calliditas
911 5725 1073 5780 quam
1139 5715 1402 5784 sapientia
1471 5716 1954 5776 demonstraretur.
2019 5721 2154 5789 Quia

2253 4642 2376 4682 cum
2403 4627 2548 4682 nullo
2576 4629 2735 4684 modo
2761 4629 2940 4684 dicere
2973 4631 3148 4700 potuit
3185 4645 3243 4686 se
3277 4629 3499 4686 oblitam
3529 4645 3648 4687 esse
3676 4647 3825 4687 man-

2253 4717 2382 4780 dati,
2411 4719 2553 4786 quod
2581 4719 2815 4788 serpenti
2842 4720 3098 4789 prodidit.

2323 4808 2488 4862 't’ans.
2517 4808 2571 4873 ὁ,
2601 4808 2654 4862 5.
2680 4841 2750 4848 —
2771 4809 2918 4864 Dixit
2962 4821 3134 4866 autem
3179 4828 3386 4882 serpens
3411 4813 3481 4866 ad
3509 4813 3780 4867 mulierem
3807 4826 3824 4863 :

2256 4899 2602 4971 Nequaquam
2649 4911 2814 4956 morte
2842 4903 3152 4957 moriemini.
3190 4903 3304 4958 Scit
3335 4905 3473 4957 enim
3513 4903 3656 4959 Deus
3690 4903 3826 4975 quod

2251 4990 2306 5043 in
2331 5005 2639 5061 quacunque
2662 4991 2745 5045 die
2773 4992 3100 5046 comederitis
3136 5009 3200 5046 ea:
3242 5009 3324 5058 eo,
3351 4994 3652 5064 aperientur
3692 4990 3825 5046 oculi

2251 5083 2428 5147 vestri,
2457 5091 2504 5135 et
2553 5083 2696 5136 eritis
2729 5083 2862 5136 sicut
2895 5082 2992 5148 dii,
3027 5083 3243 5136 scientes
3287 5083 3476 5138 bonum
3515 5094 3563 5138 et
3610 5083 3824 5137 malum.

2253 5170 2330 5225 Ac
2363 5171 2408 5225 si
2446 5171 2673 5225 dixisset
2699 5189 2711 5224 :
2737 5170 2853 5225 Non
2897 5178 2980 5226 est
3005 5171 3079 5226 ita
3114 5181 3174 5225 ut
3202 5172 3398 5228 dicitis.
3428 5173 3621 5228 Invidit
3650 5173 3829 5244 itaque

2253 5262 2408 5316 vobis
2442 5261 2584 5316 Deus
2617 5277 2767 5317 suam
2808 5262 3056 5334 gloriam,
3085 5271 3141 5318 et
3175 5264 3508 5334 dignitatem,
3544 5273 3827 5334 propterea

2256 5353 2409 5408 vobis
2438 5352 2538 5408 ista
2563 5353 2836 5422 praecepit.
2872 5353 2986 5408 Scit
3029 5354 3171 5408 enim
3201 5353 3350 5422 quia,
3379 5353 3423 5407 si
3465 5351 3824 5416 comederitis,

2259 5445 2462 5501 similes
2497 5447 2546 5500 ei
2583 5447 2758 5511 eritis,
2789 5448 3025 5502 scientes
3060 5448 3257 5502 bonum
3294 5454 3349 5501 et
3385 5446 3606 5500 malum.
3644 5444 3829 5500 Melius

2261 5539 2542 5594 consilium
2574 5539 2712 5594 dabo
2737 5558 2749 5595 :
2774 5539 3075 5604 Comedite,
3101 5551 3149 5594 et
3181 5541 3477 5609 aperientur
3497 5538 3634 5594 oculi
3659 5547 3828 5599 vestn,

2261 5640 2316 5685 et
2341 5630 2565 5700 reliqua.
2603 5630 2790 5702 Magna
2822 5633 3106 5704 promittit,
3139 5643 3197 5686 ut
3229 5632 3448 5691 facilius,
3467 5632 3716 5702 decipiat.
3746 5629 3831 5684 Ait

2263 5723 2405 5776 enim
2433 5741 2443 5776 :
2473 5734 2518 5777 ct
2549 5728 2845 5794 aperientur
2873 5723 3007 5778 oculi
3033 5737 3201 5779 vestri.
3238 5725 3316 5780 Ad
3345 5726 3449 5781 hoc
3486 5723 3752 5795 persuasit
3776 5729 3832 5778 ut
