4044 6326
239 350 345 407 I37

1557 349 1910 409 COMMENT.
1952 353 2017 409 IN
2053 355 2211 412 GEN.

3405 371 3506 429 158

233 470 341 526 sub
386 468 500 523 Deo
543 481 664 533 esse
704 467 936 533 nollent,
967 468 1110 534 sicut
1152 469 1267 540 ipse
1309 485 1432 526 esse
1476 471 1818 543 contempsit.
1849 479 1902 537 Α
1927 476 2071 530 tem?
2094 474 2243 531 Nova
2267 490 2478 547 semper
2503 477 2801 548 inquirere,
2822 487 2877 534 et
2902 480 3026 536 boni
3061 486 3293 556 malique
3339 491 3514 546 scien-

231 561 401 616 Libet
431 559 709 630 inquirere
737 575 904 630 quare
931 560 1175 620 diabolus
1205 570 1316 617 tam
1345 561 1576 618 infestus
1613 564 1824 620 exstitit

229 654 518 711 hominum
551 653 750 710 saluti?
772 652 1039 712 Videlicet
1067 663 1287 726 propter
1306 656 1492 712 odium
1517 656 1571 711 in
1601 656 1823 713 Creato-

231 761 376 818 rem,
399 755 456 802 et
480 745 824 803 invidiamin
855 747 1150 813 hominem,
1181 758 1239 804 et
1256 748 1690 820 desperationem
1711 766 1824 806 suae

227 839 349 895 salu
357 839 446 896 tis.
481 839 739 910 Sequitur
769 857 784 894 :

305 933 471 990 Vens.
495 933 548 988 6.
570 964 642 975 —
674 933 818 988 Vidit
846 934 1010 1006 igitur
1033 935 1225 991 mulier
1267 937 1408 1008 quod
1452 938 1645 994 bonum
1691 949 1825 993 esset

224 1028 434 1098 lignum
455 1029 524 1082 ad
555 1029 887 1095 vescendum,
913 1036 969 1085 et
1005 1029 1232 1101 reliqua.
1260 1029 1372 1086 Cur
1412 1030 1609 1086 mulier
1645 1031 1824 1088 consio

223 1121 444 1177 deravit
472 1121 676 1192 lignum
701 1131 823 1193 post
849 1121 1120 1194 serpentis
1152 1124 1596 1194 persuasionem?
1631 1124 1704 1182 Ut
1730 1141 1824 1182 ex-

221 1212 470 1283 ploraret
498 1214 543 1269 si
569 1215 700 1286 quid
727 1217 870 1271 ineo
897 1213 1240 1271 mortiferum
1291 1226 1455 1284 esset,
1491 1225 1547 1274 et
1572 1219 1697 1274 dum
1742 1218 1823 1273 ni-

221 1303 305 1358 hil
329 1305 385 1360 in
413 1320 478 1362 eo
507 1305 616 1362 tale
639 1314 858 1377 aspectu
894 1307 1118 1378 reperit,
1168 1309 1530 1366 confidentius
1565 1309 1818 1382 gustavit.

226 1395 376 1451 Tulit
403 1398 466 1452 de
491 1398 668 1469 fructu
698 1398 866 1466 illius,
897 1411 945 1454 et
990 1401 1214 1456 comedit
1263 1403 1508 1475 deditque
1548 1405 1659 1459 viro
1703 1421 1819 1459 suo.

217 1489 355 1548 Ideo
405 1493 492 1548 vir
536 1495 817 1550 consensit
873 1494 1111 1562 feminae,
1164 1503 1224 1550 ut
1297 1497 1542 1552 nonnulli
1614 1497 1820 1564 dicunt,

216 1587 354 1658 quia
381 1589 525 1648 forte
551 1589 698 1646 illam
728 1599 1000 1646 mortuam
1032 1604 1141 1645 non
1167 1589 1306 1646 vidit
1329 1606 1396 1646 ex
1424 1591 1568 1648 cibo.
1607 1591 1675 1646 Et
1726 1607 1823 1660 po-

215 1683 329 1738 tuit
362 1682 484 1738 ﬁeri
506 1689 565 1736 ut
589 1681 895 1752 putaverint
923 1680 1153 1752 alicujus
1200 1681 1611 1753 signiﬁcationis
1655 1697 1820 1738 causa

213 1775 431 1830 dixisse
460 1773 773 1829 Creatorem
800 1788 815 1828 :
847 1773 908 1829 Si
937 1774 1400 1831 manducaveritis
1423 1789 1491 1831 ex
1525 1791 1614 1842 eo,
1644 1785 1819 1832 morte

213 1865 557 1932 moriemini,
581 1873 636 1920 et
656 1865 779 1921 ideo
803 1865 1177 1922 comederunt.

289 1957 464 2012 Vsus.
502 1955 555 2009 7.
581 1984 651 1996 --
681 1954 786 2022 Qui
815 1956 1062 2022 comedit,
1092 1966 1142 2012 et
1162 1958 1331 2028 aperti
1357 1969 1480 2014 sunt
1527 1960 1667 2016 oculi
1705 1976 1818 2014 am-

207 2048 429 2102 borum.
451 2047 534 2103 Ad
583 2046 712 2118 quid
755 2047 931 2118 aperti
978 2049 1139 2103 sunt?
1181 2047 1436 2121 Nunquid
1479 2060 1640 2108 antea
1687 2052 1817 2108 caeci

207 2138 417 2192 erant?
441 2135 684 2192 Minime.
741 2135 847 2192 Sed
869 2137 1044 2209 aperti
1089 2146 1217 2194 sunt
1255 2154 1363 2195 non
1402 2141 1472 2197 ad
1500 2128 1813 2210 videndum,

206 2231 309 2285 sed
345 2229 417 2285 ad
442 2229 861 2285 discernendum
889 2229 1034 2287 inter
1053 2231 1256 2288 bonum
1302 2233 1447 2304 quod
1492 2235 1812 2303 amiserant,

209 2333 272 2380 et
329 2323 533 2379 malum
578 2323 648 2379 ad
698 2325 842 2395 quod
887 2325 1215 2382 ceciderant.
1269 2327 1377 2383 Seu
1431 2328 1597 2384 etiam
1641 2329 1816 2400 aperti

209 2427 347 2472 sunt
374 2417 517 2474 oculi
546 2433 738 2474 eorum
765 2419 834 2474 ad
859 2419 1088 2476 invicem
1129 2423 1644 2494 concupiscendum,
1671 2425 1816 2495 quod

208 2511 386 2567 etiam
413 2512 481 2567 ad
505 2526 723 2583 poenam
753 2528 880 2569 mox
908 2522 1032 2585 post
1077 2524 1361 2586 peccatum
1402 2517 1602 2574 evenit.
1645 2518 1816 2590 Culpa

209 2609 417 2682 quippe
440 2610 632 2666 oculos
657 2612 1113 2682 concupiscentiae
1137 2616 1371 2686 aperuit,
1394 2632 1532 2688 quos
1555 2617 1815 2674 innocen-

208 2705 291 2759 tia
320 2703 535 2761 clausos
552 2708 788 2761 tenebat.
813 2705 914 2763 Hic
945 2707 1092 2764 enim
1114 2711 1420 2766 ostenditur
1439 2712 1674 2783 qualiter
1703 2713 1816 2768 diao

205 2795 371 2852 holus
393 2805 581 2853 contra
603 2797 841 2868 primum
863 2799 1139 2856 hominem
1168 2801 1224 2856 in
1276 2801 1453 2859 tribus
1495 2805 1814 2860 tentationi-

205 2893 316 2947 bus
345 2909 406 2947 se
427 2891 635 2958 erexit;
663 2891 791 2962 quia
821 2893 965 2950 hunc
990 2893 1244 2950 videlicet
1275 2895 1418 2968 gula,
1449 2911 1589 2952 vana
1621 2896 1814 2968 gloria,

203 2984 466 3050 avaritia,
507 2985 761 3052 tentavit,
786 2985 880 3042 sed
932 2987 1190 3044 tentando
1226 2989 1537 3059 prostravit.
1566 2990 1645 3045 Ex
1693 2991 1818 3062 gula

202 3076 460 3141 tentavit,
493 3092 618 3131 cum
645 3076 828 3133 cibum
848 3077 976 3150 ligni
1003 3076 1113 3150 [Z.,
1137 3079 1367 3154 lignum]
1393 3083 1621 3138 vetitum
1642 3092 1820 3140 osten-

200 3171 316 3237 dit,
354 3178 519 3242 atque
551 3171 620 3227 ad
649 3171 1042 3228 comedendum
1074 3174 1270 3240 suasit,
1296 3190 1428 3231 cum
1465 3175 1542 3230 ait
1575 3195 1587 3230 :
1634 3176 1818 3232 Come-

200 3268 340 3322 dite.
384 3267 466 3323 Ex
507 3283 646 3322 vana
703 3276 882 3323 autem
927 3267 1097 3338 gloria
1141 3269 1386 3336 tentavit,
1443 3285 1569 3326 cum
1627 3270 1811 3327 dixit:

201 3355 383 3412 Eritis
412 3359 550 3413 sicut
574 3358 670 3412 dii.
700 3357 769 3413 Et
795 3373 865 3414 ex
893 3359 1121 3415 avaritia
1148 3361 1400 3427 tentavit,
1427 3362 1551 3417 cuin
1587 3360 1813 3434 subjun-

201 3452 316 3515 xit,
362 3452 585 3506 scientes
608 3450 797 3505 bonum
823 3460 873 3506 et
920 3449 1141 3507 malum.
1187 3451 1434 3506 Avaritia
1491 3467 1599 3508 non
1641 3452 1814 3509 solum

197 3543 459 3615 pecuniae
480 3551 586 3607 est,
619 3542 716 3598 sed
743 3542 907 3598 etiam
938 3542 1262 3598 altitudinis.
1315 3542 1374 3598 1n
1417 3544 1522 3600 hoc
1569 3543 1815 3600 diabolus

200 3635 613 3706 all-superbiam
642 3634 830 3700 traxit,
871 3634 1014 3704 quod
1041 3649 1165 3690 eum
1205 3635 1274 3690 ad
1316 3636 1602 3690 avaritiam
1647 3636 1815 3690 subli-

200 3730 422 3785 mitatis
445 3729 726 3784 excitavit.
757 3727 909 3784 Unde
930 3737 1117 3800 postea
1147 3729 1447 3785 secundum
1473 3727 1668 3795 Adam,
1700 3730 1809 3785 Do-

199 3823 421 3878 minum
449 3822 696 3878 videlicet
720 3837 784 3878 ac
809 3821 1229 3894 Redemptorem
1274 3832 1546 3890 nostrum,
1577 3824 1661 3879 his
1692 3833 1812 3880 ten-

200 3915 509 3969 tationibus
553 3914 772 3985 aggredi
819 3922 1048 3970 conatus
1089 3922 1192 3981 est,
1245 3914 1338 3970 sed
1384 3915 1588 3970 eisdem
1636 3917 1812 3971 modis

200 4009 457 4064 devictus
505 4007 808 4065 succubuit.
849 4006 960 4064 Nos
1003 4008 1169 4063 etiam
1214 4007 1457 4078 quotidie
1501 4008 1587 4063 his
1633 4009 1810 4065 tribus

199 4101 652 4174 suggestionibus
676 4100 957 4172 pulsamur
985 4118 1000 4156 :
1026 4100 1397 4172 suggestione,
1423 4099 1803 4166 delectatione,

201 4210 515 4262 consensu;
554 4203 764 4251 etcum
795 4201 1088 4260 tentamur,
1129 4193 1452 4264 plerumque
1495 4193 1548 4248 in
1577 4192 1810 4249 delecta-

201 4288 439 4354 tionem,
500 4295 596 4342 aut
643 4286 881 4342 etiamin
937 4301 1284 4352 consensum,
1341 4285 1500 4341 sicuti
1554 4295 1808 4356 parentes

203 4379 410 4444 nostri,
438 4378 688 4445 labimur,
720 4378 845 4449 quia
876 4380 940 4435 de
971 4379 1151 4434 carnis
1170 4386 1397 4449 peccato
1439 4380 1720 4451 propagati
1752 4381 1815 4440 in

203 4470 369 4526 nobis
411 4469 542 4540 ipsis
588 4470 848 4542 gerimus,
907 4470 1051 4526 unde
1094 4470 1393 4525 certamina
1445 4472 1802 4529 tentationnm

1931 568 2061 623 tiam
2081 577 2370 640 penetrare
2397 568 2620 626 debetis.

2002 661 2235 735 Cumque
2267 664 2625 735 cognovissent
2644 681 2700 720 se
2725 683 2838 723 esse
2863 669 3056 736 nudos,
3088 684 3402 728 consuerunt
3426 675 3513 745 fo-

1927 752 2002 806 lia
2027 752 2182 821 ﬁcus,
2208 764 2257 808 et
2281 753 2512 824 fecerunt
2525 757 2624 811 sibi
2642 759 2988 828 perizomata,
3014 762 3100 820 vel
3123 763 3511 838 subcinctoria,
3609 823 3612 828 .

1927 843 2012 900 vel
2037 849 2381 929 campestria,
2423 849 2562 905 sicut
2600 850 2704 906 alia
2734 853 3016 912 translatio
3044 855 3194 912 dicit.
3238 858 3514 929 Cognove-

1927 943 2055 989 runt
2078 928 2152 991 se
2171 937 2365 1005 nudos,
2396 953 2425 992 a
2455 941 2628 1010 gratia
2677 941 2901 1010 scilicet,
2950 959 3056 1016 qua
3103 945 3210 1002 illis
3253 928 3416 1005 ﬁebat
3455 960 3516 1008 ut

1929 1027 2146 1084 nuditas
2167 1030 2412 1099 corporis
2457 1031 2602 1086 nulla
2630 1047 2818 1088 eorum
2858 1045 3094 1092 mentem
3141 1037 3260 1111 lege
3300 1042 3514 1111 peccati

1925 1129 2316 1191 repugnantem
2374 1120 2744 1180 confunderet.
2806 1123 3136 1183 Consuerunt
3201 1129 3333 1200 folia
3357 1133 3515 1202 ﬁcus,

1923 1215 2109 1286 utique
2136 1216 2499 1272 inobedientia
2531 1232 2643 1273 suae
2677 1219 2857 1277 carnis
2877 1220 3110 1278 confusi.
3157 1222 3304 1282 Bene
3333 1226 3518 1298 itaque

1924 1321 1992 1361 ex
2018 1305 2162 1362 foliis
2191 1307 2328 1364 ficus
2349 1323 2410 1364 se
2447 1315 2636 1378 tegunt
2661 1307 2776 1382 [Z.,
2834 1310 3180 1386 tenuerunt];
3205 1313 3333 1371 folia
3379 1316 3517 1373 ﬁcus

1924 1398 2120 1470 quippe
2150 1397 2434 1470 designant
2469 1400 2740 1470 pruritum
2778 1403 2980 1470 carnis,
3000 1420 3109 1474 quo
3140 1403 3256 1476 jam
3277 1407 3514 1463 ureban-

1926 1499 2014 1544 tur
2039 1498 2162 1560 post
2182 1499 2484 1562 peccatum.
2522 1490 2836 1549 Aruiseruut
2865 1496 3009 1550 enim
3038 1497 3266 1567 gloriam
3311 1499 3519 1572 simpli-

1924 1581 2005 1637 cis
2033 1582 2304 1638 castitatis
2333 1581 2440 1655 [Z.,
2465 1583 2830 1654 simplicitatis
2863 1595 2920 1642 et
2949 1587 3132 1660 cast.],
3172 1599 3238 1645 'et
3283 1591 3405 1656 ideo
3448 1591 3518 1647 ad
3577 1585 3580 1590 ’

1923 1675 2190 1746 duplicem
2230 1675 2469 1732 libidinis
2508 1677 2842 1749 pruriginem
2890 1681 3272 1753 confugerunt,
3307 1685 3362 1740 id
3409 1695 3514 1753 est,

1923 1765 2047 1837 quia
2095 1776 2287 1823 aestum
2336 1768 2549 1824 ardoris
2607 1783 2767 1839 quem
2814 1771 3162 1842 patiebantur
3211 1775 3266 1829 in
3312 1786 3515 1843 mente,

1846 1845 1896 1907 Β
1922 1871 1991 1912 ex
2013 1856 2155 1914 foliis
2184 1858 2295 1926 ﬁci,
2324 1877 2392 1916 ex
2426 1860 2623 1931 quibus
2673 1861 2934 1932 probatur
2969 1864 3132 1920 ardor
3181 1867 3412 1922 excitari
3460 1869 3519 1924 in

1922 1967 2171 2024 corpore,
2203 1955 2432 2024 tegendo
2451 1953 2878 2025 duplicaverunt.
2926 1955 3171 2014 Tradunt
3205 1961 3441 2031 namque
3469 1962 3517 2017 si

1919 2045 2172 2116 virgulta,
2214 2061 2310 2102 seu
2340 2044 2469 2100 folia
2497 2045 2632 2102 ﬁcus
2655 2046 2778 2118 quis
2823 2047 3096 2114 inciderit,
3145 2052 3292 2122 quod
3339 2051 3518 2123 liquor

1917 2139 2074 2208 quasi
2098 2137 2185 2193 lac
2227 2145 2447 2193 emanat
2490 2137 2545 2192 in
2591 2137 2814 2194 modum
2857 2140 3028 2208 virus,
3074 2142 3312 2199 hominis
3350 2144 3516 2200 etiam

1919 2229 2162 2288 incendit
2188 2241 2369 2288 cutem
2413 2240 2575 2303 atque
2596 2233 2708 2288 urit
2746 2235 3060 2291 humanam.
3117 2235 3187 2292 Et
3240 2236 3384 2305 ideo,
3433 2239 3518 2294 in-

1918 2326 2132 2397 quiunt,
2158 2326 2467 2399 signiﬁcant
2491 2329 2826 2401 pruriginem
2858 2339 2915 2386 et
2957 2332 3208 2389 ardorem
3251 2333 3511 2390 libidinis.

1920 2417 2074 2474 Unde
2096 2419 2366 2474 aestimant
2392 2421 2537 2492 quod
2557 2436 2626 2478 ex
2655 2420 2993 2480 hac'arbore
3034 2427 3262 2482 vetitum
3291 2443 3516 2498 pomum

1919 2511 2235 2584 attigerunt.
2261 2511 2498 2570 Possunt
2520 2515 2708 2583 etiam,
2727 2515 2885 2587 juxta
2919 2519 3225 2586 nonnullos,
3274 2519 3400 2575 folia
3454 2520 3516 2574 fi-

1917 2619 2015 2660 cus
2040 2620 2227 2660 amara
2268 2606 2688 2663 amaritudinem
2734 2609 2987 2666 vindicta:
3030 2611 3356 2684 signiﬁcare.
3393 2611 3517 2682 Spi-

1917 2695 2151 2752 ritaliter
2174 2697 2320 2754 foliis
2362 2699 2498 2756 ﬁcus
2535 2715 2594 2756 se
2634 2702 2961 2773 contegunt,
2991 2705 3086 2773 qui
3119 2703 3377 2759 saeculum
3427 2719 3512 2759 as-

1917 2804 2108 2861 perum
2129 2791 2548 2860 amplectuntur,
2580 2793 2672 2861 qui
2685 2793 2970 2864 prurigine
2998 2795 3292 2866 voluptatis
3319 2812 3513 2852 carna-

1919 2880 1986 2937 lis
2021 2891 2263 2949 utuntur,
2317 2883 2520 2953 quique
2568 2870 2779 2953 decepti
2826 2885 3081 2941 haeretica
3121 2887 3408 2956 pravitate,
3461 2895 3514 2942 et

1917 2973 2092 3043 gratia
2121 2973 2321 3030 Christi
2349 2973 2559 3041 nudati,
2607 2982 2916 3046 tegumenta
2936 2976 3341 3033 mendaciorum
3395 2987 3514 3032 tan-

1921 3080 2080 3135 quam
2140 3064 2271 3120 folia
2327 3063 2462 3121 ﬁcus
2516 3064 2800 3137 colligunt,
2847 3064 3109 3124 facientes
3151 3068 3511 3124 succinctoria

1919 3157 2224 3227 pravitatis,
2259 3172 2383 3214 cum
2413 3157 2480 3214 de
2503 3157 2737 3214 Domino
2763 3158 2852 3216 vel
2875 3159 3122 3218 Ecclesia
3151 3163 3508 3221 mentiuntur.

1922 3249 2179 3320 Sequitur
2206 3269 2218 3304 :

1991 3343 2156 3400 Vens.
2185 3344 2238 3400 8.
2279 3376 2349 3385 —
2378 3342 2449 3400 Et
2473 3362 2592 3400 cum
2619 3345 2889 3402 audissent
2913 3364 3094 3412 vocem,
3147 3347 3357 3405 Domini
3414 3350 3513 3406 Dei

1915 3437 2302 3492 deambulantis
2325 3439 2382 3493 in
2409 3439 2660 3510 paradiso
2689 3438 2759 3492 a'd
2794 3456 3003 3507 auram,
3029 3449 3084 3495 et
3112 3441 3339 3512 reliqua.
3369 3441 3510 3510 Quid

1916 3531 2168 3587 estenim
2196 3531 2340 3603 quod
2383 3543 2508 3605 post
2553 3541 2837 3604 peccatum
2883 3535 3122 3592 hominis
3162 3535 3218 3590 in
3259 3536 3510 3606 paradiso

1915 3623 2175 3680 Dominus
2203 3640 2312 3682 non
2339 3634 2508 3693 stare,
2536 3628 2631 3683 sed
2689 3627 2998 3685 ambulasse
3057 3627 3172 3701 [Z.,
3204 3626 3509 3700 ambulare]

1916 3718 2134 3785 dicitur,
2164 3719 2268 3774 nisi
2290 3722 2433 3792 quod
2469 3723 2710 3778 irruente
2737 3723 2893 3794 culpa
2919 3741 2980 3780 se
3008 3741 3039 3780 a
3066 3725 3229 3782 corde
3276 3725 3509 3782 hominis

1914 3809 2210 3864 recessisse
2267 3812 2628 3868 ostendebat?
2673 3813 2851 3869 Etiam
2905 3831 3004 3886 per
3053 3817 3156 3871 hoc
3203 3815 3506 3872 instabilem

1915 3902 2240 3971 rejectionem
2265 3919 2453 3959 eorum
2482 3907 2548 3961 de
2587 3908 2844 3978 paradiso
2865 3909 2936 3964 ad
2983 3909 3367 3967 mortalitatem
3412 3910 3504 3965 de-

1915 3994 2273 4049 monstrabat.
2307 3993 2536 4066 Tropice
2563 4013 2694 4054 vero
2732 3999 3042 4055 deambulat
3088 3999 3231 4057 Deus
3279 4001 3407 4067 illis,
3455 4009 3507 4056 et

1915 4101 2023 4139 non
2057 4093 2188 4151 stat,
2214 4087 2307 4157 qui
2332 4087 2556 4144 stabiles
2586 4089 2641 4143 in
2688 4090 2804 4161 ejus
2843 4091 3126 4163 praeceptis
3166 4107 3274 4148 non
3315 4106 3505 4163 perse-

1913 4185 2126 4231 verant.
2153 4175 2305 4234 Unde
2332 4189 2728 4250 consequenter
2763 4181 3075 4250 adjunctum
3106 4162 3192 4240 est
3223 4184 3294 4238 ad
3318 4162 3505 4239 auram

1911 4280 2026 4340 post
2045 4270 2334 4327 meridiem.
2364 4271 2517 4328 Solet
2541 4273 2684 4329 enim
2721 4289 2877 4330 sacra
2929 4274 3208 4346 Scriptura
3249 4292 3349 4348 per
3389 4284 3505 4332 sta-

1913 4375 2027 4419 tum
2079 4364 2337 4436 temporis
2383 4366 2576 4421 merita
2624 4381 2913 4422 causarum
2959 4366 3312 4440 distinguere.
3359 4367 3506 4424 Bene

1913 4457 2058 4512 enim
2082 4460 2151 4512 ad
2184 4474 2370 4512 auram
2396 4467 2512 4528 post
2533 4459 2826 4525 meridiem,
2856 4459 2983 4531 quia
3004 4462 3170 4516 ardor
3221 4461 3506 4520 cbaritatis

204 4563 526 4618 toleramus.
560 4561 670 4618 Sed
707 4560 847 4628 ideo,
892 4569 952 4617 ut
994 4561 1198 4618 dictum
1222 4572 1326 4629 est,
1375 4565 1634 4621 Dominus
1685 4576 1804 4622 ten-

1916 4553 2224 4609 abundante
2254 4553 2540 4624 iniquitate
2564 4555 2616 4608 in
2648 4554 2727 4609 eis
2771 4555 3118 4626 refriguerat,
3153 4565 3210 4612 et
3264 4556 3354 4612 lux
3398 4557 3505 4611 fcr-

205 4653 318 4709 tari
349 4653 517 4708 voluit
534 4653 690 4724 juxta
712 4652 874 4708 ﬁdem
905 4652 1344 4724 Evangeliorum,
1370 4662 1428 4709 ut
1457 4665 1670 4711 nostras
1691 4665 1808 4713 ten.

207 4745 447 4801 taliones
476 4745 589 4800 suis
617 4743 1004 4802 tentationibus
1029 4744 1359 4813 devinceret,
1408 4755 1463 4802 et
1483 4747 1658 4818 ipsum
1683 4764 1811 4819 quo-

205 4855 317 4910 que
342 4840 553 4893 hostem
607 4838 828 4893 humani
867 4837 1082 4908 generis
1112 4853 1141 4891 a
1187 4837 1329 4893 fastu
1382 4853 1492 4894 sure
1539 4842 1807 4912 superbire

187 4938 534 5002 .prostraret.
588 4930 828 5001 Denique
874 4930 960 4986 hic
1005 4931 1301 4987 notandum
1350 4941 1434 4988 est
1490 4934 1617 5005 quia
1679 4943 1804 4992 ante

204 5021 712 5093 pnevaricationem
737 5021 995 5089 hominis,
1024 5022 1338 5093 priusquam
1366 5039 1426 5080 se
1463 5027 1625 5080 morti
1651 5042 1802 5081 man-

203 5114 441 5185 riparet,
469 5130 576 5171 non
605 5122 726 5170 erat
755 5113 974 5170 inimico
1005 5124 1266 5186 potestas,
1304 5117 1372 5171 ad
1397 5115 1590 5190 [Petr.,
1619 5134 1679 5175 se
1707 5117 1798 5191 ad]

204 5205 476 5262 interiora
509 5205 746 5262 hominis
789 5204 1072 5271 accedere,
1121 5216 1176 5262 et
1219 5207 1574 5278 cogitationes
1613 5209 1804 5266 adver-

206 5313 300 5352 sas
338 5297 596 5354 inserere.
629 5297 736 5354 Sed
760 5307 1046 5368 postquam
1068 5313 1194 5354 eum
1217 5315 1316 5370 per
1363 5303 1800 5373 serpentemjcir-

209 5391 506 5456 cumvenit,
561 5399 886 5462 potestatem
934 5390 991 5445 in
1041 5405 1164 5447 eum
1215 5393 1425 5464 accepit
1474 5402 1535 5448 ut
1574 5395 1802 5452 interius

208 5481 474 5552 pulsaret.
521 5481 657 5538 Nam
713 5481 870 5552 juxta
931 5483 1326 5552 metaphoram,
1374 5493 1553 5555 potest
1575 5485 1801 5542 callidus

207 5588 436 5647 serpens
465 5576 845 5632 haereticorum
875 5563 1131 5632 astutiam
1153 5575 1460 5648 designare,
1492 5579 1582 5648 qui
1613 5578 1798 5634 illicita

209 5665 529 5724 curiositate
564 5676 777 5725 secreta
807 5669 926 5734 Dei,
963 5685 1085 5744 quae
1122 5683 1154 5724 a
1181 5670 1384 5726 nostris
1408 5671 1656 5728 sensibus
1675 5679 1800 5728 sunt

209 5767 442 5823 remota,
492 5759 762 5828 tangenda
807 5759 1056 5824 suadent,
1105 5767 1360 5830 tanquam
1405 5777 1650 5834 serpens,
1706 5763 1800 5834 qui

211 5846 426 5906 diccbat
455 5865 469 5905 :
498 5851 609 5906 Cur
623 5851 879 5922 przccepit
904 5851 1046 5906 Deus
1066 5851 1350 5908 scientiam
1391 5853 1592 5910 habere
1632 5854 1802 5910 laten-

623 5947 857 6009 Pn'nm
881 5989 894 6007 .
935 5945 1121 6012 CXV.

1914 4646 2128 4700 vcntior
2155 4646 2402 4702 veritatis
2427 4647 2789 4714 abscesserat,
2833 4648 3386 4720 appropinquantibus
3428 4650 3503 4703 vi-

1911 4739 2108 4796 delicet
2149 4739 2386 4796 tenebris
2430 4756 2700 4806 errorum,
2751 4751 2804 4796 et
2856 4743 3214 4812 peccatricem
3264 4745 3504 4800 animum

1902 4829 2016 4901 jam
2039 4831 2208 4902 culpae
2245 4847 2355 4888 sua:
2387 4830 2586 4902 frigore
2629 4835 3094 4905 constringebant,
3125 4843 3181 4890 et
3228 4835 3330 4890 sub
3378 4849 3503 4902 pec-

1911 4924 2017 4978 cati
2038 4925 2250 4990 umbra,
2282 4923 2437 4993 quasi
2460 4924 2559 4979 sub
2605 4923 2808 4994 frigore
2847 4911 2994 4980 aurae
3043 4926 3316 4997 torpebat;
3359 4924 3500 4980 sicut

1909 5014 1976 5070 de
2033 5015 2221 5070 eodem
2288 5022 2546 5086 peccante
2605 5013 2823 5070 homine
2887 5016 3150 5087 scriptum
3220 5024 3303 5072 est
3369 5015 3499 5086 quia

1909 5117 2126 5164 secutus
2169 5117 2254 5164 est
2325 5108 2596 5164 umbram.
2642 5106 2784 5163 Ecce
2841 5109 2929 5164 hic
2988 5110 3291 5166 ostenditur
3350 5108 3492 5178 quod

1905 5201 2077 5257 Adam
2112 5201 2337 5257 meridie
2373 5201 2825 5272 transgressionis
2859 5211 3092 5258 mortem
3134 5202 3261 5256 huic
3290 5201 3493 5256 mundo

1906 5296 2104 5353 intulit.
2177 5293 2653 5351 Unde‘Dominus
2714 5295 2849 5348 liora
2923 5303 3075 5350 sexta
3137 5289 3257 5365 pro
3309 5294 3494 5349 mundi

1905 5390 2019 5445 vita
2043 5387 2339 5445 cruciﬁxus
2364 5395 2469 5452 est,
2495 5387 2597 5442 hoc
2615 5395 2718 5451 est,
2751 5401 3038 5443 recessuro
3075 5401 3105 5440 a
3136 5395 3324 5442 centro
3347 5401 3497 5442 mun-

1909 5483 1960 5538 di
1990 5482 2122 5547 sole,
2155 5481 2371 5552 quando
2393 5489 2446 5536 et
2474 5475 2670 5536 latroni
2696 5479 2773 5534 ait
2798 5495 2813 5533 :
2846 5478 3020 5534 Hodie
3044 5495 3247 5535 mecum
3289 5482 3393 5535 eris
3442 5482 3498 5535 in

1904 5576 2153 5649 paradiso
2185 5575 2316 5648 (Luc
2344 5591 2504 5641 χχιιι,
2526 5573 2638 5646 45).
2663 5572 2912 5629 Rationis
2932 5573 3117 5647 igitur,
3170 5574 3280 5631 imo
3305 5574 3499 5631 divinae

1903 5669 2124 5741 pietatis
2141 5669 2276 5724 ordo
2315 5668 2590 5739 poscebat,
2615 5674 2674 5722 ut
2717 5665 2908 5723 eodem
2965 5667 3224 5738 temporis
3263 5665 3498 5722 articulo

1906 5777 2014 5832 quo
2043 5769 2171 5817 tunc
2198 5759 2328 5816 Adze
2354 5758 2598 5832 peccanti
2627 5757 2952 5826 obcluscrat,
2997 5776 3143 5817 nunc
3167 5759 3360 5816 latroni
3386 5757 3496 5811 Do-

1907 5856 2086 5911 minus
2117 5853 2402 5927 paenitonli
2423 5851 2651 5918 januam
2684 5852 2919 5924 paradisi
2969 5864 3256 5920 reseraret,
3289 5860 3346 5908 ct
3392 5863 3496 5920 qua

3065 5956 3103 6015 ὅ
