4044 6326
542 348 649 413 189

1582 344 1934 405 ANGELOMI
1968 344 2425 404 LUXOVIENSIS
2462 344 2768 404 MONACHI

3696 338 3813 402 ηθ

540 470 676 527 hora
696 465 907 538 primus
951 462 1124 519 Adam
1166 460 1438 532 peccando
1483 459 1610 516 huic
1644 460 1845 515 mundo
1890 466 2118 515 mortem
2143 462 2199 526 Α
2222 459 2367 514 enim
2406 458 2703 514 nuditatem
2732 470 2887 512 suam
2928 470 3034 512 non
3060 456 3395 522 advertebat,
3416 457 3541 527 quia
3567 455 3685 526 ejus
3716 458 3812 513 in—

542 561 841 621 invererat,
874 554 1061 611 eadem
1086 554 1223 609 hora
1241 544 1511 610 secundus
1536 551 1708 607 Adam
1731 558 1959 607 mortem
1996 565 2118 607 mo-

778 648 1103 704 destrueret.
1776 688 1785 697 .

616 724 731 797 seu
752 738 1015 811 queritur
1049 750 1222 808 quare
1265 735 1523 791 Dominus
1570 733 1806 789 hominis
1840 741 2123 804 peccatum

543 813 652 905 per.
687 831 923 901 seipsum
958 827 1181 911 expiare
1228 826 1417 890 voluit,
1446 833 1501 881 et
1540 838 1646 881 non
1699 838 1798 895 per
1842 823 2124 895 angelum?

543 923 691 990 ideo,
705 921 831 993 quia
856 934 963 976 non
985 917 1285 975 suﬁciebat
1303 915 1462 971 unius
1476 914 1653 987 angeli
1673 915 1927 971 meritum
1958 914 2024 969 ad
2038 928 2124 969 re-

545 1012 913 1083 demptionem
940 1008 1105 1064 totius
1127 1005 1348 1061 humani
1369 1004 1604 1075 generis.
1632 1002 1744 1059 Nec
1765 1011 1972 1059 tantum
2002 1018 2121 1059 sce-

543 1104 675 1161 leris
700 1102 1019 1161 incurrisset
1065 1096 1311 1154 diabolus
1336 1096 1392 1151 in
1434 1110 1570 1152 nece
1617 1095 1824 1168 angeli,
1861 1103 2123 1167 quantum

545 1197 776 1253 incurrit
797 1196 853 1251 in
871 1207 1005 1250 nene
1022 1189 1316 1247 Creatoris.
1339 1188 1621 1244 Abssoudit
1638 1205 1693 1244 se
1712 1189 1903 1253 Adam,
1927 1198 1975 1244 et
1989 1205 2127 1245 uxor

544 1290 663 1359 ejus
683 1290 739 1344 iu
760 1286 931 1342 medio
967 1285 1097 1355 ligni
1124 1281 1380 1354 paradisi.
1404 1279 1567 1337 Juxta
1605 1280 1864 1345 litteram,
1907 1295 2021 1351 prae
2043 1282 2127 1336 ni-

462 1364 465 1365 ί
544 1381 657 1436 min
698 1380 901 1450 pudore
928 1377 1013 1434 vel
1060 1379 1257 1433 timore
1283 1368 1395 1432 hoc'
1432 1374 1698 1430 fecerunt.
1723 1373 1830 1431 Sed
1878 1373 2008 1444 quid
2039 1382 2126 1431 est

542 1474 685 1546 quod
712 1481 827 1543 post
864 1470 1154 1534 meridiari,
1186 1468 1294 1524 nisi
1339 1468 1467 1539 quia
1513 1475 1638 1538 post
1668 1466 1842 1547 lucem
1890 1465 2126 1536 paradisi

545 1578 610 1620 ac
655 1562 934 1618 felicitatis
980 1561 1035 1616 in
1077 1559 1241 1630 huius
1268 1557 1452 1616 saeculi
1487 1557 1785 1644 caliginosa
1819 1556 2039 1612 miseria
2066 1570 2128 1612 se

544 1655 976 1712 absconderant?
1003 1651 1485 1726 [Z.,paradisiaca3
1507 1649 1786 1706 felicitatis
1811 1647 1973 1719 huius
1998 1660 2123 1702 smc.

543 1761 603 1802 se
633 1743 810 1817 absc.]
837 1742 1169 1814 Spiritaliter
1193 1757 1322 1797 vero
1349 1742 1404 1796 iu
1427 1739 1600 1795 medio
1642 1738 1773 1810 ligni
1810 1735 2048 1809 paradisi
2068 1748 2128 1791 se

2223 550 2394 605 tentio
2415 549 2469 604 in
2489 550 2741 620 supernis
2757 556 2899 604 erat.
2926 546 3060 604 Nam
3086 547 3230 620 quod
3249 562 3309 604 se
3335 562 3367 602 a
3388 546 3486 602 Dei
3508 544 3815 619 presentia

2224 644 2477 701 abscondi
2512 658 2689 715 .posse
2732 645 2993 714 putabat,
3054 643 3103 697 ei
3162 642 3230 698 de
3289 624 3591 713 insipientia
3632 656 3813 712 pana

2223 737 2431 808 peccati
2472 736 2688 800 accidit,
2711 748 2837 790 eum
2866 735 3035 791 latere
3068 734 3207 791 velle
3243 749 3405 805 quem
3452 721 3619 791 latere
3661 735 3815 790 nihil

2224 834 2420 896 potest.

2294 918 2458 975 Vsus.
2492 919 2580 973 Η.
2610 948 2681 961 --
2709 918 2808 973 Cui
2828 919 2973 973 dicit
3000 917 3145 973 Dm
3178 931 3197 969 :
3231 915 3365 983 Quis
3389 918 3529 973 εκὶπι
3552 917 3817 973 iudicauit

2224 1010 2315 1065 tibi
2336 1010 2477 1081 quod
2506 1009 2680 1065 nudus
2704 1009 2882 1065 esses?
2910 1017 3018 1065 etc.
3049 1008 3175 1065 Ideo
3217 1008 3298 1065 sic
3333 1018 3611 1080 peceatum
3651 1008 3821 1065 illius

2225 1101 2541 1156 examinare
2575 1100 2785 1165 voluit,
2830 1109 2891 1155 ut
2937 1099 3153 1170 culpam
3204 1113 3356 1155 suam
3400 1099 3726 1169 respiceret,
3758 1108 3823 1155 et

2226 1190 2535 1248 confitendo
2558 1202 2908 1263 cognosceret
2948 1206 3110 1262 quam
3138 1191 3298 1262 longe
3321 1206 3353 1246 a
3382 1188 3695 1247 Conditoris
3722 1192 3829 1247 sui

2225 1280 2365 1338 facie
2416 1283 2651 1339 abesset.
2710 1280 2818 1338 Sed
2854 1282 3113 1339 adhibere
3152 1282 3373 1339 sibimet
3420 1281 3634 1352 utrique
3674 1279 3818 1355 [Z.,

2226 1373 2435 1448 utique]
2462 1372 2792 1431 defensionis
2819 1374 3072 1430 solatium
3103 1390 3264 1446 quam
3300 1373 3659 1433 couieasionis
3690 1374 3824 1433 ele-

2227 1472 2440 1536 gerunt.
2472 1464 2627 1521 Unde
2653 1472 2711 1521 et
2736 1465 2980 1535 sequitur
3008 1482 3020 1516 :

2299 1554 2463 1614 Vsus.
2492 1557 2653 1613 12.—
2667 1556 2912 1629 Dixitque
2939 1557 3111 1613 Adam
3139 1575 3159 1613 :
3191 1557 3389 1617 Mer
3412 1576 3569 1631 quam
3613 1561 3824 1617 delati

2227 1648 2450 1714 sociam,
2496 1647 2638 1703 dedit
2675 1648 2803 1705 mihi
2853 1648 2917 1703 de
2949 1647 3123 1719 ιόθιιο,
3154 1659 3203 1705 et
3251 1651 3472 1709 comedi.
3522 1651 3662 1719 Heu,
3712 1652 3824 1709 ubi

2229 1745 2511 1809 peccatum
2535 1737 2698 1794 finem
2722 1738 2930 1797 habere
2957 1738 3179 1805 debuit,
3208 1736 3282 1797 ibi
3311 1749 3659 1812 augmentum
3690 1757 3826 1799 cm—

544 1835 848 1902 abscondit,
880 1835 974 1906 qui
1016 1849 1291 1891 aversata
1319 1833 1605 1904 prmoeptis
1632 1829 1909 1888 Creatoris
1938 1828 1995 1885 in
2034 1842 2126 1883 er-
2153 1832 2206 1896 Β
2230 1830 2337 1903 pit!
2369 1829 2486 1886 Non
2523 1830 2668 1886 enim
2714 1830 2926 1901 culpam
2962 1831 3029 1887 ad
3073 1846 3133 1888 se
3182 1832 3387 1898 retulit,
3430 1834 3526 1889 sed
3571 1834 3825 1904 quodam

547 1929 687 1986 roris
706 1929 789 1985 sui
810 1936 975 1998 atque
999 1926 1209 1984 arbitrii
1236 1926 1602 1999 voluptatibus
1621 1924 1776 1981 vivit.

617 2020 781 2077 Vsus.
823 2019 879 2076 9.
905 2049 976 2061 —-
1032 2016 1339 2091 Vocaaitqu
1372 2018 1643 2073 Dominus
1671 2016 1817 2073 Deus
1855 2015 2046 2081 Adam,
2076 2024 2128 2070 et

752 2128 774 2167 :
789 2106 961 2167 Ubios
974 2110 1001 2166 7
1022 2119 1081 2167 et
1098 2092 1325 2182 reliqua.
1342 2109 1723 2180 Nunquidnam
1740 2108 1922 2165 divina
1938 2114 2129 2178 poten-

548 2205 622 2261 tia
642 2205 921 2263 nesciebat
933 2212 1056 2276 post
1072 2204 1286 2276 culpam
1302 2218 1494 2261 servus
1508 2204 1577 2259 ad
1599 2217 1721 2273 qum
1742 2199 1963 2258 latibula
1978 2199 2130 2272 fuge-

549 2297 668 2355 rat?
705 2295 958 2366 Sedquia
993 2297 1128 2354 vidit
1152 2296 1207 2353 in
1230 2296 1445 2368 culpam
1473 2296 1683 2368 lapsum
1707 2294 1821 2364 iam
1850 2292 1952 2350 sub
1996 2306 2126 2364 pec-

548 2402 702 2460 cato,
732 2391 880 2449 velut
921 2393 993 2450 ab
1037 2391 1208 2450 oculis
1258 2391 1502 2448 veritatis
1547 2389 1954 2454 absconditum;
2002 2386 2129 2456 quia

549 2486 803 2543 tenebras
838 2484 1042 2542 erroris
1089 2484 1209 2556 ejus
1254 2497 1361 2540 non
1412 2482 1708 2553 approbat,
1736 2479 1893 2552 quasi
1935 2477 2026 2534 ubi
2060 2477 2131 2533 sit

548 2586 823 2650 peccator,
873 2577 1106 2650 ignorat.
1149 2576 1391 2645 Eumque
1441 2582 1498 2631 et
1551 2581 1709 2630 vocat
1775 2579 1833 2627 et
1878 2568 2129 2640 requirit,

549 2669 737 2725 dicens
766 2685 779 2723 :
808 2667 1001 2734 Adam,
1032 2667 1122 2722 ubi
1149 2684 1204 2723 es
1220 2667 1246 2721 1’
1267 2664 1374 2723 Per
1394 2665 1498 2722 hoc
1524 2664 1670 2735 quod
1697 2670 1876 2728 vocat,
1918 2661 2130 2732 signum

546 2758 644 2817 dat
663 2760 809 2837 quod
831 2759 898 2815 ad
922 2759 1299 2830 pmaitentiam
1321 2766 1559 2814 revocat.
1582 2756 1688 2812 Per
1709 2756 1811 2811 hoc
1838 2768 1966 2811 vero
1988 2751 2131 2822 quod

549 2849 801 2921 requirit,
830 2856 1018 2921 aperte
1043 2848 1286 2909 insinuat
1312 2848 1439 2921 quia
1468 2856 1784 2919 peccatores
1823 2845 1948 2917 jure
1976 2845 2121 2899 dam.

422 2956 427 2961 '
547 2943 760 3003 nandos
792 2958 901 2999 non
946 2942 1178 3013 ignorat.
1229 2941 1441 3001 Etideo
1488 2941 1640 2997 illum
1683 2937 2011 3010 increpando
2038 2936 2133 2991 ad-

554 3050 775 3091 monere
809 3035 998 3100 voluit,
1026 3044 1087 3091 ut
1108 3036 1415 3091 attenderet
1444 3034 1536 3090 ubi
1558 3041 1705 3091 esset
1723 3041 1778 3087 et
1808 3032 1949 3087 unde
1985 3030 2130 3087 ceci-

2229 1923 2394 1981 modo
2437 1922 2507 1979 ad
2558 1922 2881 1988 mulierem,
2935 1938 3099 1993 quam
3151 1922 3413 1981 Dominus
3453 1924 3707 1991 dederat,
3762 1936 3828 1981 et

2230 2024 2441 2075 reatum
2469 2030 2627 2073 suum
2665 2014 2882 2086 oblique
2909 2015 2964 2073 in
3008 2014 3300 2075 Auctorem
3330 2017 3541 2091 redegit
3567 2016 3680 2092 [Z.,
3728 2036 3831 2076 re-

2229 2106 2392 2181 diit],
2439 2108 2533 2178 qui
2560 2107 2610 2165 ei
2635 2107 2794 2165 talem
2848 2108 3051 2167 sociam
3099 2108 3344 2176 dederat,
3392 2109 3539 2167 unde
3592 2111 3827 2168 occasio

2229 2200 2438 2271 peccati
2483 2207 2649 2257 esset.
2692 2198 2845 2259 Unde
2889 2215 3036 2256 nunc
3080 2215 3296 2272 quoque
3340 2201 3562 2258 humani
3600 2204 3830 2274 generis

2230 2293 2368 2349 rami
2394 2307 2461 2349 ex
2506 2292 2609 2351 hac
2647 2291 2823 2349 adhuc
2865 2292 3045 2349 radice
3089 2293 3505 2351 amaritudinem
3546 2297 3827 2362 habent,

2229 2392 2288 2441 et
2312 2399 2434 2440 cum
2462 2384 2531 2443 de
2556 2383 2690 2439 vitio
2741 2399 2841 2440 suo
2870 2385 3124 2455 [quisque
3169 2385 3450 2457 arguitur,
3480 2386 3584 2443 sub
3628 2385 3829 2443 defea-

2232 2478 2446 2533 sionum
2476 2477 2691 2542 umbra,
2721 2476 2877 2547 quasi
2898 2472 2999 2533 sub
3028 2477 3272 2547 quaedam
3308 2494 3369 2534 se
3393 2477 3652 2537 arborum
3687 2476 3831 2534 folia

2233 2569 2535 2626 abscondit.
2565 2569 2625 2625 In
2659 2585 2764 2641 qua
2796 2569 3047 2627 videlicet
3092 2570 3455 2629 occultatione
3490 2587 3599 2627 non
3626 2586 3687 2627 se
3716 2570 3831 2625 Do-

2232 2661 2402 2728 mino,
2436 2661 2529 2717 sed
2558 2660 2842 2717 Dominum
2872 2661 3154 2721 abscondit
3193 2661 3315 2721 sibi.

2324 2750 2485 2808 Vsus.
2525 2751 2613 2807 15.
2656 2781 2725 2791 -—
2758 2749 2827 2804 Et
2880 2752 3013 2807 dixit
3056 2751 3325 2809 'Dominus
3371 2754 3442 2813 ad
3494 2753 3765 2811 mulierem
3805 2768 3827 2806 :

2236 2843 2412 2912 Quare
2440 2845 2538 2898 hoc
2559 2843 2765 2914 fecisti?
2801 2841 2930 2911 ρυω
2970 2843 3285 2914 respondeas
3321 2844 3437 2900 ait:
3459 2842 3682 2914 Serpens
3727 2844 3829 2900 de-

2235 2934 2366 3005 cepit
2416 2950 2515 2989 me.
2572 2932 2834 2989 Similiter
2884 2942 2938 2989 et
2984 2933 3179 2990 mulier
3225 2935 3439 3007 culpam
3489 2937 3711 3009 oblique
3750 2938 3831 2994 ad

2234 3026 2549 3081 Creatorem
2577 3034 2892 3096 retorquere
2938 3026 3129 3093 voluit,
3161 3041 3226 3083 eo
3273 3029 3417 3099 quod
3458 3027 3567 3084 illic
3611 3028 3829 3085 intrare

551 3128 738 3191 disset.
760 3129 852 3187 Ait
878 3128 1062 3185 enim:
1097 3125 1200 3183 Ubi
1222 3128 1315 3184 es?
1343 3141 1407 3183 ac
1424 3127 1473 3183 si
1503 3134 1690 3198 aperte
1717 3126 1921 3181 diceret
1950 3143 1962 3178 :
2000 3123 2134 3179 Vide
2237 3126 2543 3198 serpentem
2588 3101 2942 3187 permisisset.
2974 3116 3147 3173 Ecce!
3192 3116 3297 3188 Qui
3341 3134 3438 3179 ore
3468 3119 3667 3178 diaboli
3714 3119 3827 3176 fal-

549 3236 583 3275 a
603 3229 805 3291 quanta
832 3220 1094 3292 dignitate
1136 3219 1205 3273 ad
1234 3216 1378 3289 quod
1408 3196 1611 3273 malum
1632 3216 1922 3273 corruisti?
1955 3216 2132 3271 Incre-
2159 3197 2206 3261 C
2236 3211 2396 3267 lentis
2443 3196 2728 3268 audierant
2772 3229 2785 3264 :
2820 3209 2992 3266 Erilis
3017 3212 3152 3267 sicut
3178 3212 3275 3283 dii,
3325 3221 3605 3284 peccatum
3657 3229 3829 3270 excu-

550 3311 702 3382 pavit
734 3325 865 3383 ergo
902 3310 1076 3371 Adam
1124 3310 1386 3369 Dominus
1413 3308 1784 3374 deambulans,
1830 3316 1892 3364 ut
1928 3308 2132 3363 dictum

552 3407 653 3466 est,
686 3408 745 3461 ut
771 3399 930 3459 orceis
951 3397 1224 3457 mentibus
1260 3399 1558 3470 nequitiam
1602 3413 1755 3455 suam
1796 3413 1903 3455 non
1936 3397 2134 3455 clausis

556 3492 925 3563 sermonibus,
947 3493 1041 3549 sed
1054 3492 1218 3548 etiam
1248 3491 1412 3551 rebus
1438 3491 1696 3563 aperiret,
1725 3499 1992 3561 quatenus
2008 3504 2133 3560 pec-

554 3593 710 3641 cator
734 3585 897 3647 homo
929 3584 1112 3640 verbis
1140 3581 1338 3639 malum
1364 3581 1509 3653 quod
1535 3590 1775 3653 gesserat
1806 3580 2047 3646 audiret;
2080 3588 2135 3635 et

554 3690 652 3747 per
677 3675 1098 3735 ambulationem
1131 3674 1334 3730 amisso
1355 3674 1679 3730 aeternitatis
1706 3682 1871 3737 statu,
1895 3673 2132 3728 mutabi-

552 3765 726 3822 litatis
778 3782 891 3823 suae
935 3766 1355 3825 inconstantiam
1402 3774 1677 3831 cerneret,
1720 3774 1776 3820 et
1817 3779 1917 3835 per
1945 3778 2132 3818 auram

553 3856 770 3913 fervore
810 3857 1092 3917 charitatis
1114 3855 1361 3928 expulso,
1380 3862 1675 3927 .torporem
1713 3870 1871 3911 suum
1894 3853 2135 3909 animad-

554 3955 809 4023 verteret,
851 3956 908 4004 et
936 3960 1038 4018 per
1078 3945 1491 4003 declinationem
1522 3945 1674 4011 solis,
1702 3943 1849 4015 quod
1890 3943 1960 3999 ad
1985 3950 2135 3998 tene-

556 4037 685 4095 bras
713 4039 1195 4113 appropinquaret,
1225 4047 1564 4110 agnosceret.
1596 4036 1702 4093 Sed
1728 4036 2023 4093 notandum
2052 4042 2137 4091 est

555 4131 683 4202 quia
710 4131 760 4189 si
787 4128 902 4205 [Z.,
944 4147 1047 4187 om.
1080 4130 1150 4205 si]
1178 4130 1329 4202 prius
1357 4146 1480 4186 cum
1516 4129 1623 4187 illis
1659 4128 2001 4199 loquebatur,
2028 4125 2136 4182 for-

558 4222 721 4279 tassis
743 4221 887 4279 sicut
910 4222 1139 4297 angelis,
1178 4237 1323 4277 nunc
1337 4221 1450 4291 jam
1473 4236 1569 4292 per
1595 4217 1892 4287 subiectam
1919 4228 2133 4275 creatu-

558 4328 675 4368 ram
694 4314 1011 4385 apparuisse
1031 4315 1113 4370 eis
1132 4314 1458 4370 credendum
1477 4322 1576 4368 est.
1594 4311 1780 4382 Neque
1799 4312 1943 4373 enim
1962 4311 2136 4365 Adam

557 4413 681 4474 post
715 4405 931 4479 culpam
964 4406 1134 4461 Deum
1173 4407 1229 4461 in
1276 4406 1576 4463 substantia
1624 4405 1921 4460 divinitatis
1955 4405 2138 4460 videre

556 4495 750 4564 potuit,
782 4497 878 4555 sed
906 4496 1290 4568 increpationis
1318 4496 1481 4552 verba
1506 4511 1604 4567 per
1633 4496 1881 4569 angelum
1910 4492 2132 4551 audivit.

557 4585 669 4643 Sed
688 4588 966 4645 sciendum
990 4597 1073 4645 est
1099 4589 1225 4659 quia
1252 4589 1473 4653 vocavit,
1497 4588 1593 4644 sed
1618 4603 1724 4643 non
1752 4587 1933 4644 statim
1954 4585 2132 4657 ejecit.

557 4677 656 4735 llic
696 4680 880 4751 itaque
918 4681 1217 4755 figuraliter
1258 4682 1560 4737 ostenditur
1601 4683 1728 4752 quia
1756 4682 2064 4752 quicunque
2104 4696 2137 4735 a

559 4765 664 4824 ﬁde
683 4768 768 4825 vel
792 4768 947 4825 bonis
978 4770 1230 4841 operibus
1254 4770 1320 4825 ad
1350 4770 1627 4826 mendacia
1668 4786 1762 4827 sua
1786 4780 1840 4824 et
1871 4769 2137 4825 desideria

456 4902 467 4917 .
557 4861 777 4929 labitur,
806 4877 916 4918 non
942 4863 1101 4919 debet
1125 4863 1441 4935 desperare,
1475 4864 1603 4919 licet
1632 4865 1996 4920 immensitate
2031 4863 2138 4919 cri-

558 4954 766 5013 minum
794 4955 867 5010 sit
892 4967 1199 5027 oppressus.
1226 4956 1344 5027 Non
1367 4957 1596 5028 despicit
1635 4956 1776 5012 Deus
1797 4965 2131 5027 peccatores,

558 5043 655 5100 sed
680 5044 859 5102 adhuc
884 5052 946 5101 ut
988 5046 1213 5101 redeant
1255 5062 1352 5117 per
1397 5046 1802 5116 paenitentiam,
1832 5054 2017 5112 vocat,
2045 5046 2137 5116 qui

560 5138 787 5194 nouauit
811 5150 1026 5197 mortem
1047 5143 1356 5211 peccatoris,
1372 5142 1462 5197 sed
1494 5154 1549 5197 ut
1577 5154 1905 5198 convertatur
1922 5155 1969 5198 et
2002 5143 2140 5199 vivat
2180 5144 2191 5153 ’

561 5230 781 5302 (Ezech.
819 5249 934 5299 xu,
976 5234 1090 5306 25).
1132 5233 1198 5288 Et
1241 5235 1361 5290 ideo
1408 5252 1516 5291 non
1557 5236 1966 5305 desperandum,
2011 5240 2137 5293 dum

562 5324 664 5392 ipsi
698 5320 813 5397 [Z.,
839 5325 1249 5397 desperandum.
1278 5327 1407 5399 Ipsi,
1435 5325 1569 5400 etc.]
1594 5326 1763 5398 impii,
1790 5328 1879 5399 qui
1909 5337 2138 5391 mortem

564 5413 883 5482 intulerunt,
910 5417 976 5471 ad
1003 5431 1155 5486 spem
1182 5415 1529 5488 indulgentiae
1551 5425 1933 5489 provocamur.

632 5503 797 5562 Vsus.
828 5506 915 5562 10.
939 5539 1006 5548 -
1034 5507 1137 5574 Qui
1165 5507 1281 5562 ait:
1321 5505 1509 5563 Vocem
1545 5518 1693 5563 tuam
1733 5509 1911 5564 audivi
1960 5511 2011 5564 in
2040 5528 2137 5581 pa-

566 5597 763 5663 radiso,
793 5608 841 5653 et
871 5599 1045 5663 timui,
1076 5614 1136 5653 eo
1176 5598 1315 5669 quod
1364 5599 1536 5655 nudus
1576 5616 1774 5666 essent,
1809 5610 1857 5654 et
1893 5601 2141 5656 abscondi

568 5705 664 5741 me.
719 5688 1020 5746 Miserrime
1046 5705 1243 5760 genere
1284 5692 1578 5764 respondit,
1607 5693 1761 5763 quasi
1814 5692 1936 5748 ideo
1972 5692 2142 5763 possit

571 5780 849 5851 displicere
876 5780 1068 5848 nudus,
1114 5782 1253 5838 sicut
1279 5798 1404 5839 cum
1434 5781 1657 5839 fecerat.
1690 5784 1826 5839 Aun-
1854 5792 2137 5855 peccatum

1950 5900 2057 5921 νΆ⁸⁴

2237 3314 2386 3369 sant;
2415 3311 2469 3359 et
2496 3302 2714 3373 quando
2757 3301 2868 3358 Deo
2913 3302 3119 3359 similes
3144 3318 3264 3361 esse
3310 3303 3364 3359 in
3412 3304 3698 3363 divinitate
3726 3321 3831 3359 ne-

2236 3398 2547 3470 quiverunt,
2575 3396 2643 3451 ad
2663 3396 2867 3451 erroris
2901 3396 2985 3452 sui
3010 3396 3311 3465 cumulum,
3334 3396 3505 3471 Deum
3538 3398 3643 3454 sibi
3671 3399 3829 3455 simi-

2237 3487 2342 3543 lem
2388 3485 2569 3543 facere
2614 3485 2672 3541 in
2716 3485 2875 3557 culpa
2901 3488 3087 3547 conati
3111 3498 3255 3545 sunt.
3307 3487 3399 3545 Sic
3429 3504 3595 3563 ergo,
3626 3500 3688 3546 ut
3708 3491 3829 3562 jam

2237 3580 2485 3651 superius
2531 3579 2961 3650 descripsimus,
3011 3580 3141 3637 dum
3202 3580 3493 3637 defendere
3536 3592 3826 3654 peccatum

2236 3687 2392 3728 suum
2425 3670 2741 3739 moliuntur,
2770 3673 2853 3727 vir
2881 3688 2977 3744 per
3018 3672 3319 3738 mulierem,
3349 3674 3546 3730 mulier
3582 3691 3683 3746 per
3710 3690 3829 3731 ser-

2235 3770 2475 3835 pentem,
2507 3762 2779 3830 auferunt,
2810 3765 2953 3835 quod
2999 3765 3323 3823 humilitatis
3351 3764 3694 3823 confessione
3727 3767 3827 3823 de-

2235 3853 2348 3909 lere
2384 3862 2653 3925 poterant.
2690 3853 2843 3913 Unde
2873 3870 3013 3910 nunc
3040 3868 3212 3925 usque
3242 3854 3298 3911 in
3348 3857 3827 3927 usu‘peccantium

2238 3949 2438 4021 agitur,
2469 3959 2529 4006 ut
2555 3951 2712 4022 culpa
2742 3965 2862 4007 cum
2894 3950 3159 4021 arguitur,
3212 3948 3556 4017 defendatur,
3577 3957 3638 4009 et
3682 3949 3830 4004 unde

2237 4040 2381 4097 ﬁniri
2418 4042 2624 4107 debuit,
2660 4050 2843 4097 reatus
2868 4041 2992 4099 inde
3018 4040 3325 4097 cumuletur
3352 4037 3445 4114 [Ζ.
3471 4081 3488 4109 ,
3534 4048 3826 4113 peccatum

2238 4133 2491 4199 trahitur,
2524 4143 2581 4189 ut
2610 4132 2788 4204 culpa,
2816 4132 2943 4189 dum
2970 4132 3167 4206 agitur,
3196 4131 3537 4199 defendatur,
3579 4140 3637 4187 et
3683 4132 3830 4187 unde

2238 4224 2382 4280 ﬁniri
2410 4225 2618 4292 debuit,
2646 4233 2831 4281 reatus
2861 4224 2986 4280 inde
3005 4223 3358 4298 cumuletur].
3380 4210 3506 4279 Hic'
3525 4225 3827 4280 notandum

2238 4326 2319 4375 est
2350 4318 2493 4389 quod
2527 4333 2689 4374 omne
2709 4327 2990 4389 peccatum
3018 4326 3253 4388 quatuor
3274 4317 3450 4373 modis
3477 4325 3832 4388 perpetratur

2240 4409 2293 4465 in
2309 4410 2490 4476 corde,
2504 4420 2738 4481 quatuor
2751 4411 2917 4467 etiam
2943 4412 3117 4468 modis
3137 4418 3549 4468 consummatur
3562 4410 3616 4466 in
3631 4425 3824 4481 opere.

2238 4500 2295 4557 ln
2319 4501 2479 4558 corde
2499 4517 2731 4573 namque
2748 4504 3114 4575 suggestione,
3129 4503 3507 4570 delectatione,
3526 4517 3827 4567 consensu.

2241 4603 2297 4648 et
2323 4590 2653 4649 defensionis
2682 4592 2907 4649 audacia
2933 4601 3300 4665 perpetretur,
3321 4593 3461 4648 sicut
3486 4592 3575 4648 hic
3594 4593 3827 4650 demon-

2240 4691 2461 4740 stratur.
2495 4682 2583 4739 Fit
2618 4683 2765 4739 enim
2808 4684 3079 4756 suggestio
3122 4697 3221 4757 per
3272 4684 3641 4741 adversarium
3670 4725 3687 4751 ,
3737 4687 3831 4741 de-

2239 4773 2457 4829 lectatio
2500 4789 2600 4844 per
2648 4788 2891 4840 carnem,
2945 4791 3243 4832 consensus
3284 4792 3400 4858 per.
3425 4775 3701 4847 spiritum,
3732 4778 3829 4831 de-

2238 4862 2500 4921 fensionis
2530 4865 2755 4922 audacia
2804 4882 2903 4938 per
2949 4866 3257 4924 elationem.
3301 4867 3467 4940 Culpa
3512 4870 3678 4935 enim,
3704 4886 3831 4941 quae

2238 4967 2446 5012 terrere
2487 4965 2725 5013 mentem
2760 4958 2965 5025 debuit,
2997 4958 3242 5025 extollit,
3282 4971 3338 5016 et
3372 4958 3674 5032 dejiciendo
3706 4960 3826 5016 ele-

2241 5057 2350 5112 vat,
2382 5050 2478 5104 sed
2516 5049 2735 5123 gravius
2783 5048 3041 5106 elevando
3097 5050 3423 5123 supplantat.
3464 5050 3615 5108 Unde
3661 5063 3718 5107 et
3754 5052 3827 5106 il-

2240 5141 2346 5196 lam
2381 5140 2544 5213 primi
2588 5142 2826 5199 hominis
2866 5133 3242 5201 rectitudinem
3269 5145 3515 5201 diabolus
3550 5144 3636 5201 his
3683 5160 3826 5219 qua-

2243 5241 2364 5288 tuor
2408 5232 2607 5291 ictibus
2644 5232 2824 5306 fregit.
2868 5232 3002 5289 Nam
3052 5251 3275 5307 serpens
3329 5238 3519 5305 suasit,
3571 5236 3681 5295 Eva
3730 5239 3828 5295 de-

2242 5326 2435 5383 lectata
2467 5338 2570 5395 est,
2616 5328 2787 5384 Adam
2838 5330 3134 5398 consensit,
3178 5330 3267 5403 qui
3310 5332 3474 5387 etiam
3526 5331 3826 5403 requisitas

2242 5418 2490 5475 conﬁteri
2538 5420 2751 5493 culpam
2798 5436 2894 5492 per
2932 5422 3213 5479 audaciam
3258 5422 3447 5479 noluit.
3494 5420 3608 5481 Hoc
3631 5438 3822 5480 verum

2242 5511 2295 5566 in
2328 5512 2565 5569 humano
2592 5528 2792 5586 genere
2838 5514 3077 5585 quotidie
3125 5515 3322 5585 agitur,
3360 5516 3504 5588 quod
3537 5524 3719 5571 actum
3764 5515 3823 5570 in

2240 5604 2414 5674 primo
2452 5615 2674 5676 parente
2712 5621 2820 5661 non
2850 5606 3149 5681 ignoratur.
3181 5607 3417 5679 Serpens
3453 5608 3664 5673 suadet,
3694 5607 3824 5681 quia

2243 5693 2486 5750 occultus
2538 5696 2708 5752 hostis
2751 5695 2915 5779 malai
2943 5696 3197 5753 cordibus
3253 5698 3535 5754 hominum
3591 5697 3825 5779 latenter

2245 5789 2498 5859 suggerit.
2544 5788 2651 5842 Eva
2678 5778 2944 5846 delectata
2970 5799 3076 5858 est,
3104 5790 3231 5863 quia
3269 5790 3503 5851 carnalis
3536 5805 3728 5849 sensus
3742 5778 3825 5851 ad
