4044 6326
187 365 296 420 141

1519 363 1870 422 COMMENT.
1905 343 2152 422 JN‘GEN.

3371 369 3470 426 “‘2

183 475 364 533 vei-tia
387 477 654 546 serpentis
686 492 808 532 mox
849 477 1192 532 delectationi
1239 477 1553 532 substernit.
1607 479 1774 532 Adam
1807 483 1860 542 Α
1881 489 1926 532 et
1957 491 2012 534 tu
2035 479 2362 534 insidiaberis
2385 481 2630 536 calcaneo
2671 483 2804 552 ejus.
2831 482 3006 554 Caput
3031 483 3214 554 itaque
3241 499 3460 556 serpen-
3505 505 3516 514 ·

181 581 326 622 vero
353 582 633 622 assensum
665 567 912 637 praebuit,
955 568 1082 638 quia
1128 569 1252 622 dum
1284 583 1412 624 caro
1455 569 1510 622 in
1549 568 1778 624 delecta-

181 659 400 716 tionem
461 661 690 730 rapitur,
741 647 994 716 etiam'a
1047 677 1144 715 sua
1177 661 1500 716 rectitudine
1561 663 1780 732 spiritus

185 753 506 810 inﬁrmatus
533 753 846 808 inclinatur.
877 751 946 806 Et
975 754 1268 824 requisitas
1313 753 1482 808 Adam
1536 753 1778 808 conﬁteri

179 847 410 918 culpam
439 845 628 912 noluit,
661 845 786 916 quia
814 845 1064 900 videlicet
1085 845 1306 916 spiritus
1329 861 1436 916 quo
1457 847 1728 916 peccando
1749 861 1778 900 a

177 940 422 996 veritate
443 939 790 1010 disjungitur,
809 953 874 993 eo
899 937 954 992 in
977 937 1144 991 ruinae
1166 953 1276 992 suae
1297 937 1520 992 audacia
1553 935 1780 1006 nequius

177 1035 512 1090 obduratur.
561 1031 756 1088 Iisdem
807 1029 970 1086 etiam
1021 1040 1251 1100 quatuor
1281 1029 1456 1084 modis
1497 1037 1776 1100 peccatum

177 1133 606 1180 consummatur
627 1123 682 1177 in
713 1135 914 1192 opere:
937 1121 1090 1191 prius
1109 1121 1254 1176 enim
1281 1119 1454 1184 latens
1480 1119 1636 1190 culpa
1661 1119 1774 1190 agi-

179 1225 302 1284 tur;
347 1217 690 1288 postmodum
729 1232 860 1271 vero
909 1215 1245 1294 etiam_ante
1283 1215 1468 1272 oculos
1499 1215 1776 1272 hominum

177 1309 306 1364 sine
349 1309 669 1364 confusione
709 1317 891 1364 reatus
920 1309 1160 1380 aperitur
1189 1327 1200 1364 :
1235 1309 1432 1364 dehinc
1469 1317 1522 1364 et
1547 1309 1612 1388 _in
1643 1324 1774 1368 con-

175 1403 530 1458 suetudinem
561 1401 904 1467 ducitur;,ad
928 1411 1230 1457 extremum
1273 1417 1488 1472 quoque
1509 1383 1598 1455 γει.
1629 1400 1774 1458 falsae

173 1493 298 1562 spei
341 1493 749 1548 seductionibus
771 1477 856 1546 vel
876 1493 1240 1548 obstinatione
1275 1491 1488 1548 miserae
1523 1492 1774 1562 despera-

173 1583 352 1640 tionis
383 1583 674 1640 enutritur.
707 1583 818 1638 llos
853 1585 1034 1656 itaque
1081 1584 1286 1656 peccati
1331 1585 1540 1650 modos,
1573 1585 1664 1654 qui
1689 1584 1772 1640 vel

173 1677 230 1732 in
265 1679 434 1732 corde
461 1677 692 1732 latenter
713 1677 868 1744 ﬁunt,
908 1677 989 1730 vel
1031 1685 1280 1746 patenter
1319 1678 1372 1732 in
1399 1693 1560 1748 opere
1587 1693 1772 1748 perpe-

171 1777 422 1836 trantur,
451 1769 542 1824 hic
569 1771 724 1824 nobis
753 1765 978 1825 liiStoria
1009 1771 1168 1840 primi
1199 1769 1434 1827 hominis
1463 1767 1772 1828 manifestat

171 1859 246 1932 [Ζ
255 1901 294 1924 .,
323 1861 748 1934 manifestatur].

247 1951 424 2008 Vens.
479 1953 566 2010 14.
599 1985 668 1996 -
717 1951 820 2020 Qui
862 1955 994 2008 dixit
1027 1955 1096 2008 ad
1143 1965 1478 2024 serpentem:
1523 1953 1660 2022 Quia
1699 1955 1774 2026 fe-

169 2045 296 2098 cisti
327 2045 448 2110 hoc,
493 2045 801 2100 maledictus
852 2047 954 2100 eris
995 2047 1132 2100 inter
1177 2049 1352 2102 omnia
1395 2047 1688 2102 animantia
1725 2057 1772 2103 et

169 2135 374 2190 bestias
401 2145 576 2190 teme.
612 2135 784 2206 Super
821 2147 998 2208 pectus
1029 2145 1176 2192 tuum
1206 2149 1252 2192 et
1285 2147 1510 2194 ventrem
1561 2127 1773 2210 'gradie-

169 2229 271 2282 ris.
333 2225 576 2282 Ventrem
633 2229 976 2300 septuaginta
1031 2227 1354 2284 addiderunt
1421 2229 1769 2302 lnterpretes.

169 2319 450 2374 Caeterum
501 2321 554 2374 in
601 2321 828 2376 Hebrzeo
863 2333 1042 2392 pectus
1073 2329 1280 2376 tantum
1319 2323 1568 2378 habetur.
1600 2325 1767 2380 Eccel

171 2415 420 2488 Serpens
464 2433 574 2472 non
603 2427 686 2472 est
717 2417 1116 2490 interrogatus;
1151 2417 1276 2488 quia
1325 2417 1466 2474 forte
1513 2434 1620 2476 non
1671 2421 1774 2476 hoc

171 2523 280 2562 sua
321 2517 538 2572 natura,
569 2507 656 2562 vel
685 2508 960 2562 voluntate
1010 2507 1236 2575 fecerat,
1269 2507 1362 2566 sed
1411 2509 1656 2566 diabolus
1708 2511 1774 2568 de

169 2599 276 2656 illo
315 2611 370 2656 et
420 2617 518 2672 per
557 2601 706 2656 illum
757 2601 934 2656 fuerat
981 2611 1254 2674 operatus.
1301 2602 1536 2676 Ideoque
1585 2621 1772 2662 conse-

169 2703 412 2764 quenter
446 2709 622 2764 neque
655 2695 768 2766 ipse
795 2704 878 2750 est
903 2695 1282 2768 interrogatus,
1315 2697 1440 2768 quia
1469 2713 1568 2754 nec
1608 2699 1764 2754 conﬁ-

169 2783 276 2838 teri
327 2793 610 2854 peccatum
661 2795 744 2842 est
767 2785 1016 2852 diabolo,
1059 2801 1158 2842 nec
1183 2789 1346 2844 habet
1385 2789 1604 2844 omnino
1629 2791 1771 2844 unde

167 2891 226 2930 se
299 2885 542 2932 excuset.
603 2877 710 2932 Sed
761 2879 944 2933 statim
1005 2879 1216 2948 excepit
1261 2895 1478 2950 poenam
1549 2880 1772 2946 maledi-

167 2969 410 3032 ctionis,
468 2977 522 3023 et
581 2985 690 3023 non
748 2985 866 3024 eam
921 2985 1041 3040 qua:
1097 2971 1286 3024 ultimo
1336 2969 1544 3040 judicio
1594 2987 1770 3026 reser-

165 3072 380 3128 vatur,
437 3079 558 3132 quae
619 3071 922 3134 praeparata
972 3071 1056 3118 est
1101 3063 1205 3118 sibi
1258 3071 1312 3118 et
1363 3064 1570 3134 angelis
1614 3063 1764 3134 ejus;

165 3157 266 3210 sed
317 3171 478 3224 pmna
531 3155 646 3225 ejus
683 3159 784 3212 hoc
831 3157 886 3210 in
915 3157 1034 3213 loco
1080 3157 1300 3224 dicitur,
1331 3166 1389 3212 ut
1419 3157 1470 3212 in
1500 3167 1768 3226 potestate

1884 573 1955 626 tis
1993 581 2076 628 est
2135 575 2388 644 cogitatio
2445 575 2644 632 illicitae
2701 577 3102 650 suggestionis,
3159 595 3318 648 quam
3361 596 3460 636 nos

1883 667 2028 720 omni
2069 667 2365 722 intentione
2399 676 2560 738 atque
2589 685 2750 724 manu
2797 669 3042 724 sollicitae
3071 671 3458 726 consideratio-

1883 755 1968 810 nis
2003 771 2034 810 a
2072 759 2250 812 cordis
2303 759 2490 814 auditu
2537 759 2776 818 funditus
2813 761 3136 834 exstirpare,
3161 771 3216 818 et
3251 763 3318 816 ad
3369 779 3458 834 pe-

1829 891 1842 906 .
1883 855 2042 912 tram,
2083 849 2172 918 qui
2223 857 2306 904 est
2355 848 2601 912 Christus
2627 893 2640 915 ,
2693 851 2912 908 allidere
2954 853 3230 920 debemus.
3269 851 3458 908 Calca-

1881 956 2040 995 neum
2067 955 2192 996 vero
2233 941 2472 998 mulieris
2498 951 2802 998 extremum
2829 953 2912 1000 est
2939 945 3064 1000 vitae
3095 955 3294 1002 nostrae
3321 953 3456 1002 tem-

1879 1047 2000 1102 pus,
2031 1049 2138 1102 quo
2169 1031 2411 1088 diabolus
2445 1050 2544 1092 nos
2573 1029 3090 1108 acrius'impugnare
3111 1039 3328 1110 satagit,
3364 1041 3454 1108 qui

1880 1137 2002 1178 cum
2045 1122 2114 1176 ab
2157 1123 2310 1178 initio
2360 1125 2780 1200 deprehenditur
2819 1125 2938 1198 [Z.,
2981 1129 3450 1202 reprehenditur],

1877 1225 2162 1284 percutere
2193 1216 2506 1296 calcaneuui
2539 1219 2776 1276 molitur.
2809 1219 2946 1287 Quia
2979 1222 3082 1276 etsi
3113 1225 3454 1296 suggestione

1877 1307 2066 1376 prima;
2101 1309 2414 1368 intentionis
2451 1327 2558 1366 non
2595 1315 2848 1380 percutit,
2877 1313 3134 1388 decipere
3151 1317 3210 1372 in
3237 1317 3342 1372 ﬁne
3373 1319 3454 1372 in—

1879 1397 2064 1452 tendit.
2107 1397 2226 1464 Cui,
2257 1401 2300 1454 si
2329 1400 2562 1482 viriliter
2591 1404 2922 1472 resistimus,
2955 1407 3452 1480 victoriamperse—

1875 1487 2134 1540 verantite
2171 1503 2292 1542 cum
2343 1491 2516 1546 salute
2549 1499 2732 1546 nostra
2763 1494 3108 1564 accipiemus.
3151 1494 3452 1552 Notandum

1876 1585 1958 1631 est
2005 1577 2130 1648 quia
2183 1580 2234 1634 in
2275 1579 2376 1636 hoc
2415 1583 2556 1650 quod
2601 1583 2676 1636 ait
2731 1601 2742 1636 :
2805 1583 3116 1640 Maledictus
3173 1588 3274 1640 eris
3319 1589 3454 1640 inter

1875 1671 2050 1726 omnia
2099 1672 2390 1726 animantia
2433 1683 2480 1727 et
2515 1673 2704 1730 bestias
2735 1685 2912 1740 terrm,
2939 1677 3008 1732 ad
3037 1677 3310 1732 diabolum
3361 1694 3452 1732 re-

3457 1743 3484 1766 ...
3499 1757 3502 1760 .

1873 1761 2067 1830 fertur,
2127 1765 2218 1834 qui
2269 1765 2586 1822 maledictus
2637 1767 2852 1834 dicitur,
2903 1769 3030 1838 quia
3077 1771 3450 1840 paenitentiam

1799 1855 1852 1916 Β
1877 1867 2036 1924 agere
2085 1871 2192 1910 non
2249 1865 2445 1926 potest.
2499 1857 2646 1914 Inter
2688 1861 2878 1914 omnia
2917 1861 3242 1926 animantia,
3275 1861 3328 1916 id
3373 1870 3458 1916 est

1876 1947 2008 2016 quae
2041 1963 2194 2004 suam
2233 1959 2584 2006 servaverunt
2627 1959 2896 2008 naturam.
2945 1951 3012 2006 Et
3061 1953 3250 2008 bestias
3279 1963 3452 2022 terrae,

1857 2038 1980 2112 .h'oc
2035 2047 2119 2094 est
2169 2041 2310 2098 inter
2359 2042 2640 2108 homines,
2692 2045 2806 2100 sive
2853 2045 3214 2102 universalem
3263 2046 3454 2104 Eccle-

1876 2147 2030 2188 suun.
3419 2177 3428 2186 .

1947 2223 2112 2280 Vens.
2142 2224 2228 2280 l6.
2261 2258 2324 2266 —
2355 2227 2570 2284 Mulieri
2615 2245 2818 2300 quoque
2850 2231 2984 2286 dixit
3027 2245 3046 2283 :
3093 2231 3456 2304 Multiplieabo

1875 2333 2138 2371 (erumnas
2165 2327 2306 2384 tuas,
2331 2328 2386 2374 et
2416 2329 2610 2374 caetera
2637 2337 2806 2390 usque
2837 2331 2936 2376 :Oet
2959 2321 3053 2376 sub
3079 2323 3176 2376 viri
3205 2331 3458 2394 potestate

1874 2409 1996 2475 eris,
2024 2419 2077 2464 et
2097 2409 2324 2480 reliqua.
2361 2411 2498 2478 Quid
2529 2421 2612 2468 est
2641 2415 2782 2484 quod
2803 2415 2898 2479 ait,
2943 2413 3040 2468 sub
3075 2415 3457 2484 viri,p_otestate

1873 2499 2016 2554 eris?
2039 2497 2288 2570 Nunquid
2317 2511 2442 2560 ante
2479 2512 2762 2574 peccatum
2787 2505 2886 2560 sub
2924 2503 3040 2580 ejus
3059 2512 3326 2576 potestate
3349 2519 3456 2560 non

1873 2593 2026 2646 erat?
2055 2591 2180 2648 Fuit
2209 2593 2426 2664 utique;
2482 2597 2576 2650 sed
2615 2597 2974 2650 ea'servitutc
3016 2611 3138 2668 quae
3184 2612 3281 2670 per
3318 2596 3452 2656 dile-

1873 2677 2110 2740 ctionem
2141 2693 2398 2756 operatur
2431 2695 2488 2740 et
2531 2685 2678 2742 foras
2726 2689 2894 2742 mittit
2937 2689 3226 2760 timorem,
3261 2687 3460 2758 Postea

1873 2791 2006 2832 vero
2035 2779 2228 2834 timore
2273 2781 2655 2836 conditionalis
2703 2781 3004 2846 servitutis,
3033 2782 3122 2850 qui
3171 2779 3282 2852 [Z.,
3309 2779 3454 2856 quae]

1871 2883 1970 2940 per
2033 2869 2371 2940 disciplinam
2433 2881 2708 2942 operatur.
2761 2873 3092 2942 Spiritaliter
3137 2872 3329 2928 mulier
3377 2875 3454 2931 si—

1873 2961 2094 3032 gniﬁcat
2127 2957 2396 3030 mentem,
2429 2973 2484 3018 et
2523 2964 2644 3018 ideo
2671 2967 2814 3034 quod
2843 2965 2940 3031 ait,
2987 2965 3042 3018 in
3071 2964 3251 3020 dolore
3283 2965 3456 3036 paries

1872 3051 2032 3121 ﬁlios,
2063 3053 2166 3108 hoc
2205 3055 2448 3123 designat
2477 3055 2600 3126 quia
2635 3055 2880 3128 voluptas
2921 3057 3174 3124 carnalis,
3207 3073 3330 3112 cum
3361 3055 3456 3112 ali-

1875 3161 2036 3214 quam
2067 3147 2508 3202 consuetudinem
2535 3149 2730 3204 malam
2761 3149 2872 3203 vult
2903 3151 3140 3214 vincere,
3169 3150 3372 3218 patitur
3401 3149 3456 3204 in

167 3249 374 3304 habeat
413 3239 508 3306 θος
539 3251 630 3320 qui
681 3251 774 3305 Dei
823 3259 1090 3320 pracepla
1138 3259 1514 3306 ροηιρηιῃυηι,
1547 3251 1614 3304 Et
1643 3251 1766 3306 inde
1793 3231 1840 3292 C
1871 3239 2094 3294 exordio
2124 3237 2357 3306 dolores,
2395 3249 2556 3310 atque
2581 3241 2654 3296 ita
2677 3257 2774 3312 per
2805 3241 3082 3297 meliorem
3111 3241 3458 3296 consuetudi-

167 3339 256 3412 [Z.
281 3381 296 3404 ,
329 3341 384 3394 in
412 3339 502 3395 die
535 3339 742 3412 iudicii]
773 3339 944 3410 major
975 3355 1132 3410 paena
1179 3349 1260 3394 est
1286 3339 1386 3406 illi,
1411 3341 1544 3412 quia
1576 3341 1642 3396 de
1675 3341 1770 3398 tali

167 3431 504 3487 infelicitate
529 3431 756 3492 lzetatnr.
803 3431 892 3487 Ait
917 3431 1062 3486 enim
1099 3451 1110 3486 :
1141 3431 1312 3502 Super
1337 3441 1516 3502 pectus
1545 3441 1692 3486 tuum
1721 3442 1768 3486 et

167 3537 410 3580 ventrem
441 3525 718 3596 gradieris.
759 3525 986 3580 Nomine
1025 3527 1248 3596 pectoris
1285 3525 1624 3598 signiﬁcatur
1674 3541 1768 3580 su-

167 3615 364 3686 perbia
397 3615 612 3680 mentis,
631 3615 846 3670 nomine
866 3631 996 3670 vero
1017 3616 1206 3669 ventris
1235 3615 1608 3686 signiﬁcantur
1633 3615 1772 3670 desi-

169 3709 330 3764 deria
367 3709 570 3764 carnis.
597 3709 696 3764 His
723 3711 865 3764 enim
893 3711 1098 3764 duabus
1129 3711 1292 3765 rebus
1325 3711 1496 3780 serpit
1521 3710 1768 3766 diabolus

169 3799 224 3854 in
279 3815 376 3854 eos
411 3815 546 3870 quos
590 3799 704 3856 vult
737 3801 1007 3874 decipere,
1039 3803 1092 3856 id
1121 3810 1202 3857 cst
1241 3811 1332 3856 aut
1381 3810 1592 3858 terrena
1621 3805 1770 3874 cupi-

169 3891 348 3946 ditate
379 3899 428 3946 et
461 3891 696 3956 luxuria,
739 3901 834 3946 aut
869 3891 1120 3962 superbia
1155 3901 1210 3946 et
1252 3891 1440 3946 insana
1495 3892 1760 3948 doctrina.

169 3983 318 4036 Dum
347 3983 492 4038 enim
547 3983 672 4054 quis
713 3983 984 4038 luxuriam
1030 3984 1142 4055 jam
1185 3993 1460 4054 perpetrat
1513 3986 1724 4040 actione
1749 4025 1764 4052 ,

171 4075 306 4128 huic
335 4089 558 4144 serpens
613 4075 754 4146 repit
797 4090 864 4130 ex
891 4083 1102 4131 ventre.
1133 4075 1286 4132 Alius
1311 4093 1442 4146 vero
1475 4081 1600 4134 dum
1643 4093 1766 4148 per-

169 4166 440 4236 petranda
469 4173 654 4220 versat
675 4167 738 4236 ,in
767 4175 968 4232 mente,
1005 4167 1130 4222 huic
1165 4181 1386 4238 serpens
1418 4169 1558 4240 repit
1583 4185 1646 4224 ex
1675 4185 1768 4240 pe-

171 4269 349 4314 ctore.
387 4259 494 4314 Sed
533 4259 658 4330 quia
683 4275 778 4330 per
811 4261 1193 4332 cogitationem
1222 4262 1288 4316 ad
1315 4277 1478 4332 opera
1505 4261 1764 4332 explenda

173 4351 512 4420 pervenilur,
537 4361 688 4406 recte
721 4367 946 4424 serpens
989 4353 1140 4424 prius
1169 4359 1408 4422 pectore,
1438 4359 1488 4406 et
1523 4361 1754 4426 postmo-

173 4445 306 4496 dum
333 4457 520 4512 repere
561 4453 750 4498 ventre
781 4443 1128 4500 describitur.
1174 4441 1244 4496 Et
1289 4453 1480 4497 terram
1509 4443 1762 4498 comedas.

173 4535 232 4588 ld
287 4545 370 4588 est
415 4537 480 4590 ad
535 4545 584 4591 te
629 4535 976 4608 pertinebunt
1027 4551 1164 4606 quos
1211 4545 1424 4591 terrena
1473 4535 1767 4606 cupiditate

1873 3345 1996 3386 nem
2029 3333 2170 3400 parit
2215 3331 2414 3387 bonum
2443 3347 2580 3403 opus
2607 3333 2764 3404 quasi
2813 3333 2970 3390 ﬁlios.
3001 3331 3154 3400 Quod
3177 3347 3308 3388 vero
3358 3331 3458 3388 ad-

1867 3423 2020 3494 jecit,
2051 3435 2098 3479 et
2142 3425 2238 3479 sub
2273 3427 2370 3480 viri
2404 3435 2656 3497 potestate
2709 3429 2838 3494 eris,
2872 3437 2928 3484 et
2973 3427 3204 3499 reliqua,
3233 3429 3338 3484 hoc
3384 3427 3456 3482 si-

1871 3517 2090 3588 gniﬁcat
2121 3519 2262 3588 quod
2293 3519 2380 3572 illa
2401 3519 2648 3590 voluptas
2667 3519 2922 3586 carnalis,
2955 3537 3077 3592 quae
3115 3537 3238 3576 cum
3265 3503 3450 3576 dolore

1871 3609 2234 3665 reluctaverat
2263 3619 2321 3664 ut
2365 3611 2568 3668 faceret
2599 3611 3046 3690 consuetudinem
3081 3615 3302 3678 bonam,
3337 3611 3450 3682 jam

1870 3703 2002 3774 ipsis
2043 3703 2254 3758 erudita
2281 3703 2556 3760 doloribus
2585 3707 2798 3760 cautior
2823 3705 2901 3772 ﬁt,
2929 3714 2986 3762 et
3011 3721 3080 3761 ne
3108 3713 3328 3762 corruat
3353 3705 3451 3760 ob-

1871 3803 2136 3865 temperat
2165 3795 2382 3862 rationi,
2415 3805 2470 3850 et
2489 3797 2720 3852 libenter
2737 3805 2890 3868 paret
2913 3795 3024 3870 [Z.,
3049 3795 3274 3870 servit],
3297 3795 3454 3868 quasi

1867 3889 1988 3945 viro
2021 3889 2252 3962 jubenti.
2673 3945 2680 3950 _

1941 3981 2100 4038 Vens.
2133 3983 2218 4038 l7.
2251 4015 2318 4023 —
2345 3983 2472 4037 Adre
2503 3999 2618 4038 vero
2645 3983 2782 4039 dixit
2813 4001 2830 4038 :
2863 3983 3001 4050 Quia
3045 3983 3242 4038 audisti
3281 3997 3456 4038 vocem

1869 4073 2125 4140 mulieris,
2148 4085 2196 4129 et
2217 4075 2486 4130 eomedisti
2518 4075 2582 4130 de
2609 4075 2770 4148 tigno,
2807 4085 2862 4132 et
2891 4075 3117 4146 reliqua.
3149 4073 3266 4130 Non
3305 4075 3451 4132 enim

1867 4181 2052 4238 opera,
2081 4175 2142 4221 ut
2165 4167 2408 4239 plerique
2433 4175 2644 4240 putant,
2679 4169 2766 4224 hic
2797 4169 2938 4224 ruris
2960 4169 3190 4236 colendi,
3213 4171 3306 4224 sed
3331 4183 3456 4238 pec-

1869 4268 1988 4314 cata
2013 4259 2302 4330 signiﬁcat.
2333 4259 2439 4316 Sed
2461 4259 2591 4315 libet
2614 4259 2888 4329 inquirere
2917 4275 3086 4330 quare
3123 4259 3348 4316 Creator
3399 4260 3452 4314 in

1869 4328 2218 4406 delicto—Adae.
2255 4361 2414 4406 terra)
2439 4328 2736 4418 maledixit,
2760 4359 2814 4406 et
2839 4328 2946 4406 non
2975 4328 3164 4422 aqiiis?
3201 4351 3326 4406 [deo
3369 4350 3450 4404 vi-

1869 4441 2066 4498 delicet
2115 4443 2242 4514 quia
2295 4443 2366 4498 de
2429 4452 2592 4498 terra:
2638 4443 2818 4498 fructu
2869 4452 3060 4498 contra
3109 4443 3454 4498 interdictum

1873 4531 2222 4586 manducavit
2248 4533 2428 4596 homo,
2455 4549 2560 4590 non
2593 4535 2660 4590 de
2679 4533 2836 4604 aquis
2865 4533 3024 4598 bibit,
3049 4541 3104 4588 et
3133 4535 3260 4603 quia
3315 4549 3454 4604 prte-

171 4630 472 4700 decepcris.
511 4595 764 4684 Omnibus
787 4631 970 4684 diebus
997 4631 1112 4684 vita:
1142 4639 1264 4682 tum.
1313 4627 1424 4684 Hoc
1463 4637 1568 4694 est,
1616 4628 1762 4684 omni
1789 4595 1846 4655 Β
1869 4623 2164 4678 destinavit
2187 4623 2326 4680 Deus
2349 4624 2402 4678 in
2433 4625 2588 4694 aquis
2613 4623 2830 4678 abluere
2871 4631 3148 4692 peccatum
3201 4624 3362 4694 quod.
3385 4623 3456 4678 de

171 4733 422 4792 tempore
465 4739 574 4794 quo
629 4723 744 4794 agis
781 4727 921 4780 hanc
969 4731 1292 4796 potestatem
1335 4731 1462 4778 ante
1513 4723 1758 4778 ultimam

167 4817 360 4886 judicii
397 4817 558 4872 diem.
1541 4873 1544 4876 .

247 4909 414 4964 Vens.
469 4909 556 4964 15.
577 4941 648 4950 -
679 4908 996 4964 Inimicitias
1021 4925 1212 4980 ponam
1237 4911 1370 4964 inter
1397 4917 1444 4963 te
1483 4919 1530 4962 et
1571 4907 1760 4962 mulie-

169 5019 282 5056 rem
303 5044 318 5068 ,
349 5011 398 5056 et
425 5019 600 5058 semen
629 5013 776 5058 tuum
815 5013 860 5057 et
904 5019 1076 5058 semen
1121 4999 1286 5056 illius.
1335 5001 1532 5058 Semen
1562 5001 1760 5056 diaboli

171 5109 430 5162 perversa
489 5103 572 5148 est
625 5095 922 5166 suggestio,
963 5109 1146 5148 semen
1177 5093 1422 5148 mulieris
1463 5101 1548 5148 est
1591 5101 1758 5148 totum

169 5199 344 5254 genus
393 5185 712 5240 humanum.
751 5185 882 5254 Quae
911 5187 1016 5241 duo
1043 5186 1246 5242 semina
1275 5201 1344 5240 ex
1385 5193 1656 5256 prtecepto
1689 5185 1764 5240 di-

171 5281 304 5334 vino
331 5281 654 5336 continuum
677 5281 818 5336 inter
843 5297 904 5337 se
925 5295 1114 5352 gerere
1129 5280 1312 5336 odium
1335 5281 1552 5346 debent,
1571 5289 1632 5335 ut
1651 5295 1756 5334 non

169 5369 438 5424 faciamus
473 5385 594 5440 quae
625 5369 872 5426 diabolus
899 5369 1033 5435 vult,
1059 5370 1184 5440 quia
1227 5369 1314 5424 ille
1343 5385 1616 5440 nunquam
1649 5369 1762 5424 vult

171 5463 332 5518 nobis
365 5461 671 5532 profutura.
705 5463 856 5520 Licet
907 5463 1146 5518 nonnulli
1181 5463 1346 5518 velint
1375 5461 1600 5532 intelligi
1645 5477 1760 5516 mn—

171 5555 362 5610 lierem
409 5563 672 5621 mentem,
719 5571 900 5610 semen
929 5555 1170 5610 mulieris
1195 5553 1428 5610 fructum
1471 5553 1598 5610 boni
1633 5569 1760 5624 ope-

171 5649 268 5704 ris.
293 5649 484 5706 Potest
509 5649 676 5706 etiam
701 5657 754 5706 et
792 5649 860 5704 de
887 5649 1042 5704 beata
1071 5649 1236 5704 Maria
1261 5649 1466 5720 virgine
1487 5689 1500 5712 ,
1543 5665 1604 5702 ex
1652 5663 1760 5718 qua

171 5751 328 5795 natus
377 5751 462 5796 est
515 5739 806 5812 Dominus,
865 5757 968 5796 non
1017 5743 1312 5812 incongrue
1363 5739 1558 5810 accipi.
1619 5739 1760 5810 Lege

171 5811 532 5902 Augustinum
579 5843 628 5886 et
673 5815 952 5888 Isidorum.
985 5832 1110 5902 Ipsa
1143 5843 1366 5886 conteret
1405 5841 1558 5900 caput
1583 5841 1784 5897 tuum,-

1871 4715 2048 4770 fructu
2085 4727 2242 4770 terrae
2271 4715 2540 4770 contraxit
2559 4715 2738 4770 homo.
2769 4714 2836 4768 Et
2865 4715 3136 4770 terrestria
3193 4713 3450 4768 animalia

1871 4809 1988 4880 plus
2009 4808 2406 4864 maledictionis
2427 4809 2626 4862 habent
2654 4821 2818 4878 quam
2849 4807 3130 4878 aquatilia,
3155 4807 3280 4878 quia
3329 4805 3450 4876 plus

1871 4903 1934 4958 de
1961 4902 2244 4957 maledicta
2275 4909 2420 4956 terra
2449 4887 2636 4956 vivunt
2669 4915 2830 4970 quam
2879 4900 3152 4970 aquatilia.
3217 4903 3280 4956 Et
3333 4903 3450 4954 ideo

1865 5001 2112 5056 Christus
2127 5011 2250 5072 post
2269 4999 2722 5055 resurrectionem
2751 4997 2818 5052 de
2836 4997 2984 5068 pisce
3003 4999 3330 5052 manducare
3359 5009 3442 5044 vo.

1867 5095 1988 5156 luit,
2013 5109 2118 5148 non
2145 5095 2210 5149 de
2235 5093 2418 5162 aliquo
2444 5090 2662 5146 animali
2699 5091 2964 5146 terrestri.
2987 5090 3156 5146 Ecce!
3193 5089 3298 5144 Per
3318 5103 3446 5156 pec-

1867 5197 2048 5244 eatum
2077 5187 2312 5242 hominis
2339 5193 2484 5240 terra
2515 5183 2872 5265 maledicitur,
2923 5193 2980 5238 ut
3009 5183 3190 5252 spinas
3235 5188 3452 5265 pareret

1863 5289 1916 5335 et
1947 5295 2246 5335 venenosas
2291 5277 2510 5340 herbas,
2561 5277 2628 5330 ad
2673 5261 2886 5346 poenam
2943 5275 3192 5330 videlicet
3240 5273 3324 5328 vel
3365 5261 3450 5328 'ad

1863 5371 2308 5426 exercitationem
2333 5365 2664 5433 mortalium,
2691 5375 2748 5422 et
2773 5375 2830 5422 ut
2859 5377 2984 5422 ante
3011 5365 3198 5420 oculos
3219 5365 3446 5420 haberet

1867 5465 2030 5520 homo
2059 5461 2322 5532 originale
2345 5467 2646 5530 peccatum,
2679 5469 2734 5516 et
2753 5460 2836 5516 vel
2883 5461 2962 5514 sic
2999 5457 3308 5514 admonitus
3351 5457 3448 5514 ali-

1866 5555 2081 5626 quando
2103 5559 2444 5608 averteretur
2463 5565 2492 5602 a
2517 5551 2774 5620 peccatis,
2801 5551 2942 5604 sicut
2993 5549 3148 5620 longe
3199 5551 3450 5620 superius

1867 5649 2066 5702 dictum
2097 5655 2200 5700 est.
2231 5643 2372 5698 Dicit
2393 5641 2558 5706 enim,
2603 5641 2878 5695 maledicta
2933 5651 3094 5706 terra,
3121 5651 3176 5696 et
3219 5643 3444 5711 reliqua.

1866 5739 1998 5794 Cum
2031 5747 2180 5792 certo
2211 5737 2458 5791 novimus
2485 5734 2626 5804 quod
2657 5733 2998 5790 maledictum
3033 5733 3308 5804 Scriptura
3355 5751 3442 5788 sa-

1867 5849 1954 5886 cra
1987 5831 2252 5900 prohibet,
2295 5828 2422 5898 quid
2451 5835 2533 5880 est
2565 5826 2704 5894 quod
2761 5841 2902 5882 nunc
2945 5827 3186 5896 precanti
3239 5824 3442 5880 homini
