4044 6326
531 350 632 405 145

1580 337 1930 395 ANGELOMI
1970 334 2430 394 LUXOVIENSIS
2473 333 2780 390 MONACHI

3705 338 3844 396 1M

529 470 688 514 terrae
723 453 1104 512 maledictione
1129 455 1248 515 hoc,
1285 453 1428 522 quod
1459 452 1620 506 homo
1643 449 1820 506 divina
1845 463 1978 504 voce
2027 448 2108 502 fa-
2137 431 2187 511 Α
2217 455 2406 501 ventus
2435 446 2500 500 ad
2524 454 2884 512 senectutem,
2918 455 3171 502 senectus
3200 449 3390 503 transit
3433 450 3501 506 ad
3550 461 3843 519 mortem,

527 567 652 607 cere
686 548 1026 620 prOhibetur,
1067 545 1331 600 infertur?
1366 543 1474 598 Sed
1521 543 1796 598 sciendum
1840 551 1923 597 est
1971 541 2115 611 quod

527 645 810 716 Scriptura
837 641 1047 698 duobus
1070 639 1244 695 modis
1291 637 1630 692 maledictum
1674 643 2064 690 commemorat
2097 651 2110 686 :

527 737 674 794 aliud
693 733 947 791 videlicet
975 733 1120 803 quod
1141 731 1427 802 approbat,
1477 725 1623 782 aliud
1673 727 1817 797 quod
1871 727 2111 782 damnat.

525 828 701 884 Aliter
742 827 887 882 enim
918 825 1264 880 maledictum
1315 819 1590 892 profertur
1626 817 1832 888 judicio
1870 817 2112 888 justitiae,

526 920 684 978 aliter
704 907 875 974 livOre
893 917 1165 971 vindictae.
1194 913 1540 967 Maledictum
1560 910 1758 980 quippe
1777 909 1983 980 judicio
2023 909 2114 978 ju-

528 1012 691 1067 stitize
711 1006 962 1080 peccanti
991 1004 1194 1060 homini
1223 1001 1506 1073 probatum
1538 1009 1649 1064 est,
1699 1014 1823 1056 cum
1870 997 2074 1052 audivit
2100 1013 2113 1051 :

534 1103 825 1159 Maledicta
850 1112 988 1156 terra
1010 1101 1066 1153 in
1089 1113 1239 1168 opere
1259 1106 1370 1151 tuo.
1403 1095 1747 1151 Maledictum
1792 1091 1996 1162 judicio
2027 1089 2116 1159 ju-

527 1195 691 1251 stitite
711 1192 1006 1266 prolbrtur,
1051 1203 1176 1244 cum
1203 1187 1270 1242 ad
1300 1187 1578 1242 Abraham
1610 1185 1806 1240 dicitur
1838 1197 1852 1236 :
1887 1181 2118 1238 Maledi-

525 1305 644 1343 cam
663 1283 1090 1341 maledicentibus
1139 1281 1254 1335 tibi.
1304 1281 1542 1336 Rursum
1597 1278 1724 1348 quia
1773 1275 2119 1331 maledictum

527 1393 635 1434 non
663 1375 870 1446 judicio
888 1373 1136 1446 justitiaz,
1169 1372 1267 1426 sed
1317 1371 1488 1427 livore
1529 1367 1784 1424 vindictae
1826 1365 2118 1436 promitur,

525 1483 658 1524 voce
678 1448 834 1522 Pauli
859 1463 1206 1536 praedicantis
1242 1462 1616 1523 admonemur,
1643 1458 1736 1527 qui
1759 1457 1834 1511 ait
1860 1474 1872 1509 :
1899 1454 2122 1509 Benedi-

523 1561 622 1615 cite
647 1567 696 1614 et
746 1557 906 1612 nolite
928 1555 1237 1610 maledicere
1283 1553 1461 1625 (Rom.
1506 1567 1602 1618 xu,
1633 1549 1708 1621 4).
1767 1549 1834 1604 Et
1861 1563 2077 1602 rursum
2105 1563 2120 1601 :

527 1647 711 1720 Neque
727 1646 972 1702 maledici
988 1661 1204 1714 regnum
1219 1643 1314 1697 Dei
1329 1641 1666 1714 possidebunt
1697 1639 1751 1710 (Ι
1774 1637 1899 1695 Cor.
1915 1655 1991 1702 vt,
2009 1635 2120 1706 10).

525 1738 672 1794 Deus
699 1753 829 1808 ergo
862 1735 1186 1790 maledicere
1214 1732 1428 1795 dicitur,
1480 1737 1536 1786 et
1587 1737 1771 1784 tamen
1799 1727 2123 1784 maledicere

2218 540 2297 594 sic
2327 540 2440 594 suis
2465 539 2768 610 augmentis
2791 539 2859 594 ad
2891 539 3218 594 detrimenta
3244 540 3556 612 impellitur.
3607 543 3676 597 Et
3731 561 3844 597 co-

2218 632 2390 685 medes
2425 629 2611 685 herbas
2636 640 2810 698 teme,
2834 640 2888 686 et
2914 631 3144 702 reliqua.
3192 632 3292 688 ilic
3330 634 3633 690 ostenditur
3685 639 3848 706 quia

2219 723 2529 778 hominibus
2574 730 2700 778 ante
2744 722 3003 778 diluvium
3055 740 3165 779 non
3215 740 3428 788 carnes,
3482 727 3578 782 sed
3631 727 3850 784 herba

2220 812 2534 884 fructusque
2563 815 2817 868 arborum
2845 814 2986 870 datte
3034 824 3161 871 sunt
3208 816 3277 871 ad
3319 817 3614 873 edendum.
3675 817 3846 876 Hinc

2219 914 2302 966 est
2357 906 2502 975 quod
2551 905 2770 976 quidam
2831 907 3052 978 sapiens
3105 909 3351 964 versibus
3401 909 3646 964 alludens
3697 910 3844 964 ait:

2220 992 2376 1049 Felix
2402 995 2621 1050 nimium
2641 997 2785 1066 prior
2815 1009 2942 1053 tetas
2968 1009 3210 1054 contenta
3231 999 3476 1069 ﬁdelibus
3510 1003 3676 1066 arvis,
3735 1018 3848 1057 nec

2218 1085 2375 1139 inerti
2395 1087 2602 1156 perdita
2625 1086 2776 1152 luxu,
2803 1087 3054 1160 facilique
3073 1107 3192 1145 sera
3215 1089 3412 1146 solebat
3453 1091 3666 1162 jejunio
3711 1092 3843 1147 sol-

2221 1196 2336 1234 vere
2364 1179 2574 1250 glande.
2605 1181 2704 1236 Hic
2732 1197 2948 1253 quoque
2975 1183 3276 1239 notandum
3304 1192 3388 1239 est
3440 1185 3563 1253 quia
3607 1193 3846 1256 septem

2223 1280 2351 1326 sunt
2371 1279 2592 1341 peccata
2618 1272 2768 1338 Adae,
2800 1283 2856 1328 et
2888 1274 3009 1330 ideo
3031 1275 3279 1340 totidem,
3335 1275 3476 1330 sicut
3509 1275 3681 1346 aliqui
3737 1277 3848 1332 de-

2225 1365 2491 1432 scribunt,
2545 1367 2850 1422 subsecutae
2906 1375 3034 1422 sunt
3085 1367 3514 1424 maledictiones.
3571 1367 3846 1424 Primum

2224 1464 2504 1526 peccatum
2553 1457 2831 1526 superbia,
2873 1457 3000 1528 quia
3040 1458 3229 1514 dilexit
3269 1471 3391 1513 esse
3446 1458 3500 1512 in
3529 1474 3624 1513 sua
3665 1467 3834 1529 pote-

2226 1558 2369 1605 state
2394 1549 2516 1621 plus
2539 1565 2704 1620 quam
2732 1551 2850 1606 Dei.
2894 1550 3224 1618 Secundum,
3273 1551 3632 1623 sacrilegium,
3699 1554 3849 1622 quia

2233 1642 2348 1699 Deo
2373 1659 2481 1700 non
2507 1644 2757 1700 credidit.
2776 1643 3042 1711 Tertium,
3065 1645 3438 1711 homicidium,
3463 1647 3588 1717 quia
3618 1657 3850 1703 semet-

2234 1736 2414 1806 ipsum
2442 1723 2719 1807 peccando
2763 1738 2982 1793 occidit.
3016 1737 3299 1806 Quartum,
3331 1740 3475 1809 quod
3502 1739 3850 1796 fornicatio-

525 1832 690 1886 homo
719 1830 1062 1901 prohibetur,
1093 1827 1222 1898 quia
1249 1826 1391 1896 quod
1420 1826 1584 1879 homo
1615 1825 1727 1896 agit
1756 1823 1962 1878 malitia
2005 1824 2121 1876 vin-
2148 1819 2198 1878 B
2225 1843 2350 1883 nem
2379 1829 2702 1900 spiritaliter
2745 1827 2812 1901 [Ζ
2819 1869 2860 1896 .,
2885 1828 3207 1902 spiritalem]
3244 1830 3453 1898 habuit,
3497 1832 3620 1902 quia
3681 1832 3847 1886 inte-

525 1921 706 1994 dictae,
721 1921 866 1976 Deus
883 1935 993 1974 non
1009 1917 1139 1994 facit
1153 1917 1260 1972 nisi
1273 1915 1358 1989 [Ζ.
1369 1958 1382 1982 ,
1401 1917 1498 1981 ait,
1516 1915 1721 1970 malitia
1736 1915 1989 1971 vindicta:
2004 1923 2088 1968 est
2107 1932 2122 1980 ;

527 1991 671 2071 Deus
700 2024 880 2069 autem
905 2029 1014 2068 non
1037 1991 1168 2066 facit
1188 2011 1313 2075 nisi,
1346 2008 1503 2082 etc.],
1537 2008 1789 2064 examine
1820 2016 1876 2062 et
1912 2008 2119 2062 virtute
2147 2031 2156 2042 -

521 2107 768 2180 justitiar.
799 2104 935 2162 Cum
962 2118 1092 2160 vero
1119 2102 1292 2158 sancti
1317 2101 1420 2156 viri
1459 2098 1856 2156 maledictionis
1903 2107 2124 2155 senten-

531 2201 664 2255 tiam
689 2197 997 2270 proferunt,
1029 2212 1136 2252 non
1177 2196 1318 2251 hanc
1354 2209 1424 2250 ex
1467 2202 1595 2248 voto
1638 2192 1879 2256 ultionis,
1935 2192 2028 2247 sed
2058 2207 2126 2248 ex

521 2290 750 2360 iustitiae
785 2288 1036 2346 examine
1062 2295 1372 2357 erumpunt.
1405 2284 1557 2340 Intus
1583 2284 1728 2338 enim
1773 2282 1970 2338 subtile
2029 2282 2124 2337 Dei

523 2382 792 2454 judicium
815 2382 1106 2454 aspiciunt,
1129 2388 1184 2435 et
1213 2380 1357 2434 mala
1380 2377 1530 2435 foras
1579 2379 1949 2446 exsurgeutia,
1998 2377 2125 2447 quia

529 2475 818 2530 maledicto
840 2473 1073 2529 debeant
1095 2471 1269 2536 feriri,
1296 2476 1649 2541 cognoscunt,
1691 2476 1747 2523 et
1777 2483 1840 2523 eo
1867 2467 1922 2522 in
1951 2467 2122 2522 male-

527 2567 673 2623 dicto
716 2565 830 2623 non
872 2573 1119 2637 peccant,
1161 2579 1270 2634 quo
1298 2563 1366 2618 ab
1395 2562 1611 2617 interno
1637 2559 1844 2629 judicio
1885 2575 1992 2614 non
2050 2559 2127 2614 di-

527 2658 806 2714 scordant.
850 2655 1156 2728 Allegorice
1175 2668 1390 2725 quoque
1423 2653 1592 2723 spinae
1627 2644 1688 2708 in"
1728 2651 2124 2722 significatione

531 2759 879 2820 peccatorum
899 2756 1193 2820 ponuntur.
1219 2747 1312 2802 Ait
1332 2746 1476 2802 enim
1505 2764 1517 2798 :

511 2893 517 2932 ε
600 2889 768 2946 Vitas.
804 2887 895 2943 18.
922 2915 995 2927 -
1031 2885 1194 2940 Terra
1243 2884 1423 2954 spinas
1459 2896 1509 2937 et
1553 2883 1772 2936 tribulos
1815 2881 2124 2952 geminabit

529 2980 645 3034 tibi.
684 2978 842 3046 Quod
866 2985 952 3032 est
980 2983 1167 3046 aperte
1199 2975 1381 3029 dicere
1409 2989 1425 3026 :
1459 2971 1805 3028 Conscientia
1846 2980 1938 3027 tua
1990 2987 2128 3041 pun-

531 3069 741 3124 ctiones
771 3066 869 3122 tibi
894 3074 948 3121 et
984 3064 1198 3121 aculeos
1226 3064 1483 3118 vitiorum
1509 3079 1799 3134 procreare
1828 3079 1935 3119 non
1983 3063 2126 3119 desi-

530 3168 655 3215 stet.
681 3157 1071 3214 Verumtamen
1101 3170 1199 3226 per
1225 3139 1550 3210 sententiam
1579 3171 1699 3225 qua:
1735 3156 1792 3210 in
1821 3155 1998 3209 virum
2037 3155 2121 3208 in-
2152 3187 2196 3251 Ο

528 3254 723 3320 fertur,
751 3253 892 3308 ratio
920 3259 1104 3307 nostra
1130 3250 1397 3322 arguitur,
1439 3267 1582 3321 quae,
1629 3253 1841 3322 peccati
1870 3251 2124 3322 concupi-

530 3344 742 3400 scentia
764 3342 1008 3407 seducta,
1035 3357 1066 3396 a
1091 3341 1346 3412 paradiso
1366 3340 1717 3396 beatitudinis
1737 3350 1945 3396 remota
1963 3340 2126 3396 habet

536 3434 946 3491 maledictiones
969 3441 1199 3488 terrenae
1223 3431 1556 3502 operationis
1586 3446 1686 3502 pro
1733 3430 2123 3501 concupiscen-

530 3528 605 3582 tia
633 3528 876 3598 peccati:
907 3527 1074 3582 habet
1091 3533 1150 3581 et
1179 3525 1392 3581 dolores
1446 3525 1822 3596 temporalium
1872 3540 2126 3580 curarum

535 3625 692 3695 quasi
733 3624 915 3694 spinas
934 3630 991 3678 et
1017 3620 1268 3677 tribulos.
1314 3619 1404 3676 Sic
1431 3628 1615 3675 tamen
1667 3619 1959 3675 dimittitur
1980 3635 2012 3673 a
2033 3634 2129 3689 pa—

534 3715 717 3771 radiso
739 3713 1092 3770 beatitudinis
1122 3720 1181 3767 ut
1202 3720 1457 3782 operetur
1485 3719 1714 3777 terram,
1762 3711 1816 3766 id
1840 3720 1926 3767 est
1959 3721 2017 3765 ut
2072 3711 2130 3766 in

531 3822 767 3878 corpore
793 3807 898 3862 isto
916 3806 1129 3862 laboret
1153 3813 1206 3861 et
1225 3804 1449 3860 collocet
1464 3803 1566 3859 sibi
1593 3804 1850 3859 meritum
1871 3803 2130 3859 redeundi

537 3903 604 3957 ad
632 3901 799 3957 vitam
826 3901 1064 3966 beatam,
1087 3915 1208 3970 qua:
1248 3897 1489 3967 paradisi
1521 3898 1739 3954 nomine
1773 3897 2129 3969 significatur,

532 3993 815 4064 possitque
837 4007 1056 4047 manum
1086 3979 1366 4062 porrigere
1385 3989 1454 4043 ad
1490 3989 1741 4045 arborem
1794 3988 1917 4042 vitae
1954 3997 2012 4043 et
2053 3987 2132 4042 vi-

539 4100 671 4140 vere
701 4085 757 4140 in
785 4091 1068 4140 aeternum.
1097 4081 1290 4136 Manus
1328 4089 1507 4136 autem
1547 4080 1820 4150 porrectio
1849 4080 2008 4134 bene
2060 4080 2131 4134 si-

535 4175 760 4247 gnificat
787 4191 1029 4239 crucem,
1053 4173 1141 4229 vel
1159 4173 1459 4228 cruciatum
1473 4171 1829 4242 paenitentiae,
1853 4187 1948 4240 per
1967 4185 2131 4241 quem

539 4265 652 4340 [Z.,
683 4267 870 4340 quam]
898 4267 1010 4321 vita
1031 4273 1234 4322 aeterna
1260 4272 1628 4335 recuperatur.
1661 4264 1753 4319 Ait
1775 4265 1919 4318 enim
1953 4282 1966 4318 :

607 4399 773 4458 Vnus.
805 4403 894 4458 i9.
927 4432 996 4442 —
1020 4399 1202 4455 Pulvis
1227 4417 1303 4463 es,
1341 4409 1388 4454 et
1433 4400 1491 4453 in
1533 4397 1796 4469 puluerem
1839 4402 2128 4455 reverteris.

539 4495 696 4563 Quod
717 4495 824 4550 alia
845 4495 1129 4551 translatio
1162 4484 1502 4551 manifestius
1531 4495 1682 4565 ponit
1709 4512 1723 4550 :
1766 4493 1929 4550 Terra
1958 4513 2029 4559 es,
2084 4505 2132 4549 et
2163 4559 2166 4562 ,

534 4587 595 4641 in
619 4595 814 4641 terram
833 4586 953 4642 ibis.
983 4585 1200 4642 Primus
1222 4587 1384 4641 bomo
1405 4586 1481 4640 ita
1508 4585 1756 4642 conditus
1786 4585 1985 4651 fuitut,
2017 4603 2134 4641 ma-

538 4685 707 4734 nente
735 4678 847 4745 illo,
875 4679 1200 4734 decederent
1220 4687 1484 4750 tempora,
1542 4693 1611 4734 ne
1634 4694 1756 4734 cum
1803 4677 2134 4748 temporibus

539 4773 659 4844 ipse
677 4772 953 4826 transiret.
981 4769 1173 4827 Stabat
1202 4771 1346 4827 enim
1382 4772 1668 4826 momentis
1697 4770 2129 4835 decurrentibus,

541 4864 668 4936 quia
701 4877 1040 4934 nequaquam
1075 4863 1144 4917 ad
1170 4863 1296 4917 vita:
1325 4861 1617 4917 terminum
1648 4875 1744 4930 per
1795 4860 2130 4915 incrementa

545 4955 819 5010 tendebat.
847 4943 919 5008 At
938 4953 1030 5008 ubi
1057 4953 1250 5008 vitium
1271 4953 1518 5025 contigit,
1559 4968 1684 5007 mox
1711 4952 1918 5007 offenso
1970 4951 2134 5008 Crea-

541 5055 664 5104 tore
690 5047 858 5118 coepit
879 5047 960 5102 ire
985 5041 1109 5102 cum
1143 5055 1406 5117 tempore,
1434 5055 1490 5102 et
1538 5045 1660 5101 ideo
1691 5045 1895 5103 audivit
1927 5064 1938 5098 :
1973 5044 2134 5106 Terra

537 5155 614 5204 es,
637 5149 685 5194 et
711 5141 768 5194 in
793 5149 989 5195 terram
1043 5140 1185 5206 ibis;
1245 5149 1387 5204 statu
1437 5138 1686 5194 videlicet
1732 5139 2135 5194 inmortalitatis

539 5231 760 5294 amisso,
809 5246 1002 5286 cursus
1053 5228 1166 5303 [Z.,
1219 5246 1345 5285 mox
1398 5244 1521 5283 eum
1574 5243 1786 5292 cursus,
1836 5228 1968 5301 etc.]
2011 5247 2132 5285 eum

541 5320 894 5377 mortalitatis
923 5322 1225 5385 absorbuit,
1259 5331 1313 5376 et
1339 5321 1466 5375 dum
1518 5321 1572 5375 in
1611 5320 1892 5390 juventute
1936 5322 2002 5375 ad
2055 5338 2135 5377 se-

542 5412 715 5480 nium,
747 5429 778 5468 a
800 5415 952 5470 senio
979 5415 1288 5470 traheretur
1314 5412 1381 5467 ad
1408 5422 1662 5477 mortem,
1701 5414 2029 5469 transeundo
2050 5413 2132 5469 di-

540 5501 676 5560 dicit
699 5506 894 5562 stando
923 5506 1052 5576 quid
1079 5505 1197 5560 fuit.
1226 5503 1392 5575 Cujus
1420 5520 1539 5570 nos,
1564 5506 1689 5575 quia
1729 5507 1795 5562 de
1843 5507 2135 5577 propagine

540 5596 842 5663 nascimur,
869 5597 1067 5651 radicis
1118 5594 1541 5651 amaritudinem
1591 5595 1747 5668 quasi
1797 5597 1850 5650 in
1901 5596 2135 5667 virgulto

544 5690 872 5755 retinemus;
905 5689 1030 5758 quia
1058 5689 1186 5744 dum
1215 5689 1440 5746 infantia
1464 5690 1528 5744 ad
1556 5689 1869 5759 pueritiam,
1902 5691 2131 5760 pueritia

533 5762 614 5834 .ad
646 5780 1081 5844 adolescentiam,
1110 5778 1475 5837 adolescentia
1527 5782 1590 5834 ad
1643 5781 2006 5849 juventulem,
2050 5782 2136 5850 ju-

2228 1920 2484 1991 gritatem
2504 1920 2703 1976 mentis
2733 1921 2996 1992 corrupit,
3023 1920 3305 1988 Quintum,
3333 1920 3559 1987 furtum,
3583 1921 3722 1991 quia
3764 1923 3850 1976 ci-

2225 2012 2354 2068 bum
2378 2013 2710 2084 probibitum
2731 2015 2932 2085 attigit.
2965 2013 3210 2080 Sextum,
3253 2015 3500 2081 avaritia,
3547 2018 3672 2087 quia
3707 2016 3848 2088 plus

2227 2120 2393 2174 quam
2445 2107 2637 2162 debuit
2676 2108 2957 2177 appetivit.
2992 2105 3317 2177 Septimum,
3363 2106 3512 2178 gula,
3555 2108 3682 2178 quia
3747 2122 3850 2162 ve-

2229 2197 2387 2252 titum
2421 2198 2662 2255 fructum
2685 2199 2938 2255 comedit.
2970 2198 3292 2268 Quanquam
3324 2207 3530 2269 septem
3572 2199 3683 2253 sint
3755 2198 3850 2252 vi-

2229 2289 2327 2357 tia,
2353 2298 2407 2345 et
2444 2291 2567 2346 ideo
2605 2299 2814 2360 septem
2863 2304 3040 2361 poena:
3085 2291 3392 2347 subsecutae
3431 2301 3573 2346 sunt.
3619 2289 3847 2353 Prima,

2231 2380 2541 2438 maledictio
2579 2390 2738 2438 teme
2789 2381 2924 2452 ejus.
2976 2382 3247 2448 Secunda,
3305 2379 3497 2450 ejectio
3547 2387 3613 2438 de
3656 2398 3841 2452 para—

2227 2471 2366 2528 diso.
2429 2472 2634 2537 Tertia,
2691 2473 2955 2529 adventus
2990 2473 3045 2528 in
3097 2483 3301 2528 terram
3344 2473 3528 2528 vilem.
3598 2472 3848 2538 Quarta,

2229 2577 2378 2618 mors
2406 2561 2526 2616 ﬁlii.
2559 2561 2778 2628 Quinta,
2813 2563 2986 2618 labor.
3017 2563 3204 2630 Sexta,
3239 2580 3388 2620 mors
3409 2566 3674 2634 corporis.
3731 2565 3844 2620 Se-

2223 2657 2414 2726 ptima,
2439 2655 2725 2713 descensio
2751 2658 2868 2728 ejus
2889 2659 2943 2712 in
2987 2657 3097 2730 [Z.,
3121 2659 3212 2732 ad]
3256 2660 3550 2716 infernum.
3608 2661 3672 2716 Et
3697 2661 3847 2731 quia

2229 2750 2428 2820 septies
2464 2751 2734 2820 peccavit,
2771 2759 2979 2821 septem
3023 2751 3296 2808 vindictas
3327 2753 3554 2824 recepit.
3605 2751 3711 2808 Sed
3747 2753 3849 2808 hic

2227 2843 2406 2914 placet
2425 2835 2708 2914 inquirere
2753 2861 2924 2915 quare
2969 2844 3273 2916 angelicum
3318 2843 3652 2918 [Z.,angeli]
3702 2861 3845 2916 pec-

2232 2943 2416 2989 catum
2440 2933 2658 2990 silentio
2679 2935 2734 2990 in
2763 2935 2865 2991 hoc
2894 2935 3036 2992 libro
3085 2936 3462 2992 absconditum
3489 2947 3594 3004 est,
3653 2946 3707 2991 et
3733 2936 3848 2991 ho-

2232 3030 2393 3085 minis
2418 3030 2749 3100 patefactum
2789 3029 2898 3103 [Z.,
2930 3039 3093 3095 esset,
3128 3030 3366 3087 hominis
3402 3045 3531 3086 vero
3575 3028 3751 3101 pate],
3791 3040 3847 3084 et

2236 3138 2336 3177 cur
2376 3123 2575 3178 summi
2606 3123 2783 3195 angeli
2823 3123 3000 3179 scelus
3027 3122 3326 3179 insanabile
3346 3121 3470 3189 fuit,
3501 3129 3558 3178 et
3596 3123 3848 3178 hominis

2230 3215 2510 3272 sanabile?
2537 3215 2653 3272 Nisi
2681 3217 2806 3286 quia
2833 3217 3135 3288 angelicum
3169 3217 3366 3272 vulnus
3395 3216 3542 3273 Deus
3562 3232 3674 3273 non
3694 3232 3844 3287 prae-

2231 3305 2520 3360 destinavit
2571 3321 2785 3373 curare,
2840 3306 3076 3362 hominis
3113 3321 3244 3364 vero
3296 3323 3491 3363 sanare
3545 3307 3838 3378 praedesti-

2232 3397 2402 3452 navit.
2439 3397 2508 3452 Et
2557 3399 2684 3469 quia
2740 3399 2965 3469 angelus
3013 3400 3096 3454 sui
3142 3399 3364 3454 sceleris
3413 3399 3663 3454 inventor
3703 3399 3836 3460 fuit.

2232 3491 2398 3546 homo
2435 3504 2566 3546 vero
2602 3489 2828 3546 alterius
2872 3490 3063 3546 fraude
3117 3491 3395 3547 seductus.
3447 3489 3582 3546 Item
3631 3501 3846 3561 quanto

2234 3581 2520 3640 sublimior
2557 3580 2729 3656 [Petr.
2758 3599 2861 3637 om.
2888 3591 2972 3638 est
2993 3583 3077 3637 hic
3099 3591 3147 3638 et
3175 3581 3343 3655 infra]
3389 3590 3470 3638 est
3499 3582 3730 3655 angelus
3786 3584 3842 3638 in

2235 3665 2607 3743 gloria,tanto
2647 3672 2823 3742 major
2869 3675 2925 3728 in
2973 3673 3148 3728 ruina.
3212 3671 3385 3729 Homo
3440 3687 3573 3730 vero
3629 3684 3847 3744 quanto

2234 3763 2482 3835 fragilior
2507 3765 2668 3820 estin
2701 3773 2915 3832 natura,
2945 3774 3095 3822 tanto
3127 3765 3338 3822 facilior
3363 3766 3430 3822 ad
3449 3766 3692 3822 veniam.

2307 3856 2474 3912 Vnus.
2507 3857 2595 3913 20.
2620 3858 2776 3913 -——Et
2807 3860 3007 3913 vocavit
3048 3859 3218 3913 Adam
3266 3875 3454 3914 nomen
3497 3862 3680 3914 uxoris
3729 3877 3845 3914 sua:

2239 3937 2376 4014 Eva,
2403 3966 2460 4003 eo
2486 3951 2626 4020 quod
2652 3959 2821 4003 mater
2847 3959 2977 4004 esset
3012 3959 3320 4004 cunctorum
3370 3951 3670 4004 caventium.
3728 3949 3842 4004 Eva

2237 4041 2633 4112 interpretatur
2653 4042 2779 4108 vita,
2835 4043 2949 4098 sive
3004 4041 3306 4108 calamitas,
3360 4043 3476 4098 sive
3517 4059 3612 4097 vta.
3693 4041 3842 4106 Vita,

2235 4133 2359 4204 quia
2383 4132 2534 4204 origo
2572 4131 2676 4187 fuit
2693 4133 2971 4198 nascendi,
3014 4139 3071 4189 et
3093 4132 3214 4189 ideo
3235 4141 3405 4188 mater
3423 4143 3733 4187 cunctamur
3763 4133 3846 4188 di-

2238 4225 2399 4281 citur.
2429 4225 2721 4282 Calamitas
2757 4235 2814 4283 et
2856 4244 2952 4293 υω,
3003 4227 3129 4297 quia
3189 4243 3288 4299 per
3331 4225 3843 4298 pmvaricationem

2239 4333 2403 4374 causa
2431 4318 2643 4374 exstitit
2666 4319 2967 4386 moriendi;
3001 4335 3032 4374 a
3059 4320 3304 4376 cadendo
3357 4320 3504 4376 enim
3551 4319 3839 4374 calamitas

2238 4424 2438 4463 nomen
2477 4409 2726 4479 sumpsit.
2784 4409 2886 4464 Alii
2937 4417 3118 4465 autem
3171 4410 3399 4466 dicunt:
3436 4409 3518 4466 0b
3561 4410 3671 4465 hoc
3727 4410 3842 4465 Eva

2240 4500 2344 4554 vita
2368 4508 2424 4555 et
2441 4499 2718 4554 calamitas
2749 4509 2833 4556 est
2855 4501 3143 4571 appellata,
3175 4503 3301 4572 quia
3331 4518 3470 4574 saepe
3497 4501 3695 4558 mulier
3715 4503 3844 4559 viro

2240 4605 2403 4646 causa
2435 4589 2624 4645 salutis
2647 4599 2749 4657 est,
2779 4606 2929 4660 saepe
2958 4593 3306 4658 calamitatis,
3339 4601 3395 4648 et
3435 4593 3650 4658 mortis,
3694 4596 3841 4663 quod

2239 4691 2321 4738 est
2356 4699 2451 4736 υω.
2504 4681 2833 4752 Spiritaliter
2862 4684 2915 4738 in
2940 4685 3042 4741 hoc
3085 4685 3228 4755 quod
3276 4687 3380 4739 vita
3425 4685 3843 4755 interpretatur,

2238 4773 2508 4844 signiﬁcat
2531 4774 2850 4843 Ecclesiam,
2889 4792 3008 4847 quze
3039 4785 3214 4832 mater
3236 4776 3503 4841 vivorum,
3527 4775 3579 4831 id
3609 4785 3695 4831 est
3751 4791 3842 4832 re-

2235 4875 2322 4920 cte
2347 4863 2614 4932 factorum
2656 4875 2901 4932 vocatur,
2944 4868 3140 4937 quibus
3195 4866 3473 4923 contraria
3527 4874 3658 4922 sunt
3702 4883 3838 4939 pec-

2241 4966 2381 5024 cata,
2410 4972 2531 5029 quae
2557 4958 2778 5013 nomine
2807 4969 3147 5015 mortuorum
3177 4958 3587 5030 signiﬁcantur.

2317 5050 2479 5103 Vens.
2504 5049 2594 5103 21.
2623 5079 2690 5089 -—
2722 5047 2875 5104 Fecit
2898 5067 3100 5121 quoque
3120 5049 3377 5104 Dominus
3426 5048 3568 5104 Deus
3608 5048 3740 5103 Δάαι
3788 5059 3838 5104 et

2246 5141 2398 5193 uxori
2425 5140 2539 5209 ejus
2563 5140 2767 5194 trmicas
2787 5139 3053 5210 pelliceas,
3083 5149 3131 5194 et
3160 5139 3331 5193 induit
3353 5156 3464 5205 eos,
3485 5147 3535 5193 et
3556 5138 3649 5192 ait.
3696 5135 3839 5207 Quid

2246 5241 2329 5286 est
2387 5231 2531 5300 quod
2580 5232 2659 5286 eis
2718 5232 2929 5287 tunicas
2988 5231 3246 5302 pelliceas
3301 5228 3686 5286 contexit?Ut
3743 5243 3839 5284 eos

2245 5321 2353 5396 [Z.,
2378 5324 2480 5378 nisi
2518 5335 2572 5378 ut
2602 5323 2718 5397 eos]
2758 5323 3015 5380 mortales
3039 5323 3206 5379 fuisse
3237 5323 3553 5379 insinuaret.

2313 5415 2478 5470 Vens.
2510 5417 2598 5471 2‘2.
2638 5447 2706 5457 —
2729 5415 2866 5470 Ecce
2885 5415 3057 5470 Adam
3081 5416 3266 5485 lfactus
3296 5426 3368 5469 est
3392 5415 3544 5486 quasi
3594 5430 3728 5466 unus
3773 5429 3838 5465 ex

2245 5507 2416 5570 nobis,
2448 5507 2616 5562 sciens
2645 5506 2837 5561 bonum
2865 5515 2911 5560 et
2949 5506 3168 5560 malum.
3201 5507 3292 5560 Ait
3321 5506 3487 5570 enim,
3508 5505 3659 5575 quasi
3700 5519 3838 5557 Imus

2244 5615 2306 5653 ex
2334 5600 2499 5654 nobis.
2533 5599 2624 5656 Sic
2653 5599 2896 5670 loquitur
2916 5600 3073 5668 quasi
3107 5608 3251 5654 esset
3298 5599 3465 5662 Deus,
3496 5596 3638 5666 quod
3669 5595 3838 5666 perti-

2244 5704 2337 5747 net
2401 5694 2467 5746 ad
2531 5694 2836 5748 irrisioncm
2896 5693 3223 5756 insultantis,
3273 5692 3358 5747 vel
3399 5690 3727 5774 deterrentis
3771 5690 3838 5743 ad

2244 5785 2551 5854 exemplum
2595 5787 2822 5851 timoris,
2851 5801 2917 5839 ne
2945 5785 3067 5855 quis
3093 5783 3202 5856 [Z.,
3227 5802 3330 5839 om.
3369 5783 3512 5856 quis]
3562 5792 3834 5854 peccaret,
