4044 6326
249 416 358 472 με

1563 409 1907 469 εοΜΜΕΝΤ.
1947 411 2014 465 ΙΝ
2054 412 2211 467 GEN.

3406 416 3507 467 Hb

247 531 382 602 quia
403 543 510 583 non
537 527 708 582 solum
740 527 813 581 ita
857 526 1030 581 factus
1077 535 1161 582 est
1201 535 1261 580 ut
1304 527 1420 580 ﬁeri
1458 525 1647 588 voluit,
1678 537 1703 565 α
1735 525 1828 580 sed
1857 529 1907 586 Α
1934 525 2218 595 gniﬁcatur
2248 525 2354 595 [Z.,
2385 524 2695 596 signiﬁcat],
2725 528 2866 595 quod
2911 542 2938 578 a
2989 525 3292 582 carnalibus
3336 529 3508 586 sensi-

247 618 503 676 nec‘illud
524 617 669 688 quod
690 615 865 671 factus
886 615 1472 681 fuerat,-conservavit.
1505 614 1648 668 Bene
1673 615 1828 680 dixit,

245 709 405 780 quasi
425 723 560 761 unus
586 723 651 760 ex
689 705 856 770 nobis,
898 697 1178 775 pluraliter
1227 713 1447 776 propter
1489 705 1829 770 Trinitatem,

243 809 304 855 et
356 797 491 853 illud
522 816 536 851 :
561 796 824 867 faciamus
848 797 1127 862 hominem,
1153 805 1210 850 et
1233 795 1458 864 reliqua.
1513 793 1697 849 Sciens
1737 801 1828 847 bo-

245 910 378 947 num
400 902 448 946 et
485 890 702 957 malum,
746 889 996 946 videlicet
1042 905 1140 960 per
1186 889 1634 958 experimentum,
1688 887 1830 957 quod

247 986 396 1040 Deus
424 983 576 1038 novit
593 997 693 1051 per
712 982 1051 1052 sapientiam.
1089 979 1271 1036 Videte
1291 998 1356 1037 ne
1386 981 1518 1052 forte
1557 989 1727 1034 sumat
1767 980 1831 1034 de

242 1076 394 1146 ligno
415 1075 567 1142 vitae,
590 1082 638 1127 et
657 1073 793 1127 vivat
822 1074 877 1126 in
902 1083 1174 1128 aeternum.
1205 1073 1330 1128 Ideo
1363 1073 1535 1127 noluit
1575 1087 1673 1127 sua
1720 1071 1832 1142 pie-

247 1173 360 1220 tate
385 1163 660 1218 utiterum
689 1171 929 1218 sumeret
967 1163 1033 1218 de
1079 1163 1225 1234 ligno
1269 1163 1414 1230 vitae,
1463 1164 1590 1233 quia
1633 1163 1678 1219 si
1707 1163 1831 1218 inde

243 1252 578 1319 comederet,
622 1253 945 1310 immortalis
989 1269 1113 1310 cum
1137 1263 1139 1266 ‘
1165 1270 1264 1310 suo
1309 1263 1530 1326 peccato
1575 1266 1831 1326 tanquam
1875 1285 1878 1290 -

243 1343 516 1410 diabolus,
536 1353 597 1399 ut
616 1344 784 1416 aliqui
809 1344 1014 1410 volunt,
1043 1354 1407 1415 permaneret,
1437 1354 1493 1401 et
1539 1361 1646 1400 non
1687 1347 1832 1401 redi-

241 1441 333 1487 ret
356 1449 456 1503 per
479 1435 875 1505 paenitentiam.
925 1434 1078 1490 Unde
1119 1444 1308 1505 putant
1360 1436 1505 1506 quod
1554 1451 1830 1505 nunquam

239 1526 310 1579 de
339 1525 488 1597 ligno
507 1526 634 1581 vitae
651 1527 996 1592 comedisset,
1023 1527 1150 1597 quia
1195 1527 1243 1582 si
1298 1528 1516 1593 edisset,
1560 1527 1826 1598 inquiunt,

237 1633 353 1672 non
382 1627 656 1688 peccaret.
681 1619 874 1676 Aliter.
901 1617 1082 1675 Voluit
1113 1619 1257 1676 Deus
1277 1630 1338 1675 ut
1366 1629 1628 1686 sumeret,
1659 1629 1713 1675 et
1733 1637 1832 1692 per

233 1709 616 1778 paenitentiam
659 1721 1030 1780 recuperaret;
1080 1720 1136 1766 et
1183 1721 1266 1767 est
1313 1713 1560 1782 ambigua
1610 1713 1826 1767 locutio.

235 1797 544 1868 Loquimur
574 1800 719 1854 enim
746 1801 827 1855 sic
855 1816 978 1856 cum
1009 1801 1237 1857 dicimus
1266 1819 1279 1856 :
1308 1801 1433 1857 ldeo
1460 1815 1652 1857 moneo
1679 1811 1731 1855 te
1761 1817 1829 1856 ne

232 1891 444 1946 iterum
463 1892 630 1949 facias
654 1893 797 1963 quod
821 1893 1018 1960 fecisti,
1067 1893 1305 1950 volentes
1345 1895 1490 1950 enim
1534 1904 1596 1950 ut
1640 1895 1823 1950 faciat.

231 1980 310 2038 Et
335 1983 536 2038 iterum
561 2003 575 2038 :
601 1983 726 2040 ldeo
749 1999 941 2040 moneo
970 1995 1022 2040 te
1044 2000 1112 2041 ne
1140 1987 1216 2042 sis
1235 1985 1428 2052 bonus,
1450 1987 1694 2043 volentes
1721 1988 1824 2041 uti-

233 2089 347 2144 que
371 2085 432 2130 ut
456 2077 544 2132 sit.
572 2076 696 2134 Ideo
717 2093 914 2134 moneo
950 2087 1004 2134 te
1049 2094 1119 2134 ne
1164 2079 1417 2150 desperes
1473 2081 1616 2150 quod
1655 2079 1827 2135 bonus

231 2170 415 2240 possis
450 2184 590 2226 esse.
625 2170 742 2225 Tali
769 2171 914 2227 enim
935 2171 1097 2228 modo
1123 2171 1200 2226 ait
1218 2171 1508 2242 Apostolus
1533 2191 1547 2226 :
1580 2171 1663 2226 Ne
1691 2173 1826 2242 forte

231 2262 322 2316 det
346 2261 456 2316 illis
489 2261 629 2317 Deus
648 2263 1002 2333 paenitentiam
1023 2264 1091 2318 ad
1114 2265 1527 2335 cognoscendam
1556 2265 1823 2319 veritatem

233 2351 324 2420 (II
353 2350 492 2406 Tim.
520 2367 584 2419 rt,
612 2351 731 2423 25),
760 2368 882 2408 cum
911 2355 1014 2409 hoc
1041 2353 1228 2424 utique
1250 2354 1518 2423 cupiebat.

312 2463 477 2517 Vnus.
501 2461 593 2515 25.
620 2493 687 2502 -
709 2461 899 2517 Emisit
927 2480 1044 2518 eum
1077 2463 1332 2518 Dominus
1382 2463 1524 2518 Deus
1565 2464 1629 2518 de
1667 2479 1825 2534 para-

239 2560 359 2613 diso
387 2559 686 2630 voluptatis,
718 2569 776 2613 ut
801 2569 1105 2630 operaretur
1129 2569 1348 2625 terram,
1375 2560 1440 2613 de
1461 2576 1566 2630 qua
1588 2568 1823 2628 sumptus

233 2661 337 2706 est.
385 2649 573 2707 Potest
609 2666 738 2722 ergo
786 2652 957 2708 videri
1009 2651 1178 2725 [Petr.
1237 2650 1380 2723 ﬂeri]
1435 2660 1494 2706 ut
1539 2657 1824 2720 propterea

231 2745 403 2799 homo
426 2743 482 2798 in
508 2743 694 2800 labore
729 2745 887 2816 hujus
930 2745 1053 2800 vitae
1103 2752 1247 2800 esset
1302 2745 1576 2809 dimissus,
1626 2751 1685 2798 ut
1728 2743 1826 2797 ali-

229 2835 456 2906 quando
481 2851 699 2891 manum
727 2836 1031 2908 porrigeret
1059 2834 1128 2890 ad
1153 2836 1402 2891 arborem
1427 2835 1567 2889 vitae.

311 2952 478 3009 Vens.
518 2954 607 3008 24.
639 2985 709 2996 --
738 2953 808 3008 Et
836 2955 985 3025 ejecit
1031 2957 1222 3010 Adam.
1251 2955 1405 3012 Haud
1439 2955 1660 3012 dubium
1696 2956 1824 3026 quin

229 3045 520 3101 Dominus.
549 3043 617 3100 Et
643 3045 880 3100 habitare
903 3046 1024 3116 fecit
1053 3055 1172 3100 ante
1198 3047 1505 3117 paradisum
1545 3045 1824 3116 voluptatis

227 3136 525 3201 cherubim,
551 3144 597 3190 et
619 3137 922 3205 ﬂammeum
961 3135 1197 3206 gladium
1235 3145 1390 3207 atque
1417 3135 1710 3190 versatilem
1754 3135 1822 3189 ad

228 3229 635 3285 custodiendam
656 3230 793 3283 viam
813 3227 1088 3300 lignivitw.
1115 3227 1232 3283 Non
1259 3228 1401 3299 quod
1425 3227 1600 3297 ipsum
1621 3227 1819 3292 Adam,

223 3337 399 3394 quem
425 3319 680 3390 eiecerat,
713 3321 856 3376 Deus
885 3321 1130 3376 habitare
1162 3320 1353 3376 fecerit
1375 3328 1563 3375 contra
1595 3318 1816 3389 paradi-

223 3429 360 3470 sum
387 3399 702 3483 voluptatis,
737 3411 834 3467 sed
859 3411 1002 3482 quod
1025 3411 1116 3468 illo
1137 3410 1313 3481 ejecto
1339 3418 1468 3466 ante
1488 3410 1635 3464 fores
1659 3424 1817 3480 para-

225 3506 339 3562 disi
369 3486 650 3562 cherubim
674 3513 729 3559 et
744 3502 1052 3558 ﬂammeum
1082 3503 1317 3575 gladium
1346 3501 1591 3573 posuerit
1615 3501 1684 3556 ad
1717 3515 1816 3555 cu-

225 3597 576 3655 stodiendum
604 3596 932 3667 paradisum,
968 3611 1036 3650 ne
1064 3597 1187 3666 quis
1224 3595 1398 3668 possit
1420 3595 1647 3650 intrare.
1673 3592 1818 3650 Bene

225 3689 538 3754 cherubim,
564 3688 651 3743 vel
679 3687 989 3743 flammeum
1014 3687 1253 3760 gladium
1279 3697 1441 3758 atque
1467 3686 1779 3742 versatilem
1798 3728 1812 3751 ,

224 3785 303 3838 ad
345 3781 759 3838 custodiendum
787 3781 987 3851 posuit,
1022 3781 1074 3835 id
1110 3788 1193 3836 est
1238 3795 1335 3851 per
1373 3779 1675 3852 angelicum
1719 3778 1816 3833 mi-

226 3877 517 3933 nisterium
571 3877 783 3947 igneam
810 3873 1099 3945 quamdam
1150 3871 1452 3928 custodiam
1501 3868 1613 3941 [Z.,
1665 3871 1818 3940 ignea

227 3969 480 4040 quaedam
499 3966 791 4039 custodia],
815 3983 936 4038 qua:
957 3975 1138 4021 tamen
1171 3978 1409 4034 congrue
1431 3962 1687 4018 versatilis
1701 3976 1820 4018 esse

228 4061 435 4116 dicitur
461 4076 559 4132 pro
587 4076 652 4117 eo
694 4059 838 4131 quod
887 4058 1210 4131 quandoque
1254 4057 1468 4112 veniret
1491 4057 1726 4126 'tempus
1761 4064 1820 4109 ut

227 4155 403 4211 etiam
450 4154 717 4210 removeri
770 4153 1056 4224 potuisset,
1102 4149 1353 4206 videlicet
1398 4165 1497 4220 per
1528 4149 1820 4204 adventum

229 4248 379 4303 iliius
406 4248 498 4319 qui
542 4263 653 4303 suae
693 4245 1083 4302 incarnationis
1106 4243 1369 4316 mysterio
1396 4242 1504 4298 iter
1540 4241 1697 4296 nobis
1725 4256 1819 4310 pa-

229 4339 404 4395 radisi
424 4341 656 4410 aperuit.
683 4338 949 4395 Cancrum
972 4345 1098 4392 ante
1116 4336 1408 4391 adventum
1440 4334 1608 4406 ipsius
1631 4348 1820 4388 omnes

229 4432 437 4486 mortui
481 4432 550 4486 ad
588 4430 784 4486 inferni
822 4430 1062 4486 claustra
1092 4425 1492 4483 descendebant
1521 4444 1533 4478 :
1564 4424 1818 4494 quoniam

231 4519 352 4596 [Z.,
378 4536 568 4577 omnes
590 4535 897 4591 quanquam
923 4520 1135 4575 munda:
1159 4517 1506 4588 probataque
1532 4517 1655 4570 vitae
1695 4514 1816 4570 fue-

1929 617 2028 671 hus
2052 617 2334 671 abstracta:
2364 617 2662 686 voluptates
2685 660 2698 681 ,
2733 621 2825 688 qui
2873 620 2900 659 ι)
2950 620 3240 675 carnaliter
3263 620 3505 678 viventes

1930 716 2087 772 sunt;
2125 709 2249 776 quia
2280 709 2418 763 sicut
2463 709 2628 777 pelles
2671 709 3062 764 abstrahuntur
3087 726 3117 764 a
3146 726 3394 782 corpore,
3428 713 3504 766 ita

1929 816 2109 870 prava:
2133 802 2439 872 voluptates
2468 818 2497 855 a
2535 811 2736 866 mente,
2764 811 2822 857 ct
2846 803 3081 857 divinam
3107 803 3281 872 legem
3311 819 3504 859 conse-

1929 876 2199 961 quuntur;
2245 901 2301 946 et
2328 893 2454 947 dum
2493 901 2882 948 convertuntur
2918 897 2986 950 ad
3010 895 3181 949 Deum
3211 911 3310 966 per
3348 895 3506 950 ﬂam-

1929 997 2105 1036 meam
2129 980 2405 1046 frameam,
2433 984 2484 1038 id
2517 992 2599 1038 est
2639 1000 2736 1054 per
2763 985 3138 1042 tribulationes
3159 987 3505 1056 temporales,

1928 1079 2151 1142 peccata
2181 1087 2278 1126 sua
2305 1075 2683 1142 cognoscendo
2715 1083 2770 1129 et
2794 1076 3078 1145 gemendo,
3109 1085 3164 1130 et
3191 1093 3288 1146 per
3314 1078 3509 1132 cheru-

1929 1162 2075 1229 bim,
2122 1162 2176 1217 id
2223 1150 2448 1233 est'per
2483 1165 2872 1234 plenitudinem
2923 1167 3185 1232 scientiaa,
3235 1167 3377 1236 quod
3425 1177 3510 1222 est

1931 1252 2190 1319 charitas,
2223 1254 2540 1324 perveniant
2567 1255 2634 1310 ad
2678 1255 2930 1311 arborem
2972 1257 3098 1312 vita:
3125 1257 3418 1325 Christum,
3457 1267 3513 1314 et

1929 1344 2114 1398 vivant
2170 1345 2221 1398 in
2281 1353 2561 1399 aeternum.
2621 1345 2910 1400 Cherubim
2961 1362 3194 1417 namque
3243 1348 3510 1417 plenitudo

1929 1437 2160 1490 scientia:
2189 1437 2616 1506 interpretatur:
2655 1436 2858 1492 framea
2907 1437 3202 1502 versatilis,
3234 1439 3406 1508 posita
3443 1439 3509 1493 ad

1931 1528 2336 1584 custodiendam
2361 1530 2502 1582 viam
2525 1529 2653 1599 ligni
2673 1530 2829 1603 _vit:c,
2862 1529 3189 1600 temporales
3217 1543 3391 1598 paena:
3424 1530 3508 1583 in-

1933 1621 2260 1692 telliguntur.
2298 1620 2466 1675 Nemo
2495 1622 2636 1676 enim
2683 1604 2861 1690 potest
2906 1621 3193 1690 pervenire
3238 1621 3307 1675 ad
3347 1620 3510 1674 arbo-

1931 1728 2044 1768 rem
2069 1714 2210 1778 vitre,
2237 1712 2341 1767 nisi
2367 1726 2464 1782 per
2485 1713 2582 1766 has
2597 1713 2730 1767 duas
2759 1727 2864 1778 res,
2892 1711 3235 1766 tolerantiam
3260 1710 3511 1766 videlicet

1933 1805 2320 1870 molestiarum,
2365 1813 2420 1859 et
2463 1803 2852 1874 plenitudinem
2899 1803 3157 1866 scientiae,
3206 1802 3260 1854 id
3307 1809 3389 1855 est
3417 1814 3513 1870 per

1854 1883 1902 1943 Β
1930 1898 2248 1954 charitatem
2292 1897 2388 1951 Dei
2435 1906 2490 1951 et
2534 1895 2785 1967 proximi.
2837 1891 3118 1948 Plenitudo
3147 1893 3295 1962 legis,
3337 1891 3512 1964 inquit

1929 1989 2232 2059 Apostolus,
2264 1999 2337 2044 est
2367 1990 2596 2043 charitas
2622 1987 2800 2059 (Rom.
2832 2003 2952 2052 xm,
2986 1985 3094 2056 10).

2537 2100 2764 2158 CAPUT
2799 2099 2890 2156 IV.

1999 2193 2162 2248 Vsus.
2197 2195 2250 2247 1.
2305 2223 2374 2232 ——-
2415 2193 2584 2247 Adam
2631 2209 2746 2247 vero
2768 2193 3003 2262 cognovit
3047 2190 3238 2258 Evam,
3294 2207 3508 2246 uxorem

1926 2301 2098 2350 suam,
2126 2300 2242 2353 qua:
2269 2283 2520 2352 concepit,
2551 2292 2597 2337 et
2622 2283 2814 2352 peperit
2845 2281 3000 2348 Cain,
3039 2290 3095 2336 et
3129 2290 3344 2338 caetera.
3376 2281 3510 2336 Cain

1927 2353 2312 2446 interpretatur
2336 2375 2610 2445 acquisitio
2635 2374 2750 2428 sive
2769 2374 3049 2444 possessio,
3081 2373 3225 2428 unde
3243 2372 3508 2445 etymolo-

1927 2469 2070 2537 giam
2095 2468 2264 2538 ipsius
2291 2469 2600 2539 exprimens
2636 2476 2807 2522 mater
2832 2468 2950 2522 ait:
2986 2467 3206 2522 Possedi
3247 2469 3508 2522 hominem

1926 2577 2014 2632 per
2032 2561 2222 2615 Deum.
2251 2561 2298 2616 A
2325 2562 2595 2616 nonnullis
2648 2561 2810 2616 etiam
2852 2560 3156 2615 lamentatio
3198 2561 3416 2627 dicitur,
3445 2575 3511 2617 eo

1927 2651 2069 2722 quod
2096 2660 2216 2722 post
2242 2652 2586 2709 interfectum
2632 2651 2764 2708 Abel
2817 2651 3132 2708 interfectus
3179 2655 3268 2719 sit,
3312 2661 3368 2708 et
3394 2667 3511 2724 pa:-

1928 2761 2055 2800 nam
2083 2746 2168 2800 sui
2188 2746 2407 2802 sceleris
2436 2745 2662 2801 dederit.

2000 2862 2164 2917 Vsus.
2198 2862 2248 2914 2.
2291 2892 2360 2900 —
2407 2859 2735 2930 Rursumque
2755 2861 2948 2930 peperit
2979 2859 3195 2926 fratrem
3219 2858 3332 2928 ejus
3353 2857 3504 2911 Abel.

1928 2951 2060 3007 Abel
2092 2951 2262 3006 luctus
2305 2953 2708 3022 interpretatur.
2757 2950 2894 3024 Quo,
2925 2949 3143 3005 nomine
3168 2948 3512 3021 significaba-

1931 3055 2017 3100 tur
2059 3045 2405 3100 occidendus.
2451 3032 2595 3100 Idem
2653 3041 2764 3116 [Z.,
2791 3042 2951 3116 Item]
3003 3050 3056 3098 et
3101 3043 3327 3107 vanitas,
3370 3042 3514 3097 sicut

1929 3140 2093 3210 aliqui
2120 3139 2326 3205 volunt,
2347 3139 2472 3210 quia
2501 3138 2611 3194 cito
2637 3137 2847 3194 solutus
2875 3145 2959 3193 est
2987 3145 3150 3207 atque
3177 3139 3507 3193 subtractus.

1929 3231 2028 3288 Hic
2053 3231 2347 3288 notandum
2381 3239 2465 3286 est
2489 3230 2616 3300 quia
2645 3229 2765 3284 dua:
2795 3229 3050 3284 dicuntur
3085 3228 3354 3293 civitates,
3385 3226 3507 3280 dia-

1925 3323 2035 3378 boli
2062 3321 2309 3378 videlicet
2336 3329 2497 3390 atque
2521 3320 2637 3386 Dei,
2671 3335 2791 3390 quae
2820 3320 2888 3374 ab
2918 3319 3073 3374 initio
3103 3318 3312 3383 mundi,
3346 3315 3512 3374 sicuti

1923 3414 2012 3470 hic
2040 3413 2361 3479 ostenditur,
2390 3413 2634 3468 construi
2666 3419 2976 3482 cmperunt,
3005 3411 3144 3467 sicut
3175 3418 3232 3466 et
3254 3411 3373 3466 duae
3413 3424 3510 3481 ge-

1922 3505 2249 3565 nerationes.
2283 3503 2518 3559 carnalis
2544 3502 2754 3558 scilicet
2778 3510 2835 3557 et
2854 3501 3135 3572 spiritalis.
3167 3498 3322 3555 Unde
3353 3514 3511 3570 regu-

1921 3596 1971 3650 la
1990 3595 2394 3667 Scripturarum
2407 3602 2492 3650 est
2512 3591 2578 3665 [Ζ
2584 3632 2625 3658 .,
2649 3591 2849 3664 regulae
2871 3590 3276 3662 Scripturarum
3300 3588 3510 3660 dicunt]

1922 3689 2056 3743 duas
2093 3686 2468 3759 generationes
2499 3684 2767 3740 malorum
2793 3691 2849 3739 et
2887 3684 3154 3739 bonorum
3202 3679 3318 3753 [F.,
3363 3679 3506 3752 esse]

1920 3794 2100 3846 nosse,
2148 3780 2288 3835 sicut
2327 3778 2496 3833 multa
2546 3777 2792 3847 exempla
2823 3783 3096 3832 constant.
3135 3773 3307 3829 Natus
3347 3774 3513 3846 igitur

1921 3873 2053 3930 Cain
2083 3874 2232 3944 prior
2257 3888 2325 3928 ex
2354 3872 2459 3927 illis
2499 3871 2708 3927 duobus
2739 3872 2954 3942 generis
2995 3869 3216 3923 humani
3247 3865 3508 3938 parenti-

1919 3968 2022 4022 bus
2059 3966 2338 4035 pertinens
2361 3964 2427 4018 ad
2458 3962 2659 4019 diaboli
2713 3962 3006 4024 civitatem,
3057 3969 3111 4015 et
3141 3960 3204 4014 ad
3233 3957 3508 4036 carnalem

1921 4057 2351 4130 generationem,
2389 4056 2454 4110 de
2476 4070 2583 4125 qua
2613 4069 2710 4124 per
2745 4052 3090 4109 Salomonem
3131 4051 3368 4107 dicitur:
3402 4047 3508 4105 Ge-

1923 4149 2123 4202 neratio
2147 4163 2264 4217 qua:
2285 4146 2421 4216 patri
2449 4161 2545 4199 suo
2572 4143 2856 4210 maledicit,
2882 4152 2930 4196 et
2958 4143 3115 4196 matri
3143 4157 3253 4195 sua:
3279 4156 3382 4195 non
3424 4140 3511 4194 be-

1922 4237 2134 4303 nedicit,
2178 4245 2224 4289 et
2267 4235 2532 4306 generatio
2557 4250 2675 4306 qua:
2709 4233 2808 4287 sibi
2834 4221 3039 4286 munda.
3071 4232 3294 4297 videtur,
3327 4241 3374 4285 et
3405 4247 3509 4284 non

1921 4343 1997 4388 est
2035 4332 2142 4385 lota
2163 4349 2195 4384 a
2223 4330 2464 4385 sordibus
2493 4329 2625 4394 suis,
2651 4336 2758 4384 etc.
2795 4325 2980 4398 (Prov.
3031 4341 3160 4391 xxx,
3191 4324 3314 4397 li);
3347 4332 3403 4380 et
3455 4325 3509 4378 in

1922 4424 2212 4496 Evangelio
2239 4442 2251 4477 :
2297 4423 2575 4478 Generatio
2607 4423 2899 4491 viperarum
2926 4418 3140 4491 (Matth.
3170 4434 3254 4484 ιιι,
3279 4417 3364 4490 7).“
3386 4407 3507 4472 Ει”;

1924 4516 2276 4588 Requirenlur
2300 4518 2476 4570 omnia
2510 4533 2541 4568 a
2567 4499 2899 4586 generatione
2921 4513 3044 4567 ista.
3078 4510 3337 4569 Etmuita
3378 4511 3507 4568 alia.

229 4616 367 4681 rint,
393 4615 461 4668 ad
488 4613 686 4669 inferni
717 4613 786 4669 cl.
817 4614 962 4670 dese.
992 4612 1225 4668 Dubium
1255 4626 1387 4667 vero
1425 4625 1533 4665 non
1561 4615 1646 4665 est
1680 4623 1816 4678 quo-
1843 4633 1898 4694 D
1923 4608 2198 4664 Posterior
2219 4607 2352 4661 Abel
2372 4606 2651 4676 pertinens
2678 4607 2746 4660 ad
2767 4605 3053 4662 civitatem
3098 4605 3196 4690 Dei
3221 4613 3278 4660 et
3301 4605 3371 4660 ad
3394 4605 3511 4676 spi-

231 4706 403 4770 niam,
433 4703 568 4777 etc.]
599 4705 778 4769 homo,
808 4704 904 4774 qui.
919 4717 1018 4773 per
1051 4716 1109 4757 se
1146 4701 1360 4766 cecidit,
1406 4701 1474 4755 ad
1508 4697 1817 4771 paradisum

233 4797 435 4864 redire,
469 4797 572 4853 nisi
598 4812 695 4868 per
723 4796 1028 4859 Dominum,
1061 4809 1168 4849 non
1190 4791 1384 4865 potuit.
1408 4790 1818 4855 Verumtamen,

232 4891 381 4946 sicut
406 4888 677 4944 nonnullis
719 4889 950 4954 videtur,
1001 4894 1180 4958 potest
1217 4884 1443 4956 intelligi
1474 4883 1600 4954 quia
1647 4882 1819 4939 Adam

233 4991 364 5036 ante
388 4981 698 5052 paradisum
739 4982 942 5052 posuit,
989 4989 1114 5036 ante
1156 4979 1472 5050 paradisum
1515 4976 1818 5042 collocavit,

232 5073 445 5129 scilicet
459 5082 678 5144 propter
696 5089 846 5145 spem
867 5072 1299 5144 ptenitentia:,ut
1319 5070 1586 5141 aspiciens
1609 5085 1824 5139 semper

234 5165 588 5221 beatitudinis
613 5165 789 5221 locum
826 5164 1078 5221 fortassis
1101 5163 1410 5234 paeniteret,
1433 5171 1488 5217 et
1512 5176 1606 5232 per
1634 5176 1820 5216 veram

235 5256 674 5312 emendationem
709 5256 912 5313 rediret
932 5258 1001 5312 ad
1020 5257 1238 5312 beatam
1262 5255 1451 5322 vitam,
1481 5269 1644 5324 quam
1668 5254 1820 5323 spiri-

239 5351 420 5406 taliter
457 5351 764 5422 paradisum
796 5352 1113 5407 nominavit.
1145 5349 1273 5416 Sed,
1302 5350 1435 5404 heu!
1466 5349 1602 5418 proh
1629 5347 1814 5403 dolor!

235 5446 433 5511 noluit,
462 5447 560 5502 sed
598 5446 654 5501 in
689 5462 785 5502 sua
811 5445 1031 5501 miseria
1054 5451 1306 5515 peccator
1331 5441 1612 5496 remansit.
1655 5439 1823 5493 Porro

237 5541 295 5596 in
323 5540 428 5594 hoc
449 5539 595 5610 quod
623 5539 868 5611 superius
892 5538 1089 5594 dicitur
1108 5535 1382 5606 accepisse
1405 5534 1642 5589 tunicam
1669 5531 1822 5603 pelli-

238 5646 413 5697 oeam,
453 5639 510 5686 et
532 5630 693 5686 modo
717 5630 928 5686 sistitur
950 5637 1076 5684 ante
1095 5627 1430 5700 paradisum,
1461 5626 1552 5681 ubi
1585 5624 1822 5695 positum

237 5732 323 5781 est
360 5723 665 5791 cherubim,
712 5732 768 5778 et
798 5722 1005 5780 framea
1050 5722 1226 5794 ignea,
1275 5719 1564 5792 allegorice
1609 5719 1712 5774 hoc
1751 5718 1823 5772 si-

316 5894 346 5925 ι
377 5881 472 5940 Sic
495 5891 722 5951 uterque
748 5880 937 5937 codex.

1927 4701 2137 4756 ritalem
2164 4700 2584 4771 generationem.
2615 4697 2766 4755 Unde
2799 4698 3088 4770 Apostolus
3121 4697 3296 4766 :,Non
3335 4699 3508 4769 prius,

1925 4792 2324 4867 quodspi‘rit’ale
2344 4802 2440 4856 est,
2465 4792 2554 4846 sed
2577 4791 2715 4862 quod
2739 4790 2988 4856 animale,
3012 4790 3200 4845 deinde
3226 4790 3365 4861 quod
3395 4790 3507 4859 spi-

1931 4884 2080 4938 ritale
2107 4883 2153 4955 (1
2181 4881 2304 4937 Cor.
2331 4899 2417 4948 xv,
2449 4880 2558 4952 46).
2592 4880 2930 4951 Quapropter
2958 4881 3347 4952 unusquisque,
3373 4893 3507 4950 quo-

1929 4977 2077 5033 niam
2098 4991 2164 5030 ex
2199 4975 2448 5030 damnata
2484 4987 2664 5028 massa
2689 4973 2951 5039 exoritur,
2981 4973 3157 5044 primo
3191 4973 3260 5028 sit
3287 4984 3510 5026 necesse

1929 5078 2013 5126 est
2041 5087 2109 5126 ex
2136 5070 2307 5125 Adam
2330 5069 2503 5124 malus
2529 5078 2691 5138 atque
2710 5068 2962 5124 carnalis.
2993 5067 3146 5136 Quod
3175 5069 3220 5122 si
3249 5069 3302 5121 in
3348 5064 3510 5120 Chri-

1929 5171 2070 5218 stum
2126 5161 2461 5217 renascendo
2501 5159 2813 5231 profecerit,
2859 5169 3045 5230 postea
3090 5158 3194 5213 erit
3235 5158 3407 5212 bonus
3455 5163 3511 5210 et

1931 5251 2212 5323 spiritalis.
2245 5250 2335 5307 Sic
2378 5251 2432 5306 in
2466 5252 2716 5307 universo
2755 5266 2953 5322 genere
2995 5251 3232 5304 humano
3270 5247 3504 5318 primum

1930 5346 2048 5400 dua:
2076 5346 2194 5400 istae
2208 5353 2491 5415 cmperunt
2508 5344 2776 5399 nascendo
2803 5353 2857 5398 et
2879 5341 3158 5397 moriendo
3185 5354 3507 5410 percurrere

1930 5436 2196 5491 civitates.
2226 5435 2384 5489 Prior
2407 5436 2499 5504 qui
2526 5445 2612 5490 est
2640 5445 2819 5498 natus,
2847 5433 2993 5488 cives
3022 5429 3180 5498 hujus
3205 5429 3385 5485 saeculi
3417 5431 3508 5485 de-

1929 5529 2122 5598 signat,
2167 5527 2306 5581 unde
2335 5535 2388 5580 et
2427 5514 2717 5581 civitatein
2733 5524 2938 5593 primus
2966 5520 3332 5575 construxisse
3372 5519 3505 5587 legi-

1931 5630 2037 5677 tur.
2081 5620 2354 5676 Posterior
2380 5620 2693 5674 autem.isto
2741 5615 3056 5686 peregrinus
3087 5614 3140 5668 in
3186 5613 3402 5679 saeculo,
3448 5620 3510 5666 et

1930 5714 2205 5784 pertinens
2225 5712 2292 5767 ad
2319 5712 2594 5767 civ1tatem
2616 5709 2736 5767 Dei.
2767 5707 2832 5762 de
2859 5722 2965 5776 qua
2985 5704 3266 5762 Psalmista
3299 5723 3310 5758 :
3346 5703 3510 5758 Gene-

2006 5872 2034 5911 b
2071 5869 2248 5926 Locus
2277 5866 2566 5922 mendosus
2602 5865 2657 5918 in
2692 5872 2920 5936 utroque
2943 5843 3148 5920 codice:
