4044 6326
545 410 647 478 N‘l

1487 474 1497 480 ,
1582 412 1927 472 ANGELOMI
1969 410 2426 469 LUXOVIENSIS
2464 396 2770 470 ιιιοΝΑαιιι

3708 408 3819 478 14's

544 534 677 590 ratio
710 543 965 588 rectorum
989 532 1318 588 benedicatur
1352 532 1523 603 (Psal.
1567 549 1673 596 ext,
1713 532 1815 601 l2).
1847 533 1911 586 Et
1943 551 1954 585 ε
1993 530 2119 586 lites
2148 535 2197 594 Α
2226 533 2516 588 dividebat.
2546 534 2708 589 Recte
2741 548 2971 603 namque
3005 532 3265 589 offerebat
3291 535 3423 601 Deo,
3455 535 3540 590 cui
3584 535 3684 590 soli
3727 535 3819 590 of-

544 637 617 681 est
652 624 914 695 generatio
935 624 1281 696 quaerentium
1300 622 1581 677 Dominum
1603 619 1773 691 (Psal.
1807 638 1965 687 χχιιι,
1991 621 2113 691 46);

544 728 598 775 et
654 718 738 773 his
787 717 1003 773 similia.
1041 716 1229 773 Gratia
1278 714 1690 787 pracdestinatus
1732 754 1745 779 ,
1779 714 1950 785 gratia
2005 714 2115 769 ele-

543 817 680 873 ctus,
699 809 871 881 gratia
892 807 1212 880 peregrinus
1233 807 1504 871 deorsum,
1522 804 1693 877 gratia
1716 804 1861 859 cives
1880 820 2114 859 sursum.

610 898 775 955 Vens.
826 899 937 955 5-5.
982 930 1051 940 —
1089 896 1313 973 Factum
1344 907 1417 951 est
1438 906 1611 950 autem
1634 905 1748 965 post
1786 894 1976 951 multos
2007 897 2117 950 dies

541 1003 596 1046 ut
640 994 853 1065 offerret
883 990 1019 1047 Cain
1043 993 1107 1046 de
1141 988 1394 1059 fructibus
1434 998 1587 1042 terra:
1626 1004 1844 1041 munera
1871 987 2113 1053 Domino,

539 1094 593 1140 et
629 1084 835 1154 reliqua
864 1098 1033 1153 usque
1066 1099 1078 1136 :
1107 1098 1209 1136 non
1242 1080 1463 1157 respexit
1498 1076 1754 1135 Dominus
1778 1079 1845 1132 ad
1884 1075 2035 1144 Cain,
2068 1086 2115 1132 et

537 1175 607 1229 ad
634 1190 851 1229 munera
874 1172 1006 1244 ejus,
1034 1170 1302 1243 iratusque
1322 1180 1394 1224 est
1418 1168 1553 1224 Cain
1572 1171 1909 1235 vehementer,
1933 1180 1980 1225 et
2001 1187 2118 1225 con-

538 1268 665 1323 cidit
693 1267 862 1323 vultus
890 1266 1023 1336 ejus.
1060 1262 1213 1320 Unde
1234 1264 1376 1319 scire
1400 1263 1577 1335 potuit
1598 1262 1731 1318 Cain
1764 1264 1904 1332 quod
1931 1260 2117 1318 fratris

538 1372 761 1412 munera
778 1354 1123 1425 suscepisset,
1140 1361 1195 1408 et
1215 1368 1311 1407 sua
1330 1352 1683 1423 repudiasset,
1716 1340 1819 1408 nisi
1842 1353 1968 1422 quia
1989 1367 2116 1407 vera

534 1448 720 1505 estilla
750 1447 1134 1503 Theodotionis
1160 1446 1555 1517 interpretatio,
1572 1460 1678 1516 qua
1701 1445 1831 1501 dicit
1854 1464 1866 1499 :
1893 1444 2114 1516 Inﬂam-

535 1541 694 1595 mavit
726 1539 982 1595 Dominus
1004 1554 1159 1609 super
1199 1537 1325 1592 Abel
1366 1547 1413 1593 et
1434 1555 1590 1610 super
1623 1539 1940 1607 sacriﬁcium
1966 1539 2113 1607 eius:

532 1649 687 1701 super
709 1630 842 1687 Cain
872 1647 989 1687 vero
1019 1641 1066 1685 et
1092 1630 1410 1699 sacri/icium
1440 1630 1552 1701 ejus
1596 1648 1701 1686 non
1730 1631 2114 1700 inﬂammavit?

536 1723 687 1780 Unde
720 1725 964 1781 creditur
1005 1724 1130 1794 quia
1176 1724 1318 1795 ignis
1346 1725 1544 1782 missus
1588 1733 1671 1780 est
1715 1724 1781 1780 de
1825 1724 1983 1791 coelo,
2021 1725 2113 1794 qui

531 1814 662 1872 illud
689 1815 1015 1873 sacrificium
1044 1817 1300 1885 suscepit,
1331 1826 1391 1871 ut
1417 1817 1711 1889 saepissime
1745 1817 1874 1873 viris
1909 1817 2112 1873 sanctis

2222 625 2497 679 ferendum
2527 636 2629 693 est,
2660 628 2859 683 bonum
2878 642 3013 698 opus
3043 628 3375 694 exhibendo;
3406 630 3498 683 sed
3517 646 3623 684 non
3655 641 3822 687 recte

2221 716 2511 781 dividebat,
2562 734 2665 772 non
2714 719 2853 775 bona
2890 712 3163 774 voluntate
3192 718 3456 783 faciendo,
3509 721 3642 778 dans
3694 723 3818 780 Deo

2221 805 2422 876 aliquid
2453 823 2629 875 suum,
2653 809 2755 864 sibi
2781 818 2959 865 autem
2991 812 3248 882 seipsum,
3293 812 3435 882 quod
3479 828 3668 870 omnes
3713 815 3818 885 qui

2218 914 2324 955 non
2353 901 2464 959 Dei,
2500 902 2592 955 sed
2619 918 2770 957 suam
2813 912 3081 960 sectantes
3112 903 3441 961 voluntatem
3478 905 3709 971 faciunt,
3755 909 3819 965 id

2219 1001 2304 1045 est
2337 1007 2441 1045 non
2487 1001 2635 1049 recto
2682 994 2842 1049 corde
2869 1036 2883 1059 ,
2937 997 3029 1049 sed
3076 1011 3332 1066 perverso
3385 998 3649 1059 viventes.
3710 1000 3821 1055 Vel

2220 1082 2345 1152 quia
2390 1081 2637 1139 fortassis
2666 1083 2797 1140 Cain
2822 1085 3044 1141 meliora
3078 1086 3178 1141 sibi
3202 1089 3531 1155 reservabat,
3563 1099 3617 1145 et
3654 1092 3821 1146 dete-

2220 1173 2361 1229 riora
2391 1174 2501 1229 Deo
2537 1176 2827 1242 tribuebat,
2860 1185 2913 1232 et
2954 1177 3187 1233 humana
3232 1180 3540 1237 inventione
3576 1182 3822 1253 excogi-

2221 1274 2346 1329 tata,
2374 1274 2432 1321 ut
2461 1277 2699 1337 putatur,
2750 1276 2804 1322 et
2832 1268 2951 1323 ideo
2982 1285 3086 1325 non
3134 1280 3279 1325 recte
3323 1260 3620 1337 dividebat,
3665 1272 3819 1327 Abel

2221 1372 2348 1411 vero
2377 1359 2577 1431 optima
2624 1358 2735 1414 Deo
2766 1368 2821 1413 et
2850 1360 3112 1415 naturalia
3149 1359 3432 1428 offerebat,
3468 1372 3523 1419 ct
3554 1364 3670 1419 ideo
3724 1380 3822 1418 sa-

2218 1448 2477 1503 criﬁcium
2506 1448 2672 1517 ipsius
2716 1458 3022 1519 susceptum
3071 1459 3170 1505 est.
3218 1451 3369 1507 Unde
3416 1453 3468 1507 in
3512 1452 3819 1525 Evangelia

2218 1539 2563 1609 singulariter
2600 1539 2780 1608 justus
2824 1540 3169 1607 inscribitur,
3224 1543 3351 1612 quia
3398 1532 3646 1600 videlicet
3697 1546 3819 1601 tria

2217 1633 2453 1686 maxima
2473 1630 2699 1701 iustitiae
2738 1633 3008 1702 prteconia
3037 1633 3089 1688 in
3120 1650 3182 1690 eo
3212 1651 3329 1691 esse
3356 1636 3603 1707 leguntur
3631 1656 3644 1692 :
3683 1638 3815 1693 vir-

2218 1724 2436 1794 ginitas,
2468 1723 2849 1787 sacerdotium,
2883 1733 2938 1779 et
2964 1727 3302 1799 martyrium,
3332 1729 3386 1782 in
3415 1728 3607 1798 quibus
3634 1728 3813 1784 Chri-

2218 1825 2357 1871 stum
2389 1812 2775 1889 praaliguravit.
2803 1814 2910 1871 Nos
2939 1817 3101 1871 etiam
3138 1827 3282 1873 recte
3333 1817 3631 1885 ollerimus,
3676 1836 3818 1875 cum

529 1906 877 1962 offerentibus
898 1907 1097 1962 factum
1128 1906 1349 1979 legitur,
1380 1907 1522 1962 sicut
1542 1907 1594 1962 in
1624 1906 1959 1962 dedicatione
1982 1916 2115 1963 tem-
2143 1894 2192 1957 Β
2218 1906 2358 1962 bono
2387 1907 2565 1962 studio
2601 1907 2800 1961 bonum
2827 1921 2962 1976 opus
3001 1907 3225 1978 agimus,
3263 1908 3356 1963 sed
3395 1918 3540 1963 recte
3569 1925 3677 1963 non
3728 1909 3820 1963 di-

530 2000 601 2070 pli
630 2000 729 2055 sub
756 1998 1045 2054 Salomone
1066 2000 1315 2071 legimus,
1348 2008 1404 2055 et
1432 2000 1647 2069 quando
1669 1999 1815 2055 Elias
1846 2001 1901 2055 in
1928 2009 2113 2056 monte

529 2092 778 2149 Carmelo
807 2094 1109 2149 construxit
1149 2092 1337 2148 altare.

597 2184 762 2240 Vens.
808 2183 859 2247 6,
921 2182 973 2238 7.
1026 2214 1095 2224 —
1154 2184 1243 2237 Ait
1298 2184 1437 2238 enim
1472 2183 1730 2238 Dominus
1785 2183 1855 2237 ad
1908 2180 2043 2237 Cain
2091 2199 2110 2236 :

533 2274 708 2343 Quare
736 2278 904 2331 iratus
929 2277 1021 2331 es?
1045 2284 1099 2331 et
1119 2275 1346 2345 reliqua.
1374 2274 1486 2331 Hoc
1514 2283 1616 2341 est,
1640 2288 1809 2344 quare
1835 2273 2107 2341 irasceris,

529 2382 577 2429 et
622 2373 835 2429 invidia:
870 2374 924 2428 in
960 2372 1182 2427 fratrem
1212 2372 1384 2427 livore
1430 2372 1627 2425 iratum
1669 2369 1877 2424 vultum
1926 2368 2109 2424 dimit-

529 2466 598 2522 tis
639 2465 692 2522 in
724 2465 964 2521 terram?
1000 2464 1191 2519 Nonne
1220 2464 1265 2519 si
1293 2463 1419 2518 bene
1443 2459 1631 2533 egeris,
1665 2462 1879 2533 recipies
1903 2501 1918 2526 ,
1953 2461 2001 2515 id
2027 2469 2112 2516 est

523 2557 568 2612 si
596 2573 726 2628 pura
777 2565 956 2613 mente
984 2557 1247 2612 ohtuleris
1273 2556 1619 2619 sacriﬁcium,
1654 2554 1906 2624 recipies,
1941 2554 2111 2625 respi-

523 2649 697 2704 ciente
714 2644 831 2704 Deo
859 2649 926 2704 ad
949 2656 1000 2704 te
1020 2657 1073 2703 et
1101 2649 1167 2705 ad
1191 2629 1522 2705 sacriﬁcium
1544 2648 1737 2703 tuum‘?
1779 2647 1863 2702 vel
1890 2646 2031 2701 sicut
2054 2645 2107 2700 in

522 2740 843 2808 quibusdam
869 2741 1147 2796 codicibus
1177 2740 1450 2796 invenitur
1484 2757 1496 2794 :
1533 2739 1725 2794 Nonne
1748 2740 1794 2793 si
1822 2740 1947 2792 bene
1973 2738 2107 2807 fece-

522 2829 612 2897 ris,
637 2831 929 2887 dimittetur
949 2832 1043 2887 tibi
1078 2847 1227 2886 omne
1248 2831 1537 2886 delictum?
1556 2831 1669 2886 sive
1692 2837 1749 2885 ut
1771 2827 2108 2884 Thoodotion

522 2925 596 2977 ait
628 2942 640 2978 :
672 2934 938 2994 acceptum
964 2925 1060 2977 erit
1077 2924 1102 2976 ?
1127 2924 1231 2977 hoc
1254 2932 1338 2980 est
1365 2941 1378 2977 :
1403 2939 1596 2980 munus
1614 2933 1764 2978 tuum
1792 2920 2104 2991 suscipiam,

522 3014 661 3069 sicut
683 3015 896 3084 suscepi
920 3014 1108 3070 fratris
1144 3015 1241 3069 tui.
1278 3015 1436 3082 Quod
1458 3018 1503 3071 si
1530 3016 1667 3071 male
1705 3017 1891 3088 egeris,
1928 3015 2107 3069 statim

525 3108 576 3162 in
610 3106 814 3175 foribus
828 3116 1101 3179 peccatum
1126 3117 1277 3162 tuum
1310 3109 1502 3163 sederit.
1537 3109 1654 3169 Vel,
1705 3108 1844 3164 sicut
1882 3107 2106 3177 quidam

522 3198 735 3255 codices
796 3199 1035 3261 habent;
1099 3198 1242 3253 illico
1280 3209 1558 3270 peccatum
1622 3209 1742 3253 ante
1796 3199 2106 3254 vestibulum

2217 1998 2471 2064 vidimus,
2500 1998 2542 2053 si
2572 1999 2773 2053 habere
2804 1998 3185 2053 discretionem
3214 2000 3267 2053 in
3298 2000 3438 2055 bono
3464 2016 3624 2071 opere
3654 2010 3818 2071 post-

2215 2105 2495 2160 ponamus.
2542 2088 2679 2161 Quia
2741 2090 2843 2144 nisi
2900 2088 3152 2146 discretio
3180 2091 3362 2159 fuerit,
3407 2080 3547 2162 quod
3578 2101 3819 2165 putatur

2215 2198 2379 2237 causa
2407 2182 2639 2247 virtutis,
2662 2183 3191 2238 reatusestcriminis
3213 2180 3322 2256 [Z.,
3353 2184 3409 2239 fit
3435 2195 3571 2239 reat.
3589 2185 3815 2259 crim.].

2213 2275 2306 2329 Ait
2332 2276 2476 2329 enim
2512 2294 2524 2329 :
2557 2274 2794 2342 Quiesce,
2818 2276 3065 2347 peccasti.
3101 2272 3201 2330 Sed
3233 2276 3301 2329 ad
3332 2286 3379 2331 te
3404 2277 3501 2331 erit
3534 2278 3817 2331 conversio

2214 2368 2352 2436 ejus,
2397 2366 2737 2432 subauditur,
2766 2369 2981 2437 peccati,
3016 2368 3059 2422 si
3095 2369 3471 2439 ptenitentiam
3507 2385 3670 2439 agere
3700 2386 3813 2425 vo-

2214 2457 2378 2512 lneris
2416 2454 2528 2530 [Z.,
2562 2458 2844 2531 nolueris],
2877 2468 2931 2514 ct
2960 2458 3055 2535 tibi
3108 2461 3345 2515 tribuere
3375 2462 3516 2530 quod
3558 2464 3811 2533 gessisti.

2214 2548 2292 2602 Ex
2314 2549 2423 2604 ‘hoc
2450 2550 2591 2619 quod
2619 2551 2713 2614 ait,
2744 2549 2811 2603 ad
2838 2559 2887 2602 te
2920 2550 3020 2603 erit
3044 2542 3311 2604 conversio
3339 2550 3478 2621 ejus,
3510 2563 3690 2621 potest
3720 2556 3815 2609 in-

2214 2638 2379 2709 telligi
2408 2640 2472 2694 ad
2506 2640 2679 2710 ipsum
2708 2638 2985 2695 hominem
3015 2642 3424 2697 conversionem
3453 2657 3574 2697 esse
3602 2644 3816 2701 debere

2212 2729 2529 2800 peccati,ut
2556 2729 2689 2784 nulli
2719 2730 2809 2784 alii
2839 2746 3000 2801 quam
3042 2731 3149 2787 sibi
3197 2732 3333 2787 sciat
3380 2718 3617 2788 tribucre
3657 2738 3815 2806 quod

2212 2828 2418 2890 peccat.
2451 2819 2564 2875 Hoc
2594 2829 2678 2876 est
2700 2821 2845 2876 enim
2878 2822 3110 2878 salubris
3140 2824 3483 2894 poenitentia
3528 2826 3811 2882 medicina

2212 2922 2266 2968 et
2316 2914 2485 2968 veniae
2526 2914 2731 2984 petitio.
2782 2913 2937 2969 Tunc
2972 2914 3121 2970 enim
3160 2915 3527 2971 dominabitur
3566 2917 3811 2988 quisque

2212 3013 2455 3074 peccato,
2496 3004 2542 3060 si
2592 3005 2645 3059 id
2676 3004 2777 3059 sibi
2812 3020 2929 3063 non
2968 3005 3664 3079 diﬁ‘erendopraeposuerit,
3710 3010 3811 3065 sed

2211 3097 2525 3167 paenitendo
2556 3095 2870 3166 subiecerit.

2287 3187 2445 3243 Vens.
2476 3189 2530 3244 8.
2555 3218 2619 3229 -ο
2654 3188 2723 3242 Et
2750 3189 2881 3243 dixit
2911 3185 3045 3242 Cain
3071 3190 3140 3242 ad
3166 3188 3295 3243 Abel
3334 3189 3555 3259 fratrem
3590 3204 3757 3244 suum
3788 3206 3807 3245 :

536 3280 667 3343 istum
686 3290 900 3345 sedebit.
928 3289 1151 3346 suum
1177 3266 1473 3347 intrantem
1492 3301 1546 3345 et
1571 3300 1859 3345 exeuntem
1884 3298 1940 3345 te
1964 3304 2107 3346 sern-
2132 3266 2178 3332 C
2213 3278 2564 3350 Egrediamur
2588 3279 2758 3348 toras-
2782 3279 2842 3333 In
2868 3278 2994 3334 dolo
3038 3292 3274 3349 namque
3300 3279 3357 3334 ei
3386 3280 3603 3335 locutus
3631 3290 3721 3336 est
3744 3289 3809 3337 ει

522 3396 618 3451 per
655 3390 936 3453 peceatum
958 3390 1108 3437 tuum
1134 3382 1504 3447 cunctabitur,
1528 3390 1586 3436 et
1608 3382 1825 3437 desines
1843 3381 2107 3438 Dominus

522 3475 792 3531 custodire
814 3472 1099 3531 introitum
1124 3473 1193 3547 [Ζ
1200 3514 1239 3541 .,
1270 3475 1397 3530 intr.
1422 3471 1600 3547 tuum]
1624 3481 1678 3530 et
1698 3475 1903 3529 exitum
1930 3483 2101 3528 ειιιιιιι.

523 3562 625 3621 Sed
646 3566 739 3620 sub
762 3574 811 3620 te
826 3568 927 3621 erit
948 3567 1206 3637 appetitus
1230 3575 1373 3631 tuus,
1400 3566 1741 3631 subauditur,
1765 3566 1808 3621 si
1834 3566 2101 3630 volueris;

524 3658 588 3712 Et
610 3669 664 3712 tu
687 3659 1212 3714 dominaberisiilists.
1244 3660 1321 3713 Ac
1336 3659 1386 3713 si
1404 3658 1646 3728 apertius
1672 3659 1897 3713 dixisset
1924 3677 1935 3711 :
1969 3658 2104 3724 Quia

520 3750 677 3805 liberi
700 3750 910 3805 arbitrii
940 3766 1020 3817 es,
1068 3765 1176 3806 non
1219 3742 1382 3806 habet
1410 3758 1694 3821 peccatum
1727 3765 1889 3820 super
1927 3759 1979 3803 te
2004 3749 2103 3804 do-

523 3843 768 3907 minium,
792 3842 884 3897 sed
906 3850 961 3896 tu
988 3840 1184 3914 [Petr.,
1208 3856 1311 3898 non
1338 3842 1506 3897 habes
1525 3849 1806 3912 peccatum
1827 3856 1990 3910 super
2010 3842 2105 3895 do-

522 3934 767 3999 mirtium,
795 3936 889 3990 sed
925 3943 1005 4000 tu,
1035 3934 1166 4007 δια]
1194 3950 1357 4005 super
1376 3932 1527 4000 illud,
1555 3944 1610 3989 et
1634 3936 1686 3990 in
1718 3945 1809 3990 tua
1837 3943 2106 4006 potestate

521 4026 749 4081 esrsive
777 4041 1145 4097 compescere,
1168 4027 1280 4081 sive
1299 4027 1683 4095 concupiscere
1708 4025 1855 4081 illud.
1880 4026 2109 4081 Verum-

525 4125 705 4172 tamen
726 4132 918 4171 moneo
934 4126 992 4171 te
1012 4124 1070 4171 ut
1093 4132 1196 4170 non
1224 4116 1320 4170 tibi
1340 4114 1427 4188 [Ζ.
1442 4157 1454 4180 ,
1488 4115 1587 4188 tui]
1606 4125 1911 4185 peccatum,
1932 4117 2027 4171 sed
2050 4125 2105 4170 tu

524 4206 1209 4277 peccatodominerisﬂam
1223 4207 1573 4278 Septuaginta
1590 4208 1663 4261 ita
1680 4207 2072 4262 transtulerunt
2089 4224 2101 4260 :

526 4296 713 4351 Nonne
740 4299 935 4353 sirecte
957 4299 1168 4369 offeras,
1188 4315 1290 4355 non
1312 4309 1447 4354 recte
1457 4308 1635 4353 autem
1666 4298 1895 4363 dividas,
1920 4316 2106 4368 pecca-

518 4387 586 4441 sti
599 4388 624 4441 ?
672 4388 892 4454 Quiesce
958 4389 1066 4462 {Z.
1096 4432 1111 4457 ,
1154 4391 1379 4463 quiescet
1429 4408 1461 4444 a
1506 4390 1563 4445 te
1607 4391 1875 4445 conversio
1924 4391 2037 4461 ejus
2064 4390 2103 4463 ],

520 4482 589 4535 ad
618 4492 670 4537 te
706 4486 970 4539 conversio
1017 4486 1164 4557 ejus,
1212 4496 1268 4541 et
1306 4496 1523 4542 caetera.
1580 4484 1685 4539 Sed
1728 4484 1898 4539 multo
1950 4484 2109 4539 aliter

523 4571 635 4647 [Z.,
674 4574 860 4649 altius]
900 4576 960 4631 in
990 4576 1219 4634 Hebraeo
1254 4588 1339 4633 est
1378 4590 1541 4648 quam
1576 4576 1631 4631 in
1660 4576 1748 4633 his
1786 4577 2104 4632 translatio-

519 4666 679 4723 nibus
693 4683 905 4724 sensus.
924 4669 1106 4741 Itaque
1118 4670 1438 4727 necessitate
1457 4669 1704 4740 compelli
1714 4684 1832 4723 mur
1845 4669 1897 4724 in
1909 4670 2101 4740 singu-

512 4758 587 4837 lis
614 4759 817 4816 diutius
842 4760 1145 4816 inmorari.
1184 4761 1355 4817 Recte
1399 4770 1581 4817 autem
1624 4761 1852 4817 oli‘ertur
1895 4762 2103 4817 sacriﬁ-

518 4850 682 4914 cium,
721 4865 845 4905 eum
868 4851 1089 4913 Qﬁertur
1117 4853 1227 4909 Deo
1274 4868 1422 4919 vero,
1466 4854 1551 4909 cui
1590 4855 1682 4908 uni
1730 4854 2104 4909 tantummodo

519 4939 933 4996 sacriﬁcandum
980 4950 1082 4997 est.
1118 4942 1231 4997 Non
1262 4953 1444 4998 autem
1482 4954 1629 4999 recte
1670 4944 1945 5007 dividitur,
1976 4945 2103 5000 dum

519 5045 627 5085 non
666 5040 812 5087 recte
838 5031 1167 5089 discernitur
1193 5033 1277 5087 vel
1304 5034 1442 5098 loca,
1474 5033 1558 5088 vel
1596 5043 1860 5103 tempora,
1906 5034 1988 5089 vel
2019 5050 2106 5091 res

521 5121 635 5191 ipsa
668 5136 789 5192 quae
834 5124 1098 5190 ollertur,
1145 5125 1231 5182 vel
1264 5126 1359 5196 qui
1405 5123 1586 5191 oll'ert,
1619 5133 1675 5180 et
1718 5126 1802 5180 cui
1854 5125 2099 5182 oﬁ‘ertur.

521 5213 685 5269 Recte
725 5214 959 5273 offerunt
993 5217 1161 5272 Judaei
1196 5218 1363 5272 Deum
1398 5217 1612 5272 Patrem
1659 5218 1962 5284 credendo;
2010 5220 2104 5274 sed

521 5318 627 5358 non
660 5315 807 5361 recte
834 5308 1082 5363 dividunt
1100 5308 1297 5363 Filium
1324 5307 1590 5378 negando.
1617 5308 1785 5364 Recte
1814 5306 1981 5365 Vetus
2004 5306 2106 5363 Tc-

521 5407 847 5456 stsmentum
884 5401 1120 5458 offerunt
1148 5402 1489 5472 recipiendo;
1516 5403 1611 5458 sed
1654 5417 1760 5458 non
1793 5411 1941 5457 recte
1970 5402 2105 5457 divi-

522 5489 656 5544 dunt
694 5491 900 5549 Novum
930 5493 1253 5565 respuendo.
1290 5492 1379 5550 Sic
1410 5510 1633 5573 quoque
1660 5497 1751 5566 qui
1784 5496 2105 5566 rapacitate,

518 5582 606 5639 vel
626 5584 692 5639 de
715 5587 955 5656 qualibet
987 5603 1045 5642 re
1076 5588 1446 5643 fraudulenter
1474 5589 1762 5659 acquisita,
1800 5602 1936 5659 opus
1967 5587 2108 5643 elec-

522 5688 870 5746 mosynarum
912 5676 1060 5743 facit,
1094 5688 1299 5735 rectum
1327 5694 1463 5749 opus
1505 5680 1654 5746 facit,
1700 5679 1796 5735 sed
1838 5680 1979 5735 mala
2020 5679 2105 5734 di-

521 5772 810 5827 scretione.
854 5774 1022 5828 Datur
1064 5782 1347 5845 propterea
1390 5774 1638 5844 intelligi,
1668 5776 1836 5829 Deum
1871 5790 1976 5829 non
2025 5789 2108 5828 re-

524 5862 767 5921 suexisse
796 5865 847 5919 in
881 5863 992 5937 [Z.,
1024 5866 1113 5937 ad]
1144 5880 1339 5921 munus
1368 5865 1521 5931 Cain,
1554 5866 1679 5936 quia
1700 5865 1800 5920 hoc
1830 5865 1943 5935 ipse
1967 5867 2106 5925 male

2212 3386 2317 3425 non
2363 3380 2446 3427 est
2476 3370 2784 3426 dominatus
2824 3378 3056 3439 peccato
3100 3387 3219 3426 suo.
3248 3369 3486 3441 Catum
3528 3380 3702 3425 essem
3748 3373 3807 3426 in

2210 3483 2357 3538 agro,
2373 3468 2696 3521 consurrecit
2712 3468 2962 3521 adversus
2976 3484 3115 3531 eum,
3131 3478 3178 3521 et
3192 3466 3446 3537 interfecit
3460 3484 3600 3522 eum.
3618 3467 3768 3523 Ecce
3784 3470 3801 3523 ι

2211 3562 2310 3628 Qui
2338 3561 2569 3631 primum
2600 3561 2874 3617 hominem
2904 3570 3132 3616 mortem
3166 3562 3371 3630 docuit,
3404 3563 3516 3633 ipse
3541 3571 3599 3618 et
3630 3563 3803 3618 istum

2210 3652 2503 3706 secundum
2531 3651 2880 3707 occisionem.
2906 3650 3147 3721 Denique
3165 3653 3211 3707 si
3228 3654 3658 3723 obtemperasset
3688 3655 3805 3729 Deo

2211 3744 2424 3814 quando
2454 3743 2679 3808 audivit,
2708 3745 2952 3813 peccasti,
2988 3745 3211 3815 quiesce,
3240 3744 3323 3801 vel
3352 3745 3492 3800 sicut
3522 3746 3576 3800 in
3604 3755 3805 3800 nostra

2212 3836 2563 3891 translatione
2592 3837 2820 3908 legitur:
2856 3836 2915 3891 Si
2944 3836 3069 3891 bene
3098 3839 3282 3908 egeris,
3312 3837 3555 3908 recipies;
3582 3837 3671 3892 sin
3702 3854 3807 3891 αι·-

2209 3938 2331 3991 tem,
2360 3926 2416 3980 in
2450 3926 2652 3996 foribus
2674 3936 2947 3997 peccatum
2976 3938 3128 3981 tuum
3158 3928 3353 3993 aderit,
3393 3936 3443 3981 et
3462 3938 3522 3981 ιιι
3553 3926 3805 3982 domina-

2210 4021 2343 4073 beris
2367 4018 2531 4082 iuius,
2576 4020 2796 4090 indutus
2821 4035 2851 4074 a
2892 4020 3120 4075 Domino
3161 4036 3265 4074 non
3296 4028 3566 4091 peccaret.
3610 4019 3670 4074 ln
3716 4019 3804 4075 fo-

2210 4116 2359 4170 ribus
2394 4124 2676 4186 peccatum
2709 4114 2880 4179 adest,
2905 4128 3027 4169 cum
3050 4114 3110 4168 in
3138 4113 3564 4185 cogitationibus
3588 4113 3799 4183 pulsat.

2209 4208 2491 4280 Appetitas
2525 4210 2711 4263 subter
2731 4215 2834 4274 est,
2859 4208 3021 4279 eique
3047 4208 3210 4263 homo
3234 4186 3568 4271 dominatur,
3603 4207 3651 4263 si
3679 4222 3804 4263 cor-

2210 4304 2292 4359 dis
2326 4304 2565 4373 nequitia
2590 4299 2836 4373 inspecta
2868 4303 3030 4358 citius
3056 4303 3347 4373 primitur.
3379 4312 3435 4359 et
3474 4304 3800 4374 priusquam

2212 4393 2278 4447 ad
2322 4394 2576 4448 duritiam
2628 4404 2872 4461 crescat,
2918 4395 3205 4451 reluctanti
3264 4396 3432 4452 menti
3483 4396 3792 4466 subigatur.

2212 4485 2362 4553 Quod
2408 4485 2536 4555 quia
2582 4485 2715 4540 Cain
2772 4484 2955 4542 facere
3016 4490 3378 4560 contempsit,
3424 4486 3801 4545 fratricidinm

2213 4578 2500 4633 commisit.

2284 4670 2447 4725 Vens.
2473 4671 2524 4729 9.
2553 4671 2639 4726 lt).
2665 4702 2735 4712 -—
2760 4668 3005 4743 Dixitque
3028 4674 3075 4727 ei
3100 4673 3358 4729 Dominus
3382 4690 3401 4728 ε
3426 4671 3526 4726 Ubi
3556 4681 3636 4726 est
3666 4671 3799 4726 Abel

2211 4771 2374 4840 frater
2410 4771 2573 4825 tuus.’
2602 4778 2661 4825 et
2702 4769 2927 4840 reliqua.
2972 4768 3087 4824 Non
3123 4779 3377 4841 tanquam
3425 4770 3665 4840 ignarus,
3698 4769 3799 4823 sed

2214 4869 2467 4931 tanquam
2505 4860 2691 4930 judex,
2722 4876 2872 4916 reum
2915 4875 3074 4930 quem
3104 4861 3312 4930 puniat,
3344 4861 3654 4930 interrogat.
3692 4858 3799 4913 Cui

2212 4952 2344 5009 Cain
2393 4954 2458 5010 ad
2514 4954 2786 5010 cumulum
2840 4954 3202 5009 damnationis
3252 4969 3366 5009 suae
3420 4946 3686 5007 fallaciter
3727 4966 3799 5005 ac

2215 5046 2445 5115 superbe
2474 5045 2753 5114 respondit
2790 5045 2973 5101 dicens
3007 5061 3022 5099 :
3065 5043 3277 5099 Nescio.
3326 5044 3579 5115 Nunquid
3617 5054 3797 5097 custos

2209 5138 2392 5208 fratris
2434 5138 2535 5191 mei
2596 5138 2750 5190 sum?
2799 5136 3044 5206 Dixitque
3096 5136 3352 5191 Dominus
3396 5152 3414 5190 :
3462 5134 3606 5202 Quid
3678 5144 3792 5198 est,

2209 5228 2348 5299 quod
2397 5227 2607 5297 fecisti?
2662 5226 2799 5281 Ecce
2838 5243 2939 5281 vox
2996 5228 3268 5297 sanguinis
3308 5226 3497 5295 fratris
3551 5225 3630 5278 tui
3683 5226 3791 5276 cln-

2210 5330 2321 5372 mat
2348 5320 2416 5373 ad
2444 5334 2527 5375 me
2554 5319 2618 5373 de
2640 5328 2804 5373 terra.
2828 5320 3101 5386 Quaeritur
3122 5319 3393 5389 quomodo
3412 5317 3635 5388 sanguis
3657 5315 3795 5369 Abel

2211 5410 2407 5464 clamat
2448 5411 2515 5464 ad
2558 5410 2761 5465 Betim?
2802 5409 3015 5465 Clamat
3054 5424 3289 5479 namque
3329 5409 3398 5463 ad
3429 5408 3622 5474 Deum,
3662 5408 3795 5479 quia

2212 5502 2488 5559 homicidii
2532 5503 2677 5557 illius
2706 5512 2889 5558 reatus
2918 5504 2970 5557 in
3000 5513 3291 5575 concpectu
3314 5504 3449 5577 justi
3469 5502 3670 5574 iudicis
3700 5519 3795 5575 ap-

2210 5594 2442 5666 parebit.

2284 5687 2444 5742 Vens.
2478 5688 2564 5752 ll,
2590 5686 2676 5741 4%.
2700 5716 2768 5731 ρ-
2796 5685 2953 5743 Nunc
2973 5686 3135 5758 igitur
3168 5687 3481 5742 maledictus
3504 5688 3606 5741 eris
3638 5702 3795 5757 super

2209 5790 2422 5845 terram,
2467 5781 2823 5851 qu(e_aperuit
2862 5798 2918 5835 os
2948 5797 3123 5847 suum,
3156 5792 3263 5836 etc.
3307 5780 3472 5836 Terra
3523 5783 3575 5834 in
3623 5780 3791 5833 Adam

2212 5873 2644 5929 maledictionem
2669 5875 2997 5946 promeruit;
3031 5876 3126 5931 sed
3148 5872 3280 5931 Cain
3314 5876 3365 5929 in
3406 5878 3629 5949 peccato
3672 5888 3791 5939 suo,
