4044 6326
216 397 322 455 ne
1489 388 1842 448 COMMENT.
1887 388 1954 445 IN
1988 389 2124 446 csa
3376 395 3474 453 450

216 511 479 587 videlicet.
493 507 618 587 quia
659 506 866 564 sciebat
889 507 1006 587 ipse
1047 505 1445 587 damnationem
1480 505 1797 576 praevarica-
1822 506 1878 568 Α
1899 504 2073 561 diana:
2110 506 2513 564 consuetudinis
2534 523 2799 580 ponamus
2841 510 3145 582 exemplum
3178 530 3192 566 :
3224 512 3479 584 loquatur

216 602 385 661 tionis
413 574 600 674 prima:
626 597 745 675 [Z.,
770 574 1047 689 prapriiel,
1080 608 1134 656 et
1333 574 1511 654 timuit
1550 595 1799 669 originali

1934 606 2039 653 iter
2053 598 2273 655 verbera
2286 614 2473 657 servus
2483 574 2551 655 ad
2559 599 2837 659 dominum
2854 620 2867 656 :
2883 574 3019 671 Quia
3032 574 3244 660 incendi
3256 574 3477 661 domum

216 706 444 769 peccato
482 690 766 753 fratricidii
810 695 1170 777 superaddere
1218 692 1411 760 scelus,
1444 692 1566 749 ideo
1598 690 1801 763 majore
1902 699 2070 754 tuam,
2097 699 2149 748 et
2178 692 2484 748 universam
2518 694 2873 751 substantiam
2894 695 3192 767 dissipavi,
3236 697 3481 756 interﬁce

218 788 599 847 maledictione
625 786 818 860 dignus
838 770 1163 845 habebatur.

292 876 463 938 Vens.
489 883 576 946 l5,
600 872 693 937 14.
715 909 786 920 -
807 879 1060 953 Dixitque
1086 877 1218 934 Cain
1240 879 1311 935 ad
1334 877 1617 955 Dominum
1642 891 1659 928 :
1685 874 1804 931 Ma-

210 973 305 1046 jor
328 984 406 1028 est
446 972 696 1044 iniquitas
718 986 833 1025 mea
872 987 1032 1042 quam
1065 978 1119 1025 ut
1161 970 1363 1024 veniam
1407 984 1626 1023 merear.
1666 966 1805 1022 Ecce

220 1062 561 1139 dwperando
594 1061 804 1117 locutus
833 1069 943 1125 est,
988 1060 1131 1132 quod
1173 1069 1255 1115 est
1302 1068 1581 1131 peccatum
1630 1057 1803 1113 maxi-

220 1152 396 1209 mum.
434 1150 548 1207 Non
581 1153 726 1208 enim
769 1160 852 1207 est
881 1150 1160 1208 confessus
1198 1153 1378 1207 scelus
1407 1168 1586 1219 suum,
1617 1151 1709 1207 sed
1739 1151 1805 1206 ad

222 1242 620 1315 desperationis
672 1230 869 1297 malum
918 1242 1147 1313 proruit.
1199 1242 1350 1298 Unde
1392 1252 1448 1297 et
1494 1226 1803 1321 subiunxit:

226 1334 400 1389 Ecce!
434 1332 601 1406 Ejicis
626 1350 705 1413 me
742 1330 895 1387 hodie
934 1351 967 1386 a
1009 1332 1144 1402 facie
1185 1342 1356 1399 terrm,
1384 1342 1431 1387 et
1472 1352 1505 1387 a
1538 1332 1679 1403 [acie
1718 1341 1808 1385 tua

222 1427 541 1491 abscondar,
567 1436 613 1480 et
638 1443 727 1480 ero
751 1442 908 1497 vagus
941 1416 990 1479 et
1010 1414 1287 1497 profugus.
1308 1420 1403 1480 Vel
1426 1426 1565 1480 sicut
1589 1422 1812 1494 Septuav

1903 795 2028 847 me;
2086 779 2444 855 dominusque
2488 784 2851 854 respondeat;
2887 784 3006 843 Non
3051 793 3109 841 ut
3140 794 3197 843 tu
3226 787 3328 852 vis,
3360 802 3478 845 mo-

1903 873 2082 941 rieris,
2106 883 2162 929 et
2184 874 2339 929 ﬁnies
2366 885 2594 933 mortem
2626 877 2918 948 supplicio;
2946 894 3135 935 verum
3164 878 3323 951 longo
3353 887 3483 935 tem-

1905 981 2034 1035 pore
2062 953 2383 1023 custodieris
2409 969 2476 1024 ad
2507 969 2694 1036 vitam,
2732 980 2787 1025 et
2830 978 2939 1026 tam
2982 971 3273 1028 infeliciter
3301 972 3353 1029 in
3379 972 3484 1027 hac

1907 1054 2024 1112 luce
2050 1058 2372 1124 versaberis,
2417 1068 2477 1113 ut
2519 1060 2827 1131 quicunque
2869 1069 2920 1117 te
2959 1064 3244 1131 occiderit,
3281 1064 3485 1120 benefi-

1907 1151 2051 1206 cium
2088 1161 2309 1223 prtestet
2339 1151 2544 1220 occiso,
2573 1154 2700 1210 dum
2730 1154 2797 1211 de
2830 1164 2940 1211 tam
2984 1156 3166 1225 multis
3197 1165 3249 1212 te
3291 1156 3487 1213 liberet

1908 1240 2255 1299 cruciatibus.
2309 1241 2612 1299 Secundum
2648 1243 2996 1317 Septuaginta
3030 1246 3245 1316 quidem
3300 1247 3485 1305 editio-

1910 1349 2033 1389 nem
2048 1333 2135 1389 hic
2150 1334 2305 1390 nobis
2321 1348 2512 1390 sensus
2525 1334 2753 1391 videtur.
2772 1336 2848 1391 De
2862 1351 2927 1392 eo
2939 1345 3118 1392 autem
3135 1337 3275 1406 quod
3288 1337 3482 1407 Aquila

1910 1428 2114 1496 posuit,
2151 1428 2622 1500 semptempliciter,
2645 1438 2701 1487 et
2723 1429 3107 1503 Symmachus,
3136 1431 3488 1486 hebdomadas

222 1518 379 1587 ginta
396 1514 791 1570 transtulerunt
822 1512 1071 1570 :Gemens
1091 1523 1373 1571 ettremens
1388 1514 1444 1567 in
1458 1510 1809 1567 terra.0mnis
1910 1518 2154 1585 exsultet,
2182 1520 2314 1586 sive,
2340 1522 2586 1592 septimus
2632 1522 2929 1589 ulciscatur,
2974 1512 3239 1594 majorum
3271 1532 3489 1580 nostro-

220 1610 392 1678 igitur
438 1610 527 1680 qui
554 1602 806 1663 invenerit
847 1625 946 1672 me,
996 1606 1193 1662 occidet
1230 1622 1329 1659 me.
1376 1604 1501 1659 Ideo
1546 1603 1725 1660 taliter
1753 1618 1813 1660 se
1914 1626 2032 1665 rum
2074 1611 2173 1666 ista
2203 1613 2473 1669 sententia
2513 1622 2597 1668 est
2622 1615 2763 1683 quod
2804 1622 2996 1689 putent
3032 1615 3087 1669 in
3116 1615 3345 1687 septima
3390 1628 3488 1684 ge-

220 1700 526 1771 damnavit,
556 1708 616 1755 ut
662 1700 981 1772 compendio
1029 1699 1218 1756 mortis
1244 1697 1517 1754 cruciatus
1556 1697 1814 1753 evaderet
1914 1704 2190 1760 neratione
2219 1719 2250 1758 a
2274 1703 2509 1760 Lamech
2534 1703 2880 1781 interfectum
2905 1705 3056 1760 Cain.
3087 1705 3259 1760 Adam
3289 1706 3488 1775 quippe

221 1802 547 1863 praesentes.
1368 1782 1379 1791 ’
1837 1860 1879 1868 _
1914 1795 2099 1865 genuit
2142 1792 2308 1862 Cain,
2348 1794 2479 1851 Cain
2521 1796 2708 1868 genuit
2751 1795 3006 1860 Henocb,
3049 1794 3270 1851 Henoch
3304 1795 3493 1867 genuit

296 1882 469 1941 Vens.
502 1882 587 1940 1‘5.
613 1915 683 1926 —
712 1880 958 1957 Dixitque
1004 1883 1258 1939 Dominus
1292 1900 1309 1938 :
1349 1872 1695 1956 Nequaquam
1738 1883 1813 1937 ita
1837 1860 1889 1924 Β
1912 1860 2043 1951 lrat,
2070 1895 2123 1941 et
2138 1860 2446 1959 lratgenuit
2467 1860 2766 1953 Malalebel,
2790 1887 3066 1943 Malalebel
3086 1888 3272 1959 genuit
3290 1860 3495 1942 blathu—

221 1976 317 2045 fiet
332 1994 355 2042 ;
377 1976 471 2030 sed
497 1968 668 2031 omnis
682 1977 773 2049 qui
793 1977 1036 2032 occiderit
1059 1974 1211 2041 Cain,
1235 1975 1528 2056 septuplum
1542 1975 1806 2047 punietur.

1934 1980 2115 2046 talem,
2146 1980 2496 2037 Mathusalem
2549 1982 2734 2052 genuit
2780 1979 3048 2048 Lamech,
3097 1981 3187 2053 qui
3226 1978 3497 2036 interfecit

221 2067 329 2123 Hic
358 2068 533 2124 oritur
560 2064 716 2143 valde
738 2066 1018 2143 complexa
1055 2068 1313 2140 quaestio,
1347 2069 1472 2141 quia
1502 2068 1605 2123 alia
1638 2076 1813 2123 trans-
1914 2069 2067 2137 Cain,
2115 2078 2173 2125 ut
2207 2072 2321 2145 ipse
2348 2081 2537 2142 postea
2564 2072 2890 2129 conﬁtetur:
2936 2072 3077 2139 Quia
3117 2072 3285 2129 occidi
3331 2071 3496 2127 virum

220 2157 361 2213 latio
410 2157 518 2223 ait,
552 2168 757 2229 septem,
787 2159 1049 2235 vindictas
1088 2158 1333 2215 exsolvet.
1377 2156 1483 2215 Sed
1523 2166 1812 2229 antequam
1914 2165 1969 2217 in
2000 2163 2209 2219 vulnere
2242 2173 2449 2239 meo,et
2474 2165 2723 2235 juvenem
2747 2166 2803 2219 in
2829 2164 2988 2219 livore
3016 2180 3149 2228 meo,
3177 2172 3232 2219 et
3264 2162 3493 2234 reliqua.

223 2250 297 2305 de
328 2250 629 2319 quaestione
659 2249 1012 2317 disseramus,
1045 2247 1500 2306 rectum'videtur
1531 2258 1591 2306 ut
1625 2250 1816 2305 editio—
1916 2255 1985 2311 Et
2026 2254 2244 2327 quidem
2274 2256 2340 2311 de
2380 2254 2536 2322 Cain,
2574 2257 2717 2329 quod
2755 2258 2983 2328 septima
3024 2256 3376 2328 generatione
3417 2256 3500 2309 in-

223 2358 331 2398 nes
374 2332 733 2412 interpretum
783 2342 1112 2419 singulorum
1144 2342 1481 2421 digeramus;
1499 2344 1695 2414 quibus
1733 2340 1814 2396 fa-

226 2434 394 2511 cilius
423 2422 617 2511 sensus
644 2432 938 2511 Scripturae
960 2435 1130 2509 possit
1156 2434 1398 2511 intelligi.
1426 2432 1597 2489 Porro
1622 2433 1814 2504 Aquila

230 2506 623 2601 interpretatus
649 2506 770 2583 esi:
805 2510 875 2585 'Et
905 2506 1038 2583 dixit
1077 2530 1125 2584 ei
1169 2506 1427 2583 Dominus
1468 2542 1486 2580 :
1534 2526 1818 2598 Propterea

229 2620 426 2687 omnis,
468 2622 558 2693 qui
601 2604 844 2695 occiderit
884 2618 1041 2695 _Cain,
1085 2618 1481 2695 septempliciter
1520 2605 1813 2673 ulciscetur.

228 2711 601 2784 Symmachus
644 2688 774 2768 1lvero
818 2729 831 2766 :
882 2688 1169 2779 Tropterea
1228 2688 1395 2765 omnis
1434 2710 1523 2783 qui
1576 2708 1821 2764 occiderit

224 2801 395 2865 Cain,
419 2794 772 2857 hebdomadas
792 2800 908 2883 [Z.,
932 2799 1067 2857 Cain
1091 2811 1205 2877 post
1227 2812 1418 2883 septem
1442 2800 1818 2866 hebdomadas,

228 2906 356 2964 aut,
381 2894 513 2970 etc.]
539 2892 781 2962 exsolvet,
800 2870 917 2962 aut,
942 2870 1188 2969 septimus
1211 2870 1578 2951 viindicabitur.
1599 2894 1824 2967 Septua-

229 2988 390 3060 ginta
432 2988 631 3060 quippe
660 2986 771 3065 [Z.,
800 2984 1060 3063 quoque],
1097 2997 1158 3043 ut
1186 2988 1387 3044 dictum
1429 2996 1540 3055 est,
1568 2998 1623 3044 et
1650 2972 1826 3045 Theo-

229 3079 427 3135 dotion
456 3097 469 3134 :
501 3078 573 3134 Et
613 3076 746 3134 dixit
789 3080 1082 3136 Dominus:
1114 3078 1237 3135 Non
1273 3082 1347 3136 sic
1371 3083 1539 3139 omnis
1577 3084 1666 3153 qui
1691 3082 1825 3137 occi-

230 3171 378 3225 derit
400 3169 535 3225 Cain
559 3180 750 3243 septem
789 3168 1042 3227 vindictas
1078 3171 1321 3227 exsolvet.
1362 3170 1480 3227 Iam
1512 3172 1727 3229 tandem
1758 3166 1825 3228 ad

1921 2346 2178 2403 terfectus
2220 2347 2308 2414 sit,
2340 2355 2395 2402 et
2433 2347 2589 2418 juxta
2631 2348 2790 2403 aliam
2835 2346 3245 2403 translationem
3282 2359 3499 2418 poenam

1920 2440 2001 2495 sui
2027 2439 2248 2496 sceleris
2287 2439 2517 2507 dederit,
2562 2440 2691 2495 nihil
2723 2439 2951 2496 obscure
2996 2438 3253 2515 arbitror‘
3282 2452 3496 2491 reman-

1921 2532 2077 2589 sisse.
2103 2530 2208 2586 Alii
2250 2531 2317 2587 de
2354 2542 2560 2602 septem
2597 2532 2848 2588 vindictis
2876 2530 3011 2587 Cain
3040 2530 3191 2585 varia
3220 2528 3499 2600 suspican—

1925 2632 2033 2680 tur.
2063 2624 2131 2680 Et
2173 2624 2407 2695 primum
2450 2632 2698 2680 asserunt
2722 2622 2890 2680 fuisse
2918 2631 3196 2693 peccatum
3223 2620 3364 2691 quod
3395 2634 3500 2673 non

1925 2727 2074 2773 recte
2130 2715 2414 2781 diviserit;
2472 2715 2802 2778 secundum,
2857 2708 3002 2783 quod
3052 2709 3302 2767 inviderit
3346 2706 3502 2763 fratri

1927 2823 2054 2873 suo;
2088 2807 2337 2873 tertium,
2381 2806 2525 2877 quo.l
2565 2805 2748 2861 dolose
2791 2804 2964 2875 egerit
2999 2803 3224 2883 dicens:
3253 2799 3507 2870 Egredio-

1926 2912 2045 2951 mur
2087 2895 2264 2964 foras;
2305 2903 2581 2967 quartum,
2608 2894 2751 2966 quod
2789 2892 3125 2950 interfecerit
3162 2906 3316 2957 eum;
3348 2890 3506 2960 quin—

1928 3000 2075 3055 tum,
2123 2989 2261 3058 quod
2302 2987 2604 3060 procaciter
2645 2987 2921 3059 negaverit
2956 3004 2969 3041 :
3000 2984 3213 3041 Nescio.
3255 2984 3502 3047 Sextum,

1930 3080 2072 3151 quod
2099 3081 2333 3151 seipsum
2362 3080 2734 3136 damnaverit:
2768 3077 2950 3149 Major
2970 3087 3046 3135 est
3079 3078 3327 3150 iniquitas
3370 3091 3504 3139 mea,

1932 3190 2089 3245 quam
2123 3183 2180 3226 ut
2216 3173 2475 3226 dimittar.
2518 3171 2852 3242 Septimum,
2893 3170 3036 3241 quod
3081 3184 3184 3224 nec
3224 3170 3510 3223 damnatus

229 3264 1011 3349 elucidandam.qu:estionem
1064 3267 1261 3338 stylum
1318 3275 1608 3323 vertamus.
1662 3262 1822 3322 Post-
1852 3257 1899 3322 C
1929 3265 2102 3336 egerit
2152 3264 2527 3335 paenitentiam
2580 3260 2873 3319 secundum
2928 3260 3214 3327 Ninivitas,
3261 3267 3316 3314 et
3372 3254 3509 3313 Eze-

229 3358 417 3437 quam
442 3356 588 3412 enim
626 3350 760 3413 ’ϐειῙὴ
792 3350 1013 3413 fratrem
1058 3356 1350 3427 interfecit,
1404 3359 1769 3432 interrogatus
1800 3375 1831 3414 a

234 3446 483 3506 Domino
531 3448 618 3503 ubi
667 3458 845 3513 esset,
894 3449 1283 3506 contumeliose
1332 3448 1612 3523 reSpondit
1655 3466 1668 3504 :
1719 3449 1830 3504 Ne-

232 3540 377 3605 scio,
401 3549 540 3607 etc.;
570 3557 730 3611 quam
752 3524 828 3597 iob
865 3556 979 3597 rem
1015 3538 1393 3614 maledictione
1417 3541 1703 3598 damnatus
1729 3548 1831 3608 est,

237 3642 307 3688 ut
347 3620 591 3704 gemens,
623 3641 679 3688 et
708 3641 947 3688 tremens
978 3633 1186 3689 viveret
1212 3616 1377 3704 super
1405 3641 1626 3698 terram,
1667 3633 1838 3688 noluit

236 3724 463 3803 veniam
514 3722 823 3803 deprecari‘;
864 3708 961 3779 sed
1014 3725 1250 3795 peccatis
1293 3731 1517 3797 peccata
1558 3724 1836 3794 congemi-

240 3832 392 3873 nans
430 3796 636 3871 tantum
680 3816 889 3899 putavit
916 3816 1088 3884 nefas,
1121 3818 1205 3873 cui
1238 3834 1268 3871 a
1303 3814 1532 3871 Domino
1572 3833 1676 3872 non
1723 3832 1840 3891 pos-

241 3909 328 3965 sit
355 3908 582 3979 ignosci.
620 3904 867 3979 Denique
897 3908 1176 3979 respondit
1202 3909 1268 3964 ad
1300 3906 1585 3963 Dominum
1614 3927 1626 3962 :
1664 3907 1842 3980 Major

241 4009 331 4056 est
375 4000 621 4079 iniquitas
665 4017 780 4055 mea
823 4018 983 4073 quam
1043 4011 1099 4055 ut
1155 4003 1357 4057 veniam
1397 4019 1622 4067 merear,
1665 4002 1718 4056 id
1760 4010 1843 4057 cst

242 4090 376 4165 plus
420 4092 643 4163 peccavi
676 4082 837 4161 quam
886 4096 944 4147 ut
988 4107 1199 4147 merear
1244 4090 1472 4148 absolvi.
1502 4090 1725 4162 Ejicior,
1763 4091 1845 4146 in-

246 4184 398 4257 quit,
428 4184 590 4241 bodie
616 4200 646 4241 a
678 4180 974 4258 conspectu
1008 4196 1122 4255 tuo,
1153 4192 1208 4241 et
1249 4185 1584 4241 conscientia
1622 4184 1846 4241 sceleris

246 4279 437 4335 lucem
464 4281 634 4351 ipsam
685 4276 827 4335 ferre
872 4295 977 4334 non
1009 4279 1306 4345 sustinens,
1337 4277 1639 4333 abscondar
1667 4288 1720 4333 et
1764 4278 1842 4332 la-

251 4372 441 4437 titem,
464 4370 676 4445 eritque
702 4370 880 4425 omnis
924 4358 1015 4441 qui
1047 4368 1317 4423 invenerit
1347 4382 1454 4433 me,
1480 4366 1693 4423 occidet
1726 4384 1842 4434 me;

1934 3358 2137 3425 chiam,
2178 3372 2357 3429 regem
2406 3356 2574 3423 Iudae,
2625 3357 2718 3429 qui
2754 3355 3123 3411 imminentem
3169 3362 3399 3409 mortem
3437 3352 3511 3405 la-

1936 3448 2138 3523 crymis
2168 3447 2514 3504 distulerunt.
2544 3444 2612 3503 Et
2638 3436 2826 3502 dicunt
2870 3445 3001 3501 illud
3034 3461 3066 3500 a
3091 3441 3514 3500 clementissimo

1938 3545 2048 3600 Deo
2077 3543 2196 3599 ideo
2222 3556 2391 3613 usque
2431 3541 2497 3597 ad
2541 3550 2747 3611 septem
2774 3539 3153 3625 generationes
3181 3534 3348 3591 fuisse
3384 3532 3517 3589 dila~

1939 3646 2073 3700 tum,
2106 3643 2166 3689 ut
2202 3634 2392 3689 saltem
2440 3632 2595 3688 malis
2630 3633 2761 3707 ipsis
2805 3639 2861 3688 et
2904 3630 3078 3703 longae
3115 3629 3236 3684 vitae
3282 3641 3518 3684 maerore

1940 3725 2247 3797 compulsus
2301 3712 2672 3799 pteuilehtiam
2723 3732 2907 3796 ageret
2948 3734 3008 3778 ut
3068 3728 3371 3779 mereretur
3418 3716 3518 3772 ab-

1942 3816 2075 3874 solvi
2104 3837 2117 3872 :
2151 3827 2206 3872 et
2230 3817 2373 3872 hunc
2397 3831 2518 3873 esse
2545 3830 2785 3879 sensum,
2812 3829 2971 3884 quem
2999 3826 3161 3885 supra
3185 3807 3521 3882 praestrinxi-

1943 3926 2083 3975 mus,
2132 3907 2414 3983 quodqui
2456 3904 2789 3961 interfecerit
2831 3902 2996 3971 Cain,
3042 3903 3109 3959 ab
3153 3903 3354 3972 ingenti
3400 3915 3522 3953 eum

1942 4016 2100 4072 paena
2124 4008 2179 4054 et
2204 3998 2455 4054 omnibus
2480 3996 2757 4066 suppliciis
2786 3994 3062 4053 liberaret.
3089 3993 3355 4049 Caeterum
3382 3988 3525 4061 quod

1945 4103 2128 4152 noster
2177 4093 2448 4162 interpres
2510 4089 2805 4145 secundum
2871 4087 3189 4143 Hebraicam
3241 4084 3521 4138 veritatem

1944 4186 2147 4258 posuit,
2163 4184 2374 4240 dicens:
2400 4183 2502 4250 Qui
2525 4181 2767 4236 occiderit
2784 4179 2940 4245 Cain,
2956 4176 3242 4249 septuplum
3262 4175 3526 4255 punietur,

1949 4276 2112 4347 aliqui
2140 4274 2444 4343 intelligunt
2466 4271 2533 4345 [Ζ
2538 4312 2577 4339 .,
2597 4271 2689 4326 alii
2711 4268 2946 4340 suntqui
2970 4264 3274 4338 intelligunt
3294 4262 3395 4336 ita]
3418 4262 3491 4316 ita
3513 4279 3524 4314 :

1949 4369 2086 4425 solet
2114 4368 2259 4423 enim
2305 4366 2642 4436 septenarius
2681 4375 2937 4416 numerus
2966 4358 3264 4430 saepissime
3290 4352 3344 4409 in
3383 4353 3531 4411 Scri-
3588 4372 3601 4383 υ

254 4465 389 4521 dum
416 4479 485 4519 ex
535 4461 1063 4535 tremorecorporis
1113 4468 1169 4516 et
1210 4458 1350 4515 furia
1385 4458 1584 4514 mentis
1615 4461 1848 4535 agitatus
1948 4461 2124 4532 pluris
2161 4458 2366 4515 sanctis
2406 4472 2508 4530 pro
2549 4453 2881 4526 plenitudine
2925 4448 3214 4519 cujuslibet
3257 4446 3336 4502 rei
3378 4444 3528 4515 poni.

254 4572 388 4615 eum
418 4572 477 4613 se
507 4571 633 4613 esse
658 4534 986 4626 intelligeret
1028 4550 1431 4633 quimereatur
1458 4550 1712 4633 interﬁci.
1746 4548 1850 4607 Ve-
1875 4614 1925 4633 _‘
1952 4554 2041 4609 Ait
2074 4569 2224 4624 ergo,
2267 4549 2559 4622 septuplum
2602 4548 2868 4619 punietur,
2907 4543 3061 4615 quasi
3088 4542 3315 4597 dixisset
3349 4554 3363 4633 ξ
3387 4537 3533 4633 tira—

258 4669 387 4710 rum
432 4648 611 4741 Deus,
659 4640 849 4707 nolens
884 4632 1022 4727 eniti
1070 4622 1392 4717 compendio
1448 4622 1638 4741 mliortis
1693 4643 1851 4723 linire
1875 4614 1931 4682 D
1954 4645 2177 4701 vissima
2219 4641 2422 4697 ultione
2456 4637 2758 4711 puniendus
2795 4636 2901 4691 erit
2927 4634 3015 4689 ille
3047 4633 3139 4704 qui
3169 4640 3224 4687 te
3250 4626 3530 4741 occiderit,

259 4748 562 4813 cruciatus,
592 4714 697 4803 beo
726 4732 864 4805 tradi
884 4718 1064 4815 prima:
1092 4714 1291 4813 qua—se
1326 4740 1441 4811 ipse
1478 4714 1846 4803 damnaverat,
1953 4737 2045 4807 qui
2104 4748 2203 4788 nec
2253 4740 2402 4787 tanto
2451 4728 2810 4784 damnationis
2862 4722 3281 4781 comminatione
3326 4719 3528 4815 admo-

262 4838 387 4905 ait;
422 4810 555 4890 Non
578 4832 689 4905 sic,
714 4828 769 4890 id
806 4810 910 4899 est,
943 4848 1069 4899 non,
1102 4810 1162 4886 ut
1192 4839 1247 4886 tu
1289 4810 1547 4895 aestimas,
1579 4829 1850 4893 morieris,
1956 4828 2123 4890 nitus,
2157 4842 2184 4877 a
2221 4820 2496 4892 sanguinis
2524 4818 2782 4873 effusione
2810 4816 2980 4872 voluit
3028 4828 3222 4869 manus
3261 4810 3534 4905 cohibere.

260 4936 325 4985 et
368 4902 598 4982 mortem
627 4898 725 4999 pro
766 4898 1005 4981 remedio
1050 4922 1305 4993 accipies.
1354 4914 1552 4975 Verum
1581 4919 1730 4975 vives
1765 4934 1855 4973 us-
1954 4918 2142 4990 Itaque
2173 4923 2439 4971 terrorem
2483 4910 2662 4966 intulit
2710 4908 2990 4973 Dominus,
3036 4921 3104 4961 ne
3146 4904 3267 4976 quis
3308 4898 3535 4957 homici-

264 5033 379 5090 que
408 5018 475 5072 ad
505 5016 792 5087 septimam
833 5010 1259 5089 generationem,
1287 5018 1343 5068 et
1371 5004 1727 5067 conscientia?
1750 5016 1856 5066 tuae
1958 5018 2104 5073 dium
2150 5022 2505 5087 perpetraret.
2555 5012 2711 5076 Ecce,
2742 5017 3000 5081 quantum
3052 5007 3119 5061 ad
3160 5002 3402 5061 historia!
3443 5013 3536 5055 sll-

270 5112 411 5191 ίῧηθ,
433 5108 794 5185 ίοτίιυθὶῖθτίδν
840 5107 916 5161 Ῑίθ
949 5115 1010 5162 ιη
1043 5106 1135 5177 qm
1175 5113 1226 5161 ιθ
1256 5103 1519 5161 “emerit
1560 5102 1855 5159 secundum
1961 5122 2236 5194 perﬁciem
2258 5119 2513 5189 pertinet,
2537 5132 2605 5172 ne
2633 5115 2843 5187 longius
2869 5128 3049 5169 sermo
3074 5105 3349 5180 procedat,
3381 5115 3541 5173 super

272 5186 542 5274 ί¹¹⁸Ρ¹ἷ⁰θ¹¹¹
595 5198 1005 5273 intelligentiam
1032 5240 1047 5265 ν
1090 5206 1185 5253 3‘"
1232 5197 1294 5252 in
1338 5196 1566 5268 septima
1628 5210 1857 5267 πωπω
1962 5186 2068 5281 boc
2094 5186 2434 5281 enucleatum
2464 5220 2577 5278 fore
2616 5186 2863 5276 sufﬁciat.
2898 5214 3280 5272 Verumtamen
3312 5221 3380 5262 ne
3425 5219 3542 5261 mo~

276 5296 450 5359 tione,
478 5304 570 5385 aut
607 5309 637 5347 a
685 5307 882 5364 magno
926 5302 979 5347 te
1022 5289 1217 5345 liberet
1248 5288 1524 5353 cruciatu;
1569 5302 1676 5342 non
1717 5285 1861 5357 quod

278 5397 396 5467 ipse
426 5394 519 5466 qui
559 5378 894 5467 percusserit
920 5388 1086 5457 Cain,
1118 5396 1323 5456 septem
1370 5384 1662 5441 ultionibus
1691 5378 1861 5451 subji-

279 5489 509 5544 ciendus
559 5488 671 5553 sit;
717 5484 809 5563 sed
857 5482 1001 5555 quod
1043 5476 1593 5553 septemyindictas,
1637 5491 1758 5547 quae
1810 5476 1863 5530 in

280 5580 419 5637 Cain
452 5588 605 5635 tanto
634 5564 875 5649 tempore
918 5580 1343 5639 concurrerunt,
1371 5570 1542 5626 solvat
1592 5569 1643 5623 in
1696 5568 1866 5622 inter-

286 5673 463 5737 fecto,
506 5673 762 5730 occidens
798 5685 921 5726 eum
966 5668 1058 5741 qui
1096 5666 1221 5723 vitae
1257 5666 1435 5721 fuerat
1470 5660 1763 5720 derelictus
1802 5661 1869 5718 ad

288 5785 650 5921 pm'l‘J’taTuler'n
697 5855 840 5931 quod
889 5852 1116 5910 dicimus
1163 5838 1503 5909 manifestius
1538 5845 1654 5913 ﬁat,
1697 5845 1875 5919 quoti-

1968 5432 2316 5504 telligentiam
2347 5429 2729 5501 apostropham
2753 5425 2936 5479 facere
2961 5417 3289 5475 distulimus.
3316 5415 3389 5470 At
3412 5424 3546 5470 vero

1969 5537 2011 5591 si
2040 5532 2251 5604 plenius
2293 5530 2501 5601 tropice
2526 5528 2733 5583 discere
2775 5519 3029 5585 volueris,
3060 5517 3189 5588 quid
3211 5517 3438 5573 duorum
3478 5512 3541 5569 ﬁ-

1972 5641 2166 5696 liorum
2194 5634 2470 5699 nativitas,
2511 5630 2711 5702 quidve
2747 5624 2879 5681 Cain
2923 5622 3166 5694 Abelque
3210 5619 3540 5692 signiﬁcent,

1967 5744 2077 5814 jam
2101 5755 2243 5810 saepe
2263 5735 2469 5810 praefati
2496 5722 2598 5789 viri
2622 5738 3048 5797 caeterorumque
3074 5724 3308 5815 tegmine
3334 5717 3544 5776 sublato

1978 5843 2258 5899 doctorum
2284 5849 2542 5911 percurre
2578 5830 2804 5887 libellos.
2830 5827 2939 5885 Nos
2962 5827 3147 5897 igitur,
3178 5831 3236 5878 ut
3262 5817 3549 5891 coepimus,

1965 5327 2091 5382 dum
2121 5323 2284 5381 libelli
2313 5321 2577 5378 excedere
2614 5320 2939 5382 videremur,
2976 5314 3052 5397 ad
3082 5310 3420 5381 allegoricam
3457 5307 3540 5362 in-
3631 5330 3639 5369 τ
