4044 6326
30 647 34 768 !

30 775 34 890 ν

533 361 633 420 154

1567 358 1919 417 ANGELOMI
1957 359 2416 418 LUXOVIENSIS
2455 327 2760 419 moment

3697 378 3814 434 i5!

530 475 770 533 historiae
795 475 934 543 vela,
962 474 1192 531 Domino
1217 475 1451 543 favente,
1489 476 1808 546 pandamus.
1842 475 1934 531 Ait
1962 478 2107 532 enim
2139 485 2188 545 Λ
2216 482 2385 536 virum
2408 482 2465 536 in
2503 481 2694 537 vulnus
2722 499 2926 553 meum,
2965 494 3016 540 et
3053 488 3497 547 adolescentulum
3538 496 3596 549 in
3638 495 3815 552 livore

529 566 804 640 legislator
832 566 1083 640 Moyses:

610 659 900 732 I’osuitque
957 662 1217 720 Dominus
1271 661 1404 720 Cain
1468 665 1674 736 signum
1735 663 1870 737 [Z.,
1916 667 1974 722 in
2029 668 2106 722 si-

525 753 739 825 gnum],
771 761 828 809 et
865 753 1093 825 reliqua.
1126 753 1289 811 Varie
1316 756 1514 826 quippe
1553 755 1621 810 de
1657 755 1762 810 hoc
1809 756 1961 828 signo
2004 756 2110 813 He-

523 845 656 900 braei
702 852 758 900 et
795 845 1038 901 nonnulli
1093 845 1330 902 ﬁdelium
1381 846 1756 916 suspicantur;
1811 848 1906 904 sed
1951 848 2109 919 quale

520 938 795 1006 posuerit,
850 954 919 994 ne
970 939 1328 1006 occideretur,
1374 938 1656 1010 Scriptura
1701 941 1912 1008 innuit,
1955 942 2105 998 vide-

520 1029 647 1085 licet
677 1039 736 1086 ut
773 1045 990 1103 semper
1033 1041 1269 1088 tremens
1309 1040 1364 1087 et
1410 1049 1655 1104 gemens,
1684 1050 1852 1107 vagus
1880 1045 1935 1091 ct
1977 1050 2106 1107 pro-

519 1119 680 1192 fugus
718 1123 954 1189 viveret,
999 1139 1099 1179 nec
1136 1123 1360 1181 auderet
1405 1123 1530 1198 [Z.,
1561 1126 1805 1200 audiret]
1853 1143 1980 1184 eum
2011 1144 2106 1185 us-

517 1215 663 1285 piam
707 1217 855 1272 orbis
892 1225 1158 1272 terrarum
1193 1217 1354 1274 sedes
1392 1219 1595 1275 habere
1633 1220 1866 1290 quietas.
1896 1221 1964 1275 Et
1990 1219 2105 1276 for-

521 1308 681 1364 tassis
717 1308 917 1364 idcirco
967 1307 1242 1366 civitatem
1312 1311 1587 1378 condidit,
1635 1313 1690 1367 in
1746 1328 1853 1382 qua
1906 1312 2103 1369 salvari

516 1401 705 1469 possit.

587 1493 747 1547 Vens.
786 1492 872 1547 16.
903 1524 972 1534 —
995 1493 1356 1567 Egressusque
1376 1494 1511 1551 Cain
1534 1515 1566 1550 a
1593 1497 1728 1566 facie
1747 1497 1981 1562 Domini,
2009 1499 2105 1553 ha-
2147 1513 2154 1518 ·

513 1585 687 1638 bitarit
710 1585 765 1638 in
789 1594 930 1639 terra
953 1586 1211 1658 profugus
1247 1589 1317 1641 ad
1341 1587 1646 1642 orientalem
1683 1587 1895 1658 plagam
1924 1587 2098 1643 Eden.

512 1679 867 1748 Septuaginta
900 1679 1332 1746 transtulerunt,
1362 1680 1612 1736 habitavit
1654 1681 1710 1734 in
1755 1689 1898 1735 terra
1928 1680 2100 1745 Naid,

509 1772 660 1838 Quod
685 1771 1041 1845 Septuaginta
1067 1773 1122 1827 N
1125 1774 1214 1828 aid
1238 1774 1652 1842 transtulerunt,
1673 1776 1724 1830 in
1744 1774 1972 1832 Hebraeo
1993 1791 2100 1830 non

507 1864 724 1920 dicitur.
741 1865 860 1921 Non
877 1867 1149 1939 estigitur
1169 1876 1314 1923 terra
1327 1867 1486 1933 Naid,
1505 1876 1565 1924 ut
1583 1868 1776 1940 vulgus
1790 1879 2099 1926 nostrorum
2129 1902 2179 1964 Β

452 1953 460 2006 ἕ
508 1967 694 2028 putat,
736 1959 830 2013 sed
859 1959 1109 2030 expletur
1143 1960 1413 2015 sententia
1451 1959 1579 2026 Dei,
1609 1961 1755 2031 quod
1788 1962 1895 2017 huc
1939 1970 2104 2033 atque

508 2047 644 2104 illuc
673 2065 840 2121 vagus
875 2057 934 2105 et
971 2049 1232 2120 profugus
1256 2050 1553 2106 oberravit.
1580 2050 1736 2107 Unde
1764 2050 1901 2108 Naid
1928 2052 2101 2110 inter-

509 2150 755 2212 pretatur
776 2141 1063 2208 instabilis,
1109 2151 1156 2196 et
1179 2143 1463 2213 ﬂuctuans,
1492 2158 1559 2200 ac
1586 2143 1733 2200 sedes
1755 2145 1988 2212 incerta,
2015 2145 2103 2201 vel

505 2236 804 2292 commotio.

579 2329 742 2384 Vens.
775 2330 864 2384 17.
886 2361 958 2370 -
992 2329 1246 2402 Cognovit
1287 2340 1464 2387 autem
1494 2330 1630 2386 Cain
1665 2347 1883 2386 uxorem
1912 2348 2094 2396 suam,

506 2431 552 2474 et
580 2423 776 2491 peperit
804 2420 1044 2477 Henoch.
1073 2423 1256 2495 Aliqui
1296 2424 1484 2480 dicunt
1528 2424 1584 2479 in
1623 2424 1728 2478 hoc
1755 2424 1897 2494 quod
1926 2424 2093 2489 dicit,

508 2514 746 2584 cognovit
779 2530 997 2569 uxorem
1044 2532 1215 2581 suam,
1252 2515 1558 2587 signiﬁcare
1600 2515 1745 2586 quod
1772 2513 1886 2588 [Z.,
1927 2523 1987 2570 ut
2021 2515 2098 2570 si-

505 2605 790 2677 gniﬁcaret
818 2608 988 2682 quod]
1030 2609 1270 2665 vindicta
1305 2610 1601 2676 desineret,
1627 2609 1672 2665 si
1713 2623 1942 2665 uxorem
1987 2623 2093 2664 non

507 2697 826 2767 accepisset.
858 2697 930 2754 Et
959 2699 1241 2768 (edi/icavit
1269 2701 1548 2767 civitatem,
1581 2701 1876 2773 vocavitque
1909 2716 2096 2755 nomen

505 2789 622 2861 ejus
647 2807 712 2846 ea:
753 2793 963 2847 nomine
1010 2792 1113 2862 ﬁlii
1154 2793 1238 2849 sui
1281 2792 1519 2849 Henoch.
1566 2793 1790 2851 Henoch
1833 2794 2096 2849 dedicatio

507 2883 919 2954 interpretatur.
954 2886 1013 2942 ln
1044 2886 1214 2958 ipsius
1241 2888 1386 2944 enim
1423 2888 1642 2943 nomine
1685 2887 1962 2943 civitatem
1991 2901 2093 2956 po-

505 2985 620 3030 stca
651 2976 942 3032 aediﬁcavit
969 2976 1124 3033 Cain.
1168 2978 1268 3036 Hic
1293 2980 1502 3050 primus
1536 2979 1814 3034 civitatem
1841 2987 2094 3034 constru-

507 3067 651 3121 xisse
681 3067 1010 3124 describitur
1029 3109 1044 3136 ,
1069 3077 1129 3124 ut
1154 3080 1338 3141 aperte
1375 3079 1770 3128 monstraretur
1820 3070 1947 3140 quia
1979 3069 2094 3140 ipse

506 3161 561 3214 in
595 3169 743 3216 terra
773 3160 1182 3220 fundamentum
1214 3165 1427 3236 posuit,
1457 3165 1550 3234 qui
1581 3180 1611 3219 a
1635 3163 1909 3219 soliditate
1935 3171 2094 3219 aster-

2213 590 2354 641 meo,
2384 583 2439 629 et
2466 575 2691 645 reliqua.
2719 574 2962 634 Tradunt
2981 579 3128 635 enim
3151 579 3361 638 Hebraei
3377 584 3536 647 ,ωιοά
3558 584 3815 647 Lamech

2213 600 2354 641 mea,
2384 600 2439 629 CI.
2467 600 2691 645 rcuqua.
2728 600 2962 634 xrauunt
2981 600 3128 635 enim
3154 600 3361 638 nenratt
3429 600 3536 640 nou
3558 600 3815 647 Lamech

2212 665 2474 721 occiderit
2503 665 2639 722 Cain
2657 707 2674 734 ,
2701 676 2757 723 et
2779 667 2884 724 hoc
2911 669 3202 726 conﬁtetur
3225 600 3500 730 uxorigus.
3525 676 3670 744 Fuit,
3719 679 3819 734 in-

2212 757 2425 826 quiunt,
2454 756 2694 814 Lamech
2724 759 2811 814 vir
2846 759 3161 832 sagittarius
3198 770 3253 818 et
3292 779 3491 836 gnarus
3518 767 3762 824 venandi
3790 786 3811 838 ;

2213 849 2309 905 sed
2338 849 2498 922 longo
2528 850 2681 906 senio
2708 849 2869 908 Iasus
2900 851 3207 924 caligabant
3235 855 3380 912 oculi
3403 858 3542 928 eius,
3567 867 3624 916 et
3650 859 3814 917 clare

2210 941 2396 999 videre
2437 958 2547 998 non
2584 951 2818 1016 poterat.
2855 943 3103 1024 Habebat
3139 946 3356 1016 quidem
3399 952 3813 1020 praeductorem

2210 1033 2696 1104 adolescentulum,
2733 1037 2827 1108 qui
2861 1037 2913 1092 ei
2940 1038 3195 1094 ducatum
3233 1040 3525 1111 prazbebat.
3552 1042 3814 1111 Quadam

2210 1142 2444 1197 namque
2470 1129 2558 1185 die
2581 1144 2815 1202 pergens
2841 1131 2898 1186 in
2923 1131 3141 1200 silvam,
3166 1141 3228 1188 ut
3248 1133 3393 1191 feras
3413 1145 3609 1192 venatu
3629 1153 3812 1210 cape-

2211 1219 2564 1288 ret,pr:eibat
2591 1219 2716 1292 [Z.,
2747 1223 2974 1292 praeibat
3016 1223 3104 1297 ei]
3133 1238 3298 1294 puer,
3341 1227 3485 1282 viam
3525 1228 3809 1298 praebens.

2208 1310 2453 1383 Cumque
2472 1313 2674 1369 saltum
2695 1324 3071 1387 peragrarent,
3093 1318 3307 1389 aspexit
3329 1319 3637 1377 adolescens
3656 1321 3812 1376 Cain

2207 1417 2240 1457 a
2269 1402 2446 1474 longe,
2484 1412 2541 1460 et
2567 1404 2877 1461 discernere
2908 1421 3014 1462 non
3045 1407 3263 1475 valens,
3305 1410 3524 1479 putavit
3558 1411 3811 1467 bestiam

2208 1493 2319 1568 [Z.,
2348 1511 2474 1552 eum
2501 1497 2712 1568 putavit
2744 1513 2865 1554 esse
2891 1499 3166 1573 bestiam],
3217 1510 3276 1557 et
3305 1502 3382 1557 ait
3411 1503 3480 1558 ad
3507 1503 3760 1560 Lamech
3791 1522 3805 1558 :

2207 1585 2400 1653 Video,
2427 1587 2622 1658 inquit,
2655 1589 2904 1646 bestiam.
2935 1590 3192 1663 Dixitque
3245 1591 3480 1651 Lamech
3502 1609 3517 1649 :
3542 1595 3619 1650 Da
3647 1595 3804 1651 mihi

2155 1733 2162 1736 _
2205 1691 2418 1744 arcum,
2447 1685 2504 1732 et
2523 1676 2694 1750 dirige
2720 1695 2913 1736 mortus
2943 1681 3092 1750 illuc,
3120 1691 3176 1738 et
3196 1684 3468 1756 sagittam,
3491 1693 3550 1741 ut
3566 1686 3811 1758 iaciam.

2205 1769 2413 1837 Quibus
2469 1772 2688 1828 directis
2722 1771 2856 1844 iecit
2911 1781 2966 1830 et
3005 1776 3273 1845 percussit
3303 1775 3484 1846 iaculo
3525 1776 3675 1833 Cain.
3732 1777 3812 1834 Et

2207 1865 2448 1922 sentiens
2493 1865 2638 1936 quod
2683 1867 3044 1936 percussisset
3089 1883 3286 1940 corpus
3307 1909 3322 1936 ,
3363 1870 3531 1940 coepit
3570 1869 3814 1940 palpare

2210 1957 2342 2028 quid
2376 1966 2524 2013 esset
2555 1957 2702 2028 quod
2730 1957 2840 2014 telo
2865 1968 3194 2030 peremerat.
3221 1960 3342 2028 Quo
3375 1961 3592 2033 palpate
3629 1949 3810 2016 intel-

2209 2049 2345 2106 lexit
2372 2051 2519 2120 quod
2567 2049 2702 2107 Cain
2753 2053 3063 2110 occidisset.
3097 2053 3251 2111 Tunc
3293 2053 3476 2112 furore
3515 2063 3812 2128 permotus

2207 2146 2371 2201 vertit
2397 2159 2620 2212 arcum,
2651 2153 2708 2201 et
2747 2159 2813 2202 eo
2849 2147 3121 2217 percussit
3162 2160 3412 2218 puerum.
3444 2146 3514 2202 Et
3557 2148 3661 2204 hoc
3691 2141 3812 2202 'est

2208 2239 2354 2310 quod
2385 2240 2462 2294 ait
2492 2239 2757 2296 uxoribus
2783 2240 2897 2294 suis
2925 2257 2938 2294 :
2989 2238 3175 2294 Occidi
3201 2240 3392 2306 virum,
3425 2239 3480 2294 id
3507 2246 3591 2295 est
3623 2236 3768 2294 Cain
3791 2278 3809 2304 ,

2207 2335 2262 2388 in
2292 2333 2478 2388 vulnus
2498 2349 2692 2400 meum,
2719 2340 2769 2388 et
2798 2332 3246 2388 adolescentulum
3279 2333 3335 2387 in
3360 2329 3522 2386 livore
3539 2347 3676 2388 meo.

2279 2425 2444 2481 Vens.
2476 2425 2570 2480 24.
2596 2456 2667 2466 -
2693 2423 3165 2498 Βερευριωηοιιιιὶο
3203 2426 3420 2480 dabitur
3439 2426 3504 2480 de
3527 2424 3704 2494 Cain;
3731 2425 3812 2481 de

2205 2519 2429 2574 Lamech
2461 2536 2579 2575 vero
2625 2521 2917 2590 septuagies
2959 2520 3165 2590 septies.
3197 2517 3306 2576 Sed
3333 2533 3434 2575 nos
3473 2518 3812 2590 simpliciter

2203 2613 2382 2682 virum
2422 2619 2478 2667 et
2516 2610 2982 2668 adolescentulum
3012 2610 3186 2682 ipsum
3230 2608 3366 2666 Cain
3413 2608 3804 2680 intelligimus;

2203 2706 2383 2762 virum
2407 2711 2632 2776 propter
2658 2709 2878 2760 aetatem
2903 2709 2959 2757 et
2987 2701 3364 2758 fortitudinem
3399 2707 3640 2765 natum;
3669 2700 3808 2755 ado-

2202 2797 2562 2855 lescentulum
2583 2804 2808 2867 propter
2835 2793 3123 2851 stultitiam
3149 2800 3207 2850 et
3231 2791 3509 2848 lasciviam
3533 2789 3808 2847 instabili-

2201 2890 2356 2946 tatis.‘
2381 2887 2766 2943 Verumtamen
2803 2886 3042 2942 Lamech
3075 2883 3390 2956 spiritaliter
3417 2882 3695 2939 Christum
3717 2882 3808 2937 in-

2200 2988 2556 3053 terpretatur,
2587 2979 2681 3050 qui
2709 2976 2913 3035 occidit
2948 2975 3116 3044 Cain,
3163 2975 3220 3032 id
3246 2982 3330 3031 est
3354 2972 3645 3031 diabolum.
3675 2971 3806 3040 Quo

2199 3073 2382 3132 occiso
2423 3073 2536 3129 suis
2562 3071 2852 3138 uxoribus,
2886 3070 2992 3126 hoc
3017 3079 3102 3126 est
3140 3069 3348 3124 duabus
3371 3066 3633 3123 Ecclesiis
3655 3107 3672 3134 ,
3703 3082 3802 3121 an—

2202 3167 2440 3233 nuntiat,
2471 3166 2671 3237 quibus
2695 3165 2947 3236 imperat,
2976 3172 3036 3218 ut
3060 3177 3216 3218 suum
3247 3175 3552 3217 sermonem
3580 3159 3803 3215 auscul-

507 3269 590 3307 nae
618 3254 811 3324 patria:
861 3255 1071 3311 alienus
1115 3257 1238 3312 fuit.
1274 3256 1604 3330 Peregrinus
1650 3257 1849 3328 quippe
1887 3272 1919 3310 a
1947 3270 2094 3311 sum-
2123 3279 2170 3341 ο
2203 3266 2338 3315 teut.
2379 3257 2535 3314 Unde
2560 3255 2797 3326 quodam
2832 3255 2992 3312 modo
3015 3253 3146 3309 dicit
3165 3251 3430 3308 occidisse
3471 3265 3533 3307 se
3569 3251 3750 3306 virum
3777 3293 3796 3317 ,

507 3345 611 3401 mis
633 3385 650 3411 ,
677 3344 1090 3404 fundamentum
1115 3348 1169 3402 in
1192 3348 1315 3404 imis
1327 3349 1530 3419 posuit,
1546 3348 1638 3417 qui
1659 3347 1946 3403 stationem
1971 3360 2096 3402 cor—

505 3436 588 3490 dis
601 3427 664 3491 in
687 3445 903 3494 terrena
933 3437 1292 3494 delectatione
1331 3437 1632 3493 collocavit.
1657 3436 1812 3494 Unde
1836 3437 1893 3492 in
1927 3437 2098 3507 stirpe

505 3527 623 3598 eius
671 3528 925 3596 Henoch,
976 3531 1071 3601 qui
1111 3529 1371 3584 dedicatio
1419 3531 1838 3602 interpretatur,
1887 3530 2097 3601 primus

508 3622 782 3689 nascitur;
821 3624 876 3677 in
900 3622 1202 3677 electorum
1228 3634 1358 3676 vero
1393 3622 1648 3692 progenie
1677 3620 1897 3678 Henoch
1930 3621 2099 3693 septi-

506 3728 629 3769 mus
654 3711 823 3769 fuisse
853 3721 1207 3768 memoratur.
1232 3711 1370 3781 Quia
1391 3714 1642 3771 videlicet
1672 3715 1885 3786 reprobi
1910 3716 1964 3772 in
1993 3717 2098 3772 hac

508 3803 641 3869 vita,
667 3818 790 3873 quae
817 3812 946 3859 ante
983 3812 1086 3868 est,
1120 3805 1443 3876 semetipsos
1471 3805 1790 3861 aediﬁcando
1819 3805 2093 3862 dedicant.

509 3899 678 3954 Electi
719 3914 851 3954 vero
885 3898 1262 3955 zediﬁcationis
1295 3915 1406 3954 suae
1448 3899 1844 3955 dedicationem
1887 3901 1943 3954 in
1987 3899 2096 3956 ﬁne

507 3987 704 4060 [Petr.,
730 3987 914 4061 finem]
932 3989 1212 4060 temporis,
1239 3989 1291 4044 id
1314 3998 1398 4045 est
1424 3990 1476 4044 in
1503 3991 1734 4060 septimo
1753 4001 2093 4064 exspectant.

509 4083 645 4138 l-linc
681 4091 764 4139 est
791 4083 936 4154 quod
979 4082 1150 4138 Paulo
1177 4091 1469 4139 attestante
1493 4083 1770 4140 Abraham
1814 4087 1870 4140 in
1898 4084 2094 4140 casulis

505 4177 794 4243 habitavit,
845 4176 974 4247 quia
1029 4174 1322 4232 habentem
1375 4177 1724 4233 fundamenta
1779 4178 2096 4243 civitatem,

504 4288 668 4341 quam
698 4286 860 4343 super
889 4286 988 4328 nos
1018 4266 1130 4344 [Z.,
1163 4268 1452 4344 supernus]
1466 4270 1663 4326 artifex
1686 4272 1972 4339 construit,
1999 4286 2097 4328 ex-

505 4364 803 4434 spectabat.

533 4482 540 4488 ·
583 4456 742 4512 Vens.
779 4455 964 4514 {8-22.
991 4484 1065 4496 —-
1093 4451 1267 4510 Porro
1300 4453 1518 4509 Henoclt
1547 4453 1724 4525 genuit
1752 4453 1889 4519 Irat,
1925 4461 1981 4509 et
2009 4467 2095 4508 re-

505 4550 650 4620 liqua
674 4559 847 4620 neque
871 4568 884 4605 :
907 4559 957 4604 et
983 4547 1338 4604 Mathusalem
1367 4550 1544 4620 genuit
1566 4547 1812 4615 Lamech,
1835 4549 1926 4619 qui
1949 4563 2097 4602 acce-

2202 3364 2366 3421 quem
2406 3356 2631 3419 propter
2658 3347 3034 3404 fortitudinem
3061 3344 3339 3402 diabolum
3384 3352 3686 3416 nuncupat.
3725 3343 3799 3400 In

2202 3439 2392 3494 vulnus
2415 3455 2605 3508 suum,
2635 3440 2840 3496 scilicet
2875 3447 3050 3496 morte
3081 3454 3217 3505 sua;
3261 3446 3316 3494 et
3344 3436 3798 3492 adolescentulum

2203 3534 2378 3604 ipsum
2402 3533 2479 3588 ait
2504 3543 2729 3606 propter
2752 3534 3036 3590 lasciviam
3065 3543 3121 3590 et
3143 3533 3524 3590 aeternitatem.
3539 3529 3611 3586 In
3632 3530 3796 3585 livore

2201 3644 2320 3694 suo,
2355 3629 2459 3684 hoc
2485 3637 2570 3683 est
2600 3644 2707 3684 non
2739 3626 2851 3701 [Z.,
2875 3645 2980 3684 om.
3021 3627 3154 3701 non]
3183 3629 3300 3684 sine
3323 3626 3526 3683 dolore.
3567 3623 3677 3680 Sed
3709 3639 3791 3678 re-

2200 3721 2524 3792 quirendum
2548 3730 2634 3778 est
2659 3721 2789 3792 quid
2813 3730 2900 3777 est
2921 3721 3068 3792 quod
3097 3720 3296 3792 legitur
3326 3718 3527 3776 dixisse
3550 3715 3788 3772 Lamech

2200 3827 2326 3868 cum
2349 3810 2771 3868 omidethain
2795 3829 2808 3866 :
2837 3809 3146 3882 Septuplum
3166 3809 3230 3865 de
3245 3808 3379 3866 Cain
3401 3807 3704 3870 ulciscetitr,
3729 3806 3792 3859 de

2200 3905 2426 3960 Lamech
2479 3913 2654 3959 autem
2703 3903 2997 3975 septuagies
3036 3905 3223 3974 septies
3249 3903 3275 3957 Ρ
3319 3899 3457 3968 Quia
3505 3898 3786 3955 homicidii

2198 4004 2484 4066 peccatum
2535 3994 2766 4064 septima
2812 3993 3164 4064 generatione
3205 3991 3408 4048 diluvio
3451 3988 3787 4044 vindicatum

2198 4102 2320 4144 esse
2348 4086 2567 4158 legitur,
2597 4085 2719 4141 ideo
2740 4085 2946 4140 dictum
2972 4094 3074 4140 est.
3106 4082 3236 4150 Seu,
3260 4089 3320 4138 ut
3343 4080 3514 4138 Judaei
3538 4079 3786 4144 tradunt,

2199 4180 2543 4252 septuaginta
2591 4187 2798 4251 septem
2844 4178 3039 4233 anima:
3093 4191 3162 4233 ex
3203 4174 3443 4231 Lamech
3485 4172 3790 4248 progenita:

2197 4282 2426 4344 reperta:
2451 4280 2576 4328 sunt
2607 4272 2663 4327 in
2690 4270 2892 4327 diluvio
2911 4279 2968 4325 et
3001 4269 3190 4325 deleta:
3227 4276 3372 4324 sunt.
3396 4265 3464 4320 Et
3483 4265 3538 4320 in
3560 4264 3666 4319 hoc
3691 4278 3794 4317 nu-

2199 4379 2350 4422 mero
2371 4365 2438 4421 de
2463 4364 2698 4420 Lamech
2724 4364 2922 4420 factam
2957 4376 3080 4440 esse
3106 4361 3402 4416 vindictam
3431 4359 3613 4412 dicunt
3642 4355 3791 4426 quod

2199 4470 2369 4528 genus
2397 4456 2569 4526 ipsius
2604 4470 2779 4525 usque
2803 4453 2873 4509 ad
2907 4451 3298 4524 cataclysmum
3331 4446 3789 4520 perseveraverit.

2197 4546 2463 4603 Adulterii
2489 4559 2618 4602 vero
2643 4544 2838 4610 scelus,
2875 4544 3020 4614 quod
3044 4541 3280 4598 Lamech
3311 4539 3519 4611 primus
3543 4537 3794 4592 omnium

502 4641 578 4711 pit
620 4655 810 4695 uxores
851 4639 1019 4706 duas,
1058 4655 1246 4695 nomen
1292 4641 1382 4692 uni
1423 4638 1573 4705 Ada,
1623 4647 1673 4693 et
1710 4654 1898 4693 nomen
1939 4636 2093 4692 alteri
2119 4647 2173 4708 ι)
2200 4637 2257 4692 in
2301 4636 2510 4693 duabus
2554 4633 2832 4692 commisit
2869 4632 3166 4700 uxoribus,
3215 4645 3324 4687 non
3370 4628 3474 4684 nisi
3522 4627 3796 4698 sanguine

504 4732 673 4790 Sella.
717 4731 955 4790 Lamech
986 4733 1184 4804 quippe
1215 4734 1598 4806 interpretatur
1627 4735 1940 4805 percutiens.
1978 4731 2095 4801 Ipse

503 4825 776 4898 percussit
811 4834 866 4879 et
909 4823 1183 4879 interfecit
1209 4822 1362 4879 Cain.
1394 4823 1461 4878 Et
1491 4825 1604 4895 ipse
1630 4823 1839 4893 primus
1881 4819 2092 4876 adulte-

505 4921 648 4976 rium
686 4916 978 4982 commisit,
1009 4930 1076 4971 eo
1113 4916 1257 4985 quod
1300 4931 1359 4971 se
1396 4916 1450 4969 in
1480 4916 1690 4970 duabus
1717 4915 1978 4969 uxoribus
2007 4915 2092 4968 di-

503 5012 650 5068 visit.
681 5009 782 5066 Hic
810 5009 1109 5065 notandum
1135 5015 1219 5063 est
1245 5005 1388 5078 quod
1416 5006 1469 5060 in
1493 5004 1752 5076 progenie
1780 5002 1913 5060 Seth
1945 5003 2092 5059 nulla

505 5107 579 5162 ibi
625 5103 907 5176 progenita
956 5101 1158 5158 femina
1211 5097 1534 5154 nominatim
1575 5097 1932 5166 exprimitur,
1984 5095 2091 5151 nisi

505 5208 714 5255 tantum
743 5198 798 5252 in
819 5197 1081 5269 progenie
1113 5194 1246 5248 Cain
1286 5197 1773 5254 commemoratur;
1818 5204 1914 5258 per
1947 5189 2091 5258 quod

505 5292 846 5363 signiﬁcatur
872 5299 1145 5346 terrenam
1171 5285 1444 5340 civitatem
1461 5321 1479 5348 ,
1507 5296 1613 5351 qua
1641 5278 1754 5354 [Z.,
1788 5279 1929 5353 quae]
1957 5281 2089 5336 Cain

506 5386 651 5457 cepit
686 5383 886 5457 [Petr.,
911 5375 1209 5451 concepit],
1246 5390 1418 5447 usque
1443 5375 1526 5430 sui
1556 5374 1611 5429 in
1642 5373 1806 5429 ﬁnem
1845 5372 2089 5428 carnales

505 5483 815 5540 habituram
847 5476 1250 5553 generationes,
1279 5486 1398 5544 quae
1419 5470 1651 5527 marium
1675 5485 1739 5526 ac
1766 5469 2088 5525 feminarum

505 5577 888 5651 conjunctione
913 5569 1239 5642 proveniunt
1274 5565 1386 5642 [Z.,
1410 5581 1530 5638 qua:
1560 5581 1661 5638 per
1679 5565 1996 5621 maritorum
2026 5578 2090 5618 ac

507 5671 830 5725 feminarum
853 5661 1262 5731 coniunctiones
1283 5657 1646 5732 perveniunt].
1677 5655 1829 5713 Unde
1847 5655 1916 5710 ad
1942 5654 2094 5710 tcs1i-

509 5763 751 5820 monium
777 5757 919 5814 Sella
942 5755 1128 5809 umbra
1153 5755 1266 5826 ejus
1288 5755 1696 5826 interpretatur.

581 5855 742 5912 Vens.
773 5849 866 5908 23.
901 5848 1044 5904 —Et
1066 5851 1140 5905 ait
1162 5849 1384 5905 Lamech
1421 5847 1672 5905 uxoribus
1701 5846 1811 5899 suis
1845 5858 1862 5896 :
1905 5841 2090 5898 Occidi

2201 4726 2404 4785 Christi
2423 4726 2748 4799 expiandum
2764 4740 2904 4792 esse,
2921 4725 3012 4796 qui
3033 4723 3428 4796 septuagesima
3462 4730 3518 4778 et
3556 4721 3796 4791 septima

2201 4820 2551 4892 generatione
2568 4820 2716 4876 venit
2737 4819 2791 4873 in
2816 4820 3096 4884 mundum,
3121 4817 3417 4874 secundum
3437 4807 3793 4887 Evangelium

2201 4917 2390 4983 Lucze,
2421 4916 2515 4988 qui
2544 4914 2668 4971 tulit
2691 4923 2977 4986 peccatum
3005 4912 3215 4978 mundi,
3243 4913 3337 4983 qui
3369 4910 3500 4965 lavit
3528 4909 3792 4965 amictum

2201 5026 2361 5066 suum
2399 5009 2455 5064 in
2487 5008 2748 5080 sanguine
2791 5021 2911 5062 uvae
2933 5045 2950 5072 ,
2997 5014 3054 5062 et
3091 5003 3334 5061 torcular
3362 5002 3593 5059 calcavit
3615 5001 3790 5056 solus.

2272 5098 2436 5155 Vens.
2465 5097 2556 5153 25.
2583 5127 2654 5138 --
2679 5096 2930 5168 Cognovit
2957 5104 3131 5151 autem
3167 5093 3338 5148 Adam
3359 5108 3575 5148 uxorem
3595 5106 3752 5144 suam
3773 5131 3790 5154 ,

2192 5209 2310 5263 qua:
2356 5191 2588 5261 concepit
2628 5188 2802 5259 [ilium
2829 5229 2845 5254 ,
2891 5189 3189 5259 vocavitque
3240 5202 3429 5240 nomen
3475 5183 3592 5254 ejus
3633 5180 3787 5237 Seth.

2193 5282 2325 5338 Seth
2346 5281 2736 5351 interpretatur
2750 5278 3083 5344 resurrectio,
3099 5292 3191 5332 seu
3214 5272 3786 5346 positio.Resurrectio,

2191 5389 2258 5430 eo
2283 5374 2429 5444 quod
2455 5381 2580 5444 post
2606 5371 2792 5428 fratris
2827 5369 3261 5426 interfectionem
3287 5375 3447 5424 natus
3469 5366 3542 5422 sit
3568 5405 3585 5432 ,
3626 5364 3786 5434 quasi

2195 5467 2653 5524 resurrectionem
2676 5464 2864 5522 fratris
2895 5479 2964 5520 ex
2984 5464 3215 5520 mortuis
3244 5462 3555 5518 suscitaret.
3575 5457 3783 5514 Positio

2193 5575 2342 5626 vero,
2372 5541 2498 5630 quia
2527 5559 2708 5629 posuit
2732 5571 2858 5614 eum
2896 5555 3039 5611 Deus
3065 5569 3164 5626 pro
3190 5552 3343 5609 Abel.
3377 5551 3533 5610 Unde
3560 5560 3617 5606 et
3642 5551 3786 5604 dici-

2195 5659 2282 5706 tur
2326 5670 2338 5706 :
2383 5649 2666 5705 Suscitavit
2711 5648 2838 5702 mihi
2884 5646 3028 5700 Deus
3069 5661 3242 5700 semen
3295 5643 3445 5698 aliud
3485 5658 3580 5712 pro
3620 5639 3782 5703 Abel.

2191 5759 2343 5814 quem
2374 5742 2560 5797 occidit
2588 5739 2741 5796 Cain.
2771 5738 2867 5800 V.el
2896 5737 3039 5792 sicut
3076 5734 3270 5807 Aquila
3317 5732 3596 5789 transtulit
3625 5749 3640 5786 :
3676 5729 3788 5785 Po-

2193 5838 2298 5892 suit
2321 5837 2449 5889 milti
2479 5835 2615 5889 Deus
2645 5848 2819 5888 semen
2853 5829 3077 5884 alterum
3111 5845 3206 5899 pro
3237 5825 3382 5882 Abel.
3410 5822 3743 5894 Spiritaliter
3765 5861 3786 5889 ,
