4044 6326
525 426 627 481 155

1545 392 1894 475 ΑΝεΕιοΜί
1928 402 2388 472 LUXOVIENSIS
2427 415 2730 474 nomen:

3665 425 3783 477 156

524 516 802 607 diluviutti,
821 541 935 595 sive
956 540 1081 611 quia
1107 537 1349 608 requiem
1367 538 1561 592 inarea
1576 533 1824 606 praistitit
1846 532 2091 587 animan-
2118 528 2175 593 Α
2200 524 2320 600 tia].
2353 527 2456 584 Sed
2484 531 2652 584 utitur
2682 528 2957 600 Scriptura
2990 510 3144 585 sacra
3168 516 3387 587 tisitatis
3416 526 3568 588 nobis
3588 528 3784 605 verbis

525 633 688 690 tibus.
1090 688 1328 757 CAPUT
1366 696 1435 754 Vl

594 804 757 868 Vnus.
872 798 941 855 J-
966 776 1215 867 1Videntes
1237 808 1336 880 ﬁlii
1356 800 1455 864 Dei
1475 806 1617 878 ﬁlias
1640 808 1909 863 hominum
1953 807 2092 879 quod

520 888 688 961 essent
706 898 965 981 pulchrae,
991 910 1045 959 et
1068 903 1297 972 reliqua.
1328 898 1496 957 Filios
1542 900 1639 956 Dei
1687 900 1824 956 ﬁlios
1855 900 2009 967 Seth,
2039 906 2092 955 et

520 994 658 1054 ﬁlios
698 978 974 1053 hominum
999 997 1308 1069 progeniem
1334 994 1467 1051 Cain
1495 996 1643 1051 dicit.
1674 994 1779 1050 Sed
1805 1004 2091 1066 postquam

519 1089 615 1144 ﬁlii
641 1090 796 1157 Seth,
827 1086 1259 1160 concupiscentia
1289 1089 1440 1155 victi,
1476 1105 1543 1145 cx
1589 1088 1805 1144 ﬁliabus
1844 1087 1976 1145 Cain
2008 1105 2092 1143 se-

518 1180 663 1236 mine
690 1181 1061 1255 indignissimo
1088 1179 1359 1235 connubia
1376 1180 1697 1251 junxerunt,
1727 1195 1794 1235 ex
1826 1179 1915 1235 tali
1954 1174 2092 1235 'con-

509 1273 789 1344 junctione
812 1272 1059 1327 homines
1084 1272 1335 1328 immensi
1367 1287 1612 1344 corpore,
1657 1272 1861 1327 viribus
1901 1289 2090 1343 super-

515 1361 593 1428 bi,
626 1363 865 1418 moribus
894 1358 1180 1429 inconditi,
1220 1379 1356 1433 quos
1384 1363 1665 1435 Scriptura
1708 1362 1967 1439 Gigantes
1998 1382 2090 1422 vo-

515 1464 624 1522 cat,
657 1440 923 1527 procreati
977 1466 1121 1535 sunt.
1176 1455 1459 1533 Displicuit
1489 1457 1619 1523 Deo,
1664 1467 1715 1512 et
1756 1456 2090 1512 abhreviavit

513 1540 619 1601 illis
642 1554 854 1618 tempus
882 1547 1028 1601 vitae.
1055 1546 1313 1620 Gigantes
1341 1546 1485 1603 enim
1515 1557 1711 1605 vocant
1739 1547 1913 1604 Graeci
1932 1548 2087 1618 juxta

511 1638 781 1694 sermonis
808 1638 1192 1711 etymologiam
1223 1632 1467 1695 fabulose
1501 1640 1656 1710 quasi
1682 1640 2001 1713 terrigenas,
2035 1640 2089 1695 id

510 1739 595 1785 cst
626 1739 772 1785 terra
800 1732 1037 1803 genitos,
1067 1746 1131 1786 eo
1153 1731 1295 1801 quod
1324 1733 1583 1787 immensa
1615 1731 1778 1796 mole,
1803 1741 1857 1786 et
1882 1731 2086 1788 similes

508 1823 612 1878 sibi
661 1833 806 1879 terra
853 1825 1142 1896 genuerit;
1188 1842 1248 1897 ge
1278 1825 1419 1879 enim
1463 1834 1605 1880 terra
1650 1824 1866 1881 dicitur.
1922 1824 2085 1882 Falso

507 1914 820 1984 opinantur,
853 1916 945 1987 qui
988 1923 1184 1988 putant
1214 1916 1660 1995 praevaricatores
1707 1917 1929 1989 angelos
1959 1933 2083 1974 cum

508 2006 720 2063 ﬁliabus
773 2007 1051 2063 hominum
1099 2017 1225 2063 ante
1280 2008 1539 2063 diluvium
1588 2010 1979 2077 concubuisse,
2034 2020 2087 2066 et

506 2098 702 2155 exinde
730 2110 887 2155 natos
923 2100 1193 2173 gigantes,
1236 2101 1289 2155 id
1328 2109 1411 2155 est
1452 2100 1708 2155 nimirum
1758 2102 1989 2174 grandes
2032 2110 2089 2157 et

506 2189 677 2247 fortes
704 2191 853 2247 viros
888 2192 954 2247 de
977 2192 1171 2263 quibus
1203 2201 1346 2248 terra
1373 2194 1639 2264 completa
1667 2202 1768 2248 est.

578 2283 739 2338 Vens.
774 2285 827 2339 5.
857 2315 929 2325 —
951 2283 1199 2356 Dixitque
1226 2284 1369 2339 Deus
1399 2298 1416 2336 :
1445 2282 1570 2339 Non
1608 2285 1927 2356 permanebit
1962 2283 2086 2355 Spi-

507 2374 638 2428 ritus
660 2391 804 2429 meus
834 2377 887 2435 in
914 2375 1121 2431 homine
1150 2377 1205 2431 in
1254 2385 1530 2441 retentum,
1580 2376 1702 2447 quia
1738 2391 1861 2429 caro
1909 2384 2005 2442 est,
2030 2382 2086 2431 et

508 2464 736 2535 reliqua.
763 2464 822 2521 ln
848 2464 1077 2522 Hebraeo
1106 2467 1364 2538 scriptum
1396 2476 1480 2521 est
1507 2466 1663 2539 :_Non
1675 2464 1938 2539 judicabit
1956 2465 2080 2538 Spi-

506 2558 639 2612 ritus
666 2576 809 2613 meus
827 2560 1060 2615 homines
1081 2547 1207 2614 istos
1221 2562 1277 2615 in
1300 2544 1668 2633 sempiternum
1690 2561 1937 2633 quoniam
1959 2577 2082 2617 caro

503 2659 644 2704 sunt.
690 2648 925 2721 Spiritus
956 2650 1100 2704 enim
1138 2650 1272 2705 iram
1312 2650 1367 2705 in
1400 2630 1504 2706 boc
1534 2630 1658 2706 loco
1690 2630 1980 2723 signiﬁcat,
2028 2659 2085 2708 et

502 2753 632 2793 caro
662 2736 1013 2809 fragilitatem
1042 2736 1293 2794 humanae
1335 2738 1565 2806 naturie,
1609 2740 1762 2811 quasi
1808 2740 2037 2797 dixisset
2066 2760 2078 2796 :

504 2828 640 2897 Quia
666 2830 871 2901 fragilis
897 2842 979 2888 est
1004 2833 1057 2887 in
1098 2832 1407 2889 hominibus
1452 2834 1712 2901 conditio,
1753 2850 1860 2890 non
1893 2849 1986 2890 eos
2016 2834 2082 2889 ad

502 2933 738 2980 teternos
752 2926 981 2981 servabo
1000 2927 1272 2982 cruciatus
1295 2922 1363 3000 [Ζ
1368 2967 1407 2995 .,
1429 2937 1689 2984 aeternum
1713 2930 1941 2986 servabo
1963 2946 2084 2985 cru-

500 3016 753 3089 ciatum],
777 3018 873 3073 sed
902 3020 993 3075 hic
1020 3020 1127 3076 illis
1146 3022 1430 3075 restituam
1458 3022 1600 3092 quod
1627 3020 2082 3096 merentur.Ergo

502 3105 582 3162 ira
613 3124 720 3163 non
744 3108 1109 3177 severitatem,
1141 3121 1201 3166 ut
1233 3111 1549 3182 frequenter
1585 3114 1638 3169 in
1684 3118 1886 3171 nostris
1928 3112 2082 3172 libris

500 3196 717 3269 legitur,
745 3198 1042 3273 signiﬁcat;
1086 3202 1179 3257 sed
1219 3203 1564 3259 clementiam
1608 3204 1702 3261 Dei
1742 3214 1917 3273 sonat,
1953 3210 2078 3263 dum

474 3298 755 3359 -peccator
779 3290 866 3346 hic
894 3307 991 3362 pro
1033 3308 1130 3349 suo
1153 3294 1359 3350 scelere
1384 3294 1654 3350 visitatur.
1691 3296 1844 3353 Unde
1884 3308 1938 3354 et
1974 3299 2081 3354 ira-

504 3388 591 3435 tus
632 3378 776 3435 Deus
828 3380 1068 3452 loquitur
1097 3385 1163 3439 ad
1193 3378 1452 3454 quosdam
1489 3405 1501 3440 :
1533 3386 1656 3442 Non
1696 3388 1911 3444 visitabo
1939 3372 2080 3461 ﬁlias

500 3485 701 3530 eorum,
721 3486 837 3523 cum
866 3468 1067 3541 ‘fucrint
1092 3472 1385 3542 fornica‘tte,
1417 3486 1464 3531 et
1485 3494 1704 3547 sponsas
1731 3496 1933 3547 eorum,
1961 3497 2080 3536 cum

502 3556 912 3615 adulterarerint
962 3560 1108 3633 (Ose.
1141 3574 1201 3628 tt‘,
1230 3557 1338 3635 18).
1366 3559 1437 3621 Et
1460 3567 1512 3622 in
1540 3568 1645 3623 alio
1664 3569 1816 3626 loco:
1843 3570 2078 3628 Visitabo

499 3652 552 3705 in
584 3654 728 3723 virga
752 3650 1057 3725 iniquitates
1083 3672 1283 3724 eorum,
1325 3668 1373 3713 et
1403 3660 1457 3715 in
1482 3661 1706 3732 ﬂagellis
1734 3674 1945 3734 peccata
1986 3682 2075 3721 eo-

499 3760 650 3812 rum;
676 3748 1093 3804 miserieordiam
1118 3758 1293 3805 autem
1327 3768 1495 3808 meam
1524 3771 1628 3810 non
1653 3756 1892 3827 auferam
1916 3758 1980 3813 ab
2003 3760 2077 3814 eis

498 3835 674 3908 (Psal.
700 3850 966 3905 Lxxxvm,
1002 3840 1113 3909 55).
1152 3838 1325 3899 Porro
1364 3859 1431 3899 ne
1456 3845 1735 3901 videretur
1766 3848 1818 3902 in
1853 3864 1919 3903 eo
1955 3864 2077 3905 esse

498 3928 750 3997 crudelis,
790 3926 929 4003 quod
972 3934 1322 4004 peccantibus
1368 3936 1543 3993 locum
1590 3939 1925 4009 poenitentiae
1965 3956 2074 3998 non

501 4022 756 4088 dedisset,
788 4023 1007 4092 adjecit,
1031 4036 1281 4099 eruntque
1313 4029 1423 4083 dies
1463 4026 1608 4084 illius
1640 4042 1843 4087 centum
1892 4034 2073 4103 viginti

498 4130 780 4181 annorum,
806 4116 911 4173 hoc
941 4127 1024 4173 est
1050 4117 1322 4173 habebunt
1342 4128 1559 4175 centum
1589 4121 1774 4193 viginti
1808 4139 1979 4180 annos
2005 4124 2072 4180 ad

501 4210 761 4279 agendam
804 4210 1198 4282 paenitentiam.
1240 4211 1349 4268 Sed
1394 4214 1519 4283 quia
1564 4228 1736 4283 genus
1777 4216 2071 4272 humanum

500 4298 639 4355 illius
676 4301 937 4370 temporis
976 4314 1135 4373 agere
1180 4303 1555 4374 paenitentiam
1590 4308 1935 4378 contempsit,
1970 4324 2071 4364 ηοο

512 4386 593 4444 uit
620 4390 762 4447 Deus
800 4398 1011 4462 tempus
1048 4392 1366 4464 exspectare
1402 4396 1711 4462 decretum,
1745 4398 1839 4453 sed
1880 4394 2070 4470 viginti

501 4499 761 4540 annorum
792 4486 983 4557 spatiis
1007 4488 1323 4557 amputatis,
1356 4504 1499 4544 anno
1531 4490 1829 4545 centesimo
1861 4491 2071 4547 induxit

493 4574 771 4632 diluvium.
813 4578 997 4634 Potest
1036 4579 1197 4633 etiam
1243 4580 1459 4650 spiritus
1494 4580 1672 4634 anima
1720 4581 1970 4654 intelligi,
2014 4591 2068 4638 et

492 4669 613 4725 ideo
634 4670 777 4739 quod
800 4670 876 4725 ait
901 4686 916 4727 :
953 4671 1077 4725 Non
1097 4670 1420 4742 permanebit
1444 4672 1661 4741 spiritus
1697 4689 1841 4727 meus
1885 4673 1940 4727 in
1972 4674 2066 4728 Ito-

491 4762 628 4816 mine
651 4763 705 4816 in
734 4772 1006 4824 (sternam,
1034 4761 1138 4815 tale
1173 4769 1258 4815 est
1296 4762 1449 4830 quasi
1482 4760 1748 4817 dixisset:
1787 4762 1903 4819 Non
1936 4779 2065 4834 per-

494 4852 733 4937 manebit
755 4856 934 4911 anima
968 4854 1022 4911 in
1055 4871 1220 4911 carne
1242 4857 1296 4911 in
1318 4864 1601 4925 mternum,
1622 4859 1748 4929 quia
1772 4856 1938 4916 homo
1958 4873 2065 4915 non

490 4944 772 5018 spiritalis,
801 4942 893 5002 Sed
921 4946 1153 5003 carnalis
1181 4952 1282 5003 est.
1310 4946 1567 5019 Sequitur
1597 4968 1610 5006 :

561 5039 726 5096 Vsus.
754 5038 870 5096 5-8.
894 5070 963 5081 —
990 5036 1186 5094 Videas
1209 5049 1382 5095 autem
1410 5040 1549 5097 Deus
1585 5042 1724 5114 quod
1755 5042 1923 5098 multa
1945 5060 2064 5098 ma-

491 5132 606 5189 litia
630 5134 897 5190 hominum
931 5140 1061 5187 esset
1088 5131 1140 5186 in
1167 5142 1325 5197 terra,
1348 5140 1402 5190 et
1426 5144 1621 5190 caatera
1647 5150 1924 5207 usquequo
1944 5138 2021 5192 ait
2045 5156 2059 5192 :

496 5220 744 5283 Paenituit
781 5238 899 5280 eum
922 5224 1061 5296 quod
1087 5223 1349 5280 hominem
1377 5226 1580 5295 fecisset
1616 5227 1672 5280 in
1699 5237 1861 5294 terra,
1891 5238 1944 5283 et
1974 5242 2063 5286 re-

492 5316 658 5387 liqua.
683 5317 956 5384 Quaeritur
984 5317 1114 5388 quid
1148 5326 1231 5373 est
1260 5318 1401 5387 quod
1427 5320 1493 5373 de
1520 5318 1629 5373 Deo
1658 5318 1857 5375 dicitur
1890 5323 2066 5390 paeni-

493 5406 661 5463 tuisse
694 5424 817 5465 eum
848 5406 1122 5463 hominem
1152 5407 1364 5464 fecisse.
1414 5408 1480 5463 Et
1516 5409 1737 5474 iterum,
1769 5420 1938 5466 tactus
1967 5414 2066 5467 do-

491 5500 601 5557 lore
626 5500 796 5555 cordis
818 5500 1170 5557 intrinsecus?
1192 5499 1441 5569 Nunquid
1468 5501 1519 5553 in
1553 5500 1718 5555 Deum
1744 5502 2061 5569 poenitentia

493 5588 586 5646 aut
618 5590 772 5647 dolor
796 5594 979 5649 cordis
1019 5594 1214 5649 cadere
1261 5591 1479 5662 potestd
1516 5590 1623 5646 Sed
1669 5592 1947 5648 sciendum
1977 5600 2064 5650 est

491 5685 615 5755 quis
641 5683 784 5740 Deus
810 5700 915 5741 non
938 5687 1005 5741 de
1028 5684 1168 5740 facto
1195 5698 1293 5740 suo
1326 5682 1556 5755 paenitet
1584 5692 1677 5738 aut
1710 5682 1874 5751 dolet,
1920 5685 2061 5741 sicut

492 5774 634 5835 dolet
652 5779 832 5846 homo,
857 5780 944 5836 cui
978 5787 1064 5834 est
1108 5778 1174 5833 de
1213 5777 1466 5833 omnibus
1510 5776 1672 5833 rebus
1695 5779 1915 5834 omnino
1951 5787 2063 5835 tam

492 5866 595 5932 ﬁxa
622 5876 886 5933 sententia
922 5886 1086 5947 quam
1119 5882 1269 5929 certa
1297 5872 1585 5945 praesentia
1634 5869 1728 5947 [F.
1770 5872 2063 5945 praescieri-

2106 3252 2153 3317 C

2091 4621 2149 4683 D

2197 617 2641 691 intelligentibus,
2668 627 2728 675 ut
2759 627 2973 690 eoaptet
3006 634 3065 675 se
3086 628 3283 676 nostrae
3318 618 3595 692 parvita’ti,
3632 636 3781 692 qua-

2198 716 2354 765 tenus
2386 725 2453 765 ex
2491 711 2721 782 cognitis
2749 712 3017 785 incognita
3049 724 3458 783 cognoscamus.

2268 788 2430 858 Vsus.
2456 800 2693 858 9-l2.-—
2714 796 2829 882 Hie
2849 796 3209 879 generationes
3248 796 3381 858 Noe.
3418 800 3534 859 Noe
3568 806 3648 859 uir
3665 805 3781 876 ju-

2196 905 2306 949 stus
2331 904 2483 966 atque
2509 894 2770 967 perfectus
2794 894 2848 948 in
2872 890 3293 965 generationibus
3318 893 3448 949 suis.
3484 891 3543 950 Si
3584 894 3782 952 nullus

2196 988 2312 1043 sine
2342 997 2583 1058 peccato,
2611 989 2879 1059 quomodo
2908 986 3101 1057 aliquis
3112 987 3392 1059 perfectus
3413 984 3531 1044 esse
3554 989 3785 1061 potest?

2195 1079 2427 1136 Perfecti
2462 1082 2625 1151 aliqui
2653 1060 2927 1145 dicuntur,
2966 1072 3073 1134 non
3107 1072 3249 1135 sicu‘t
3277 1060 3590 1155 perficiendi
3612 1090 3781 1148 sunt,

2194 1164 2335 1230 sicut
2379 1174 2430 1228 in
2474 1172 2561 1228 illa
2613 1172 3020 1228 immortalitate
3068 1186 3175 1242 qua
3226 1172 3584 1242 mquabuntur
3607 1186 3783 1245 ange-

2194 1265 2261 1321 lis
2288 1260 2409 1332 Dei,
2461 1260 2553 1321 sed
2606 1264 2746 1319 sicut
2781 1279 2898 1319 esse
2934 1252 3164 1334 possunt
3204 1264 3259 1318 in
3304 1264 3408 1319 hac
3450 1266 3784 1335 peregrina-

2196 1358 2340 1413 tione
2369 1355 2612 1428 perl‘ecti.
2636 1342 2791 1412 Unde
2816 1356 3095 1426 signanter
3130 1354 3367 1411 additum
3399 1364 3481 1410 est
3523 1355 3576 1410 in
3604 1372 3782 1427 gene-

2193 1450 2394 1503 ratione
2419 1465 2536 1515 sua,
2576 1456 2635 1503 ut
2668 1448 2979 1503 ostenderet
3016 1463 3123 1502 non
3155 1445 3309 1515 juxta
3332 1447 3597 1518 justitiam
3629 1460 3784 1504 con-

2192 1552 2536 1609 summatam,
2583 1543 2677 1598 sed
2726 1541 2881 1611 juxta
2928 1540 3296 1612 generationis
3344 1556 3455 1596 sua:
3492 1538 3781 1613 justitiam

2191 1652 2315 1691 eum
2342 1618 2505 1691 fuisse
2524 1634 2750 1704 justum.
2784 1630 2853 1690 Et
2878 1632 2982 1690 hoc
3009 1642 3092 1690 est
3124 1635 3270 1704 quod
3296 1634 3350 1689 in
3368 1632 3600 1689 Hebraeo
3624 1634 3786 1690 dici-

2192 1737 2279 1783 tur
2308 1747 2320 1782 :
2354 1727 2470 1783 Noe
2501 1730 2577 1785 vir
2592 1728 2791 1798 justus,
2816 1720 3076 1803 perfectus
3100 1736 3211 1781 erat
3248 1726 3303 1781 in
3344 1724 3784 1797 generationibus

2142 1858 2151 1891 ε
2189 1820 2319 1887 suis,
2346 1837 2461 1873 cum
2488 1819 2594 1874 Deo
2617 1819 2937 1885 ambulabat,
2962 1812 3071 1875 hoc
3110 1827 3192 1875 est
3226 1816 3371 1875 illius
3404 1820 3630 1891 vestigia
3670 1835 3782 1875 se-

2192 1914 2476 1985 quebatur.

2260 2005 2431 2085 Vens.
2480 2006 2565 2061 15.
2602 2035 2668 2047 --
2692 1990 2939 2076 Dixitque
2978 1994 3241 2085 Dominus
3283 2006 3354 2059 ad
3406 2000 3522 2060 Noe
3558 2021 3577 2061 :
3612 1982 3786 2061 Finis

2187 2100 2441 2155 universa:
2468 2100 2642 2154 carnis
2668 2100 2801 2155 venit
2831 2084 3008 2154 eorum
3048 2112 3147 2154 me.
3192 2087 3465 2155 Universae
3484 2088 3618 2153 enim
3643 2115 3784 2152 car-

2189 2192 2269 2248 nis
2313 2192 2649 2264 signiﬁcatur
2701 2192 2941 2247 omnium
2990 2188 3337 2255 mortalium',
3400 2170 3597 2261 'przeter
3638 2184 3786 2245 illos

2186 2284 2276 2357 qui
2308 2284 2363 2339 in
2403 2300 2528 2339 arca
2560 2283 2800 2339 salvandi
2826 2290 3003 2339 erant.
3036 2278 3114 2337 illi
3142 2282 3312 2354 igitur
3334 2278 3491 2353 quasi
3526 2278 3783 2336 sentina-

2186 2376 2326 2431 rium
2358 2376 2608 2431 secundae
2652 2375 2880 2447 originis
2924 2368 3125 2430 servati
3172 2380 3314 2429 sunt.
3358 2370 3660 2443 Sequitur:
3694 2368 3783 2425 Et

2185 2469 2485 2543 disperdam
2506 2486 2593 2524 eos
2626 2485 2744 2523 cum
2768 2477 2929 2522 terra.
2960 2464 3242 2535 Quomodo
3271 2480 3396 2520 cum
3446 2472 3609 2528 terra,
3638 2472 3782 2518 cum

2188 2572 2334 2618 terra
2360 2571 2545 2634 postea
2580 2560 2875 2617 remansit?
2894 2556 3139 2615 Tradunt
3159 2556 3304 2613 enim
3330 2554 3580 2613 doctores
3605 2564 3784 2611 terra:

2184 2648 2424 2727 vigorem
2470 2666 2526 2709 et
2551 2648 2935 2727 fecunditatem
2958 2648 3117 2725 longe
3152 2640 3467 2706 inferiorem
3494 2660 3614 2705 esse
3638 2652 3783 2720 post

2185 2722 2444 2802 diluvium
2494 2758 2658 2816 quam
2704 2722 2851 2810 ant'e,
2882 2731 2937 2799 et
2964 2722 3176 2799 ideirco
3208 2738 3525 2797 hominibus
3542 2752 3779 2794 carnem

2184 2836 2347 2896 edere
2374 2824 2648 2893 licentiam
2681 2834 2804 2891 esse
2830 2832 3030 2898 datam,
3062 2842 3117 2889 et
3160 2840 3285 2889 ante
3311 2830 3473 2886 etiam
3501 2828 3780 2886 diluvium

2183 2928 2446 2985 fructibus
2475 2935 2631 2983 terra:
2651 2926 2991 2982 solummodo
3012 2925 3315 2981 victitasse.
3806 2926 3819 2937 ·

2254 3020 2417 3075 Vens.
2454 3019 2540 3074 14.
2568 3048 2639 3060 --
2666 3015 2779 3071 Fac
2814 3014 2907 3071 tibi
2963 3018 3146 3072 arcem
3189 3016 3254 3069 de
3289 3013 3445 3085 lignis
3485 3011 3771 3082 la'vigatis.

2182 3111 2348 3183 Ligna
2396 3111 2659 3179 lrevigata,
2691 3104 2850 3165 fortia
2879 3117 2935 3165 et
2980 3106 3307 3173 insolubilia,
3346 3106 3414 3161 de
3442 3103 3637 3174 quibus
3659 3104 3776 3159 alia

2186 3202 2465 3258 translatio
2493 3202 2625 3257 dicit
2669 3198 2949 3272 quadrata,
2980 3204 3042 3254 ut
3079 3212 3207 3253 arca
3252 3198 3358 3253 nec
3395 3205 3686 3251 ventorum
3716 3196 3773 3250 vi

2187 3311 2285 3350 nec
2326 3308 2587 3364 aquarum
2642 3288 2995 3347 inundatione
3033 3289 3353 3347 solveretur.
3399 3287 3468 3342 Et
3512 3288 3777 3342 bitumine

2181 3386 2342 3457 facies
2374 3385 2686 3440 intrinsecus
2706 3393 2755 3437 et
2776 3378 3118 3437 eavrinse'cus.
3142 3378 3393 3435 Bitumen
3423 3384 3509 3433 est
3542 3370 3773 3432 ferven-

2182 3479 2451 3535 tissimum
2476 3486 2530 3533 et
2556 3474 3030 3532 inviolatissimum
3056 3473 3262 3546 gluten,
3298 3468 3455 3540 cujus
3474 3479 3561 3526 est
3587 3471 3771 3526 virtus

2178 3578 2239 3625 ut
2264 3568 2409 3639 ligna
2443 3585 2510 3625 cx
2551 3584 2617 3625 eo
2641 3568 2795 3623 linita
2822 3558 2924 3623 nec
2944 3554 3222 3622 vermibus
3259 3565 3437 3629 exedi,
3482 3574 3587 3620 nec
3628 3558 3770 3619 solis

2180 3662 2393 3725 ardore,
2424 3660 2508 3716 vel
2536 3667 2821 3716 ventorum
2849 3656 3086 3726 ﬂatibus,
3111 3656 3196 3714 vel
3242 3672 3506 3729 aquarum
3548 3658 3775 3728 possint

2180 3744 2623 3810 inundationibus
2651 3752 2891 3809 dissolvi.

2248 3836 2412 3904 Vsus.
2449 3844 3010 3903 l5.—Trecentorum
3034 3844 3332 3900 cubitorum
3362 3845 3460 3898 erit
3491 3843 3771 3914 longitudo

2176 3956 2346 4005 arcte;
2365 3937 2754 4010 quinquaginta
2776 3932 3078 3991 cubitorum
3108 3933 3336 3990 latitudo
3357 3942 3405 3988 et
3428 3935 3650 4005 triginta
3671 3950 3771 3987 est-

2176 4030 2404 4085 bitorum
2418 4028 2643 4084 altitudo
2666 4027 2829 4082 illius.
2848 4026 3071 4095 Qualem
3102 4040 3233 4097 ergo
3247 4040 3389 4081 arcae
3408 4028 3648 4096 speciem
3676 4025 3766 4079 vel

2174 4123 2401 4178 formam
2417 4122 2675 4177 debemus
2702 4120 3039 4190 intelligere?
3056 4119 3374 4184 Utvidetur,
3400 4127 3637 4189 quatuor
3662 4134 3766 4172 an-

2173 4214 2310 4285 gulis
2322 4229 2441 4269 eam
2459 4228 2526 4269 ex
2541 4213 2649 4267 imo
2658 4228 2788 4267 .assu
2798 4222 3062 4284 rgentem,
3085 4219 3140 4267 et
3162 4212 3365 4268 eisdem
3382 4208 3645 4281 paulatim
3664 4225 3765 4265 us-

2173 4320 2278 4375 que
2298 4306 2363 4361 ad
2391 4304 2569 4360 sinum
2592 4306 2643 4359 in
2668 4312 2956 4377 angustum
2977 4304 3244 4369 attractis,
3268 4304 3323 4358 in
3348 4304 3585 4373 spatium
3598 4303 3766 4357 unius

2171 4395 2337 4452 cubiti
2352 4394 2516 4451 l‘uisse
2528 4396 2833 4451 collectam.
2859 4395 2950 4451 Sic
2976 4396 3123 4451 enim
3154 4395 3377 4461 dicitur,
3398 4396 3524 4465 quia
3550 4395 3604 4476 in
3631 4394 3764 4449 lim-

2172 4488 2437 4544 damcntis
2460 4489 2688 4543 trecenti
2714 4487 2903 4553 cubiti,
2922 4488 2974 4542 in
3003 4488 3340 4560 longitudine
3362 4488 3759 4558 quinquaginta

2172 4579 2299 4644 sint,
2316 4586 2373 4633 et
2394 4579 2446 4633 in
2474 4578 2755 4633 altitudine
2791 4576 3031 4650 triginta,
3050 4578 3144 4634 sed
3160 4579 3385 4635 collecta
3412 4581 3470 4633 in
3490 4594 3763 4636 cacumen

2171 4680 2477 4744 augustum,
2492 4672 2569 4727 ita
2591 4680 2649 4727 ut
2661 4670 2901 4727 cubitum
2913 4673 2987 4727 sit
3006 4673 3355 4745 longitudinis
3369 4663 3757 4729 etlatitudinis.

2173 4766 2240 4821 Et
2260 4780 2386 4821 vere
2408 4765 2550 4820 nulla
2576 4766 2753 4838 potuit
2781 4775 2894 4820 tam
2916 4767 3245 4821 conveniens
3270 4774 3327 4821 et
3348 4778 3588 4836 congrua
3613 4781 3761 4821 arcte

2172 4859 2382 4930 species
2410 4860 2549 4925 dari,
2577 4874 2740 4929 quam
2772 4870 2833 4914 ut
2851 4874 3066 4915 summo
3096 4860 3242 4915 velut
3282 4873 3314 4914 e
3340 4867 3484 4916 tecto
3513 4860 3753 4930 quodam

2173 4956 2400 5020 angusto
2418 4949 2630 5005 culmen
2658 4948 2975 5005 defenderet
3003 4950 3261 5006 imbrium
3276 4950 3480 5014 ruinas,
3502 4959 3558 5005 et
3572 4951 3681 5004 ima
3700 4949 3756 5005 in

2173 5042 2329 5112 aquis
2340 5043 2600 5113 quadrata
2616 5042 2908 5099 stabilitate
2929 5043 3236 5101 consistens
3254 5058 3357 5099 uec
3377 5043 3606 5114 impulsu
3624 5058 3757 5099 ven-

2169 5139 2371 5199 torum,
2405 5147 2505 5188 nec
2531 5133 2731 5203 impetu
2759 5132 3042 5200 ﬂuctuum,
3075 5148 3176 5189 nec
3215 5134 3589 5204 inquietudine
3628 5134 3750 5189 ani-

2171 5225 2389 5280 malium
2424 5238 2544 5296 quae
2566 5226 2893 5283 intrinsecus
2942 5235 3123 5294 erant,
3160 5234 3255 5282 aut
3292 5226 3544 5285 inclinari
3576 5228 3754 5298 possit

2171 5327 2264 5372 aut
2288 5316 2477 5386 mergi.
3616 5307 3621 5312 “

2243 5407 2403 5464 Vsus.
2434 5409 2519 5463 16.
2540 5408 2902 5465 -ϐωηισαια
2924 5420 2974 5465 et
2996 5411 3209 5482 tristega
3232 5410 3394 5480 facies
3414 5413 3470 5469 in
3492 5426 3575 5465 ea.
3594 5410 3750 5479 Quod

2172 5502 2273 5557 alia
2302 5500 2602 5565 translatio,
2635 5499 2882 5575 videlicet
2918 5502 3234 5557 bicanterata
3274 5501 3328 5557 in
3365 5501 3747 5570 inferioribus,

2169 5592 2505 5645 trieamerata
2531 5591 2586 5645 in
2613 5590 2985 5660 superioribus
3013 5589 3173 5657 dicit;
3200 5591 3275 5645 ita
3306 5599 3366 5657 ut
3390 5592 3628 5663 quinque
3654 5592 3751 5647 ba-

2170 5685 2488 5739 bitationum
2525 5684 2897 5740 distinctiones
2922 5684 2976 5739 in
3006 5700 3070 5740 ea
3107 5701 3231 5743 esse
3250 5686 3635 5743 advertamus:
3670 5689 3752 5744 in—

2172 5777 2365 5834 feriora
2399 5775 2516 5846 ejus
2542 5775 2656 5832 loca
2681 5777 3013 5832 stercoribus
3038 5785 3094 5832 et
3121 5778 3395 5849 spurcitiis
3429 5794 3551 5835 esse
3576 5779 3749 5850 depu-

2171 5878 2304 5941 tata,
2333 5886 2401 5927 ne
2425 5869 2701 5937 animalia,
2731 5878 2783 5926 et
2814 5870 3082 5947 precipue
3112 5872 3389 5943 homines,
3425 5871 3541 5930 ﬁmi
3572 5872 3757 5949 fetore.
