4044 6326
254 390 357 447 15⁸1

1561 376 1912 439 COMMENT.
1954 380 2019 435 ΙΝ
2059 380 2214 438 GEN.

3405 382 3508 441 158

254 511 600 558 vexarentur.
633 498 770 557 Huic
792 508 970 557 autem
998 501 1241 573 superior
1268 508 1322 555 et
1341 500 1592 570 contigua
1613 512 1830 553 camera
1856 492 1912 557 Α
1933 510 2116 552 eorum
2164 498 2306 554 ferre
2336 499 2613 568 potuerit?
2649 497 2890 554 Tradunt
2935 499 3080 555 enim
3112 498 3323 555 Hebrtei
3366 500 3512 570 quod

252 592 640 651 conservandis
663 592 875 663 pabulis
898 592 1212 647 animalium
1246 592 1612 661 deputaretur.
1650 589 1705 643 In
1737 589 1834 643 hos

253 701 388 759 ergo
422 701 554 741 usus
585 682 870 740 inferiores
896 692 1100 755 partes,
1132 700 1251 755 quae
1276 684 1618 738 bicamerataa
1650 681 1837 737 dicun-

254 786 383 844 tur,
417 778 638 833 tradunt
662 774 830 832 fuisse
866 772 1168 832 distinctas.
1203 775 1519 846 Superiores
1554 789 1685 829 vero
1710 789 1837 844 par-

253 883 364 938 tes,
378 888 499 943 quae
522 871 884 927 tricameratae
904 870 1174 937 dicuntur,
1189 871 1254 925 ad
1278 860 1640 925 habitaculum
1661 868 1837 937 primo

254 963 452 1019 bestiis
481 961 567 1016 vel
609 960 934 1016 animalibus
965 959 1346 1015 immitiorihus
1382 959 1463 1014 vel
1495 957 1838 1028 serpentibus

255 1056 551 1127 deputatas
580 1068 721 1108 esse.
752 1050 835 1107 Ab
862 1052 949 1107 his
974 1067 1103 1109 vero
1133 1067 1367 1122 congrua
1391 1050 1446 1105 in
1471 1048 1840 1119 superioribus

254 1146 383 1202 loca
425 1144 733 1200 mitioribus
777 1140 1141 1199 animantibus
1182 1140 1390 1197 stabula
1439 1138 1623 1195 fuisse.
1665 1137 1841 1208 Supra

255 1239 444 1296 omnia
469 1254 597 1294 vero
624 1234 679 1293 in
707 1236 920 1292 excelso
943 1234 1252 1291 hominibus
1287 1232 1468 1290 sedem
1492 1232 1722 1287 locatam
1742 1271 1757 1295 ,
1785 1236 1844 1284 ut

258 1342 391 1403 pote
413 1332 555 1387 sicut
582 1332 786 1386 honore
821 1338 876 1384 et
906 1329 1168 1399 sapientia
1199 1324 1501 1393 antecellit,
1538 1327 1612 1380 ita
1642 1333 1696 1379 et
1724 1318 1851 1378 loco

256 1420 476 1477 cunctis
502 1420 814 1492 praecellere
843 1418 1197 1484 animalibus;
1237 1428 1292 1473 et
1320 1418 1400 1472 sic
1427 1417 1664 1487 quinque
1691 1431 1845 1470 man-

255 1513 446 1567 siones
487 1513 542 1566 in
590 1527 653 1566 ea
693 1526 814 1566 esse
847 1510 1234 1581 intelliguntur.
1286 1508 1467 1563 Prima
1509 1507 1843 1570 stercorina.

255 1603 892 1673 secunda‘apothecaria,
916 1602 1071 1657 tertia
1101 1599 1228 1657 feris
1249 1586 1633 1667 animan‘tibus,
1653 1608 1846 1671 quarta

255 1696 587 1761 mansuetis,
611 1694 801 1765 quinta
826 1692 1153 1748 hominibus.
1190 1690 1492 1747 Fenestram
1530 1692 1583 1747 in
1611 1708 1737 1745 arca
1765 1690 1848 1760 fa-

1937 590 2174 663 Moyses,
2207 600 2269 649 ut
2313 593 2379 648 de
2417 593 2509 648 illo
2550 593 2831 663 Scriptura
2861 593 3026 661 dicit,
3057 592 3203 650 omni
3250 594 3511 664 sapientia

1936 679 2312 755 Egyptiorum
2338 684 2579 739 eruditus
2602 682 2732 749 fuit,
2769 692 2822 738 et
2850 686 3147 741 secundum
3190 693 3362 740 artem
3389 700 3517 756 geo-

1938 773 2241 840 metricam,
2271 774 2325 829 in
2353 790 2459 847 qua
2489 775 2758 845 praecipue
2781 772 3020 847 Egyptii
3052 775 3279 842 callent,
3305 776 3517 831 cubito-

1940 880 2059 919 rum
2104 881 2329 921 numero
2372 866 2427 921 in
2470 867 2574 922 hoc
2617 865 2734 922 loco
2775 867 3034 941 posuerit.
3067 854 3332 922 Asserunt
3371 866 3515 921 enim

1940 950 2179 1014 cubitum
2202 959 2588 1030 geometricum
2613 968 2819 1014 tantum
2843 958 3025 1015 valere
3049 969 3307 1030 quantum
3332 968 3514 1014 nostra

1940 1051 2118 1107 cubita
2164 1067 2259 1107 sex
2333 1050 2530 1106 valent.
2580 1051 2722 1122 Lege
2766 1049 3050 1121 Origenem
3106 1068 3267 1124 super
3314 1052 3415 1106 hac
3462 1066 3522 1107 re

1936 1142 2132 1198 contra
2179 1141 2422 1211 Apellem
2466 1142 2850 1212 disputantem.
2899 1142 3140 1214 Denique
3178 1144 3320 1215 quod
3354 1141 3524 1198 refert

1945 1231 2223 1313 Scriptura
2246 1274 2261 1299 ,
2311 1232 2550 1304 ingressa
2598 1230 2767 1285 fuisse
2796 1233 3048 1288 animalia
3091 1234 3271 1289 omnia
3303 1249 3484 1289 arcam
3506 1273 3521 1297 ,

1946 1338 2052 1380 non
2088 1320 2202 1379 Noe
2227 1322 2542 1394 colligente,
2574 1326 2666 1380 sed
2685 1327 2910 1395 jubente
2940 1322 3166 1381 Domino
3201 1334 3380 1381 actum
3409 1332 3523 1390 est,

1947 1422 2002 1470 et
2027 1414 2141 1483 ejus
2184 1424 2314 1469 nutu
2342 1424 2526 1471 coacta
2560 1426 2749 1488 sponte
2786 1416 3059 1488 prmlinito
3098 1432 3322 1473 numero
3347 1415 3527 1473 venie-

1949 1510 2080 1564 bant
2103 1509 2170 1564 ad
2199 1524 2407 1565 arcam.

2024 1600 2131 1657 Sed
2172 1609 2421 1671 quaerunt
2461 1602 2626 1673 aliqui
2652 1603 2787 1672 quid
2813 1601 2881 1657 de
2918 1601 3160 1672 piscibus
3185 1601 3273 1657 vel
3313 1600 3531 1658 alitibus

1952 1691 2063 1767 [Z.,
2102 1692 2381 1767 altilibus],
2412 1708 2535 1764 qua
2568 1697 2619 1748 in
2654 1694 2811 1764 aquis
2836 1693 2919 1749 vel
2954 1707 3118 1765 super
3150 1708 3320 1763 aquas
3346 1694 3533 1749 vivere

255 1787 390 1849 cies,
407 1786 528 1839 etin
550 1785 723 1839 cubita
746 1782 1126 1839 consummabis
1149 1784 1497 1838 summitatem
1520 1783 1654 1853 ejus.
1680 1781 1851 1838 Fene-
1877 1846 1925 1859 _
1950 1791 2212 1855 possunt,
2250 1783 2659 1859 intelligendum
2693 1783 2803 1840 sit?
2830 1783 2915 1840 vel
2939 1784 2983 1839 si
3010 1783 3258 1853 ciniphes
3282 1782 3533 1839 minutis-

256 1884 380 1929 stra
404 1874 524 1929 ideo
551 1873 604 1928 in
627 1874 1046 1928 consummitate
1076 1870 1185 1944 [Z.,
1211 1846 1710 1944 summitatelarcae
1732 1871 1851 1928 ﬁeri
1877 1846 1928 1914 Β
1953 1846 2078 1929 simi
2106 1881 2163 1928 et
2187 1846 2410 1939 muscae,
2430 1846 2627 1930 inures
2649 1882 2706 1928 et
2739 1871 3044 1938 stelliones,
3091 1846 3148 1929 ei
3176 1881 3375 1929 caetera
3404 1871 3535 1927 talis

249 1964 515 2034 iubetur,
545 1973 603 2019 ut
626 1963 851 2020 haberet
887 1964 1029 2019 unde
1053 1964 1301 2020 emittere
1328 1965 1591 2036 potuisset
1627 1979 1755 2019 aves
1784 1965 1852 2021 ad

259 2056 653 2127 explorandam
684 2064 843 2112 terrae
877 2057 1195 2112 siccitatem.
1245 2056 1449 2111 Ostium
1494 2060 1669 2110 autem
1714 2071 1852 2110 arcte

258 2166 429 2221 pones
454 2165 519 2203 ea:
543 2146 702 2202 latere
729 2150 992 2203 deorsum.
1018 2148 1263 2204 Tradunt
1293 2149 1436 2204 enim
1463 2148 1626 2204 etiam
1655 2148 1853 2203 ostium

260 2241 416 2308 quod
438 2254 502 2294 ex
532 2238 704 2293 latere
731 2237 931 2294 factum
956 2238 1179 2303 dicitur,
1209 2254 1274 2294 eo
1299 2238 1418 2294 loco
1442 2236 1615 2295 'l‘uisse
1633 2279 1649 2305 ,
1678 2246 1739 2293 ut
1767 2240 1852 2293 in-

262 2330 469 2387 feriora
490 2372 505 2396 ,
549 2342 670 2401 quae
700 2331 835 2386 dixit
863 2331 1206 2395 bicamerata,
1250 2330 1389 2386 infra
1426 2346 1484 2387 se
1514 2331 1772 2398 haberet,
1800 2339 1857 2389 et

262 2438 394 2494 qua:
431 2422 567 2477 dixit
594 2421 929 2476 tricnmerata
971 2424 1250 2493 superiora
1296 2436 1325 2476 a
1367 2422 1485 2477 loco
1513 2424 1637 2478 ostii
1675 2423 1859 2495 appel-

266 2516 386 2569 lata
409 2524 552 2570 sunt.
584 2514 802 2569 Etinde
832 2514 1076 2586 ingressa
1109 2515 1362 2569 animalia
1392 2522 1486 2586 per
1507 2532 1602 2571 sua
1631 2532 1859 2588 quaeque

268 2608 393 2664 ioca
415 2608 713 2665 secundum
742 2622 862 2679 quae
891 2623 1053 2680 supra
1084 2609 1317 2664 diximus
1336 2650 1350 2675 ,
1380 2624 1616 2682 congrua
1653 2610 1857 2666 discre-

267 2702 425 2757 tione
449 2701 618 2757 divisa
648 2708 794 2755 sunt.

340 2793 455 2851 Sed
490 2792 629 2849 forte
670 2790 865 2862 quaerit
903 2791 1099 2864 aliquis
1143 2793 1188 2848 si
1229 2792 1391 2848 habet
1432 2788 1650 2863 aliquod
1679 2807 1861 2848 sacra-

264 2895 518 2942 mentum
552 2896 812 2941 mensura
846 2886 1005 2941 istius
1045 2886 1231 2940 arcae?
1260 2882 1435 2940 Habet
1470 2886 1636 2956 igitur
1661 2894 1861 2956 myste-

265 2981 417 3034 rium
436 2975 734 3048 perfectum
756 2976 999 3046 corporis
1011 2972 1234 3031 Christi.
1254 2976 1444 3032 Sexics
1464 2976 1608 3030 enim
1632 2976 1860 3031 trecenti

264 3045 481 3126 haben‘t
510 3068 653 3123 infra
684 3083 743 3124 se
772 3045 1160 3140 quinquaginta
1195 3075 1250 3122 et
1280 3066 1461 3122 decies
1486 3067 1732 3136 triginta.
1770 3066 1862 3124 Sic

260 3161 475 3232 quippe
501 3160 798 3215 humanum
824 3142 1050 3230 corpus,
1089 3159 1135 3214 si
1164 3158 1437 3227 jacentem
1482 3157 1726 3213 metieris
1764 3158 1863 3213 ho-

262 3252 503 3317 minem,
526 3252 711 3307 sexies
733 3251 897 3307 habet
916 3250 1193 3322 longitudo
1219 3249 1576 3315 latitudinem,
1602 3257 1656 3305 et
1678 3250 1858 3306 decies

262 3341 644 3399 altitudinem.
670 3340 802 3396 Nam
832 3341 1111 3412 longitudo
1137 3340 1369 3410 jacentis
1396 3341 1629 3396 hominis
1672 3354 1701 3395 a
1742 3356 1863 3397 ver-

265 3437 388 3490 tice
417 3449 589 3504 usque
606 3435 682 3491 'ad
704 3436 930 3507 vestigia
960 3435 1229 3491 metienda
1259 3445 1362 3500 est,
1390 3432 1446 3491 c't
1468 3432 1700 3491 latitudo
1728 3452 1758 3491 a
1785 3437 1865 3491 la-

266 3537 399 3583 tere
428 3536 602 3597 usque
626 3527 683 3581 in
706 3526 878 3593 iatus,
907 3537 961 3583 et
991 3527 1217 3582 altitudo
1252 3542 1283 3582 a
1313 3529 1474 3584 dorso
1499 3528 1566 3584 ad
1590 3537 1859 3584 ventrem.

264 3618 413 3686 Quae
438 3615 606 3687 figura
634 3627 757 3688 apte
777 3615 995 3674 Christo
1020 3619 1275 3675 convenit
1297 3631 1516 3690 propter
1534 3620 1865 3690 longanimi—

268 3718 451 3764 tatem
479 3709 659 3764 omnia
684 3694 991 3765 s'ull'erentis
1020 3708 1167 3776 ﬁdei,
1200 3722 1256 3767 et
1284 3712 1695 3782 amplitudinem
1729 3714 1862 3769 cha-

266 3800 480 3865 ritatis,
508 3810 566 3856 et
592 3800 977 3856 sublimitatem
1007 3802 1121 3872 spei
1144 3811 1379 3858 aeternae.
1408 3800 1673 3873 Sequitur
1699 3824 1711 3858 :

354 3892 520 3950 Vens.
548 3894 634 3950 l9.
657 3925 728 3935 —-
760 3893 844 3950 Ea;
868 3892 1105 3950 omnibus
1125 3895 1479 3950 animantibus
1502 3897 1716 3952 mundis
1744 3895 1866 3951 tolle

269 3996 492 4057 septena
528 3997 578 4040 et
621 3992 830 4057 septena
854 3987 911 4040 in
940 4003 1086 4054 arca,
1121 3988 1186 4042 de
1216 3988 1502 4041 immundis
1534 4004 1651 4042 vero
1685 3987 1791 4042 duo
1818 3996 1867 4042 et

270 4078 409 4141 duo,
429 4076 721 4131 masculum
749 4087 797 4131 et
825 4076 1092 4147 feminam.
1126 4075 1234 4133 Sed
1259 4088 1305 4131 et
1337 4078 1400 4132 de
1424 4074 1721 4131 volatilibus
1754 4076 1867 4131 caeli

272 4178 495 4240 septena
522 4180 570 4223 et
592 4179 825 4239 septena,
849 4169 1141 4225 masculum
1171 4179 1218 4223 et
1250 4171 1521 4239 feminam,
1552 4180 1606 4222 ut
1637 4167 1869 4223 salvetur

273 4279 456 4317 semen
481 4278 635 4333 super
657 4272 870 4318 terram.
901 4262 1040 4330 Quid
1067 4261 1170 4317 sibi
1207 4260 1342 4325 vult,
1376 4261 1482 4313 duo
1525 4269 1573 4314 et
1615 4259 1752 4323 duo,
1781 4275 1865 4313 se-

272 4364 438 4426 ptena
465 4364 513 4408 et
544 4364 755 4425 septena
777 4355 802 4407 Ρ
838 4354 917 4408 An
947 4361 1178 4423 quatuor
1203 4367 1272 4407 ex
1292 4351 1588 4406 immundis
1608 4392 1623 4417 ,
1651 4358 1706 4405 et
1736 4362 1869 4420 qua-

278 4446 587 4500 utam-decim
610 4460 676 4500 ex
706 4438 921 4500 mundis
941 4443 1260 4499 animalibus
1283 4442 1587 4514 intelligere
1612 4442 1869 4499 debetnus

277 4534 591 4590 introducta
620 4533 829 4590 fuisse?
864 4533 1103 4589 Minime.
1139 4532 1255 4588 Non
1294 4533 1399 4588 duo
1435 4542 1483 4587 et
1513 4533 1617 4587 duo
1644 4542 1869 4603 propter

279 4635 549 4696 quatuor,
588 4626 687 4682 sed
724 4636 948 4696 propter
978 4626 1278 4682 masculum
1315 4634 1372 4681 et
1414 4625 1695 4685 feminam.
1727 4625 1864 4679 Nam

282 4721 356 4775 de
380 4720 673 4777 immundis
697 4719 1072 4776 tantummodo
1096 4720 1224 4786 duo,
1250 4728 1307 4774 et
1332 4719 1399 4775 de
1421 4719 1637 4775 mundis
1666 4719 1868 4775 solum-

282 4812 450 4867 modo
490 4821 717 4881 septem.
764 4811 888 4867 Ideo
920 4812 1196 4866 immunda
1226 4812 1343 4882 pari
1387 4825 1614 4866 numero
1654 4812 1864 4883 posuit,

284 4905 490 4959 munda
519 4914 648 4961 vero
672 4902 864 4974 impari
883 4944 900 4969 ,
929 4913 985 4957 ut
1012 4903 1238 4958 haberet
1266 4903 1409 4958 unde
1430 4900 1636 4957 hostias
1658 4901 1771 4957 Deo
1804 4903 1871 4957 de

286 4995 509 5052 mundis
537 4996 858 5051 immolaret.
892 4995 959 5050 Et
981 4996 1119 5052 bene
1154 4996 1391 5071 pluriora
1416 4993 1637 5050 fuerunt
1669 4995 1871 5049 munda

288 5106 456 5162 quam
484 5090 761 5145 immunda
788 5098 1005 5159 propter
1040 5088 1280 5144 futurum
1310 5102 1471 5143 usum
1502 5088 1740 5142 humano
1775 5101 1871 5157 ge-

292 5183 433 5247 neri,
460 5182 553 5252 qui
587 5196 655 5237 ει
680 5182 896 5237 mundis
939 5181 1235 5235 debebatur
1268 5178 1607 5241 hominibus,
1656 5186 1716 5230 ut
1759 5176 1876 5247 plu-

293 5276 439 5329 riora
466 5281 651 5331 essent
674 5286 796 5343 quae
818 5272 1141 5342 prodessent
1158 5284 1320 5341 quam
1344 5284 1463 5340 quae
1492 5276 1771 5325 nocerent.
1802 5270 1876 5323 De

292 5368 599 5438 quibusque
622 5366 988 5421 animantibus
1022 5364 1224 5420 dictum
1270 5370 1382 5428 est,
1434 5363 1488 5416 in
1531 5363 1720 5431 quibus
1764 5371 1875 5415 erat

291 5465 509 5533 spiritus
542 5463 679 5517 vita.
707 5459 824 5516 Non
855 5460 1026 5515 solum
1055 5460 1120 5514 de
1142 5458 1470 5523 hominibus,
1500 5454 1591 5512 sed
1621 5456 1786 5510 etiam
1810 5456 1876 5510 de

294 5557 507 5611 ctcteris
536 5554 789 5610 omnibus
824 5554 915 5625 qui
957 5552 1105 5607 vitali
1149 5566 1279 5606 aura
1312 5558 1625 5606 vescuntur.
1676 5547 1877 5604 Notan-

295 5644 422 5699 dum
462 5654 551 5700 est
593 5644 737 5715 quod
772 5659 989 5699 movere
1016 5643 1153 5699 solet
1192 5644 1452 5714 quosdam
1499 5653 1680 5697 utrum
1729 5649 1877 5697 tanta

295 5732 600 5808 capacitate
626 5752 753 5793 arca
791 5736 1149 5801 describitur,
1192 5744 1251 5791 ut
1294 5751 1416 5792 esse
1446 5734 1696 5790 animalia
1726 5743 1876 5790 tanta

295 5835 350 5885 et
379 5838 459 5885 tot
486 5843 611 5885 cum
646 5826 1033 5887 mansiunculis
1054 5826 1492 5885 convenientium
1518 5826 1623 5883 sibi
1654 5835 1710 5883 et
1734 5825 1875 5885 escis

1883 3212 1935 3278 (Ξ

1954 1966 2007 2020 in
2037 1981 2219 2020 arcam
2247 1966 2551 2021 introducta
2578 1965 2851 2022 fuissent“!
2889 1974 2943 2021 et
2975 1973 3154 2021 utrum
3186 1965 3418 2036 amplior
3443 1980 3539 2021 eo—

1954 2071 2072 2111 rum
2118 2071 2376 2112 numerus
2401 2056 2565 2113 fuerit
2593 2073 2754 2128 quam
2785 2056 2875 2129 qui
2912 2066 2998 2113 est
3035 2057 3321 2124 deﬁnitus,
3362 2064 3420 2113 et
3445 2057 3538 2112 ubi

1954 2148 2183 2205 fuissent
2221 2148 2307 2223 [Ζ.
2327 2191 2343 2217 ,
2382 2150 2429 2206 si
2459 2150 2531 2206 ibi
2554 2150 2851 2223 fuissent]?
2891 2149 2998 2207 Sed
3026 2150 3351 2207 admonendi
3377 2158 3537 2215 sunt,

1955 2257 2093 2312 quos
2119 2242 2235 2297 haec
2270 2250 2510 2309 movent,
2537 2242 2616 2297 sic
2644 2241 3018 2314 accipiendum
3043 2242 3171 2314 quia
3200 2236 3401 2298 dictum
3430 2246 3537 2306 est.

1956 2337 2043 2409 qui
2072 2344 2120 2391 et
2147 2345 2329 2409 repunt
2357 2353 2512 2409 super
2535 2346 2747 2404 terram,
2778 2347 2834 2393 et
2853 2352 3074 2395 necesse
3096 2352 3203 2393 non
3232 2336 3397 2392 fuerit
3416 2351 3541 2392 con-

1956 2431 2158 2486 servari
2188 2431 2242 2486 in
2269 2444 2395 2487 arca
2418 2446 2538 2501 qua:
2563 2439 2787 2502 possunt
2814 2429 2930 2504 [Z.,
2960 2428 3157 2502 solent]
3188 2429 3243 2485 in
3270 2429 3427 2500 aquis
3458 2428 3544 2483 vi-

1958 2534 2103 2585 vere,
2139 2535 2244 2574 non
2273 2519 2445 2575 solum
2475 2534 2654 2577 mersa
2673 2559 2689 2587 ,
2738 2521 2878 2576 sicut
2919 2521 3130 2590 pisces,
3160 2533 3350 2575 verum
3376 2517 3542 2573 etiam

1959 2612 2380 2683 supernatantia,
2410 2612 2550 2667 sicut
2576 2610 2762 2667 multae
2801 2611 2979 2667 alites.
3012 2610 3217 2669 Deinde
3254 2624 3378 2665 cum
3412 2608 3544 2663 dici-

1962 2715 2083 2773 tur,
2125 2706 2391 2761 masculus
2433 2718 2479 2761 et
2519 2706 2714 2777 femina
2738 2715 2920 2771 erunt,
2951 2703 3194 2775 profecto
3225 2702 3544 2774 intelligitur

1961 2802 2028 2855 ad
2058 2799 2417 2870 reparandum
2442 2798 2568 2853 dici.
2596 2797 2676 2854 Ac
2702 2812 2799 2869 per
2821 2797 2924 2852 hoc
2952 2810 3053 2852 nec
3078 2794 3168 2850 illa
3190 2808 3411 2850 necesse
3430 2792 3546 2849 fue-

1964 2898 2046 2945 rat
2080 2888 2153 2944 ibi
2178 2904 2296 2946 esse
2320 2903 2439 2960 quae
2462 2896 2708 2959 possunt,
2741 2887 2860 2943 sine
2890 2886 3206 2953 concubitu,
3236 2885 3303 2941 de
3328 2883 3550 2954 quibus-

1963 2998 2069 3054 que
2092 2982 2254 3038 rebus
2276 2982 2360 3037 vel
2383 2997 2563 3037 rerum
2589 2980 3028 3052 corruptionibus
3047 2979 3219 3035 nasci.
3238 2975 3337 3032 Vel
3358 2976 3403 3031 si
3428 2973 3548 3030 fue-

1966 3083 2109 3138 runt,
2137 3075 2278 3129 sicut
2306 3074 2361 3128 in
2390 3073 2638 3128 domibus
2665 3078 3067 3129 consueverunt
3110 3084 3266 3135 esse,
3296 3082 3414 3124 sine
3439 3064 3549 3121 ullo

1966 3183 2192 3223 numero
2222 3166 2445 3222 deﬁnito
2469 3181 2590 3225 esse
2616 3165 2878 3235 potuisse.
2907 3164 3014 3218 Aut
3045 3163 3091 3217 si
3120 3160 3436 3234 mysterium
3462 3173 3549 3216 sa-

1964 3259 2326 3314 cratissimum
2350 3258 2491 3328 quod
2513 3258 2793 3328 agebatur,
2810 3263 2864 3310 et
2892 3262 3057 3309 tantae
3080 3253 3163 3317 rei
3189 3251 3361 3323 ﬁgura
3378 3250 3547 3323 etiam

1964 3350 2192 3405 veritate
2218 3348 2452 3404 faciliter
2487 3345 2690 3420 [Uterq.
2720 3345 2861 3412 cod.,
2891 3343 3212 3417 laccialiter]
3240 3358 3345 3399 non
3370 3349 3551 3413 posset

1967 3438 2207 3510 impleri,
2236 3438 2339 3493 nisi
2374 3447 2433 3493 ut
2464 3437 2648 3493 omnia
2684 3437 2759 3492 ibi
2794 3444 2947 3491 certo
2988 3434 3080 3491 illo
3108 3448 3335 3490 numero
3369 3439 3555 3488 essent

1964 3546 2086 3603 quae
2107 3530 2290 3587 vivere
2319 3530 2372 3584 in
2401 3530 2585 3601 aquis,
2633 3527 2776 3584 illius
2809 3537 3003 3582 natura
3044 3524 3396 3599 prohibente,
3444 3536 3552 3576 non

1967 3629 2196 3693 possunt
2224 3639 2238 3687 ;
2281 3636 2389 3676 non
2419 3618 2520 3674 fuit
2547 3619 2692 3676 illius
2716 3618 2955 3675 hominis
2978 3632 3109 3673 cura
3148 3617 3285 3681 ista,
3326 3613 3411 3671 vel
3437 3612 3554 3668 illo-

1968 3732 2088 3771 rum
2112 3715 2411 3780 hominum,
2443 3713 2536 3770 sed
2565 3713 2766 3768 divina.
2790 3710 2909 3767 Non
2938 3710 3085 3767 enim
3109 3724 3174 3765 ea
3196 3708 3309 3764 Noe
3332 3706 3554 3779 capiens

1968 3808 2383 3873 intromittebat,
2408 3807 2502 3861 sed
2525 3805 2798 3861 venientia
2823 3812 2880 3859 et
2902 3801 3162 3857 intrantia
3185 3797 3553 3871 permittebat.

1968 3897 2042 3953 Ea
2076 3912 2238 3968 porro
2260 3912 2379 3967 quae
2404 3896 2483 3951 sic
2515 3895 2716 3951 habent
2744 3909 2932 3949 sexum
2973 3903 3034 3948 ut
3069 3907 3177 3949 non
3214 3892 3447 3947 habeant
3481 3888 3556 3945 fe«

1970 3996 2108 4056 tum,
2133 3989 2275 4045 sicut
2302 3988 2430 4043 muli
2455 3997 2511 4044 et
2537 3987 2716 4055 mulae,
2749 3988 2953 4043 mirum
2981 3987 3027 4041 si
3051 3985 3270 4041 fuerunt
3290 3981 3407 4057 [Z.,
3440 3981 3557 4039 fue«

1970 4076 2103 4152 rint]
2154 4079 2257 4139 ibi,
2306 4094 2368 4133 ac
2414 4093 2518 4133 non
2549 4079 2727 4148 potius
2763 4085 3017 4146 parentes
3048 4090 3236 4130 eorum
3269 4073 3341 4128 ibi
3390 4071 3565 4129 fuisse

1972 4168 2263 4233 sullecerit,
2290 4168 2549 4239 equinum
2580 4167 2831 4224 videlicet
2860 4175 3023 4236 atque
3057 4165 3327 4220 asininum
3354 4179 3556 4237 genus,

1971 4270 2025 4318 et
2046 4261 2090 4316 si
2115 4277 2218 4331 qua
2243 4260 2375 4316 alias
2400 4268 2549 4327 sunt,
2572 4275 2692 4330 qua:
2713 4258 3099 4315 commixtione
3121 4256 3317 4313 diversi
3343 4255 3558 4329 generis

1972 4369 2140 4427 genus
2185 4352 2400 4424 aliquod
2444 4352 2691 4424 gignunt.
2740 4349 2848 4407 Sed
2892 4358 2948 4405 et
2994 4350 3095 4405 hoc
3136 4347 3202 4403 ad
3238 4346 3557 4419 mysterium

1973 4446 2293 4519 pertinebat.
2330 4444 2502 4501 Habet
2548 4444 2693 4498 enim
2728 4450 2783 4499 et
2824 4444 2926 4499 hoc
2973 4456 3146 4513 genus
3178 4439 3480 4496 masculum
3507 4444 3563 4494 et

1973 4535 2246 4591 feminam.
2292 4534 2430 4603 Quid
2467 4535 2612 4589 enim
2645 4535 2711 4589 de
2753 4548 2887 4604 pace
2909 4574 2924 4599 ,
2955 4541 3011 4588 et
3056 4532 3198 4587 unde
3241 4546 3299 4586 se
3329 4530 3560 4587 invicem

1977 4644 2082 4685 non
2105 4627 2438 4684 debellarent
2459 4626 2615 4681 divisi
2638 4625 2853 4698 generis
2876 4623 3195 4687 animantia,
3220 4621 3562 4677 sentiendum

1975 4722 2104 4779 est?
2142 4719 2298 4775 Sicut
2323 4718 2466 4773 enim
2507 4716 2601 4771 Dei
2648 4728 2782 4771 nutu
2812 4714 3221 4770 adducebantur
3260 4715 3314 4767 in
3346 4726 3560 4775 arcam,

1976 4816 2051 4870 ita
2090 4823 2145 4869 et
2182 4810 2276 4867 Dei
2316 4818 2448 4865 nutu
2496 4809 2963 4864 conservabantur
3000 4800 3054 4860 in
3100 4820 3246 4861 arca.
3280 4805 3387 4859 Seu
3416 4802 3560 4857 enim

1976 4898 2271 4961 secundum
2317 4914 2516 4974 genera
2562 4912 2659 4955 sua
2704 4897 3096 4954 mansiunculis
3144 4892 3561 4957 dividebantur,

1978 5003 2070 5049 aut
2111 4992 2335 5062 sejuncti
2366 4988 2489 5064 [Z.,
2521 4986 2565 5045 si
2602 4986 2852 5060 iunctim]
2886 4993 3198 5052 manerent,
3248 4982 3341 5038 Dei
3382 4991 3563 5036 tamen

1979 5088 2215 5161 potentia
2257 5084 2718 5157 gubernabantUr.
2760 5078 2904 5153 Lege
2952 5076 3147 5161 librum
3193 5073 3335 5130 beati
3375 5070 3562 5142 Augu-

1980 5160 2107 5235 stini
2137 5166 2381 5249 quintum
2411 5172 2679 5232 decimum
2720 5172 2788 5229 de
2826 5160 3049 5229 Civitate
3079 5168 3176 5223 Dei
3211 5166 3277 5222 de
3308 5176 3436 5220 arca
3478 5163 3566 5220 di-

1980 5286 2038 5327 se
2044 5280 2124 5325 l‘lll
2131 5284 2183 5325 m
2192 5309 2204 5323 .

2052 5360 2241 5417 Solent
2264 5358 2427 5416 etiam
2450 5356 2690 5416 nonnulli
2717 5357 3072 5429 quaestionem
3096 5352 3279 5408 facere
3297 5356 3568 5423 quomodo

1984 5457 2168 5512 leones
2196 5464 2250 5511 et
2276 5452 2489 5526 aquiltr,
2521 5462 2575 5508 et
2602 5461 2796 5509 caetera
2828 5446 3135 5520 huiusmodi
3165 5462 3285 5518 quae
3312 5448 3567 5504 carnibus

1983 5549 2163 5602 vivere
2188 5550 2609 5610 consueverunt,
2638 5542 2694 5597 in
2719 5557 2843 5595 arca
2871 5536 3017 5609 pasci
3044 5537 3357 5599 potuerint?
3380 5539 3570 5607 Forte,

1981 5647 2040 5692 ut
2078 5639 2326 5694 doctores
2368 5638 2694 5707 opinantur.
2732 5642 2787 5685 et
2821 5628 2924 5685 alia
2954 5628 3210 5685 animalia
3251 5638 3429 5702 praeter
3473 5642 3575 5684 nu-
3676 5626 3687 5633 ’

1980 5748 2189 5789 merum
2233 5731 2511 5787 delinitum
2553 5737 2773 5798 propter
2803 5722 3027 5778 aliorum
3078 5736 3257 5778 escam
3294 5723 3348 5778 in
3387 5730 3571 5780 arcam

1979 5824 2194 5883 luerunt
2225 5822 2556 5888 intromissa,
2587 5818 2669 5875 vel
2699 5816 2878 5893 aliqua
2906 5814 3111 5875 cibaria
3148 5824 3345 5891 praeter
3376 5828 3573 5871 carnes
