4044 6326
511 400 614 457 159
1551 385 1899 446 ANGELOMI
1937 377 2401 438 LUXOVIENSIS
2439 376 2742 434 MONACHI
3681 376 3799 434 ίδο

506 529 538 568 a
569 514 686 568 viro
714 509 969 580 sapienti,
999 507 1083 563 vel
1131 507 1240 562 Deo
1279 506 1715 568 demonstrantc,
1754 484 1876 572 quae
1903 497 2092 553 talium
2119 502 2173 562 Α
2197 503 2245 548 et
2291 493 2581 546 redeuntes.
2635 493 2769 546 Dum
2797 491 2995 546 dicitur
3029 508 3042 544 :
3073 489 3311 545 Reverso!
3359 502 3477 546 sunt
3517 509 3670 562 aqua:
3720 495 3798 548 de

503 617 718 674 quoque
747 600 1100 656 animantium
1137 598 1280 654 escis
1319 596 1704 659 convenirent,
1737 592 1881 663 quod
1915 591 2088 663 magis
2190 593 2332 639 terra
2352 593 2529 638 euntes
2553 593 2602 638 et
2623 584 2913 648 redeuntes,
2937 583 3169 649 videtur,
3188 583 3343 651 juxta
3372 585 3628 652 litteram,
3649 587 3795 656 quia

20 4531 24 4628 ν

20 4943 24 5098 ἶ

504 695 762 753 credibile
795 707 899 750 eSt.
947 691 1085 748 Nam
1129 691 1333 748 scimus
1372 689 1539 745 multa
1576 685 1860 752 animalia,
1892 685 2088 756 quibus

505 804 634 844 caro
654 789 807 844 cibus
829 795 930 853 est,
946 787 1112 844 etiam
1131 785 1310 858 pomis
1330 785 1473 841 vesci
1501 783 1612 856 [Z.,
1637 793 1693 839 et
1711 799 1872 854 poma
1891 781 2085 856 vesci].

507 881 645 948 Quid
673 878 739 952 [Ζ
744 921 782 946 .,
817 879 954 948 Quid
975 879 1130 952 vero]
1151 879 1217 934 de
1235 887 1365 949 potu
1385 875 1698 930 animalium
1724 874 2088 941 sentiendum,

507 973 574 1029 de
604 987 711 1043 quo
740 972 875 1028 nihil
901 973 1031 1028 dicit
1051 970 1365 1042 Scriptura?
1387 967 1525 1023 Sunt
1543 967 1875 1038 quidamqui
1900 974 2091 1038 putant

507 1066 668 1121 unius
695 1065 801 1122 diei
833 1081 1014 1122 escam
1041 1066 1094 1120 in
1126 1079 1252 1119 arca
1285 1062 1372 1117 vel
1409 1070 1594 1134 potum
1633 1061 1688 1116 in
1729 1061 1929 1117 multos
1967 1076 2092 1131 pro-

506 1157 664 1213 desse
691 1158 806 1214 dies
829 1157 1036 1213 illatum
1059 1157 1444 1223 animantibus,
1467 1155 1552 1210 vel
1578 1139 1809 1211 forsitan
1831 1157 1899 1211 ad
1921 1164 2091 1213 totum

506 1259 707 1306 annum
734 1251 878 1322 quod
904 1251 1085 1306 verius
1117 1265 1240 1307 esse
1265 1258 1462 1321 potest.
1498 1249 1606 1305 Sed
1633 1249 1968 1307 dimittamus
2005 1251 2092 1306 in-

507 1351 685 1399 certas
728 1343 1096 1414 conjecturas,
1129 1352 1185 1398 et
1225 1341 1585 1398 concedamus
1613 1341 1808 1396 divinae
1843 1341 2094 1410 potentiae

524 1433 574 1490 ‘e
600 1434 863 1491 creaturis
887 1435 1000 1491 suis
1027 1434 1210 1492 facere
1229 1435 1374 1507 quod
1399 1434 1633 1492 voluerit
1657 1431 1854 1507 [Petr.,
1873 1433 2088 1509 voluit].

1107 1568 1337 1627 CAPUT
1374 1569 1487 1625 Vll.

578 1681 742 1737 Vens.
781 1682 934 1739 1-19.
974 1713 1042 1724 -—
1084 1683 1156 1738 Et
1189 1685 1401 1740 inclusit
1439 1702 1558 1740 eum
1586 1685 1844 1742 Dominus
1871 1687 2090 1757 deforis.

505 1772 786 1840 Quomodo
815 1776 959 1831 enim
984 1785 1337 1848 posteaquam
1363 1779 1604 1834 clausum
1634 1788 1737 1847 est,
1768 1788 1828 1834 ut
1857 1779 1941 1852 [Ζ.
1965 1821 1979 1846 ,
2011 1779 2086 1853 et]

2191 691 2380 733 omnes
2420 676 2704 733 fluviorum
2735 693 2798 732 ac
2835 677 3082 731 rivorum
3116 677 3377 733 decursus
3402 693 3502 749 per
3539 679 3798 735 occultas

2190 779 2352 827 terra:
2373 785 2540 827 venas
2565 772 2632 827 ad
2659 772 2944 828 matricem
2973 773 3154 844 abyssi
3194 773 3440 840 redeunt,
3465 774 3619 844 juxta
3649 773 3796 830 illud

2193 862 2498 920 Salomonis
2527 882 2540 918 :
2565 863 2646 918 Ad
2673 863 2845 918 locum
2868 865 3007 918 unde
3031 874 3218 920 exeunt
3244 865 3487 936 ﬂumina,
3512 875 3794 920 revertun~

2189 963 2296 1022 tur,
2319 965 2374 1010 ut
2393 957 2581 1011 iterum
2600 958 2769 1027 [luant
2797 956 2994 1029 (Eccle.
3029 974 3068 1024 ι,
3097 959 3174 1030 7).

2264 1048 2426 1104 Vens.
2460 1049 2514 1104 6.
2537 1081 2609 1090 —
2634 1047 2766 1105 Post
2785 1051 3140 1121 quadraginta
3173 1051 3284 1106 dies
3307 1051 3510 1123 aperuit
3555 1051 3675 1106 Noe
3704 1053 3794 1122 fe-

2192 1149 2441 1208 nestram,
2463 1151 2512 1196 et
2558 1141 2730 1196 emisit
2772 1157 2981 1196 corvum
3007 1181 3024 1208 ,
3050 1143 3140 1213 qui
3181 1142 3548 1213 egrediebatur
3584 1151 3632 1196 et
3679 1159 3798 1195 non

2193 1234 2560 1289 revertebatur.
2584 1234 2645 1290 In
2673 1233 2900 1291 Hebralu
2931 1235 3193 1306 scriptum
3223 1243 3307 1290 est
3337 1235 3513 1290 exiens
3534 1244 3582 1290 et
3610 1251 3802 1290 rever—

2194 1335 2326 1392 tens,
2350 1328 2512 1382 donec
2539 1328 2865 1383 siccarentur
2904 1345 3056 1400 aqua:
3100 1329 3167 1383 de
3209 1337 3368 1383 terra.
3407 1327 3514 1384 Sed
3555 1328 3706 1391 ideo,
3737 1337 3806 1382 ut

2138 1423 2143 1430 ’
2191 1430 2379 1477 nostra
2408 1421 2690 1477 translatio
2719 1421 2914 1488 innuit,
2952 1437 3061 1476 non
3091 1428 3178 1477 est
3220 1436 3494 1488 reversus,
3526 1422 3653 1491 quia
3693 1429 3804 1474 aut

2195 1515 2265 1569 ab
2298 1514 2455 1585 aquis
2502 1523 2586 1569 est
2614 1515 2902 1583 absorptus
2954 1521 3007 1568 et
3052 1514 3430 1583 interemptus,
3459 1522 3550 1565 aut
3601 1511 3804 1582 aliquo

2195 1608 2454 1663 cadavere
2475 1615 2858 1678 supernatante
2881 1616 2964 1664 est
2991 1607 3224 1673 illectus,
3246 1617 3302 1662 et
3322 1607 3554 1678 desuper
3592 1607 3809 1662 sedere

2194 1707 2278 1752 est
2315 1697 2634 1766 delectatus,
2659 1699 2801 1768 quod
2844 1698 3092 1754 columba
3120 1698 3441 1753 naturaliter
3475 1697 3697 1767 refugit,
3732 1699 3809 1752 de

2197 1805 2299 1860 qua
2343 1790 2540 1846 dicitur
2565 1809 2577 1845 :
2600 1807 2716 1861 quis
2740 1807 2858 1845 cum
2901 1808 3008 1846 non
3028 1789 3310 1846 invenisset
3331 1790 3420 1845 ubi
3446 1790 3806 1861 requiesceret

505 1863 685 1920 “unus
711 1865 989 1922 hominum
1021 1876 1175 1922 e-‘m‘a
1205 1883 1389 1924 arcam
1421 1867 1542 1936 ΐυίῐ,
1572 1871 1960 1926 imbilumiﬂari
1989 1887 2087 1927 CX-
2117 1876 2167 1937 B
2193 1897 2281 1950 pes
2311 1882 2445 1951 ejus,
2471 1898 2677 1936 reversa
2703 1890 2778 1936 est
2815 1883 2884 1937 ad
2906 1899 3024 1936 eum
3062 1882 3118 1936 in
3148 1898 3348 1936 arcam.
3399 1881 3807 1938 Verumtamen

505 1956 777 2011 trinsecus
805 1957 1003 2012 ostium
1044 1959 1261 2029 potuit?
1291 1960 1402 2016 Hoc
1440 1961 1584 2016 enim
1612 1961 1729 2016 sine
1767 1962 1930 2018 dubio
1957 1961 2094 2017 divi-

505 2065 634 2104 num
664 2064 800 2119 opus
831 2049 966 2117 fuit,
1006 2068 1076 2108 ne
1121 2053 1533 2126 ingrederentur
1559 2071 1712 2125 aqua:
1735 2071 1832 2127 per
1855 2057 2088 2124 aditum,

506 2157 668 2213 quem
695 2143 929 2200 humana
954 2161 1062 2201 non
1087 2147 1358 2204 munierat
1385 2164 1598 2204 manus.
1628 2149 1922 2220 Sequitur:

505 2263 536 2281 η
579 2231 744 2290 Vsus.
790 2234 880 2290 20.
922 2267 994 2276 —-
1027 2235 1337 2302 Quindecim
1385 2241 1572 2295 cubitis
1619 2241 1777 2296 altior
1806 2243 1909 2313 fuit
1955 2261 2094 2316 aqua

506 2339 662 2393 super
687 2337 885 2382 montes
909 2345 1038 2398 quos
1069 2344 1365 2400 aperuerat.
1389 2330 1680 2398 Quaeritur,
1712 2334 1758 2388 si
1785 2349 1924 2404 aqua
1946 2345 2095 2390 tran-

507 2418 720 2473 scendit
740 2419 1048 2488 quindecim
1075 2422 1294 2489 cubitis,
1311 2423 1537 2480 altitudo
1563 2423 1630 2496 [Ζ
1637 2465 1674 2492 .,
1698 2425 1914 2492 cubitis,
1941 2426 2094 2498 cujus

507 2510 756 2586 altitudo]
798 2514 942 2572 hunc
971 2531 1150 2573 aerem
1178 2517 1573 2586 turbulentum,
1605 2529 1666 2574 ut
1701 2521 1908 2586 fertur,
1941 2531 2092 2577 trau-

508 2603 746 2670 scendit,
781 2606 873 2662 ubi
915 2607 1115 2663 dicitur
1154 2625 1256 2665 nec
1293 2611 1465 2666 nubes
1501 2609 1704 2676 videri,
1756 2629 1856 2668 nec
1900 2622 2094 2670 ventus

510 2690 578 2765 [Ζ
586 2735 622 2759 .,
656 2695 910 2752 dicuntur
934 2698 1106 2755 nubes
1129 2700 1322 2767 videri,
1348 2717 1448 2758 nec
1477 2712 1692 2769 ventus,
1716 2704 1849 2777 etc.]
1880 2706 2093 2772 sentiri,

508 2791 650 2846 sicut
691 2794 756 2848 de
792 2792 1019 2866 Olympo
1057 2797 1391 2869 cpinantur?
1425 2797 1532 2853 Sed
1575 2799 1856 2855 sciendum
1895 2809 2008 2867 est,
2049 2803 2095 2857 si

511 2891 652 2937 terra
677 2885 911 2954 spatium
931 2886 1075 2944 illius
1097 2888 1367 2959 tranquilli
1383 2890 1606 2946 aetheris
1625 2891 1882 2948 invadere
1903 2893 2094 2964 potuit,

412 2987 413 2990 ‘
509 2989 607 3028 cur
630 2984 686 3030 et
715 2991 822 3032 non
849 2994 988 3048 aqua
1027 2982 1322 3036 crescendo
1366 2982 1514 3036 illum
1554 2993 1791 3040 montem
1824 2993 1878 3040 et
1914 3001 2094 3042 aerem

510 3067 676 3120 etiam
703 3071 1086 3126 transcendere
1114 3072 1334 3142 potuit?
1367 3073 1507 3129 Sunt
1539 3085 1718 3132 tamen
1756 3077 1975 3147 quidam
2003 3077 2096 3148 qui

509 3167 705 3229 putant
745 3174 845 3216 nec
886 3170 1046 3217 terrae
1074 3163 1496 3234 inaequalitatem
1537 3165 1667 3238 [Z.,
1696 3167 2092 3242 aequalitatem]

513 3251 676 3306 talem
705 3267 858 3320 esse,
901 3268 1003 3311 nec
1044 3257 1309 3310 montium
1355 3258 1693 3314 altitudinem
1722 3267 1925 3315 tantam
1971 3270 2098 3317 ante

519 3341 777 3396 diluvium
803 3357 925 3398 esse
954 3345 1095 3401 sicut
1119 3361 1263 3402 nunc
1287 3355 1392 3403 est.

587 3435 750 3491 VERS.
782 3436 870 3491 21.
908 3469 978 3479 —
1016 3439 1439 3514 Consumptaque
1483 3450 1558 3496 est
1604 3443 1771 3497 omnis
1813 3460 1937 3498 caro
1984 3461 2102 3516 quae

514 3527 820 3582 movebatur
845 3546 1000 3601 super
1033 3540 1248 3597 terram,
1277 3531 1401 3586 etin
1427 3531 1614 3601 quibus
1635 3532 1955 3602 spiraculum
1985 3535 2104 3588 vita:

515 3625 592 3672 est
619 3619 676 3671 in
703 3627 865 3685 terra,
887 3629 1096 3675 mortua
1125 3630 1266 3676 sunt.
1297 3620 1356 3678 Si
1381 3622 1525 3677 enim
1553 3623 1625 3676 ita
1648 3631 1752 3689 est,
1775 3623 1901 3694 quid
1923 3624 2105 3680 dicen-

517 3711 644 3764 dum
693 3711 759 3766 de
805 3711 1130 3769 animalibus
1174 3728 1401 3782 Quorum
1433 3721 1626 3769 natura
1663 3729 1762 3769 nec
1805 3729 2020 3786 semper
2051 3715 2105 3769 in

517 3801 710 3869 aridis,
749 3817 850 3858 nec
879 3819 1094 3875 semper
1134 3805 1189 3860 in
1231 3806 1468 3861 humidis
1497 3805 1681 3860 vivere
1711 3815 1924 3877 potest,
1964 3806 2107 3862 sicut

519 3902 648 3949 sunt
677 3894 804 3949 lutri
833 3904 890 3950 et
919 3897 1073 3952 vituli
1104 3898 1338 3965 marini;
1383 3910 1438 3954 et
1489 3900 1656 3954 multa
1703 3901 1882 3955 avium
1909 3916 2107 3974 genera

519 3984 574 4038 iu
603 3985 757 4054 aquis
783 3986 979 4042 victum
1011 3989 1330 4059 requirunt,
1364 3990 1458 4046 sed
1488 3991 1544 4046 in
1577 3991 1762 4046 arduis
1797 3993 2108 4058 dormiunt,

523 4067 840 4133 nutriuntur
866 4088 922 4134 et
948 4081 1333 4150 requiescunt?
1357 4081 1656 4138 Dicendum
1678 4090 1761 4139 est
1785 4084 1912 4154 quia
1933 4084 2111 4155 potuit

519 4168 696 4226 virtus
727 4171 908 4227 divina
935 4182 1220 4244 utramque
1252 4189 1441 4229 eorum
1467 4185 1740 4241 naturam,
1773 4176 1942 4231 donec
1970 4175 2110 4232 dilu-

527 4260 673 4315 vium
708 4263 983 4331 transiret,
1021 4274 1365 4337 telnperare;
1398 4274 1458 4321 ut
1497 4275 1591 4322 aut
1613 4281 1615 4285 ‘
1638 4268 1690 4322 in
1738 4268 1960 4322 humido
1992 4277 2112 4324 tan-

526 4363 670 4424 tum,
717 4366 810 4413 aut
849 4357 902 4412 in
944 4358 1095 4416 arido
1139 4361 1320 4416 vivere
1356 4369 1596 4432 possent.
1628 4359 1745 4416 Nisi
1775 4361 1916 4417 forte
1955 4370 2113 4418 extra

525 4462 708 4503 aream
740 4449 794 4502 in
829 4449 1010 4521 aliqua
1038 4449 1155 4520 ejus
1185 4461 1336 4523 parte
1380 4452 1499 4508 loca
1543 4452 1651 4508 illis
1686 4459 1990 4523 praeparata
2027 4467 2113 4508 es-

2195 1971 2580 2038 requircndum
2625 1981 2710 2028 est
2739 1987 2837 2027 cur
2871 1973 3301 2043 quadragenario
3341 1989 3566 2029 numero
3602 1974 3809 2044 pluvia

2194 2065 2518 2132 inundabat,
2547 2075 2604 2121 et
2647 2065 2846 2122 iterum
2871 2075 2994 2136 post
3038 2067 3394 2139 quadraginta
3434 2068 3548 2124 dies
3587 2069 3810 2124 dicitur

2195 2142 2309 2210 Noe
2369 2153 2664 2210 fenestram
2720 2166 2862 2211 arcae
2927 2157 3258 2228 aperuisse?
3313 2157 3810 2232 Quadragenarius

2193 2248 2340 2304 enim
2401 2249 2502 2304 iste
2579 2250 2895 2320 spiritaliter
2964 2249 3370 2306 tribulationem
3443 2252 3801 2322 paenitentia:

2195 2341 2448 2398 ostendit.
2481 2341 2636 2410 Quod
2666 2357 2795 2400 vero
2818 2353 2940 2414 post
2965 2344 3321 2416 quadraginta
3350 2345 3467 2401 dies
3489 2344 3806 2401 fenestram

2197 2435 2449 2506 aperuit,
2495 2433 2767 2506 signiﬁcat
2824 2435 3032 2507 jejunio
3093 2435 3289 2492 cmlum
3345 2437 3596 2492 reserari.
3663 2436 3812 2493 Ideo

2196 2523 2408 2596 Moyses
2443 2533 2497 2580 et
2519 2525 2687 2593 Elias,
2725 2526 2887 2581 etiam
2907 2535 2964 2583 et
2991 2527 3105 2598 ipse
3134 2526 3402 2592 Salvator,
3426 2527 3629 2597 jejunia
3660 2543 3811 2584 cou-

2196 2619 2452 2684 secravit,
2483 2627 2742 2690 tanquam
2765 2620 2938 2676 tribus
2963 2621 3300 2692 temporibus
3320 2621 3628 2677 necessaria
3663 2632 3810 2675 ante

2195 2714 2388 2787 legem,
2427 2714 2525 2770 sub
2553 2713 2690 2786 lege,
2716 2715 2816 2771 sub
2846 2716 3036 2786 gratia.
3077 2715 3372 2786 Sequitur:

2273 2803 2433 2860 Vens.
2465 2805 2528 2859 11
2561 2834 2632 2844 -
2655 2805 2722 2859 At
2743 2804 2838 2859 illa
2859 2807 2993 2860 venit
3017 2807 3086 2860 ad
3115 2823 3235 2861 eum
3264 2807 3334 2861 ad
3365 2823 3632 2879 vesperam
3669 2825 3807 2878 por-

2197 2911 2313 2958 tsns
2353 2917 2560 2954 ramum
2587 2899 2836 2966 olivw,et
2886 2899 3112 2970 reliqua.
3167 2899 3345 2967 Quare
3383 2916 3596 2955 ramum
3635 2900 3807 2956 oliva:

2196 3000 2398 3062 portat,
2427 2991 2533 3048 nisi
2561 2992 2687 3063 quia
2721 3001 2908 3064 typum
2933 2991 3170 3061 Spiritus
3195 2991 3369 3047 sancti
3397 2991 3807 3048 adumbrabat?

2199 3086 2328 3155 Quae
2349 3085 2598 3142 columba
2624 3085 2858 3157 Spiritus
2886 3086 3081 3152 sancti,
3101 3085 3326 3157 expulso
3347 3085 3473 3140 alite
3486 3085 3804 3151 teterrimo,

2200 3179 2268 3234 ad
2294 3177 2407 3234 Noe
2446 3188 2568 3250 post
2595 3177 2876 3244 diluvium,
2910 3177 3064 3248 quasi
3088 3179 3154 3231 ad
3181 3175 3452 3232 Christum
3471 3184 3596 3248 post
3619 3177 3808 3246 bapti-

2203 3284 2382 3325 smum
2407 3267 2638 3336 devolat,
2663 3278 2717 3323 et
2744 3283 2922 3324 ramos
2944 3267 3252 3324 refectionis
3273 3284 3338 3324 ac
3363 3268 3585 3323 luminis
3605 3282 3807 3338 pacem

2202 3361 2322 3418 orbi
2345 3360 2648 3416 annuntiat.
2678 3359 2786 3416 Sed
2808 3367 3101 3430 antequam
3136 3359 3429 3432 descriptio
3453 3359 3618 3428 hujus
3652 3374 3806 3416 arcae

2205 3454 2272 3509 ad
2301 3452 2506 3510 calcem
2540 3452 2845 3524 perveniat,
2878 3451 3178 3508 notandum
3209 3459 3294 3508 est
3323 3471 3336 3506 :
3367 3452 3412 3508 si
3436 3452 3583 3507 Deus
3612 3451 3808 3507 omnia

2205 3544 2412 3601 fecerat
2455 3546 2627 3624 bona,
2650 3543 2816 3599 etiam
2858 3553 2914 3600 et
2958 3543 3117 3600 valde
3147 3545 3312 3612 bona,
3343 3543 3469 3615 quid
3521 3552 3606 3599 est
3652 3542 3807 3612 quod

2206 3638 2405 3693 munda
2427 3646 2483 3694 et
2501 3638 2778 3694 immunda
2797 3636 3145 3693 nominantur
3163 3637 3220 3692 in
3239 3652 3304 3692 ea
3327 3634 3621 3691 animalia?
3649 3633 3807 3690 Nun~

2209 3729 2338 3800 quid
2368 3729 2702 3784 immundum
2743 3729 2946 3784 bonum
2973 3737 3151 3798 potest
3170 3728 3327 3784 esse?
3361 3726 3468 3782 Sed
3517 3727 3809 3782 sciendum

2209 3828 2292 3876 est
2317 3820 2443 3892 quia
2455 3820 2621 3876 etiam
2642 3821 2786 3891 quod
2811 3819 3146 3875 immundum
3171 3820 3392 3886 dicitur,
3408 3819 3461 3874 in
3482 3833 3580 3874 sua
3604 3827 3809 3874 natura

2209 3912 2412 3967 bonum
2431 3919 2535 3968 est.
2568 3911 2652 3968 Ad
2679 3913 3138 3984 comparationem
3160 3911 3324 3984 igitur
3344 3910 3564 3966 alterius
3592 3920 3810 3966 natura:

2211 4007 2468 4072 melioris,
2495 4007 2652 4076 quasi
2679 4007 3015 4062 immundum
3044 4014 3283 4078 putatur.
3317 4006 3558 4076 Denique
3589 4004 3693 4060 bos
3719 4014 3810 4060 est

2213 4100 2406 4155 melior
2437 4099 2612 4167 leone,
2645 4099 2901 4155 videlicet
2925 4099 3053 4170 quia
3082 4099 3256 4170 magis
3286 4096 3404 4166 ejus
3433 4109 3629 4152 natura
3663 4112 3810 4152 con-

2215 4191 2363 4247 venit
2391 4191 2626 4246 hominis
2673 4191 2986 4248 necessitati
3028 4190 3336 4258 subvenire,
3367 4198 3591 4262 propter
3639 4205 3830 4260 quem-

2213 4283 2397 4339 omnia
2419 4295 2604 4339 creata
2634 4293 2760 4339 sunt
2780 4284 3058 4351 animalia,
3091 4284 3160 4339 de
3185 4299 3293 4355 quo
3323 4284 3489 4339 etiam
3515 4283 3770 4340 subditur
3794 4300 3806 4335 :

2213 4375 2283 4432 Et
2307 4388 2366 4432 ut
2385 4387 2557 4433 terror
2583 4387 2768 4444 vester,
2788 4388 2836 4433 et
2864 4389 3056 4434 tremor
3074 4379 3141 4432 sit
3163 4395 3318 4450 super
3336 4386 3523 4432 cuncta
3556 4377 3812 4431 animan-

2214 4471 2288 4525 tia
2332 4480 2505 4526 teme.
2551 4471 2676 4528 Ideo
2708 4473 2870 4528 homo
2918 4481 3128 4528 terrore
3175 4473 3386 4529 caneris
3431 4471 3812 4526 animantibus

525 4549 644 4596 SC!"
673 4543 814 4597 unde
839 4551 894 4597 ει
919 4543 974 4598 in
999 4544 1156 4614 aquis
1181 4545 1362 4600 vivere
1389 4555 1445 4600 et
1477 4544 1532 4598 in
1571 4545 1741 4600 aridis
1766 4546 2114 4614 Γθίιυίθεοθΐθ
2138 4600 2193 4661 D
2218 4561 2540 4633 praposilus
2564 4571 2668 4629 est,
2701 4571 2762 4617 ut
2783 4571 2927 4618 esset
2958 4564 3014 4618 in
3043 4561 3296 4619 solatium
3319 4562 3570 4617 vindicia;
3618 4571 3806 4618 trans-

525 4635 844 4705 potuissent.

1130 4726 1357 4782 CAPUT
1381 4726 1510 4782 VIII.

598 4841 758 4897 Vsus.
790 4841 878 4896 12.
908 4871 980 4882 -
1000 4840 1327 4898 Recordatus
1352 4852 1529 4898 autem
1554 4843 1815 4899 Dominus
1838 4842 1978 4911 Noe,
2005 4845 2109 4899 ad-

522 4932 673 4987 duxit
714 4931 958 5002 spiritum
982 4949 1138 5004 super
1160 4943 1377 5000 terram,
1403 4942 1451 4987 et
1473 4933 1766 4989 imminutus
1786 4943 1908 4989 sunt
1935 4952 2106 5007 aquw.

529 5021 602 5079 De
641 5022 733 5077 illo
773 5023 966 5094 spiritu
1007 5023 1231 5096 intelligi
1257 5031 1456 5103 potest
1502 5023 1570 5079 de
1599 5039 1708 5094 quo
1737 5024 1941 5082 dictum
1982 5035 2106 5081 est:

526 5114 757 5186 Spiritus
786 5115 884 5170 Dei
914 5115 1179 5186 ferebatur
1202 5133 1358 5188 super
1381 5133 1566 5188 aquas.
1613 5117 1767 5174 Tunc
1794 5119 1939 5174 enim
1971 5117 2114 5175 fere-

526 5207 684 5263 batur
723 5216 802 5274 ut,
825 5207 1164 5279 congregatis
1207 5208 1382 5279 aquis,
1408 5207 1463 5262 in
1508 5223 1666 5263 suum
1697 5207 1809 5282 [Z.,
1838 5210 1895 5265 in
1924 5210 2113 5284 unum]

527 5297 703 5354 locum
736 5307 878 5354 terra
910 5299 1266 5371 apparuisset.
1296 5298 1451 5354 Nunc
1468 5308 1649 5355 autem
1673 5301 1940 5358 adductus
1981 5302 2116 5359 dici-

531 5399 636 5457 tur,
667 5400 728 5447 ut
766 5393 963 5448 ablatis
1005 5393 1072 5448 de
1097 5391 1276 5448 medio
1313 5393 1469 5463 aquis
1495 5392 1684 5448 diluvii
1719 5394 1915 5449 faciem
1958 5404 2118 5452 terra:

530 5485 812 5542 revelaret.
847 5487 1029 5544 Potest
1055 5495 1111 5542 et
1150 5485 1370 5558 Spiritus
1395 5485 1614 5542 nomine
1643 5496 1838 5544 ventus
1865 5487 2114 5557 intelligi,

521 5576 679 5648 ju-xta
728 5580 855 5635 illud
906 5581 1206 5636 Psalmistte
1246 5596 1260 5633 :
1308 5577 1377 5632 Et
1422 5578 1561 5632 stetit
1611 5579 1828 5648 spiritus
1867 5577 2113 5649 procella:

531 5670 704 5744 (Psal.
729 5688 837 5739 (ενι,
864 5672 978 5744 25),
1009 5673 1158 5744 cujus
1183 5670 1400 5728 ﬂatibus
1426 5669 1635 5726 crebris
1668 5685 1807 5740 aqua
1833 5678 2121 5742 cogeretur

531 5767 806 5822 recedere.

607 5855 769 5914 Vsus.
801 5857 917 5934 5-5.
949 5889 1019 5900 -
1045 5856 1111 5913 Et
1137 5874 1353 5914 reversis
1381 5866 1500 5915 sunt
1521 5874 1674 5930 aqua
1697 5857 1761 5912 de
1781 5867 1920 5913 terra
1942 5865 2120 5910 euntes

2219 4661 2377 4720 actae,
2400 4663 2456 4710 et
2481 4669 2550 4709 ne
2579 4655 2738 4726 pauci
2763 4653 3011 4710 homines
3045 4670 3075 4708 a
3096 4654 3341 4725 pluribus
3360 4653 3813 4726 opprimerentur

2215 4748 2404 4806 bestiis
2429 4788 2444 4814 ,
2471 4755 2526 4802 et
2565 4757 2625 4802 ut
2667 4746 2871 4802 scirent
2915 4761 2973 4802 se
3019 4747 3481 4803 irrationabilibus
3528 4747 3809 4802 dominari

2217 4842 2432 4906 debere,
2459 4855 2567 4895 non
2597 4837 3026 4894 rationabilibus.
3077 4837 3231 4894 Unde
3271 4846 3326 4894 et
3350 4839 3510 4909 primi
3543 4846 3813 4908 parentes

2215 4930 2387 4987 nostri
2431 4937 2679 5000 pastores
2721 4942 3002 5001 pecorum,
3037 4943 3144 4984 non
3174 4943 3328 4999 reges
3371 4928 3651 4983 hominum
3682 4925 3832 4986 esse"

2216 5021 2488 5093 leguntur.
2520 5018 2788 5077 Czeterum
2825 5018 3144 5090 spiritaliter
3176 5019 3231 5074 in
3260 5019 3365 5075 hoc
3394 5019 3538 5089 quod
3563 5016 3677 5072 Noe
3716 5020 3810 5073 di-

2218 5115 2294 5168 cit
2325 5130 2338 5166 :
2376 5110 2490 5167 Fac
2515 5113 2608 5167 tibi
2639 5129 2839 5179 arcam,
2871 5112 3154 5168 consilium
3178 5110 3356 5166 Patris
3383 5116 3451 5166 ad
3477 5108 3677 5165 Filium
3707 5125 3813 5180 po-

2219 5216 2326 5262 test
2354 5205 2577 5277 intelligi
2599 5205 2666 5260 de
2685 5204 2999 5275 acceptione
3019 5204 3218 5260 carnis.
3247 5203 3325 5258 De
3349 5202 3504 5274 lignis
3525 5201 3808 5272 ltevigatis,

2219 5295 2275 5351 id
2307 5295 2481 5351 estde
2527 5293 2726 5351 Judaeis
2752 5295 2869 5366 lege
2891 5294 3189 5351 fabricatis.
3218 5293 3334 5349 Noe
3378 5311 3493 5348 cum
3530 5293 3658 5364 ﬁliis
3692 5295 3810 5350 suis

2221 5387 2276 5441 in
2302 5385 2566 5457 superiori
2609 5385 2728 5442 loco
2767 5384 3021 5442 Christus
3059 5394 3141 5442 est
3180 5401 3302 5441 cum
3343 5384 3600 5456 apostolis
3651 5385 3802 5450 suis;

2222 5495 2352 5538 aves
2383 5480 2438 5535 in
2469 5481 2728 5546 secundo,
2753 5481 2927 5536 sancti
2953 5480 3338 5552 designantur;
3370 5493 3569 5550 pecora
3597 5477 3652 5532 in
3686 5486 3802 5532 ter-

2221 5573 2318 5640 tio,
2345 5574 2663 5630 innocentes
2698 5573 3031 5644 ﬁgurantur;
3076 5572 3260 5628 bestiae
3302 5573 3356 5626 in
3399 5579 3615 5641 quarto,
3640 5586 3805 5625 mun—

2223 5665 2392 5723 diales
2439 5666 2756 5722 innuuntur.
2809 5665 3039 5732 Quin-tus
3079 5680 3210 5721 vero
3239 5664 3390 5720 locus
3418 5679 3542 5744 cum
3591 5670 3804 5719 sterco-

2224 5758 2375 5814 ribus
2401 5757 2644 5813 infernus
2679 5757 3022 5829 exprimitur.
3049 5757 3222 5812 Aliter
3249 5773 3263 5811 :
3297 5772 3395 5828 per
3421 5757 3535 5812 haec
3562 5755 3810 5826 quinque

2226 5851 2345 5908 loca
2388 5851 2628 5922 quinque
2654 5850 3000 5907 ascensiones
3043 5848 3298 5906 Ecclesiae
3344 5847 3720 5909 emendantur.
3750 5847 3806 5902 id
