4044 6326
277 453 377 508 161

1593 464 1947 521 COMMENT.
1988 467 2055 520 ΙΝ
2095 466 2250 522 CEN.

3432 423 3536 523 {ea

270 549 380 622 est.
398 568 772 656 catechumem
801 609 816 635 ,
845 569 1100 640 baptizati
1129 614 1144 640 ,
1169 575 1437 647 conjugati
1465 615 1480 641 ,
1511 577 1855 646 poeuitentes,
1883 580 1935 641 Α
1961 579 2188 650 reliqua.
2221 582 2391 634 Datur
2415 581 2598 651 itaque
2619 581 2830 652 signum
2859 582 3187 649 securitatis,
3214 583 3342 654 quia
3383 600 3526 656 prat-

270 655 471 709 sancti.
506 655 660 722 Quod
691 667 870 713 autem
905 671 1028 730 post
1051 673 1254 734 septem
1278 664 1392 720 dies
1415 664 1594 735 pluvia
1626 667 1851 723 descen-

269 745 359 799 dit
385 785 399 810 ,
435 744 618 816 pluvia
668 748 970 806 voluntaria
1014 763 1138 824 post
1182 762 1421 811 veterem
1467 755 1636 825 legem
1679 765 1856 827 potest

269 835 522 908 intelligi,
545 838 613 893 de
635 854 740 909 qua
767 841 967 898 dicitur
996 863 1008 898 :
1036 843 1282 902 Pluviam
1307 846 1658 902 voluntariam
1679 866 1852 921 segre-

267 928 443 996 gabis,
471 928 633 995 Deus,
659 939 713 986 et
738 932 946 1004 reliqua
973 936 1145 1008 (Psal.
1162 955 1331 1004 van,
1354 939 1463 1009 10).
1498 938 1653 1008 Quod
1673 949 1855 996 autem

267 1019 429 1084 dicit,
454 1023 593 1091 rupti
632 1034 751 1077 sunt
797 1042 976 1082 omnes
1024 1028 1210 1098 fontes,
1243 1029 1634 1101 evangelistas;
1681 1031 1853 1102 abyssi

267 1125 480 1180 magna:
517 1110 859 1181 profunditas
886 1115 1102 1174 Veteris
1142 1117 1513 1186 Testamenti;
1558 1131 1852 1176 cataractas

266 1201 389 1256 εωιί
420 1205 692 1274 apostolos
715 1207 973 1282 intelligo.
1009 1210 1114 1266 Sed
1155 1213 1210 1267 in
1241 1213 1342 1268 hoc
1367 1213 1508 1283 quod
1544 1213 1674 1269 dicit
1709 1231 1722 1267 :
1751 1211 1850 1268 In-

267 1296 426 1350 clusit
448 1297 597 1352 illum
617 1299 876 1357 Dominus
905 1320 939 1356 a
969 1303 1100 1372 foris
1135 1303 1248 1376 [Z.,
1275 1322 1392 1360 eum
1422 1305 1578 1360 Dom.
1607 1305 1848 1378 deforis],

269 1388 508 1442 ostendit
544 1387 822 1446 Christum
850 1391 1153 1450 Ecclesiam
1184 1410 1338 1450 suam
1366 1396 1639 1451 custodire
1669 1411 1698 1450 a
1723 1411 1850 1467 per-

267 1479 642 1546 sequentibus.
673 1480 825 1548 Quod
852 1483 1014 1553 igitur
1033 1485 1213 1540 intulit
1233 1500 1449 1541 omnem
1471 1501 1690 1541 carnem
1720 1502 1850 1542 con-

264 1579 562 1639 sumptam,
589 1573 873 1631 haereticos
898 1585 1186 1647 prmcavet,
1219 1578 1593 1633 existimantes
1639 1579 1848 1649 aliquos

263 1661 529 1717 diluvium
577 1666 833 1732 evasisse,
865 1668 1005 1724 sicut
1029 1669 1096 1724 de
1137 1668 1437 1725 Mathusala
1467 1679 1713 1740 putatum
1741 1679 1845 1726 est.

263 1753 530 1824 Quodque
559 1755 710 1823 dicit,
739 1767 917 1812 euntes
951 1768 999 1813 et
1021 1759 1312 1826 redeuntes,
1337 1759 1606 1830 signiﬁcat
1639 1759 1693 1814 in
1719 1775 1846 1830 per-

263 1853 548 1902 secutores
587 1847 853 1906 vindictas
884 1858 940 1904 et
979 1851 1214 1908 haereses
1243 1851 1297 1906 in
1341 1852 1626 1908 haereticos
1664 1867 1847 1908 rever-

1957 669 2117 724 scivit
2160 667 2388 725 Creator
2428 668 2798 725 formidabiles
2845 671 3122 726 hominum
3169 671 3418 742 animos,
3459 689 3532 734 ne

1955 757 2152 814 iterum
2178 759 2377 816 diluvio
2398 773 2456 815 se
2483 759 2653 816 deleri
2673 761 2978 829 crederent,
3002 763 3129 818 dum
3149 765 3353 836 saepius
3378 765 3534 822 inun-

1956 851 2206 906 datioues
2233 851 2535 921 pluviarum
2559 860 2861 909 cernerent.
2892 853 2961 908 Et
2982 854 3120 910 bene
3148 853 3290 911 idem
3314 855 3531 928 signum

1955 942 2268 999 securitatis
2305 943 2359 998 iu
2383 943 2523 998 ctelo
2551 943 2785 1014 positum
2815 953 2918 1011 est,
2942 945 3151 1002 scilicet
3178 953 3239 1002 ut
3262 947 3330 1003 ab
3358 946 3534 1003 omni-

1952 1031 2052 1087 bus
2093 1033 2285 1102 inspici
2323 1035 2606 1105 potuisset,
2637 1044 2695 1091 et
2722 1043 2782 1109 ut
2807 1052 2905 1108 pro
2931 1051 3252 1108 quacunque
3279 1037 3528 1114 ‘tribulae

1953 1123 2100 1178 tione
2122 1124 2308 1180 oculos
2347 1125 2526 1181 cordis
2557 1128 2624 1182 ad
2671 1141 2795 1182 eum
2823 1127 3155 1194 attollamus,
3181 1128 3534 1199 qui-habitat

1953 1211 2007 1267 in
2030 1215 2204 1270 ccelis.
2235 1215 2342 1271 Sed
2371 1217 2633 1287 quaeritur
2671 1233 2769 1272 cur
2794 1218 2990 1274 diversi
3027 1219 3226 1275 coloris
3250 1219 3410 1275 datur
3435 1220 3532 1276 bo-

1951 1305 2224 1361 minibus?
2252 1306 2480 1378 Propter
2521 1307 2868 1364 securitatem
2894 1317 2951 1364 et
2985 1309 3533 1366 timorem.'Unde.et

1953 1397 2006 1451 in
2035 1413 2165 1452 arcu
2192 1398 2342 1455 color
2362 1413 2517 1470 aqua:
2543 1399 2752 1471 etignis
2777 1399 2936 1454 simul
2962 1399 3289 1468 ostenditur,
3313 1401 3440 1472 quia
3461 1416 3530 1456 ex

1954 1497 2109 1559 parte
2131 1499 2216 1546 est
2238 1489 2519 1556 caeruleus,
2538 1499 2592 1544 et
2615 1505 2682 1546 es
2703 1499 2859 1562 parte
2881 1490 3308 1557 rubicundus,ut
3334 1492 3531 1547 utrius-

1949 1593 2053 1648 que
2075 1579 2260 1648 judicii
2293 1582 2446 1636 testis
2474 1582 2585 1636 sint
2613 1580 2679 1655 [Ζ
2686 1622 2726 1647 .,
2755 1581 2870 1655 sit],
2913 1581 3074 1638 unius
3098 1583 3350 1639 videlicet
3379 1583 3531 1650 facti,

1948 1680 2004 1728 et
2028 1672 2252 1728 alterius
2275 1672 2528 1739 faciendi,
2563 1674 2616 1728 id
2640 1683 2724 1730 est
2764 1675 2890 1745 quia
2915 1675 3148 1732 mundus
3167 1675 3362 1744 judicii
3405 1677 3531 1746 igne

1949 1766 2302 1822 cremabitur.
2351 1765 2486 1821 Nam
2533 1781 2672 1837 aqua
2717 1767 2905 1824 diluvii
2953 1783 3062 1824 non
3107 1767 3389 1824 delebitur.
3433 1767 3536 1823 Hic

1949 1858 2094 1912 enim
2123 1857 2413 1914 nonnullos
2445 1867 2628 1914 movet
2647 1873 2715 1913 au
2745 1857 2940 1929 pluviae
2965 1865 3091 1912 ante
3134 1857 3391 1913 diluvium
3417 1857 3534 1912 fue-

267 1945 471 1991 tentes.
523 1935 732 1996 Corvus
777 1939 1032 1998 dimissus
1067 1951 1120 1998 et
1163 1959 1271 1998 non
1316 1958 1568 1999 reversus
1616 1943 1843 2015 ﬁguram
1872 1945 1920 2006 B
1946 1947 2100 2002 rint?
2126 1946 2232 2002 Sed
2262 1949 2514 2002 videntur
2539 1945 2654 2019 [Z.,
2678 1945 2914 2018 videtur]
2943 1961 3049 2002 non
3072 1945 3266 2011 fuisse,
3297 1946 3422 2016 quia
3447 1961 3532 2000 ar-

261 2031 570 2099 peccatoris
595 2032 677 2088 vel
703 2033 902 2090 diaboli
945 2043 1112 2102 tenet,
1145 2035 1213 2090 ad
1242 2051 1465 2108 regnum
1491 2035 1694 2092 Christi
1735 2053 1844 2094 non

265 2123 608 2179 revertentis.
657 2123 916 2181 Columba
941 2142 1092 2194 vero,
1117 2143 1237 2197 quae
1267 2137 1350 2184 est
1378 2143 1619 2194 reversa,
1649 2129 1841 2196 Adam,

261 2215 408 2270 sicut
455 2216 699 2272 nonnulli
741 2218 927 2273 volunt
972 2219 1216 2292 intelligi,
1251 2220 1519 2293 significat
1573 2221 1640 2276 ad
1687 2237 1846 2292 para-

261 2309 446 2364 disum
481 2321 837 2368 revertentem
865 2328 962 2382 per
990 2312 1288 2382 Christum,
1315 2315 1361 2370 si
1391 2315 1565 2371 lector
1595 2317 1845 2387 accipere

263 2403 538 2472 voluerit;
563 2405 645 2461 vel
665 2407 842 2478 potius
863 2424 1298 2479 unumquemque
1322 2407 1528 2479 justum
1560 2410 1630 2465 ad
1659 2409 1845 2466 Eccle«

265 2494 426 2560 siam,
453 2495 606 2566 cujus
649 2511 763 2565 pes,
795 2497 849 2551 id
895 2504 981 2552 est
1007 2513 1218 2563 sensus,
1251 2498 1304 2553 in
1349 2499 1453 2554 hoc
1496 2499 1698 2555 mundo
1736 2516 1844 2556 non

269 2590 577 2659 requiescit.
631 2590 836 2648 Ramus
863 2592 1018 2648 oliva:
1071 2593 1127 2648 in
1174 2609 1270 2649 ore
1318 2593 1579 2650 columba:
1630 2594 1844 2650 confes-

266 2681 476 2737 sionem
525 2681 790 2753 signiticat
832 2673 1112 2739 Trinitatis
1173 2685 1226 2738 in
1273 2700 1368 2740 ore
1427 2685 1848 2758 uniuscujusque

265 2775 463 2830 sancti.
509 2774 641 2830 Cum
679 2775 958 2832 virentibus
989 2777 1164 2847 foliis,
1197 2777 1250 2832 id
1285 2786 1368 2833 est
1413 2779 1670 2851 operibus
1716 2796 1844 2851 per-

263 2865 447 2919 fectis.

341 2958 505 3014 Vens.
535 2958 627 3026 21,
649 2959 738 3015 22.
760 2991 832 3002 —
854 2960 978 3016 Non
1004 2962 1164 3033 igitur
1185 2963 1302 3018 ulra
1325 2965 1614 3035 percutiant
1637 2981 1842 3021 omnem

267 3052 524 3118 animum,
552 3053 686 3108 sicut
711 3053 811 3124 feci
842 3056 1040 3109 cunctis
1063 3056 1240 3110 diebus
1278 3065 1448 3111 teme.
1504 3054 1760 3112 Sementis
1801 3067 1846 3112 et

271 3144 481 3210 messis,
503 3143 670 3215 frigus
697 3155 743 3200 et
769 3153 946 3210 cestus,
964 3156 1115 3201 testas
1136 3143 1182 3201 et
1204 3147 1388 3213 hiems,
1410 3164 1513 3202 nox
1535 3158 1581 3202 et
1604 3148 1714 3203 dies
1741 3165 1858 3204 non;

270 3235 609 3304 requiescant.
642 3235 895 3292 Sementis
917 3248 964 3292 et
995 3241 1196 3304 messis,
1223 3239 1276 3294 id
1301 3249 1382 3295 est
1399 3241 1659 3297 doctrinae
1693 3240 1838 3297 Scri-

1951 2051 2049 2094 cus
2075 2053 2182 2093 nou
2210 2036 2436 2092 efﬁcitur
2463 2038 2564 2093 nisi
2587 2053 2656 2093 ex
2683 2037 2848 2092 radiis
2873 2037 3003 2093 solis
3026 2044 3082 2092 et
3123 2036 3343 2092 humida
3365 2037 3531 2092 nube.

1949 2126 2172 2185 Poterat
2191 2129 2338 2184 enim
2360 2128 2476 2183 fieri
2507 2137 2567 2183 ut
2587 2143 2653 2183 ex
2681 2128 2820 2184 roris
2841 2135 2896 2183 et
2921 2127 3176 2194 fontium,
3198 2127 3338 2184 sicut
3360 2126 3529 2200 Aigy-

1951 2233 2101 2297 ptus,
2139 2224 2452 2294 irrigatione
2481 2232 2625 2279 terra
2647 2223 3045 2280 fecundaretur.

2021 2313 2186 2370 Vnus.
2217 2312 2404 2370 18-19.
2431 2345 2500 2354 —
2525 2311 2695 2368 Erant
2728 2313 2888 2385 igitur
2908 2313 3007 2383 filii
3042 2312 3158 2368 Noe
3186 2313 3330 2380 Sent,
3367 2312 3530 2368 Cham

1949 2417 1997 2462 et
2024 2407 2273 2478 Japheth,
2302 2416 2357 2462 et
2379 2407 2587 2477 reliqua
2611 2421 2798 2477 usque,
2829 2407 2894 2461 ab
2918 2407 2999 2462 Itis
3025 2406 3421 2461 disseminatum
3458 2416 3533 2462 est

1951 2516 2101 2554 omne
2129 2499 2399 2553 hominum
2421 2516 2582 2571 genus
2602 2515 2759 2570 super
2778 2499 3070 2553 universam
3093 2508 3309 2553 terram.
3335 2498 3418 2554 Ab
3445 2499 3531 2553 his

1951 2593 2094 2647 enim
2121 2598 2177 2647 et
2203 2591 2490 2662 nepotibus
2529 2605 2718 2646 eorum
2745 2589 2949 2645 divisus
2975 2597 3060 2645 est
3083 2589 3252 2644 orbis.
3297 2587 3444 2654 Sem,
3475 2599 3534 2643 ut

1949 2683 2269 2749 aestimatur,
2293 2682 2499 2738 Asiam.
2552 2681 2807 2736 Dicamus
2838 2679 3311 2751 interpretationes
3351 2677 3532 2748 singu-

1949 2759 2124 2832 lorum
2176 2775 2548 2831 historialiter.
2601 2773 2729 2829 Sem
2758 2772 2956 2828 dicitur
3004 2772 3320 2827 nominatus
3343 2810 3358 2834 ,
3389 2767 3543 2838 quod

1949 2884 2148 2926 nomen
2171 2869 2434 2940 przesagio
2483 2866 2813 2938 posteritatis
2843 2865 3070 2936 accepit.
3118 2865 3198 2926 Ex
3224 2865 3340 2935 ipso
3386 2865 3529 2918 enim

1949 2962 2274 3034 patriarchae
2319 2969 2375 3016 et
2401 2958 2650 3031 apostoli,
2675 2965 2732 3014 et
2756 2957 2985 3029 populus
3011 2956 3132 3023 Dei,
3157 2971 3224 3012 ex
3250 2955 3368 3026 ejus
3391 2971 3527 3026 quo-

1950 3070 2055 3124 que
2080 3054 2248 3123 stirpe
2277 3060 2333 3108 et
2356 3051 2628 3116 Christus,
2656 3049 2808 3120 cujus
2857 3050 2925 3104 ab
2951 3055 3074 3105 ortu
3103 3049 3232 3104 solis
3270 3063 3439 3118 usque
3464 3049 3532 3104 ad

1951 3161 2203 3202 occasum
2245 3159 2497 3216 magnum
2535 3157 2729 3199 nomen
2779 3141 2896 3212 ejus
2934 3139 2988 3195 in
3033 3140 3307 3211 gentibus.
3357 3138 3528 3194 Cham

1949 3236 2190 3292 Africam
2221 3235 2470 3301 calidam,
2496 3242 2551 3289 et
2578 3233 2693 3305 ipse
2724 3248 2793 3289 ex
2821 3231 3084 3304 praesagio
3126 3230 3295 3286 futuri
3323 3247 3525 3302 cogno-

265 3334 573 3396 pturarum.
603 3326 708 3384 Per
734 3327 906 3400 frigus
928 3338 983 3384 et
1002 3339 1245 3387 aestatem
1270 3333 1575 3388 castitatem
1599 3341 1654 3389 et
1683 3334 1843 3391 ﬁdem
1875 3313 1920 3376 Ο
1950 3331 2210 3387 minatur.
2258 3328 2558 3384 Posteritas
2611 3325 2755 3381 enim
2798 3325 2914 3396 ejus
2940 3340 3060 3380 eam
3110 3331 3268 3379 terrae
3315 3331 3530 3393 partem

265 3416 557 3488 designat;
586 3433 684 3488 per
713 3427 928 3476 noctem
947 3429 1003 3477 et
1025 3422 1189 3490 diem,
1225 3421 1395 3480 Vetus
1417 3433 1473 3480 et
1502 3425 1712 3481 Novum
1739 3427 1844 3482 Te-

265 3516 623 3563 stamentum.
655 3509 958 3584 Aliter,per
985 3521 1280 3571 sementem
1312 3524 1368 3572 et
1395 3531 1629 3573 messem
1657 3519 1846 3576 docto-

267 3617 385 3667 res,
417 3610 475 3657 et
494 3602 791 3673 scripturas
814 3603 986 3676 [Petr.
1021 3607 1339 3682 scriptores]
1367 3612 1637 3667 haereseos
1665 3621 1848 3668 osten-

268 3693 351 3747 dit
389 3691 500 3766 [Z.,
533 3694 822 3768 appellat];
855 3712 952 3768 per
979 3697 1148 3770 frigus
1183 3709 1237 3755 et
1265 3711 1532 3770 aestatem,
1561 3703 1846 3760 infidelita-

269 3795 382 3840 tem
409 3795 462 3840 et
483 3787 605 3843 fidei
629 3788 961 3854 claritatem;
989 3805 1084 3860 per
1111 3801 1323 3848 noctem
1355 3802 1410 3848 et
1437 3794 1582 3849 diem
1607 3796 1847 3853 haereses

267 3877 324 3931 in
359 3885 582 3949 utroque
624 3879 970 3938 Testamento
1011 3883 1198 3939 volunt
1243 3885 1488 3958 intelligi.
1543 3888 1844 3946 Subditur:

871 4016 1098 4074 CAPUT
1131 4017 1223 4074 IX.

342 4148 504 4206 Vnus.
542 4150 662 4205 5-4.
705 4182 778 4191 —
826 4150 993 4218 Quasi
1025 4151 1169 4207 olera
1206 4153 1426 4209 virentia
1467 4155 1665 4209 tradidi
1702 4157 1845 4211 vobis

221 4245 234 4254 '
263 4244 692 4314 omnia,ea:cepto
720 4245 860 4315 quod
884 4262 1095 4302 carnem
1117 4263 1234 4301 cum
1262 4249 1516 4318 sanguine
1547 4265 1652 4304 non
1679 4266 1846 4305 come-

263 4336 431 4389 datis.
460 4333 782 4407 Sanguinem
833 4338 970 4392 enim
1013 4339 1311 4395 animarum
1351 4349 1635 4394 vestrarum
1677 4342 1847 4412 requi-

265 4441 384 4479 ram
412 4429 478 4479 de
504 4443 665 4482 manu
709 4437 1017 4482 cunctarum
1048 4427 1330 4483 bestiarum
1357 4436 1405 4482 et
1453 4429 1517 4484 de
1560 4445 1720 4484 ntanu
1747 4431 1843 4485 Ito-

265 4517 446 4582 minis,
460 4525 516 4572 et
536 4518 765 4588 reliqua.
793 4517 990 4586 Quanti
1014 4519 1160 4575 enim
1179 4517 1482 4576 effuderunt
1503 4521 1842 4592 sanguinem,

263 4619 322 4664 et
363 4611 584 4682 sanguis
615 4625 800 4666 eorum
827 4612 1030 4668 effusus
1050 4628 1157 4668 non
1184 4623 1288 4678 est,
1318 4622 1372 4668 et
1398 4612 1485 4668 alii
1530 4613 1846 4670 occiderunt

1959 3421 2201 3494 possidet
2224 3419 2290 3493 [Ζ
2296 3459 2336 3486 .,
2365 3417 2619 3490 obsidet],
2645 3433 2766 3489 qua:
2788 3416 2969 3472 vicino
2998 3414 3113 3471 sole
3132 3414 3397 3470 calentior
3425 3424 3528 3469 est.

1949 3515 2104 3572 Unde
2131 3525 2186 3568 et
2229 3511 2498 3584 Egyptus
2525 3525 2698 3581 usque
2743 3509 2902 3565 hodie
2931 3506 3310 3579 Egyptiorum
3352 3505 3532 3576 lingua

1949 3605 2078 3662 Cam
2095 3605 2314 3663 dicitur.
2325 3604 2394 3660 Et
2405 3603 2636 3672 Japbeth
2648 3601 2918 3671 Europam
2932 3599 3157 3655 sortitus
3167 3606 3267 3654 est.
3279 3596 3507 3668 Japheth
3517 3635 3531 3656 ,

1951 3699 2194 3754 latitudo.
2246 3697 2326 3752 Ex
2355 3710 2421 3751 eo
2453 3694 2598 3750 enim
2635 3692 2862 3764 populus
2910 3690 3148 3764 gentium
3194 3689 3456 3753 nascitur,
3481 3696 3535 3741 et

1951 3795 2076 3866 quia
2104 3793 2210 3848 lata
2234 3799 2317 3847 est
2351 3806 2418 3845 ex
2466 3788 2715 3860 gentibus
2740 3784 3029 3841 multitudo
3071 3782 3430 3845 credentium,
3462 3781 3531 3836 ab

1949 3884 2138 3940 eadem
2162 3881 2447 3938 latitudine
2467 3878 2699 3949 Japhetb
2729 3877 2907 3933 dictus
2934 3885 3036 3931 est.
3062 3875 3140 3930 De
3159 3872 3390 3945 Japbeth
3415 3871 3530 3926 uati

1950 3984 2076 4031 sunt
2099 3970 2510 4046 quindecim,de
2533 3969 2700 4026 Cham
2724 3969 2969 4039 triginta,
2991 3967 3058 4024 de
3081 3965 3210 4022 Sem
3227 3964 3416 4037 viginti
3446 3977 3532 4018 se-

1946 4076 2130 4139 ptem;
2167 4067 2327 4123 simul
2356 4065 2697 4136 septuaginta
2727 4064 2833 4119 duo
2857 4063 2992 4118 fiunt
3020 4080 3033 4116 :
3068 4063 3134 4118 de
3163 4061 3358 4138 quibus
3395 4067 3530 4115 ortae

1950 4168 2075 4214 sunt
2102 4167 2289 4230 gentes
2335 4155 2674 4228 septuaginta
2721 4155 2859 4220 duae,
2893 4154 3035 4209 inter
3062 4166 3200 4223 quas
3227 4149 3376 4205 misit
3419 4149 3498 4204 Do

1951 4246 2127 4310 minus
2154 4251 2376 4308 totidem
2404 4247 2696 4320 discipulos
2725 4247 2791 4302 ad
2821 4244 3242 4317 praedicandum.

2020 4343 2184 4399 Vnus.
2209 4341 2396 4396 20-25.
2417 4371 2488 4381 —
2513 4338 2774 4410 Coepitque
2805 4336 2920 4392 Noe
2939 4337 3018 4390 vir
3036 4334 3268 4407 agricola
3289 4352 3531 4391 exercere

1949 4449 2164 4501 terram,
2198 4444 2246 4489 et
2265 4431 2519 4512 plantavit
2551 4431 2776 4496 vineam,
2809 4428 3081 4500 bibensque
3106 4427 3284 4482 vinum
3305 4426 3530 4482 inebria-

1949 4539 2033 4582 tus
2056 4536 2152 4592 est,
2205 4532 2254 4580 et
2297 4523 2524 4578 nudatus
2573 4521 2626 4576 in
2677 4518 3014 4574 tabernaculo
3048 4535 3165 4573 suo.
3198 4517 3264 4573 Et
3299 4517 3524 4590 reliqua.

1953 4619 2130 4688 Quare
2163 4623 2342 4671 tantus
2371 4613 2455 4668 vir
2484 4611 2780 4668 inebriatus
2804 4625 2926 4666 esse
2973 4609 3207 4682 legitur?
3250 4608 3436 4676 Forte,
3473 4618 3533 4663 ut

265 4677 543 4756 hominem
591 4717 819 4769 veneno,
850 4702 936 4757 vel
979 4702 1290 4772 suspendio,
1313 4710 1367 4758 et
1411 4719 1596 4759 eorum
1627 4703 1845 4774 sanguis
1876 4677 1925 4736 D
1951 4677 2144 4765 gentos
2167 4707 2546 4776 Hieronymus,
2571 4702 2807 4758 celestis
2847 4701 3197 4757 Bibliotheca:
3227 4701 3522 4772 interpres.

264 4808 375 4848 non
405 4801 490 4849 est
531 4793 761 4850 effusus!
795 4795 1074 4862 Quomodo
1113 4812 1239 4867 ergo
1283 4797 1535 4852 Dominus
1572 4795 1843 4853 etl‘usurus

261 4893 348 4940 est
371 4887 685 4956 sanguinem
711 4903 919 4955 eorum,
957 4904 1077 4944 cum
1115 4889 1258 4944 illius
1287 4888 1455 4962 [Petr.
1499 4890 1595 4955 illi,
1623 4890 1700 4946 vel
1727 4890 1837 4963 ille]

260 4977 358 5046 qui
407 4977 646 5044 occidit,
674 4980 990 5052 sanguinem
1037 4979 1334 5036 effuderit?
1385 4980 1452 5036 Et
1495 4981 1549 5035 in
1596 4997 1840 5037 resurreo

261 5067 447 5123 ctione
475 5069 756 5126 ridiculum
783 5079 886 5137 est,
915 5080 971 5126 et
1006 5071 1060 5125 iu
1103 5072 1206 5127 hac
1227 5070 1359 5137 vita,
1391 5079 1445 5126 et
1474 5071 1597 5127 ideo
1623 5071 1840 5143 sanguis

265 5159 510 5216 hominis
557 5162 723 5218 vitale
761 5160 873 5235 [Z.,
903 5161 1130 5236 vitalis],
1161 5178 1269 5242 quo
1318 5172 1624 5235 vegetatur,
1656 5171 1712 5219 et
1751 5180 1841 5220 su-

265 5259 557 5318 stentatur,
584 5264 641 5308 et
671 5253 823 5316 vivit,
856 5253 1015 5309 debet
1036 5252 1297 5322 intelligi;
1331 5253 1474 5324 quod
1514 5253 1606 5323 qui
1639 5251 1841 5310 etfude-

263 5342 336 5395 rit
382 5343 496 5398 sive
531 5357 630 5413 per
665 5343 998 5412 scandalum,
1027 5344 1141 5399 sive
1175 5344 1532 5415 perversitate
1561 5344 1838 5409 doctrinae,

264 5434 320 5488 in
344 5433 431 5488 die
466 5432 659 5502 judicii
687 5435 955 5492 eﬂ'udetur
977 5437 1045 5490 ab
1073 5451 1156 5500 eo,
1188 5435 1279 5506 qui
1310 5433 1504 5507 [Pctr.,
1536 5433 1704 5508 quod]
1737 5435 1839 5490 sibi

266 5523 551 5578 videbatur
606 5525 816 5581 habere
859 5525 1044 5582 vitale.
1107 5527 1371 5583 Cteterum
1403 5570 1415 5591 ,
1465 5526 1840 5594 bistorialiter,

263 5624 388 5686 post
412 5615 673 5672 diluvium
701 5617 937 5689 primum
962 5635 1086 5676 esus
1115 5621 1360 5675 carnium
1401 5619 1607 5676 homini
1643 5635 1845 5678 conce—

261 5708 446 5775 ditur,
489 5708 742 5765 videlicet
797 5719 1019 5782 propter
1062 5712 1504 5769 infecunditatem
1552 5719 1750 5778 terrze,
1782 5722 1845 5767 ut

265 5802 594 5869 asstimatur,
622 5810 679 5858 et
699 5803 937 5859 hominis
961 5803 1326 5876 fragilitatem.

335 5896 502 5952 Vsus.
540 5897 626 5953 13.
654 5928 726 5942 —
769 5898 963 5954 Arcum
990 5915 1161 5954 meum
1199 5915 1390 5958 vanam
1420 5900 1475 5954 in
1520 5898 1758 5964 nubibus,
1789 5906 1844 5952 et

1953 4799 2104 4864 dicit,
2131 4798 2256 4868 quia
2300 4794 2558 4851 inebriari
2598 4794 2723 4848 vino
2764 4793 3057 4849 nesciebat.
3096 4791 3205 4848 Nec
3238 4793 3382 4848 enim
3406 4803 3532 4847 ante

1951 4891 2212 4948 diluvium
2261 4889 2512 4959 leguntur
2559 4885 2806 4942 homines
2849 4885 2976 4941 vino
3005 4885 3088 4940 usi
3136 4885 3303 4942 fuisse
3331 4884 3527 4959 [Petr.,

1949 4983 2145 5053 legitur
2173 4979 2299 5034 vino
2327 4977 2576 5034 homines
2610 4973 2732 5048 uti].
2785 4974 2909 5031 Ideo
2946 4975 3257 5046 specialiter
3299 4974 3364 5028 de
3415 4973 3528 5027 Noe

1950 5075 2148 5131 dicitur
2182 5088 2198 5126 :
2240 5069 2506 5126 Plantavit
2537 5078 2712 5124 autem
2737 5069 2962 5123 vineam.
2995 5067 3066 5124 Ut
3085 5066 3353 5136 aliquibus
3380 5065 3528 5119 vide-

1951 5180 2061 5236 tur,
2112 5165 2336 5224 nudatio
2388 5164 2650 5220 femorum
2682 5172 2805 5232 post
2837 5163 3154 5219 ebrietatem
3202 5166 3385 5214 secuta
3423 5167 3526 5224 est,

1949 5261 2076 5332 quia
2113 5257 2307 5329 saepius
2357 5254 2662 5311 satietatem
2714 5253 2880 5311 libido
2934 5252 3195 5324 sequitur.
3238 5249 3345 5306 Sed
3383 5252 3526 5320 quod

1949 5349 2048 5420 ﬁlii
2103 5347 2219 5402 Noe
2267 5346 2559 5401 incedentes
2606 5353 2891 5400 retrorsum
2945 5349 3255 5413 operuerunt
3301 5340 3530 5404 verenda

1950 5440 2137 5512 patris,
2191 5437 2452 5508 faciesque
2497 5451 2680 5490 eorum
2728 5449 2923 5489 aversa:
2971 5439 3142 5495 erant,
3192 5437 3248 5486 et
3293 5429 3524 5501 reliqua,

1954 5529 2229 5586 moraliter
2259 5526 2485 5599 intelligi
2513 5525 2672 5582 valet.
2711 5522 2967 5581 Aversari
3001 5521 3230 5578 dicimus
3258 5521 3400 5592 quod
3443 5537 3527 5576 re-

1951 5624 2261 5692 probamus.
2298 5619 2438 5686 Quid
2471 5626 2554 5674 est
2583 5631 2714 5687 ergo
2758 5615 2902 5685 quod
2949 5613 3042 5670 filii
3078 5614 3311 5670 verenda
3352 5612 3526 5686 patris

1951 5712 2240 5783 superjecti
2285 5711 2459 5767 dorsis
2497 5707 2657 5780 pallio
2704 5705 2881 5764 aversi
2927 5706 3206 5764 venientes
3252 5706 3522 5776 operiunt,

1952 5804 2056 5858 nisi
2105 5803 2248 5873 quod
2286 5801 2443 5856 bouis
2480 5794 2708 5854 subditis
2749 5797 2828 5852 sic
2873 5806 3525 5878 praeceplorumfsuorum

1951 5893 2094 5950 mala
2121 5891 2424 5962 displicent,
2456 5894 2516 5943 ut
2539 5894 2722 5942 tamen
2746 5885 2863 5944 haec
2894 5887 3018 5946 aliis
3047 5886 3350 5945 occultent?
3381 5883 3522 5954 0pc-
