4044 6326
420 365 617 424 ,165

1547 366 1905 428 ANGELOMI
1942 358 2404 421 LUXOVIENSIS
2445 364 2749 424 MONACHI

3676 374 3787 435 ιω

506 484 803 561 ιιίηεθηιιιω
826 483 1004 539 aversi
1029 482 1303 552 deferunt,
1325 485 1455 555 quia
1480 484 1838 556 dijudicantes
1860 484 2089 548 factum,
2118 482 2172 544 A
2196 497 2338 538 mus.
2377 481 2632 555 Japheth,
2664 485 2757 541 lilii
2802 484 2936 556 Noe,
2973 496 3131 560 prout
3183 490 3433 560 superius
3484 491 3780 561 innuimus,

509 583 575 631 es
603 584 933 631 venerantes
968 576 1340 649 magisterium
1369 577 1562 634 nolunt
1608 577 1792 634 videre
1830 576 1973 647 quod
2014 584 2093 632 te—

509 679 661 742 gunt.
695 668 955 740 Sequitur
979 686 993 722 :

586 760 747 817 Vsus.
777 759 870 815 ξι.
897 790 965 801 -
994 759 1266 832 Euigitans
1309 769 1481 815 autem
1531 758 1648 814 Noe
1675 774 1741 814 ea:
1780 760 1921 827 vino,
1975 775 2093 814 cunt

506 855 781 911 didicisset
801 848 920 926 gate
940 855 1137 925 fecerat
1163 854 1212 909 ei
1228 855 1372 924 [ilius
1393 872 1519 910 suus
1540 856 1713 911 minor
1726 857 1801 911 ait
1822 873 1842 913 :
1868 854 2093 912 Maledi-

508 958 623 1004 ctus
649 946 925 1003 Chanaan.
955 947 1214 1002 Chanaan
1245 948 1359 1018 ipse
1381 957 1465 1003 est
1492 947 1632 1004 illius
1650 947 1842 1016 Cham,
1864 957 1923 1005 ut
1946 944 2092 1006 Scri-

506 1049 668 1114 ptura
717 1042 905 1100 refert.
961 1042 1132 1100 Porro
1166 1042 1365 1112 Cham,
1421 1045 1636 1116 inquit,
1678 1047 1787 1118 ipse
1814 1056 1901 1132 .est
1945 1058 2095 1126 pater

507 1133 783 1191 Chanaan.
818 1135 1009 1192 Servus
1047 1154 1313 1192 servorum
1351 1140 1452 1193 erit
1480 1138 1738 1208 fratribus
1769 1138 1898 1194 suis.
1936 1138 2035 1195 Hic
2059 1155 2091 1195 a

504 1226 693 1284 multis
732 1229 1027 1299 requiritur
1064 1245 1161 1286 cur
1203 1228 1372 1286 Cham
1402 1230 1457 1285 in
1503 1230 1627 1287 ﬁliis
1655 1231 2089 1291 maledictionem

505 1318 754 1389 accepit?
786 1319 1068 1387 Videlicet,
1108 1321 1235 1393 quia
1276 1322 1625 1392 peccantibus
1666 1330 1721 1378 et
1758 1338 1863 1377 non
1912 1324 2090 1393 pretii-

505 1409 746 1466 tentibus
770 1408 951 1465 futura
977 1409 1227 1468 imminet
1254 1426 1437 1484 pmna.
1467 1412 1623 1484 Saepe
1659 1412 1875 1485 quidem
1905 1430 2092 1486 repro-

506 1503 699 1560 borum
740 1507 997 1577 nequitia:
1026 1508 1115 1563 hic
1158 1507 1377 1579 quidem
1434 1509 1618 1564 inultae
1649 1508 1962 1579 proﬁciunt,
1994 1508 2089 1564 sed

502 1593 559 1650 in
588 1604 866 1666 posterum
897 1597 1189 1654 feriuntur.
1222 1598 1575 1671 Nequaquam
1604 1600 1749 1655 enim
1773 1599 1954 1655 divina
1998 1615 2087 1655 se-

499 1688 703 1745 veritas
744 1688 915 1746 inulta
944 1706 1229 1747 remanere
1272 1700 1494 1762 peccata
1538 1693 1825 1765 permittit,
1873 1693 1970 1749 sed
2007 1692 2087 1748 ira

2198 574 2310 629 nati
2355 583 2481 629 sunt
2530 585 2737 647 septem
2789 576 2904 644 ﬁlii,
2951 580 3043 651 qui
3081 581 3441 651 possederunt
3490 590 3695 641 terram
3723 586 3783 643 in

2195 665 2322 721 Asia
2352 668 2420 724 ab
2447 669 2676 738 Amano,
2710 678 2765 725 et
2794 666 2995 740 Tauro,
3046 673 3442 747 Syriae-Cocles,
3486 686 3541 734 et
3581 677 3784 738 Cilicia:

2198 760 2477 815 montibus
2518 775 2690 832 usque
2724 764 2791 819 ad
2833 763 3051 820 ﬂuvium
3082 764 3310 835 Tanain,
3359 769 3499 826 sicut
3533 772 3589 827 in
3629 773 3785 830 libris

2196 847 2462 907 Locorum
2492 852 2637 908 beati
2662 852 2976 928 Hieronymi
3007 858 3266 929 comperi.
3300 859 3355 915 iu
3389 860 3607 933 Europa
3649 880 3784 921 vero

2194 957 2367 1027 usque
2396 942 2462 999 ad
2513 938 2712 1029 Gadira
2748 948 2966 1003 nomina
3014 948 3148 1006 locis
3197 960 3252 1005 et
3306 953 3560 1029 gentibus
3614 954 3784 1011 relin-

2195 1023 2445 1106 quentes,
2474 1023 2732 1106 e'quibus
2754 1046 2939 1109 postea
2980 1039 3263 1111 immutata
3290 1023 3417 1098 sunt
3436 1044 3693 1115 plurima,
3728 1054 3786 1102 et

2193 1135 2391 1182 caetera
2437 1137 2759 1198 permanent
2789 1139 2848 1185 ut
2891 1130 3132 1187 fuerunt.
3189 1131 3331 1189 Sunt
3373 1145 3551 1191 autem
3581 1135 3789 1195 Gomer

2192 1218 2419 1286 Galate,
2451 1219 2640 1293 Magog
2691 1220 2926 1294 Scythae,
2973 1222 3145 1280 Madai
3194 1223 3353 1291 Medi,
3388 1224 3561 1283 Jaban
3602 1227 3785 1295 Iones,

2193 1312 2286 1382 qui
2309 1322 2366 1367 et
2394 1311 2591 1379 Graeci,
2622 1314 2766 1369 unde
2792 1322 2847 1370 et
2885 1314 3034 1371 Mare
3075 1316 3350 1384 ionicum;
3401 1298 3571 1377 Tubal
3620 1319 3783 1387 lberi,

2192 1410 2285 1480 qui
2312 1418 2366 1465 et
2396 1408 2640 1482 Hispani,
2670 1411 2759 1482 qui
2798 1420 2852 1468 et
2887 1392 3322 1495 Celtiberitlicet
3365 1417 3589 1487 quidam
3619 1417 3788 1476 Italos

2193 1504 2555 1574 suspicentur,
2588 1503 2806 1561 Mosoeh
2835 1502 3204 1577 Cappadoces.
3227 1507 3397 1564 Porro
3426 1507 3785 1583 Septuaginta

2192 1594 2517 1667 interpretes
2565 1594 2844 1667 Capturim
2886 1596 3233 1669 Cappadocas
3265 1601 3630 1667 arbritantur,
3668 1603 3785 1659 iras

2193 1684 2453 1742 Thraces.
2470 1686 2721 1742 Nonnulli
2745 1688 2960 1759 quidem
2977 1687 3093 1761 Gog
3112 1698 3167 1744 et
3183 1688 3375 1763 Magog
3387 1692 3454 1745 ad
3477 1690 3783 1748 Gothorum

492 1777 683 1851 iudicii
709 1799 739 1839 a
772 1793 955 1839 nostra
979 1784 1068 1841 hic
1105 1785 1451 1857 correptione
1474 1785 1714 1854 inchoat,
1745 1795 1805 1841 ut
1830 1786 1880 1841 in
1908 1800 2090 1857 repro-
2118 1846 2163 1857 Α
2195 1790 2409 1851 gentem
2464 1780 2892 1848 transtulerunt,
2953 1782 3080 1854 Quia
3131 1783 3337 1840 Gothos
3394 1801 3586 1842 omnes
3635 1795 3785 1841 retro

501 1846 696 1933 borum
755 1880 1102 1935 damnatione
1151 1846 1521 1953 conquiescat.
1575 1846 1712 1936 Sed.
1726 1881 1881 1952 juxta
1922 1846 2090 1936 histo-
2117 1846 2168 1911 Β
2194 1846 2393 1928 δΐυάίιί
2437 1873 2613 1944 magis
2656 1870 2822 1930 Getas
2870 1846 3034 1944 tlua-m
3083 1873 3200 1947 Gog
3244 1875 3523 1947 appellare
3550 1893 3787 1934 consue-

499 1969 640 2026 riam
686 1971 1071 2042 prophetarum
1101 1988 1316 2045 quoque
1346 1980 1449 2038 est,
1507 1972 1633 2044 quia
1687 1981 1887 2027 terram
1918 1970 2031 2045 [Z.,
2060 1988 2091 2027 a

500 2061 672 2137 terra]
703 2062 981 2131 Chanaan,
1007 2062 1194 2133 ejectis
1222 2064 1545 2122 Chananteis
1580 2073 1635 2122 et
1664 2064 1972 2134 debellatis,
2000 2082 2092 2121 ac-

500 2165 755 2226 cepturos
796 2158 960 2214 fuisse
987 2157 1125 2214 ﬁlios
1164 2158 1349 2226 Israel,
1382 2161 1473 2230 qui
1510 2159 1761 2216 venirent
1791 2160 1858 2215 de
1884 2161 2091 2216 semine

502 2244 654 2312 Sem,
696 2247 837 2303 sicut
866 2248 1090 2304 historia
1123 2264 1277 2305 sacra
1304 2248 1646 2321 postmodum
1675 2259 1854 2305 actum
1881 2261 2085 2305 narrat.

508 2336 664 2394 Unde
691 2347 746 2394 et
772 2340 969 2396 dicitur
993 2359 1006 2395 :

571 2428 735 2485 Vsus.
766 2429 854 2485 26.
886 2462 957 2472 —
988 2428 1305 2488 Benedictus
1354 2433 1612 2490 Dominus
1663 2434 1800 2490 Deus
1828 2432 1970 2490 Sent.
2004 2432 2090 2491 Sit

500 2521 757 2579 Chanaan
794 2540 970 2579 servus
1015 2524 1149 2596 ejus.
1182 2524 1465 2592 Chanaan,
1502 2524 1646 2583 ﬁlius
1689 2527 1879 2592 Cham,
1922 2527 2092 2582 inter-

499 2623 748 2686 pretatur
777 2625 948 2670 motus
979 2632 1184 2683 eorum,
1214 2617 1355 2688 quod
1395 2617 1525 2688 quid
1549 2627 1632 2673 est
1652 2616 1796 2673 aliud
1824 2618 1927 2674 nisi
1954 2634 2090 2688 opus

499 2706 725 2761 eorum?
752 2704 860 2760 Pro
881 2716 1028 2762 motu
1049 2707 1195 2764 enim
1218 2709 1409 2779 patris,
1442 2708 1496 2765 id
1524 2718 1612 2765 est
1642 2725 1741 2781 pro
1762 2724 1928 2781 opere
1949 2710 2087 2780 ejus,

500 2796 822 2854 maledictus
847 2808 948 2854 est.

570 2887 733 2944 Vens.
779 2886 870 2945 27.
918 2921 986 2931 -
1018 2890 1215 2947 Dilatet
1256 2891 1398 2948 Deus
1439 2891 1694 2966 lapheth,
1734 2904 1782 2948 et
1812 2894 2007 2950 habitet
2034 2894 2088 2949 in

499 2979 852 3037 tabernaculis
903 2982 1045 3048 Sem,
1076 2984 1242 3055 sitque
1289 2984 1547 3041 Chanaan
1594 3003 1773 3041 servus
1813 2986 1947 3058 ejus.
1979 2985 2089 3042 Cur

501 3072 608 3127 hoc
642 3072 855 3127 intulit?
896 3075 971 3147 De
1003 3074 1129 3130 Sem
1173 3075 1402 3142 Hebraei,
1449 3076 1515 3132 de
1558 3075 1794 3149 Japheth
1845 3079 2086 3151 gentium

502 3161 735 3234 pupulas
758 3164 1019 3218 nascitur.
1049 3162 1186 3232 Quia
1217 3164 1379 3236 igitur
1403 3165 1509 3221 lata
1540 3175 1625 3222 est
1650 3168 1936 3224 multitudo
1976 3185 2088 3225 cre-

2193 1981 2404 2019 VCI‘UIII.

2262 1975 2404 2020 runt.

2229 1980 2431 2114 eVsns.
2460 2060 2515 2115 ’5.
2546 2089 2615 2099 -
2644 2056 2774 2114 Filii
2823 2058 3020 2116 Camer
3058 2061 3310 2129 Ascenez,
3356 2072 3404 2117 et
3448 2062 3702 2143 Riphath,
3732 2072 3787 2121 et

2196 2147 2473 2222 Togorma.
2518 2150 2759 2208 Ascenez
2788 2151 2963 2208 Graeci
3016 2153 3231 2224 Regnos
3255 2152 3364 2226 [Z.,
3398 2155 3640 2219 liennos)
3673 2172 3775 2213 vo-

2193 2253 2342 2309 cant,
2380 2244 2618 2317 Riphath
2654 2245 3045 2320 Paphlagones,
3075 2247 3339 2320 Togorma
3370 2248 3635 2325 Phrygas.

2263 2357 2429 2415 Vsus.
2473 2358 2531 2425 4,
2575 2359 2628 2415 5.
2655 2391 2726 2401 —
2762 2357 2895 2414 Filii
2933 2360 3109 2415 Jaban
3136 2360 3309 2427 Elisa,
3333 2373 3379 2416 et
3414 2361 3655 2429 Tharsis,
3687 2363 3789 2418 Ce-

2192 2452 2342 2517 thim,
2373 2461 2422 2506 et
2450 2452 2732 2508 Dodanint.
2783 2454 2860 2508 Ab
2903 2454 2984 2509 his
3009 2455 3190 2511 divisae
3232 2467 3354 2511 sunt
3384 2458 3572 2513 insula:
3605 2460 3788 2513 natio-

2194 2557 2318 2595 num
2344 2540 2397 2596 in
2444 2542 2597 2597 terris
2635 2544 2766 2610 suis,
2820 2544 2899 2600 vir
2920 2546 3205 2601 secundum
3249 2546 3483 2617 linguam
3524 2566 3701 2613 suam,
3737 2559 3789 2604 et

2192 2635 2564 2705 cognitionem,
2592 2646 2640 2690 et
2662 2645 2863 2707 gentem
2889 2653 3061 2692 suam.
3093 2625 3426 2705 De'ionibus,
3450 2641 3503 2697 id
3524 2651 3611 2696 est
3634 2640 3791 2696 Gne-

2191 2730 2290 2791 cis,
2312 2735 2610 2782 nascuntur
2632 2708 2852 2801 Heii'sei,
2881 2728 2972 2799 qui
3022 2740 3287 2787 vocantur
3315 2731 3591 2798 (Eoiides,
3640 2734 3793 2790 unde

2192 2824 2247 2871 et
2272 2816 2462 2886 quinta
2510 2816 2689 2886 lingua
2718 2816 2940 2874 Graeciaa
2969 2819 3141 2876 Boiis
3172 2821 3485 2892 appellatur.
3537 2823 3792 2893 Denique

2192 2906 2419 2963 Tharsis
2446 2907 2716 2978 Iosephus
2761 2908 2979 2965 Cilicias
3020 2911 3340 2967 arbitratur.
3378 2912 3527 2968 Unde
3565 2923 3623 2969 et
3664 2930 3789 2969 me-

2192 3002 2416 3072 tropolis
2437 3002 2626 3057 civitas
2655 3018 2841 3058 eorum
2884 3003 3106 3059 Tharsis
3128 3005 3429 3077 appellatur
3455 3004 3623 3063 Paulo
3656 3023 3787 3078 apo-

2191 3093 2330 3153 stolo
2359 3093 2614 3165 gloriosa.
2645 3094 2856 3151 Cethim
2901 3095 3063 3151 Cithii
3107 3095 3215 3169 [Z.,
3265 3096 3479 3173 Scitii,l
3512 3115 3539 3151 a
3584 3098 3789 3167 quibus

2196 3186 2463 3257 hodieque
2498 3188 2629 3243 urbs
2661 3186 2825 3259 Cypri
2864 3189 3193 3243 nominatur.
3236 3188 3521 3254 Dodanim,
3559 3187 3786 3244 Rhodii.

501 3230 768 3319 dentium,
809 3268 839 3307 a
868 3230 1165 3321 latitudine,
1218 3230 1361 3325 quod
1407 3254 1636 3327 Japheth
1680 3257 2087 3329 interpretatur,

2200 3230 2353 3243 ..νων
2398 3230 2463 3242 ..ν
2500 3230 2629 3243 ....,..
2664 3230 2703 3242 ν
2781 3230 2825 3242 ..
2864 3230 3193 3243 .................
3236 3230 3521 3254 ,νυ-...πη
3560 3230 3786 3244 ...........

2200 3230 2461 3349 Deniq‘he,
2516 3278 2655 3333 sicut
2826 3278 3229 3349 Antiquitstum
3283 3278 3437 3335 libris
3482 3279 3787 3349 invenitur,

500 3357 697 3399 nomen
725 3344 954 3415 accepit.
983 3342 1135 3412 Quod
1163 3353 1344 3402 autem
1378 3347 1477 3413 ait,
1517 3347 1712 3403 habitet
1757 3350 1811 3404 in
1839 3350 2085 3405 taberna-

502 3433 636 3489 culis
678 3433 825 3501 Sem,
859 3435 925 3492 de
969 3435 1127 3493 nobis
1154 3440 1531 3509 prophetatur,
1561 3438 1651 3509 qui
1700 3439 1750 3493 in
1791 3440 2093 3497 eruditione

502 3520 744 3582 scientiis
783 3524 1187 3598 Scripturarum
1217 3527 1389 3598 eiecto
1430 3529 1625 3585 lsraeie
1660 3546 1957 3588 versamur.
1985 3531 2092 3588 Sed

501 3626 631 3675 tunc
655 3618 978 3690 completum
1009 3628 1094 3676 est
1123 3620 1481 3678 historialiter
1503 3623 1720 3693 quando
1750 3623 1979 3680 Romani
2004 3623 2095 3680 Ju-

502 3706 674 3765 daeum
712 3716 995 3780 ceperunt.

576 3799 743 3855 Vsus.
773 3799 864 3855 28.
905 3798 1051 3855 Vixit
1072 3808 1248 3855 autent
1273 3799 1389 3856 Noe
1426 3812 1540 3873 post
1567 3801 1821 3858 diluvium
1855 3807 2092 3862 trecentis

502 3893 887 3965 quinquaginta
918 3895 1089 3959 annis,
1139 3904 1189 3949 et
1232 3894 1429 3965 impleti
1476 3906 1595 3950 sunt
1626 3914 1801 3953 omnes
1830 3899 1939 3967 dies
1981 3899 2092 3965 ejus

505 3996 885 4058 nongentarum
932 3986 1307 4058 quinquaginta
1334 4003 1615 4054 annorum,
1643 3997 1691 4042 et
1731 3998 1968 4045 mortuus
1991 3999 2088 4046 est.

504 4076 642 4133 Cum
669 4077 813 4133 enim
852 4075 982 4133 dicit
1006 4094 1128 4133 eum
1159 4078 1360 4134 vixisse
1390 4087 1513 4150 post
1549 4079 1808 4136 diluvium
1836 4085 2092 4141 trecentis

504 4168 906 4240 quinquaginta
957 4170 1138 4237 anuis,
1189 4171 1535 4242 perspicuum
1597 4174 1834 4229 ostendit
1874 4185 2089 4231 centum

501 4262 694 4334 viginti
720 4278 891 4318 annos
918 4261 1255 4335 generationi
1293 4262 1390 4329 illi,
1423 4271 1482 4318 ut
1512 4278 1675 4333 supra
1719 4265 1976 4333 diximus,
2024 4268 2090 4324 ad

504 4354 880 4427 paenitentiam
921 4353 1097 4421 datos,
1128 4362 1184 4408 et
1229 4369 1337 4410 non
1371 4353 1501 4410 vitae
1537 4355 1849 4412 mortalium
1890 4359 2097 4437 consti-

504 4454 670 4503 tutos.
1125 4514 1354 4573 CAPUT
1388 4514 1461 4573 Χ.

583 4628 744 4684 Vsus.
778 4628 827 4691 1,
859 4627 915 4683 2.
947 4659 1016 4669 -—
1039 4626 1141 4683 Ha:
1166 4638 1285 4684 sunt
1305 4631 1665 4702 generationes
1688 4631 1920 4704 filiorum
1952 4634 2088 4704 Noe,
2114 4597 2174 4662 Β

505 4719 650 4786 Sent,
683 4719 848 4776 Cham
873 4732 919 4776 et
961 4718 1208 4793 Japheth.
1241 4720 1373 4777 Filii
1398 4723 1624 4795 Japheth
1656 4721 1865 4793 Gomer,
1895 4736 1942 4782 et
1980 4727 2098 4784 Ma-

503 4831 624 4888 gog,
650 4824 697 4870 et
723 4813 931 4884 Madai,
958 4815 1156 4883 Jaban,
1182 4826 1230 4871 et
1263 4814 1452 4882 Tubal,
1487 4828 1542 4875 et
1560 4828 1776 4876 cetera.
1807 4818 1927 4875 Jam
1964 4820 2097 4877 inci-

504 4905 586 4976 pit
630 4905 965 4972 describere,
1022 4905 1259 4977 qualiter
1307 4924 1339 4962 a
1388 4907 1514 4964 ﬁliis
1554 4918 1611 4965 et
1652 4911 1937 4982 nepotibus
1976 4909 2095 4969 Noe

509 5007 702 5070 gentes
723 5009 929 5055 exortae
980 4998 1218 5055 luerunt.
1266 4998 1374 5057 Sed
1404 5001 1681 5057 sciendum
1711 5010 1793 5058 est
1828 5003 1953 5073 quia
1988 5021 2097 5059 non

509 5090 669 5146 hodie
692 5091 765 5145 ita
816 5091 1162 5161 reperiuntur
1193 5093 1335 5149 sicut
1358 5093 1413 5148 in
1446 5094 1670 5151 exordio
1697 5094 1765 5150 ab
1798 5095 1880 5151 eis
1908 5111 2100 5167 proge-

510 5180 637 5236 nita:
670 5180 896 5255 singula:
946 5181 1165 5239 fuerunt
1209 5193 1263 5241 et
1308 5186 1526 5240 nomina
1577 5197 1923 5259 acceperunt.
1957 5188 2099 5257 Quo—

511 5270 682 5337 niam,
724 5281 786 5327 ut
809 5273 999 5329 beatus
1027 5273 1362 5346 Augustinus
1391 5276 1487 5342 ait,
1527 5284 1622 5331 aut
1647 5278 1713 5333 ab
1743 5278 1988 5336 hostibus
2022 5280 2101 5336 in—

511 5371 796 5436 teremptze
834 5365 1051 5437 penitus
1085 5365 1319 5433 luerunt,
1351 5375 1444 5421 aut
1468 5383 1499 5421 a
1526 5368 1760 5441 propriis
1787 5370 2005 5427 sedibus
2030 5373 2100 5428 ad

512 5454 618 5510 alia
658 5444 784 5511 loca.
827 5458 1162 5513 transierunt
1207 5465 1261 5513 et
1313 5458 1533 5528 antiqua
1584 5475 1799 5530 quoque
1841 5462 2101 5518 vocabula

511 5549 882 5623 perdiderunt.
934 5550 1317 5609 Verumtamen
1350 5568 1419 5608 ne
1462 5550 1763 5610 iudiscusse
1790 5555 2099 5624 prmterisse

514 5640 843 5710 videremur,
877 5642 1045 5698 multa
1072 5656 1139 5697 ex
1175 5642 1278 5709 eis,
1305 5644 1446 5700 sicut
1496 5643 1548 5699 in
1580 5636 1895 5702 doctbribus
1944 5663 2099 5718 repe-

516 5734 709 5799 rimus,
737 5744 790 5790 et
832 5736 989 5792 nobis
1020 5736 1215 5791 tradita
1262 5737 1426 5792 etiam
1470 5735 1709 5804 luerunt,
1750 5735 1982 5807 qualiter
2031 5740 2098 5793 ab

516 5825 824 5881 hominibus
848 5827 1103 5882 vocabula
1140 5837 1504 5898 sumpserunt,
1538 5826 1781 5884 inserere
1802 5828 1983 5884 conati
2009 5845 2099 5884 su-

2194 3386 2383 3426 onmes
2403 3385 2542 3441 pene
2568 3369 2772 3431 insulas
2793 3379 2847 3427 et
2885 3372 3054 3427 totius
3090 3371 3239 3427 orbis
3266 3371 3470 3439 littora,
3499 3380 3791 3444 terrasque

2196 3463 2332 3519 mari
2360 3463 2591 3529 vicinas,
2616 3478 2645 3517 a
2668 3461 2874 3520 Gmcis
2897 3463 3096 3520 accolis
3108 3474 3401 3535 occupatas
3420 3480 3593 3537 usque
3610 3464 3791 3523 Ocea-

2196 3570 2326 3610 num
2377 3554 2668 3624 possedere
2706 3554 3097 3623 Britannicum,
3144 3556 3395 3613 videlicet
3440 3573 3473 3611 a
3513 3557 3699 3615 Tauro
3730 3568 3789 3616 et

2193 3645 2404 3701 Amano
2434 3647 2726 3713 montibus,
2761 3658 2821 3703 ut
2845 3664 3011 3721 supra
3035 3648 3286 3704 diximus.

2264 3760 2428 3817 Vsus.
2458 3760 2513 3816 6.
2534 3791 2606 3802 —
2633 3759 2765 3817 Filii
2793 3759 2959 3818 Chant
2986 3804 3001 3828 ,
3032 3761 3173 3818 Chus
3212 3775 3259 3819 et
3286 3764 3557 3829 Mssrains,
3580 3774 3629 3820 et
3677 3764 3789 3820 Fut

2195 3861 2246 3907 et
2282 3848 2557 3907 Chanaan.
2599 3850 2744 3908 Chus
2787 3852 3053 3923 hodieque
3078 3851 3167 3909 ‘ab
3217 3852 3457 3909 Hebraeis
3504 3853 3789 3926 Ethiopia

2196 3951 2555 4013 nuncupatur,
2596 3942 2870 4011 Mesraim,
2913 3944 3200 4017 Egyptus,
3230 3944 3333 3999 Fut
3367 3944 3584 4017 Libyes,
3616 3962 3645 4000 a
3675 3961 3791 4018 quo

2197 4042 2252 4088 et
2276 4032 2616 4089 Mauritaniae
2648 4034 2843 4091 ﬂuvius
2870 4052 3040 4106 usque
3068 4028 3121 4091 in
3158 4053 3398 4109 prazseus
3430 4039 3531 4092 Fut
3558 4039 3783 4095 dicitur.

2198 4123 2369 4181 Porro
2403 4123 2661 4182 Chanaan
2704 4128 2940 4184 obtinuit
2992 4138 3193 4185 terram
3239 4147 3399 4202 quam
3427 4129 3596 4187 Judaei
3631 4132 3791 4187 dein.

2199 4232 2326 4288 eeps
2359 4218 2735 4287 possederunt.
2824 4230 2839 4241 ‘

2272 4310 2438 4366 Vsus.
2466 4311 2519 4365 7.
2547 4341 2618 4353 -ρ
2642 4309 2773 4366 Filii
2804 4311 2945 4368 Chus
2974 4328 2994 4366 :
3026 4314 3186 4381 Saba,
3228 4327 3274 4370 et
3327 4316 3501 4383 Evila,
3529 4327 3579 4372 et
3610 4319 3783 4374 Saba-

2199 4403 2313 4469 tha,
2349 4414 2405 4481 et
2426 4402 2640 4474 Regina,
2666 4414 2715 4460 et
2746 4404 3068 4461 Sabathaca.
3102 4406 3266 4475 Saba,
3292 4424 3322 4463 a
3352 4424 3459 4478 quo
3488 4409 3688 4477 Sabmi,
3719 4416 3787 4468 de

2201 4495 2398 4565 quibus
2431 4492 2684 4566 Virgilius
2717 4514 2729 4550 :

2726 4608 2856 4662 Solis
2876 4616 2945 4662 est
2966 4610 3139 4663 thurea
3160 4611 3299 4676 uirga
3321 4611 3529 4665 Sabwis.

2198 4715 2369 4784 Evila,
2398 4716 2579 4774 Getuli
2610 4718 2664 4773 in
2689 4727 2846 4791 parte
2880 4719 3187 4775 remotioris
3226 4719 3440 4785 Africae,
3473 4735 3661 4777 eremo
3692 4738 3789 4777 eo—

2200 4810 2486 4866 haerentes.
2538 4807 2802 4875 Sabatha,
2843 4810 3157 4876 Sabathem,
3197 4811 3289 4882 qui
3330 4827 3475 4867 nunc
3525 4812 3785 4868 Astabari

2198 4909 2599 4973 nuncupantur.
2652 4901 2854 4974 Regina
2898 4918 3024 4957 vero
3067 4911 3124 4957 et
3163 4901 3468 4957 Sabathaca
3520 4903 3785 4973 paulatim

2203 4995 2424 5066 antiqua
2451 4996 2709 5051 vocabula
2737 4996 3106 5067 perdiderunt.
3138 5006 3192 5051 et
3230 5014 3349 5068 quae
3380 5014 3524 5053 nunc
3560 5013 3659 5068 pro
3690 5013 3789 5053 ve-

2204 5087 2407 5143 teribus
2436 5088 2691 5154 habeant,
2727 5088 3029 5159 ignoratur.

2274 5174 2405 5233 Filii
2459 5178 2623 5245 Saba,
2664 5187 2712 5233 et
2769 5178 2956 5233 Dadan
2998 5177 3105 5252 [Z.,
3153 5179 3297 5251 ﬁlius
3353 5179 3517 5245 Saba,
3572 5178 3785 5233 Dadan.

2206 5270 2390 5341 Vulg.,
2423 5267 2554 5323 Filii
2592 5269 2788 5341 Regma
2813 5284 2830 5322 :
2859 5269 3001 5326 Saba
3029 5280 3076 5326 et
3111 5268 3344 5344 Dadan].
3377 5270 3474 5325 Hic
3510 5268 3657 5335 Saba
3690 5284 3789 5340 per

2203 5365 2286 5420 sin
2337 5363 2570 5418 litteram
2621 5363 2900 5430 scribitur,
2940 5378 3105 5433 supra
3160 5378 3292 5418 vero
3345 5378 3443 5434 per
3485 5362 3720 5428 sumecll,
3752 5377 3783 5415 a

2205 5474 2311 5528 quo
2338 5454 2574 5512 diximus
2600 5455 2892 5527 appellatos
2940 5455 3181 5513 Sabaeos.
3226 5456 3621 5528 Interpretatur
3653 5468 3786 5526 ergo

2207 5549 2351 5606 Saba
2393 5550 2607 5604 Arabia.
2649 5548 2783 5622 Nam
2813 5549 2867 5604 in
2910 5549 3307 5622 septuagesimo
3331 5548 3510 5621 primo
3552 5546 3784 5617 psalmo,

2206 5640 2294 5699 ubi
2351 5657 2448 5698 nos
2492 5618 2754 5697 habemus
2787 5660 2797 5694 :
2834 5618 2998 5713 Reges
3036 5618 3268 5697 Arabum
3294 5618 3349 5696 et
3392 5639 3537 5697 Saba
3564 5651 3781 5693 munera

2208 5734 2442 5804 oﬁ‘erent,
2472 5735 2522 5788 in
2550 5733 2771 5789 Hebraeo
2804 5732 3063 5804 scriptum
3103 5740 3188 5789 est
3217 5753 3229 5785 :
3268 5730 3429 5803 Reges
3465 5726 3636 5793 Saba,
3677 5722 3789 5796 pri-

2210 5844 2357 5883 mum
2396 5843 2587 5882 nomen
2622 5844 2717 5897 per
2745 5828 2843 5891 sin,
2879 5836 2935 5881 ut
2964 5825 3323 5899 Hieronymus
3348 5827 3443 5891 ait,
3489 5820 3787 5880 secundum
