4044 6326
222 391 331 456 165

1555 379 1910 443 ΕΟΜΜΕΝῙ.
1947 380 2016 437 ΙΝ
2051 378 2206 443 ΟΕΝρ

3396 377 3498 435 160

220 450 323 584 ,ιζ
350 507 580 564 annech.
609 504 795 563 Dadau
816 502 1013 574 quippe
1040 516 1175 572 gens
1195 506 1281 557 est
1309 496 1604 568 Ethiopian
1633 496 1688 551 iu
1716 512 1810 553 oc-
1836 497 1895 565 Α,
1918 494 2061 549 niam
2098 499 2313 551 vocant.
2358 487 2611 549 Nonnulli
2655 488 3000 555 Antiochiam
3046 488 3121 543 ita
3172 450 3495 565 appellatam

225 600 485 659 cidentali
508 598 688 670 plaga.

301 714 468 771 Vens.
496 715 552 769 8.
582 742 651 754 —
678 708 849 766 Porro
876 707 1019 765 Chns
1063 708 1237 780 genuit
1266 706 1520 761 Nemrod.
1563 702 1672 759 Iste
1717 718 1811 757 σω-

225 811 302 875 pit
330 824 445 864 esse
472 815 653 878 potens
697 803 753 858 in
782 812 943 869 terra,
986 810 1035 856 et
1057 809 1170 855 erat
1210 798 1454 854 robustus
1492 805 1704 852 venator
1726 810 1813 848 co-

226 920 347 957 ram
376 899 624 963 Domino,
652 904 708 953 et
744 895 972 965 reliqua.
1001 891 1237 948 Nemrod
1258 892 1362 947 iste
1381 889 1609 959 arripuit
1632 887 1814 943 insue-

224 998 340 1047 tam
370 989 522 1060 prius
551 987 603 1042 in
629 983 855 1057 populos
880 982 990 1056 [Z.,
1025 981 1281 1054 populis,]
1304 978 1661 1054 tyrannidem,
1694 994 1810 1050 reg-

224 1084 491 1152 navitque
526 1081 581 1135 in
620 1077 859 1149 Babylon
891 1074 1001 1149 [Z.,
1028 1072 1345 1147 Babylone,]
1388 1072 1513 1142 quia
1547 1070 1615 1125 ab
1643 1086 1710 1125 eo
1736 1069 1809 1125 ibi

226 1174 473 1232 confusa:
497 1178 624 1228 sunt
659 1169 855 1240 linguae
882 1176 1085 1222 turrem
1125 1165 1528 1227 mdiﬂcantium,
1558 1173 1615 1217 et
1648 1158 1812 1215 Babel

227 1264 502 1340 appellata
544 1271 648 1329 est,
676 1276 795 1332 quae
815 1292 821 1298 ~
840 1262 1231 1330 interpretatur
1254 1256 1509 1326 confusio.
1544 1252 1812 1325 Regnavit

230 1370 414 1415 autem
440 1358 577 1413 etin
606 1350 781 1409 Ανασὴ
799 1394 815 1419 ,
842 1353 946 1408 hoc
975 1358 1061 1407 est
1099 1350 1153 1406 in
1184 1349 1391 1412 Edissa,
1422 1357 1476 1403 et
1495 1344 1809 1411 in'Areltad,

225 1438 357 1522 quae
378 1463 524 1505 nunc
547 1446 746 1502 dicitur
770 1441 971 1525 Nibisis
994 1440 1107 1515 [Z.,
1136 1440 1360 1495 Nobilis.
1392 1437 1518 1510 Leg.
1561 1434 1809 1511 Nisibis],

223 1539 367 1598 et‘iu
394 1537 695 1604 Chalanne,
718 1548 837 1606 quae
862 1541 1051 1605 postea
1077 1547 1107 1587 a
1141 1531 1370 1587 Seleuco
1399 1544 1525 1602 rege
1553 1529 1697 1585 dicta
1726 1535 1813 1583 est

224 1632 500 1689 Seleucia.
556 1630 659 1698 Qui
699 1641 934 1699 congrue
972 1625 1215 1680 robustus
1242 1632 1457 1678 uenator
1483 1637 1660 1676 coram
1710 1620 1813 1675 Bo-

223 1727 375 1782 mino
397 1725 754 1791 dicitur,seu,
792 1721 935 1777 sicut
970 1720 1023 1775 in
1058 1717 1377 1790 quibusdam
1416 1715 1691 1772 codicibus
1730 1715 1812 1771 in-

220 1818 469 1882 venitur,
496 1817 640 1888 quod
667 1800 856 1870 melius
885 1812 1040 1869 nobis
1061 1809 1294 1876 videtur,
1331 1798 1573 1888 robustus
1597 1814 1813 1862 senator

226 1919 419 1966 contra
453 1880 760 1971 Dominum,
801 1905 855 1959 id
893 1910 977 1959 est
1012 1901 1294 1957 hominum
1323 1880 1662 1954 teruenorum
1689 1912 1812 1968 sup-
1838 1883 1891 1943 Β

222 2012 453 2073 pressor
480 2004 537 2052 et
567 1995 882 2051 exstinctor.
924 1990 1178 2064 Erigebat
1217 2003 1347 2062 ergo
1373 1986 1485 2062 [Z.,
1519 1988 1623 2043 iste
1648 1986 1812 2058 igitur

223 2088 399 2165 erig.]
422 2102 547 2147 cum
569 2088 683 2144 suis
723 2084 937 2160 populis
957 2094 1165 2141 turrem
1196 2090 1386 2141 contra
1415 2080 1725 2142 Dominum,
1754 2077 1811 2132 in

224 2198 337 2255 qua
375 2189 461 2238 est
497 2179 663 2250 impia
704 2178 1003 2249 signiﬁcata
1040 2175 1324 2246 superbia;
1350 2171 1605 2243 quoniam
1633 2168 1813 2225 domi-

223 2275 384 2332 natio
408 2272 729 2344 imperantis
770 2272 824 2326 in
866 2270 1051 2338 lingua
1085 2277 1190 2334 est,
1226 2274 1283 2322 et
1324 2264 1400 2321 ibi
1431 2272 1514 2320 est
1557 2264 1811 2319 damnata

224 2365 509 2438 superbia,
546 2370 606 2419 ut
629 2377 737 2418 non
777 2360 1167 2431 intelligeretur
1198 2356 1397 2427 iubens
1438 2353 1667 2418 homini,
1691 2366 1813 2422 quae

226 2457 410 2515 noluit
437 2455 760 2526 intelligere,
804 2464 865 2510 ut
896 2453 1143 2513 obediret
1186 2450 1297 2506 Deo
1321 2448 1554 2519 iubenti.
1589 2446 1681 2504 Sic
1719 2444 1810 2501 illa

229 2549 539 2620 coniuratio
563 2546 823 2605 dissoluta
860 2552 964 2612 est,
1009 2558 1134 2600 eum
1161 2542 1394 2613 quisque
1431 2539 1500 2596 ab
1537 2553 1604 2594 eo
1650 2550 1810 2607 quem

232 2643 590 2714 intelligebat,
618 2640 949 2703 abscederet,
973 2650 1074 2692 nec
1097 2649 1159 2690 se
1184 2634 1289 2690 nisi
1316 2633 1368 2690 ei
1390 2647 1511 2689 cum
1533 2645 1642 2703 quo
1662 2620 1811 2697 loqui

222 2743 451 2807 poterat
480 2739 814 2805 aggregaret,
841 2739 896 2785 et
924 2744 1022 2801 per
1066 2726 1278 2799 linguas
1306 2724 1493 2781 divisa:
1520 2729 1647 2779 sunt
1676 2734 1810 2792 gen-

224 2835 314 2885 tes
342 2828 707 2898 dispersaaque
726 2838 824 2896 per
850 2830 1044 2877 terras.
1069 2819 1327 2891 Sequitur
1350 2835 1363 2872 ;

302 2938 472 2994 Vens.
502 2937 590 2993 11.
613 2967 684 2977 -
709 2934 787 2990 De
816 2943 954 2990 terra
1001 2930 1097 2987 illa
1142 2947 1379 3004 egressus
1425 2936 1502 2985 est
1534 2929 1721 2995 Assur,
1759 2935 1808 2983 et

221 3030 511 3101 adiﬁcavit
542 3027 793 3097 Niniven,
817 3036 865 3081 et
896 3023 1096 3079 Roboot
1121 3022 1414 3088 civitatem,
1439 3021 1580 3076 sicut
1605 3019 1660 3074 in
1690 3019 1812 3089 qui-

219 3123 455 3178 busdam
476 3118 753 3197 codicibus
776 3114 1062 3173 invenitur.
1079 3114 1155 3170 De
1177 3114 1280 3169 hac
1301 3121 1445 3169 terra
1464 3110 1809 3182 Assyriorum

219 3213 514 3287 pullulavit
535 3210 819 3282 imperium
842 3249 858 3277 ,
881 3208 973 3280 qui
1002 3223 1071 3263 ex
1092 3206 1311 3263 nomine
1338 3204 1493 3273 Nini,
1514 3204 1658 3260 Belis
1680 3203 1806 3269 lilii,

218 3306 427 3364 Ninum
455 3305 839 3367 condiderunt,
867 3302 1056 3356 urbem
1084 3314 1330 3371 magnam
1351 3339 1368 3366 ,
1405 3313 1567 3369 quam
1596 3295 1807 3352 Hebraei

218 3398 507 3472 appellant
522 3393 770 3451 Niniven.
805 3391 958 3462 Quod
988 3398 1168 3446 autem
1198 3391 1303 3455 ait,
1337 3388 1617 3459 adiﬁcavit
1644 3386 1808 3442 Nini-

218 3508 321 3548 een
360 3496 410 3543 et
448 3484 646 3541 Roboot
673 3485 934 3540 civitatem
952 3524 967 3549 ,
988 3498 1095 3539 non
1124 3486 1376 3551 putemus
1411 3478 1546 3534 duas
1574 3489 1695 3533 esse
1717 3490 1809 3531 ur-

220 3582 356 3647 bes;
387 3578 483 3634 sed
513 3577 639 3649 quia
670 3576 883 3631 Roboot
912 3574 1100 3645 platea:
1123 3574 1569 3643 interpretantur,
1608 3571 1684 3626 ita
1726 3568 1807 3624 le-

219 3668 462 3743 gendum
481 3674 597 3733 est,
627 3676 674 3721 et
696 3665 973 3735 wdiﬁeavit
998 3663 1050 3719 Ν
1055 3664 1224 3719 iniven
1246 3673 1297 3718 et
1324 3662 1526 3735 plateas
1561 3662 1805 3717 civitatis.

298 3780 465 3837 Vsus.
496 3778 586 3846 15,
616 3776 701 3833 14.
726 3807 796 3818 -—
822 3774 889 3830 At
912 3792 1029 3831 vero
1056 3774 1307 3829 Mesraim
1326 3772 1736 3846 genuit’Ludim,
1762 3782 1810 3827 et

220 3872 472 3929 Anamim
504 3868 614 3944 [Z.,
636 3865 916 3940 Ananim],
948 3877 997 3922 et
1025 3864 1243 3921 Laabim
1262 3905 1278 3933 ,
1303 3865 1582 3937 Ne‘pluim,
1625 3874 1671 3918 et
1703 3861 1808 3918 Pe-

220 3964 431 4027 trosim,
455 3971 505 4017 et
546 3960 792 4026 Cesloim,
816 3961 879 4014 de
901 3960 1087 4030 quibus
1110 3960 1302 4031 egressi
1328 3967 1449 4013 sunt
1484 3954 1805 4026 Phih'stiim,

219 4067 273 4113 et
298 4057 591 4127 Capturim.
607 4054 860 4125 Exceptis
874 4052 1114 4120 Laabim,
1129 4069 1159 4106 a
1189 4053 1385 4122 quibus
1408 4051 1605 4124 Libyes
1625 4062 1809 4122 postea

220 4149 491 4206 nominati
506 4157 650 4214 sunt,
666 4146 756 4219 qui
769 4144 920 4218 prius
934 4144 1089 4200 Futei
1106 4147 1460 4212 vocabantur,
1484 4132 1540 4200 et
1560 4143 1807 4211 Cesloim,

220 4241 316 4312 qui
348 4238 602 4310 deinceps
621 4237 911 4294 Pbilistiim
946 4235 1197 4309 appellati
1224 4245 1371 4301 sunt,
1396 4251 1533 4305 quos
1560 4251 1665 4291 non
1691 4250 1812 4290 cor-

220 4341 385 4402 rupte
408 4326 725 4387 Palxestinos
756 4330 1016 4397 dicimus,
1039 4338 1247 4384 caetera:
1271 4338 1458 4398 gentes
1491 4344 1584 4383 sex
1615 4329 1811 4397 ignota:

221 4432 374 4489 sunt,
405 4421 697 4493 quia‘bello
719 4420 1028 4493 Ethiopico
1060 4419 1335 4476 subversae
1365 4435 1535 4491 usque
1572 4419 1639 4475 ad
1653 4420 1810 4501 .obli-

220 4515 443 4569 viouem
489 4520 874 4585 praetentorum
901 4511 1011 4585 [Z.,
1039 4510 1461 4585 praeteritorum]
1504 4513 1803 4569 nominum.

220 4606 794 4664 Possederuntautem
825 4616 1025 4662 terram
1059 4621 1089 4660 a
1118 4602 1265 4663 Gaza
1300 4620 1472 4677 usque
1514 4605 1582 4661 ad
1620 4614 1804 4662 extre-
1830 4608 1886 4671 D

222 4718 344 4757 mos
375 4702 508 4759 lines
535 4700 773 4772 Egypti.

298 4814 463 4870 Vnus.
494 4814 677 4871 15-18.
700 4844 771 4856 —
788 4813 1044 4869 Chanaan
1061 4815 1239 4885 genuit
1267 4813 1521 4871 Sidanem
1542 4814 1803 4886 primoge-

219 4907 399 4960 nitum
432 4921 619 4970 suum,
664 4914 712 4960 et
759 4902 1067 4970 Hetlueum,
1105 4914 1151 4960 et
1174 4903 1517 4972 Gebusteum,
1547 4915 1595 4959 et
1620 4905 1808 4959 Amor-

221 4997 452 5061 rhmum,
477 5006 525 5050 et
553 4993 903 5066 Gergesazum,
930 5004 979 5050 et
1002 4994 1271 5063 Heraeum,
1294 5005 1342 5050 et
1366 4995 1665 5060 Arearum,
1688 4996 1804 5050 Asi-

222 5102 420 5148 nteum,
449 5096 497 5141 et
522 5086 799 5150 Aradium,
824 5094 871 5139 et
896 5084 1198 5141 Samariten
1219 5126 1234 5150 ,
1259 5094 1307 5140 et
1342 5086 1695 5140 Amathwum.
1724 5087 1804 5142 De

220 5177 487 5233 Chanaan
510 5177 719 5247 primus
745 5184 904 5232 natus
932 5185 1017 5231 est
1040 5174 1206 5232 Sidon
1231 5174 1341 5248 [Z.,
1367 5175 1615 5247 Sidona],
1640 5192 1669 5231 a
1693 5192 1802 5247 quo

222 5268 358 5326 urbs
397 5266 690 5327 Phamicite
733 5267 897 5323 Sidon
934 5275 1181 5325 vocatur.
1212 5266 1345 5322 Dein
1380 5266 1638 5324 Aracaeus
1659 5309 1673 5335 ,
1706 5269 1799 5340 qui

218 5362 397 5420 Arcas
426 5363 699 5429 condidit,
728 5363 983 5435 oppidum
1007 5370 1192 5419 contra
1224 5354 1481 5434 Tripolim
1519 5364 1571 5419 in
1600 5366 1798 5443 radici-

219 5459 326 5517 bus
346 5457 561 5513 Libani.
592 5457 779 5517 Aradii
811 5467 937 5514 sunt
960 5458 1052 5531 qui
1080 5457 1322 5515 Aradum
1360 5459 1589 5515 insulam
1613 5475 1799 5532 posse-

220 5537 452 5619 derunt,
472 5559 703 5623 angusto
731 5552 872 5609 freto
894 5568 926 5607 a
952 5552 1228 5609 Pbmuicis
1252 5552 1435 5609 littore
1466 5561 1794 5623 separatam.

219 5643 555 5709 Samariten,
577 5645 775 5703 emissa
788 5647 983 5703 nobilis
998 5645 1169 5719 Syriae
1178 5646 1357 5705 Celes
1369 5648 1583 5705 civitas.
1599 5648 1797 5705 Amatb

219 5747 330 5801 tam
360 5753 393 5791 a
421 5735 579 5809 Syris
606 5752 769 5807 quam
812 5737 882 5793 ab
921 5738 1193 5804 Hebraeis,
1226 5740 1300 5795 ita
1330 5749 1388 5795 ut
1421 5740 1561 5810 apud
1590 5748 1797 5797 veteres

220 5831 363 5888 dicta
407 5831 619 5887 fuerat.
662 5830 978 5892 appellatur.
1015 5831 1165 5889 Hane
1208 5833 1524 5889 Macedones
1569 5832 1797 5904 Epipha—

1918 591 2133 655 putant.

1989 673 2152 729 Vens.
2195 672 2496 731 i9-2l.—-
2522 672 2590 728 Et
2635 672 2736 742 fuit
2779 668 3032 725 terminus
3075 666 3495 727 Chananworum

1861 796 1878 814 .
1917 763 2235 818 venientibus
2267 782 2299 817 a
2335 761 2533 819 Sidone
2573 758 2828 815 Geraram
2868 775 3030 830 usque
3065 753 3264 812 Gazam
3285 799 3300 825 ,
3331 742 3494 813 donec

1916 852 2201 923 egrediaris
2224 851 2508 909 Sodomam
2529 893 2544 918 ,
2569 862 2615 906 et
2641 850 2986 906 Gomorrham
3007 891 3022 917 ,
3052 858 3102 904 et
3128 849 3409 915 Adamam,
3445 860 3492 903 et

1918 941 2155 1007 Seboim,
2192 960 2354 1015 usque
2384 943 2591 998 Lesam.
2619 940 2839 998 Caetera:
2868 940 3089 1023 propria
3120 940 3336 995 nomina
3366 940 3495 995 reti-

1918 1041 2067 1088 nent.
2104 1030 2217 1088 Hoc
2262 1042 2469 1088 tantum
2516 1032 2879 1087 adnotandum
2925 1030 3137 1086 videtur
3177 1026 3319 1100 quod
3362 1029 3493 1086 Lesa

1915 1125 2031 1195 ipsa
2063 1124 2128 1180 sit
2160 1140 2280 1195 qua:
2308 1140 2450 1179 nunc
2478 1121 2741 1178 Callirhoe
2769 1122 2987 1187 dicitur,
3013 1121 3105 1177 ubi
3127 1135 3282 1193 aqua:
3310 1121 3494 1177 calidae

1913 1200 2328 1284 prorumpentes
2354 1211 2408 1266 in
2433 1227 2582 1267 mare
2611 1210 2878 1266 Mortuum
2910 1209 3173 1265 deﬂuunt.

1985 1303 2147 1360 Vsus.
2170 1302 2386 1359 21—17
2389 1303 2467 1358 ilii
2490 1300 2611 1358 Sem
2628 1318 2646 1355 :
2664 1302 2843 1369 Elam,
2856 1312 2901 1358 et
2916 1303 3100 1369 Assur,
3118 1312 3166 1356 et
3183 1302 3492 1374 Arphaxad,

1914 1408 1963 1454 et
1990 1398 2129 1465 Lud,
2160 1409 2208 1453 et
2236 1399 2419 1453 Aram.
2453 1395 2514 1452 [li
2547 1398 2614 1453 ab
2639 1397 2911 1475 Euphrate
2940 1394 3100 1452 ilu’vio
3122 1405 3330 1467 partem
3352 1397 3499 1452 Asia!

1915 1507 2086 1562 usque
2113 1491 2180 1547 ad
2206 1490 2445 1547 Indicum
2473 1506 2733 1547 oceanum
2766 1500 2968 1546 tenent.
2994 1490 3089 1546 Est
3116 1500 3297 1548 autem
3318 1490 3491 1557 Elam,

1916 1600 1946 1640 a
1984 1600 2092 1656 quo
2117 1582 2385 1650 Elamitte,
2411 1570 2963 1653 priueipes‘Peisidis.
2990 1584 3065 1638 De
3084 1584 3255 1639 Assur
3281 1582 3392 1652 jam
3417 1580 3496 1637 di-
3534 1626 3541 1632 .

1914 1687 2061 1735 ctum
2075 1686 2178 1744 est,
2197 1676 2339 1749 quod
2352 1674 2551 1733 Ninum
2575 1677 2763 1733 urbem
2779 1674 3098 1760 condiderit.
3121 1675 3438 1745 Arphaxad,
3465 1691 3495 1730 a

1914 1786 2021 1842 quo
2045 1769 2301 1837 Chaldaei,
2330 1768 2467 1835 Lud,
2497 1786 2528 1824 a
2557 1786 2663 1841 quo
2693 1769 2881 1842 Lydia.
2905 1768 3100 1835 Aram,
3134 1785 3164 1825 a
3197 1786 3305 1841 quo
3334 1768 3491 1842 Syri,

1914 1876 2145 1933 quorum
2172 1859 2484 1932 metropolis
2511 1868 2593 1915 est
2621 1860 2935 1916 Damascus.

1982 1955 2145 2012 Vsus.
2177 1955 2268 2012 23.
2299 1987 2368 1998 —
2390 1952 2524 2011 Filii
2544 1954 2703 2010 Aram
2732 1955 2865 2022 Has,
2896 1966 2944 2011 et
2975 1955 3104 2024 Hal,
3136 1966 3185 2012 et
3221 1952 3409 2013 Gether
3443 1968 3491 2013 et

1913 2046 2048 2103 Mes.
2074 2046 2220 2114 lius,
2249 2046 2650 2117 Trachonitidis
2680 2057 2733 2103 et
2762 2047 3324 2115 Damasci.conditor,
3353 2049 3494 2107 inter

1914 2137 2257 2193 Palaestinam
2287 2145 2341 2194 et
2368 2135 2756 2209 ciale-Syriam
2809 2137 2983 2193 tenuit
3016 2137 3417 2209 principatum,
3462 2154 3495 2194 a

1913 2247 2020 2302 quo
2033 2229 2384 2304 Septuaginta
2398 2230 2722 2303 interpretes
2735 2231 2786 2286 in
2801 2230 2939 2286 libro
2954 2229 3076 2297 Job,
3093 2232 3182 2287 ubi
3206 2230 3255 2286 in
3272 2230 3494 2289 Hebraeo

1912 2321 2186 2384 scribitur,
2217 2332 2411 2376 terram
2442 2319 2592 2387 Has,
2618 2319 2889 2392 regionem
2920 2319 3220 2376 Ausitidem
3251 2329 3492 2377 transtu-

1915 2411 2114 2467 lerunt.
2159 2409 2295 2476 Hul,
2333 2427 2362 2465 a
2394 2426 2501 2481 quo
2528 2409 2790 2467 Armenii.
2820 2408 3042 2477 Gather,
3075 2427 3105 2467 a
3144 2402 3250 2485 quo
3279 2404 3493 2468 Arcanii

1884 2501 2025 2557 sive
2050 2501 2216 2558 Carii.
2241 2500 2410 2557 Porro
2434 2502 2564 2570 Mes,
2585 2517 2685 2574 pro
2697 2519 2805 2574 quo
2836 2495 3493 2577 Septuaginta'interpre-

1912 2601 1995 2648 tes
2034 2591 2251 2648 Ποιοεή
2296 2592 2585 2659 dixerunt,
2624 2593 2678 2650 hi
2728 2602 2854 2650 sunt
2904 2595 2997 2665 qui
3048 2612 3191 2651 nunc
3235 2583 3494 2652 vocantur

1915 2684 2169 2742 Maeones.
3288 2678 3293 2683 ’

1981 2775 2144 2833 Vens.
2175 2777 2263 2841 24,
2297 2777 2548 2833 25.—At
2565 2795 2682 2833 vero
2706 2778 2995 2850 Arphaxad
3006 2779 3183 2850 genuit
3214 2777 3346 2835 Sala
3376 2777 3489 2851 [Z.,

1911 2868 2076 2940 Sela],
2108 2878 2156 2924 et
2190 2867 2317 2924 Sala
2352 2870 2528 2940 genuit
2559 2868 2750 2924 Heber.
2778 2869 2846 2922 Et
2877 2867 3049 2923 Heber
3086 2868 3198 2923 nati
3225 2881 3347 2923 sunt
3373 2868 3479 2924 duo

1908 2959 2010 3030 ﬁlii
2026 2977 2045 3026 ;
2076 2976 2263 3015 nomen
2290 2961 2383 3015 uni
2408 2957 2610 3031 Phaleg
2637 2966 2687 3014 et
2712 2976 2897 3014 nomen
2921 2958 3104 3029 fratris
3133 2959 3245 3029 ejus
3275 2958 3483 3014 lectan.

1910 3041 2154 3118 Heber,'a
2173 3068 2282 3122 quo
2308 3051 2541 3117 Hebraei,
2574 3052 2829 3106 vaticinio
2849 3050 3078 3122 quodam
3104 3051 3211 3105 lilio
3236 3066 3332 3106 suo
3348 3050 3492 3107 Pha-

1909 3144 1994 3216 leg
2022 3159 2215 3200 nomen
2257 3143 2543 3215 imposuit,
2580 3143 2672 3214 qui
2715 3143 3100 3212 interpretatur
3143 3142 3364 3209 divisio,
3426 3144 3494 3198 ab

1835 3244 1887 3311 ο
1911 3250 1977 3291 eo
2005 3235 2147 3306 quod
2194 3234 2250 3291 in
2281 3234 2470 3293 diebus
2513 3233 2630 3305 ejus
2671 3232 2864 3303 linguae
2906 3231 2960 3287 in
2999 3231 3273 3303 Babylone
3312 3232 3495 3290 divisa:

1914 3333 2057 3382 sunt.

1984 3414 2147 3472 Vens.
2181 3413 2274 3481 26,
2303 3412 2672 3487 seq.—Jectan
2694 3414 2869 3485 genuit
2892 3413 3179 3481 Elmodad,
3204 3425 3251 3468 et
3274 3413 3493 3486 Saleplt,

1908 3516 1958 3563 et
1978 3508 2278 3573 Asarmoth,
2309 3504 2457 3573 lare,
2481 3516 2528 3562 et
2550 3507 2805 3574 Aduram,
2833 3517 2882 3562 et
2909 3505 3043 3563 υκαι
3076 3507 3140 3562 de
3163 3506 3362 3562 Daebal
3382 3506 3495 3580 [Z.,

1908 3598 2190 3674 Dedabal],
2216 3610 2263 3655 et
2286 3599 2588 3655 Abimaleclt
2607 3641 2622 3666 ,
2658 3599 2817 3667 Seba,
2851 3598 3048 3672 Ophir,
3076 3600 3262 3667 Evila,
3302 3599 3490 3656 Jobab.

1911 3691 2116 3747 Harum
2141 3693 2381 3763 gentium
2412 3692 2714 3765 posteriora
2745 3692 2965 3748 nomina
2997 3693 3241 3748 invenire
3260 3708 3366 3747 non
3396 3708 3492 3762 po-

1913 3786 2021 3851 tui;
2045 3786 2129 3842 vel
2156 3786 2229 3840 ita
2254 3794 2603 3842 vocanturut
2634 3787 2866 3857 primum
2889 3827 2905 3854 ,
2926 3785 3011 3841 vel
3047 3801 3167 3855 quae
3211 3784 3490 3840 immutata

1908 3878 2053 3944 sint,
2100 3876 2397 3948 ignoratur.
2426 3876 2788 3933 Possederunt
2824 3884 3003 3932 autem
3038 3892 3068 3931 a
3106 3875 3306 3933 Cofene
3333 3874 3494 3933 ﬂuvio

1911 3986 2125 4028 omnem
2148 3970 2312 4028 Italiae
2336 3970 2608 4044 regionem
2638 3986 2758 4042 quae
2777 3969 3209 4028 vocaturiieria.

2517 4129 2747 4189 CAPUT
2796 4130 2891 4186 XI.

2002 4267 2152 4323 iens.
2177 4266 2292 4321 1-4.
2322 4297 2392 4307 -
2413 4265 2546 4321 Erat
2575 4275 2749 4321 autem
2774 4274 2913 4321 terra
2938 4264 3065 4320 (abii
3097 4266 3284 4333 unius,
3315 4275 3363 4320 et
3384 4282 3494 4321 ser-

1910 4378 2126 4418 monum
2169 4361 2502 4428 earumdem,
2549 4370 2607 4417 et
2647 4360 2878 4433 reliqua,
2907 4377 3079 4433 usque
3106 4373 3152 4419 et
3203 4361 3490 4425 dixerunt:

1918 4440 2131 4525 Venite,
2144 4458 2403 4529 faciamus
2425 4457 2572 4513 nobis
2595 4457 2876 4524 civitatem,
2899 4465 2945 4513 et
2967 4467 3183 4523 turrem,
3206 4457 3356 4528 cujus
3381 4456 3493 4512 σιτι-

1908 4570 2028 4608 men
2045 4551 2307 4624 pertingat
2329 4550 2398 4605 ad
2421 4549 2627 4617 mlum,
2660 4557 2766 4606 etc.
2794 4547 2920 4604 Ideo
2940 4555 3148 4603 turrem
3179 4562 3277 4604 sua
3304 4562 3492 4618 super—

1907 4642 1996 4697 bia
2026 4648 2344 4696 construere
2358 4639 2665 4706 voluerunt,
2680 4647 2740 4694 ut
2759 4638 3098 4695 celebrarent
3115 4653 3312 4694 nomen
3335 4653 3490 4707 suum

1907 4739 2195 4800 antequam
2224 4729 2615 4797 dividerentur,
2644 4730 2786 4786 sicut
2807 4728 3086 4800 Scriptura
3119 4737 3368 4797 testatur,
3397 4744 3487 4784 seu

1905 4832 1967 4879 ut
1993 4822 2341 4892 explorarent
2362 4810 2495 4892 quid
2516 4830 2662 4879 esset
2686 4838 2848 4894 super
2875 4822 3097 4889 caelum,
3128 4823 3266 4889 sive,
3290 4831 3346 4878 ut
3373 4822 3491 4893 qui-

1908 4914 2136 4971 busdam
2162 4914 2393 4979 videtur,
2426 4921 2486 4969 ut
2512 4914 2777 4971 haberent
2800 4915 2891 4971 ubi
2922 4913 3203 4988 fugerent,
3230 4914 3355 4987 quia
3386 4928 3488 4991 pu-

1914 5008 2100 5063 tabant
2119 5006 2321 5063 iterum
2342 5006 2669 5079 cataclysmo
2689 5006 2945 5083 mundum
2964 5007 3128 5064 deleri
3139 5005 3293 5064 sicuti
3319 5005 3487 5077 prius.

1910 5099 2017 5157 Sed
2046 5100 2309 5172 quaeritur
2329 5110 2510 5156 utrum
2536 5101 2794 5159 credibile
2816 5103 2887 5187 sit
2908 5084 3073 5187 tanta;
3101 5100 3343 5181 stultitiae
3369 5113 3491 5177 esse

1908 5192 2188 5257 homines,
2218 5199 2278 5245 ut
2308 5190 2362 5245 in
2407 5191 2604 5251 etelum
2636 5185 2978 5248 altitudinem
3020 5189 3245 5271 aedilicii,
3273 5185 3489 5271 eujusli:

1904 5283 1999 5340 bet
2024 5284 2242 5354 exigere
2270 5298 2330 5338 se
2352 5297 2512 5353 posse
2536 5285 2828 5355 putarent?
2858 5283 2993 5352 Quia
3025 5268 3162 5337 solet
3183 5268 3486 5351 superbiam

1904 5375 2133 5431 stultitia
2159 5374 2337 5447 sequi,
2366 5383 2421 5429 et
2446 5374 2811 5431 humilitatem
2841 5371 3137 5453 sapientia,
3164 5371 3284 5453 ideo
3321 5371 3488 5429 turris

1905 5466 1995 5522 hic
2038 5466 2304 5537 superbiae
2338 5465 2459 5522 loco
2501 5467 2679 5537 posita
2722 5474 2827 5529 est,
2872 5472 2930 5518 et
2970 5450 3099 5533 quia
3138 5450 3235 5543 sua
3261 5462 3487 5543 stultitia

1906 5564 2068 5625 atque
2094 5536 2343 5626 superbia
2379 5554 2486 5612 alta
2504 5536 2798 5628 penetrare
2822 5540 3172 5619 studuerunt,
3208 5536 3499 5610 ide'o'coni

1902 5647 2008 5705 fusi
2031 5655 2177 5703 sunt.
2193 5645 2344 5707 Fecit
2362 5664 2492 5721 ergo
2513 5649 2763 5720 superbia
2785 5646 3129 5705 diversitates
3147 5648 3449 5721 linguarum
3467 5664 3482 5714 ;

1902 5728 2182 5795 humilitas
2193 5738 2396 5795 Christi
2419 5737 2770 5811 congregavit
2789 5737 3130 5795 diversitates
3156 5738 3481 5810 linguarum,

1903 5841 1965 5886 ut
1989 5845 2126 5899 quos
2153 5828 2319 5884 turris
2350 5812 2756 5896 dissociaverat,
2790 5828 3029 5885 Ecclesia
3071 5829 3347 5898 colligeret
3364 5814 3385 5893 ;“
3418 5820 3485 5881 ds
