4044 6326
551 396 649 452 167

1579 390 1933 449 ANGELOMI
1972 387 2442 446 LUXOVIENSIS
2481 389 2788 446 MONACHI

3715 381 3828 438 168

547 523 647 578 qua
677 505 1028 562 dissolutione
1047 505 1296 578 superius
1316 503 1737 576 praelibavimus,
1756 503 1848 558 ubi
1874 502 1942 558 de
1960 500 2127 558 Nem-
2154 504 2208 563 Α
2232 499 2382 556 ribus
2407 501 2608 558 divisit.
2637 501 2791 558 Unde
2812 500 3032 557 easdem
3059 498 3295 572 syllabas
3319 506 3375 555 et
3408 497 3651 570 ejusdem
3671 508 3828 571 poto-

548 599 668 656 brot
689 599 1023 656 mentionem
1045 598 1296 665 fecimus,
1325 596 1417 668 qui
1448 595 1560 670 [Z.,
1590 594 1739 668 quia]
1770 595 1884 665 ipse
1909 593 2126 664 quidem

546 699 742 748 auctor
769 692 930 764 hujus
956 672 1127 747 turris
1148 690 1376 757 exstitit,
1407 699 1462 745 et
1482 689 1660 761 primo
1680 687 1923 744 omnium
1953 687 2129 743 homio

547 787 706 844 nibus
756 786 1025 844 dominari
1070 795 1126 842 et
1166 801 1392 858 regnum
1435 783 1664 838 dilatare
1709 781 1932 837 studuit.
1979 781 2129 836 Solet

545 880 693 936 enim
716 880 917 936 multos
947 893 1192 944 movere,
1224 894 1290 932 an
1320 890 1487 932 unum
1514 890 1650 946 opus
1670 874 1834 930 fuerit
1861 874 2046 940 turris,
2074 883 2131 930 et

551 974 813 1041 civitatis,
848 973 934 1030 vel
975 973 1119 1029 duo?
1149 971 1195 1026 A
1220 970 1403 1025 multis
1429 969 1575 1025 enim
1610 967 1913 1025 aestimatur
1947 982 2129 1024 arcem

543 1080 665 1121 esse
695 1077 751 1122 et
771 1065 1008 1122 civitatis
1034 1061 1580 1133 Babylonia-turrem
1613 1059 1782 1115 illam.
1801 1057 2129 1127 Hujusenim

543 1155 782 1212 civitatis
832 1153 1135 1211 mirabilem
1179 1151 1641 1208 constructionem
1691 1149 1934 1222 gentium
1981 1163 2130 1204 com~

545 1247 765 1302 mendat
796 1245 1041 1311 historia,
1069 1243 1228 1316 cujus
1256 1242 1426 1298 nimia
1453 1242 1842 1312 disponebatur
1862 1238 2092 1295 altitudo
2113 1281 2128 1306 ,

540 1354 662 1409 quae
686 1337 742 1393 in
777 1335 1170 1407 campestribus
1199 1350 1297 1405 per
1335 1335 1500 1390 situm
1543 1333 1867 1405 quadratum
1917 1331 1987 1386 ab
2029 1343 2130 1385 an-

539 1433 664 1500 gulo
694 1446 861 1501 usque
883 1431 953 1486 ad
975 1430 1233 1502 angulum
1255 1429 1400 1485 muri
1428 1428 1664 1485 sedecim
1690 1427 1860 1483 millia
1889 1427 2130 1482 tenuisse

536 1539 791 1594 passuum
817 1565 832 1591 ,
887 1523 1050 1579 simul
1090 1540 1189 1596 per
1231 1523 1522 1579 circuitum
1572 1521 1854 1592 sexaginta
1899 1529 2132 1591 quatuor

537 1612 652 1686 [Z.,
693 1615 977 1686 sexaginta
1023 1614 1190 1688 tres],
1220 1623 1281 1670 ut
1318 1613 1624 1670 Herodotus
1666 1611 2130 1683 historiographus

463 1775 470 1782 ,
535 1710 687 1766 dicit.
703 1711 886 1782 Aliqui
901 1726 1031 1766 vero
1048 1718 1255 1766 turrem
1284 1726 1449 1766 unam
1476 1709 1664 1764 volunt
1693 1707 1938 1779 intelligi,
1966 1722 2128 1776 quam

534 1802 860 1873 praecipuam
891 1799 1005 1875 [Z.,
1037 1801 1330 1875 praecipue]
1362 1803 1508 1857 inter
1535 1801 1675 1857 alias
1704 1800 1914 1871 erigere
1942 1798 2132 1853 molie-

2234 597 2389 652 statis
2423 595 2634 652 litteras
2659 596 2820 652 aliter
2841 593 3180 666 conjunctas,
3208 610 3241 649 a
3262 593 3492 650 diversis
3515 595 3830 652 invenimus

2232 688 2471 761 gentium
2503 689 2732 761 linguis;
2761 703 2904 759 saepe
2935 688 3105 743 etiam
3136 695 3192 744 et
3217 687 3410 742 eadem
3440 686 3660 742 nomina
3680 729 3696 752 ,
3732 688 3825 744 vel

2230 780 2393 835 verba
2421 778 2566 834 aliud
2591 777 2794 848 aliquid
2825 776 3188 850 significantia
3211 777 3266 832 in
3297 775 3404 831 alia
3433 775 3639 848 lingua,
3662 787 3831 848 atque

2232 871 2377 928 aliud
2405 873 2458 927 in
2481 871 2607 927 alia.
2633 871 2738 930 Ubi
2760 871 2993 928 dicimus
3020 872 3075 927 in
3101 871 3310 942 psalmo
3337 889 3351 925 :
3379 869 3451 925 In
3479 870 3628 941 virga
3653 871 3830 940 ferrea

2231 963 2404 1036 (Psal.
2437 981 2498 1030 ιι,
2530 965 2609 1035 9),
2643 965 2698 1019 in
2727 963 2920 1021 Grieco
2949 965 3182 1021 habetur
3205 983 3221 1021 :
3245 982 3310 1019 en
3348 963 3513 1019 rabdo
3544 963 3724 1020 sidera
3757 965 3835 1035 [ἓν

2229 1057 2403 1137 ῥάϐδῳ
2427 1057 2658 1136 σιδηρᾶ].
2681 1057 2849 1130 Igitur
2871 1059 2925 1114 in
2955 1058 3151 1115 Latino
3179 1059 3354 1114 sidera
3383 1074 3494 1115 non
3533 1057 3710 1128 ferrea
3753 1060 3834 1114 si-

2231 1149 2452 1222 gnificat
2481 1151 2622 1206 sicut
2645 1150 2700 1206 in
2732 1149 2947 1219 Grteco,
2971 1153 3066 1208 sed
3092 1161 3259 1208 astra.
3289 1151 3397 1206 Sed
3423 1152 3723 1207 notandum
3745 1161 3834 1208 est

2231 1241 2356 1309 quia
2389 1241 2482 1295 illa
2517 1241 2699 1310 lingua
2730 1243 2783 1297 in
2816 1243 2930 1299 sola
2971 1243 3179 1298 familia
3218 1243 3400 1298 [leber
3435 1245 3732 1311 remansit,
3761 1261 3834 1300 ex

2231 1318 2338 1400 quo
2377 1329 2590 1388 Hebraei
2630 1334 2760 1389 dicti
2791 1343 2957 1398 sunt,
2985 1334 3040 1389 in
3073 1351 3136 1389 ea
3185 1341 3342 1406 parte
3383 1333 3832 1405 hominumquaa

2231 1422 2328 1478 Dei
2348 1424 2528 1494 portio
2548 1427 2881 1496 permansit,
2908 1427 2977 1491 ⁸ὶιι
3005 1442 3113 1498 qua
3142 1436 3198 1483 et
3227 1426 3478 1484 Christus
3513 1428 3832 1484 nasciturus

2230 1523 2368 1570 erat.
2402 1515 2703 1588 Oportebat
2741 1519 2888 1574 enim
2922 1527 2984 1573 ut
3030 1520 3085 1575 in
3125 1535 3190 1576 ea
3228 1519 3410 1590 lingua
3449 1519 3596 1577 salus
3621 1523 3831 1578 mundo

2232 1607 2408 1678 primo
2425 1609 2834 1682 praedicaretur,
2857 1628 2956 1683 per
2977 1628 3138 1683 quam
3161 1612 3396 1684 primum
3421 1627 3572 1669 mors
3599 1613 3833 1668 intravit

2231 1701 2286 1757 in
2309 1702 2591 1758 mundum.
2625 1703 2874 1761 Ostendit
2897 1721 3114 1777 quoque
3143 1706 3332 1762 titulus
3356 1706 3413 1761 in
3438 1721 3602 1762 cruce
3631 1705 3830 1762 Salva-

2235 1794 2366 1850 toris
2413 1795 2674 1866 scriptus,
2712 1796 2853 1855 hanc
2900 1813 3020 1855 esse
3055 1799 3300 1856 omnium
3349 1797 3661 1870 linguarum
3713 1801 3830 1872 pri-

533 1871 753 1958 bantur,
783 1871 911 1962 quae
933 1891 989 1946 in
1017 1871 1582 1962 altitudine—quatuor
1615 1891 1783 1946 millia
1815 1890 2022 1945 dicitur‘
2041 1897 2123 1944 te-
2157 1871 2201 1932 Β
2229 1904 2395 1943 mam.

532 1984 717 2040 nuisse
732 1999 1012 2054 passuum,
1029 1986 1174 2056 quod
1200 1986 1541 2058 capitolium,
1570 1993 1631 2041 ut
1661 1985 1805 2041 idem
1827 1983 2018 2040 doctor
2039 1983 2123 2038 di-

531 2074 628 2139 cit,
651 2074 718 2130 de
745 2075 856 2131 lato
882 2075 938 2132 in
968 2077 1248 2149 angustias
1270 2085 1600 2143 coarctatur,
1626 2085 1688 2131 ut
1711 2077 1924 2146 pondus
1948 2075 2127 2131 immi-

532 2181 666 2222 nens
729 2167 940 2223 facilius
987 2185 1019 2224 a
1077 2168 1362 2225 latioribus
1413 2177 1847 2235 sustentaretur,
1905 2169 1959 2224 in
2015 2183 2122 2238 qua

529 2259 843 2317 describunt
860 2261 1061 2332 templa
1085 2277 1412 2330 marmorea,
1437 2278 1634 2319 aureas
1655 2272 1884 2328 statuas,
1911 2263 2123 2333 plateas

529 2351 772 2422 lapideas
801 2368 1040 2423 auroque
1076 2352 1363 2425 fulgentes,
1392 2365 1448 2412 et
1475 2355 1641 2411 multa
1677 2355 1814 2422 alia,
1843 2371 1961 2425 quae
1986 2370 2122 2426 pene

527 2441 782 2497 videntur
809 2442 1166 2499 incredibilia.
1197 2445 1349 2501 Unde
1379 2446 1456 2500 ait
1481 2444 1763 2517 Scriptura
1788 2463 1802 2499 :

598 2529 764 2588 Vens.
817 2532 870 2588 5.
896 2535 1262 2591 —Descendit
1304 2547 1480 2603 autem
1521 2538 1780 2594 Dominus
1823 2548 1880 2592 ut
1927 2537 2118 2592 videret

525 2622 791 2679 civitatem
809 2635 858 2680 et
883 2637 1082 2680 turrem
1097 2644 1259 2699 quam
1284 2629 1640 2698 wdificabant.
1659 2628 1912 2685 Nonnulli
1937 2636 2120 2682 autem

524 2728 720 2771 omnes
749 2723 928 2772 turres
956 2717 1103 2774 illius
1137 2719 1374 2776 civitatis
1411 2720 1698 2786 dixerunt,
1737 2737 1858 2792 qua:
1889 2737 1986 2794 per
2013 2738 2116 2776 nu-

525 2822 738 2863 merum
784 2809 1117 2882 singularem
1156 2812 1230 2867 ita
1263 2812 1581 2884 signiﬁcata:
1630 2822 1786 2880 sunt,
1821 2821 1882 2868 ut
1922 2813 2118 2869 dicitur

522 2901 724 2958 millies
745 2943 762 2971 ,
796 2914 852 2960 et
882 2905 1258 2978 intelliguntur
1295 2907 1464 2963 millia
1501 2907 1751 2964 millium.
1783 2908 1921 2964 Hinc
1962 2907 2114 2964 Scri-

518 3002 680 3062 ptura
732 2995 1038 3052 subinfert:
1071 3008 1119 3052 et
1160 3009 1490 3055 cessaverunt
1533 3001 1799 3056 aediﬁcare
1830 3003 2110 3056 civitatem.

521 3081 782 3153 Sequitur
805 3102 818 3139 :

593 3171 760 3228 Vens.
791 3173 843 3228 7.
865 3205 936 3215 —
967 3174 1151 3232 Venite
1180 3179 1343 3249 igitur
1379 3191 1428 3235 et
1468 3181 1879 3248 descendamus,
1907 3193 1957 3238 et
1987 3201 2112 3239 con-

510 3263 806 3332 fundamus
829 3267 901 3320 ibi
927 3265 1162 3339 linguam
1191 3287 1391 3325 eorum.
1424 3270 1764 3328 Descendere
1785 3273 1879 3328 Dei
1903 3282 1988 3329 est
2009 3274 2109 3328 hu-

519 3368 707 3410 manos
732 3363 885 3411 actus
927 3357 1198 3429 inspicere
1222 3401 1236 3425 ,
1269 3360 1353 3416 vel
1390 3376 1580 3417 eorum
1608 3363 1856 3419 sensibus
1889 3365 2110 3436 propin-

517 3461 685 3516 quare
717 3446 830 3520 [Z.,
861 3453 1344 3526 appropinquare].
1377 3454 1504 3510 Sive
1541 3456 1874 3512 descendere
1911 3456 2110 3513 dicitur

517 3546 628 3592 tam
654 3539 723 3594 ad
744 3541 1005 3596 auxilium
1032 3559 1196 3614 quam
1231 3546 1297 3600 ad
1332 3546 1648 3613 vindictam,
1676 3547 1896 3616 quando
1917 3564 2105 3604 curam

517 3629 756 3686 humano
784 3633 970 3704 generi
998 3643 1224 3703 praestat
1243 3652 1343 3706 per
1359 3637 1618 3707 obsequia
1642 3637 1978 3709 angelorum.
2000 3637 2107 3693 An-

513 3725 649 3792 gelis
689 3726 834 3782 enim
865 3728 958 3798 qui
989 3729 1213 3784 aderant
1234 3771 1248 3797 ,
1282 3739 1341 3784 ut
1375 3731 1567 3786 beatus
1605 3731 1898 3803 Gregorius
1943 3733 2101 3798 dicit,

517 3816 778 3874 Dominus
819 3819 934 3875 ait:
977 3819 1184 3890 Venite,
1218 3823 1630 3889 descendamus,
1657 3833 1713 3879 ct
1742 3825 1966 3895 reliqua.
1999 3825 2102 3894 Qui

524 3911 826 3967 ascendunt
855 3913 910 3968 in
938 3928 1003 3969 eo
1047 3916 1190 3984 quod
1237 3915 1553 3972 Creatorem
1597 3916 1972 3987 conspiciunt,
2003 3917 2100 3970 de-

513 4008 780 4060 Scendunt
803 4006 859 4061 in
887 4021 955 4064 eo
983 4009 1129 4079 quod
1159 4018 1464 4064 creaturam
1493 4025 1614 4084 sese
1648 4009 1850 4065 illicitis
1885 4009 2100 4080 erigen-

515 4105 626 4152 tem
655 4100 906 4157 examine
931 4102 1287 4160 districtionis
1314 4113 1589 4176 premunt.
1612 4106 1803 4162 Dicere
1830 4122 1959 4178 ergo
1982 4115 2097 4162 est:

517 4189 906 4248 Descendamus
948 4204 998 4248 et
1051 4196 1439 4265 confundamus
1489 4197 1726 4268 linguam
1776 4215 2012 4264 eorum;
2046 4199 2099 4253 in

514 4281 695 4352 seipso
719 4283 799 4340 eis
824 4285 930 4341 hoc
955 4287 1101 4357 quod
1135 4297 1283 4344 recte
1312 4298 1521 4361 agatur,
1554 4288 1872 4354 ostendere,
1911 4299 1967 4344 et
2003 4304 2102 4360 per

444 4431 450 4438 ,
513 4373 621 4427 vim
652 4374 877 4432 internae
899 4377 1126 4436 visionis
1157 4397 1346 4436 eormn
1377 4382 1648 4437 mentibus
1686 4380 1988 4438 exhibenda
2008 4382 2100 4452 ju-

515 4463 654 4518 dicia
683 4467 907 4523 occultis
935 4469 1170 4526 motibus
1205 4471 1494 4542 inspirare.
1537 4471 1692 4539 Quod
1733 4487 1864 4527 vero
1903 4472 2097 4542 plurali

513 4573 740 4614 numero
783 4560 948 4628 dixit,
995 4563 1405 4630 descendamus,
1456 4572 1508 4619 et
1552 4566 1746 4620 iterum
1796 4564 2097 4637 singulari,

2301 1981 2558 2038 VsnsJO.
2590 2013 2661 2023 -
2695 1981 2796 2038 Ha:
2824 1983 3181 2054 generationes
3230 1981 3352 2039 Sem
3383 2001 3397 2037 :
3443 1983 3569 2040 Sem
3613 1994 3828 2039 centum

2239 2085 2352 2129 erat
2383 2092 2663 2141 annorum,
2706 2077 2920 2147 quando
2953 2077 3129 2147 genuit
3152 2076 3463 2147 Arphaxud,
3490 2084 3546 2131 et
3586 2076 3824 2147 reliqua.

2232 2166 2442 2222 Idcirco
2469 2166 2595 2223 Sem
2631 2167 2848 2237 repetit,
2888 2176 2947 2222 ut
2974 2167 3285 2228 ostenderet
3316 2167 3590 2223 Abraham
3639 2182 3708 2222 es
3741 2183 3831 2224 se.-

2225 2259 2375 2314 mine
2400 2259 2517 2329 ejus
2544 2260 2765 2316 duxisse
2816 2259 3106 2331 originem,
3137 2261 3265 2331 quia
3298 2259 3652 2316 llebrteorum
3683 2276 3824 2316 con-

2224 2350 2452 2406 suetudo
2476 2358 2561 2405 est
2585 2359 2646 2405 ut
2675 2351 3052 2406 tantummodo
3089 2351 3485 2422 primogenitos
3508 2350 3822 2407 nominent.

2295 2442 2457 2498 Vnus.
2507 2441 2951 2498 i4-28.—Sale
2977 2461 3182 2516 quoque
3200 2443 3378 2514 genuit
3409 2443 3603 2508 Heber,
3641 2453 3698 2500 et
3727 2460 3823 2501 re—

2221 2517 2404 2603 liqua,
2452 2549 2736 2606 usquequo
2785 2535 2899 2589 ait:
2961 2544 3302 2606 mortuusque
3365 2544 3440 2589 est
3485 2535 3635 2589 Aran
3699 2546 3826 2590 ante

2223 2625 2392 2682 Tliare
2431 2637 2632 2698 patrem
2687 2645 2838 2683 suum
2891 2628 2946 2682 in
2987 2638 3126 2683 terra
3161 2628 3449 2683 nativitatis
3490 2645 3604 2683 sure
3651 2628 3707 2682 in
3743 2627 3826 2682 L’r

2219 2715 2613 2773 Chaldworum.
2669 2717 2848 2774 Heber
2883 2718 3274 2788 interpretatur
3329 2720 3608 2784 lransilor,
3667 2720 3823 2790 quod

2219 2809 2562 2880 signiﬁcabat
2593 2809 2890 2866 Ecclesium
2913 2809 3176 2876 futuram,
3207 2826 3326 2880 qua:
3353 2811 3571 2866 transiit
3595 2810 3666 2866 ab
3689 2811 3820 2865 inﬁ-

2218 2902 2436 2958 delitate
2459 2904 2524 2958 ad
2551 2903 2732 2968 ﬁdem,
2756 2918 2786 2957 a
2817 2902 2966 2958 vitiis
2987 2903 3054 2958 ad
3102 2903 3349 2959 virtutes.
3386 2902 3494 2958 Sed
3525 2904 3818 2975 requiren-

2217 2995 2344 3050 dum
2373 3004 2455 3049 est
2485 2995 2614 3064 quid
2643 3003 2727 3049 est
2756 2995 2900 3064 quod
2925 2994 2994 3050 de
3023 2994 3168 3051 Aran
3193 2993 3388 3066 legitur
3437 2994 3608 3051 fratre
3631 2995 3817 3052 Abra-

2215 3084 2380 3150 ham;
2433 3095 2766 3156 mortuusque
2836 3095 2910 3140 est
2976 3085 3122 3140 Aran
3177 3094 3298 3141 ante
3369 3085 3538 3142 Thare
3607 3097 3818 3158 patrem

2216 3194 2370 3232 suum
2395 3179 2448 3233 in
2499 3175 2576 3231 Ur
2599 3176 3014 3244 Chaldaeorum;
3064 3177 3140 3234 Ur
3185 3179 3330 3236 enim
3397 3180 3532 3250 ignis
3583 3180 3809 3236 dicitur.

2137 3241 2182 3305 C
2219 3266 2368 3324 Unde
2395 3279 2448 3324 et
2489 3269 2544 3323 in
2596 3267 2824 3325 Hebraeo
2869 3241 3105 3340 legitur:
3134 3270 3190 3324 in
3235 3267 3315 3324 Ur
3346 3241 3534 3323 Cltesdi
3565 3266 3660 3335 (ι’.
3694 3287 3816 3324 cas-

2212 3362 2339 3416 dim.
2391 3358 2477 3426 Z.,
2511 3359 2680 3434 cesi'.),
2736 3361 2791 3419 id
2837 3370 2966 3418 est:
3001 3361 3054 3417 in
3115 3363 3238 3434 igne
3298 3361 3702 3418 Chaldaeorum.
3753 3363 3817 3418 Et

2217 3455 2452 3512 Chaldzei
2483 3456 2665 3525 ignem
2707 3455 2892 3512 colunt
2912 3472 3010 3528 pro
3033 3458 3162 3512 Deo.
3193 3455 3372 3511 Tbare
3395 3471 3540 3521 vero,
3570 3456 3814 3512 uthal-

2223 3547 2324 3603 dari
2379 3547 2600 3603 tradunt
2626 3545 2741 3619 (2.,
2786 3547 2966 3604 Tliare
2998 3564 3214 3618 quoque
3269 3556 3328 3603 ut
3366 3547 3579 3604 Hebraei
3617 3548 3809 3620 trad.),

2209 3654 2330 3693 cum
2355 3639 2479 3694 ﬁliis
2523 3640 2635 3696 suis
2675 3641 2874 3697 missus
2892 3650 2975 3696 est
3005 3657 3034 3695 a
3059 3641 3324 3697 Chaldaeis
3358 3641 3412 3697 in
3442 3641 3646 3714 ignem,
3680 3643 3811 3715 quia

2208 3731 2386 3802 ignem
2409 3731 2641 3786 adorare
2670 3731 2911 3798 nolebat,
2950 3732 3002 3786 in
3031 3747 3137 3802 quo
3179 3731 3300 3801 igne
3330 3731 3474 3786 Aran
3515 3747 3811 3805 consump-

2211 3831 2296 3876 tus
2327 3831 2428 3877 cst.
2459 3821 2526 3877 Et
2547 3823 2651 3879 hoc
2676 3831 2762 3879 est
2787 3822 2932 3893 quod
2954 3823 3030 3878 ait
3053 3832 3326 3880 mortuum
3355 3838 3482 3879 eum
3513 3839 3637 3880 esse
3681 3833 3812 3880 ante

2207 3925 2559 3987 conspectum
2600 3917 2781 3974 Tliare
2823 3917 3008 3988 patris.
3045 3918 3150 3986 sui,
3183 3918 3324 3988 quod
3365 3918 3419 3972 in
3449 3919 3809 3987 sequentibus

2206 4007 2419 4078 plenius
2447 4009 2710 4066 dicemus.

2281 4096 2444 4153 Vsus.
2470 4098 2653 4153 29.—
2693 4097 2971 4154 Duxerunt
3025 4110 3201 4155 autem
3253 4099 3450 4154 Abram
3495 4109 3543 4155 et
3583 4099 3808 4154 Nae/tor

2205 4205 2416 4242 uxores.
2447 4187 2654 4246 Nomen
2680 4200 2870 4245 autem"
2888 4190 3069 4246 uxoris
3094 4191 3291 4246 Abram
3318 4189 3502 4258 Sarai,
3530 4201 3579 4246 et
3607 4207 3804 4246 nomen

2205 4279 2386 4334 uxoris
2415 4278 2631 4334 Nae/tor
2671 4279 2877 4336 Melcha
2907 4281 3020 4351 [ilia
3065 4283 3234 4349 Aran,
3263 4285 3429 4354 patris
3479 4281 3704 4338 Melcha:
3757 4295 3804 4338 et

2203 4372 2370 4442 patris
2392 4371 2615 4426 Jescha'.
2639 4369 2835 4428 Jescha
2857 4373 2970 4443 ipsa
3000 4383 3083 4429 cst
3105 4373 3282 4429 Sarai.
3303 4374 3546 4445 Denique
3566 4375 3716 4430 Aran
3749 4379 3804 4430 lio

2205 4461 2307 4516 lius
2324 4461 2516 4516 Tuam
2532 4460 2704 4517 frater
2724 4462 2948 4530 Abram,
2965 4473 3018 4519 et
3033 4463 3246 4520 Nachor
3259 4464 3396 4520 duas
3417 4464 3602 4536 genuit
3626 4464 3768 4520 ﬁlias
3788 4484 3799 4518 :

2205 4551 2488 4620 Melcham,
2507 4563 2562 4609 et
2575 4553 2728 4609 Sarai
2745 4564 3103 4626 cognomento
3117 4556 3386 4626 Jescliam,
3404 4573 3435 4612 e
3461 4556 3658 4628 quibus
3672 4555 3777 4611 Mel
3789 4587 3802 4595 ς

512 4649 750 4716 confudit
799 4626 1058 4710 Dom-inus
1104 4655 1307 4711 labium
1354 4626 1624 4712 universae
1669 4667 1858 4723 ιοιτω,
1884 4626 2097 4715 νάίειίηξ
2123 4626 2179 4688 Ῑ)
2203 4646 2363 4702 cliam
2390 4646 2602 4716 accepit
2627 4661 2852 4702 uxorem
2875 4645 3111 4714 Nachor,
3133 4657 3188 4704 et
3223 4649 3379 4703 Sarai
3403 4626 3628 4704 Abram.
3665 4644 3801 4700 Nec-

511 4739 690 4796 ctione
719 4757 1074 4810 personarum
1102 4755 1349 4802 sanctam
1381 4747 1723 4815 Trinitatem,
1749 4760 1806 4807 et
1824 4752 2096 4820 operatio-

509 4829 595 4884 nis
622 4831 887 4889 unitatem
917 4835 970 4890 in
1011 4837 1296 4908 majestate
1341 4838 1521 4896 divina
1567 4841 1735 4896 voluit
1775 4842 2095 4909 ostendere,

507 4923 652 4976 sicut
678 4923 734 4978 in
764 4926 987 4982 exordio
1012 4929 1264 4984 humana:
1291 4931 1584 4988 creationis
1610 4933 1812 4990 dictum
1838 4944 1921 4990 est
1945 4953 1956 4988 :
1985 4935 2098 4990 Fa-

507 5013 710 5070 ciamus
748 5017 1012 5073 hominem
1059 5021 1129 5074 ad
1170 5023 1452 5094 imaginem
1492 5033 1541 5079 et
1575 5025 1972 5081 similitudinem
2005 5045 2094 5083 no-

506 5114 704 5173 stram;
733 5116 796 5163 ut
845 5109 1060 5168 trinitas
1087 5112 1145 5168 in
1172 5116 1453 5184 personis,
1479 5126 1536 5174 et
1564 5119 1744 5174 unitas
1775 5118 1828 5172 in
1856 5121 2096 5190 potentia

507 5197 810 5258 divinitatis
836 5215 961 5259 esse
983 5205 1259 5263 credatur.

582 5292 747 5347 Vsus.
777 5291 830 5348 9.
854 5323 924 5334 -——
945 5293 1015 5349 Et
1040 5296 1236 5354 idcirco
1267 5311 1505 5356 vocatum
1541 5319 1728 5360 nomen
1763 5304 1874 5374 ejus
1898 5305 2060 5361 Babel
2078 5349 2093 5374 ,

503 5383 633 5436 auia
660 5383 731 5438 ibi
754 5385 1031 5454 confusum
1056 5401 1130 5444 est
1160 5391 1358 5446 labium
1396 5395 1649 5449 universw
1680 5407 1864 5464 terrm,
1887 5407 1942 5453 et
1973 5399 2100 5454 reli—

506 5488 641 5544 qua.
675 5473 735 5531 Si
760 5475 903 5533 Deus
928 5482 1194 5552 requievit
1215 5486 1281 5541 ab
1307 5487 1563 5544 omnibus
1594 5489 1849 5560 operibus
1873 5491 1986 5547 suis
2014 5491 2100 5546 die

511 5566 763 5636 septimo,
778 5570 919 5626 unde
938 5574 1118 5631 subito
1140 5584 1288 5631 tanta
1306 5580 1556 5648 apparuit
1583 5580 1868 5636 diversitas
1892 5580 2100 5654 lingua—

512 5660 678 5714 rum?
706 5660 811 5720 Sed
856 5668 1133 5727 sciendum
1164 5679 1248 5727 est
1293 5673 1419 5744 quia
1451 5691 1555 5730 non
1596 5675 1653 5730 in
1692 5675 1796 5731 hac
1832 5675 2098 5732 divisione

519 5749 807 5824 inguarum
834 5775 1032 5817 novum
1073 5763 1275 5834 aliquid
1316 5769 1556 5824 condidit
1599 5769 1846 5835 Creator,
1886 5769 1980 5825 sed
2011 5767 2093 5823 di-

509 5847 664 5904 cendi
689 5853 877 5908 modos
903 5864 957 5909 et
987 5854 1187 5913 formas
1213 5858 1266 5915 in
1297 5861 1522 5918 diversis
1562 5862 1896 5932 loquelarum
1933 5879 2096 5932 gene-

2203 4738 2330 4793 dum
2360 4739 2558 4810 quippe
2585 4738 2730 4794 inter
2777 4743 3023 4809 patruos,
3055 4747 3111 4794 et
3147 4739 3378 4794 fratrum
3427 4737 3568 4794 filios
3593 4737 3800 4808 nuptis:

2203 4830 2416 4887 fuerant
2468 4833 2583 4904 lege
2631 4831 2936 4903 prohibitae,
2985 4847 3106 4902 quae
3139 4833 3194 4888 in
3240 4833 3433 4904 primis
3483 4830 3799 4888 hominibus

2204 4927 2365 4981 etiam
2399 4927 2541 4982 inter
2567 4927 2765 4982 fratres
2809 4936 2865 4983 et
2893 4942 3110 4983 sorores
3147 4927 3293 4983 initae
3319 4937 3463 4982 sunt.

2803 5063 3034 5120 CAPUT
3085 5063 3197 5120 XII.

2280 5196 2442 5249 Vsus.
2471 5195 2520 5248 Ι.
2542 5227 2608 5236 —
2635 5193 2776 5250 Dixit
2804 5205 2977 5251 autem
3004 5196 3259 5253 Dominus
3281 5197 3351 5252 ad
3376 5197 3603 5252 Abram:
3631 5195 3796 5267 Egre-

2207 5289 2329 5344 dere
2350 5290 2413 5343 de
2436 5299 2575 5344 terra
2607 5299 2720 5353 tua,
2767 5299 2812 5369 ςι
2859 5290 2924 5344 de
2967 5291 3275 5361 cognatione
3309 5300 3424 5357 tua,
3448 5301 3496 5345 et
3534 5291 3599 5345 de
3636 5290 3795 5343 domo

2205 5384 2367 5456 patris
2393 5384 2491 5449 tui,
2534 5393 2589 5439 et
2623 5383 2848 5454 reliqua.
2895 5383 3167 5452 Quaeritur
3194 5401 3292 5442 cur
3309 5401 3432 5441 eum
3456 5383 3795 5457 pnecepitde

2209 5486 2458 5533 terrasua
2479 5477 2824 5550 egredi,cum
2845 5478 2960 5550 ipse
2989 5478 3056 5535 de
3099 5488 3243 5534 terra
3281 5477 3605 5542 nativitatis,
3644 5477 3796 5530 idest

2209 5570 2276 5626 de
2328 5579 2472 5624 terra
2506 5569 2906 5637 Chaldaeorum,
2941 5586 3190 5644 egressus
3236 5572 3415 5627 fuerat
3435 5585 3558 5627 cum
3589 5567 3792 5640 patre?

2209 5659 2344 5725 Nisi,
2361 5668 2421 5714 ut
2434 5660 2753 5730 quibusdam
2767 5661 3000 5728 videtur,
3017 5661 3381 5734 lnecegressio
3395 5677 3502 5717 non
3524 5661 3592 5716 ad
3611 5672 3794 5730 egres-

2207 5747 2412 5807 sionem
2433 5753 2678 5824 corporis
2698 5753 2956 5824 pertinet,
2976 5756 3068 5810 sed
3091 5756 3157 5810 ad
3181 5770 3458 5825 egressum
3485 5751 3705 5816 mentis,
3721 5765 3792 5806 ne

2206 5842 2329 5900 illuc
2353 5843 2683 5900 voluntatem
2728 5847 2925 5902 mentis
2947 5847 3170 5903 haberet
3199 5846 3458 5903 redeundi
3490 5845 3634 5903 unde
3664 5858 3792 5902 cora
