4044 6326
579 346 675 403 1⁸η

1612 348 1971 409 ANGELOMI
2004 342 2477 405 ιυΧοἩΕΝειε
2506 339 2816 403 ΗΟΝΑΟΗΙ

3756 337 3867 391 na

574 461 806 527 contine
827 478 931 537 pro
966 462 1151 521 anima
1170 475 1292 521 sua.
1323 463 1482 523 Fecit
1503 464 1653 521 enim
1685 463 1833 536 quod
1864 462 2041 535 potuit
2064 461 2247 534 prolA
2272 467 2407 514 terat
2426 473 2515 515 eos
2543 472 2729 525 capere
2754 466 2923 524 terra,
2943 461 2999 513 et
3024 460 3247 521 caetera,
3269 467 3550 528 usquequo
3574 454 3674 523 ait,
3703 455 3865 513 dirisi

574 558 687 615 vita
714 572 851 625 sua;
891 558 1037 631 quod
1080 566 1262 615 autem
1295 572 1405 614 non
1445 559 1639 629 potuit,
1671 557 1751 615 illi
1789 556 2060 615 commisit
2104 557 2163 615 in

575 666 739 723 quem
766 650 1035 721 speravit,
1065 651 1155 707 cui
1180 659 1239 706 et
1262 650 1579 722 pudicitiam
1603 646 1848 721 conjugis
1880 663 2158 705 commen-

576 741 744 801 davit.
773 739 886 797 Nec
904 754 1031 799 eum
1051 738 1189 799 ﬁdes
1206 755 1271 797 ac
1296 755 1423 811 spes
1443 738 1652 795 fefellit.
1682 737 1927 810 Namque
1948 738 2165 796 Pharao

575 848 607 891 a
631 833 747 889 Deo
772 832 1016 901 territus,
1056 831 1353 902 multisque
1384 837 1677 903 propterea
1714 829 1874 887 malis
1903 829 2163 899 amictus,

574 923 667 980 ubi
694 922 815 992 ejus
848 937 1075 983 uxorem
1100 923 1358 980 divinitus
1392 921 1613 990 didicit,
1649 922 1875 980 ίιιωωω
1900 938 2029 981 cum
2055 923 2158 983 ho-

577 1031 715 1075 nore
745 1016 980 1073 reddidit
1018 1015 1137 1071 viro
1162 1029 1283 1073 suo.
1330 1011 1439 1070 Sed
1485 1021 1667 1070 movet
1696 1012 1836 1071 forte
1865 1012 2163 1085 quomodo,

474 1104 483 1111 ’
577 1123 702 1164 cum
753 1106 913 1164 Sarai
942 1121 975 1163 a
1002 1104 1289 1163 Pharaone
1314 1113 1467 1176 rapta
1496 1104 1681 1174 fuerit,
1728 1105 1987 1163 inviolata
2029 1120 2159 1178 per-

574 1202 860 1269 manserit,
896 1201 1025 1257 licet
1052 1214 1253 1270 corpus
1278 1207 1591 1255 sanctarum
1618 1198 1907 1255 mulierum
1934 1212 2045 1257 non
2075 1197 2161 1253 vis

575 1294 815 1351 maculat
857 1290 973 1366 [Z.,
1019 1290 1316 1364 maculet],
1362 1292 1459 1349 sed
1503 1290 1761 1349 voluntas
1805 1298 1861 1349 et
1894 1306 2165 1353 excusare

570 1386 746 1457 possit
781 1383 896 1457 [Z.,
925 1384 1135 1458 posset]
1181 1384 1358 1450 Sarai,
1402 1383 1546 1457 quod
1574 1384 1735 1443 lamis
1776 1383 2165 1457 temperacula

570 1476 685 1548 regi
726 1475 783 1531 in
819 1476 1123 1547 peregrinis
1162 1476 1333 1544 locis,
1362 1477 1563 1534 marito
1591 1476 1914 1535 contrivente
1939 1476 2051 1548 [Z.,
2079 1477 2165 1535 vi.

568 1564 777 1641 vente],
806 1567 1065 1625 resistere
1104 1569 1447 1639 nequiverit;
1491 1577 1675 1625 tamen
1700 1577 1887 1640 potest
1914 1578 1973 1627 et
1999 1570 2163 1629 aliter

568 1655 719 1717 {teda
754 1655 1061 1715 necessitas
1092 1659 1366 1726 excusari,
1397 1659 1543 1731 quod
1561 1658 1718 1729 juxta
1738 1659 1939 1717 librum
1962 1658 2164 1719 Esther

568 1764 907 1823 qmunque
944 1749 1234 1808 mulierum
1273 1752 1569 1823 placuisset
1596 1751 1711 1824 regi
1752 1751 1899 1823 apud
1920 1760 2163 1818 veteres,

2264 561 2387 608 sunt
2423 549 2737 607 alterutrum
2776 566 2809 609 α
2839 548 3007 620 fratre
3029 565 3146 604 suo.
3182 547 3306 615 Lot,
3342 548 3435 619 qui
3468 549 3871 621 interpretatur

2265 642 2557 707 declinans,
2596 640 2870 713 signiﬁcat
2908 639 3125 699 Judteos
3159 638 3254 711 qui
3302 654 3413 694 non
3453 638 3733 696 credendo
3774 640 3867 697 de-

2265 732 2608 791 clinaverunt
2630 746 2662 787 a
2688 730 2818 787 Deo.
2841 729 3067 805 Abram,
3091 737 3252 801 prout
3280 745 3424 801 saepe
3447 728 3863 801 descripsimus,

2266 824 2559 886 Dominum
2595 824 2885 899 signiﬁcat.
2914 822 3123 897 Greges
3144 822 3250 881 Lot
3287 832 3345 883 et
3377 832 3643 889 armenta,
3676 824 3868 895 plebes

2264 929 2323 981 et
2345 920 2560 978 diversa
2586 918 2963 977 conventicula
2987 916 3299 979 Judaaorum
3346 916 3646 975 inﬁdelium
3693 918 3867 976 inter-

2265 1021 2573 1085 pretantur.
2635 1010 2794 1071 Unde
2821 1018 2876 1066 et
2900 1012 3040 1071 bene
3067 1009 3305 1068 dicitur:
3343 1008 3412 1065 Et
3445 1009 3589 1081 facta
3626 1019 3706 1069 est
3745 1012 3867 1066 riu

2263 1103 2403 1161 inter
2442 1112 2680 1177 pastores
2720 1120 2936 1177 gregum
2977 1102 3177 1159 Abram
3214 1100 3405 1159 etLot.
3455 1100 3560 1158 Per
3606 1111 3865 1175 pastores

2264 1193 2472 1251 Abram
2517 1193 2893 1267 signiﬁcantur
2930 1192 3160 1266 apostoli
3203 1192 3427 1253 Christi.
3474 1190 3582 1250 Per
3612 1203 3867 1271 pastores

2263 1284 2369 1344 Lot
2390 1286 2675 1347 Sadducaei
2718 1286 3093 1361 intelliguntur
3117 1295 3173 1343 et
3192 1284 3479 1353 Pharisaei,
3505 1286 3599 1363 qui
3628 1287 3863 1343 multum

2262 1379 2410 1437 inter
2430 1395 2491 1441 se
2517 1378 2763 1439 altercati
2790 1386 2935 1436 sunt.
2966 1377 3076 1437 Sed
3106 1379 3161 1434 in
3191 1380 3297 1435 hoc
3324 1380 3469 1455 quod
3498 1379 3576 1435 ait
3602 1397 3617 1435 :
3645 1377 3861 1436 Chana-

2264 1488 2417 1529 ηεαδ
2456 1481 2635 1531 autem
2670 1482 2719 1531 et
2749 1470 3065 1529 Pherezteus
3106 1472 3416 1528 habitabant
3456 1474 3513 1529 in
3555 1484 3703 1529 terra
3740 1472 3860 1541 illa,

2264 1580 2431 1641 super
2457 1565 2752 1631 immundis
2781 1564 3064 1637 spiritibus
3104 1564 3555 1637 interpretantur,
3581 1566 3679 1641 qui
3709 1576 3863 1637 pote-

2263 1666 2464 1719 statem
2494 1659 2768 1725 habebant
2796 1658 2851 1715 in
2880 1655 3097 1717 Judazis.
3130 1655 3237 1715 Seu
3259 1658 3425 1715 etiam
3451 1657 3552 1714 Lot
3584 1658 3863 1735 signiﬁcat

2263 1751 2579 1820 haereticos,
2603 1767 2741 1823 quos
2778 1766 2903 1809 cum
2929 1751 3243 1811 Christiano
3270 1751 3466 1824 popqu
3496 1760 3670 1820 terra,
3700 1751 3759 1807 id
3783 1762 3865 1809 est

567 1856 668 1901 sex
693 1843 975 1901 mensibus
998 1844 1304 1916 angebatur
1327 1843 1450 1903 oleo
1482 1854 1719 1917 myrteo,
1748 1852 1805 1903 et
1827 1860 1923 1903 sex
1956 1843 2162 1903 mensi-
2186 1831 2239 1897 Β
2263 1841 2533 1909 Ecclesia,
2561 1858 2670 1901 non
2698 1843 2861 1914 capit.
2907 1841 3015 1901 Sed
3042 1854 3289 1916 pastores
3318 1845 3523 1902 Christi
3550 1856 3605 1902 et
3643 1847 3863 1903 haereti-

568 1933 672 1992 bus
697 1934 753 1989 in
779 1934 1071 2007 pigmentis
1111 1934 1277 1991 variis
1316 1944 1457 2003 erat,
1504 1943 1560 1992 et
1603 1935 1979 1999 curationibus
2003 1934 2163 1993 temi-

568 2042 786 2097 narum,
830 2037 889 2084 et
914 2036 1045 2085 tunc
1088 2028 1305 2085 demum
1350 2029 1791 2101 ingrediebantur
1832 2029 1905 2089 ad
1949 2043 2165 2103 regem.

567 2117 758 2190 Itaque
787 2119 863 2175 ita
889 2126 1067 2192 potest
1101 2118 1222 2176 ﬁeri
1244 2129 1305 2176 ut
1331 2118 1514 2189 Sarai,
1556 2105 1853 2193 pstquam
1875 2120 2161 2194 placuerat

567 2213 723 2285 regi,
754 2214 881 2272 dum
909 2228 1009 2285 per
1038 2229 1240 2273 annum
1261 2215 1381 2288 ejus
1402 2217 1471 2275 sd
1498 2232 1681 2290 regem
1711 2226 2053 2289 praeparatur
2074 2218 2161 2274 in-

566 2304 782 2372 troitus,
805 2312 862 2361 et
880 2304 1117 2362 Abrahae
1139 2306 1306 2362 malta
1325 2307 1628 2375 donaverit,
1653 2317 1711 2367 et
1732 2307 1948 2367 Pharao
1967 2316 2161 2380 postea

566 2400 639 2461 sit
676 2415 968 2472 percussus
995 2417 1027 2457 a
1056 2399 1313 2468 Domino,
1342 2401 1431 2459 illa
1477 2402 1656 2461 adhuc
1689 2403 1894 2461 intacta
1927 2403 2005 2460 ab
2036 2400 2158 2475 eius

567 2494 858 2551 concubitu
893 2495 1214 2566 permansit.
1252 2494 1512 2568 Sequitur
1537 2514 1555 2552 ς

1158 2578 1387 2686 CAPUT
1423 2626 1560 2686 XIII.

638 2766 799 2825 Vnus.
826 2766 945 2825 l-3.
966 2796 1043 2809 -
1058 2765 1304 2823 Ascendit
1326 2781 1448 2837 ergo
1467 2765 1665 2823 Abram
1683 2765 1749 2821 de
1768 2763 2023 2838 Egypte,
2044 2766 2159 2838 ipse

558 2870 608 2915 et
632 2875 769 2914 uror
796 2858 932 2931 ejus,
958 2866 1007 2914 et
1042 2858 1223 2913 omnis
1246 2873 1366 2930 quis
1383 2857 1629 2924 habebat,
1654 2866 1702 2913 et
1724 2856 1821 2913 Lat
1847 2874 1968 2913 cum
1989 2875 2053 2914 eo
2082 2858 2159 2917 ed

561 2954 851 3009 australem
882 2950 1113 3023 plagam.
1144 2947 1276 3003 Erat
1312 2958 1491 3007 autem
1516 2949 1659 3007 diues
1690 2947 1843 3004 valde
1874 2948 1933 3004 in
1950 2964 2157 3020 posses-

560 3047 706 3103 sione
731 3044 933 3114 argenti
954 3052 1003 3098 et
1025 3042 1180 3109 auri;
1222 3057 1557 3112 reversusque
1588 3058 1680 3111 per
1702 3040 1801 3097 iter
1820 3057 1923 3115 quo
1945 3050 2155 3099 venerat

560 3151 595 3191 α
637 3133 855 3189 meridie
892 3132 948 3187 in
978 3129 1181 3186 Bethel.
1233 3128 1471 3187 Pulchre
1512 3128 1845 3202 derEgypto
1888 3131 2159 3191 liberatus

2263 1951 2457 1997 corum
2488 1937 2824 2005 seductores,
2861 1938 2953 2009 qui
2984 1948 3237 2009 pastores
3268 1954 3327 1995 se
3352 1939 3538 1995 dicunt
3571 1954 3729 2007 esse,
3752 1941 3862 1996 suis

2261 2028 2455 2085 ovibus
2482 2028 2630 2085 rixas
2657 2037 2714 2085 et
2743 2029 3122 2091 contentiones
3159 2046 3374 2102 semper
3399 2031 3647 2087 excitant
3678 2033 3739 2089 in
3766 2032 3862 2089 Ec-

2262 2117 2455 2187 clesia,
2486 2127 2544 2175 et
2570 2118 2695 2179 ideo
2722 2119 3034 2177 dividuntur
3067 2121 3135 2179 ab
3165 2121 3419 2179 invicem.
3454 2121 3662 2179 Recede
3696 2142 3736 2179 a
3762 2143 3859 2193 me,

2262 2212 2444 2286 inquit
2459 2213 2691 2281 Abram,
2720 2214 2963 2287 obsecro,
2979 2216 3048 2273 ad
3069 2214 3188 2277 Lat.
3221 2216 3281 2277 Si
3313 2218 3386 2277 ad
3407 2219 3679 2279 sinistram
3712 2222 3863 2291 ieris.

2261 2319 2355 2376 ego
2377 2303 2647 2365 dexteram
2668 2304 2887 2373 tenebo;
2918 2306 2965 2363 si
2995 2308 3265 2367 dederam
3290 2309 3533 2381 elegeris,
3553 2327 3651 2383 ego
3675 2312 3755 2366 ad
3794 2313 3859 2368 si-

2260 2404 2427 2451 stratn
2451 2413 2687 2469 pergam.
2719 2396 3013 2471 Pmprium
3037 2401 3222 2473 itaque
3251 2402 3504 2461 concedit
3532 2402 3587 2459 in
3630 2403 3747 2463 hoc
3767 2405 3864 2462 Do-

2260 2490 2465 2557 minus,
2500 2499 2765 2563 tanqnam
2805 2491 3013 2551 Abram
3064 2494 3349 2553 arbitrium
3395 2494 3507 2571 [Z.,
3551 2512 3659 2551 om.
3714 2498 3863 2561 arbi-

2260 2580 2452 2655 trium]
2485 2579 2644 2639 fratri
2672 2597 2797 2651 suo,
2819 2581 3051 2641 Judaico
3086 2585 3338 2643 videlicet
3376 2585 3599 2661 populo,
3640 2602 3715 2645 ex
3756 2604 3861 2661 que

2260 2688 2483 2732 carnem
2514 2689 2793 2733 assumere
2826 2677 3076 2751 dignatus
3113 2685 3217 2739 est.
3261 2679 3503 2755 Denique
3530 2696 3629 2757 per
3657 2682 3857 2745 dexte-

2258 2765 2539 2827 ram‘lides
2561 2767 2647 2825 vel
2675 2767 2787 2825 vita
2813 2767 3023 2836 futura,
3049 2770 3118 2829 de
3141 2786 3249 2843 qua
3274 2772 3516 2831 Ecclesia
3538 2774 3616 2829 ait
3649 2792 3664 2831 :
3690 2773 3856 2835 Lina

2258 2857 2375 2929 ejus
2395 2857 2490 2915 sub
2511 2857 2680 2930 capite
2708 2874 2840 2923 meo,
2868 2868 2916 2916 et
2942 2860 3158 2919 dextera
3186 2861 3330 2918 illius
3360 2862 3760 2935 amplexabitur
3781 2884 3857 2927 nte

2261 2948 2443 3023 (Cant.
2471 2966 2539 3014 ιι.
2558 2950 2636 3025 6).
2684 2949 2790 3007 Per
2817 2951 3095 3011 sinistram
3120 2953 3231 3011 vita
3257 2970 3523 3025 praesens,
3549 2973 3720 3030 quam
3752 2958 3857 3015 ele-

2258 3051 2457 3117 gerunt
2483 3042 2673 3102 Judaei.
2746 3044 2899 3103 Unde
2922 3054 2981 3101 et
3005 3047 3205 3105 dicitur
3230 3066 3245 3103 :
3271 3047 3504 3106 Eleratis
3542 3062 3729 3109 autem
3757 3051 3852 3111 Lat

2260 3135 2427 3193 oculis
2454 3137 2584 3194 vidit
2625 3155 2830 3197 omnem
2867 3139 3008 3197 circa
3028 3139 3281 3203 Jordan's
3312 3144 3599 3214 regionem,
3623 3155 3689 3203 et
3724 3147 3850 3207 reli-

561 3227 871 3285 asceudisse
913 3225 1112 3285 dicitur
1155 3225 1227 3280 ad
1265 3222 1561 3283 muralem
1607 3223 1845 3294 plagam,
1884 3224 1940 3280 id
1965 3212 2153 3283 estad
2179 3209 2231 3277 Ct
2257 3242 2383 3298 qua.
2430 3227 2623 3285 Aliter.
2668 3227 2813 3289 Bene
2841 3230 2957 3287 ait:
2994 3232 3042 3288 si
3083 3243 3141 3289 tu
3180 3233 3250 3291 ad
3290 3209 3557 3293 sinistram
3580 3209 3737 3304 ieris,
3762 3255 3851 3312 ego

560 3321 873 3388 meridiem;
908 3334 1017 3375 non
1046 3317 1193 3374 enim
1218 3315 1414 3389 legitur
1435 3315 1739 3372 declinasse
1768 3315 2061 3387 aliquando
2084 3318 2155 3377 ad

559 3412 917 3473 occidentem.
976 3408 1083 3465 Sed
1131 3407 1373 3465 occurrit
1418 3407 1553 3464 huic
1597 3407 1781 3467 saeui
1826 3406 1959 3469 illud
2004 3411 2151 3480 quod

558 3506 825 3579 sequitur,
850 3502 1125 3577 quomodo
1153 3500 1392 3574 potuerit
1418 3501 1609 3557 exiens
1633 3501 1700 3558 de
1719 3499 1959 3575 Επμο
1984 3502 2153 3561 fuisse

558 3597 712 3655 dives
734 3595 924 3655 valde?
968 3594 1123 3664 Quod
1148 3592 1377 3651 solvitur
1400 3591 1493 3648 illa
1514 3591 1781 3650 liebraica
1810 3594 2061 3662 veritate,
2093 3597 2151 3655 in

560 3703 669 3761 qua
716 3686 974 3744 scribitur
1015 3702 1032 3742 ε
1079 3684 1277 3740 Abram
1320 3683 1495 3759 grauis
1538 3684 1881 3740 uehementer.
1925 3684 2153 3760 Egypt;

559 3779 705 3839 enim
730 3778 970 3850 pondere
991 3774 1341 3849 gravabatur.
1366 3773 1434 3829 Et
1454 3773 1581 3831 licet
1601 3774 1889 3832 videantur
1913 3791 2035 3833 esse
2061 3778 2149 3834 di-

556 3869 704 3929 vitia
719 3869 957 3943 pecoris,
982 3868 1099 3925 auri
1120 3875 1181 3925 et
1202 3866 1433 3943 argenti,
1459 3874 1639 3925 tamen
1662 3867 1707 3924 si
1724 3866 1997 3940 Aigyptize
2015 3870 2144 3937 sint,

552 3953 679 4020 viro
713 3970 923 4027 sancto,
952 3959 1106 4030 citius
1133 3968 1321 4030 typum
1356 3957 1553 4027 tenuit,
1571 3971 1767 4027 graves
1789 3966 1936 4014 sunt.
1979 3958 2148 4015 Deni-

556 4068 665 4128 que
692 4069 825 4120 non,
856 4060 919 4107 nt
956 4052 1012 4108 in
1043 4048 1190 4107 LXX
1228 4049 1447 4120 legitur,
1486 4049 1616 4104 abiit
1649 4050 1791 4104 unde
1819 4061 2052 4119 venerat,
2090 4052 2151 4109 in

556 4144 819 4203 desertum
846 4160 1010 4215 usque
1022 4139 1226 4207 Betlrel,
1251 4140 1347 4201 sed
1374 4139 1516 4197 sicut
1540 4139 1599 4195 in
1625 4138 1857 4199 Hebraeo
1880 4141 2147 4213 scriptum

555 4245 663 4304 est,
687 4236 815 4293 abiit
836 4235 1021 4291 itinere
1045 4248 1142 4289 suo
1160 4247 1253 4304 per
1270 4240 1511 4287 austrum
1532 4246 1697 4303 usque
1716 4229 1915 4285 Bethel.
1940 4229 2147 4288 Idcirco

554 4331 702 4387 enim
730 4331 796 4387 de
815 4328 1053 4402 Μαρια
1080 4323 1359 4397 prolectus
1384 4333 1491 4393 est,
1513 4332 1575 4379 ut
1601 4337 1711 4381 non
1739 4322 2017 4380 desertum
2056 4323 2144 4379 in-

556 4425 896 4501 grederetur,
941 4421 1087 4494 quod
1126 4434 1259 4477 cun
1273 4417 1510 4490 ΕΒΗ)ιο
1554 4417 1879 4489 reliquerat,
1909 4417 2009 4479 sed
2047 4431 2147 4490 per

556 4524 824 4581 austrum,
849 4513 945 4585 qui
984 4511 1227 4582 aquiloni
1256 4510 1566 4567 contrarius
1589 4519 1694 4576 est,
1714 4509 1930 4567 veniret
1951 4511 2023 4569 ad
2050 4510 2146 4567 do-

867 4569 965 4663 ubi
995 4569 1175 4661 fuerat
1201 4600 1615 4661 tabernaculum
1641 4569 1762 4675 eius
1788 4602 1931 4659 inter
1948 4601 2145 4659 Betbel
2167 4569 2225 4639 Β

554 4713 614 4763 et
647 4702 769 4760 llai.
808 4703 975 4776 Igitur
995 4700 1203 4758 Abram
1230 4700 1285 4754 in
1310 4700 1417 4759 hoc
1441 4699 1587 4770 quod
1615 4698 1862 4755 ascendit
1884 4699 1952 4757 de
1974 4697 2145 4772 Egy-

552 4807 665 4871 pto,
701 4795 991 4853 Dominum
1031 4808 1098 4850 ac
1122 4791 1542 4862 Bedemptorem
1569 4799 1819 4848 nostrum
1847 4790 2142 4863 signiﬁcat,

550 4889 670 4961 qui,
697 4896 759 4943 ut
774 4885 1027 4957 superius
1051 4884 1310 4951 diximus,
1335 4883 1616 4941 descendit
1634 4883 1691 4939 in
1714 4881 2034 4954 Egyptum,
2062 4881 2144 4938 vi-

551 4980 748 5041 delicet
765 4979 820 5035 in
841 4978 988 5033 hunc
1006 4976 1289 5043 mundum,
1312 4975 1528 5046 expleto
1550 4974 1810 5046 mysterio
1831 4982 2033 5031 nostrae
2050 4990 2141 5033 re-

553 5072 901 5143 demptionis,
922 5068 1169 5127 ascendit
1187 5068 1254 5127 ad
1276 5068 1517 5125 Patrem.
1537 5064 1688 5123 Unde
1710 5065 1847 5123 bene
1860 5064 2144 5125 diciturde

549 5163 755 5221 Abram
798 5162 945 5239 quod
988 5175 1244 5219 reversus
1291 5158 1363 5217 sit
1405 5172 1502 5229 per
1548 5158 1654 5215 iter
1699 5172 1810 5230 quo
1834 5166 2057 5215 venerat
2084 5158 2143 5217 in

548 5257 741 5317 Betbcl
765 5273 801 5319 a
822 5256 1083 5324 meridie;
1109 5255 1237 5325 quia
1269 5253 1386 5325 ipse
1415 5252 1727 5326 unigenitus
1746 5251 1919 5313 Filius
1944 5253 2000 5310 it:
2027 5253 2143 5311 suis

549 5349 1005 5423 praedicantibus
1035 5349 1092 5407 is
1133 5348 1242 5407 line
1275 5345 1459 5405 saeculi
1495 5360 1819 5407 reversurus
1841 5354 1927 5405 est
1952 5348 2025 5405 ad
2045 5347 2141 5405 Ju-

549 5441 767 5507 daicam
786 5441 1001 5513 plebem
1020 5438 1177 5511 juxta
1204 5437 1335 5495 illud
1382 5455 1399 5492 :
1422 5437 1577 5495 .Cunt
1595 5438 1865 5512 plenitudo
1889 5441 2139 5513 temporis

548 5535 939 5603 tubintraucrit,
964 5544 1087 5599 tunc
1116 5533 1284 5599 amitis
1307 5531 1480 5589 Israel
1512 5533 1690 5593 saluus
1721 5534 1809 5591 list
1848 5532 2023 5606 (ﬂant.
2052 5551 2136 5606 xt,

619 5721 786 5779 Vsus.
811 5718 1046 5776 5-l2.-—
1066 5718 1172 5777 Sed
1195 5728 1242 5776 et
1256 5718 1376 5787 Lot,
1397 5721 1487 5792 qui
1508 5726 1621 5776 erat
1642 5734 1762 5775 cunt
1776 5717 1993 5787 Abram,
2020 5718 2135 5789 fuc-

549 5822 671 5872 unt
689 5830 869 5886 greges
889 5813 1086 5881 ouium,
1110 5822 1159 5869 et
1178 5821 1439 5883 armenta,
1460 5821 1510 5869 et
1531 5809 1905 5883 tabernacula;
1924 5829 2019 5870 nec
2036 5831 2136 5889 pe-

2253 3320 2525 3379 dexteram
2562 3322 2771 3390 tenebo,
2807 3330 2939 3391 etc.,'
2971 3324 3099 3397 quia
3142 3325 3199 3383 in
3227 3325 3314 3383 die
3345 3325 3535 3396 iudicii
3576 3329 3742 3385 multi
3784 3344 3853 3391 ex

2253 3407 2454 3469 Iudaeis
2483 3411 2742 3469 credituri
2773 3421 2932 3470 erunt
2960 3413 3016 3469 in
3040 3413 3236 3482 Deum,
3263 3424 3320 3475 et
3348 3414 3503 3472 multi
3530 3432 3599 3473 ex
3620 3418 3849 3475 creden-

2253 3503 2719 3579 tibus_recessuri.
2747 3504 2815 3565 Et
2837 3506 2942 3563 hoc
2965 3513 3051 3565 est
3075 3507 3219 3578 quod
3246 3505 3345 3577 ait,
3366 3525 3460 3579 ego
3483 3508 3554 3562 ad
3572 3510 3849 3579 sinistras;

2250 3568 2485 3666 perga'm.
2514 3593 2669 3651 Tune
2689 3594 2834 3653 enim
2852 3568 3113 3655 Christus
3130 3568 3611 3671 unquavabram
3644 3598 3705 3655 in
3726 3572 3845 3657 ore;

2252 3681 2522 3747 dentibus,
2546 3685 2640 3755 qui
2672 3684 2996 3743 videbantur
3018 3699 3139 3744 esse
3174 3685 3295 3758 eius
3314 3687 3579 3756 membra,
3605 3688 3683 3746 ad
3719 3691 3849 3747 sini-

2251 3782 2423 3833 stram
2456 3775 2767 3835 declinabit.
2795 3778 2854 3835 Si
2882 3787 3065 3837 autem
3094 3779 3165 3835 ad
3190 3780 3477 3838 haereticos
3505 3780 3720 3840 referre
3755 3798 3847 3840 vo-

2250 3865 2441 3934 lueris,
2485 3876 2613 3925 tunc
2658 3867 3041 3941 adimplebitur
3078 3870 3184 3929 hoc
3212 3873 3359 3943 quod
3386 3872 3667 3951 Scriptura
3694 3875 3845 3949 dicit,

2250 3959 2428 4014 recede
2456 3976 2489 4017 α
2518 3976 2620 4028 me,
2644 3960 2876 4030 obsecro,
2898 3963 3116 4033 quando
3140 3963 3384 4037 dictugts
3409 3975 3492 4022 est
3514 3966 3595 4023 eis
3618 3985 3633 4021 :
3656 3966 3845 4023 Disce-

2249 4048 2358 4104 dite
2385 4067 2419 4103 a
2446 4067 2544 4115 me,
2575 4049 2867 4123 maledicti,
2891 4052 2946 4108 in
2976 4052 3147 4124 ignem
3178 4065 3431 4113 wternum
3455 4053 3679 4129 (Matth.
3714 4072 3843 4125 xxv,

2245 4138 2363 4212 Η).
2401 4138 2555 4197 Unde
2583 4153 2979 4212 consequenter
3014 4142 3374 4217 subiungitur,
3410 4147 3457 4202 si
3478 4146 3547 4201 ad
3568 4147 3845 4204 sinistram

2246 4230 2395 4297 ieris,
2419 4248 2512 4305 ego
2539 4232 2810 4289 dexteram
2853 4234 3054 4305 tenebo,
3079 4244 3185 4291 etc.
3234 4234 3340 4293 Per
3382 4235 3663 4294 dexteram
3712 4252 3842 4311 pro—

2247 4324 2565 4395 speritatem
2584 4323 2935 4393 mundialem,
2959 4342 3123 4398 quam
3149 4327 3393 4385 hteretici
3417 4328 3641 4401 eligunt,
3674 4330 3844 4387 inter-

2245 4423 2561 4485 pretantur;
2597 4430 2696 4487 pcr
2721 4414 2997 4473 sinistram
3032 4416 3404 4475 inﬁdelitatem
3430 4418 3515 4475 vel
3542 4417 3843 4485 infernum,

2248 4506 2402 4578 Quod
2440 4524 2572 4565 vero
2592 4507 2795 4567 Abram
2836 4510 3118 4567 dexteram
3155 4512 3368 4584 plagam
3413 4510 3607 4585 elegit,
3653 4513 3838 4580 ﬁdem,

2249 4601 2334 4657 vel
2360 4616 2585 4674 regnum
2611 4610 2954 4670 sanctorum;
2991 4602 3133 4675 quod
3163 4611 3345 4659 autem
3377 4604 3678 4671 sinistram,
3708 4620 3842 4661 con-

2247 4693 2573 4752 fractionem
2607 4695 2921 4763 voluntatis,
2961 4711 3068 4769 qua
3105 4696 3162 4752 in
3198 4696 3459 4753 membris
3497 4697 3614 4753 suis
3637 4697 3841 4754 conde-

2248 4787 2462 4845 scendit
2486 4786 2570 4844 his
2594 4787 2690 4859 qui
2730 4787 2787 4844 in
2821 4802 3063 4845 amorem
3092 4788 3379 4860 praesentis
3416 4788 3561 4857 vitae,
3598 4803 3725 4860 qua:
3762 4788 3837 4845 si-

2245 4878 2553 4953 gniﬁcatur,
2586 4887 2645 4935 ut
2675 4895 2838 4952 supra
2862 4879 3117 4945 diximus,
3140 4896 3239 4953 per
3264 4878 3563 4946 sinistram,
3593 4894 3840 4937 comme-

2248 4981 2552 5029 morantur.
2602 4971 2756 5029 Unde
2796 4971 3146 5041 ctJordanis,
3188 4982 3249 5030 ut
3283 4973 3503 5046 quidam
3532 4972 3745 5039 volunt,
3781 4974 3869 5029 inv

2245 5066 2350 5125 boc
2373 5066 2493 5125 loco
2515 5067 2817 5127 doctrinam
2840 5068 3219 5127 haereticorum
3243 5068 3502 5137 ostendit,
3524 5084 3557 5125 a
3578 5084 3690 5141 quo
3710 5067 3834 5125 irri-

2244 5161 2511 5237 gabantnr
2552 5160 2827 5228 universa,
2866 5162 2995 5233 quia
3028 5162 3110 5221 sic
3142 5162 3355 5219 videtur
3397 5163 3542 5229 suis,
3589 5171 3651 5219 ut
3692 5161 3834 5218 bene

2243 5252 2491 5313 doctrina
2524 5252 2764 5323 ipsorum
2794 5252 3072 5325 irrigetur.
3108 5252 3448 5327 Quapmpter
3478 5254 3582 5310 rite
3604 5250 3718 5327 [Z.,
3748 5268 3832 5309 re-

2241 5344 2355 5419 cte]
2376 5344 2731 5413 subinlertur,
2759 5347 3081 5405 venientibus
3106 5347 3160 5401 in
3182 5344 3364 5420 Segor.
3408 5345 3581 5421 Segor
3603 5344 3830 5419 parvula

2242 5436 2657 5511 interpretetur,
2679 5437 2807 5509 quia
2842 5438 2920 5495 illi
2945 5440 3039 5515 qui
3064 5440 3136 5496 ab
3161 5439 3431 5497 haereticis
3460 5440 3827 5511 decipiuntur,

2238 5530 2298 5589 in
2320 5531 2533 5603 magnis
2555 5530 2809 5587 videntur
2828 5546 2973 5600 esse,
2998 5532 3094 5589 sed
3120 5533 3175 5589 in
3197 5532 3491 5605 exiguitate
3514 5546 3581 5588 ac
3603 5528 3828 5587 miseria

2237 5626 2549 5685 detinentur
2571 5634 2631 5683 et
2652 5627 2723 5682 ad
2746 5625 2975 5685 nihilum
3002 5625 3247 5683 tendunt.

2308 5721 2476 5783 Vites.
2532 5722 2617 5779 l5.
2650 5752 2719 5765 --
2755 5720 3010 5781 Homines
3053 5731 3228 5778 autent
3269 5717 3556 5777 Sodomita
3608 5712 3828 5791 pessimi

2237 5825 2410 5889 erant,
2436 5827 2491 5879 et
2514 5826 2815 5892 peccatores
2847 5832 3027 5877 coram
3052 5814 3277 5877 Domino
3315 5815 3493 5879 nimis.
3530 5809 3829 5891 Superbus
