4044 6326
205 331 336 388 I73

1545 321 1916 390 COMMENT.
1943 331 2006 385 EN
2046 327 2205 390 GEN.

3389 349 3494 406 ιη

199 445 468 502 additum
500 455 602 512 est,
629 463 805 502 coram
827 445 1078 517 Domino,
1108 451 1248 506 sicut
1271 452 1325 506 in
1359 447 1502 506 LXX
1527 450 1691 506 etiam
1719 451 1802 505 in-
1832 455 1882 516 Α
1905 447 2125 504 habebat
2147 456 2330 520 puteos
2355 450 2621 507 bituminis
2649 454 2858 510 multos.
2887 454 3076 528 Itaque
3103 475 3196 514 rea:
3229 461 3495 522 Sodomo-

197 549 475 606 vemtur;
524 540 794 612 siquidem
834 541 1194 602 Sodomorum
1231 545 1408 603 coloni
1454 548 1595 619 apud
1634 549 1808 603 homi-

199 648 322 687 nes
359 632 485 686 mali
517 641 572 687 et
599 644 910 703 peccatores
954 649 1128 693 erant.
1176 637 1268 694 Ille
1305 649 1486 694 autem
1522 639 1717 696 dicitur
1756 640 1812 695 in

199 736 516 796 conspectu
543 727 640 781 Dei
666 738 941 798 peccator,
971 732 1063 802 qui
1092 741 1268 802 potest
1293 735 1430 804 apud
1453 733 1700 790 homines
1721 732 1810 803 ju-

196 823 337 870 stus
362 818 558 884 videri,
587 823 854 890 quomodo
877 823 944 880 de
956 823 1215 882 Zacharia
1231 825 1572 884 etElisabeth
1599 829 1652 884 in
1676 846 1811 900 prte-

187 915 384 969 conio
407 917 648 984 ponitur,
677 920 821 988 quod
853 919 1057 976 fuerint
1078 919 1210 990 justi
1250 924 1408 978 ambo
1443 924 1495 978 in
1521 933 1810 995 conspectu

185 1001 335 1073 Dei,
369 1015 426 1062 et
459 1009 513 1062 in
546 1008 756 1077 psalmo
785 1011 983 1068 dicitur
1009 1031 1022 1068 :
1052 1011 1176 1068 Non
1193 1014 1571 1088 justi/imbitur
1597 1019 1651 1072 in
1680 1035 1808 1072 con-

195 1111 398 1169 spectu
421 1111 512 1155 tuo
535 1102 702 1156 omnis
727 1103 894 1157 vivens
921 1099 1092 1176 (Psal.
1115 1122 1280 1174 CXLII,
1303 1107 1379 1181 2).

287 1187 462 1244 Vens.
509 1191 698 1248 η-Π.
721 1223 792 1234 -
812 1191 960 1252 Dixit
985 1211 1106 1264 ergo
1131 1195 1272 1250 Deus
1310 1197 1380 1251 ad
1400 1196 1595 1254 Abram
1622 1213 1639 1252 :
1670 1198 1808 1256 Leva

196 1281 402 1337 oculos
436 1292 575 1350 tuos,
625 1295 675 1338 et
719 1284 831 1338 vide
873 1303 904 1339 a
946 1283 1060 1340 loco
1107 1287 1162 1340 in
1197 1306 1300 1358 quo
1341 1299 1398 1344 tu
1439 1307 1577 1346 nunc
1619 1310 1695 1361 es,
1739 1294 1809 1348 ad

195 1373 537 1444 aquilonem,
578 1386 625 1430 et
659 1375 728 1430 ad
760 1387 1020 1442 austrum,
1057 1377 1128 1431 ad
1159 1380 1426 1452 orientem,
1463 1391 1513 1436 et
1544 1382 1614 1436 ad
1642 1397 1804 1450 mare,

192 1464 335 1534 quia
363 1482 570 1519 onmem
601 1477 795 1521 terram
819 1483 976 1540 quam
1003 1478 1060 1522 tu
1088 1467 1248 1535 vides,
1273 1471 1367 1524 tibi
1391 1471 1527 1526 dabo
1551 1484 1597 1528 et
1622 1476 1808 1529 semini

191 1565 318 1609 tuo.
375 1553 436 1611 Si
466 1556 613 1610 enim
657 1565 803 1611 terra
847 1565 1051 1613 tantum
1082 1561 1502 1630 promittebatur
1532 1563 1603 1628 ei,
1643 1577 1806 1633 quam

195 1653 342 1701 tunc
393 1647 450 1702 in
493 1663 600 1702 uno
647 1647 766 1704 loco
816 1657 966 1703 stans
995 1651 1180 1706 videre
1219 1652 1394 1723 potuit
1432 1667 1529 1724 per
1574 1663 1807 1724 quatuor

190 1738 430 1794 climata
459 1741 665 1807 mundi,
695 1749 925 1813 angusta
950 1742 1163 1798 videtur
1187 1759 1307 1799 esse
1335 1755 1480 1800 terra
1509 1749 1804 1816 repromis-

1912 555 2050 607 rum,
2074 551 2120 596 et
2150 540 2456 598 Gomorrlue
2480 555 2626 616 terga
2651 554 2932 611 verterunt,
2969 550 3370 626 cecideruntque
3394 558 3492 627 ibi,

1910 645 1958 728 et
1987 640 2078 710 qui
2110 651 2487 707 remanserunt,
2513 643 2756 714 fugerunt
2798 646 2867 700 ad
2909 657 3130 716 montes,
3159 650 3498 727 tuleruntque

1912 747 2115 787 omnem
2154 734 2500 790 substantiam
2541 753 2742 801 eorum,
2778 755 3002 795 necnon
3043 751 3090 797 et
3130 742 3248 811 Lot,
3281 756 3329 800 et
3367 749 3492 803 sub-

1909 823 2160 877 stantiam
2195 825 2336 893 ejus,
2367 833 2421 881 et
2451 825 2677 897 reliqua.
2703 827 3009 886 Notandum
3037 842 3122 888 est
3147 836 3288 905 quod
3315 837 3496 908 Βαίας,

1909 923 2030 984 quae
2079 923 2136 969 et
2176 913 2366 985 Segor,
2410 918 2632 972 tradunt
2676 917 2902 986 Hebraei,
2933 924 3064 992 quia
3101 925 3242 981 sicut
3285 927 3342 983 in
3384 930 3492 987 alio

1909 1004 2028 1061 loco
2063 1007 2364 1062 ostenditur
2390 1007 2682 1080 Scriptura:
2706 1013 2846 1068 hanc
2869 1017 3114 1072 eamdem
3141 1033 3262 1075 esse
3288 1019 3490 1090 Saliae,

1863 1135 1865 1138 ι
1909 1103 1963 1150 et
1993 1096 2659 1168 interpretantumitulam
2691 1114 3124 1176 consternantem,
3159 1113 3302 1182 quod
3347 1114 3496 1169 scilio

1909 1197 1994 1245 eet
2023 1193 2182 1245 tertio
2205 1199 2355 1246 motu
2386 1202 2540 1248 terrae
2579 1194 2831 1266 absorpta
2861 1198 2950 1262 sit,
2977 1206 3032 1252 et
3059 1215 3126 1255 ex
3157 1215 3222 1258 eo
3246 1211 3492 1273 tempore

1909 1293 2016 1349 quo
2037 1279 2272 1337 Sodoma
2303 1291 2357 1337 et
2379 1282 2703 1350 Gomorrha,
2729 1286 2956 1354 Adama,
2977 1296 3034 1343 et
3063 1289 3278 1346 Seboim
3302 1293 3488 1348 divino

1910 1370 2018 1444 igni
2049 1375 2318 1430 subversae
2345 1384 2490 1440 sunt,
2522 1376 2610 1431 illa
2642 1379 2864 1447 parvula
2895 1392 3266 1452 nuncupatur;
3297 1387 3340 1440 si
3369 1387 3488 1456 qui-

1909 1461 2032 1516 dem
2081 1461 2253 1534 Segor
2302 1465 2628 1521 transfertur
2673 1468 2727 1522 in
2766 1471 3062 1538 parvulam.
3101 1473 3267 1530 Vallis
3306 1484 3488 1532 autem

1910 1551 2236 1620 Salinarum,
2264 1571 2384 1625 qua:
2427 1567 2482 1612 et
2522 1559 2675 1614 vallis
2713 1560 2975 1617 silvestris
3003 1565 3218 1631 dicitur,
3251 1569 3393 1623 sicut
3435 1570 3490 1625 in

1908 1645 2012 1701 hoc
2031 1645 2219 1700 eodem
2242 1645 2381 1701 libro
2409 1648 2684 1715 scribitur,
2710 1651 2764 1704 in
2785 1667 2887 1720 qua
2910 1651 3128 1710 fuerunt
3155 1666 3314 1714 antea
3340 1661 3485 1730 putei

1911 1735 2221 1799 bituminis,
2281 1745 2405 1806 post
2447 1737 2542 1793 Dei
2591 1740 2725 1794 iram
2791 1750 2845 1795 et
2914 1743 3189 1814 sulphuris
3249 1749 3488 1817 pluviam

191 1831 399 1888 sionis.
423 1831 540 1888 Non
572 1833 676 1890 hoc
695 1834 868 1890 solum
896 1842 1052 1891 terra:
1075 1837 1400 1906 promissum
1422 1847 1505 1894 est
1533 1855 1692 1910 quam
1722 1841 1793 1895 vi-

1906 1828 1960 1884 in
1992 1843 2142 1884 mare
2171 1825 2439 1884 Mortuum
2467 1847 2624 1887 versa
2649 1843 2751 1899 est,
2778 1834 2918 1904 quod
2949 1852 2980 1889 a
3009 1837 3210 1894 Graecis
3235 1849 3486 1911 stagnum

191 1923 334 1979 dere
357 1924 558 1994 potuit.
587 1923 702 1980 Non
727 1925 870 1980 enim
895 1926 1097 1982 dictum
1121 1935 1234 1983 est:
1261 1927 1494 1984 Tantuin
1519 1941 1676 1986 terrae
1705 1932 1799 1987 tibi

190 2015 346 2071 dabo
391 2026 653 2087 quantum
695 2017 877 2086 vides;
919 2020 1034 2086 sed,
1079 2021 1199 2076 Tibi
1226 2021 1366 2078 dabo
1403 2009 1604 2078 terram
1636 2039 1798 2094 quam

189 2112 380 2175 vides,
411 2127 538 2166 cum
569 2119 624 2166 et
651 2109 878 2167 ulterior
919 2113 1155 2184 undique
1193 2113 1442 2170 dabatur.
1492 2116 1560 2170 Et
1599 2117 1798 2173 idcirco

189 2201 490 2272 subiunxit
522 2222 535 2258 :
575 2203 744 2276 Surge
771 2213 820 2258 et
854 2205 1162 2275 perambula
1211 2215 1406 2261 terram
1444 2207 1499 2261 in
1522 2208 1799 2264 latitudine

189 2303 242 2347 et
288 2293 657 2364 longitudine,
707 2302 763 2348 ut
803 2295 1228 2366 perambulando
1271 2297 1578 2367 perveniret
1623 2297 1690 2352 ad
1736 2314 1799 2354 ea

190 2401 322 2455 quae
354 2386 529 2441 oculis
558 2401 666 2441 uno
704 2385 824 2442 loco
850 2395 1001 2442 stans
1024 2387 1206 2443 videre
1235 2403 1340 2444 non
1371 2398 1574 2460 posset.
1615 2390 1797 2460 Signi-

191 2475 469 2532 ﬁcabatur
507 2486 688 2533 autem
724 2493 786 2532 ea
825 2486 988 2542 terra,
1018 2494 1179 2548 quam
1210 2479 1429 2536 carnale
1467 2495 1650 2536 semen
1682 2480 1798 2549 ejus

191 2579 558 2640 accepturum
589 2578 728 2626 erat.
769 2568 904 2624 Nam
949 2570 1078 2626 illud
1122 2573 1364 2643 spiritale
1411 2575 1575 2628 totius
1609 2575 1794 2631 mundi

187 2661 547 2718 latitudinem
579 2677 956 2733 possessurum
993 2669 1131 2718 erat.
1167 2663 1301 2719 Dum
1333 2664 1489 2730 dixit,
1519 2665 1587 2718 ad
1625 2667 1797 2720 orien-

187 2761 297 2808 tem
341 2763 394 2808 et
425 2754 494 2807 ad
527 2770 696 2820 mare,
723 2751 852 2824 quid
885 2753 1090 2809 dictum
1132 2755 1256 2810 est?
1297 2753 1445 2810 Solet
1469 2755 1616 2810 enim
1644 2754 1794 2810 Scri‘

187 2853 362 2916 ptura
413 2852 623 2911 sancta,
674 2844 801 2899 dum
844 2844 910 2900 de
952 2844 1124 2916 plagis
1166 2853 1323 2901 terrae
1361 2845 1796 2916 repromissionis

184 2937 476 3008 loquitur,
521 2952 674 2993 mare
712 2953 814 3008 pro
852 2935 1131 2993 occidente
1168 2951 1398 3009 ponere,
1443 2938 1510 2992 ab
1552 2953 1617 2992 eo
1651 2939 1796 3008 quod

183 3029 485 3087 Palaestina
519 3030 668 3103 regio
707 3043 858 3085 mare
895 3029 1196 3086 occidentis
1219 3029 1390 3101 plagae
1427 3030 1643 3084 habeat.
1689 3028 1794 3084 Ve-

183 3130 522 3184 rumtamen,
557 3129 617 3176 ut
639 3120 956 3192 quibusdam
978 3119 1174 3192 placet,
1199 3121 1515 3192 spiritaliter
1543 3121 1790 3178 Christus

1912 1920 2196 1977 bituminis
2237 1922 2557 1991 appellatur.
2589 1924 2822 1994 ldipsum
2867 1935 2950 1982 eSt
2985 1929 3307 1998 asphaltum.
3344 1932 3488 1988 Mor-

1903 2019 2054 2067 tuum
2091 2022 2270 2068 autem
2311 2013 2614 2083 appellatur
2642 2032 2812 2080 mare,
2839 2019 2984 2086 quod
3010 2020 3144 2074 nihil
3175 2021 3365 2092 recipit
3393 2040 3488 2094 ge-

1900 2119 2090 2161 nerum
2117 2107 2436 2172 viventium,
2471 2121 2650 2178 neque
2687 2119 2932 2165 assuetas
2970 2112 3125 2181 aquis
3163 2129 3312 2178 aves,
3343 2115 3486 2170 tauri

1899 2197 2198 2268 eamelique
2225 2197 2453 2252 fluitent.
2480 2199 2720 2268 Denique
2743 2201 2790 2255 si
2809 2199 3060 2257 Jordanis
3083 2213 3274 2260 auctus
3298 2205 3489 2261 imbri—

1897 2291 2000 2347 bus
2042 2293 2216 2362 pisces
2247 2292 2374 2348 illuc
2400 2291 2626 2349 inﬂuens
2655 2295 2916 2364 rapuerit,
2945 2298 3128 2351 statim
3175 2297 3486 2357 moriuntur

1898 2392 1953 2438 et
1981 2383 2270 2453 pinguibus
2309 2384 2465 2454 aquis
2509 2385 2820 2441 subnatant.
2854 2387 3156 2445 Lucernam
3193 2406 3480 2448 accensam

1898 2471 2070 2528 fertur
2099 2484 2450 2544 supernatare
2494 2475 2614 2532 sine
2648 2477 2756 2530 ulla
2803 2480 3175 2546 conversione,
3213 2483 3482 2538 exstincto

1897 2564 2133 2634 demergi
2162 2563 2384 2630 lumine,
2414 2573 2470 2620 et
2492 2581 2588 2620 vas
2629 2566 2937 2623 demersum
2966 2579 3102 2635 arte,
3133 2571 3274 2640 quod
3307 2572 3480 2638 bibat,

1897 2657 2108 2714 ditlicile
2136 2660 2341 2715 luerere
2370 2661 2426 2715 in
2454 2661 2738 2731 profundo,
2771 2664 3060 2734 omniaque
3091 2668 3350 2734 viventia,
3381 2669 3480 2726 de-

1895 2769 2076 2810 mersa
2132 2755 2258 2812 licet
2301 2763 2356 2809 et
2411 2756 2762 2811 vehementer
2813 2757 2973 2821 illisa,
3011 2759 3192 2814 statim
3250 2762 3478 2818 resilire.

1896 2847 2138 2916 Denique
2184 2846 2572 2915 Vespasianum
2621 2850 2942 2919 praecepisse
2996 2852 3218 2907 natandi
3263 2853 3484 2925 ignaros

1895 2937 2154 2992 revinctis
2182 2937 2430 2990 manibus
2469 2937 2524 2990 in
2567 2937 2894 3006 profundum
2924 2939 3101 3007 dejici,
3133 2956 3335 3013 eosque
3364 2959 3485 2999 om-

1895 3017 2165 3085 nes'illico
2189 3037 2588 3099 supernatasse.
2616 3029 2769 3100 Aqua
2800 3031 2913 3101 ipsa
2955 3033 3156 3087 sterilis
3183 3043 3236 3088 et
3267 3049 3478 3102 amara,

1896 3121 2214 3190 cmterisque
2268 3121 2422 3190 aquis
2467 3120 2765 3184 obscurior,
2822 3131 2877 3178 et
2911 3124 3064 3192 quasi
3105 3124 3310 3180 adustae
3363 3125 3480 3200 [Z.,

184 3231 312 3272 cum
339 3215 587 3272 Ecclesia
615 3216 811 3271 dicitur
839 3215 1022 3272 levare
1046 3217 1232 3272 oculos
1269 3231 1300 3271 a
1325 3215 1525 3272 mundo
1559 3217 1625 3270 ad
1649 3231 1786 3287 qua-
1815 3185 1862 3250 θ
1895 3213 2181 3286 adustam]
2235 3213 2532 3284 przeferens
2579 3214 3004 3272 similitudinem.
3065 3218 3264 3290 Vagari
3318 3185 3482 3294 super

185 3318 314 3365 tuor
361 3317 552 3378 partes
583 3317 757 3374 terrae,
781 3322 881 3379 per
903 3323 1040 3377 quas
1070 3316 1306 3379 quatuor
1331 3305 1624 3378 Evangelia
1655 3306 1790 3378 ﬁgu-

184 3411 412 3467 rantur,
441 3401 636 3470 cuique
674 3401 847 3456 omnis
882 3409 1026 3457 terra
1059 3400 1243 3464 datur,
1284 3408 1346 3483 ut
1370 3399 1496 3456 alibi
1525 3419 1537 3453 :
1564 3397 1788 3455 Postulo

181 3512 215 3550 a
239 3512 351 3561 me,
376 3505 426 3549 et
439 3493 576 3548 dabo
591 3493 682 3549 tibi
706 3503 899 3566 gentes,
923 3503 976 3551 et
1000 3503 1197 3551 caetera
1219 3491 1392 3565 (Psal.
1418 3510 1482 3560 ιι,
1510 3493 1586 3565 8).
1612 3491 1788 3565 Usque

185 3588 239 3643 in
259 3587 668 3658 sempiternum,
693 3587 747 3644 id
770 3594 853 3644 est
882 3587 936 3642 in
967 3587 1303 3659 longitudine
1330 3585 1604 3657 temporis.

361 3677 366 3682 ’
786 3676 1015 3735 CAPUT
1068 3675 1206 3735 XIV.

255 3772 433 3829 Vens.
502 3771 642 3828 1-6.
689 3801 760 3813 -
804 3769 1009 3827 Deinde
1063 3771 1307 3842 sequitur
1349 3769 1583 3841 qualiter
1629 3782 1784 3842 reges

183 3866 436 3940 gentium
473 3872 864 3938 percusserunt
889 3861 1157 3934 Raphaim
1203 3863 1257 3918 in
1279 3861 1784 3918 Astarotbcarnaim

186 3972 430 4029 quoque,
479 3964 534 4010 et
574 3953 759 4010 Zozim
808 3969 933 4010 cum
980 3954 1077 4019 eis,
1133 3961 1188 4008 et
1228 3953 1456 4024 reliqua.
1518 3952 1783 4022 Rapbaim

185 4050 430 4121 gigantes
480 4047 950 4118 interpretantur;
1004 4041 1222 4112 Zozim,
1266 4044 1520 4100 terribiles
1566 4053 1614 4098 et
1657 4045 1783 4098 hor-

188 4143 376 4208 rendi;
406 4141 667 4197 Astaroth
700 4138 925 4206 civitas,
961 4155 1080 4210 qua:
1119 4153 1290 4210 usque
1322 4139 1480 4194 hodie
1516 4138 1595 4193 sic
1619 4151 1782 4193 voca-

189 4222 294 4298 tur,
331 4233 604 4306 signiﬁcat
639 4232 784 4304 quod
823 4239 1057 4304 quatuor
1084 4246 1240 4302 reges
1285 4229 1679 4286 interfecerunt
1703 4230 1782 4304 gi-

188 4337 416 4398 gantes,
460 4334 514 4382 et
561 4326 813 4381 robustos
853 4339 1069 4396 quoque
1112 4320 1360 4391 Arabiae;
1402 4324 1783 4379 Astarotbcar-

189 4420 362 4484 naim,
396 4427 601 4475 terram
635 4418 911 4490 gigantum
945 4417 1236 4488 quamdam
1273 4417 1330 4470 in
1361 4415 1648 4486 supercilio
1681 4414 1780 4472 So-

191 4511 502 4568 domorum.

257 4605 430 4661 Vtilis.
463 4605 516 4662 'l.
549 4634 616 4645 —
645 4603 716 4658 Et
744 4619 935 4658 reversi
969 4607 1214 4658 venerunt
1245 4601 1315 4656 ad
1345 4601 1541 4672 fontem
1565 4599 1776 4671 Hesfat,

190 4697 304 4766 ipsa
331 4705 410 4752 est
438 4695 629 4751 Cades.
660 4696 805 4752 Fons
835 4692 1028 4750 Mesfat
1051 4691 1173 4750 fons
1198 4700 1283 4750 est
1310 4691 1524 4763 judicii,
1562 4689 1664 4749 boc
1699 4703 1782 4748 est

191 4788 398 4857 Gades;
436 4805 536 4862 per
578 4789 1024 4860 anticipationem
1071 4788 1267 4845 dicitur
1296 4786 1438 4858 quod
1473 4795 1661 4858 postea
1701 4785 1782 4843 sic

192 4890 448 4938 vocatum
475 4889 581 4936 est.
625 4879 907 4952 Signiﬁcat
935 4887 1113 4934 autem
1158 4877 1332 4934 locum
1365 4877 1507 4949 apud
1548 4886 1778 4949 petram,

193 4975 283 5044 qui
331 4971 457 5028 fons
479 4971 669 5041 judicii
718 4971 1050 5037 nominatur,
1092 4969 1219 5040 quia
1249 4968 1323 5025 ibi
1343 4969 1484 5024 Deus
1523 4969 1780 5040 populum

185 5065 536 5138 iudicaverit.
570 5055 639 5117 Et
659 5070 1021 5135 percusserunt
1046 5076 1251 5116 omnem
1287 5061 1545 5131 regionem
1570 5059 1783 5115 Amale-

195 5163 421 5216 citimm
438 5200 454 5227 ,
482 5168 529 5215 et
552 5157 917 5213 Amorrhwum
943 5155 1203 5212 sedentem
1238 5153 1292 5210 in
1316 5154 1780 5210 Assasonthamar.

200 5251 312 5310 Hoc
342 5261 430 5308 est
458 5249 714 5322 oppidum
747 5248 892 5320 quod
931 5263 1074 5303 nunc
1111 5255 1335 5302 vocatur
1363 5243 1628 5315 Engaddi,
1667 5243 1785 5300 bal-

198 5344 336 5400 sami
373 5352 428 5398 et
470 5341 774 5413 palmarum
818 5338 1013 5404 fertile,
1053 5339 1193 5394 sicut
1236 5339 1290 5394 in
1329 5335 1485 5393 libris
1513 5336 1782 5392 Locorum

198 5437 392 5512 reperi.
447 5436 689 5490 Assason
739 5441 919 5489 autem
965 5432 1178 5487 tbamar
1225 5431 1613 5502 interpretatur
1655 5429 1808 5499 urbs.

197 5533 516 5606 palmarum.
549 5527 789 5584 Thamar
817 5527 1015 5598 quippe
1044 5524 1220 5604 patina
1250 5523 1468 5580 dicitur.
1487 5519 1776 5592 Sequitur:

264 5625 428 5682 Vsus.
457 5627 513 5693 8,
553 5623 638 5680 l3.
665 5654 734 5664 —
764 5619 834 5676 Et
876 5621 1066 5692 egressi
1107 5629 1226 5674 sunt
1273 5631 1366 5673 rex
1404 5617 1779 5683 Sodomorum,

201 5731 243 5774 et
270 5735 359 5774 rex
375 5716 702 5780 Gomorrlue,
723 5731 914 5786 rexque
944 5711 1184 5776 Adamw,
1210 5719 1336 5774 etc.,
1363 5721 1644 5780 usqueque
1667 5708 1778 5764 ait:

205 5812 442 5882 Quatuor
455 5828 598 5886 reges
617 5810 865 5867 adversus
881 5808 1128 5880 quinque.
1156 5805 1318 5861 Vallis
1339 5814 1512 5860 autem
1532 5804 1782 5869 silvestris

1805 4563 1859 4626 D

1891 3319 2060 3376 aquas
2106 3305 2388 3360 bituminis
2432 3305 2618 3376 glebas
2661 3316 2869 3362 certum
2918 3317 3002 3363 est
3061 3320 3179 3365 atro
3247 3313 3478 3384 liquore,

1889 3411 2024 3466 quas
2095 3395 2310 3466 scaphis
2362 3395 2856 3466 appropinquantes
2918 3398 3210 3470 colligunt,
3264 3402 3470 3461 hmrert

1887 3486 2150 3552 bitumen,
2186 3497 2241 3541 et
2287 3501 2629 3556 nequaquam
2666 3487 2814 3544 ferro
2849 3491 3072 3559 praecidi
3112 3492 3302 3547 terter.
3340 3495 3477 3552 San-

1889 3579 2051 3651 guine
2092 3586 2301 3632 tantum
2341 3578 2630 3635 mulierum
2660 3591 2938 3637 menstruo
2961 3582 3047 3638 vel
3075 3584 3231 3640 urina
3259 3587 3473 3654 cedere,
3507 3575 3510 3580 ’

1887 3671 2038 3725 utilis
2068 3671 2135 3724 ad
2166 3683 2482 3741 compagem
2523 3671 2774 3738 navium,
2808 3674 2890 3729 vel
2939 3676 3258 3746 corporibus
3299 3679 3475 3734 homi~

1887 3777 2016 3816 num
2049 3762 2344 3817 medendis.
2377 3763 2572 3818 Servat
2601 3765 2778 3820 adhuc
2817 3765 2966 3838 regio
3007 3769 3242 3838 speciem
3276 3785 3473 3840 pmnaz.

1885 3853 2194 3910 Nascuntur
2229 3854 2374 3908 enim
2395 3867 2553 3923 poma
2583 3855 2972 3926 pulcherrima,
3010 3874 3131 3928 quae
3173 3871 3228 3916 et
3273 3863 3471 3921 edendi

1885 3945 2239 4014 cupiditatem
2284 3946 2724 4014 exspectantibus
2755 3957 3043 4018 generant;
3074 3951 3119 4006 si
3149 3966 3359 4023 carpas,
3395 3953 3476 4012 fa-

1885 4039 2092 4094 tiscunt
2121 4053 2186 4094 ac
2211 4039 2556 4094 resolvuntur
2591 4039 2644 4094 in
2677 4040 2938 4107 cinerem,
2970 4039 3286 4115 fumumque
3327 4047 3476 4103 exci-

1886 4139 2005 4189 tant
2034 4132 2189 4201 quasi
2223 4131 2439 4187 assidue
2473 4132 2715 4188 ardeant.
2754 4131 2896 4188 Sane
2933 4134 2988 4188 in
3027 4135 3218 4192 diebus
3268 4140 3474 4198 aestatis

1886 4224 2208 4280 immodicus
2235 4222 2346 4296 [Z.,
2369 4239 2476 4279 non
2515 4224 2782 4298 modicus]
2807 4241 2906 4295 per
2926 4229 3102 4296 spatia
3129 4233 3302 4302 campi
3329 4249 3472 4291 exas-

1883 4326 2029 4374 stuat
2052 4331 2236 4388 vapor,
2269 4317 2411 4372 unde
2435 4324 2490 4371 et
2515 4317 2855 4374 coalescente
2885 4320 3016 4375 vitio
3045 4321 3223 4380 nimia:
3252 4325 3469 4382 siccita-

1883 4412 1973 4478 tis,
1999 4420 2158 4480 atque
2181 4411 2329 4464 humi
2353 4409 2507 4465 arido
2531 4408 2638 4482 [Z.,
2665 4411 2829 4466 humo
2852 4412 3025 4485 arida]
3049 4417 3359 4486 corruptior
3377 4431 3473 4476 aer

1884 4503 2222 4560 miserandas
2285 4503 2477 4558 incolis
2528 4502 2748 4559 conﬁcit
2806 4505 3174 4575 aegritudines.
3234 4509 3476 4582 Denique

1884 4597 2124 4668 quinque
2149 4597 2236 4652 isti
2269 4611 2444 4666 reges,
2479 4596 2790 4669 allegorice,
2813 4611 2846 4650 a
2873 4606 3108 4669 quatuor
3131 4601 3350 4672 regibus
3375 4604 3470 4659 de—

1882 4691 2014 4746 victi
2055 4690 2147 4760 qui
2187 4697 2454 4744 venerunt
2479 4689 2547 4744 de
2577 4689 2868 4762 Babylone,
2897 4691 3207 4762 signiﬁcant
3233 4695 3476 4766 quinque

1884 4797 2077 4839 sensus
2119 4779 2382 4853 corporis,
2410 4781 2662 4838 videlicet
2705 4782 2902 4848 visum,
2941 4785 3204 4854 auditum,
3235 4798 3472 4858 gustum,

1886 4877 2172 4932 odoratum
2217 4883 2272 4930 et
2319 4882 2544 4930 tactum.
2589 4875 2835 4943 Quatuor
2871 4891 3028 4948 reges
3064 4887 3295 4948 quatuor
3343 4879 3474 4934 vitia

1883 4967 2203 5040 principalia
2249 4966 2645 5038 intelliguntur,
2678 4967 2734 5022 id
2761 4976 2846 5024 est
2875 4969 3162 5040 cupiditas,
3196 4969 3470 5040 gaudium,

1883 5061 2051 5117 timor
2085 5067 2142 5115 et
2186 5058 2425 5114 tristitia.
2454 5057 2560 5113 Per
2591 5058 2706 5114 haec
2734 5067 2967 5129 quatuor
2991 5059 3120 5114 vitia
3145 5059 3476 5128 expugnavit

1885 5154 2132 5210 diabolus
2171 5169 2280 5209 non
2322 5153 2495 5209 solum
2534 5152 2863 5220 Sodomitas,
2898 5169 2997 5226 per
3025 5169 3161 5224 quos
3202 5151 3473 5225 signiﬁca-

1883 5243 2086 5303 bantur
2108 5246 2356 5320 gentiles,
2385 5247 2478 5303 sed
2514 5247 2678 5302 etiam
2711 5254 2769 5303 et
2810 5246 2932 5313 Lot,
2964 5246 3055 5316 qui
3087 5245 3473 5316 interpretatur

1885 5337 2178 5406 declinans,
2206 5353 2304 5410 per
2337 5353 2500 5409 quem
2533 5337 2906 5410 signiﬁcantur
2929 5335 3121 5398 Judaei,
3163 5334 3258 5405 qui
3302 5334 3469 5392 decli-

1887 5439 2157 5488 naverunt
2197 5448 2229 5488 a
2255 5433 2581 5489 rectitudine
2613 5433 2758 5487 ﬁdei.
2789 5433 2894 5487 Per
2940 5429 3136 5484 vallem
3167 5429 3470 5486 silvestrem

1887 5536 2210 5598 praesentem
2272 5527 2529 5584 mundum
2581 5528 3010 5596 interpretantur
3063 5523 3184 5597 [Z.,
3233 5539 3472 5596 przesens

1889 5617 2124 5674 mundus
2151 5617 2590 5690 interpretatur];
2628 5632 2726 5688 per
2754 5625 2945 5686 puteos
2982 5615 3228 5671 homines
3258 5617 3310 5671 in
3339 5631 3470 5688 pro-

1890 5707 2156 5766 funditate
2175 5709 2430 5766 vitiorum
2467 5708 2773 5772 demersos;
2808 5721 2906 5778 per
2937 5707 3178 5763 bitumen
3206 5707 3443 5778 congluti

1889 5804 2163 5860 nationem
2199 5812 2565 5874 peccatorum,
2595 5817 2702 5874 qua
2735 5810 2862 5858 sunt
2895 5801 3031 5858 uniti
3071 5801 3122 5860 in
3165 5800 3466 5872 iniquitate.
