4044 6326
599 308 704 368 175

1632 300 1988 366 ANGELOMI
2023 301 2489 367 LUXOVIENSIS
2525 302 2837 366 MONACHI

3779 319 3880 376 {76

669 433 855 489 Potest
885 435 942 485 et
968 428 1128 486 aliter
1153 425 1380 500 intelligi
1409 443 1421 482 :
1453 433 1686 498 quatuor
1716 442 1873 498 reges
1899 427 1991 497 qui
2021 428 2183 498 quin—
2206 433 2262 494 Α
2284 426 2490 493 Aaron,
2521 434 2576 483 et
2601 426 2734 498 legis
2761 424 3124 496 caerimonias,
3152 433 3208 486 et
3228 428 3344 488 haec
3371 444 3494 490 esse
3514 433 3879 508 primogenita

598 541 706 598 que
734 529 1150 596 superaverunt,
1182 528 1408 592 possunt
1451 519 1707 575 nimirum
1749 521 2022 575 contraria
2051 520 2183 576 vitia

597 616 897 676 virtutibus
916 613 1224 687 signiﬁcare
1256 611 1536 667 :haeresim
1552 610 1779 673 scilicet,
1802 609 2181 681 gentilitatem,

597 691 936 787 hypocrisin,
985 709 1443 777 avaritiam,qqua:
1486 714 1572 761 est
1612 705 1878 761 idolorum
1929 708 2180 762 servitus.

531 825 534 828 ’
598 805 732 875 Quae
773 818 930 876 rcges
975 809 1378 871 nuncupantur,
1409 797 1534 868 quia
1579 797 1634 852 in
1689 797 1862 852 multo
1900 795 1992 868 jus
2029 797 2184 870 regni

599 897 713 972 [Z.,
738 895 902 970 regis]
951 902 1229 950 exercent.
1277 891 1525 960 Quinque
1563 899 1744 946 autem
1780 906 1935 963 reges
1965 891 2055 962 qui
2086 907 2182 946 su-

595 999 859 1064 perantur
887 989 957 1044 ab
1000 987 1110 1053 his,
1141 986 1378 1055 quinque
1426 998 1618 1040 sensus
1661 991 1890 1054 possunt
1933 983 2180 1054 intelligi,

595 1091 660 1139 ut
685 1081 948 1145 diximus;
981 1077 1106 1148 quia
1147 1084 1203 1131 et
1262 1075 1363 1144 ipsi
1392 1089 1570 1146 reges,
1599 1075 1726 1144 quia
1771 1089 1839 1130 ex
1887 1075 1972 1130 his
2019 1075 2182 1130 homo

595 1183 785 1231 noster
849 1171 1084 1228 exterior
1153 1167 1379 1240 regitur,
1428 1177 1576 1238 terga
1644 1175 1950 1234 vertuntur,
2010 1168 2184 1224 donec

594 1265 820 1330 Abram,
862 1270 1016 1333 pater
1061 1260 1331 1324 excelsus,
1365 1259 1525 1314 victis
1561 1267 1796 1328 quatuor
1832 1260 2049 1332 regibus
2080 1276 2179 1316 su-

591 1358 870 1434 pradictis,
911 1354 1079 1425 spolia
1126 1362 1364 1417 revocet,
1387 1361 1444 1408 et
1472 1353 1572 1408 Lot
1598 1355 1962 1424 propinquum
1997 1371 2177 1421 suum,

594 1450 956 1506 declinantem
985 1447 1174 1518 utique
1207 1462 1238 1501 a
1273 1446 1432 1511 malo,
1467 1461 1534 1501 ex
1561 1461 1748 1503 eorum
1774 1455 2042 1514 potestate
2073 1447 2183 1504 eris

589 1544 723 1614 piat.

663 1635 815 1704 Quod
865 1645 1044 1690 autem
1095 1634 1349 1688 recedere
1390 1632 1630 1702 quinque
1679 1647 1836 1703 reges
1877 1648 1907 1686 a
1947 1642 2181 1704 quatuor

589 1730 864 1793 dicuntur,
895 1726 1165 1798 signiﬁcat
1209 1725 1352 1795 quod
1391 1723 1514 1778 illos
1553 1723 1790 1778 maxime
1839 1725 2180 1794 persequitur

2287 537 2407 592 qua:
2437 521 2680 578 vendidit
2706 522 2850 578 Esau
2884 521 3041 578 l’ratri
3084 540 3183 582 suo
3210 523 3401 593 Jacob,
3430 529 3524 599 qui
3556 529 3721 586 etiam
3753 531 3880 588 Mel-

2285 613 2720 684 cbisedechjure
2770 615 2837 670 de
2867 615 3155 687 triumphis
3200 617 3482 690 abnepotis
3519 622 3605 676 sui
3640 622 3881 683 decimas

2289 706 2603 777 accepisset.
3056 758 3059 760 _

2358 797 2529 855 Porro
2554 797 2736 855 Salem
2765 801 2938 871 ipsam
2966 815 3087 858 esse
3107 801 3297 858 volunt
3324 818 3445 874 qua:
3471 813 3658 876 postea
3687 805 3880 864 Hieru-

2287 890 2454 946 salem
2485 891 2783 948 dicebatur.
2815 893 2942 949 Hcec
2970 894 3134 949 etiam
3164 895 3346 966 primo
3370 894 3558 963 Jebus,
3588 906 3649 952 ut
3677 898 3877 965 ferunt,

2284 994 2470 1055 postea
2502 987 2701 1051 Salem,
2733 987 2927 1043 deinde
2958 986 3315 1054 Hierusalem,
3353 991 3448 1046 sed
3488 999 3680 1061 postea
3717 1008 3747 1045 a
3779 991 3877 1047 Sa-

2284 1081 2501 1137 lomone
2550 1083 2763 1153 plenius
2808 1083 3112 1140 instaurata
3159 1083 3510 1157 Jerosolymis
3563 1095 3647 1142 est
3705 1088 3873 1152 dicta,

2285 1175 2439 1244 quasi
2468 1173 2955 1247 Hierosolymonia.
2987 1175 3278 1245 Cmterum,
3309 1187 3368 1233 ut
3407 1177 3630 1249 quidam
3669 1179 3876 1247 dicunt,

2286 1265 2466 1321 Salem
2520 1282 2628 1323 non
2686 1265 3058 1336 Hierusalem,
3117 1269 3212 1324 sed
3263 1269 3518 1340 oppidum
3559 1268 3875 1340 Satophoim

2287 1355 2396 1431 [Z.,
2431 1358 2807 1432 Socaphoim],
2835 1360 2980 1430 quod
3022 1375 3195 1432 usque
3245 1376 3390 1416 nunc
3433 1361 3634 1417 dicitur
3675 1361 3875 1427 Salem,

2283 1460 2339 1507 et
2380 1451 2594 1508 videtur
2646 1453 2722 1510 ibi
2767 1453 3029 1524 palatium
3081 1469 3206 1511 esse
3253 1453 3665 1511 Melchisedech.
3729 1455 3878 1512 Unde

2285 1546 2466 1616 agitur
2494 1564 2506 1600 :
2543 1545 2983 1602 transivitJacob
3012 1545 3067 1601 in
3103 1545 3306 1613 Salem,
3330 1546 3611 1602 civitatem
3644 1547 3877 1618 regionis

2285 1636 2526 1704 Sichem,
2555 1653 2677 1708 qua:
2705 1647 2788 1692 cst
2818 1638 2873 1692 in
2913 1647 3057 1694 terra
3089 1637 3367 1692 Chanaan.
3397 1637 3522 1692 [nde
3549 1637 3686 1693 dicit
3717 1637 3877 1692 Joan-

2283 1744 2382 1786 nes
2411 1730 2739 1801 evangelista
2771 1748 2784 1784 :
2817 1729 2953 1784 Erat
2994 1728 3230 1784 Joannes
3265 1729 3536 1799 baptisans
3581 1729 3641 1782 in
3691 1728 3878 1782 Ειυεοη

587 1819 860 1874 contraria
891 1825 1154 1887 potestas,
1179 1829 1318 1885 quos
1341 1822 1469 1867 ante
1503 1814 1557 1868 in
1588 1815 1906 1870 servitutem
1931 1815 2172 1870 retinuit.
2204 1802 2253 1862 Β
2272 1823 2434 1894 juxta
2465 1819 2655 1886 saltm,
2684 1822 2807 1892 quia
2831 1819 3014 1876 mutue
3033 1829 3154 1875 sunt
3178 1821 3250 1874 ibi
3272 1838 3421 1892 aqum
3442 1819 3628 1892 (Joan.
3656 1836 3745 1882 ιιι,
3765 1819 3875 1888 25).

588 1908 742 1977 Quod
773 1918 955 1962 autem
1002 1908 1056 1962 in
1104 1905 1362 1961 trecentis
1403 1905 1593 1960 decem
1639 1913 1696 1960 et
1743 1913 1867 1960 octo
1892 1904 2055 1960 Pater
2089 1905 2178 1960 ille

586 1999 855 2066 excelsus,
887 1998 973 2055 cui
1004 1998 1061 2053 in
1093 1996 1354 2055 Oratione
1392 1995 1674 2051 Dominica
1719 1997 1984 2062 dicimus.
2013 1995 2178 2052 Pater

586 2099 784 2156 noster,
809 2089 1082 2162 signiﬁcat
1113 2087 1259 2158 quod
1297 2101 1395 2158 per
1435 2085 1661 2154 electos,
1694 2087 1786 2156 qui
1823 2087 1875 2142 in
1913 2104 2176 2158 persecu-

584 2183 732 2239 tione
753 2184 1012 2238 virtutum
1037 2180 1318 2236 constituti
1341 2186 1486 2245 sunt,
1516 2178 1728 2234 fundati
1752 2179 1852 2235 lide
1869 2180 2174 2248 Trinitatis,

581 2283 636 2330 et
678 2274 938 2330 habentes
983 2270 1374 2343 plenitudinem
1405 2268 1655 2338 Decalogi
1695 2277 1887 2325 octava
1915 2271 2002 2326 die
2054 2287 2174 2327 uuae

580 2367 812 2421 sabbato
835 2367 1100 2436 sequitur,
1131 2377 1254 2419 cum
1281 2360 1500 2416 Christo
1529 2369 1876 2430 resurgentes
1904 2374 1954 2416 τι.

653 2455 818 2510 Vrsas.
851 2455 938 2508 M.
966 2485 1036 2494 —
1068 2451 1222 2519 Quod
1270 2467 1389 2505 cum
1436 2450 1666 2505 audisset
1708 2450 1928 2516 Abram,
1961 2461 2172 2523 captum

579 2547 812 2602 videlicet
845 2545 939 2599 Lot
968 2544 1187 2615 fratrem
1225 2558 1405 2607 suum,
1436 2542 1728 2596 numeravit
1759 2543 2024 2613 expeditos
2054 2561 2168 2598 ver-

578 2641 794 2697 naculos
829 2649 1088 2694 trecentos
1128 2638 1305 2692 decem
1347 2645 1396 2690 et
1432 2645 1568 2690 octo.
1600 2637 1892 2707 Expeditos
1923 2639 2060 2708 dixit
2083 2638 2171 2709 ju-

575 2749 772 2799 venes,
821 2735 887 2788 ad
932 2732 1132 2789 bellum
1186 2739 1494 2802 promptos,
1547 2738 1603 2784 et
1650 2731 1744 2802 qui
1794 2747 1902 2787 non
1949 2732 2171 2789 fuerunt

571 2827 806 2890 uxorati,
831 2827 897 2881 de
921 2826 1120 2896 quibus
1151 2824 1204 2879 in
1233 2823 1586 2898 sequentibus
1611 2823 1768 2889 dixit,
1799 2827 2024 2897 exceptis
2063 2829 2165 2896 his,

570 2936 688 2990 qua:
711 2917 1045 2972 comederunt
1063 2916 1302 2985 juvenes.
1321 2913 1390 2969 Et
1413 2926 1716 2985 persecutus
1745 2926 1819 2971 est
1843 2935 2004 2989 usque
2025 2918 2164 2974 Dan.

572 3014 686 3067 Dan
715 3011 994 3065 thnicis
1024 3008 1282 3078 oppidum
1310 3019 1414 3073 est,
1449 3009 1592 3078 quod
1621 3025 1766 3064 nunc
1794 3009 2004 3066 Paucas
2028 3012 2160 3066 dici-

573 3114 681 3170 tur,
705 3104 796 3159 ubi
825 3118 964 3157 unus
997 3102 1065 3156 de
1101 3100 1344 3156 fontibus
1367 3101 1621 3157 Jordanis
1666 3102 1862 3167 oritur,
1889 3105 1982 3173 qui
2027 3105 2165 3159 dici-

2281 1912 2392 1968 Nec
2421 1912 2603 1968 dill‘ert
2641 1921 2822 1967 utrum
2861 1911 3042 1968 Salem
3071 1929 3139 1966 an
3173 1911 3340 1966 Salim
3367 1911 3597 1977 dicatur,
3624 1927 3755 1967 cum
3786 1926 3874 1965 vc-

2279 2003 2489 2060 calibus
2530 2003 2588 2058 in
2623 2001 2861 2058 medium
2902 2016 3132 2074 perraro
3163 2009 3392 2066 utuntur
3416 1999 3656 2067 Hebraei,
3687 2010 3748 2054 et
3789 2016 3878 2070 pro

2277 2096 2554 2150 voluntate
2598 2095 2866 2151 lectorum
2911 2109 2978 2149 ac
3025 2093 3344 2148 diversitate
3375 2091 3659 2162 regionum
3685 2094 3876 2147 eadem

2277 2187 2441 2242 verba
2462 2186 2694 2242 diversis
2720 2185 2869 2241 sonis
2889 2193 2944 2240 et
2965 2184 3282 2240 accentibus
3307 2183 3591 2252 proferunt
3621 2180 3687 2255 [Ζ
3693 2223 3739 2247 .,
3761 2198 3878 2253 pro-

2273 2277 2570 2350 feruntur].
2597 2276 2707 2334 Nos
2735 2277 2880 2331 enim
2904 2277 3188 2348 opiniones
3217 2276 3556 2332 diversorum
3587 2276 3874 2346 ponimus;

2280 2371 2372 2428 sed
2411 2370 2667 2441 prudenti
2717 2369 2933 2435 lectori,
2969 2368 3100 2440 quid
3144 2368 3340 2423 horum
3384 2367 3570 2422 verius
3626 2367 3873 2437 elegerit,

2275 2461 2726 2530 derelinquimus.
2765 2459 2874 2515 Sed
2919 2465 3183 2528 quantum
3229 2457 3298 2513 ad
3332 2455 3563 2530 ﬁguram
3611 2458 3872 2528 pertinet,

2274 2553 2378 2607 iste
2429 2550 2825 2606 Melchisedech
2893 2548 3169 2605 Christum
3229 2547 3503 2620 signiﬁcat
3572 2549 3872 2603 secundum

2271 2642 2612 2714 Apostolum,
2642 2641 2768 2712 quia
2815 2640 3067 2696 Christus
3096 2639 3215 2696 sine
3257 2648 3430 2694 matre
3467 2639 3520 2694 in
3549 2639 3728 2704 caelis,
3764 2641 3872 2695 sine

2273 2747 2425 2807 patre
2459 2736 2514 2790 in
2557 2737 2738 2802 terris,
2766 2733 3002 2792 ollerens
3030 2735 3144 2790 Deo
3171 2750 3271 2806 pro
3301 2735 3458 2790 nobis
3490 2735 3544 2788 in
3579 2735 3747 2790 terris
3796 2737 3871 2790 sui

2272 2827 2516 2897 corporis
2565 2817 2760 2897 panem
2810 2835 2867 2881 et
2915 2826 2998 2882 sui
3045 2826 3328 2899 sanguinis
3357 2825 3566 2892 vinum,
3603 2826 3672 2881 ad
3704 2843 3870 2897 quem

2269 2923 2471 2995 dicitur
2504 2941 2516 2976 :
2551 2921 2629 2976 Tu
2659 2937 2712 2976 es
2747 2921 2993 2976 sacerdos
3027 2922 3081 2975 in
3111 2930 3367 2976 wlernum
3402 2919 3695 2974 secundum
3726 2921 3870 2973 ordi-

2271 3034 2389 3072 nem
2411 3014 2791 3070 Melchisedech
2814 3012 2988 3086 (Psal.
3014 3029 3126 3078 CIX,
3151 3013 3227 3085 4).
3253 3011 3406 3081 Quod
3435 3013 3484 3086 s_i
3511 3013 3634 3082 quis
3655 3012 3869 3082 plenius

2271 3123 2435 3164 nosse
2479 3107 2776 3173 desiderat,
2835 3107 2979 3163 beati
3021 3105 3338 3178 Hieronymi
3385 3115 3442 3160 et
3479 3104 3682 3175 lsidori
3721 3105 3868 3161 dicta

572 3204 662 3250 tur
697 3197 836 3260 Dan,
877 3194 1014 3249 alter
1062 3209 1192 3248 vero
1238 3191 1351 3248 Jor.
1386 3195 1467 3249 Ex
1511 3194 1596 3249 his
1642 3195 1853 3250 duobus
1903 3171 2162 3266 l‘ontibus,
2194 3171 2240 3236 C
2269 3199 2582 3272 perlustret.
2615 3171 2908 3270 Sequitur:

571 3287 666 3359 qui
689 3286 836 3341 haud
860 3285 1102 3357 procula
1129 3299 1188 3338 se
1215 3283 1438 3348 distant,
1467 3284 1519 3337 in
1543 3299 1709 3340 unum
1733 3284 1965 3341 rivulum
1998 3287 2165 3343 {mde-

573 3379 729 3445 ratis,
759 3376 1013 3433 Jordanis
1039 3375 1363 3447 appellatur,
1394 3376 1534 3449 sicut
1577 3390 1646 3430 ex
1685 3375 1894 3432 duobus
1929 3377 2168 3436 fontibus

571 3487 715 3527 unius
741 3467 959 3537 lluvius,
989 3468 1065 3523 ita
1092 3483 1160 3522 ex
1189 3466 1500 3522 nominibus
1541 3480 1650 3520 una
1694 3465 1984 3537 appellatio
2014 3484 2168 3526 crea-

535 3541 542 3547 ’
572 3569 661 3615 tur
687 3559 800 3633 [Z.,
827 3555 1194 3629 procreatur].

573 3685 578 3688 -
641 3650 809 3706 Vens.
845 3649 1027 3705 l8.——
1053 3645 1258 3703 Deinde
1299 3645 1496 3717 legitur
1541 3645 1777 3717 qualiter
1819 3646 2024 3705 Abram
2075 3665 2168 3707 oc-

570 3741 745 3799 currit
791 3737 1184 3794 Melchisedech
1242 3751 1338 3791 rex
1395 3735 1578 3792 Salem
1621 3728 1748 3816 [Z.,
1779 3739 1894 3808 regi
1937 3738 2163 3814 Salem].

571 3836 788 3893 Movere
813 3832 951 3888 solet
980 3831 1242 3901 quosdam
1273 3828 1396 3900 quis
1425 3828 1590 3884 fuerit
1616 3830 1719 3885 iste
1743 3829 2161 3900 Melchisedech,

571 3945 670 3988 rex
711 3927 913 3992 Salem,
939 3940 1100 3996 quem
1131 3923 1424 3996 Apostolus
1466 3923 1600 3980 dicit
1625 3923 1807 3992 (Hebr.
1842 3942 1938 3992 vn,
1969 3926 2023 3998 5)
2051 3928 2164 3982 sine

569 4035 721 4098 patre
742 4035 790 4080 et
813 4034 1004 4089 matre,
1028 4022 1184 4078 esse?
1205 4020 1331 4076 ideo
1345 4020 1638 4092 Apostolus
1657 4036 1780 4076 eum
1801 4021 1938 4077 dixit
1960 4023 2167 4093 absque

570 4127 727 4192 patre
759 4127 816 4174 et
847 4118 1054 4186 absque
1095 4124 1271 4169 matre
1313 4129 1454 4179 esse,
1483 4113 1610 4184 quia
1637 4114 2007 4186 genealogiam
2048 4115 2166 4186 ejus

571 4225 729 4268 sacra
756 4208 1040 4280 Scriptura
1066 4221 1175 4262 non
1204 4210 1410 4259 narrat.
1443 4202 1854 4270 Verumtamen,
1897 4214 1957 4260 ut
1994 4205 2047 4260 in
2072 4221 2165 4261 cu-

563 4301 780 4373 jusdam
810 4299 923 4372 [Z.,
956 4295 1217 4370 quodam]
1247 4296 1423 4368 reperi
1467 4305 1684 4351 vetusto
1723 4296 2164 4368 volumine,_tra-

571 4397 706 4450 dunt
744 4393 958 4450 Hebraei
987 4393 1329 4463 non'absque
1362 4399 1516 4462 patre
1545 4399 1596 4446 et
1625 4397 1800 4446 matre
1830 4390 2031 4458 fuisse;
2066 4390 2162 4447 sed

569 4486 698 4557 quia
735 4499 933 4540 nomen
982 4485 1099 4555 ejus
1143 4498 1252 4539 non
1291 4489 1770 4547 commemoratur,
1801 4482 1903 4537 nisi
1945 4483 2160 4553 quando

571 4576 875 4633 occurrerit
899 4573 1124 4640 Abram,
1152 4582 1208 4630 et
1232 4588 1334 4629 nec
1359 4583 1516 4644 pater
1545 4588 1646 4628 nec
1672 4581 1846 4628 mater
1874 4573 2071 4644 legitur
2107 4573 2162 4627 in

571 4669 771 4726 divinis
811 4666 1128 4738 Scripturis.
1165 4663 1360 4721 Melchi
1399 4663 1650 4720 videlicet
1674 4672 1847 4735 pater,
1876 4674 1933 4719 et
1961 4661 2160 4719 Sedech

571 4769 768 4816 mater.
797 4757 866 4813 Et
893 4757 1182 4828 inquiunt;
1216 4756 1342 4826 quia
1372 4763 1528 4826 pater
1546 4753 1662 4825 ejus
1691 4755 1884 4812 Melchi
1914 4753 2159 4812 mortuus

567 4851 690 4916 fuit,
722 4855 1013 4920 antequam
1043 4847 1236 4904 fuisset
1261 4847 1656 4905 Melchisedech
1679 4857 1857 4904 natus.
1888 4848 2018 4904 ltem
2044 4864 2160 4905 ma-

566 4954 654 5004 ter
683 4943 804 5016 ejus
831 4942 1040 5000 Sedech
1076 4948 1291 4997 mortua
1324 4941 1426 4996 fuit
1457 4942 1523 4998 de
1564 4942 1914 5014 parturieudo
1953 4943 2160 4999 habens

566 5038 625 5093 in
657 5046 813 5093 utero
848 5034 1268 5099 Melchisedech,
1299 5043 1354 5088 et
1383 5049 1453 5088 ex
1483 5033 1569 5088 bis
1600 5034 1807 5091 duobus
1846 5035 2157 5091 nominibus

571 5126 968 5184 Melchisedech
1005 5125 1149 5180 ﬁlius
1183 5139 1372 5180 eorum
1412 5125 1483 5180 sit
1529 5123 1721 5180 dictus.
1756 5126 2072 5198 Propterea,
2097 5135 2159 5184 ut

570 5220 784 5276 Hebraei
807 5219 976 5284 aiunt,
1017 5217 1134 5273 sine
1167 5224 1322 5288 patre
1348 5226 1407 5272 et
1435 5225 1613 5273 matre
1645 5217 1829 5286 fuerit,
1857 5220 1984 5292 quia
2017 5237 2160 5278 mor-

567 5312 647 5369 tui
689 5312 910 5369 l'uerunt
954 5317 1249 5381 antequam
1294 5316 1457 5365 natus
1494 5318 1658 5366 esset.
1707 5310 1952 5368 Tradunt
1991 5313 2158 5370 etiam

566 5406 736 5471 hunc,
768 5412 977 5462 mutato
1011 5401 1253 5469 nomine,
1278 5400 1404 5474 Sem
1435 5418 1556 5460 esse
1586 5402 1755 5460 ﬁlium
1777 5403 1911 5472 Noe,
1939 5414 1996 5462 et
2027 5421 2156 5477 sup-

564 5507 821 5572 putantes
849 5513 1022 5555 annos
1049 5498 1175 5554 vitae
1202 5498 1394 5569 ipsius,
1425 5499 1720 5556 ostendunt
1742 5515 1867 5556 eum
1909 5501 1978 5556 ad
2004 5499 2159 5574 Isaac

563 5606 740 5663 usque
788 5585 1022 5657 vixisse,
1074 5603 1374 5661 omnesque
1431 5590 1820 5664 primogenitos
1872 5591 2157 5662 pontiﬁces

563 5683 755 5750 fuisse,
794 5682 1003 5739 hostias
1046 5681 1160 5739 Deo
1204 5681 1517 5739 immolasse
1561 5697 1736 5754 usque
1790 5683 1859 5740 ad
1911 5692 2157 5754 tempora

644 5804 663 5826 '
697 5798 876 5859 Locus
908 5797 962 5852 in
994 5805 1226 5870 utroque
1254 5799 1440 5858 codice
1461 5807 1772 5874 corruptus.

2188 4533 2241 4594 D

2877 3288 3107 3347 CAPUT
3148 3289 3263 3345 XV.

2342 3385 2507 3440 Vens.
2538 3383 2660 3438 2-4.
2706 3416 2776 3426 —
2818 3385 3072 3457 Dixitque
3117 3385 3361 3440 Abram:
3403 3385 3626 3440 Domine
3689 3385 3866 3452 Deus,

2269 3475 2395 3547 quid
2425 3475 2576 3530 dabis
2607 3476 2774 3531 mihi?
2797 3493 2890 3548 ego
2921 3476 3111 3532 vadum
3155 3477 3350 3548 absque
3391 3477 3591 3544 liberis,
3631 3487 3684 3532 et
3719 3479 3866 3547 ﬁlius

2267 3567 2628 3646 procuratoris
2679 3567 2866 3624 damus
2907 3585 3036 3624 mete
3076 3569 3171 3624 iste
3201 3568 3493 3624 Damascus
3539 3567 3776 3637 Eliezer,
3817 3581 3868 3626 et

2271 3657 2501 3730 reliqua.
2535 3658 2651 3714 Non
2677 3659 2832 3730 quasi
2859 3659 3075 3727 dubius,
3109 3675 3178 3714 an
3206 3659 3384 3726 ﬁeret,
3409 3658 3478 3714 de
3503 3660 3867 3730 promissione

2270 3747 2391 3815 Dei,
2421 3763 2542 3804 cum
2586 3749 2705 3804 ait:
2735 3747 2959 3804 Domine
3004 3749 3164 3818 Deus,
3201 3748 3328 3820 quid
3379 3749 3530 3804 dabis
3571 3750 3744 3804 mihi?
3771 3750 3868 3806 sed

2269 3841 2542 3912 quomodo
2577 3840 2818 3897 futurum
2850 3840 2967 3914 [Z.,
2994 3841 3308 3914 venturum]
3347 3849 3510 3908 esset,
3545 3843 3862 3913 exquirens.

2271 3932 2379 3989 Sed
2427 3934 2814 4004 requirendum
2859 3942 2944 3988 est
2985 3933 3108 4004 quis
3154 3932 3319 3989 fuerit
3361 3934 3463 3990 iste
3506 3933 3726 3990 Eliezer
3759 3933 3865 3990 Da-

2269 4043 2518 4094 mascus,
2561 4029 2628 4084 de
2663 4041 2774 4099 quo
2803 4027 2942 4084 dixit
2983 4027 3205 4094 Abram,
3238 4028 3405 4082 hwres
3435 4043 3580 4082 meus
3606 4028 3756 4083 erit!
3777 4027 3867 4084 llle

2267 4123 2455 4192 utique
2491 4121 2592 4176 fuit
2643 4119 2786 4177 ﬁlius
2831 4119 3204 4191 procuratoris
3232 4118 3490 4185 Abrahae,
3521 4120 3613 4189 qui
3649 4131 3861 4189 postea,

2267 4221 2328 4268 ut
2356 4213 2508 4268 aiunt
2540 4210 2773 4296 llebraai,
2811 4210 3137 4265 Damascum
3171 4209 3432 4274 condidit,
3469 4217 3523 4264 et
3552 4225 3757 4265 nomen
3787 4210 3863 4264 ci-

2269 4307 2453 4361 vitatis
2477 4282 2627 4361 dedit
2653 4319 2989 4378 regnumque
3015 4303 3069 4356 in
3101 4317 3164 4357 ca
3194 4302 3448 4357 obtinuit.
3475 4299 3734 4356 Attamen
3767 4317 3865 4356 no-
3900 4282 3931 4355 ίξ
3999 4282 4001 4336 ἶ

2266 4399 2512 4462 tandum,
2549 4397 2643 4452 ubi
2678 4411 2776 4452 nos
2810 4397 3095 4461 habemus,
3127 4393 3270 4462 ﬁlius
3299 4394 3679 4465 procuratoris,
3726 4411 3862 4449 non-
3921 4397 3928 4404 ’

2267 4493 2400 4547 nulli
2451 4490 2905 4546 transtulerunt:
2949 4488 3093 4558 ﬁlius
3152 4486 3361 4542 Μηδεσὴ
3419 4486 3686 4540 vernaculi
3743 4489 3861 4541 mei.

2270 4583 2464 4653 Aquila
2503 4598 2658 4648 vero,
2693 4581 2837 4651 [ilius
2881 4587 3062 4653 potum
3095 4579 3272 4634 dantis
3302 4579 3483 4634 domui
3511 4595 3658 4634 mete.
3691 4578 3864 4635 Theo-

2272 4675 2480 4738 dotion,
2503 4673 2648 4744 ﬁlius
2674 4673 2791 4744 ejus
2819 4673 2908 4746 qui
2935 4687 3093 4743 super
3116 4671 3329 4726 domum
3357 4685 3526 4724 meam
3563 4679 3660 4735 est,
3694 4671 3751 4725 id
3786 4677 3864 4725 est

2269 4762 2456 4831 villici,
2487 4765 2582 4836 qui
2633 4765 2885 4820 universa
2931 4763 3226 4834 dispensat,
3260 4770 3316 4817 et
3347 4751 3626 4816 distribuit
3657 4762 3861 4818 cibaria

2271 4858 2519 4924 familiae;
2546 4866 2879 4929 vocaturque
2892 4857 3186 4912 Damascus
3209 4855 3435 4910 Elieser.
3460 4855 3631 4910 Porro
3651 4855 3864 4912 Eliezer

2243 4931 2412 5008 'Deus
2443 4969 2588 5008 meus
2636 4951 2853 5023 adjutor
2899 4951 3311 5023 interpretatur,
3355 4949 3472 5020 qui,
3501 4956 3563 5003 ut
3596 4947 3860 5016 diximus,

2266 5044 2592 5100 Damascum
2623 5044 2882 5100 condidit.
2917 5042 3205 5114 Sequitur:

2338 5135 2504 5192 Vens.
2531 5136 2586 5203 5,
2616 5136 2671 5192 6.
2698 5167 2773 5177 ——
2799 5135 3020 5208 Suspice
3066 5134 3251 5190 caelum
3271 5175 3284 5202 ,
3321 5143 3370 5190 et
3406 5150 3624 5190 numera
3655 5135 3860 5201 stellas,

2266 5232 2314 5286 si
2352 5241 2518 5303 potes.
2556 5229 2624 5284 Et
2652 5231 2786 5286 dixit
2809 5233 2857 5286 ei
2879 5247 2898 5287 :
2931 5229 3021 5287 Sic
3070 5232 3168 5286 erit
3190 5247 3364 5286 semen
3402 5240 3571 5284 tuum.
3615 5228 3774 5286 Unde
3807 5231 3860 5286 in

2267 5326 2724 5396 consequentibus
2744 5323 2912 5380 dicit:
2947 5322 3094 5380 Sicut
3119 5323 3283 5379 stella:
3307 5322 3444 5389 caeli,
3467 5333 3514 5378 et
3535 5324 3673 5377 sicut
3695 5340 3860 5378 arens

2263 5435 2383 5490 quae
2408 5427 2482 5474 est
2513 5420 2567 5474 in
2597 5418 2771 5474 littore
2797 5419 2978 5473 maris.
3034 5419 3094 5473 In
3150 5417 3321 5474 stellis
3360 5417 3484 5474 coeli
3547 5416 3858 5486 pauciores,

2231 5571 2237 5576 _
2267 5510 2559 5578 ﬁrmiores,
2602 5511 2865 5566 clariores
2896 5508 3271 5584 intelliguntur
3303 5528 3318 5576 ;
3377 5511 3430 5565 in
3481 5524 3646 5565 arena
3675 5516 3859 5564 autem

2225 5667 2232 5677 Γ
2265 5606 2522 5669 maritimi
2552 5605 2752 5663 littoris
2779 5619 2974 5678 magna
3007 5603 3296 5661 multitudo
3321 5603 3663 5660 inﬁrmorum
3695 5611 3862 5659 atoue

2263 5698 2589 5756 carnalium.
