4044 6326
197 283 306 340 177

1523 289 1876 356 COMMENT.
1915 299 1986 357 IN
2023 297 2182 358 GEN.

3367 299 3470 364 178

271 397 444 456 Vsus.
469 400 524 456 7.
547 431 618 444 —
637 399 752 476 Ego
771 401 1030 463 Dominus
1063 407 1154 480 qui
1175 407 1332 464 eduxi
1357 417 1408 466 te
1425 409 1490 464 de
1516 409 1592 466 Ur
1619 411 1780 468 Chal-
1809 416 1862 476 Α
1887 413 2060 470 tiones
2089 429 2148 470 se
2191 415 2462 486 ingerunt,
2511 431 2631 488 quae
2683 413 2788 474 hoc
2811 431 3002 488 rapere
3055 415 3143 476 vel
3191 419 3469 476 maculare

195 491 462 546 dirarum.
503 489 618 550 Hoc
643 503 726 550 est
765 496 906 565 quod
933 498 1096 568 paulo
1137 508 1262 556 ante
1295 501 1554 568 diximus,
1591 503 1646 558 iu
1679 503 1784 558 He-

193 579 352 638 braeo
385 583 596 650 haberi,
627 587 718 658 qui
737 587 894 644 eduxi
915 599 966 644 te
985 607 1050 646 ae
1085 591 1349 662 Cbesdim,
1399 593 1448 648 id
1476 603 1558 650 est
1593 595 1662 652 de
1701 595 1784 650 in-

193 675 396 730 cendio
421 675 824 748 Chaldieorum,
903 745 910 752 _

273 763 438 822 Vsus.
465 767 522 834 8,
545 767 600 824 9.
616 771 772 824 -Αι
797 769 888 828 ille
913 775 988 828 ait
1011 791 1029 829 :
1049 773 1274 832 Domine
1299 777 1462 844 Deus,
1485 779 1624 836 unde
1649 781 1784 836 seire

187 871 412 926 possum
448 859 588 930 quod
629 877 964 932 possessurus
1007 855 1104 921 sint
1129 869 1288 924 eam?
1315 869 1650 941 Respondeas
1673 872 1782 928 Do-

187 951 374 1006 minus
403 966 422 1004 :
461 951 644 1020 Sume,
669 954 858 1026 inquit,
887 957 1014 1012 mihi
1060 977 1268 1016 vaccam
1311 963 1583 1030 triennem,
1615 975 1662 1020 et
1691 983 1781 1019 ca-

185 1059 348 1112 pram
401 1045 612 1098 trimam
663 1045 842 1118 [Cod.,
899 1049 1134 1124 trinam],
1173 1063 1220 1108 et
1263 1055 1478 1110 arietem
1519 1043 1778 1112 annorum

185 1135 402 1192 trium:
439 1145 694 1194 turturem
735 1157 940 1213 quoque
973 1153 1020 1198 et
1073 1143 1388 1202 columbam.
1441 1147 1544 1214 Qui
1592 1149 1778 1206 tollens

185 1229 438 1284 uniuersa
459 1231 594 1298 here,
617 1231 790 1289 diuisit
813 1253 876 1290 ea
895 1239 995 1308 per
1021 1239 1268 1307 medium,
1307 1251 1364 1296 et
1383 1242 1610 1316 reliqua.
1641 1244 1778 1312 Quid

185 1319 362 1392 igitur
387 1323 440 1378 in
491 1325 586 1382 illo
625 1327 856 1400 mystico
885 1329 1038 1402 signo
1089 1333 1154 1388 de
1199 1335 1516 1404 posteritate
1563 1339 1780 1408 generis

183 1413 276 1468 sui
319 1413 556 1492 Abrahae
601 1417 1008 1490 intelligendum
1061 1431 1202 1490 erat,
1245 1425 1328 1480 vel
1361 1441 1460 1482 cur
1487 1427 1650 1482 trium
1689 1443 1781 1484 an-

179 1513 388 1561 norum
429 1507 682 1566 animalia
723 1511 800 1568 illi
849 1523 1007 1572 erant
1041 1517 1348 1572 sumenda?
1373 1519 1456 1574 vel
1519 1535 1616 1574 cur
1664 1521 1780 1576 aui-

179 1599 352 1654 malia
383 1601 600 1668 dividit,
628 1611 684 1659 et
717 1605 966 1662 volucres
997 1623 1102 1664 non
1143 1609 1370 1666 dividit?
1399 1611 1588 1666 Trium
1631 1613 1776 1668 enim

177 1703 460 1748 annorum
511 1695 768 1750 animalia
815 1705 926 1752 tres
977 1707 1284 1770 temporum
1329 1703 1586 1759 articulos
1637 1705 1778 1760 desi-

1887 503 2122 572 valeant,
2140 507 2284 578 quod
2313 508 2368 562 in
2393 509 2548 565 nobis
2565 507 2678 566 Deo
2697 507 2888 566 ﬂentes
2911 511 3272 568 immolemus.
3314 511 3470 568 Unde

1885 604 1942 652 et
1962 597 2186 666 Abram,
2225 615 2348 656 cum
2383 601 2451 656 ad
2483 617 2738 658 occasum
2765 603 2900 658 solis
2928 603 3258 660 sacriﬁcium
3307 595 3466 660 oll‘er-

1885 696 1990 754 ret,
2015 688 2328 746 insistentes
2352 707 2478 750 aves
2499 693 2742 766 pertulit,
2775 709 2912 766 quas
2943 695 3204 762 studiose,
3230 685 3468 764 ne'obla-

1883 773 1998 832 tum
2035 781 2360 837 sacriﬁcium
2405 793 2678 854 raperent,
2709 785 2910 858 abegit.
2945 785 3038 842 Sic
3071 801 3192 854 nos,
3229 787 3356 841 dum
3411 785 3470 844 in

1883 881 1978 922 ara
2003 871 2182 926 cordis
2221 873 2532 932 holocausta
2581 877 2690 932 Deo
2727 875 3025 944 oderimus,
3061 879 3130 934 ab
3171 877 3468 934 immundis

1883 957 2000 1016 haec
2025 951 2334 1019 volucribus
2363 967 2719 1034 custodimus,
2761 984 2830 1024 ne
2865 969 3084 1042 maligni
3133 969 3358 1040 spiritus
3411 979 3468 1026 et

1879 1065 2147 1120 perversa:
2171 1053 2526 1124 cogitationes
2559 1057 2770 1128 rapiant
2809 1060 2952 1128 quod
2984 1074 3138 1115 mens
3171 1069 3358 1116 nostra
3385 1059 3470 1116 oi-

1879 1135 2024 1195 ferre
2045 1139 2274 1198 Domino
2297 1144 2505 1200 utiliter
2528 1155 2762 1218 poterat.
3161 1147 3164 1152 ’

1950 1233 2112 1290 Vens.
2145 1235 2327 1291 15—17.
2359 1237 2695 1311 ——Dia:itque
2722 1241 2978 1298 Dominus
3019 1244 3088 1298 ad
3131 1261 3250 1300 eum
3275 1259 3293 1298 :
3321 1245 3468 1300 Scito

1879 1339 2208 1394 prwnoscens
2267 1329 2408 1398 quod
2461 1331 2791 1401 peregrinum
2850 1333 3090 1402 futurum
3161 1337 3226 1390 sit
3293 1353 3466 1392 semen

1881 1417 2034 1468 tuum
2077 1415 2132 1468 in
2163 1425 2301 1470 terra
2330 1435 2432 1472 non
2469 1437 2590 1484 sua,
2628 1431 2674 1474 et
2715 1421 2992 1491 subjiciam
3034 1441 3120 1478 eos
3161 1426 3394 1478 servituti
3421 1435 3469 1478 et

1879 1505 2104 1576 aﬂligent
2139 1507 2538 1578 quadringentis
2579 1513 2754 1576 annis,
2783 1519 2838 1566 et.
2859 1511 3086 1582 reliqua.
3121 1513 3238 1570 Non
3263 1515 3342 1570 sic
3373 1531 3466 1570 ac-

1879 1595 2186 1666 cipiendum
2217 1605 2300 1652 est
2347 1607 2605 1670 tanquam
2645 1603 2700 1658 in
2741 1603 2830 1658 illa
2873 1605 3161 1660 durissima
3191 1607 3470 1678 servitute

1881 1687 2290 1760 quadringentis
2337 1691 2494 1748 anuis
2541 1693 2636 1748 Dei
2681 1697 2910 1766 populus
2953 1697 3148 1760 fuerit;
3194 1701 3288 1754 sed
3339 1701 3466 1772 quia

175 1791 380 1854 gnam,
437 1784 636 1854 quibus
673 1787 904 1858 populus
955 1791 1022 1846 ad
1074 1807 1346 1849 summum
1385 1794 1608 1852 honoris
1662 1797 1779 1854 θυι,
1803 1789 1852 1850 Β
1881 1777 2140 1849 scriptum
2161 1789 2284 1836 est:
2319 1780 2386 1836 In
2409 1781 2564 1838 Isaac
2590 1785 2861 1842 vocabitur
2887 1789 2981 1844 tibi
3013 1807 3208 1856 semen,
3237 1807 3306 1846 ex
3327 1809 3470 1850 anno

175 1885 312 1932 men
343 1875 600 1933 adolevit.
623 1878 668 1934 Α
691 1883 1024 1954 temporibus
1045 1899 1176 1942 vero
1201 1887 1528 1956 patriarchae
1549 1887 1780 1946 Abrahae

173 1981 284 2052 per
323 1971 778 2040 repromissiones
823 1989 996 2046 usque
1040 1979 1108 2034 ad
1153 1985 1398 2050 tempora
1445 1979 1612 2054 Moysi
1643 1997 1774 2038 con-

169 2043 404 2128 iunctus
423 2069 508 2116 est
537 2063 648 2118 Deo
669 2081 683 2131 ;
704 2080 734 2120 a
761 2043 1004 2137 tempore
1033 2077 1212 2124 autem
1233 2043 1403 2144 hloysi
1427 2043 1775 2142 legislatoris,

175 2167 208 2206 a
251 2153 370 2208 Deo
395 2153 534 2228 legis
569 2159 905 2230 acceptione,
939 2171 996 2216 et
1023 2161 1408 2220 miraculorum
1445 2167 1776 2234 ostensione,

175 2245 480 2318 triumphis
525 2257 579 2305 et
623 2259 782 2308 terrae
811 2255 1252 2326 repromissionis
1291 2257 1627 2328 ingressione
1665 2261 1780 2330 glo-

173 2335 432 2394 riﬁcatus
455 2357 472 2406 ;
497 2356 528 2394 a
563 2345 900 2414 temporibus
927 2361 1058 2400 vero
1091 2347 1260 2404 David
1293 2349 1443 2420 regio
1473 2351 1679 2408 honore
1725 2361 1780 2408 et

175 2433 376 2504 templi
405 2436 752 2508 civitatisque
773 2437 1128 2496 Hierusalem
1162 2443 1518 2500 instructione
1539 2443 1780 2502 elevatus

175 2537 290 2580 est“.
323 2525 480 2584 Aries
503 2537 682 2585 autem
713 2531 916 2604 regiam
942 2541 998 2589 et
1017 2535 1410 2590 sacerdotalem
1427 2537 1774 2608 dignitatem;

173 2633 350 2674 vacca
399 2623 500 2678 sub
551 2623 684 2694 legis
735 2623 916 2680 littera
971 2627 1342 2698 servientem;
1397 2647 1560 2700 capra
1609 2633 1776 2688 etiam

173 2711 440 2768 currulem
483 2715 740 2786 populum
785 2727 1128 2788 peccatorem
1177 2735 1296 2776 esse
1332 2721 1598 2792 designat.
1635 2721 1778 2778 Aves

172 2818 316 2860 vero
367 2805 642 2876 spiritales
675 2815 734 2862 et
767 2809 882 2864 Deo
923 2809 1126 2866 electos
1173 2811 1610 2882 praeﬁgurabant.
1633 2813 1780 2868 Divi—

173 2896 372 2952 sioues
395 2911 632 2968 namque
665 2899 982 2956 animalium
1026 2893 1322 2958 schismata
1363 2903 1504 2959 inter
1533 2905 1780 2960 carnales

171 3003 406 3060 semper
423 3005 546 3046 esse
573 2994 884 3048 ostendunt.
913 2993 1037 3050 ideo
1079 3011 1208 3052 vero
1231 2997 1374 3068 quod
1413 3013 1540 3054 aves
1567 3015 1672 3054 non
1699 2999 1783 3052 di-

169 3079 332 3146 visit,
385 3095 492 3150 pax
540 3089 596 3139 et
637 3085 818 3140 unitas
867 3086 1195 3156 spiritalium
1239 3087 1578 3160 intelligitur.
1624 3093 1778 3159 Quod

171 3175 332 3231 circa
357 3191 642 3248 vesperam
681 3195 850 3250 pavor
874 3181 1034 3236 irruit
1063 3199 1228 3254 super
1251 3185 1476 3252 Abram,
1511 3195 1776 3244 terrorem

171 3267 230 3322 in
261 3267 356 3324 die
386 3269 600 3339 judicii,
633 3272 722 3342 qui
755 3275 1031 3344 separabit
1053 3275 1120 3330 ad
1155 3275 1386 3333 invicem
1423 3279 1696 3347 spiritales
1727 3289 1784 3336 et

171 3359 454 3428 carnales,
501 3361 636 3418 alios
675 3366 1004 3428 statuensjn
1035 3365 1338 3436 dexteram,
1383 3367 1516 3424 alios
1559 3369 1610 3424 iu
1651 3369 1782 3424 sini-

171 3461 382 3507 stram.
414 3451 562 3510 Aves
587 3469 734 3524 vero,
761 3473 884 3530 quae
917 3473 1080 3530 super
1105 3459 1376 3516 cadavera
1401 3461 1648 3526 volitant,
1679 3463 1780 3518 dae-

173 3547 452 3604 moniaca:
477 3559 606 3606 sunt
649 3559 980 3624 potestates,
1009 3569 1132 3624 qua:
1181 3555 1492 3612 carnalibus
1543 3557 1780 3614 insidere

173 3653 456 3712 quaerunt,
499 3659 638 3714 quas
681 3645 904 3704 devotus
945 3647 1138 3706 doctor
1179 3649 1366 3706 sedula
1411 3651 1782 3710 admonitione

173 3735 406 3806 abigere
429 3735 608 3794 debet.

245 3827 582 3900 lntelligitur
613 3837 670 3884 et
698 3831 858 3888 aliter
901 3832 1005 3890 iste
1050 3833 1242 3892 modus
1281 3835 1488 3908 ﬁgurae.
1517 3833 1624 3890 Per
1653 3851 1779 3892 vac-

175 3933 304 3975 cam
353 3921 502 3974 euim
555 3921 862 3994 signiﬁcata
915 3933 1000 3981 est
1051 3927 1205 3998 plebs
1251 3927 1428 3998 posita
1467 3927 1569 3984 sub
1611 3925 1776 3998 jugo;

171 4027 280 4084 per
351 4029 574 4084 capram
619 4017 958 4074 criminatrix
1015 4019 1304 4076 multitudo
1353 4021 1630 4092 gentium;
1685 4037 1784 4092 per

175 4107 413 4162 arietem
445 4107 612 4164 duces
631 4111 812 4182 populi
837 4113 1098 4184 gentium.
1129 4111 1316 4168 Trium
1339 4115 1486 4168 enim
1515 4127 1784 4168 annorum

175 4197 442 4256 animalia
488 4199 596 4256 tria
645 4209 888 4272 tempora
931 4203 1260 4274 signiﬁcant,
1303 4205 1430 4274 quia
1477 4203 1530 4256 in
1563 4202 1784 4258 tertium

177 4299 402 4363 tempus
443 4289 560 4365 [Z.,
613 4293 774 4348 tertio
813 4293 1076 4367 tempore]
1125 4293 1229 4350 ista
1261 4293 1456 4349 divisio
1491 4291 1632 4348 facta
1673 4299 1780 4360 est,

177 4385 496 4456 segregatio
519 4383 770 4441 videlicet
791 4385 1030 4441 ﬁdelium
1057 4385 1128 4442 ab
1163 4385 1490 4442 inﬁdelibus.
1525 4384 1628 4440 Per
1667 4393 1784 4440 tur-

179 4484 364 4532 turem
393 4477 542 4532 enim
577 4485 632 4532 et
668 4477 974 4532 columbam
1015 4475 1288 4548 spiritales
1327 4485 1382 4534 et
1429 4475 1674 4532 haeredes
1715 4491 1782 4530 ex

1881 1873 2181 1930 nativitatis
2223 1873 2374 1930 Isaac
2421 1893 2594 1948 usque
2655 1879 2722 1936 ad
2775 1896 2978 1936 annum
3025 1883 3356 1953 egressionis
3401 1901 3470 1942 ex

1881 1965 2118 2040 Egypto
2161 1980 2547 2042 computantur
2593 1976 2720 2030 anni
2775 1977 3152 2048 quadringenti
3208 1979 3468 2050 quinque.

1881 2059 2016 2114 Cum
2065 2077 2193 2132 ergo
2235 2063 2302 2118 de
2345 2063 2756 2138 quadringentis
2791 2069 3012 2140 triginta
3061 2071 3364 2128 detraxeris
3393 2072 3474 2128 vi-

1881 2151 2014 2222 ginti
2087 2154 2328 2224 quinque
2365 2197 2380 2222 ,
2456 2157 2550 2228 qui
2615 2169 2744 2214 sunt
2807 2177 2838 2214 a
2885 2163 3248 2232 promissione
3299 2179 3474 2234 usque

1883 2243 1950 2298 ad
1989 2251 2176 2299 natum
2225 2245 2336 2318 [Z.,
2367 2249 2732 2324 nativitatem]
2771 2252 2948 2320 lsaac,
3001 2271 3108 2310 non
3159 2257 3358 2312 mirum
3389 2266 3475 2312 est

1881 2337 1925 2392 si
1968 2339 2358 2410 quadragintos
2419 2351 2474 2398 et
2525 2343 2768 2416 quinque
2825 2361 2996 2402 annos
3045 2363 3258 2404 summa
3301 2349 3474 2406 solida

1885 2425 2267 2506 [Z.,solidate]
2312 2435 2740 2508 quadringentos
2779 2437 2952 2494 voluit
2999 2439 3272 2510 appellare
3323 2441 3475 2497 Scri-

1879 2527 2058 2590 ptura,
2084 2537 2202 2592 quae
2229 2523 2368 2580 solet
2395 2533 2638 2598 tempora
2669 2529 2744 2584 ita
2773 2545 3108 2600 nuncupare,
3141 2541 3202 2586 ut
3233 2533 3378 2604 quod
3405 2533 3474 2592 de

1883 2629 2092 2668 summa
2120 2617 2468 2686 perfectionis
2503 2623 2716 2676 numeri
2751 2623 3026 2692 paululum
3057 2627 3347 2693 excrescit,
3377 2621 3474 2682 aut

1883 2703 2022 2760 infra
2053 2715 2156 2773 est,
2193 2725 2296 2764 non
2329 2719 2690 2780 computetur.
2725 2713 2844 2768 Non
2885 2715 3069 2784 itaque
3113 2717 3256 2786 quod
3292 2717 3388 2782 ait,
3417 2717 3472 2780 in

1883 2799 2200 2852 servitutem
2245 2801 2490 2872 redigent
2523 2817 2636 2868 eos,
2679 2813 2732 2857 et
2761 2806 3036 2860 nocebunt
3065 2806 3190 2874 illis,
3232 2807 3300 2862 ad
3337 2823 3474 2878 qua-

1883 2885 2199 2958 dringentos
2227 2904 2398 2944 annos
2442 2890 2786 2960 referendum
2827 2903 2930 2960 est,
2975 2905 3230 2966 tanquam
3263 2913 3362 2970 per
3389 2907 3472 2956 tot

1883 2993 2056 3034 annos
2097 2995 2192 3034 eos
2241 2979 2530 3036 habuerint
2571 2983 2627 3038 in
2667 2985 2986 3040 servitutem
3018 3003 3032 3052 ;
3061 2987 3154 3041 sed
3193 2987 3474 3064 referendi

1885 3081 2010 3126 sunt
2039 3073 2424 3145 quadringenti
2465 3076 2594 3130 anni
2624 3077 2690 3132 ad
2722 3077 2774 3132 id
2823 3079 2967 3148 quod
3009 3079 3214 3134 dictum
3245 3089 3349 3148 est,
3377 3099 3472 3152 pe-

1887 3165 2150 3234 regrinum
2175 3165 2272 3218 erit
2301 3182 2476 3220 semen
2499 3177 2644 3221 tuum
2671 3167 2726 3221 in
2753 3171 2898 3222 terra
2931 3187 3036 3224 non
3069 3173 3304 3242 propria.
3333 3171 3474 3240 Quia

1887 3255 2000 3310 sive
2027 3255 2078 3310 in
2113 3265 2254 3310 terra
2294 3257 2574 3324 Chanaan,
2605 3260 2718 3316 sive
2747 3261 2802 3314 in
2845 3259 3076 3332 {Egypto
3121 3265 3472 3336 peregrinum

1887 3355 2004 3401 erat
2033 3347 2164 3404 illud
2194 3363 2404 3416 semen,
2445 3357 2734 3422 antequam
2777 3352 3150 3410 luereditatem
3193 3365 3474 3414 sumerent

1886 3439 1940 3494 in
1973 3451 2137 3506 terra,
2163 3457 2230 3496 ex
2257 3441 2614 3512 promissione
2641 3445 2756 3510 Dei,
2797 3445 2938 3514 quod
2971 3443 3168 3501 factum
3203 3458 3288 3502 est
3313 3453 3472 3518 post-

1885 3543 2112 3600 eaquam
2165 3547 2234 3588 ex
2271 3533 2764 3606 Egyptoliberati
2823 3547 2984 3604 sunt,
3035 3547 3092 3592 ut
3135 3539 3474 3612 hyperbaton

1887 3623 1978 3679 hic
2035 3625 2388 3698 intelligatur,
2441 3637 2500 3684 ut
2547 3629 2680 3684 ordo
2733 3631 3022 3688 verborum
3065 3631 3172 3688 sit:
3239 3629 3468 3688 Sciendo

1886 3713 2024 3768 scies"
2065 3717 2188 3786 quia
2217 3719 2546 3788 peregrinum
2570 3721 2670 3774 erit
2709 3737 2884 3776 semen
2933 3731 3078 3776 tuum
3107 3723 3162 3777 in
3203 3732 3342 3778 terra
3365 3739 3472 3792 non

1883 3807 2094 3878 prapria
2131 3807 2528 3880 quadringentis
2577 3812 2772 3876 annis;
2824 3811 2956 3866 illud
3000 3821 3180 3868 autem
3231 3813 3472 3884 interpo-

1887 3901 2048 3956 situm
2082 3901 2434 3972 intelligatur,
2467 3913 2517 3956 et
2559 3905 2614 3958 in
2645 3905 2942 3958 servitutem
2987 3905 3216 3976 redigant
3261 3921 3346 3960 eos
3369 3945 3390 3972 κ,
3423 3916 3472 3962 et

1885 3993 2140 4048 nocebunt
2179 3993 2306 4060 illis,
2363 3993 2437 4050 ita
2469 4004 2530 4050 ut
2578 3995 2632 4050 in
2665 3997 3092 4068 quadringentos
3141 4013 3314 4054 annos
3365 3997 3472 4054 ista

1889 4087 2225 4157 interpositio
2271 4103 2376 4142 non
2426 4089 2712 4158 pertineat.
2747 4087 2806 4144 lu
2837 4099 3080 4146 extrema
3121 4090 3268 4145 enim
3313 4099 3472 4160 parte

1885 4196 2109 4236 summa:
2141 4173 2320 4248 hujus,
2349 4181 2452 4238 hoc
2489 4191 2570 4238 est
2597 4191 2722 4252 post
2749 4193 2978 4238 mortem
3016 4181 3236 4252 Joseph,
3265 4181 3474 4238 factum

1883 4269 1972 4326 est
2003 4281 2061 4325 ut
2087 4273 2138 4326 in
2170 4271 2408 4344 Egypto
2435 4273 2664 4344 populus
2689 4273 2782 4328 Dei
2817 4273 3009 4328 duram
3047 4283 3332 4344 perageret
3361 4290 3476 4332 scr~

1885 4368 2131 4422 vitutcm.
2195 4365 2298 4422 Sed
2347 4383 2518 4438 quare
2552 4369 2752 4424 dictum
2799 4375 2884 4422 est
2939 4367 3007 4424 de
3055 4367 3184 4422 ﬁliis
3227 4365 3470 4423 Abram:

1887 4459 2092 4528 Quarta
2121 4459 2364 4532 progenie
2409 4469 2732 4515 revertentur
2769 4465 2870 4513 huc
2888 4459 2914 4512 Ρ
2941 4469 2996 4513 et
3043 4457 3098 4514 in
3125 4459 3310 4514 Exodo
3337 4457 3474 4530 legi-

179 4577 422 4638 umque
469 4567 670 4640 populo
705 4569 858 4640 regni
909 4541 1078 4624 ιευωιζί
1109 4567 1398 4642 [Ζητθεηί
1441 4567 1536 4624 Dei
1585 4567 1778 4640 {Muri}
1809 4541 1860 4602 D
1889 4561 2018 4608 tur:
2047 4550 2244 4616 Quinta
2285 4551 2620 4621 generatione
2670 4549 3016 4642 ascenderunt
3053 4549 3158 4642 ﬁlii
3198 4548 3368 4642 Israel
3411 4551 3476 4604 de

177 4661 520 4732 praeﬁgurati
542 4649 688 4716 sunt.
723 4661 985 4718 Volucres
1007 4670 1190 4716 autem
1214 4661 1604 4718 descendentes
1621 4675 1786 4732 super

181 4755 456 4808 cadavera
485 4753 747 4808 immundi
784 4763 908 4810 sunt
947 4755 1194 4826 spiritus,
1227 4755 1318 4826 qui
1359 4755 1631 4810 mentibus
1663 4771 1786 4810 car-

183 4845 398 4900 nalium
425 4859 642 4916 semper
689 4845 925 4900 insidere
955 4853 1228 4916 quaerunt,
1247 4861 1401 4930 .quos
1435 4847 1664 4902 devotus
1689 4846 1784 4902 do-

183 4949 312 4994 ctor
359 4937 545 4994 sedula
581 4939 950 4996 admonitione
1005 4939 1226 5012 abigere
1272 4939 1454 5008 debet,
1503 4947 1566 4994 ut
1619 4955 1784 5012 supra

185 5031 554 5088 ostendimus.
581 5029 736 5088 Unde
757 5040 812 5086 et
833 5031 1082 5102 sequitur
1113 5049 1126 5086 :

261 5123 436 5178 Vens.
465 5123 648 5178 10-12.
671 5153 742 5164 -—
761 5121 832 5178 Et
857 5123 1094 5196 abigebat
1123 5141 1212 5180 eas
1237 5123 1456 5180 Abram.
1503 5123 1658 5192 Quod
1687 5124 1792 5180 hoc

187 5219 478 5274 moraliter
509 5219 736 5294 intelligi
777 5220 985 5277 volunt.
1019 5220 1174 5292 Saepe
1213 5219 1380 5276 corda
1397 5220 1670 5290 iustorum
1701 5235 1792 5275 su-

189 5317 366 5372 bortu:
421 5317 778 5386 cogitationes
823 5315 1090 5386 polluant,
1134 5323 1192 5372 et
1219 5324 1562 5382 terrenarum
1605 5329 1792 5368 rerum

191 5405 648 5464 delectationibus
675 5415 934 5478 tangunt;
952 5407 1048 5463 sed
1071 5407 1200 5462 dum
1219 5405 1380 5462 citius
1395 5421 1560 5462 manu
1587 5413 1794 5462 sanctae

191 5499 546 5556 discretionis
595 5501 906 5572 abignntur,
950 5501 1100 5570 quasi
1140 5515 1268 5568 aves
1327 5499 1680 5570 repelluntur,
1721 5513 1792 5552 ne

191 5590 380 5646 cordis
413 5591 612 5647 faciem
659 5591 831 5662 caligo
863 5591 1180 5648 tentationis
1218 5591 1450 5660 operiat,
1493 5605 1614 5660 quae
1649 5589 1792 5644 hanc

185 5683 304 5753 jam
325 5701 394 5740 ex
447 5683 638 5740 illicita
677 5684 1040 5742 delectatione
1075 5687 1350 5756 tangebat.
1383 5683 1518 5738 Nam
1558 5697 1700 5754 saepe
1737 5681 1788 5736 in

191 5787 316 5858 ipso
359 5785 628 5844 orationis
679 5793 880 5842 nostrae
911 5781 1180 5840 sacriﬁcio
1231 5782 1552 5852 importunae
1586 5779 1789 5848 cogita-

1891 4655 2032 4699 terra
2057 4643 2548 4716 Aigyptiiﬂeplica
2565 4643 2934 4714 genealogiam
2963 4641 3112 4698 Levi.
3141 4641 3272 4698 Levi
3293 4641 3482 4714 genuit

1891 4737 2051 4804 Cath,
2099 4737 2236 4792 Cath
2274 4737 2462 4809 genuit
2503 4737 2747 4804 Amram,
2789 4737 3010 4792 Amram
3055 4737 3242 4810 genuit
3269 4735 3474 4800 Aaron,

1889 4829 2068 4886 Aaron
2091 4831 2276 4902 genuit
2309 4831 2554 4898 Eleazar,
2589 4829 2816 4888 Eleazar
2835 4833 3022 4902 genuit
3053 4829 3307 4886 Phinees.
3337 4829 3478 4884 Cath

1892 4941 2014 4980 cum
2045 4931 2200 4996 patre
2221 4938 2320 4980 suo
2337 4921 2466 4980 Levi
2493 4923 2772 4994 ingressus
2799 4933 2880 4979 est
2903 4923 3218 4996 Egyptum.
3239 4921 3478 4976 Rursum

1893 5017 2122 5074 Eleazar
2149 5033 2272 5072 cum
2303 5026 2460 5088 patre
2483 5031 2582 5072 suo
2603 5017 2784 5072 Aaron
2822 5031 3074 5088 egressus
3107 5021 3194 5071 est
3213 5013 3284 5068 ab
3311 5009 3482 5080 Egy-

1893 5121 2006 5184 pto.
2033 5113 2078 5168 A
2101 5111 2236 5168 Cath
2265 5127 2436 5184 usque
2457 5111 2526 5166 ad
2557 5111 2784 5166 Eleazar
2811 5115 3196 5182 computantur
3223 5109 3478 5174 quatuor.

1895 5209 2050 5276 Quod
2077 5219 2256 5264 autem
2301 5205 2600 5262 secundum
2631 5205 2878 5262 Exodum
2905 5203 3090 5274 quinta
3131 5195 3484 5270 generatione

1896 5301 2102 5374 egressi
2147 5309 2274 5356 sunt
2310 5301 2404 5355 lilii
2443 5299 2608 5356 Israel
2648 5299 2712 5354 de
2743 5307 2912 5364 terra,
2963 5295 3136 5350 tribus
3183 5289 3278 5346 tibi
3331 5287 3484 5392 ludas

1899 5397 2034 5452 ordo
2068 5401 2402 5450 numeretur.
2430 5393 2566 5450 Juda
2611 5389 3040 5466 genuitPhares,
3073 5385 3278 5442 Phares
3299 5385 3490 5455 genuit

1901 5489 2132 5554 Esrom,
2179 5489 2370 5544 Esrom
2420 5489 2608 5558 genuit
2653 5485 2837 5548 Aran,
2895 5481 3042 5535 Aran
3093 5477 3281 5550 genuit
3331 5475 3486 5530 Ami-

1897 5585 2106 5650 nadab,
2155 5581 2456 5636 Aminadab
2507 5579 2692 5652 genuit
2741 5575 2986 5638 Naason,
3045 5569 3258 5626 Naason
3300 5567 3490 5640 genuit

1899 5675 2138 5730 Saluum.
2173 5675 2378 5730 Phares
2423 5687 2544 5727 eum
2579 5677 2731 5738 patre
2753 5681 2850 5722 suo
2879 5665 3014 5720 Juda
3075 5663 3352 5736 ingressus
3399 5667 3490 5714 est

1899 5769 2210 5842 Egyptum.
2257 5765 2470 5822 Naason
2509 5757 2924 5836 princeszuda
2953 5757 3008 5816 in
3033 5757 3251 5816 deserto
3279 5751 3486 5813 descri-
