3970 6332
548 248 653 305 179
1582 238 1936 298 ANGELOMI
1972 241 2066 298 LU
2075 237 2438 296 XOVIENSIS
2477 237 2784 296 MONACHI
3717 241 3832 298 I89

541 361 712 427 bitur,
761 358 918 432 cujus
968 358 1109 414 ﬁlius
1166 357 1390 415 Salmon
1439 365 1642 414 terram
1690 355 2126 428 repromissionis
2150 357 2201 419 Α
2228 355 2462 414 lustrati.
2495 358 2726 426 Quidam
2761 358 2978 420 codices
2997 359 3220 428 habent,
3247 360 3467 416 bibentis
3488 370 3542 416 et
3567 360 3827 426 videntis,

541 449 804 508 introivit.
842 447 1108 520 Computa
1141 465 1172 504 a
1214 447 1422 507 Phares
1472 463 1645 520 usque
1697 447 1766 504 ad
1796 446 2033 516 Naason,
2073 456 2131 504 et
2229 449 2357 520 quia
2381 452 2753 524 unusquisque
2785 461 2988 524 quanto
3023 453 3198 526 magis
3227 453 3503 509 sorbuerit
3529 454 3830 508 scientiam

539 547 787 608 invenies
807 547 1184 620 generationes
1212 548 1471 618 quinque.

611 639 780 695 Vens.
810 639 898 696 18.
928 669 1000 680 —
1027 636 1227 693 Semini
1277 649 1366 694 tuo
1401 639 1536 693 dabo
1571 647 1763 693 terram
1810 637 1945 692 hanc
1969 655 2001 692 a
2025 638 2129 709 ﬂu-

526 727 684 786 mine
708 729 930 802 Αἴθρη)ιὶ
963 747 1125 802 usque
1155 730 1223 784 ad
1266 732 1461 802 ﬂumen
1517 729 1861 801 Euphratem.
1895 730 1972 784 De
2020 744 2128 800 quo

539 819 763 878 numine
807 821 1032 894 Egypti
1073 821 1244 877 dixit?
1299 820 1414 877 Non
1439 837 1569 893 ergo
1596 838 1626 876 a
1669 820 1886 878 (lumine
1931 838 2128 894 magno

521 911 786 985 ‘Azlgypti,
833 914 940 970 hoc
986 921 1086 977 est,
1130 911 1270 977 Nilo,
1316 913 1407 968 sed
1447 929 1476 967 a
1509 929 1694 984 parvo,
1739 914 1884 985 quod
1936 914 2129 972 dividit

541 1009 680 1064 inter
707 1007 1004 1082 [Egyptum
1029 1017 1084 1064 et
1111 1007 1453 1063 Palaestinam
1477 1007 1794 1082 [Z.,dividit
1819 1007 2040 1082 Egypt.
2071 1016 2126 1065 et

541 1097 708 1171 PaL],
740 1100 833 1155 ubi
873 1107 956 1154 est
988 1099 1180 1154 civitas
1223 1095 1401 1153 Rhina
1454 1115 1650 1156 curura
1677 1099 2120 1173 [Rhinocorura].

539 1192 692 1259 Quod
735 1207 863 1248 vero
909 1191 1254 1264 adjungitur:
1289 1191 1420 1247 Cum
1467 1192 1547 1247 sol
1591 1193 1934 1257 occubuisset,
1981 1192 2123 1263 [acta

539 1294 611 1338 est
651 1284 818 1355 caligo
862 1283 1150 1350 tenebrosa,
1182 1293 1230 1338 et
1268 1287 1510 1355 apparuit
1542 1285 1779 1340 clibanus
1817 1286 2051 1355 fumans,
2074 1295 2124 1342 et

535 1377 740 1449 lampas
786 1379 945 1449 ignis,
979 1378 1242 1432 transiens
1279 1379 1415 1433 inter
1456 1380 1628 1433 m‘edia
1655 1377 1769 1446 illa,
1794 1395 1911 1450 qua:
1955 1379 2122 1435 divisa

534 1479 704 1535 erant,
729 1469 999 1540 signiﬁcat
1032 1478 1156 1540 post
1181 1469 1344 1526 ﬁnem
1375 1471 1556 1525 saeculi
1590 1469 1828 1525 futurum
1869 1471 2010 1525 diem
2033 1471 2122 1539 ju-

533 1558 682 1627 dicii,
717 1561 934 1632 quando
973 1576 1068 1632 per
1110 1562 1288 1633 ignem
1332 1563 1761 1633 segregabuntur
1807 1570 2120 1619 sanctorum

532 1653 715 1725 populi
754 1663 810 1711 et
836 1655 1165 1727 iniquorum.

1134 1789 1363 1848 CAPUT
1404 1791 1541 1848 XVI.

606 1900 812 1957 Deinde
838 1901 1040 1974 legitur
1076 1903 1311 1974 qualiter
1356 1903 1558 1961 Abram
1599 1907 1664 1960 ad
1696 1903 1841 1979 Agar
1871 1905 2122 1962 ancillam

533 1991 850 2065 Egyptian)
880 1995 1158 2067 ingressus
1183 2004 1286 2062 est,
1329 2007 1385 2051 et
1414 1998 1597 2070 genuit
1627 2013 1692 2053 ex
1718 2015 1782 2054 ea
1813 1998 2004 2066 ﬁlium,
2029 2013 2125 2054 vo-

527 2086 787 2156 cavitque
825 2101 1022 2142 nomen
1066 2086 1182 2159 ejus
1224 2087 1440 2152 Ismael,
1487 2090 1554 2145 de
1577 2093 1696 2160 [quo
1733 2089 1976 2145 dicitur:
2020 2088 2122 2144 llic

527 2179 790 2249 critferus
819 2180 974 2234 homo
998 2193 1016 2232 :
1048 2197 1236 2236 manus
1257 2183 1372 2252 ejus
1398 2193 1580 2237 contra
1602 2200 1800 2249 omnes,
1825 2183 2117 2253 etreliqua.

607 2270 890 2338 Quomodo
943 2271 1252 2328 defenditur
1292 2275 1497 2330 Abram
1551 2275 1800 2332 adulterii
1843 2290 1970 2331 reus
2013 2291 2123 2331 non

534 2375 679 2428 esse,
705 2364 832 2419 dum
859 2364 1077 2421 vivente
1104 2365 1344 2437 legitima
1366 2382 1538 2423 uxore
1585 2351 1908 2440 conjunctus
1935 2368 2004 2424 sit
2027 2384 2124 2423 au-

516 2443 676 2510 ὀίΙΙω
721 2457 869 2512 ειυωῖ
905 2456 1146 2513 Necdum
1192 2459 1533 2530 promulgata
1579 2468 1698 2514 erat
1738 2460 1896 2516 unius
1935 2459 2122 2516 uxoris

536 2547 860 2618 Evangelica
887 2548 994 2604 lex.
1012 2548 1260 2606 Habebat
1280 2565 1495 2621 quoque
1513 2551 1926 2621 promissionem
1955 2568 1986 2607 a
2013 2553 2124 2608 Deo

537 2639 929 2709 multiplicandi
957 2639 1154 2714 [Petr.,
1185 2642 1551 2717 multiplicati]
1600 2643 1822 2700 seminis
1870 2645 1986 2710 sui;
2029 2644 2123 2702 sed

539 2733 767 2788 necdum
796 2734 1005 2792 sciebat
1031 2752 1098 2792 ex
1151 2751 1259 2807 qua
1287 2753 1478 2803 uxore,
1523 2738 1648 2808 quia
1676 2747 1863 2808 postea
1917 2738 2122 2793 dictum

534 2825 584 2880 ei
629 2825 695 2882 de
716 2825 853 2884 Sara
885 2830 1088 2885 habere
1110 2830 1302 2885 ﬁlium.
1331 2829 1464 2886 Nam
1495 2841 1782 2902 propterea
1808 2831 1885 2886 sic
1922 2847 2120 2904 propa-

538 2919 700 2988 gandi
726 2920 978 2977 voluntas
1009 2922 1098 2993 pia
1127 2920 1248 2988 fuit,
1275 2923 1402 2994 quia
1441 2923 1832 2980 concumbendi
1872 2923 2122 2981 voluntas

534 3009 824 3067 libidinosa
901 3029 1010 3069 non
1081 3012 1230 3080 fuit,
1301 3015 1467 3070 etiam
1522 3024 1578 3071 et
1650 3013 1804 3070 Sarai
1868 3015 2119 3086 prolem,

533 3115 698 3172 quam
721 3104 786 3159 de
811 3119 870 3160 se
886 3105 1092 3161 habere
1121 3121 1229 3162 non
1255 3109 1450 3178 potuit,
1490 3109 1556 3164 de
1581 3108 1773 3163 ancilla
1799 3107 2000 3164 habere
2019 3124 2118 3164 vo-
2149 3098 2194 3162 C

536 3192 656 3260 luit,
671 3196 1047 3252 consentiebat
1061 3205 1290 3267 uterque
1315 3198 1367 3252 in
1392 3197 1557 3265 facto,
1579 3200 1706 3269 quia
1721 3209 1948 3270 uterque
1962 3199 2119 3255 Sarai

536 3285 775 3344 sterilem
823 3303 947 3344 esse
981 3289 1205 3344 sciebat.
1239 3288 1345 3344 Sed
1373 3290 1646 3361 quomodo
1676 3307 1865 3346 manus
1887 3291 2122 3346 omnium

535 3388 721 3434 contra
749 3379 965 3446 Ismael,
994 3379 1077 3436 vel
1103 3397 1292 3436 manus
1318 3380 1432 3452 ejus
1465 3392 1648 3435 contra
1672 3379 1888 3436 omnes?
1910 3381 2125 3437 Invenit

539 3471 680 3528 enim
727 3473 950 3545 angelus
987 3473 1200 3528 Domini
1242 3474 1389 3542 Agar
1431 3488 1595 3544 super
1623 3472 1828 3528 fontem
1870 3489 2022 3544 aquae
2063 3474 2122 3530 in

539 3562 750 3621 deserto
777 3566 844 3620 ad
892 3563 1096 3620 fontem
1127 3565 1182 3619 in
1218 3563 1306 3619 via
1354 3563 1546 3629 Assur,
1576 3578 1696 3634 qua:
1726 3579 1824 3635 per
1877 3580 2122 3620 eremum

538 3653 700 3722 ducit,
733 3657 950 3726 quando
979 3654 1046 3710 ad
1077 3651 1376 3727 Egyptum
1401 3655 1480 3711 ire
1517 3653 1830 3722 festinabat,
1877 3664 1934 3711 et
1965 3672 2123 3712 voca-

539 3749 612 3804 rit
658 3763 854 3804 nomen
907 3745 1026 3818 ejus
1067 3747 1308 3813 Ismael;
1353 3748 1479 3818 quia
1529 3746 1809 3803 exaudivit
1859 3747 2122 3805 Dominus

537 3829 892 3897 numilitatem
941 3841 1088 3913 ejus.
1149 3839 1345 3896 lsmael
1398 3841 1791 3909 interpretatur
1851 3841 2121 3896 exauditio

538 3929 650 3986 Dei.
685 3930 788 3986 Hic
828 3933 924 3986 erit
969 3932 1112 4002 ferus
1140 3932 1294 3987 homo
1317 3950 1336 3998 ;
1365 3948 1554 3986 manus
1580 3932 1694 4003 ejus
1737 3949 1894 4004 super
1921 3949 2118 4002 omnes,

538 4035 580 4080 st
602 4041 792 4079 manus
835 4025 1067 4079 omnium
1099 4041 1256 4096 super
1285 4041 1424 4090 eum,
1469 4033 1519 4078 et
1559 4033 1744 4079 contra
1792 4023 1982 4093 faciem
2010 4040 2121 4078 om-

537 4115 679 4171 nium
707 4115 934 4184 fratrum
966 4132 1182 4170 suorum
1217 4115 1493 4170 habitabit.
1530 4114 1888 4188 Signiﬁcabat
1937 4123 2120 4168 autem

538 4223 713 4266 semen
767 4209 886 4281 ejns
941 4209 1310 4265 habitaturum
1361 4209 1414 4264 in
1463 4225 1666 4274 eremo,
1715 4208 1770 4264 id
1808 4216 1914 4275 est,
1961 4206 2142 4264 Sara-

535 4317 694 4359 cenos
722 4317 886 4374 vagos
911 4303 1242 4374 incertisque
1276 4303 1516 4368 sedibus,
1543 4302 1635 4373 qui
1669 4302 1950 4358 universas
1990 4315 2120 4370 gen-

535 4409 614 4452 tes
635 4396 831 4465 quibus
866 4395 1142 4451 desertum
1169 4411 1239 4452 ex
1284 4396 1458 4452 latere
1501 4395 1765 4468 jungitur,
1813 4394 2118 4462 incursant,

2149 1721 2196 1784 B

2231 540 2637 614 Scripturarum
2683 544 2940 611 bibendo,
2990 554 3144 602 tanto
3193 546 3366 619 magis
3414 546 3566 601 videt
3616 543 3829 600 intem.

2228 636 2422 704 gelido.

2792 707 3020 768 CAPUT
3063 709 3230 766 XVII.

2307 819 2463 874 Vens.
2526 820 2675 876 I-H.
2717 851 2788 863 -—
2823 820 3074 894 Dixitque
3116 821 3373 878 Dominus
3438 821 3511 875 ad
3572 819 3829 874 Abram:

2229 911 2367 968 Ecce
2398 923 2763 971 testamentum
2786 933 2960 972 meum
2987 929 3178 984 tecum,
3196 926 3245 972 et
3269 918 3372 973 eris
3407 924 3560 987 pater
3576 913 3831 970 multitu-

2227 1005 2365 1061 dinis
2385 1009 2636 1077 gentium,
2676 1017 2725 1063 et
2753 1025 2855 1063 non
2883 1010 3154 1064 vocabitur
3191 1027 3378 1065 nomen
3412 1019 3566 1064 tuum
3593 1007 3829 1074 Abi-all,

2224 1104 2315 1158 sed
2341 1103 2438 1156 erit
2467 1119 2650 1156 nomen
2669 1113 2816 1156 tuum
2839 1103 3127 1169 Abraham,
3150 1105 3274 1175 quia
3305 1114 3506 1172 patrem
3529 1107 3832 1162 multum

2225 1195 2455 1265 gentium
2480 1196 2630 1266 posui
2660 1206 2728 1249 te.
2786 1195 2985 1252 Dicunt
3009 1205 3190 1252 autem
3225 1196 3438 1254 Hebrtei
3459 1199 3606 1268 quod
3635 1213 3706 1253 es
3739 1213 3835 1256 no-

2223 1289 2370 1344 mine
2394 1303 2492 1344 suo
2517 1290 2680 1356 Deus,
2697 1291 2840 1360 quod
2871 1290 3008 1360 apud
3034 1289 3151 1344 illos
3175 1300 3621 1361 tetragrammum
3649 1299 3762 1357 est,
3779 1291 3830 1346 id

2224 1389 2307 1437 est
2339 1399 2351 1436 :
2380 1380 2492 1446 Jot,
2518 1390 2567 1435 et
2582 1382 2668 1447 he,
2696 1397 2820 1447 vau,
2852 1393 2879 1422 α
2903 1396 2934 1436 e
2960 1380 3197 1436 litteram
3222 1381 3382 1438 Abrae
3410 1390 3466 1436 et
3491 1381 3648 1436 Sara:
3679 1381 3834 1436 addi-

2224 1472 2398 1527 derat.
2432 1471 2725 1528 Dicebatur
2768 1473 2912 1529 enim
2941 1473 3176 1544 priurum
3201 1475 3417 1539 Abram,
3452 1475 3599 1545 quod
3650 1474 3830 1529 inter-

2223 1572 2469 1635 pretatur
2501 1574 2651 1635 pater
2673 1564 2931 1631 excelsus,
2974 1574 3023 1620 et
3054 1575 3241 1635 postea
3280 1573 3508 1621 vocatus
3532 1573 3623 1620 est
3665 1565 3834 1623 Abit.

2223 1657 2369 1724 ham,
2405 1666 2552 1727 pater
2577 1657 2897 1724 multarum;
2926 1673 3050 1713 nam
3080 1658 3224 1728 quod
3252 1659 3485 1730 gentium
3513 1673 3623 1714 non
3657 1659 3829 1714 habe-

2229 1759 2339 1816 tur,
2388 1751 2445 1806 in
2479 1751 2696 1807 nomine
2735 1751 3074 1807 subauditur.
3102 1751 3214 1808 Nec
3257 1751 3566 1807 mirandum
3619 1765 3824 1821 quare,

2229 1861 2355 1900 cum
2383 1845 2523 1915 apud
2547 1844 2766 1902 Graecos
2791 1855 2850 1901 et
2875 1845 3137 1916 quosdam
3167 1865 3201 1902 a
3227 1847 3404 1902 littera
3433 1847 3696 1903 videatur
3725 1846 3825 1902 ad-

2229 1937 2362 2004 dita,
2403 1954 2504 1993 nos
2545 1954 2572 1991 e
2615 1939 2851 1993 litteram
2878 1938 3160 1994 Hebrazam
3203 1939 3444 1994 additam
3497 1939 3828 1994 dixerimus.

2227 2029 2430 2086 Idioma
2457 2031 2600 2087 enim
2632 2031 2827 2104 linguae
2875 2041 2957 2089 est
2979 2047 3078 2103 per
3116 2033 3390 2104 equidem
3429 2034 3700 2098 scribere,
3734 2031 3830 2090 sed

2229 2138 2327 2195 per
2367 2142 2398 2178 a
2426 2123 2636 2195 legere;
2667 2125 2808 2181 sicut
2835 2139 2866 2180 e
2892 2133 3081 2181 contra
3111 2141 3211 2196 per
3242 2143 3275 2180 α
3307 2125 3548 2182 scribere
3577 2133 3633 2182 et
3657 2139 3770 2196 per
3799 2139 3830 2180 ε

2229 2213 2428 2286 legere.

2301 2304 2466 2360 Vsus.
2502 2305 2588 2361 15.
2621 2337 2693 2348 —-
2741 2307 2810 2361 Et
2842 2308 2977 2362 dixit
3017 2306 3164 2362 Deus
3210 2308 3280 2362 ad
3305 2307 3574 2362 Abraham
3607 2320 3628 2362 :
3666 2304 3834 2363 Sari

2229 2413 2364 2451 uxor
2392 2405 2503 2462 tua,
2533 2414 2639 2452 non
2677 2397 2886 2452 vocabis
2916 2414 3030 2452 eam
3073 2396 3256 2464 Sarni,
3285 2399 3376 2453 sed
3425 2395 3562 2453 Sara
3591 2399 3700 2452 erit
3742 2414 3832 2454 no-

2227 2507 2346 2545 men
2394 2490 2530 2561 ejus.
2585 2489 2756 2546 Erant
2784 2488 2877 2561 qui
2915 2498 3112 2561 putant
3162 2491 3399 2560 primum
3453 2489 3675 2556 Seram,
3735 2504 3832 2560 per

2230 2596 2395 2635 unum
2423 2597 2450 2632 r
2478 2579 2739 2651 scriptum
2767 2579 2957 2647 fuisse,
2983 2588 3038 2636 et
3063 2589 3250 2652 postea
3276 2581 3328 2636 ei
3355 2580 3584 2636 alterum
3616 2597 3644 2634 r
3671 2579 3832 2635 addi-

2229 2680 2374 2738 tum,
2401 2671 2528 2741 quia
2553 2688 2579 2725 r
2615 2673 2756 2741 apud
2786 2671 3006 2728 Graecos
3031 2672 3378 2728 centenarias
3416 2687 3678 2728 numerus
3727 2679 3827 2727 est.

2230 2762 2352 2818 Sari
2395 2764 2561 2835 igitur
2594 2764 2831 2834 primum
2871 2772 3124 2820 vocatum
3163 2771 3246 2821 est
3275 2780 3373 2836 per
3418 2765 3527 2832 sin,
3559 2779 3666 2829 res,
3699 2765 3828 2835 jod;

2229 2857 2442 2913 sublato
2462 2856 2577 2927 jod,
2611 2857 2662 2912 id
2689 2858 2811 2913 esti
2837 2857 3130 2924 elemento,
3169 2857 3351 2913 addita
3380 2865 3464 2912 est
3492 2875 3541 2923 ε,
3569 2872 3693 2926 qua:
3731 2870 3831 2926 per

2229 2965 2261 3001 a
2291 2948 2508 3019 legitur,
2539 2954 2593 3004 et
2631 2956 2822 3004 vocata
2849 2956 2935 3006 est
2969 2948 3124 3004 Sara.
3156 2947 3334 3004 Causa
3362 2955 3544 3003 autem
3589 2947 3832 3002 nominis

2230 3040 2420 3096 mutati
2459 3041 2575 3097 haec
2599 3049 2703 3107 est,
2737 3041 2880 3111 quod
2899 3049 3059 3096 antea
3088 3041 3389 3106 dicebatur,
3417 3041 3656 3110 princeps
3683 3053 3828 3102 mea,

2226 3136 2386 3191 unius
2435 3134 2809 3191 tantummodo
2881 3135 3074 3192 domus
3152 3132 3582 3198 mater-familiae;
3635 3141 3829 3202 postea

2224 3242 2355 3283 vero
2399 3227 2600 3283 dicitur
2643 3226 2891 3282 absolute
2921 3226 3183 3297 princeps.
3238 3223 3348 3282 Sed
3395 3222 3696 3279 notandam
3751 3227 3832 3278 est

2225 3319 2351 3389 quia
2403 3317 2472 3373 de
2521 3317 2783 3374 vocabulo
2821 3317 2982 3373 istius
3023 3315 3260 3374 nominis
3296 3315 3447 3371 Sara:
3497 3311 3706 3370 diversi
3757 3313 3832 3368 di-

2225 3422 2382 3463 verse
2409 3407 2612 3482 legunt.
2650 3408 2901 3465 Nonnulli
2934 3407 3054 3463 Sari
3090 3408 3242 3479 prius
3272 3415 3550 3472 vocatam,
3592 3413 3652 3460 et
3680 3413 3829 3475 post-

2225 3504 2441 3559 modum
2475 3503 2665 3560 Saram
2691 3503 2900 3570 dicunt,
2931 3518 2998 3560 eo
3029 3503 3172 3574 quod
3205 3517 3304 3573 per
3329 3501 3437 3567 sin,
3468 3515 3578 3567 res,
3619 3509 3680 3556 et
3707 3497 3830 3567 jod,

2225 3597 2366 3652 sicut
2408 3611 2584 3666 supra,
2610 3595 3034 3665 descripsimus,
3068 3595 3226 3650 beato
3269 3592 3598 3664 Hieronymo
3631 3604 3828 3661 propa-

2225 3687 2392 3754 lante,
2418 3688 2559 3757 apud
2592 3686 2847 3742 Hebraeos
2878 3686 3242 3752 describatur,
3269 3684 3425 3756 quasi
3467 3683 3587 3740 sine
3632 3698 3747 3738 uno
3783 3697 3828 3748 r,

2225 3784 2353 3855 quia
2383 3799 2491 3840 non
2521 3783 2650 3838 dicit
2674 3782 2779 3838 duo
2804 3796 2914 3849 res,
2943 3780 3040 3837 sed
3078 3795 3278 3846 unum;
3307 3788 3361 3834 et
3391 3777 3511 3834 ideo
3538 3776 3828 3848 legendam

2224 3885 2416 3949 putant
2463 3873 2608 3942 Sari,
2639 3883 2801 3944 atque
2847 3881 2970 3944 post
3015 3871 3370 3928 mutationem
3405 3868 3622 3926 Saram.
3678 3868 3830 3925 Unde

2225 3973 2559 4038 existimant,
2591 3970 2638 4027 si
2665 3971 2743 4025 ita
2769 3967 2950 4035 fuerit,
2981 3969 3260 4039 antiquam
3277 3965 3364 4040 [Ζ.
3383 3983 3485 4020 om.
3514 3959 3828 4035 antiquam]

2223 4065 2594 4140 permansisse
2609 4063 3052 4121 consuetudinem
3076 4061 3129 4116 in
3146 4061 3416 4125 Ecclesia,
3433 4067 3492 4114 ut
3505 4056 3680 4113 Sarra
3702 4057 3830 4112 vitio

2226 4163 2552 4232 scriptorum
2595 4173 2762 4214 unum
2806 4174 2832 4211 r
2879 4157 3122 4213 additum
3175 4157 3470 4220 diceretur,
3501 4153 3650 4224 quod
3685 4162 3744 4208 et
3781 4154 3832 4208 in

2226 4252 2552 4310 authenticis
2581 4251 2736 4308 libris
2763 4266 2979 4322 semper
3003 4250 3078 4306 ita
3105 4251 3365 4320 scriptum
3397 4247 3660 4318 reperies.
3691 4246 3832 4302 Hinc

2227 4358 2314 4406 est
2353 4348 2520 4404 etiam
2555 4348 2699 4419 quod
2745 4345 2968 4404 sedulus
2998 4353 3156 4416 poeta
3201 4345 3257 4401 in
3291 4343 3537 4401 carmine
3573 4339 3827 4398 Paschali

534 4450 1010 4557 et'iinpugnantur
1043 4450 1118 4542 ab
1141 4450 1416 4542 omnibus.
1439 4450 1633 4542 iPdtes:
1686 4450 1764 4541 et,
1784 4485 1837 4541 in
1875 4485 1996 4541 loco
2024 4450 2118 4539 Ju:
2147 4463 2202 4525 Ῑ)
2226 4450 2303 4500 an
2335 4457 2351 4496 ³

533 4577 770 4633 timorum
822 4586 877 4633 et
904 4577 1282 4633 haereticorum
1328 4594 1359 4633 e
1386 4578 1606 4648 regione
1633 4577 1890 4634 Ecclesiae
1940 4579 2098 4632 taber

535 4667 730 4724 uacula
755 4667 1060 4738 ﬁgentium,
1087 4667 1240 4725 ferox
1265 4677 1321 4725 et
1356 4685 1491 4742 vaga
1522 4668 1856 4725 inﬁdelitatis
1876 4669 2118 4725 incursio

533 4759 785 4832 intelligi.
1309 4807 1316 4814 .

603 4847 770 4907 Vens.
821 4851 909 4907 15.
956 4885 1023 4894 -
1055 4851 1304 4927 Dixitque
1351 4854 1539 4925 Agar:
1582 4852 1830 4924 Profecto
1880 4854 1965 4908 hic
2015 4853 2121 4909 vidi

530 4944 820 5015 posteriora
851 4945 1070 5000 videntis
1091 4963 1193 5001 me.
1229 4945 1286 5001 Id
1311 4955 1395 5003 est
1435 4946 1636 5017 angeli,
1667 4961 1764 5016 per
1801 4961 1920 5016 quae
1955 4945 2118 5002 intel-

529 5045 664 5094 tecta
689 5035 800 5111 [Z.,
832 5039 1170 5112 intelligitur]
1199 5049 1282 5095 est
1318 5040 1622 5096 incarnatio
1643 5039 1873 5104 Domini,
1905 5040 2121 5097 sicutet

530 5130 697 5202 Moysi
725 5131 926 5187 dictum
955 5142 1040 5188 est
1073 5150 1086 5186 :
1115 5130 1417 5187 Posteriora
1443 5149 1559 5187 mea
1593 5131 1812 5186 videbis.

600 5221 762 5280 Vens.
811 5224 900 5280 Η.
930 5254 1001 5264 -
1043 5220 1330 5295 Propterea
1381 5222 1660 5295 appellavit
1705 5232 1917 5295 puteum
1968 5222 2119 5278 illum

529 5313 762 5383 viventis,
793 5327 842 5371 et
867 5317 1107 5382 videntis,
1139 5326 1196 5373 et
1220 5317 1448 5387 reliqua.
1483 5317 1584 5373 Hic
1626 5318 1772 5373 enim
1814 5327 2009 5389 puteus
2046 5319 2121 5375 si-

528 5411 745 5479 gniﬁcat
781 5413 1012 5484 gratiam
1039 5413 1317 5483 baptismi,
1351 5413 1462 5468 sive
1495 5413 1777 5468 scientiam
1813 5410 2122 5485 Scriptura-

531 5519 668 5557 rum.
699 5504 1019 5575 Quicunque
1056 5507 1201 5560 enim
1241 5515 1636 5577 regenerantur
1669 5507 1736 5562 ad
1781 5508 1972 5572 vitam,
2023 5523 2123 5578 per

527 5597 759 5664 gratiam
807 5597 1149 5668 baptismatis
1175 5601 1364 5656 vivunt
1411 5609 1466 5656 et
1493 5601 1678 5658 vident
1707 5601 1880 5674 gratia
1915 5601 2007 5656 Dei
2050 5601 2117 5654 il-

601 5718 628 5748 ι
664 5706 827 5764 Forte
854 5710 1104 5788 Ieg.Jor,
1134 5713 1232 5781 He,
1272 5715 1407 5784 Vw,
1443 5715 1542 5772 He.

2377 4559 2554 4610 Saucia
2572 4558 2671 4622 jam
2697 4557 2877 4609 aetate
2900 4555 3187 4608 marcebant
3205 4556 3396 4606 viscera
3417 4551 3601 4605 Sarro.

2225 4669 2296 4723 At
2317 4681 2447 4723 vero
2485 4665 2732 4722 nonnulli
2759 4663 2948 4732 Barai,
2982 4664 3126 4720 sicut
3154 4663 3211 4720 in
3246 4662 3635 4719 vetustissimis
3683 4662 3828 4716 inve-

2226 4762 2345 4819 nies
2371 4761 2551 4826 tomis,
2579 4776 2687 4816 non
2717 4768 2926 4814 tantum
2951 4757 3074 4814 Sari
3087 4758 3444 4830 pronuntiare
3468 4756 3827 4820 contendunt,

2225 4862 2280 4910 et
2314 4852 2496 4908 addita
2540 4851 2723 4906 littera
2763 4867 2810 4916 e,
2844 4863 2964 4920 quae
2992 4865 3092 4920 per
3141 4865 3173 4902 a
3219 4848 3439 4916 legitur,
3482 4845 3828 4916 postmodum

2230 4944 2459 5002 Saraam
2485 4944 2818 5000 nominatam
2848 4949 3160 5008 autumant;
3195 4941 3324 5010 quia
3363 4938 3638 5012 inquiunt,
3689 4937 3830 4992 sicut

2226 5036 2461 5092 Abrahae
2481 5051 2588 5090 una
2610 5035 2814 5096 littera.
2841 5034 2918 5088 ita
2948 5021 3099 5088 Sara:
3123 5042 3206 5088 est
3237 5030 3404 5087 altera
3432 5029 3637 5092 addita,
3669 5035 3828 5098 prout

2227 5143 2393 5199 supra
2423 5125 2742 5182 ostenditur.
2783 5125 2934 5182 Unde
2959 5125 3226 5196 siquidem
3265 5124 3446 5178 ferunt
3477 5124 3624 5192 quod
3668 5118 3829 5175 Pater

2227 5221 2457 5279 Albinus
2489 5221 2546 5276 in
2589 5219 2922 5275 Bibliotheca
2963 5234 3124 5289 quam
3177 5216 3370 5274 Carolo
3417 5213 3651 5288 principi
3705 5228 3825 5269 cor-

2228 5315 2392 5382 rexit,
2419 5313 2562 5386 quod
2603 5329 2703 5369 nos
2730 5313 2892 5368 etiam
2919 5313 3093 5368 oculis
3121 5311 3408 5383 diligenter
3435 5309 3566 5364 inibi
3592 5307 3828 5377 inspexi-

2228 5424 2374 5473 mus,
2395 5407 2684 5464 emendare
2710 5405 2939 5470 curavit,
2967 5404 3220 5458 videlicet
3245 5403 3364 5458 sine
3390 5417 3498 5456 uno
3520 5417 3548 5454 r
3577 5399 3826 5465 Saraam,

2226 5511 2285 5558 et
2313 5503 2419 5558 duo
2443 5519 2510 5566 a;
2542 5509 2598 5555 et
2637 5500 2689 5553 in
2738 5497 2939 5553 nostris
2985 5495 3308 5566 quibusdam
3355 5491 3721 5549 voluminibus
3755 5490 3826 5544 ita

2227 5593 2442 5664 legitur,
2489 5593 2632 5662 quod
2674 5599 2729 5645 et
2771 5604 2872 5646 nos
2917 5587 3169 5645 similiter
3215 5587 3502 5660 legendum
3548 5593 3824 5658 putamus.
