3970 6332
1555 267 1910 328 (ΣΟΜΜΕΝΤ.
1953 270 2021 325 ΙΝ
2057 272 2212 329 GEN.

3419 285 3521 344 L82

272 383 662 439 Vermntamen
689 383 966 453 prudentis
999 385 1220 444 lectoris
1260 389 1485 444 arbitrio
1526 388 1848 458 derelinqui-
1871 389 1926 447 Δ
1950 405 2052 460 gna
2081 399 2313 458 terrena,
2341 394 2433 448 sed
2455 395 2752 451 secundum
2793 395 3094 454 Ecclesiam
3133 401 3288 458 debet
3324 403 3515 475 accipi.

270 491 394 530 mus
438 476 567 546 quid
610 477 802 532 horum
842 481 1013 552 magis
1065 482 1341 554 placuerit,
1373 483 1624 554 quoniam
1664 486 1843 554 potius

265 565 449 622 alieno
485 568 668 623 sensui
715 571 908 626 cedere
931 585 1094 641 quam
1139 575 1568 631 contentionibus
1597 576 1843 632 volumus

263 664 565 724 deservire.
617 666 865 739 Dixitque
901 670 972 723 ad
1009 671 1272 726 Abraham
1318 688 1338 726 :
1385 672 1450 726 Et
1487 681 1544 726 tu
1587 691 1706 744 ergo
1752 692 1842 728 cu—

261 759 461 814 stodies
489 769 716 828 pactum,
743 770 800 816 et
819 762 1020 832 reliqua
1045 780 1324 836 usquequo
1351 766 1462 820 ait:
1492 766 1844 821 Circumciden-

259 858 354 902 ιαπ-
377 865 444 903 ea:
471 849 610 904 vobis
645 866 798 905 omne
825 851 1194 918 masculinum,
1234 863 1280 908 et
1319 854 1719 909 circumcidetur
1757 856 1842 910 in-

260 938 388 1007 fans
431 951 546 995 octo
593 942 818 998 dierum.
860 943 1037 1011 Quare
1067 943 1340 1000 Abraham
1372 945 1840 1002 circumcisionem

259 1033 511 1101 accepit?
526 1033 728 1089 idcirco
739 1033 968 1090 Abraba:
983 1035 1030 1090 ci
1039 1035 1322 1091 rcumcisio
1333 1037 1650 1092 commenda
1657 1045 1708 1091 ta
1731 1043 1837 1104 est,

257 1129 321 1176 ut
343 1124 446 1178 sub
477 1123 594 1195 lege
613 1132 777 1188 esset.
810 1124 948 1180 sicut
967 1134 1024 1180 et
1046 1125 1234 1188 Adam,
1267 1143 1336 1182 ne
1359 1127 1425 1182 de
1447 1127 1590 1198 ligno
1615 1128 1840 1182 mandu-

255 1222 447 1278 caret,
469 1223 530 1268 ut
553 1215 875 1283 probaretur
897 1217 943 1272 si
972 1217 1266 1287 compleret
1299 1219 1401 1274 hoc
1427 1234 1496 1273 an
1523 1234 1652 1274 non.
1704 1218 1836 1275 Cre-

257 1303 399 1360 dens
415 1307 559 1362 enim
587 1306 754 1362 ﬁlium
779 1325 836 1364 se
873 1310 1202 1376 habiturum,
1231 1328 1328 1382 per
1355 1312 1506 1382 cujus
1530 1313 1836 1383 generatio-

250 1411 385 1453 nem
407 1401 657 1458 omnilms
689 1403 938 1474 gentibus
959 1406 1261 1461 benedictio
1292 1407 1474 1463 futura
1502 1418 1664 1475 esset,
1695 1418 1750 1465 et
1778 1410 1835 1466 in

245 1489 412 1558 cilius
441 1494 724 1562 nepotibus
749 1496 1013 1552 castitatis
1046 1504 1101 1552 et
1129 1499 1438 1555 sobrietatis
1482 1517 1646 1556 unum
1673 1517 1832 1556 man-

241 1581 417 1638 sisset
441 1585 734 1654 exemplar,
763 1585 905 1642 unde
923 1597 977 1642 et
1006 1589 1060 1642 in
1090 1603 1152 1644 ea
1175 1599 1328 1659 parte
1348 1591 1591 1662 corporis
1619 1593 1830 1660 signum

243 1673 380 1732 ﬁdei
411 1680 640 1748 accepit,
666 1681 808 1735 unde
838 1681 979 1738 ﬁlius
1007 1683 1152 1750 ﬁdei,
1201 1701 1306 1740 non
1347 1687 1548 1748 carnis,
1589 1687 1830 1742 nascitu-

1943 483 2024 536 An
2051 493 2271 553 propter
2290 483 2432 539 Esau
2458 487 2621 541 etiam
2661 487 2814 554 dicit,
2835 490 2961 559 quia
2992 491 3058 545 de
3086 507 3150 546 eo
3183 494 3250 546 ad
3279 492 3513 568 litteram

1901 574 2170 645 'contigit
2218 575 2601 647 adimpletum?
2639 578 2746 634 Sed
2797 581 3074 637 sciendum
3123 586 3359 654 estquia
3406 603 3514 643 non

1943 665 2221 720 dubitandi
2256 667 2434 722 animo
2462 667 2598 724 dixit
2625 690 2638 724 :
2669 667 2919 734 Putasne,
2950 675 3245 728 centenario
3276 687 3519 732 nascetur

1941 753 2106 822 ﬁlius,
2151 765 2206 811 et
2245 757 2469 829 reliqua.
2497 758 2612 815 Non
2659 762 2800 816 enim
2849 764 2963 818 haec
3013 767 3177 820 verba
3225 767 3518 824 dubitantis

1943 843 2286 901 difﬁdentiam
2309 850 2613 915 ostendunt,
2640 855 2731 907 sed
2754 854 3070 910 admirantis
3090 858 3364 927 gaudium.
3389 860 3514 915 Ideo

1939 953 2038 1007 pro
2063 941 2257 1011 gaudio
2304 942 2528 999 ridentis
2564 944 2793 1001 Abrahae
2834 947 2974 1003 lilius
3023 948 3298 1004 dicebatur
3341 949 3512 1007 Isaac.

1941 1031 2075 1088 Nam
2113 1035 2252 1089 risus
2277 1036 2378 1091 iste
2405 1037 2457 1091 in
2485 1039 2628 1093 bono
2659 1039 2829 1109 accipi
2862 1039 3041 1107 debet,
3089 1049 3149 1095 ut
3187 1042 3241 1096 in
3275 1031 3514 1115 Evange-

1939 1121 2056 1178 lio:
2108 1123 2255 1178 Beati
2305 1127 2394 1196 qui
2435 1125 2609 1197 lugent
2663 1145 2798 1183 nunc
2843 1131 3092 1200 quoniam
3137 1133 3234 1202 ipsi
3274 1134 3513 1188 ridebunt

1941 1215 2152 1289 (Matth.
2199 1235 2252 1284 v,
2289 1219 2364 1292 5).
2408 1220 2558 1276 lsaac
2598 1223 2740 1276 enim
2777 1224 3162 1294 interpretatur
3199 1227 3354 1281 risus.
3395 1225 3510 1282 Non

1937 1309 2082 1363 enim
2124 1324 2222 1378 pro
2259 1311 2370 1366 risu
2402 1310 2583 1367 Sarate
2617 1313 2793 1368 dictus
2835 1322 2919 1369 est
2962 1314 3131 1382 Isaac,
3180 1318 3320 1372 sicut
3348 1317 3510 1388 aliqui

1937 1402 2268 1468 existimant,
2301 1404 2397 1467 sed
2429 1419 2528 1474 pro
2554 1405 2664 1459 risu
2705 1403 2959 1472 Abrahae,
2995 1407 3138 1476 quod
3181 1415 3235 1461 et
3257 1423 3357 1463 nos
3389 1423 3512 1477 pro-

1939 1495 2149 1552 bamus.
2183 1496 2472 1566 Postquam
2516 1505 2697 1553 autem
2726 1498 2846 1554 risit
2889 1498 3183 1566 Abraham,
3209 1507 3262 1555 et
3292 1508 3512 1557 vocatus

1933 1596 2020 1642 est
2038 1587 2208 1653 lsaac,
2238 1597 2423 1657 postea
2449 1596 2501 1642 et
2529 1587 2714 1643 risisse
2749 1589 2976 1658 legimus
3000 1589 3244 1645 Saraam.
3275 1591 3404 1647 lude
3429 1601 3511 1648 est

1934 1680 2100 1734 etiam
2125 1681 2267 1750 quod
2293 1680 2343 1734 in
2383 1679 3090 1750 consequentibusSaraam
3132 1683 3397 1738 ridentem
3427 1698 3509 1738 re-

243 1781 344 1821 rus
375 1775 514 1833 erat,
535 1784 632 1824 nec
661 1778 907 1826 truncata
935 1773 1175 1844 corporis
1201 1785 1355 1846 parte
1387 1776 1700 1841 deformior,
1731 1773 1826 1831 sed
1859 1764 1908 1825 B
1935 1770 2148 1842 darguit
2179 1770 2456 1837 Dominus,
2501 1786 2624 1826 cum
2654 1780 2710 1826 et
2737 1770 3009 1826 Abraham
3057 1773 3262 1841 riserit,
3305 1783 3358 1829 et
3385 1789 3508 1829 eum

243 1856 375 1911 ﬁdei
413 1858 468 1913 in
511 1859 678 1915 Deum
705 1862 858 1932 signo
889 1863 1192 1934 gloriosior.
1229 1867 1398 1938 Igitur
1429 1881 1528 1937 pro
1572 1868 1682 1922 Deo
1727 1867 1828 1921 ali-

237 1950 376 2017 quid
409 1951 638 2019 perdere
666 1953 872 2010 lucrum
895 1965 994 2020 est,
1017 1969 1124 2011 non
1148 1958 1420 2012 damnum.
1449 1957 1526 2014 lta
1548 1958 1822 2016 Abraham

231 2041 371 2095 tidci
399 2058 510 2097 suae
541 2045 752 2115 signum
786 2041 1075 2116 accipiens,
1103 2064 1210 2104 non
1232 2048 1563 2105 deformatus
1583 2059 1685 2114 est,
1727 2050 1823 2105 sed

231 2133 578 2189 melioratus.
609 2135 666 2191 Si
692 2138 837 2193 enim
865 2139 1036 2194 Adam
1075 2149 1290 2210 pactum
1329 2141 1425 2197 Dei
1472 2141 1817 2205 custodisset,

232 2239 348 2278 non
389 2225 661 2282 Abraham
692 2230 794 2284 hoc
833 2238 1045 2300 pactum
1077 2232 1390 2303 accepisset.
1427 2232 1534 2288 Sed
1569 2234 1694 2304 quia
1730 2233 1822 2290 ille

233 2317 292 2370 in
327 2317 429 2372 hoc
451 2320 695 2375 membro
720 2321 932 2390 culpam
971 2321 1345 2379 inobedientize
1376 2326 1551 2394 primo
1581 2325 1816 2396 agnovit,

234 2409 422 2464 decuit
444 2420 504 2464 ut
534 2411 636 2466 iste
663 2412 716 2466 in
745 2413 847 2469 hoc
873 2414 1114 2470 membro
1140 2414 1350 2486 signum
1379 2416 1698 2470 obedientia:
1733 2430 1820 2470 se-

231 2506 417 2560 cundo
442 2508 756 2577 accepisset,
805 2518 866 2564 ut
892 2511 1270 2566 ostenderetur
1297 2510 1610 2566 obedientes
1645 2517 1817 2580 quan-

227 2595 412 2666 dque
438 2613 726 2668 generasse
751 2599 888 2657 ﬁlios
921 2601 992 2656 ad
1032 2602 1218 2667 vitam,
1249 2603 1376 2656 dum
1402 2601 1529 2656 olim
1563 2601 1818 2670 praevari-

223 2696 454 2744 catores
479 2701 807 2760 generarunt
830 2693 897 2748 ad
919 2700 1167 2748 mortem.
1195 2692 1519 2749 Undeetiam
1533 2693 1814 2748 sciendum

219 2790 320 2835 est
351 2782 479 2851 quia
509 2782 693 2853 religio
723 2793 779 2838 et
805 2785 942 2839 ritus
962 2785 1411 2850 circumcisionis,
1435 2801 1554 2854 quae
1583 2800 1614 2838 a
1653 2783 1812 2840 beato

1927 1875 2035 1915 non
2081 1861 2436 1932 redarguerit,
2481 1861 2608 1931 quia
2639 1861 2784 1917 illius
2821 1862 3068 1918 Videlicet
3101 1864 3242 1918 risus
3277 1863 3508 1918 admira-

1925 1954 2088 2008 tionis
2116 1961 2172 2009 et
2219 1952 2417 2007 laetitiae
2447 1952 2570 2018 fuit,
2601 1951 2782 2008 Saram
2823 1961 3001 2009 autem
3049 1951 3404 2009 dubitationis
3452 1962 3506 2010 et

1925 2046 2249 2113 dilI‘ulentize,
2277 2048 2418 2117 quod
2457 2047 2524 2102 ab
2557 2047 2644 2102 illo
2674 2046 2954 2116 dijudicari
2983 2048 3172 2119 potuit,
3203 2049 3294 2118 qui
3327 2047 3494 2104 corda

1924 2141 2200 2196 hominum
2233 2142 2400 2198 novit.
2429 2139 2580 2196 Unde
2606 2141 2722 2196 haec
2759 2141 2946 2197 eadem
2980 2139 3148 2196 Saraa
3170 2141 3354 2198 ridens
3379 2155 3501 2197 cor-

1922 2234 2138 2304 ripitur,
2166 2243 2411 2304 correpta
2437 2233 2682 2305 protinus
2705 2232 3044 2301 fecundatur,
3061 2243 3115 2290 et
3143 2243 3330 2290 contra
3353 2249 3504 2306 spem

1920 2341 1987 2381 ex
2013 2326 2191 2380 divina
2217 2325 2573 2396 promissione
2601 2326 2808 2396 accepit
2833 2327 2975 2398 quod
3000 2327 3305 2382 habituram
3336 2343 3395 2383 se
3434 2343 3501 2383 ex

1919 2415 2156 2469 humana
2196 2416 2400 2470 ratione
2448 2413 2729 2470 dubitavit.
2769 2414 3035 2471 Caeterum
3081 2417 3169 2471 hic
3205 2418 3498 2473 notandum

1917 2516 2002 2563 est
2029 2508 2153 2578 quia
2195 2508 2247 2562 in
2281 2507 2458 2564 Veteri
2498 2507 2842 2564 Testamento
2866 2518 3098 2578 quatuor
3121 2511 3358 2582 prOpriis
3397 2528 3498 2568 no-

1916 2599 2152 2654 minibus
2198 2599 2460 2654 nominati
2492 2609 2618 2655 sunt
2649 2609 2935 2670 antequam
2984 2612 3337 2658 nascerentur
3368 2620 3383 2664 ;
3414 2603 3493 2658 Is-

1915 2691 2054 2747 mael
2095 2691 2344 2748 videlicet
2394 2702 2447 2748 et
2479 2693 2648 2758 Isaac,
2695 2693 2948 2749 Salomon
2984 2705 3039 2750 et
3079 2696 3275 2762 Josias,
3330 2699 3494 2753 certis

1914 2784 2233 2852 quibusdam
2261 2799 2328 2839 ex
2349 2785 2548 2839 causis.
2581 2784 2804 2852 Quoties
2833 2787 2977 2840 enim
3003 2786 3310 2842 hominibus
3332 2803 3360 2840 a
3387 2787 3498 2844 Deo

217 2873 541 2941 patriarcha
575 2875 807 2945 sumpsit
843 2876 1125 2931 exordium
1147 2917 1163 2941 ,
1201 2875 1549 2932 multiformis
1601 2883 1719 2930 erat
1756 2883 1813 2930 et
1911 2876 1997 2930 vel
2018 2876 2312 2947 imponitur
2337 2893 2554 2944 nomen,
2589 2879 2671 2933 vel
2699 2887 2957 2946 mutatur,
2989 2879 3279 2951 singularis
3314 2881 3494 2936 meriti

217 2977 390 3037 typos
427 2969 648 3038 gerebat
687 2984 869 3026 rerum
899 2968 1219 3025 futurarum.
1243 2962 1381 3026 Nam
1410 2978 1528 3024 erat
1554 2969 1809 3040 signacu-
1911 2967 2168 3022 indicium
2192 2969 2369 3035 datur,
2394 2986 2616 3040 magnos
2643 2985 2762 3026 esse
2783 2970 3012 3039 futuros,
3037 2973 3177 3028 sicut
3199 2971 3491 3040 Abraham,

217 3062 342 3117 lum
382 3063 504 3120 ﬁdei
545 3065 774 3120 Abrahae
802 3075 856 3122 et
886 3067 1077 3121 semini
1102 3067 1235 3138 ejus,
1279 3077 1334 3123 et
1361 3066 1618 3122 indicium
1646 3065 1809 3120 casti-
1910 3061 2034 3131 quia
2063 3069 2219 3131 pater
2268 3062 2559 3118 multarum
2605 3066 2846 3136 gentium
2885 3074 3004 3120 erat
3050 3063 3282 3131 futurus,
3323 3067 3494 3122 Abra-

211 3156 389 3226 gandi
419 3171 515 3212 eos
539 3157 631 3226 qui
655 3158 720 3212 ad
764 3158 866 3214 hoc
898 3169 1081 3226 semen
1128 3167 1184 3214 et
1207 3159 1349 3214 hanc
1373 3157 1532 3213 ﬁdem
1570 3156 1808 3227 pertine-
1835 3139 1880 3204 (ἶ
1913 3157 2038 3211 bam
2066 3167 2150 3212 est
2170 3165 2411 3214 vocatus.
2446 3157 2536 3214 Sic
2563 3157 2750 3224 Jacob,
2781 3159 2906 3231 quia
2941 3160 3107 3216 Deum
3132 3161 3284 3223 vidit,
3329 3160 3492 3215 Israel

210 3255 352 3301 rent
381 3246 450 3302 ab
470 3249 615 3302 omni
641 3248 1042 3319 inquinamento
1066 3249 1242 3305 carnis
1263 3257 1320 3304 et
1343 3248 1586 3318 spiritus,
1607 3255 1661 3302 et
1682 3263 1806 3317 pro-

203 3335 415 3407 phetia
438 3337 694 3393 nascituri
720 3339 787 3394 de
803 3340 910 3396 hoc
931 3340 1133 3395 semine
1162 3338 1476 3403 Salvatoris,
1507 3339 1599 3408 qui
1625 3353 1724 3394 nos
1749 3345 1806 3394 et

207 3425 276 3480 in
314 3427 570 3496 praesenti
594 3443 689 3497 per
706 3429 1030 3500 baptismum
1054 3430 1122 3485 ab
1145 3429 1292 3485 omni
1315 3429 1610 3484 mortifera
1634 3428 1803 3484 actio.

207 3519 310 3576 nis
329 3521 621 3591 pollutione
643 3525 940 3589 mndaret,
973 3519 1099 3580 etin
1122 3523 1303 3579 futuro
1323 3539 1420 3593 per
1445 3524 1802 3579 resurrectio-

209 3631 348 3672 nem
375 3616 444 3671 ab
468 3616 717 3672 universa
741 3617 930 3672 mortis
959 3617 1126 3688 ipsius
1156 3617 1501 3687 corruptione
1527 3616 1583 3670 in
1607 3630 1801 3687 perpe-

207 3717 373 3764 tuum
401 3707 676 3773 liberaret,
703 3716 759 3762 et
773 3707 1043 3778 praecipue
1062 3709 1258 3764 donum
1273 3706 1624 3772 remissionis,
1653 3705 1800 3775 quod

205 3798 456 3856 solveret
480 3815 511 3854 a
535 3807 760 3869 peccato
778 3797 1240 3868 praevaricationis
1264 3800 1412 3863 Adae,
1443 3814 1540 3869 per
1566 3798 1706 3854 hanc
1743 3797 1798 3854 id

208 3891 482 3960 temporis
528 3892 824 3947 ministrari
873 3892 1049 3948 eidem
1097 3893 1284 3962 gratiae
1335 3894 1574 3964 legisque
1633 3892 1796 3948 latori

205 3982 560 4053 complacuit.
585 3983 688 4051 Qui
713 3983 858 4038 enim
893 3999 1036 4040 nunc
1063 3983 1232 4039 dicit:
1275 3983 1395 4038 Nisi
1420 3985 1538 4055 quis
1581 3995 1794 4040 renatus

201 4074 374 4145 fuerit
411 4092 476 4129 ex
499 4092 638 4146 aqua
665 4085 712 4129 et
743 4074 942 4146 Spiritu
965 4084 1166 4142 sancto,
1190 4091 1290 4130 non
1319 4085 1479 4146 potest
1502 4077 1714 4130 introire
1738 4075 1795 4130 in

201 4183 430 4237 regnum
446 4165 544 4221 Dei
569 4166 749 4239 (Joan.
773 4167 1073 4239 ut,3),ipse
1091 4177 1218 4224 tunc
1243 4169 1457 4224 dicebat
1478 4187 1489 4222 :
1521 4166 1794 4222 Masculus

200 4256 364 4325 cujus
377 4255 619 4326 praputii
635 4273 757 4310 caro
775 4251 1080 4310 circumcisa
1095 4273 1198 4312 non
1214 4258 1390 4327 fuerit,
1403 4257 1589 4328 peribit
1613 4256 1794 4310 animo

200 4350 301 4402 illa
318 4350 384 4403 de
397 4350 586 4420 populo
597 4367 716 4416 suo,
729 4351 854 4424 quia
873 4360 1082 4421 pactum
1094 4367 1265 4406 meum
1285 4352 1494 4406 irritum
1515 4350 1656 4421 fecit.
1673 4351 1792 4406 Non

202 4449 430 4510 pactum
461 4443 647 4511 utique
669 4442 1112 4507 circumcisionis,
1152 4443 1293 4513 quod
1317 4458 1425 4497 non
1467 4442 1666 4508 infans,
1698 4442 1790 4514 qui

1913 3250 2168 3320 appellari
2198 3252 2414 3306 meruit.
2459 3251 2549 3308 Sic
2582 3251 2758 3308 Josias
2789 3267 2882 3308 rex
2911 3255 2980 3310 ob
3023 3254 3235 3309 eximiae
3278 3254 3494 3309 virtutis

1911 3344 2124 3399 culmen
2167 3344 2476 3400 nominatus
2516 3353 2596 3400 est
2624 3362 2654 3400 a
2681 3345 2790 3400 Deo
2817 3345 2984 3401 multo
3009 3354 3297 3415 antequam
3333 3354 3494 3400 natus

1909 3445 2009 3494 est.
2046 3435 2139 3494 Sic
2163 3437 2232 3494 de
2265 3438 2478 3494 caeteris
2515 3439 2854 3494 sentiendum
2883 3438 3138 3510 intelligo.
3178 3437 3432 3508 Sequitur
3461 3456 3475 3492 :

2465 3569 2691 3628 CAPUT
2743 3569 2926 3626 XVIII.

1977 3705 2144 3762 Vsus.
2179 3707 2232 3772 l,
2268 3705 2322 3760 2.
2349 3733 2420 3746 --
2448 3703 2679 3776 Cumque
2707 3703 2949 3759 elevasset
2981 3703 3156 3759 oculos
3191 3703 3480 3768 Abraham,

1903 3801 2086 3856 sedens
2127 3801 2184 3854 in
2213 3796 2443 3852 convalle
2479 3796 2736 3863 Mambre,
2783 3796 2909 3851 vidit
2951 3804 3052 3850 tres
3089 3796 3244 3850 viros.
3278 3793 3484 3862 Quibus

1904 3895 2100 3960 tribus,
2149 3895 2290 3950 sicut
2319 3893 2429 3956 uni,
2463 3891 2674 3946 loculus
2702 3900 2803 3946 est.
2843 3889 3012 3956 Unde:
3036 3890 3316 3960 quaeritur,
3359 3904 3482 3944 cum

1903 3995 2016 4042 tres
2052 3993 2264 4050 essent,
2298 3983 2566 4053 quomodo
2605 3982 2952 4053 singulariter
2986 3981 3269 4035 Dominum
3302 3979 3485 4050 appel-

1900 4077 1978 4132 lat
2019 4076 2204 4132 dicens
2240 4093 2254 4129 :
2294 4073 2534 4137 Domine,
2579 4074 2624 4128 si
2663 4073 2832 4128 inveni
2869 4074 3094 4143 gratiam
3135 4082 3254 4126 ante
3303 4082 3374 4140 te,
3417 4089 3480 4126 ne

1901 4182 2140 4226 transeas
2165 4185 2369 4225 servum
2408 4168 2598 4222 tuum?
2624 4166 2707 4221 An
2739 4167 3069 4237 intelligebat
3101 4181 3267 4220 unum
3300 4179 3366 4220 ex
3395 4165 3476 4220 eis

1897 4261 2207 4326 Dominum,
2241 4268 2297 4314 et
2339 4257 2472 4314 alios
2513 4256 2762 4328 angelos,
2794 4273 2860 4310 an
2894 4257 3072 4328 potius
3103 4255 3386 4311 Dominum
3419 4256 3474 4311 in

1898 4351 2104 4423 angelis
2153 4350 2436 4406 sentiens?
2480 4347 2645 4420 lgitur
2693 4347 3091 4419 intelligendum
3132 4355 3215 4403 est
3253 4348 3376 4417 quia
3417 4346 3473 4402 in

1901 4444 2103 4516 angelis
2131 4442 2415 4498 Dominum
2441 4441 2696 4507 sentiens,
2729 4438 2954 4494 Domino
2984 4439 3162 4510 potius
3185 4455 3345 4509 quam
3372 4454 3466 4493 an-

199 4507 518 4590 discernere
555 4507 784 4591 necdum
813 4535 1000 4602 valuit,
1029 4537 1123 4592 sed
1167 4507 1418 4605 majores,
1456 4536 1548 4605 qui
1581 4507 1787 4590 idrse-r-
1813 4507 1870 4569 Β
1894 4507 2028 4610 gelis
2052 4535 2198 4605 loqui
2223 4534 2406 4606 elegit.
2445 4532 2748 4603 Aliquando
2771 4507 3092 4602 imaginibus
3115 4540 3168 4587 et
3190 4507 3315 4587 ante
3347 4547 3470 4588 cor-

196 4639 342 4680 vare
381 4635 667 4693 noverant,
713 4635 984 4696 poterant,
1033 4626 1358 4692 debuerant,
1389 4625 1602 4680 irritum
1641 4625 1787 4682 fece-

198 4725 359 4783 runt,
384 4733 572 4774 verum
597 4728 837 4788 paetum,
869 4717 1010 4789 quod
1047 4732 1169 4773 cum
1198 4717 1373 4788 primo
1400 4717 1619 4776 homine
1649 4719 1790 4774 Deus

197 4808 350 4874 iniit,
378 4811 555 4866 omnis
577 4812 669 4881 qui
697 4811 782 4867 vel
809 4811 968 4866 unius
993 4808 1098 4866 diei
1126 4811 1288 4865 vitam
1331 4811 1498 4882 gessit
1525 4811 1579 4867 in
1618 4820 1786 4880 terra,

194 4903 594 4973 praevaricasse
621 4905 960 4960 convincitur
987 4911 1147 4972 atque
1173 4902 1294 4958 ideo
1330 4904 1570 4961 remedio
1597 4905 1786 4962 salutis

196 4991 389 5063 aliquo
419 5009 554 5066 opus
574 4995 774 5050 habere
804 5009 912 5050 non
937 4994 1232 5066 ignoratur.

177 5152 181 5154 γ
275 5083 444 5142 Vens.
477 5086 660 5144 16-19.
687 5117 760 5129 -—
797 5087 1000 5144 Deinde
1027 5087 1273 5158 sequitur
1298 5087 1532 5159 qualiter
1549 5088 1784 5147 Abrahz

195 5181 600 5250 repromittitur
619 5178 782 5246 ﬁlius,
809 5183 874 5238 de
894 5196 1002 5252 quo
1023 5181 1072 5236 ei
1103 5181 1302 5236 dicitur
1327 5200 1338 5236 :
1366 5179 1585 5254 Eritque
1610 5182 1664 5237 in
1686 5200 1782 5238 na-

193 5273 385 5336 tiones,
409 5284 456 5329 et
474 5289 616 5345 reges
635 5273 942 5345 pepulerunt
968 5273 1272 5330 orienturea:
1296 5291 1375 5330 eo.
1392 5273 1589 5330 Cecidit
1612 5273 1780 5330 Abra—

193 5363 322 5416 ham
348 5363 404 5418 in
424 5362 633 5434 faciem,
661 5374 709 5419 et
739 5367 853 5419 risit
877 5365 1050 5421 dicens
1071 5367 1124 5420 in
1164 5367 1319 5421 corde
1339 5383 1434 5422 suo
1468 5380 1487 5419 :
1519 5365 1776 5436 Putasne,

191 5456 498 5510 centenario
526 5466 768 5512 nascetur
793 5457 957 5526 ﬁlius,
984 5465 1040 5512 et
1057 5465 1274 5523 etetera,
1301 5472 1582 5528 usquequo
1603 5458 1698 5526 ait,
1727 5468 1778 5516 et

187 5547 404 5602 vocabis
426 5564 615 5603 nomen
639 5551 752 5620 ejus
780 5548 956 5606 Isaac.
981 5549 1252 5617 Quaeritur
1274 5541 1542 5622 quomodo
1571 5551 1773 5608 dictum

188 5639 261 5693 sit
283 5639 640 5695 adAbraham
670 5641 735 5696 de
760 5641 868 5698 ﬁlio
892 5642 1008 5714 ejus
1026 5661 1038 5698 :
1056 5642 1123 5698 Et
1145 5643 1393 5700 nationes
1404 5654 1458 5700 et
1479 5659 1631 5716 reges
1645 5661 1774 5717 gen-

189 5731 326 5789 tium
350 5747 418 5789 ex
439 5733 534 5790 illo
553 5735 752 5792 erunt?
775 5735 900 5804 quia
929 5751 1035 5792 non
1075 5737 1320 5808 provenit
1361 5738 1656 5795 secundum
1685 5751 1770 5794 re-

1893 4642 2089 4699 poreos
2139 4625 2326 4682 oculos
2374 4624 2443 4681 ad
2493 4631 2704 4694 tempus
2756 4638 2824 4678 ex
2868 4636 2992 4678 aere
3040 4624 3331 4694 assumptis
3373 4639 3472 4694 per

1894 4720 2114 4792 angelos
2157 4717 2396 4788 loquitur
2440 4714 2580 4770 Deus
2611 4755 2626 4781 ,
2679 4713 2816 4769 sicut
2859 4728 3002 4769 nunc
3039 4713 3333 4781 Abraham,
3377 4711 3470 4782 qui

1891 4829 2000 4870 non
2036 4813 2210 4869 solum
2236 4819 2348 4865 tres
2380 4809 2525 4864 viros
2549 4809 2731 4864 videre
2765 4807 2962 4878 potuit,
3001 4808 3098 4863 sed
3123 4809 3286 4864 etiam
3315 4808 3470 4863 habi-

1889 4905 2068 4963 taculo
2105 4914 2318 4960 terreno
2356 4903 2647 4973 suscipere,
2679 4915 2864 4957 eorum
2894 4902 3276 4958 usibus-etiam
3318 4901 3470 4957 cibos

1890 4999 2168 5056 adhibere.
2210 4996 2324 5051 Nisi
2361 4994 2506 5052 enim
2543 4993 2736 5066 angeli,
2783 5009 2906 5050 cum
2945 4994 3188 5066 quaedam
3217 4993 3372 5048 nobis
3409 4993 3467 5048 in

1887 5098 2034 5147 terra
2076 5088 2346 5152 nuntiant,
2394 5087 2462 5142 ad
2501 5093 2712 5157 tempus
2752 5086 2804 5142 in
2846 5102 2969 5143 aere
2997 5101 3192 5156 corpus
3225 5097 3465 5140 assume-

1887 5191 2030 5246 rent,
2075 5178 2432 5235 exterioribus
2482 5176 2725 5247 profecto
2792 5178 2994 5232 nostris
3039 5175 3310 5232 obtutibus
3354 5191 3463 5232 non

1885 5279 2240 5344 apparerent,
2272 5284 2373 5325 nec
2395 5269 2546 5325 cibos
2572 5283 2694 5326 cum
2721 5266 2996 5324 Abraham
3025 5275 3324 5334 sumerent,
3356 5268 3461 5323 nisi

1880 5375 2102 5437 prepter
2144 5379 2244 5421 nos
2291 5362 2523 5420 solidum
2569 5361 2770 5434 aliquid
2816 5375 2882 5416 ex
2937 5357 3141 5416 ccelesti
3185 5359 3482 5418 elemento

1881 5465 2171 5529 gestarent.
2220 5455 2326 5512 Nec
2376 5455 2575 5511 mirum
2612 5451 2755 5526 quod
2797 5452 2907 5506 illic
2947 5451 3047 5522 ipsi
3089 5452 3182 5523 qui
3215 5457 3455 5527 suscepti

1881 5562 2024 5620 sunt,
2062 5551 2222 5609 modo
2260 5551 2472 5624 angeli,
2501 5549 2660 5605 modo
2685 5545 2946 5600 Dominus
2976 5543 3088 5618 [Z.,
3126 5547 3454 5605 dominatio-

1878 5645 2000 5722 nes]
2030 5653 2324 5714 vocantur,
2361 5643 2485 5715 quia
2517 5639 2825 5727 angelornu‘
2848 5639 3110 5696 vocabulo
3135 5641 3456 5712 exprimun-

1879 5748 1968 5797 tur
2027 5740 2118 5800 aui
2147 5737 2389 5795 exterius
2417 5730 2828 5793 ministrabant;
2861 5738 2918 5788 et
2951 5731 3308 5792 annellatione
3345 5731 3453 5790 Do-
