3970 6332
478 363 579 418 185

1507 340 1859 404 ANGELOMI
1893 328 2356 398 LUXOVIENSIS
2396 327 2701 387 ΜΟΝΑοΗί

3645 318 3752 375 ιει

476 481 610 536 mini
638 476 959 535 ostenditur,
989 471 1081 544 qui
1106 473 1185 527 eis
1211 470 1438 526 interius
1471 473 1718 538 praeerat,
1749 471 1812 519 ut
1831 475 1932 533 per
1957 460 2060 514 hoc
2087 443 2139 518 Α
2164 451 2403 507 animam
2451 447 2728 542 habuisse,
2779 445 2875 500 sed
2913 441 3148 500 cadaver
3188 437 3356 498 fuisse
3399 439 3628 512 intelligi
3657 437 3763 495 do-

474 571 816 643 praesidentis
839 567 1121 640 imperium
1142 574 1195 621 et
1216 581 1312 636 per
1338 561 1464 619 illud
1491 561 1812 617 claresceret
1825 553 2056 612 oilicium

475 665 922 721 ministrantium.

550 755 790 825 Spiritali
801 765 881 809 ter
896 769 990 823 per
1003 754 1102 807 hos
1117 761 1226 806 tres
1242 751 1386 804 viros
1400 747 1583 802 volunt
1596 742 1817 816 intelligi
1839 743 2058 813 quidam

476 849 766 903 Dominum
809 854 1076 910 nostrum,
1117 851 1170 898 et
1213 841 1451 911 Moysen,
1490 847 1546 893 et
1583 835 1776 891 Eliam.
1827 833 2060 901 Quidam

477 940 720 1007 Patrem,
751 949 805 994 et
845 938 1066 1003 Filium,
1109 944 1165 991 et
1203 934 1464 1004 Spiritum
1504 937 1770 993 sanctum,
1819 926 1960 981 sicut
2005 925 2060 978 in

479 1032 832 1103 sequentibus
875 1029 1072 1100 legitur
1109 1047 1122 1082 :
1161 1025 1292 1080 Cum
1327 1023 1602 1078 deduceret
1645 1037 1732 1074 eos
1771 1018 2060 1080 Abraham,

477 1141 616 1178 unus
649 1122 894 1176 remansit
927 1137 1043 1174 cum
1083 1134 1158 1180 eo,
1192 1127 1238 1170 et
1275 1117 1379 1169 duo
1414 1114 1561 1169 missi
1599 1123 1720 1168 sunt
1756 1109 2059 1166 Sodomam.

482 1215 636 1270 Unde
663 1230 758 1284 per
778 1226 944 1266 unum
969 1210 1060 1279 qui
1090 1207 1352 1262 remansit
1375 1203 1462 1278 [Ζ.
1491 1203 1640 1258 addit
1691 1215 1814 1256 cum
1835 1199 1945 1270 eo],
1973 1212 2065 1252 vo-

481 1305 598 1358 lunt
636 1302 857 1373 intelligi
887 1301 1142 1368 Patrem;
1173 1312 1270 1370 per
1305 1298 1439 1352 duos
1479 1295 1570 1365 qui
1602 1293 1750 1348 missi
1783 1299 1929 1354 sunt,
1971 1288 2062 1343 Fi-

480 1398 631 1462 lium,
690 1383 947 1466 Spiritum
992 1402 1266 1460 sanctum,
1311 1391 1402 1462 qui
1447 1390 1760 1459 frequenter
1813 1385 2065 1455 leguntur

478 1494 630 1548 missi
661 1508 690 1546 a
722 1491 903 1547 Patre.
1699 1477 1701 1480 ⁴
2064 1477 2068 1484 ’

549 1581 756 1636 Fervor
788 1596 1005 1650 quoque
1037 1580 1144 1635 diei
1173 1588 1229 1634 et
1272 1592 1464 1633 cursus
1477 1574 1708 1630 Abrahae
1732 1569 2062 1628 desiderium

479 1684 791 1730 sanctorum
810 1674 1077 1744 signiﬁcat
1090 1673 1182 1742 qui
1201 1671 1586 1726 desiderabant
1606 1667 1891 1721 adventum
1905 1661 2063 1717 Chri-

478 1769 568 1833 sti,
599 1769 740 1823 sicut
778 1767 1021 1832 Simeon,
1051 1774 1106 1820 ct
1141 1765 1292 1819 multi
1323 1763 1434 1827 alii,
1475 1761 1540 1817 de
1569 1760 1763 1829 quibus
1803 1755 2062 1810 Dominus

2159 544 2394 688 δεξεμ.
2423 631 2610 686 20-26.
2635 662 2708 673 —
2727 631 2978 702 Dixitque
3005 628 3265 684 Dominus
3290 646 3302 683 :
3332 627 3552 685 Clamor
3582 629 3762 688 Soao-

2157 743 2365 781 morum
2404 735 2454 780 et
2493 723 2801 780 Gomorrlue
2834 723 3210 794 multiplicatus
3244 733 3340 788 est,
3385 732 3435 778 et
3481 734 3760 795 peccatum

2160 835 2340 873 eorum
2383 825 2725 888 aggravatum
2761 825 2839 870 est
2881 816 3056 870 nimis.
3087 814 3437 880 Descendam,
3477 824 3528 869 et
3575 815 3761 870 videbo

2161 921 2336 966 utrum
2356 909 2636 965 clamorem
2660 911 2750 980 qui
2781 910 2916 964 venit
2943 909 3011 962 ad
3042 925 3142 977 me,
3178 925 3333 979 opere
3360 907 3762 979 compleverint.

2163 1004 2294 1073 Quis
2315 1011 2398 1060 est
2418 1003 2616 1059 clamor
2647 1002 3051 1060 Sodomorum?
3085 1003 3170 1057 vel
3197 1003 3329 1074 quid
3361 1011 3447 1059 est
3473 1002 3620 1073 quod
3654 1001 3764 1056 Do-

2162 1095 2341 1150 minus
2382 1094 2538 1160 dixit,
2579 1093 2912 1160 descendam,
2948 1103 2997 1148 et
3032 1092 3209 1148 videbo
3240 1104 3423 1148 utrum
3459 1092 3756 1147 clamorem

2162 1186 2252 1256 qui
2284 1185 2416 1239 venit
2439 1185 2509 1238 ad
2547 1201 2650 1251 me,
2677 1201 2828 1255 opere
2852 1183 3269 1256 compleverint?
3306 1183 3599 1240 Peccatum
3636 1198 3768 1239 cum

2165 1290 2298 1330 voce
2321 1285 2406 1332 est
2434 1274 2592 1347 culpa
2625 1277 2681 1332 in
2712 1275 2962 1341 actione;
2990 1285 3274 1347 peccatum
3293 1291 3424 1333 vero
3449 1277 3618 1332 etiam
3637 1291 3769 1332 cum

2164 1369 2402 1426 clamore
2441 1379 2526 1426 est
2553 1371 2710 1442 culpa
2750 1385 2874 1427 cum
2911 1370 3164 1426 libertate
3198 1369 3560 1440 etjaetantia.
3601 1369 3764 1438 Quod

2166 1472 2342 1517 autem
2365 1462 2519 1529 dixit,
2541 1461 2852 1517 descendam
2868 1472 2915 1516 et
2941 1463 3146 1531 videbo,
3171 1471 3228 1520 et
3245 1471 3444 1520 caetera
3465 1461 3769 1534 ejusmodi,

2165 1555 2507 1624 omnipotens
2549 1554 2732 1624 itaque
2771 1554 3055 1620 Dominus,
3101 1563 3156 1611 et
3194 1555 3378 1611 omnia
3422 1556 3625 1620 sciens,
3667 1569 3773 1610 cur

2166 1654 2292 1700 ante
2330 1646 2706 1714 probationem
2749 1645 2905 1716 quasi
2947 1646 3178 1714 dubitat,
3230 1647 3335 1703 nisi
3387 1657 3447 1702 ut
3481 1648 3773 1720 gravitatis

2166 1737 2323 1792 nobis
2363 1738 2672 1808 exemplum
2717 1747 3005 1808 proponat,
3053 1755 3122 1795 ne
3159 1739 3302 1794 mala
3329 1739 3614 1796 hominum
3640 1749 3775 1797 ante

479 1859 739 1930 apostolis
769 1858 844 1912 ait
876 1876 888 1911 :
922 1856 1078 1910 Multi
1098 1856 1358 1926 propheta:
1376 1864 1421 1907 et
1441 1868 1580 1923 reges
1606 1845 2066 1903 volucruntvidcre

2177 1847 2564 1901 praesumamus
2613 1833 2836 1916 credere
2879 1848 3040 1903 quam
3086 1832 3352 1904 probare?
3392 1833 3460 1890 Et
3497 1850 3630 1891 ecce
3671 1850 3776 1905 per

479 1967 596 2020 qua’
611 1951 815 2014 videtis,
833 1957 888 2002 et
903 1948 1108 2016 reliqua
1135 1944 1287 2016 (Luc.
1313 1961 1366 2008 x,
1382 1943 1497 2014 2-5).
1516 1941 1810 2003 Moraliter,
1827 1937 1954 2009 quid
1971 1951 2067 2005 per

480 2043 625 2096 hunc
653 2041 808 2095 nobis
827 2054 1045 2094 cursum
1071 2037 1299 2092 Abrahze
1323 2035 1586 2098 innuitur,
1615 2032 1718 2087 nisi
1749 2031 1876 2102 quia
1918 2029 2067 2083 vide-

480 2133 609 2201 licet
643 2139 702 2185 ut
725 2133 807 2186 vir
828 2147 891 2186 ac
919 2130 1168 2185 dominus
1207 2129 1420 2192 domus,
1449 2125 1706 2196 spiritalis
1745 2131 1932 2178 noster
1961 2120 2069 2176 sci-

481 2224 611 2280 licet
649 2223 954 2278 intcllectus
983 2221 1142 2276 debet
1181 2221 1234 2274 in
1261 2218 1587 2290 cogitatione
1613 2214 1896 2270 Trinitatis
1922 2212 2070 2268 clau-

482 2327 594 2372 stra
647 2317 827 2371 carnis
863 2315 1147 2377 excedere,
1197 2322 1250 2366 et
1295 2312 1449 2382 quasi
1476 2309 1828 2366 habitationis
1870 2305 2069 2361 inﬁma:

478 2410 704 2480 januam
735 2408 921 2462 exire?
953 2406 1094 2460 Cura
1123 2413 1306 2459 autem
1341 2403 1542 2469 carnis,
1573 2411 1635 2456 ut
1661 2401 1886 2466 femina,
1922 2398 2072 2452 foras

481 2515 590 2552 non
623 2505 899 2568 appareat,
927 2505 982 2551 et
1005 2496 1172 2550 videri
1192 2494 1465 2564 jactanlcr
1487 2494 1801 2557 erubescat;
1835 2497 1894 2544 ut
1918 2489 2071 2560 quasi

482 2599 605 2659 post
646 2597 857 2658 tergum
896 2587 999 2641 viri
1037 2586 1138 2641 sub
1175 2585 1502 2640 discretione
1541 2582 1764 2654 spiritus
1798 2579 1926 2636 solis
1972 2593 2070 2634 ne-

483 2682 736 2736 cessariis
763 2682 988 2747 intenta,
1018 2695 1359 2751 nequaquam
1385 2680 1520 2734 sciat
1540 2677 1843 2749 procaciter
1870 2673 2070 2744 detegi,

483 2772 578 2826 sed
620 2771 924 2826 verecunde
948 2770 1239 2826 moderari.
1271 2769 1368 2826 Cui
1401 2779 1582 2825 tamen
1623 2781 1766 2838 saepe
1792 2781 1914 2822 cum
1939 2765 2073 2819 diei-

483 2871 574 2915 tur
598 2869 658 2915 ut
684 2861 750 2915 de
780 2877 839 2916 se
880 2861 1103 2916 minime
1143 2868 1456 2931 praesumat,
1494 2868 1550 2914 ct
1580 2867 1748 2913 totam
1781 2871 1839 2912 se
1886 2856 1939 2909 in
1987 2855 2071 2910 di-

481 2947 622 3008 vinae
663 2954 778 3023 spei
809 2953 1062 3008 ﬁduciam
1104 2954 1416 3018 transferat,
1448 2951 1708 3022 despicit,
1740 2959 1795 3004 et
1823 2956 2074 3004 cessante

483 3045 664 3099 studio
719 3046 910 3100 adesse
985 3045 1087 3100 sibi
1148 3046 1272 3100 vitae
1333 3045 1571 3100 subsidia
1627 3058 1786 3113 posse
1853 3039 2068 3097 difﬁdit.

489 3133 642 3189 Unde
669 3143 724 3189 et
750 3135 864 3190 haec
891 3137 1080 3191 eadem
1111 3135 1280 3192 Saraa
1306 3136 1694 3206 promissiones
1719 3135 1816 3190 Dei
1841 3134 2068 3189 audiens

488 3225 649 3290 ridet,
687 3229 780 3281 sed
809 3227 992 3283 ridens
1011 3229 1321 3298 corripitur,
1350 3235 1598 3297 correpta
1622 3235 1801 3281 autem
1827 3226 2076 3297 protinus

490 3315 834 3385 fecundatur,
868 3327 924 3372 et
960 3335 1079 3388 quae
1111 3317 1394 3388 juventute
1423 3319 1610 3387 vigens
1643 3315 1924 3371 fecundari
1968 3330 2077 3370 non

489 3412 682 3481 potuit,
729 3412 886 3467 annis
932 3411 1104 3468 fracta
1153 3412 1413 3467 senilibus
1452 3421 1606 3466 utero
1639 3417 1918 3464 marcente
1960 3405 2074 3480 [Z.,

488 3503 882 3576 marcescente]
935 3504 1202 3574 concepit.
1255 3503 1393 3571 Quia
1429 3519 1550 3558 cum
1593 3517 1724 3557 cura
1767 3501 1947 3557 carnis
1992 3500 2078 3556 sui

488 3594 872 3650 conﬁdentiam
911 3596 1115 3651 habere
1142 3595 1435 3660 desiderat,
1477 3604 1667 3650 contra
1705 3607 1858 3664 spem
1893 3610 1961 3650 ex
1990 3593 2076 3649 di-

488 3686 611 3740 vina
643 3687 1001 3756 promissione
1030 3689 1229 3760 accipit
1255 3689 1398 3758 quod
1428 3689 1740 3744 habituram
1778 3705 1838 3745 se
1864 3703 1932 3745 ex
1970 3689 2074 3744 hu-

490 3794 651 3833 mana
679 3780 886 3836 ratione
917 3780 1202 3836 dubitavit.
1243 3779 1563 3836 Unde.bene
1592 3781 1779 3849 lsaac,
1815 3780 1869 3836 id
1892 3788 1977 3836 est
2004 3781 2078 3834 ri-

488 3889 598 3935 sns,
638 3873 836 3929 dicitur
864 3875 954 3944 qui
989 3883 1314 3947 generatur,
1347 3875 1473 3945 quia
1500 3876 1625 3931 dum
1650 3890 1938 3947 supernam
1961 3875 2078 3945 spei

489 3961 742 4018 ﬁduciam
783 3965 1049 4036 concipit,
1105 3966 1442 4035 quid-mens
1487 3976 1672 4023 nostra
1726 3966 1872 4023 aliud
1911 3963 2094 4037 quam

490 4055 745 4123 gaudium
771 4058 951 4126 parit?

561 4147 725 4204 Vens.
758 4151 844 4205 10.
872 4182 942 4190 -
968 4150 1243 4206 Revertens
1269 4152 1470 4207 veniam
1500 4152 1569 4206 ad
1609 4162 1656 4207 te
1689 4161 1917 4221 tempore
1953 4151 2076 4219 isto,

489 4247 545 4293 et
573 4253 789 4297 caetera.
837 4243 894 4298 id
932 4254 1035 4310 est,
1083 4255 1327 4300 revertar
1371 4245 1437 4299 ad
1479 4253 1531 4300 te
1566 4245 1622 4299 in
1659 4254 1899 4315 tempore
1930 4245 2077 4300 vitae.

491 4330 656 4397 Quasi
692 4333 914 4400 dixerit,
958 4335 1196 4391 humano
1221 4351 1372 4392 more
1395 4327 1622 4406 loquens
1655 4354 1667 4389 :
1703 4334 1758 4390 Si
1791 4336 1998 4401 vixero,
2033 4336 2076 4392 si

490 4424 656 4482 fuerit
697 4428 807 4482 vita
853 4429 1127 4485 comitata.
1169 4429 1412 4486 Tradunt
1445 4445 1679 4499 namque
1706 4429 1901 4486 medici
1945 4445 2080 4486 non~

490 4517 623 4571 nudi
673 4520 814 4589 quod
863 4521 1017 4591 cujus
1061 4537 1260 4592 corpus
1305 4523 1406 4577 viri
1453 4522 1751 4578 secundum
1794 4522 1898 4577 hoc
1953 4538 2077 4577 cum

483 4609 598 4678 jam
650 4612 874 4678 deﬁcit,
921 4623 982 4668 ut
1026 4629 1150 4668 cum
1204 4614 1406 4670 femina
1463 4615 1819 4685 provectioris
1879 4614 2077 4680 :etatis,

489 4705 739 4772 quamvis
796 4705 972 4761 adhuc
1013 4693 1292 4762 menstrua
1342 4707 1600 4777 patiatur,
1661 4721 1925 4780 generare
1971 4724 2080 4763 non

493 4796 682 4866 possit,
702 4797 768 4854 de
780 4797 1069 4866 juvencula
1092 4808 1293 4870 potest.
1311 4798 1377 4854 Et
1402 4816 1591 4856 rursus
1611 4800 1806 4855 mulier
1825 4815 1946 4871 qua:
1966 4807 2078 4855 tam

491 4901 759 4960 provectre
784 4893 961 4948 aetatis
983 4902 1086 4959 est,
1119 4895 1368 4964 quamvis
1393 4896 1567 4950 adhuc
1591 4903 1865 4950 menstrua
1889 4889 2100 4963 ﬂuant,

490 4990 544 5038 et
575 4983 641 5038 de
682 4976 908 5039 seniore'
936 5001 1130 5055 parere
1161 5001 1269 5041 non
1305 4987 1496 5056 possit,
1530 4986 1596 5040 de
1633 4987 1831 5057 juvene
1874 4996 2075 5057 potest.

493 5072 647 5127 Unde
696 5084 876 5130 movet
928 5076 1089 5130 etiam
1143 5077 1405 5147 quosdam
1463 5075 1731 5146 quomodo
1759 5093 1882 5133 cum
1935 5085 2081 5133 esset

490 5164 765 5220 Abraham
792 5182 956 5236 prope
997 5167 1189 5224 media:
1214 5168 1387 5223 aetatis
1407 5208 1422 5234 ,
1451 5167 1748 5222 secundum
1783 5183 1944 5238 quam
1979 5169 2079 5223 ho-

492 5259 668 5313 mines
701 5267 829 5314 tunc
865 5261 1149 5326 vivebant,
1180 5273 1235 5316 et
1263 5269 1451 5331 postea
1483 5259 1621 5314 ﬁlios
1649 5260 1714 5314 de
1734 5261 1972 5316 Cethura
2001 5261 2080 5318 fe-

490 5356 650 5421 cerit,
696 5355 907 5411 dicatur
953 5356 1020 5410 ab
1063 5355 1321 5426 Apostolo
1364 5355 1544 5426 (Rom.
1578 5370 1658 5418 iV,
1701 5353 1815 5425 l9),
1864 5371 2080 5425 corpore

492 5457 754 5514 emortuo,
779 5459 942 5521 etpro
973 5449 1266 5514 miraculo,
1303 5449 1430 5518 quia
1458 5448 1666 5520 genuit,
1701 5449 2076 5519 praedicetur?

493 5538 597 5594 Sed
650 5543 946 5598 secundum
987 5544 1089 5597 hoc
1122 5550 1429 5596 emortuum
1473 5542 1628 5609 dixit,
1662 5545 1834 5613 quod'
1847 5544 1961 5614 jam
2011 5544 2078 5600 de

493 5636 848 5701 provectioris
885 5635 1060 5689 aetatis
1091 5633 1318 5688 muliere
1347 5647 1609 5704 generare
1637 5649 1742 5689 non
1769 5643 1973 5705 posset.
2017 5633 2077 5690 Si
2109 5631 2113 5634 ’

494 5721 654 5788 enim,
695 5724 840 5792 quod
875 5723 948 5778 ait
988 5720 1298 5792 Apostolus,
1341 5737 1536 5792 corpus
1573 5731 1881 5777 emortuum
1911 5722 2077 5778 verbo

486 5815 610 5892 quis
653 5818 1060 5894 promat,~quia
1100 5817 1238 5878 dixit
1271 5825 1598 5890 emortuum,
1644 5817 1758 5897 jam
1799 5834 1928 5894 ergo
1971 5833 2076 5906 nec

2109 4570 2162 4631 D

2172 1924 2393 1995 angelos
2425 1925 2492 1980 ad
2518 1926 2890 1996 cognoscenda
2917 1924 3059 1979 mala
3081 1926 3381 1994 descendit,
3411 1935 3466 1982 et
3489 1942 3618 1983 mox
3641 1926 3774 1982 faci-

2171 2031 2399 2072 norosos
2439 2017 2696 2086 percutit,
2749 2024 2911 2087 atque
2942 2015 3032 2072 ille
3067 2017 3300 2087 patiens,
3341 2017 3430 2074 ille
3463 2019 3636 2084 mitis,
3682 2017 3776 2073 ille

2172 2107 2240 2163 de
2271 2124 2379 2178 quo
2408 2107 2670 2178 scriptum
2706 2116 2788 2162 est
2821 2125 2832 2161 :
2869 2107 2947 2162 Tu
2973 2115 3174 2174 autem,
3200 2107 3440 2176 Domine,
3473 2126 3595 2163 cum
3627 2119 3776 2165 tran-

2172 2198 2659 2269 quillitatejudicas
2685 2197 2838 2268 (Sap.
2855 2215 2954 2264 xu,
2972 2197 3048 2270 l),
3064 2198 3152 2254 ille
3174 2198 3242 2254 de
3261 2213 3368 2268 quo
3385 2215 3606 2255 rursum
3633 2200 3777 2255 scri-

2173 2300 2326 2360 ptum
2353 2299 2438 2346 est
2470 2309 2482 2344 :
2521 2291 2777 2345 Dominus
2819 2293 3022 2361 patiens
3061 2302 3171 2358 est,
3203 2307 3328 2348 cum
3354 2301 3508 2348 tanto
3538 2293 3778 2349 crimine

2177 2382 2446 2436 involutos
2473 2381 2769 2448 inveniens,
2795 2383 2950 2452 quasi
2971 2382 3289 2453 patientiam
3315 2385 3693 2455 prietermisit,
3723 2393 3778 2440 et

2175 2475 2320 2529 diem
2349 2476 2578 2530 extremi
2601 2475 2790 2544 judicii
2821 2486 3140 2555 exspectare
3163 2479 3232 2534 ad
3251 2479 3545 2535 vindictam
3572 2479 3776 2547 noluit,

2178 2567 2272 2621 sed
2301 2582 2395 2622 eos
2421 2567 2752 2638 ignejudicii
2777 2577 2902 2624 ante
2930 2571 3071 2625 diem
3095 2569 3286 2640 judicii
3310 2573 3598 2643 praevenit!
3630 2573 3782 2628 Ecce

2178 2658 2378 2714 malum
2406 2668 2462 2714 et
2483 2660 2640 2729 quasi
2670 2676 2795 2716 cum
2815 2660 3132 2718 difﬁcultate
3151 2663 3404 2730 credidit,
3428 2680 3554 2720 cum
3584 2664 3777 2730 audit;

2177 2759 2233 2806 et
2263 2760 2391 2806 tunc
2414 2751 2548 2822 jsine
2587 2752 2844 2807 tarditate
2880 2753 3170 2822 percussit,
3200 2769 3324 2810 cum
3348 2770 3539 2810 verum
3565 2770 3780 2826 cogno-

2179 2841 2378 2896 scendo
2405 2841 2637 2911 reperit!
2673 2842 2743 2898 Ut
2774 2843 2930 2900 nobis
2958 2844 3214 2901 videlicet
3243 2847 3400 2902 daret
3437 2847 3779 2918 exemplum,

2178 2933 2305 3002 quia
2351 2933 2557 3004 majora
2603 2935 2830 2990 crimina
2877 2944 2932 2991 et
2967 2936 3123 2992 tarde
3170 2938 3440 2994 credenda
3484 2949 3613 2994 sunt
3647 2955 3781 2996 cum

2179 3027 2492 3096 audiuntur,
2539 3036 2594 3083 et
2639 3027 2800 3084 citius
2827 3029 3105 3100 punienda
3132 3045 3260 3088 cum
3298 3033 3569 3090 veraciter
3603 3049 3780 3105 agno-

2178 3128 2372 3174 εουηιυ
2379 3134 2426 3172 ι’.
3511 3124 3513 3126 ’

2103 3199 2150 3264 C
2256 3210 2421 3267 Visus.
2448 3211 2540 3266 27.
2565 3242 2634 3253 —
2658 3211 2908 3285 Dixitque
2928 3214 3195 3270 Abraham
3225 3233 3238 3270 :
3267 3215 3407 3284 Quia
3432 3217 3595 3272 semel
3624 3220 3779 3291 ccepi,

2181 3305 2369 3377 loquar
2389 3306 2460 3360 ad
2481 3306 2765 3362 Dominum
2786 3325 2978 3376 meum,
2999 3327 3118 3366 cum
3139 3310 3240 3366 sim
3275 3310 3443 3383 pulvis
3463 3322 3512 3367 et
3542 3314 3705 3384 cinis,
3729 3324 3787 3370 et

2181 3399 2389 3471 reliqua
2438 3417 2720 3473 usquequo
2765 3403 2892 3459 ait:
2930 3422 3035 3461 non
3083 3405 3263 3461 delebo
3305 3415 3518 3478 propter
3573 3408 3780 3463 decem.

2180 3491 2361 3560 Quare
2387 3492 2665 3549 Abraham
2699 3510 2758 3551 se
2794 3496 3071 3567 pulverem
3104 3497 3254 3553 dixit
3277 3511 3399 3554 esse
3424 3507 3481 3554 et
3508 3499 3780 3566 cinerem,

2182 3584 2309 3639 dum
2341 3593 2519 3641 tantas
2553 3588 2945 3656 promissiones
2977 3591 3187 3660 accepit
3208 3606 3240 3646 a
3277 3591 3426 3647 Deo?
3447 3590 3778 3648 Sublimita-

2180 3685 2292 3733 tem
2308 3678 2730 3748 promissionum
2747 3681 3066 3738 humilitatis
3079 3683 3400 3754 temperavit
3413 3683 3782 3753 subjectione.

2181 3766 2383 3838 Aperte
2411 3769 2558 3824 enim
2585 3770 2905 3842 intelligitur
2925 3771 2980 3826 in
3010 3787 3119 3842 quo
3155 3772 3274 3829 loco
3294 3789 3354 3830 se
3375 3783 3653 3845 posuerat,
3685 3774 3782 3845 qui

2179 3859 2459 3931 pulverem
2499 3877 2558 3917 se
2607 3878 2729 3918 esse
2773 3878 2838 3918 ac
2879 3863 3117 3920 cinerem
3144 3865 3309 3922 etiam
3345 3866 3472 3922 dum
3505 3881 3632 3922 cum
3667 3867 3783 3923 Deo

2179 3955 2513 4026 loqueretur,
2553 3960 2876 4016 aestimabat.
2917 3960 2974 4016 Si
3009 3961 3173 4033 igitur
3197 3977 3256 4019 se
3297 3963 3372 4019 ita
3399 3963 3652 4034 despicit,
3687 3963 3784 4034 qui

2181 4063 2357 4120 usque
2404 4052 2472 4106 ad
2527 4053 2791 4108 honorem
2832 4053 3028 4109 divina:
3082 4054 3456 4112 collocutionis
3501 4055 3782 4124 ascendit,

2181 4139 2415 4196 sollicita
2449 4141 2747 4200 intentione
2776 4145 3114 4214 pensandum
3141 4154 3226 4203 est
3251 4163 3359 4218 qua
3387 4160 3550 4218 paena
3593 4147 3672 4204 illi
3701 4147 3785 4204 fe-

2181 4235 2359 4292 riendi
2387 4237 2517 4303 sint,
2539 4238 2632 4308 qui
2657 4239 2724 4319 ad
2751 4253 3021 4296 summam
3043 4227 3153 4298 non
3175 4240 3486 4313 proﬁciunt,
3513 4252 3572 4299 et
3588 4250 3783 4299 tamen

2185 4330 2250 4386 de
2281 4331 2522 4387 minimis
2549 4319 2900 4389 extolluntur.

2255 4424 2431 4490 Quaeri
2468 4424 2608 4480 solet
2646 4435 2827 4481 utrum
2873 4426 3018 4497 quod
3057 4427 3124 4484 de
3167 4425 3420 4485 Sodomis
3444 4428 3581 4485 dixit
3609 4425 3780 4496 Deus,

2185 4533 2296 4573 non
2318 4534 2377 4574 se
2397 4519 2625 4587 perdere
2645 4519 2845 4585 locum,
2873 4521 2918 4576 si
2946 4497 3318 4578 invenirentui‘
3337 4522 3447 4580 illic
3475 4522 3558 4578 vel
3588 4523 3782 4580 decem

2183 4612 2568 4684 justi,speciali
2587 4612 2819 4682 quadam
2843 4615 3110 4670 sententia
3143 4615 3209 4670 de
3241 4614 3328 4669 illa
3353 4615 3594 4681 civitate,
3616 4631 3687 4670 an
3714 4616 3784 4670 de

2186 4703 2437 4760 omnibus
2458 4703 2861 4775 intelligendum
2886 4705 2956 4761 sit
2985 4705 3314 4777 generaliter
3339 4723 3569 4778 parcere
3607 4707 3785 4763 Deum

2183 4795 2304 4852 loco
2324 4796 2377 4851 in
2400 4811 2724 4866 quocunque
2737 4796 2822 4851 vel
2842 4796 3029 4853 decem
3043 4796 3177 4866 justi
3201 4797 3436 4854 fuerint?
3451 4797 3567 4855 Non
3583 4807 3672 4855 est
3690 4815 3786 4856 ne-

2182 4903 2336 4944 cesse
2366 4896 2426 4943 ut
2461 4889 2565 4944 hoc
2586 4888 2651 4944 de
2663 4888 2808 4944 omni
2841 4889 2960 4945 loco
2982 4891 3227 4961 accipere
3247 4891 3653 4962 compellamur.
3677 4873 3785 4946 Ve-

2180 4991 2486 5037 rumtamen
2499 4982 2566 5037 de
2581 4981 2830 5038 Sodomis
2846 4983 3110 5054 potuitsic
3123 4983 3258 5051 dici;
3276 4983 3402 5054 quia
3415 4984 3620 5040 sciebat
3635 4983 3784 5041 Deus

2188 5074 2260 5130 ibi
2306 5092 2415 5132 non
2446 5091 2566 5132 esse
2611 5075 2695 5131 vel
2731 5076 2952 5142 decem,
2981 5085 3035 5132 et
3077 5077 3198 5132 ideo
3227 5077 3306 5132 sic
3343 5077 3783 5148 respondebatur

2184 5166 2504 5233 Abrahazmt
2525 5165 3049 5238 signiﬁcaretur,nee
3075 5175 3154 5222 tot
3170 5166 3241 5222 ibi
3255 5167 3682 5238 posseinveniri,
3707 5168 3780 5222 ad

2185 5261 2624 5333 cxagcrationem
2655 5260 2956 5332 iniquitatis
2978 5261 3192 5318 illorum
3211 5260 3324 5335 [Z.,
3344 5261 3574 5317 inveniri
3597 5263 3665 5318 ad
3682 5279 3778 5317 ex-

2184 5354 2520 5409 cusationem
2545 5352 2678 5424 iniq.
2711 5351 2834 5424 ill.].
2868 5351 2976 5408 Sed
3018 5354 3295 5409 sciendum
3334 5353 3582 5423 estquia,
3606 5369 3782 5424 quan.

2184 5455 2297 5502 tum
2325 5447 2393 5502 ad
2430 5446 2742 5517 allegoriam
2775 5446 3029 5516 pertinet,
3061 5463 3160 5518 per
3189 5448 3582 5519 quinquaginta
3609 5448 3778 5520 signi-

2180 5541 2411 5598 ﬁcantur
2449 5542 2794 5614 pmnitentes,
2819 5555 2918 5612 per
2953 5541 3191 5613 quinque
3221 5541 3579 5613 quadraginta
3601 5541 3658 5596 hi
3681 5541 3776 5612 qui

2181 5649 2279 5706 per
2305 5642 2541 5705 quatuor
2567 5634 2860 5705 Evangelia
2903 5635 3257 5706 gradiuntur,
3299 5643 3357 5690 et
3393 5648 3494 5705 per
3532 5633 3780 5704 quinque

2173 5743 2376 5784 sensus
2423 5731 2667 5803 corporis
2697 5730 2974 5785 abstinent
3021 5742 3080 5782 se
3125 5742 3156 5780 a
3186 5725 3330 5780 malo
3357 5734 3414 5780 et
3445 5725 3651 5780 faciunt
3679 5722 3782 5781 bo-

2185 5835 2333 5879 num.
2384 5820 2488 5880 Per
2533 5825 2720 5898 viginti
2769 5839 2921 5892 vero,
2969 5821 3060 5894 qui
3109 5819 3392 5894 utriusque
3437 5806 3780 5900 TeStameutj
