3970 6332
198 393 310 452 185

1497 383 1851 442 COMMENT.
1893 383 1961 440 IN
1997 381 2154 440 GEN.

3355 373 3458 434 186

194 508 486 568 scientiam
515 515 678 576 atque
720 503 1118 560 observantiam
1154 502 1370 560 habent.
1409 503 1512 560 Per
1549 505 1770 576 triginta
1793 519 1847 582 Α
1872 520 2026 575 super
2053 500 2336 558 Sodomam
2374 507 2420 554 et
2456 497 2802 554 Gomorrham
2835 493 3056 566 sulphur
3093 502 3140 548 et
3180 495 3350 564 ignem
3386 497 3454 551 de

196 618 419 675 quoque
443 601 521 657 illi
543 600 892 672 designantur
919 598 1012 670 (ιυί
1044 599 1097 652 in
1125 598 1229 654 fide
1247 599 1548 654 consistunt
1576 606 1777 653 sancta:

195 693 487 751 Trinitatis
521 691 608 746 vel
639 691 692 746 in
724 705 819 760 spe
847 689 1041 745 futurae
1069 689 1443 744 beatitudinis.
1471 688 1529 743 In
1556 687 1777 744 denario

193 796 382 844 autem
430 800 688 849 numero,
721 783 812 853 qui
849 783 950 838 sub
980 781 1240 853 mysterio
1277 788 1475 837 sanctae
1515 781 1690 836 crucis
1718 794 1777 835 se

195 877 480 933 humiliter
505 874 738 930 subdunt
759 914 774 941 ,
805 880 860 928 et
904 872 959 926 in
990 870 1275 926 dilectione
1309 870 1399 926 Dei
1429 877 1483 924 et
1517 869 1772 940 proximi,

192 985 320 1038 quae
364 969 421 1022 in
460 966 725 1038 Decalogo
775 963 1099 1030 continetur,
1145 960 1372 1034 perfecti
1406 960 1769 1029 reperiuntur.

194 1060 461 1132 Sequitur
488 1077 501 1113 :

788 1165 917 1222 CAP
927 1164 1014 1222 UT
1052 1162 1194 1220 XIX.

281 1321 436 1378 lens.
487 1320 552 1386 ι,
595 1319 650 1374 2.
697 1349 768 1360 -
817 1315 1076 1372 Venerunt
1120 1315 1226 1370 duo
1273 1310 1444 1385 angeli
1485 1309 1768 1366 Sodomam

189 1433 424 1486 vespere,
471 1414 680 1469 sedente
720 1411 817 1468 Lot
849 1413 904 1465 in
935 1410 1132 1492 foribus
1171 1409 1426 1474 civitatis,
1457 1415 1513 1462 et
1548 1414 1765 1462 caetera.

185 1506 374 1569 Quare
398 1500 669 1556 Abraham
701 1500 754 1555 in
800 1499 971 1554 tribus
998 1498 1163 1564 viris,
1199 1496 1244 1551 si
1270 1497 1436 1551 Deum
1483 1494 1766 1559 intellexit,

187 1591 274 1643 vel
328 1590 568 1661 angelos,
606 1598 662 1644 et
710 1589 904 1644 iterum
931 1587 1033 1644 Lot
1062 1587 1118 1642 in
1145 1585 1352 1641 duobus
1397 1600 1492 1641 eos
1531 1586 1766 1640 humano

183 1684 312 1738 cibo
343 1684 485 1738 vesci
519 1681 776 1753 putabat?
801 1679 1054 1735 Fortasse
1078 1678 1230 1750 prius
1256 1693 1375 1733 esse
1401 1676 1646 1732 homines
1678 1691 1766 1730 ar-

184 1777 376 1831 bitrati
423 1787 588 1840 sunt;
635 1777 689 1830 in
736 1776 932 1844 quibus
971 1774 1140 1829 Deum
1168 1773 1314 1844 loqui
1364 1772 1762 1838 intellexerunt,

1881 594 2005 649 calo
2028 611 2059 647 a
2085 591 2330 657 Domino,
2355 600 2402 644 et
2429 588 2674 644 subvertit
2705 603 2907 641 omnem
2939 585 3218 656 regionem.
3249 585 3454 652 Quaeri-

1881 695 1967 740 tur
1989 699 2154 754 quare
2183 683 2305 747 Lot,
2331 697 2454 736 eum
2477 679 2660 749 jussus
2694 687 2836 735 esset
2875 678 2943 732 ad
2977 686 3214 734 montem
3241 677 3449 749 fugere,

1879 775 2048 846 Segor
2085 774 2403 845 praetulerit,
2451 781 2512 828 ut
2548 773 2620 827 ibi
2667 771 2985 837 salvaretur,
3030 779 3086 825 et
3123 783 3338 824 rursum
3385 769 3452 824 de

1877 865 2047 938 Segor
2075 867 2142 922 ad
2171 875 2406 922 montem
2443 863 2740 936 migrasse?
2776 862 3019 917 Tradunt
3055 861 3265 916 Hebraei
3305 859 3448 931 quod

1877 957 2066 1029 Segor,
2095 957 2408 1028 frequenter
2435 963 2740 1012 terraamotu
2771 955 3017 1022 subruta,
3048 949 3176 1010 Bale
3215 955 3448 1026 primum

1873 1060 1928 1105 et
1951 1059 2135 1122 postea
2159 1049 2351 1105 Sallisa
2379 1049 2640 1120 appellata
2669 1049 2762 1114 sit,
2787 1048 3070 1118 timuitque
3093 1047 3195 1102 Lot
3219 1047 3404 1102 dicens
3431 1065 3444 1101 :

1875 1140 1934 1198 Si
1962 1156 2084 1198 cum
2118 1149 2326 1196 caetera:
2363 1141 2538 1196 adhuc
2572 1141 2736 1195 urbes
2765 1146 2990 1204 starent,
3020 1139 3124 1194 ista
3155 1154 3294 1208 saepe
3321 1139 3447 1194 sub-

1871 1248 2028 1288 versa
2055 1240 2156 1299 est,
2181 1240 2382 1302 quanto
2412 1231 2583 1302 magis
2607 1245 2750 1285 nunc
2775 1229 2828 1284 in
2855 1229 3127 1284 communi
3152 1229 3307 1284 ruina
3336 1243 3443 1282 non

1868 1324 2066 1398 poterit
2122 1324 2372 1379 liberari!
2419 1322 2488 1378 Et
2539 1321 2679 1377 hanc
2726 1320 3063 1377 occasionem
3116 1319 3445 1374 infidelitatis

1870 1418 2031 1474 etiam
2064 1417 2119 1471 in
2157 1417 2296 1472 filias
2329 1417 2502 1472 coitus
2539 1415 2752 1471 dedisse
2788 1414 3132 1484 principium.
3170 1411 3270 1478 Qui
3299 1411 3444 1467 enim

1869 1517 2090 1564 caeteras
2115 1507 2320 1562 viderat
2343 1506 2525 1562 subrui
2554 1505 2815 1569 civitates,
2845 1514 2901 1559 et
2925 1505 3066 1560 hanc
3090 1514 3257 1569 stare,
3279 1515 3444 1572 seque

1868 1599 1966 1655 Dei
1999 1599 2197 1654 auxilio
2231 1598 2510 1668 abreptum
2535 1595 2645 1669 [Z.,
2687 1594 3042 1667 subreptum],
3069 1595 3254 1664 utique
3283 1593 3348 1648 de
3375 1605 3442 1647 eo

1866 1692 2007 1763 quod
2034 1691 2137 1746 sibi
2169 1705 2486 1746 concessum
2515 1688 2779 1753 audierat,
2807 1685 3076 1760 ambigere
3104 1699 3210 1739 non
3237 1683 3440 1739 debuit.

1867 1783 1924 1840 Si
1945 1783 2207 1853 judicium
2238 1783 2334 1837 Dei
2364 1782 2573 1852 justum
2605 1788 2709 1844 εει,
2733 1792 2902 1848 quare
2928 1775 3160 1831 infantes
3188 1776 3242 1830 in
3269 1774 3442 1830 Sodo-

182 1871 514 1938 quibusdam
557 1869 751 1924 divinae
779 1869 1075 1940 majestatis
1117 1867 1470 1923 existentibus
1503 1873 1559 1921 et
1600 1879 1765 1935 appa-

1871 1875 1972 1930 mis
2008 1875 2168 1929 simul
2209 1888 2330 1929 cum
2370 1872 2682 1943 parentibus
2722 1869 2944 1926 cremati
2987 1869 3148 1935 sunt?
3178 1867 3248 1923 Ut
3282 1853 3449 1922 nimis?

184 1962 438 2015 rentibus
471 1962 659 2032 signis,
698 1968 884 2030 postea
919 1959 1086 2016 fuisse
1109 1959 1328 2030 angelos
1357 1965 1759 2030 cognoverunt,

182 2067 311 2106 cum
349 2052 430 2105 eis
458 2051 763 2106 videntibus
792 2052 846 2105 in
877 2051 1074 2106 coelum
1104 2053 1294 2106 issent.
1767 2115 1770 2118 ἢ

261 2141 430 2197 Vens.
462 2143 574 2196 5«7.
601 2173 670 2182 —
692 2141 949 2213 Compulit
985 2141 1104 2197 illos
1133 2141 1320 2212 oppido
1362 2150 1417 2196 ut
1459 2142 1767 2198 dlverterent

185 2236 258 2288 ad
284 2252 426 2289 eum.
453 2244 507 2288 et
527 2235 732 2304 reliqua
757 2249 926 2304 usque
943 2252 955 2288 :
975 2233 1294 2289 vallaverant
1321 2233 1531 2288 domum
1553 2251 1584 2288 a
1606 2249 1768 2304 puero

185 2343 354 2395 usque
379 2326 448 2378 ad
478 2341 669 2380 senem.
701 2323 838 2379 Hinc
876 2325 1325 2380 considerandum
1359 2332 1444 2379 est
1477 2331 1674 2394 quanta
1701 2324 1773 2379 sit

187 2417 366 2471 virtus
392 2416 793 2484 hospitalitatis.
817 2417 940 2472 ldeo
964 2415 1136 2486 angeli
1161 2415 1315 2486 quasi
1339 2416 1576 2486 hospites
1596 2415 1771 2472 coacti

187 2510 413 2562 domum
441 2506 544 2562 Lot
578 2507 831 2563 introisse
859 2506 1130 2574 dicuntur,
1159 2515 1219 2562 ut
1247 2513 1449 2562 tentata
1474 2516 1616 2562 esset
1640 2507 1769 2562 cha-

189 2602 329 2656 ritas
371 2600 494 2667 Lot,
536 2601 761 2671 probata
797 2607 851 2655 et
885 2608 1247 2665 remnnerata,
1279 2608 1340 2654 ut
1390 2599 1771 2655 ostenderetur

184 2701 454 2764 quantum
522 2702 667 2750 esset
712 2693 1094 2764 hospitalitatis
1140 2693 1361 2748 bonum.
1438 2692 1768 2763 Hospitalem

182 2800 322 2840 vero
351 2786 567 2840 domum
597 2785 769 2856 angeli
800 2784 1029 2855 ingrcssi
1058 2791 1184 2839 sunt
1207 2783 1274 2838 ad
1302 2784 1637 2840 liberandum
1667 2785 1768 2839 ho-

181 2878 386 2949 spitem
423 2893 600 2932 suum.
633 2877 856 2932 Clausas
882 2875 1046 2931 etiam
1079 2875 1269 2931 domus
1303 2876 1602 2946 hospitibus
1633 2875 1771 2942 ignis

183 2969 466 3040 ingressus
491 2977 576 3024 est
601 2968 669 3022 ad
695 2967 996 3038 perdendos
1020 2974 1336 3037 peccatores
1364 2967 1416 3020 in
1443 2967 1542 3021 eis.
1565 2966 1770 3022 Idcirco

181 3063 430 3132 hospites
458 3077 564 3117 non
595 3069 722 3117 sunt
745 3061 999 3126 evitandi,
1025 3061 1122 3116 sed
1147 3059 1288 3115 ultro
1312 3059 1597 3114 invitandi.
1624 3057 1769 3113 Bene

183 3154 340 3208 enim
375 3169 532 3210 senes
571 3169 693 3208 cum
721 3153 907 3224 pueris
942 3159 1298 3208 cucurrerunt
1325 3151 1390 3205 ad
1416 3149 1612 3215 scelus,
1640 3149 1768 3220 quia

1865 1965 2090 2037 impium
2125 1964 2338 2021 facinus
2365 1963 2765 2020 Sodomitarum
2791 1962 2961 2032 possit
2987 1959 3212 2016 adverti.
3244 1958 3442 2013 Pecca-

1867 2076 1982 2127 tum
2011 2059 2154 2114 enim
2183 2074 2368 2114 eorum
2405 2057 2623 2114 advenit
2655 2069 2829 2126 usque
2867 2055 2934 2109 ad
2972 2067 3157 2108 necem
3187 2051 3441 2116 ﬁliorum,
3540 2097 3554 2105 .

1867 2167 1935 2207 ne
1979 2152 2044 2206 de
2091 2149 2298 2220 origine
2338 2148 2548 2206 illorum
2597 2147 2811 2216 signum
2855 2143 3071 2214 aliquod
3116 2147 3441 2198 remaneret.

1869 2243 2057 2299 Nonne
2099 2243 2372 2313 provisum
2410 2249 2494 2297 est
2527 2240 2654 2305 illis,
2686 2253 2754 2295 ne
2788 2239 2877 2294 diu
2919 2237 3163 2291 viventes
3200 2232 3442 2304 exempla

1871 2343 2224 2406 sequerentur
2257 2341 2492 2405 patrum,
2535 2341 2591 2389 et
2623 2332 2793 2388 levius
2833 2331 2886 2386 in
2932 2327 3110 2383 futuro
3141 2325 3446 2382 cruciaren-

1872 2436 1980 2494 tur,
2007 2427 2095 2484 vcl
2121 2427 2340 2482 omnino
2369 2442 2497 2493 non,
2525 2426 2582 2480 in
2616 2424 2788 2480 aliena
2822 2436 2984 2478 causa
3016 2419 3219 2476 occisi?
3250 2417 3445 2472 Paren-

1870 2527 1954 2574 tes
1992 2519 2136 2574 enim
2185 2527 2292 2573 tam
2338 2533 2436 2588 pro
2481 2531 2542 2572 se
2581 2530 2741 2586 quam
2778 2528 2877 2584 pro
2905 2513 2984 2568 eis
3025 2511 3104 2567 rei
3131 2517 3272 2566 sunt.
3302 2508 3445 2578 Ergo

1869 2624 2016 2664 mors
2055 2609 2285 2664 filiorum
2319 2608 2524 2664 crimen
2560 2613 2644 2662 est
2680 2612 2995 2676 parentum,
3033 2610 3086 2658 et
3121 2602 3242 2657 ideo
3279 2599 3443 2654 futuri

1871 2708 1996 2756 sunt
2018 2709 2367 2755 accusatores
2389 2706 2697 2769 parentum.
2732 2694 2828 2749 Est
2856 2693 3225 2763 qualecunque
3244 2688 3449 2745 benefi-

1869 2793 2043 2854 cium,
2085 2805 2235 2844 reum
2281 2804 2390 2844 non
2428 2802 2580 2853 esse,
2609 2786 2698 2856 qui
2737 2785 3000 2856 gloriosus
3037 2797 3144 2838 non
3177 2790 3277 2837 est.
3315 2781 3449 2835 Pro-

1871 2885 1986 2938 dest
2023 2897 2314 2953 pauperem
2354 2895 2462 2936 non
2505 2895 2653 2945 esse,
2679 2879 2772 2948 qui
2811 2891 2907 2932 rex
2957 2890 3076 2931 esse
3112 2890 3217 2930 non
3247 2881 3442 2944 potest.

1940 2972 2214 3028 Moraliter
2249 2973 2527 3027 ardentem
2586 2968 2874 3026 Sodomam
2917 2966 3101 3037 fugere
3137 2973 3219 3020 est
3260 2963 3447 3018 illicita

1869 3063 2050 3120 carnis
2094 3063 2343 3120 incendia
2384 3061 2676 3118 declinare.
2724 3059 2964 3114 Altitudo
3009 3073 3138 3113 vero
3183 3055 3448 3111 montium

1871 3165 1956 3212 est
1985 3156 2244 3212 munditia
2263 3154 2674 3212 continentium.
2707 3150 2804 3205 Vel
2829 3158 2976 3206 certe
3003 3149 3157 3220 quasi
3184 3149 3240 3202 in
3267 3155 3449 3202 monte

179 3245 454 3315 scriptum
475 3244 818 3315 Proverbium
839 3253 924 3300 εει
945 3258 960 3297 ε
979 3242 1291 3298 Αάοίεδσεηδ
1310 3242 1471 3313 ,ἰν-τω
1493 3241 1601 3295 vi“
1623 3256 1770 3306 θυαε»
1797 3231 1845 3295 C
1874 3255 2020 3316 sunt,
2047 3249 2139 3319 qui
2163 3249 2326 3304 etiam
2357 3246 2561 3304 carnali
2586 3244 2788 3316 copula:
2827 3243 3110 3308 inhzerent,
3143 3240 3237 3296 sed
3267 3247 3449 3295 tamen

178 3335 348 3389 etiam
387 3351 504 3389 cum
524 3336 772 3400 senuerit,
792 3351 896 3390 non
919 3334 1115 3390 recedet
1137 3335 1201 3388 ab
1223 3335 1297 3388 eis
1321 3332 1502 3406 (Prov.
1530 3347 1668 3397 xm,
1689 3330 1768 3402 6).

262 3425 432 3481 Vens.
452 3425 571 3482 8-9.
588 3455 655 3466 —
686 3423 867 3480 Habeo
881 3425 1013 3479 duas
1041 3424 1183 3494 ﬁlias
1207 3439 1325 3496 qua:
1346 3422 1562 3478 necdum
1576 3437 1770 3492 cogno-

180 3527 374 3574 verum
401 3518 602 3584 virum;
623 3519 840 3573 educam
868 3535 956 3573 eas
979 3519 1047 3573 ad
1089 3535 1196 3583 vos,
1223 3526 1271 3572 et
1297 3517 1572 3572 abutimini
1606 3517 1701 3581 eis,
1718 3523 1774 3571 et

179 3618 406 3664 caetera.
435 3609 712 3677 Quomodo
736 3609 839 3665 Lot
860 3608 1042 3678 justus
1067 3609 1297 3673 dicatur,
1326 3608 1371 3663 si
1395 3606 1531 3664 tilias
1551 3623 1677 3663 suas
1702 3606 1771 3664 ad

184 3711 303 3757 tam
335 3701 486 3758 nefas
524 3702 700 3758 scelus
738 3703 950 3757 tradere
974 3701 1163 3769 voluit,
1198 3701 1301 3756 nisi
1328 3701 1454 3772 quia
1493 3699 1773 3756 scelestius

180 3792 258 3847 ad
307 3793 765 3864 comparationem
803 3794 1066 3864 judicavit
1103 3803 1382 3864 peccatum
1413 3793 1557 3863 quod
1594 3792 1773 3864 agitur

182 3893 383 3939 contra
403 3893 648 3941 naturam
671 3901 831 3956 quam
858 3887 1000 3956 quod
1024 3887 1327 3942 admittitur
1347 3886 1702 3941 naturaliter?

261 3978 426 4034 Vens.
455 3979 646 4035 10-18.
669 4010 740 4022 —
774 3979 1187 4049 Clauseruntque
1214 3980 1405 4034 ostium
1429 3979 1557 4051 viri,
1602 3987 1649 4034 et
1686 3993 1772 4034 eos

181 4072 278 4144 qui
299 4082 449 4126 erant
477 4072 607 4141 foris
633 4082 997 4144 percusserunt
1024 4073 1278 4139 cwcitate,
1306 4080 1412 4128 etc.

257 4162 434 4218 Gnaei
465 4163 698 4230 habent,
728 4165 939 4218 aorosia
978 4162 1262 4236 [aorasia],
1297 4165 1439 4234 quod
1471 4163 1642 4235 magis
1667 4161 1772 4218 dici

181 4261 390 4324 potest,
422 4253 707 4321 avidentia,
733 4269 852 4324 quae
881 4254 1044 4309 faciat
1072 4269 1178 4310 non
1205 4253 1411 4330 videre,
1433 4268 1538 4309 non
1565 4255 1770 4321 omnia,

183 4345 281 4401 sed
310 4347 454 4416 quod
481 4362 617 4416 opus
645 4361 749 4402 non
772 4357 876 4402 est.
908 4347 1020 4404 Hac
1049 4348 1192 4403 enim
1223 4349 1433 4404 aorosia
1461 4357 1517 4404 et
1549 4348 1627 4403 illi
1650 4363 1774 4420 per-

184 4438 337 4493 cussi
365 4446 513 4504 sunt,
542 4439 634 4509 qui
665 4440 976 4509 quaerebant
1010 4439 1270 4495 Eliseum.
1312 4439 1587 4496 Moraliter
1618 4455 1768 4508 vero,

183 4529 321 4599 quid
358 4537 442 4583 est
485 4530 650 4600 quod,
693 4530 851 4586 malis
897 4530 1326 4594 adversantibus,
1373 4532 1513 4586 intra
1551 4532 1769 4587 domum

1871 3349 2023 3396 extra
2045 3339 2397 3411 suscipiendae
2422 3337 2590 3410 prolis
2627 3335 3002 3392 admistionem
3035 3333 3269 3390 debitam
3305 3331 3450 3387 nulla

1871 3433 2053 3490 carnis
2091 3432 2363 3503 voluptate
2404 3429 2701 3485 solvuntur.
2751 3426 2810 3481 in
2851 3432 3034 3482 monte
3071 3424 3268 3495 quippe
3304 3431 3449 3479 stare

1870 3535 1954 3584 est
1994 3526 2226 3582 fructum
2269 3523 2580 3596 propaginis
2627 3521 2683 3576 in
2728 3534 2893 3576 carne
2934 3534 3040 3575 non
3079 3531 3351 3589 quaerere;
3392 3516 3456 3570 in.

1872 3627 2056 3674 monte
2087 3626 2235 3673 stare
2262 3626 2346 3671 est
2381 3613 2673 3670 carnaliter
2701 3628 2808 3668 non
2849 3611 3145 3668 adhaerere.
3185 3609 3292 3666 Sed
3320 3609 3447 3680 quia

1871 3708 2029 3764 multi
2067 3717 2192 3764 sunt
2222 3707 2312 3776 qui
2347 3705 2552 3761 scelera
2583 3703 2802 3775 quidem
2830 3702 3012 3759 carnis
3041 3703 3318 3767 deserunt,
3348 3715 3449 3756 nec

1873 3807 2054 3856 tamen
2083 3799 2140 3854 in
2167 3795 2416 3868 conjugio
2436 3795 2598 3866 positi
2621 3809 2749 3850 usus
2775 3792 3111 3850 solummodo
3139 3791 3303 3848 debiti
3324 3789 3449 3861 jura

1872 3899 2214 3957 conservent,
2256 3890 2391 3947 exiit
2431 3889 2649 3960 quidem
2692 3886 2794 3942 Lot
2838 3885 3093 3951 Sodoma,
3135 3883 3229 3940 sed
3274 3892 3449 3938 tamen

1871 3999 1998 4038 mox
2020 3983 2086 4038 ad
2115 3989 2369 4037 montana
2399 3994 2507 4035 non
2542 3977 2809 4048 pervenit,
2839 3977 2965 4048 quia
2983 3974 3096 4045 jam
3127 3973 3450 4048 damnabilis
3491 4016 3494 4018 ν

1872 4075 1984 4130 vita
2010 4075 2350 4144 relinquitur,
2383 4073 2477 4128 sed
2504 4072 2677 4128 adhuc
2703 4069 2966 4128 celsitudo
2989 4067 3286 4142 conjugalis
3321 4055 3448 4125 con-

1873 4166 2115 4223 tinentiaa
2162 4166 2430 4237 subtiliter
2473 4180 2580 4220 non
2625 4171 2859 4220 tenetur.
2887 4163 2985 4219 Est
3013 4178 3144 4219 vero
3180 4163 3235 4218 in
3272 4162 3449 4218 medio

1874 4257 2045 4330 Segor
2083 4257 2295 4325 civitas,
2336 4271 2457 4328 qua:
2496 4255 2789 4326 fugientem
2833 4254 3004 4310 salvet
3046 4261 3102 4309 et
3144 4245 3448 4319 inﬁrmum;

1873 4350 2000 4421 quia
2030 4349 2280 4406 videlicet
2311 4365 2432 4406 cum
2469 4349 2569 4404 sibi
2611 4361 2708 4418 per
2743 4344 3185 4402 incontinentiam
3221 4345 3450 4400 miscen-

1874 4447 1965 4495 tur
1994 4440 2276 4510 conjuges,
2313 4447 2369 4495 et
2410 4438 2594 4508 lapsus
2623 4435 2887 4492 scelerum
2918 4433 3148 4506 fugiunt,
3179 4441 3234 4490 et
3267 4441 3448 4488 tamen

1874 4533 2031 4589 venia
2067 4532 2365 4588 salvantur.
2399 4530 2564 4599 Quasi
2596 4544 2818 4600 parvam
2845 4527 3041 4599 quippe
3069 4525 3343 4582 civitatem
3373 4525 3449 4580 in-

183 4619 288 4674 Lot
315 4599 600 4675 reducitur
625 4629 678 4676 et
710 4621 972 4687 munitur,
1005 4622 1108 4677 nisi
1135 4622 1278 4693 quod
1312 4621 1492 4693 justus
1517 4623 1766 4694 quisque,
1794 4599 1848 4661 D
1872 4625 2116 4690 veniunt,
2162 4625 2216 4678 in
2251 4639 2356 4694 qua
2396 4623 2463 4679 ab
2498 4599 2710 4693 ignibus
2743 4619 3126 4684 defendamur;
3157 4617 3284 4689 quia
3315 4631 3450 4672 con-

183 4714 315 4768 dum
353 4729 641 4783 pravorum
680 4715 902 4770 insidias
928 4716 1177 4780 sustinet,
1213 4717 1281 4771 ad
1317 4725 1548 4772 mentem
1589 4731 1770 4772 rever-

181 4806 321 4859 titur
347 4814 403 4860 et
439 4807 836 4877 imperterritus
875 4810 1094 4863 manet?
1129 4808 1420 4866 Sodomitze
1455 4819 1634 4868 autem
1665 4811 1768 4866 viri

182 4898 238 4952 in
287 4897 450 4953 domo
494 4897 599 4955 Lot
643 4900 888 4958 invenire
921 4902 1119 4957 ostium
1160 4915 1455 4974 nequeunt,
1484 4903 1608 4974 quia
1648 4904 1769 4959 eor-

183 4989 438 5064 ruptores
467 4997 728 5052 mentium
751 5006 938 5052 contra
965 4996 1283 5066 vitamjusti
1312 4997 1516 5053 nullum
1546 5012 1766 5053 accusa-

179 5083 352 5139 tionis
381 5086 584 5140 aditum
612 5087 1036 5158 deprehendunt.
1064 5087 1315 5144 Percussi
1348 5089 1493 5144 enim
1525 5089 1769 5144 caecitate

177 5178 340 5248 quasi
364 5179 580 5235 domum
608 5182 966 5248 circumeunt,
991 5182 1083 5252 qui
1111 5182 1411 5238 invidentes
1431 5180 1576 5238 facta
1597 5181 1768 5238 dicta-

178 5282 289 5342 que
327 5280 758 5336 perscrutantnr.
800 5271 908 5328 Sed
939 5272 1064 5342 quia
1093 5273 1172 5328 eis
1207 5273 1273 5328 de
1299 5273 1408 5328 vita
1443 5273 1575 5344 justi
1612 5273 1770 5330 fortis

181 5359 424 5436 u_ndique
453 5375 517 5416 ac
551 5361 835 5418 laudabilis
861 5365 1003 5421 actio
1029 5364 1230 5432 obviat,
1256 5374 1502 5422 errantes
1525 5365 1600 5421 nil
1623 5365 1768 5422 aliud

180 5451 347 5520 quam
378 5452 642 5522 parietem
661 5455 913 5525 ’palpant.

253 5543 418 5597 Vens.
449 5544 626 5600 l9-25.
660 5575 728 5586 -—
747 5545 997 5616 Dixitque
1025 5546 1123 5602 Lot
1144 5547 1214 5602 ad
1235 5564 1323 5603 eos
1356 5561 1375 5601 :
1418 5548 1529 5604 Nec
1556 5565 1767 5620 possum

181 5635 234 5689 in
278 5645 452 5690 monte
493 5639 707 5719 salvari,
737 5657 799 5694 ne
838 5642 972 5711 forte
1007 5643 1360 5712 apprehendat
1384 5660 1464 5698 me
1490 5643 1685 5699 malum
1718 5654 1768 5700 et

181 5726 402 5781 moriar.
425 5728 517 5782 Is‘st
540 5730 718 5783 civitas
740 5731 872 5794 lucc,
895 5731 962 5784 ad
982 5749 1140 5803 quam
1160 5749 1368 5802 possum
1391 5735 1567 5805 fugere
1584 5752 1764 5805 parva,

181 5828 230 5882 et
256 5819 503 5880 sulvabor
527 5825 580 5880 in
601 5841 683 5889 ea,
717 5831 770 5880 et
799 5823 1005 5885 reliuua
1035 5841 1330 5894 usqueuuo,
1357 5827 1487 5884 vluit
1513 5827 1768 5886 Dominus

1867 4713 2066 4786 iugalis
2090 4715 2206 4769 haec
2233 4713 2344 4767 vita
2374 4727 2481 4767 non
2511 4711 2729 4781 quidem
2767 4709 2822 4764 in
2849 4708 3138 4764 virtutibus
3175 4708 3312 4763 mira
3342 4714 3449 4776 est,

1872 4808 1968 4865 sed
2007 4818 2186 4864 tamen
2225 4823 2256 4861 a
2295 4805 2574 4876 suppliciis
2610 4817 2818 4860 secura.
2857 4801 3009 4858 Unde
3054 4801 3198 4857 idem
3238 4800 3340 4855 Lot
3378 4800 3448 4855 ad

1872 4903 2121 4974 angelum
2152 4901 2280 4957 dicit
2311 4919 2324 4954 :
2363 4898 2458 4953 Est
2487 4899 2670 4953 civitas
2698 4898 2808 4952 lucc
2827 4896 2990 4966 juxta
3016 4895 3085 4950 ad
3136 4909 3293 4965 quam
3327 4908 3448 4963 pos-

1871 5012 1987 5050 sum
2024 4995 2221 5065 fugere,
2260 5011 2442 5064 parva,
2489 5001 2535 5047 et
2574 4991 2818 5046 salvabor
2846 4992 2901 5045 in
2933 5006 3015 5044 ea.
3055 4985 3309 5057 Nunquid
3344 5001 3447 5039 non

1870 5087 2077 5142 modica
2101 5096 2197 5152 est,
2226 5095 2272 5141 et
2299 5086 2429 5140 vivet
2459 5086 2514 5139 in
2543 5100 2604 5139 ea
2624 5084 2800 5138 anima
2826 5080 3157 5138 meafluxta
3179 5077 3343 5148 igitur
3367 5077 3448 5132 di-

1871 5179 2030 5244 citur,
2080 5187 2137 5234 et
2176 5187 2357 5233 tamen
2401 5176 2470 5232 ad
2509 5175 2737 5232 salutem
2778 5182 2895 5230 tuta
2933 5171 3274 5244 perhibetur;
3318 5169 3446 5238 quia

1871 5269 2168 5341 conjugalis
2197 5271 2309 5325 vita
2349 5282 2450 5324 nec
2487 5283 2516 5322 a
2551 5267 2752 5322 mundo
2787 5266 2944 5335 longe
2981 5261 3155 5316 divisa
3191 5268 3294 5325 est,
3343 5273 3442 5314 nec

1872 5369 2048 5416 tamen
2077 5376 2107 5414 a
2133 5359 2328 5432 gaudio
2365 5358 2554 5415 salutis
2595 5357 2790 5414 aliena.
2835 5353 2942 5410 Sed
2980 5359 3110 5407 tunc
3144 5351 3198 5406 in
3229 5350 3444 5406 actione

1872 5455 1974 5513 hac
1997 5452 2160 5508 vitam
2196 5467 2350 5508 suam
2374 5450 2629 5522 conjuges
2651 5448 2805 5521 quasi
2836 5447 2891 5502 in
2918 5457 3083 5515 parva
3108 5442 3325 5499 civitate
3353 5457 3446 5498 cn-

1869 5546 2130 5610 stodiunt,
2162 5545 2374 5615 quando
2402 5559 2501 5614 pro
2531 5557 2588 5598 se
2615 5539 2844 5596 assiduis
2863 5535 3330 5606 deprecationibus
3357 5535 3442 5590 in—

1870 5638 2170 5694 tercedunt.
2205 5637 2353 5694 Unde
2381 5645 2435 5693 et
2477 5644 2624 5691 recte
2665 5647 2762 5703 per
2801 5630 3049 5700 angelum
3095 5630 3158 5685 ad
3198 5629 3444 5687 eumdem

1811 5724 1815 5728 ’
1870 5731 1969 5786 Lot
1998 5732 2193 5787 dicitur
2225 5749 2238 5784 :
2275 5731 2408 5785 Ecce
2446 5728 2602 5782 etiam
2645 5726 2700 5779 in
2745 5725 2840 5778 hoc
2873 5729 3074 5797 suscepi
3097 5743 3270 5798 preces
3299 5735 3442 5791 tuas,

1870 5835 1927 5882 ut
1956 5844 2057 5882 non
2091 5828 2378 5884 subvertam
2404 5822 2581 5878 urbem
2607 5838 2700 5880 vro
2728 5839 2830 5886 qua
2863 5821 3066 5879 locutus
3092 5840 3164 5878 es.
3193 5821 3328 5883 Ouia
3360 5818 3443 5880 vi-
