3970 6332
557 313 655 370 187

1587 303 1930 360 ANGELOMI
1970 302 2426 359 LUXOVIENSIS
2465 301 2770 357 MONACHI

3704 305 3802 360 188

555 426 750 485 delicet
773 441 894 483 cum
921 427 1032 481 Deo
1058 396 1362 495 deprecatio
1395 421 1652 487 funditur,
1681 436 2019 490 nequaquam
2048 427 2129 474 ta-
2155 426 2205 484 Α
2232 419 2510 486 Quomodo
2536 421 2752 476 dabitur
2774 421 2924 486 vitio,
2952 422 3094 490 quod
3136 435 3243 477 non
3273 421 3502 477 iteratur
3524 422 3579 478 in
3623 422 3803 478 facto’

568 517 617 574 is
643 517 876 587 conjugii
919 518 1029 571 vita
1064 518 1368 572 damnatur.
1411 511 1486 568 De
1516 529 1619 582 qua
1661 513 1966 582 precatione
1994 527 2127 582 quo-

467 659 486 676 ,
553 624 659 680 que
691 607 886 663 Paulus
925 609 1197 673 admonet,
1227 606 1409 661 dicens
1439 623 1450 658 :
1491 604 1668 658 Nolite
1704 604 1956 673 fraudare
1993 604 2125 657 invi-

553 717 683 764 cem,
710 700 808 754 nisi
833 700 966 770 forte
987 716 1052 754 ex
1072 716 1322 753 consensu
1353 697 1420 751 ad
1454 707 1672 767 tempus,
1699 703 1757 750 ut
1786 697 1972 751 vacetis
2002 711 2124 750 ora-

553 794 682 847 tioni
709 792 757 865 (Ι
791 790 914 848 Cor.
939 811 1036 858 vn,
1068 791 1141 863 5).
1173 791 1308 859 Quid
1339 792 1390 845 in
1427 789 1683 860 sulphure
1711 788 1814 844 nisi
1843 787 1982 844 fetor
2007 803 2128 844 car-

555 883 658 945 nis,
700 890 753 937 et
795 885 920 952 quid
952 899 1048 953 per
1080 883 1256 954 ignem
1285 881 1386 935 nisi
1415 881 1576 933 ardor
1601 879 1851 934 desiderii
1891 879 2129 937 carnalis

552 974 905 1044 exprimitur?
930 973 1062 1030 Cum
1095 990 1221 1045 ergo
1251 973 1607 1028 habitantium
1636 971 1886 1028 Sodomis
1904 971 1988 1028 vel
2015 973 2126 1030 Go-

551 1065 785 1121 morrhte
811 1065 991 1121 carnis
1020 1065 1220 1120 scelera
1251 1064 1441 1133 punire
1483 1064 1740 1118 Dominus
1776 1064 2122 1130 decrevisset,

551 1158 604 1212 in
642 1159 754 1229 ipsa
779 1160 1037 1230 qualitate
1068 1157 1286 1212 ultionis
1323 1158 1532 1212 notavit
1569 1157 1831 1212 maculam
1862 1155 2122 1211 criminis.

553 1247 788 1321 Sulphur
829 1252 1024 1322 quippe
1068 1249 1294 1304 fetorem
1344 1249 1526 1315 habet,
1564 1257 1618 1304 et
1666 1249 1800 1318 ignis
1851 1248 2120 1302 ardorem.

550 1339 648 1407 Qui
682 1342 862 1412 itaque
896 1356 1147 1410 perversa
1179 1341 1445 1395 desideria
1472 1349 1526 1395 et
1559 1339 1740 1394 carnis
1781 1339 1947 1394 fetore
1979 1354 2128 1394 arse-

548 1443 670 1488 rant
710 1432 819 1507 [Z.,
846 1433 1002 1490 fetori
1043 1434 1428 1506 adhaeserant],
1470 1435 1685 1503 dignum
1727 1432 1829 1488 fuit
1873 1442 1930 1488 ut
1965 1434 2125 1488 simul

544 1527 800 1598 sulphure
820 1529 1084 1598 perirent,
1116 1538 1380 1598 quatenus
1408 1544 1474 1584 ex
1494 1528 1638 1597 justa
1667 1544 1822 1599 poena
1853 1528 2125 1586 discerent

543 1635 606 1672 ex
645 1618 846 1688 injusto
875 1605 1143 1676 desiderio
1173 1621 1314 1690 quod
1349 1619 1624 1676 fecissent.

612 1711 790 1779 Quare
822 1713 1011 1768 diebus
1050 1713 1162 1767 Noe
1199 1721 1480 1782 peccatum
1514 1713 1696 1767 mundi
1736 1729 1874 1783 aqua
1907 1711 2120 1768 ulcisci-

2231 511 2274 566 si
2313 509 2412 566 Lot
2444 513 2598 580 quasi
2628 513 2863 568 incestus
2888 513 2943 566 in
2985 513 3088 568 hoc
3112 511 3256 569 facto
3280 513 3582 583 culpandus
3607 523 3714 580 est,
3739 532 3802 571 an

2230 617 2336 658 non
2366 605 2660 674 culpandus
2679 615 2761 661 est
2781 606 2997 675 quidem
3019 605 3074 660 in
3095 607 3202 662 hoc
3221 605 3365 663 facto
3389 606 3510 672 Lot,
3533 617 3800 678 quantum

2229 695 2504 750 ebrietatis
2549 695 2854 766 ignorantia
2913 698 3197 752 meretur?
3243 695 3380 752 Nam
3431 705 3486 753 et
3525 698 3667 752 hanc
3722 697 3800 752 les

2229 798 2428 844 zeterna
2459 791 2799 855 condemnat,
2834 805 2954 860 qua:
2981 791 3162 847 cibum
3189 799 3242 847 et
3266 799 3450 861 potum
3472 807 3579 846 non
3605 791 3710 844 nisi
3739 791 3802 845 ad

2227 879 2454 934 salutem
2491 881 2732 950 corporis
2761 895 2974 938 sumere
3001 883 3238 938 mandat.
3272 881 3338 938 Et
3367 883 3457 938 hic
3482 881 3800 951 diligentius

2228 969 2610 1027 intendendum
2640 982 2718 1028 est
2760 983 3018 1042 quantum
3061 975 3132 1029 sit
3172 974 3453 1029 ebrietatis
3500 974 3730 1038 malum,
3754 979 3802 1028 et

2226 1062 2381 1118 valde
2409 1064 2702 1120 timendum
2734 1065 2836 1119 illis
2885 1065 3078 1135 quibus
3116 1066 3220 1122 hoc
3245 1067 3444 1120 malum
3475 1067 3530 1120 in
3575 1081 3681 1119 usu
3725 1073 3804 1120 est

2228 1170 2336 1210 non
2368 1155 2420 1208 in
2445 1156 2689 1210 crimine.
2723 1155 2969 1212 Ebrietas
2995 1155 3211 1225 decipit,
3235 1173 3396 1227 quem
3425 1157 3668 1211 Sodoma
3698 1172 3802 1211 non

2226 1243 2454 1314 decepit.
2489 1243 2673 1300 Uritur
2701 1246 2787 1301 ille
2807 1246 3036 1302 ﬂammis
3063 1249 3548 1318 mulierum,quem
3580 1248 3802 1318 sulphu-

2227 1351 2316 1390 rea
2359 1336 2570 1391 ﬂamma
2601 1355 2703 1393 non
2746 1339 2901 1393 ussit.
2933 1339 3062 1393 Erat
3091 1355 3218 1411 ergo
3245 1339 3348 1394 Lot
3376 1350 3517 1405 arte,
3545 1355 3659 1395 non
3709 1353 3802 1395 vo-

2225 1425 2430 1480 luntate
2461 1428 2732 1497 deceptus.
2767 1428 2890 1484 Ideo
2922 1431 3130 1485 medius
3173 1431 3389 1501 quidem
3423 1431 3568 1485 inter
3613 1444 3803 1501 pecca-

2225 1523 2370 1570 tores
2393 1525 2449 1570 et
2467 1513 2660 1584 justus,
2683 1517 2876 1590 quippe
2897 1519 2988 1589 qui
3015 1535 3079 1574 ex
3108 1520 3340 1575 Abrahae
3366 1521 3583 1590 quidem
3605 1535 3803 1591 cogna-

2226 1607 2370 1662 tione
2416 1607 2786 1674 descenderat,
2822 1610 2874 1664 in
2921 1611 3177 1667 Sodomis
3209 1622 3386 1666 tamen
3437 1613 3798 1668 habitaverat.

2222 1697 2358 1753 Nam
2401 1707 2456 1754 et
2497 1699 2620 1767 hoc,
2649 1702 2792 1772 quod
2839 1704 3019 1758 evadit
3049 1719 3115 1758 ex
3165 1701 3433 1770 Sodomis,
3469 1706 3612 1760 sicut
3659 1703 3804 1760 Scri-

543 1815 650 1871 tur,
676 1807 779 1862 hoc
806 1823 934 1862 vero
961 1807 1355 1862 Sodomitarum
1389 1807 1510 1878 igne
1547 1807 1798 1878 punitur?
1825 1805 1959 1874 Quia
1990 1804 2117 1859 illud
2147 1791 2193 1850 Β
2221 1800 2380 1862 Pi“ra
2407 1791 2631 1858 indicat»
2660 1795 2830 1864 ηιαεῖε
2875 1796 2942 1851 ad
2973 1796 3234 1853 honorem
3278 1797 3511 1853 Abrahae
3547 1813 3715 1869 quam
3741 1798 3802 1854 ad

541 1899 786 1954 naturale
824 1900 1061 1956 libidinis
1091 1917 1212 1956 cum
1245 1899 1459 1955 feminis
1490 1900 1588 1954 fuit
1625 1908 1927 1971 peccatum,
1960 1899 2116 1970 quasi

539 1989 730 2045 leviori
754 1990 1020 2046 elemento
1044 1994 1360 2058 damnatur;
1387 1993 1487 2047 hoc
1509 2007 1636 2047 vero
1659 2001 1842 2046 contra
1868 2001 2118 2046 naturam

539 2096 664 2136 cum
697 2083 828 2139 viris
863 2082 1102 2139 libidinis
1134 2093 1413 2154 peccatum
1454 2085 1680 2138 acrioris
1709 2084 1961 2139 elementi
2001 2083 2118 2138 vin-

540 2178 751 2234 dicatur
802 2179 1070 2248 inccndio,
1103 2188 1157 2235 et
1197 2181 1308 2236 illic
1353 2189 1494 2236 terra
1522 2179 1632 2252 [Z.,
1666 2180 1774 2236 illic
1811 2196 1940 2235 vero
1983 2177 2112 2252 ter.]

537 2269 691 2338 aquis
716 2267 896 2324 abluta
925 2270 1229 2339 revirescit,
1254 2272 1344 2327 hic
1365 2270 1598 2327 ﬂammis
1623 2281 1887 2338 cremata,
1909 2279 2115 2326 aeterna

535 2362 816 2418 sterilitate
849 2366 1070 2420 arescit.

609 2457 902 2525 Quaeritur,
936 2459 1002 2514 de
1029 2460 1167 2516 caelo
1202 2474 1370 2530 quare
1399 2460 1635 2515 vindicta
1659 2469 1803 2516 esset
1832 2475 1992 2530 super
2023 2459 2116 2514 ha-

533 2548 792 2606 bitatores
847 2550 1038 2620 impios
1083 2551 1364 2606 civitatum
1419 2551 1671 2606 illarum?
1718 2551 1854 2618 Quia
1907 2551 2115 2606 clamor

533 2641 873 2707 peccantium
913 2642 966 2696 in
994 2643 1192 2697 cmlum
1223 2643 1530 2699 ascendisse
1559 2645 1776 2706 dicitur,
1809 2642 2012 2698 idcirco
2051 2643 2115 2698 de

533 2732 668 2786 coelo
697 2733 950 2802 puniendi
979 2744 1153 2790 erant.
1186 2734 1297 2790 Cur
1324 2736 1618 2804 sulphureo
1656 2737 1778 2806 igne
1817 2735 2115 2806 punieban-

531 2827 660 2880 tur?
717 2825 786 2882 Ut
836 2828 1210 2898 putidissimus
1265 2815 1506 2885 libidinis
1559 2830 1721 2884 ardor
1769 2827 2113 2898 putidissimo

530 2914 867 2972 ﬂammarum
893 2919 1085 2974 ardore
1115 2921 1417 2992 puniretur.

603 3009 764 3064 Vens.
805 3008 990 3066 26-29.
1031 3041 1105 3053 —
1139 3011 1540 3084 Respiciensque
1579 3030 1715 3068 uxor
1749 3015 1863 3083 ejus
1904 3021 2017 3082 post
2057 3027 2110 3065 se

528 3115 678 3152 uersa
713 3109 788 3153 est
821 3100 876 3154 in
913 3110 1143 3154 statuam
1173 3102 1320 3157 satis.
1382 3103 1489 3158 Cur
1535 3113 1712 3159 autem
1749 3118 1884 3157 uxor
1917 3102 2019 3157 Lot
2054 3102 2108 3156 in

2221 1883 2729 1960 meritum'pertinet
2757 1885 2876 1942 Lot.

2290 1973 2450 2046 Fugit
2475 1978 2648 2046 itaque
2671 1974 2767 2030 Lot
2810 1993 2842 2030 a
2882 1975 3137 2046 Sodoma,
3173 1985 3279 2036 etc.
3321 1979 3424 2036 Lot
3450 1981 3637 2052 itaque
3671 1981 3802 2054 ﬁgu-

2219 2081 2334 2120 ram
2387 2067 2639 2122 habuisse
2689 2067 2842 2136 legis,
2879 2067 3037 2137 hujus
3083 2085 3305 2125 uxorem
3354 2071 3504 2126 illum
3545 2072 3802 2144 populum

2215 2156 2489 2225 ponimus,
2519 2158 2608 2226 qui
2639 2155 2708 2213 de
2738 2157 2972 2230 Egypto
3006 2159 3303 2230 profectus,
3332 2171 3387 2218 et
3413 2165 3480 2218 de
3507 2165 3647 2218 mari
3691 2163 3801 2218 Ru-

2217 2247 2316 2301 bro
2354 2263 2416 2302 ac
2464 2249 2837 2318 persecutione
2877 2245 3190 2316 Pharaonis,
3227 2261 3482 2323 tanquam
3521 2254 3590 2309 de
3637 2253 3804 2308 Sodo-

2217 2337 2418 2393 mitieis
2464 2338 2698 2410 ignibus,
2744 2339 3023 2406 liberatus,
3063 2357 3281 2398 rursum
3327 2357 3522 2400 carnes
3569 2353 3625 2400 et
3671 2345 3802 2399 ollas

2217 2430 2462 2503 Egypti,
2505 2444 2560 2489 et
2600 2449 2760 2505 cepas
2815 2451 3243 2508 cucumerosque
3284 2438 3601 2494 desiderans
3653 2448 3800 2494 retro

2217 2525 2476 2593 respexit,
2503 2532 2558 2580 et
2595 2525 2792 2580 cecidit
2830 2528 2882 2580 in
2923 2527 3156 2592 deserto,
3191 2528 3473 2599 factusque
3509 2539 3594 2585 est
3636 2531 3800 2584 etiam

2217 2617 2666 2685 concupiscentia:
2703 2619 2965 2674 memoria
3001 2620 3054 2673 in
3086 2621 3392 2676 eremo.’lbi
3426 2635 3556 2690 ergo
3583 2621 3673 2676 lex
3703 2623 3812 2690 pri-

2214 2723 2360 2761 mum
2395 2707 2540 2762 illum
2564 2709 2816 2779 populum
2843 2718 3095 2780 tanquam
3121 2710 3222 2765 Lot
3249 2721 3394 2766 retro
3415 2712 3802 2782 respicientem

2213 2801 2464 2871 perdidit,
2507 2817 2571 2858 ac
2603 2802 2818 2872 reliquit
2840 2818 3083 2858 uxorem.
3117 2803 3242 2859 lude
3267 2804 3489 2859 veniens
3517 2803 3621 2858 Lot
3648 2801 3804 2858 habi-

2213 2903 2292 2948 tat
2335 2896 2391 2950 in
2425 2893 2606 2966 Segor,
2650 2897 2717 2951 de
2765 2911 2871 2967 qua
2917 2896 3049 2951 dicit
3086 2895 3320 2951 :Civitas
3360 2898 3472 2952 [nec
3519 2913 3707 2967 parra,
3754 2909 3801 2952 et

2213 2987 2426 3042 salvabo
2457 2988 2688 3042 animam
2715 3005 2883 3042 meum
2912 2989 2967 3042 in
2990 2989 3124 3058 ipsa.
3159 2987 3301 3060 Ergo
3330 2998 3593 3059 quantum
3626 2989 3694 3043 ad
3729 2989 3804 3046 le.

2211 3094 2330 3150 gem
2363 3078 2619 3148 pertinet,
2649 3079 2842 3134 civitas
2883 3079 3076 3150 pusilla
3117 3060 3173 3134 ἒι
3213 3095 3318 3135 non
3349 3081 3545 3150 pusilla
3575 3081 3797 3138 dicitur.

535 3198 768 3245 sumam
799 3190 928 3246 sana
964 3207 1120 3248 versa
1149 3194 1267 3248 est?
1293 3193 1374 3248 Ad
1395 3196 1801 3250 condimentum
1838 3195 2100 3260 ﬁdelium,
2135 3163 2179 3226 C
2211 3169 2414 3224 Civitas
2444 3170 2588 3224 enim
2611 3185 2640 3224 a
2671 3170 3080 3226 conversatione
3104 3170 3394 3225 multorum
3418 3181 3503 3226 est
3532 3171 3674 3227 dicta
3699 3183 3804 3242 pro

528 3281 654 3351 quia
687 3281 894 3351 punitio
922 3283 1071 3354 impii
1097 3285 1327 3340 eruditio
1355 3294 1438 3341 est
1459 3287 1612 3356 justi.

600 3373 763 3430 Vsus.
791 3375 883 3432 50.
906 3406 983 3419 —
1003 3377 1347 3450 Ascenditque
1377 3378 1473 3433 Lat
1509 3379 1574 3433 de
1612 3379 1795 3452 Segor,
1832 3388 1880 3434 et
1920 3373 2114 3435 mansi‘

527 3469 581 3524 in
611 3480 798 3536 monte,
823 3472 945 3526 date
971 3488 1172 3543 quoque
1197 3472 1325 3541 ﬁlia:
1351 3489 1468 3526 cum
1495 3490 1572 3528 eo.
1613 3471 1880 3527 Timuerat
1905 3490 2113 3528 manere

527 3560 582 3614 in
605 3559 784 3632 Segor,
800 3579 1080 3634 usquequo
1105 3564 1204 3630 ait,
1218 3576 1560 3635 conceperant
1581 3582 1700 3638 ergo
1723 3566 1842 3621 dum
1863 3566 1990 3635 ﬁlia:
2013 3565 2110 3622 Lot

525 3651 590 3704 de
621 3662 769 3721 patre
795 3669 914 3707 suo.
951 3640 1068 3722 Quo
1091 3655 1235 3709 enim
1273 3655 1496 3711 c0nsilio
1529 3656 1650 3711 tilia:
1685 3657 1806 3722 Lot,
1839 3658 1966 3712 dum
1998 3655 2110 3730 [Z.,

527 3759 632 3796 om.
663 3741 814 3816 dum]
841 3745 1186 3802 concubitum
1215 3747 1387 3818 patris
1412 3747 1702 3817 petierunt,
1729 3748 1814 3803 vel
1853 3749 1920 3803 ab
1956 3749 2108 3804 ince-

527 3841 612 3888 stu
638 3836 855 3906 purgari
884 3847 1125 3907 possunt.
1159 3839 1286 3894 dum
1321 3838 1423 3894 hoc
1458 3840 1692 3896 scientes
1721 3837 1986 3906 fecerunt,
2021 3840 2110 3897 ille

526 3940 654 3982 vero
682 3927 838 3997 quasi
879 3929 1157 3985 nesciens?
1193 3929 1418 3986 Videtur
1458 3928 1561 3986 [Ζν
1615 3931 1825 4005 dicunt]
1874 3948 2109 4003 namque

525 4015 664 4074 ﬁlias
680 4016 779 4074 Lot
796 4019 1044 4076 didicisse
1061 4022 1308 4091 quaadam
1329 4022 1396 4078 de
1417 4023 1879 4078 consummatione
1899 4024 2106 4091 mundi,

527 4121 646 4178 qua:
677 4108 984 4166 immineret
1010 4127 1106 4183 per
1137 4113 1334 4184 ignem,
1362 4114 1453 4169 sed
1480 4122 1733 4185 tanquam
1759 4111 1824 4187 [Ζ
1831 4155 1868 4179 .,
1902 4131 2002 4170 nec
2033 4125 2107 4170 ta-

524 4198 672 4273 men]
700 4201 888 4271 puellse
919 4203 1217 4276 intelligere
1247 4206 1480 4276 perfecte
1503 4223 1624 4278 qua:
1657 4207 1980 4273 didicerant,
2007 4222 2104 4263 ne-

526 4293 765 4349 scierunt
789 4297 932 4366 quod
954 4297 1248 4355 Sodomitis
1274 4301 1395 4371 igne
1422 4303 1645 4357 vastatis
1673 4303 1901 4358 multum
1926 4304 2105 4361 adhuc

527 4386 758 4454 spatium
805 4388 1073 4462 integrum
1121 4392 1382 4448 resideret
1427 4395 1482 4448 in
1532 4395 1752 4449 mundo.
1805 4394 2105 4466 Suspicatre

525 4488 651 4534 sunt
680 4478 785 4534 tale
812 4479 1015 4550 aliquid
1045 4482 1246 4540 factum
1273 4485 1434 4555 quale
1464 4486 1517 4541 in
1550 4487 1882 4558 temporibus
1913 4490 2101 4545 audie-

525 4577 647 4623 rant
671 4568 800 4638 Noe,
829 4580 885 4625 et
911 4572 982 4628 ob
1005 4577 1359 4645 reparandam
1387 4577 1698 4634 mortalium
1728 4579 2102 4648 posteritatem

524 4661 667 4717 solas
709 4676 768 4718 se
811 4676 932 4718 esse
973 4680 1097 4720 cum
1146 4676 1368 4736 parente
1411 4679 1678 4725 servatas.
1729 4668 2103 4741 Recuperandi

523 4752 712 4824 igitur,
758 4755 980 4812 humani
1024 4760 1236 4829 generis
1280 4761 1605 4818 desiderium
1657 4772 1894 4830 sumunt,
1943 4772 2106 4834 atque

523 4847 860 4903 restaurandi
898 4850 1080 4904 saeculi
1109 4865 1176 4906 ex
1211 4867 1330 4908 sese
1359 4853 1594 4910 dandum
1623 4854 1914 4924 opinantur
1939 4869 2103 4910 exor-

521 4933 702 5004 dium;
734 4947 790 4994 et
827 4942 1074 5010 quamvis
1111 4945 1314 5011 grande
1349 4945 1431 5000 eis
1470 4946 1676 5000 crimen
1716 4947 1990 5002 videretur
2019 4947 2103 5002 fu-

522 5028 634 5081 rari
663 5032 1012 5088 concubitum
1036 5034 1230 5103 patris,
1263 5035 1480 5106 gravior
1507 5044 1685 5091 tamen
1711 5036 1793 5092 eis
1821 5037 2106 5094 videbatur

521 5123 790 5194 impietas,
816 5127 860 5183 si
891 5129 1160 5194 Inmane,
1191 5139 1252 5184 ut
1275 5129 1555 5200 putabant,
1587 5131 1922 5202 posteritatis
1950 5145 2103 5202 spem

522 5227 734 5273 servata
768 5220 1022 5276 castitate
1057 5220 1318 5276 delerent.
1355 5219 1582 5292 Propter
1619 5223 1724 5278 hoc
1759 5236 1888 5294 ergo
1925 5221 2104 5278 consi-

521 5308 654 5365 lium
689 5311 898 5380 ineunt,
942 5313 1141 5370 minori
1168 5354 1182 5378 ,
1211 5321 1270 5368 ut
1313 5313 1575 5381 arbitror,
1606 5314 1784 5386 culpa,
1814 5312 1926 5388 [Z.,
1953 5315 2102 5370 addit

522 5414 948 5478 argumentoque
967 5406 1194 5482 majore]
1217 5409 1387 5478 patris
1409 5409 1727 5465 maestitiam
1754 5409 1838 5464 vel
1861 5409 2098 5481 rigorem

521 5496 650 5552 vino
677 5498 942 5566 molliunt,
968 5509 1024 5555 et
1062 5501 1362 5567 resolvunt,
1387 5501 1615 5572 singulis
1641 5502 1898 5571 ingressze
1925 5502 2099 5556 nocti-

520 5588 912 5663 bu,singulaz
959 5593 1259 5664 suscipiunt
1308 5594 1376 5649 ab
1418 5593 1699 5665 ignorante
1743 5601 2098 5666 conceptum;

523 5680 666 5738 ultra
696 5697 803 5738 non
827 5691 1073 5753 repetunt
1095 5682 1161 5757 [Ζ
1167 5700 1321 5751 .,nec
1332 5685 1474 5741 ultra
1498 5683 1640 5758 rep.]
1663 5701 1764 5740 nec
1792 5686 2096 5758 requirunt.

526 5773 633 5840 Ubi
657 5775 746 5833 hic
766 5775 1005 5836 libidinis
1027 5777 1220 5848 culpa?
1242 5777 1346 5837 Ubi
1367 5779 1564 5838 iucesu
1587 5779 1793 5836 crimen
1816 5783 2098 5840 arguitur?

2217 3276 2282 3314 eo
2323 3261 2464 3331 quod
2499 3261 2855 3332 plurimorum
2893 3261 2946 3316 in
2991 3275 3156 3316 unum
3203 3262 3479 3316 contineat
3526 3262 3684 3317 vitas.
3735 3257 3796 3316 Hi

2214 3365 2342 3423 ergo
2380 3354 2472 3422 qui
2515 3353 2811 3408 secundum
2853 3353 3090 3408 litteram
3141 3351 3274 3424 legis
3317 3353 3524 3420 vivunt,
3571 3365 3799 3425 parvam

2214 3444 2417 3498 habent
2450 3445 2939 3500 conversationem.
2975 3441 3116 3497 Nihil
3144 3444 3289 3498 enim
3332 3445 3536 3515 grande
3563 3453 3649 3499 est
3676 3445 3803 3498 sab-

2212 3535 2340 3592 bata
2370 3549 2424 3593 et
2465 3539 2795 3605 neomenias,
2846 3539 3311 3594 circumcisionem
3352 3535 3532 3592 carnis
3561 3544 3616 3590 et
3657 3535 3795 3590 cibo-

2214 3646 2334 3685 rum
2384 3631 2757 3686 distinctiones
2792 3630 3085 3685 observare
3114 3628 3425 3694 carnaliter,
3475 3626 3799 3697 spiritaliter

2211 3740 2342 3780 vero
2369 3724 2789 3796 intelligentibus
2813 3739 2921 3779 non
2957 3732 3041 3778 est
3073 3723 3291 3794 pusilla,
3321 3722 3414 3778 sed
3443 3737 3664 3793 magna.

2280 3819 2540 3874 Ascendit
2567 3835 2697 3889 ergo
2728 3817 2829 3873 Lot
2857 3827 2977 3888 post
3008 3819 3121 3872 haec
3157 3817 3210 3870 in
3241 3824 3500 3874 montem.
3546 3821 3602 3869 ct
3645 3813 3797 3869 habi-

2212 3911 2363 3968 tabat
2411 3913 2465 3967 in
2503 3912 2774 3983 spelunca,
2837 3911 2950 3982 ipse
2993 3919 3047 3965 et
3093 3911 3211 3964 dua:
3255 3907 3378 3964 ﬁlize
3416 3909 3549 3978 ejus.
3600 3905 3670 3961 Et
3712 3905 3796 3960 lex

2211 4007 2520 4062 ascendisse
2570 4006 2808 4077 putanda
2865 4015 2968 4071 est,
3021 4004 3165 4075 quod
3214 4002 3264 4057 ei
3310 4015 3407 4072 per
3451 3999 3794 4055 Hierusalem

2209 4099 2467 4169 templum
2498 4106 2865 4153 constructum
2911 4097 3143 4151 accessit
3183 4105 3431 4160 ornatus,
3469 4107 3592 4149 cum
3643 4090 3790 4147 facta

2207 4200 2290 4246 est
2319 4191 2535 4260 quidem
2564 4190 2755 4244 domus
2779 4188 2871 4243 Dei
2896 4189 3087 4244 domus
3118 4188 3412 4254 orationis;
3451 4187 3580 4241 mali
3608 4195 3794 4242 autem

2207 4285 2537 4342 habitatores
2557 4281 2809 4340 fecerunt
2834 4301 2952 4340 eam
2983 4283 3295 4356 speluncam
3323 4283 3615 4337 latronum.
3648 4280 3794 4334 Duas

2207 4375 2345 4432 filias
2377 4375 2474 4431 Lot
2501 4377 2778 4432 evidenter
2809 4376 3064 4447 propheta
3095 4375 3353 4429 describit
3375 4374 3559 4428 dicens
3585 4369 3792 4426 Oollam

2208 4478 2262 4524 et
2293 4467 2538 4524 Oolibam
2570 4468 2702 4523 duas
2732 4483 2949 4522 sorores
2997 4482 3136 4522 esse.
3186 4474 3242 4520 et
3281 4479 3403 4520 esse
3429 4463 3650 4534 quidem
3695 4457 3786 4517 OG

2209 4562 2317 4616 lam
2345 4559 2557 4626 Iudam,
2588 4570 2643 4615 et
2687 4557 2934 4616 Oolibam
2971 4573 3089 4614 esse
3121 4555 3424 4612 Samariam
3451 4553 3670 4628 (Ezech.
3718 4565 3792 4620 tv,

2207 4654 2285 4725 4).
2327 4654 2448 4709 lstte
2473 4654 2746 4722 sapientes
2773 4662 3004 4724 patrem,
3033 4662 3090 4708 et
3114 4666 3363 4708 somnum
3387 4649 3436 4704 ei
3476 4647 3792 4702 inducentes

2210 4745 2323 4823 [Z.,
2362 4747 2615 4818 patrique
2653 4763 2789 4803 som.
2835 4743 3064 4819 induc.],
3093 4746 3146 4800 id
3191 4753 3292 4811 est,
3321 4751 3564 4815 tegentes
3604 4747 3660 4794 et
3701 4738 3790 4795 ob-

2207 4853 2428 4898 ruentes
2478 4844 2594 4915 ejus
2634 4843 2929 4916 spiritalem
2964 4858 3203 4908 sensum,
3248 4841 3416 4898 solam
3455 4855 3524 4896 ex
3564 4853 3629 4894 eo
3672 4852 3792 4892 car-

2207 4938 2292 4994 nis
2318 4936 2728 5008 intelligentiam
2765 4937 3010 5003 trahunt,
3042 4945 3098 4990 et
3128 4935 3252 4990 inde
3299 4932 3633 5002 concipiunt,
3671 4929 3794 4984 inde

2206 5040 2471 5104 generant
2514 5031 2652 5086 ﬁlios
2698 5029 2834 5086 tales
2875 5045 3012 5102 quos
3057 5043 3156 5084 nec
3199 5027 3363 5083 sentit
3403 5041 3506 5082 nec
3548 5022 3792 5095 agnoscit

2204 5134 2380 5198 pater.
2410 5125 2554 5180 Talis
2585 5139 2799 5196 quoque
2833 5121 3124 5194 posteritas
3148 5136 3258 5175 non
3303 5119 3468 5173 intret
3516 5115 3572 5171 in
3603 5113 3789 5169 Eccle-

2207 5217 2342 5273 siam
2367 5218 2481 5272 Dei.
2506 5217 2844 5282 Ammonitw,
2871 5214 3066 5286 inquit,
3095 5221 3144 5268 et
3184 5209 3435 5267 Moabita:
3463 5226 3568 5263 non
3608 5205 3792 5262 introi-

2206 5310 2330 5365 btmt
2377 5311 2430 5364 in
2471 5307 2763 5363 Ecclesium
2792 5305 3004 5360 Domini
3029 5308 3207 5375 [usque
3227 5303 3282 5357 in
3315 5301 3524 5356 tertiam
3559 5310 3608 5353 et
3634 5311 3790 5371 quar-

2205 5411 2316 5458 tam
2344 5402 2641 5474 progeniem
2685 5410 2732 5454 et
2781 5416 2944 5470 usque
2973 5397 3029 5453 in
3071 5394 3320 5452 strculum
3348 5392 3491 5466 (Leu.
3521 5406 3681 5457 xxrtt,
3713 5387 3787 5459 '5),

2208 5492 2497 5567 designans
2540 5496 2683 5565 quod
2713 5493 2947 5550 carnalis
2986 5489 3262 5564 generatio
3304 5487 3437 5559 legis
3472 5502 3581 5542 non
3629 5485 3790 5539 intret

2159 5628 2161 5631 -
2207 5589 2262 5646 in
2292 5589 2591 5645 Ecclesiam
2629 5588 2827 5645 Christi
2862 5583 2974 5660 [Z.,
3010 5584 3152 5658 Dei],
3191 5600 3292 5639 nec
3319 5598 3417 5654 per
3457 5581 3676 5637 tertiam
3703 5592 3789 5650 ge-

2208 5685 2548 5741 nerationem
2587 5697 2685 5752 per
2730 5679 3048 5735 Trinitatem
3073 5719 3089 5745 ,
3130 5692 3231 5735 nec
3264 5691 3363 5748 per
3398 5682 3652 5747 quartam
3695 5681 3790 5743 per

2207 5775 2578 5852 Evangelium,
2621 5789 2721 5832 nec
2743 5773 2796 5830 in
2823 5769 3098 5828 saeculum.

3951 3150 3953 3306 ι
