3970 6332
1495 303 1952 376 εοιιιιιςιιτηιιι
1987 305 2158 398 una.

3345 311 3446 368 190

265 421 546 480 lleralitcr
559 435 690 480 vero
709 417 810 478 Lot
831 419 1100 492 signiﬁcat
1123 417 1498 476 rationabilem
1521 407 1768 488 sensum,
1798 425 1850 482 Α
1875 421 1958 476 nis
1993 419 2186 488 forma,
2229 435 2348 490 quae
2375 421 2428 478 in
2465 429 2616 478 tanta
2647 431 2808 480 aetate
2831 433 3040 482 tantum
3079 425 3252 480 amari
3295 435 3446 498 pote-

187 523 252 572 et
273 513 486 570 virilem
515 512 754 568 animum
781 525 966 566 eorum
995 511 1088 582 qui
1111 525 1288 568 arcem
1307 501 1772 580 contemplationis

189 607 448 678 arripere
473 613 744 662 ecitantur
771 621 786 658 :
809 619 946 658 uxor
971 615 1176 670 autem,
1207 619 1326 676 qum
1357 613 1504 658 retro
1531 603 1772 674 respicit,

189 713 420 756 carnem
443 693 892 766 conwpiscentiis
915 695 1186 762 deditam;
1217 695 1336 752 duae
1363 693 1486 750 ﬁlia:
1507 693 1644 764 ejus,
1668 681 1774 750 duo

191 789 522 864 principalia
547 789 698 852 vitia,
733 789 1040 858 superbiam
1069 788 1318 844 videlicet
1345 795 1400 844 et
1425 803 1620 842 vanam
1653 785 1772 858 glo-

193 883 358 938 riam.
397 877 806 938 Observandum
835 889 922 934 est
939 889 1122 936 autem
1151 879 1288 936 forte
1329 895 1452 936 cum
1489 879 1612 948 quis
1639 877 1774 932 effu-

189 957 340 1044 gerit
381 971 654 1026 ﬂanunam
691 969 900 1036 mundi,
939 979 996 1026 ct
1035 969 1280 1026 incendia
1317 971 1500 1024 carnis
1521 969 1770 1036 evaserit,

189 1063 364 1118 etiam
411 1079 536 1118 cum
572 1077 796 1132 parvam
837 1059 1026 1130 Segor,
1053 1061 1108 1116 id
1153 1071 1238 1116 est
1275 1059 1540 1116 actualem
1583 1059 1772 1126 vitam,

193 1171 320 1226 qua:
361 1163 446 1210 est
483 1153 678 1220 civilis,
721 1165 1102 1224 supergressus
1127 1151 1314 1216 fuerit,
1343 1161 1398 1206 ct
1439 1151 1508 1206 ad
1539 1137 1774 1204 altitudi-

193 1261 326 1302 nem
371 1243 614 1300 scientia
654 1251 710 1300 ct
743 1243 1212 1312 contemplationis
1243 1241 1390 1298 velut
1427 1241 1496 1296 ad
1533 1249 1774 1296 montem

193 1337 526 1404 ascenderit,
557 1351 626 1392 ne
651 1335 972 1390 insidientur
1006 1335 1054 1388 ei
1083 1335 1202 1388 dua:
1223 1333 1366 1398 ﬁliae,
1395 1331 1646 1404 superbia
1671 1331 1776 1388 sci-

193 1427 328 1482 licet
351 1435 404 1482 et
437 1443 574 1482 vana
599 1425 798 1498 gloria;
829 1441 948 1496 qua:
977 1426 1180 1480 idcirco
1211 1425 1334 1480 ﬁliae
1371 1425 1624 1480 dicuntur
1647 1423 1774 1494 quia

189 1535 306 1576 non
341 1519 706 1584 extrinsecus,
737 1517 832 1574 sed
869 1519 934 1574 de
969 1517 1126 1574 nobis
1161 1519 1432 1582 oriuntur,
1479 1525 1534 1572 et
1567 1517 1618 1570 in
1657 1531 1775 1586 spc-

187 1613 356 1670 lunca
381 1613 616 1684 pectoris
635 1611 976 1678 insidiantur,
1005 1619 1064 1666 ut
1092 1611 1158 1666 de
1185 1609 1338 1666 nobis
1363 1609 1768 1674 dormientibus,

187 1695 376 1778 neque
417 1705 796 1770 sentientibus,
825 1719 1084 1776 generare
1119 1703 1330 1774 possint
1379 1701 1540 1768 ﬁlios,
1581 1717 1772 1758 sensus

1873 523 1978 600 rat,
2003 523 2064 568 ut
2085 513 2168 568 vir
2207 529 2336 570 suus
2369 523 2588 586 propter
2615 515 2732 586 ejus
2767 515 3226 586 pulchritudinem
3257 533 3316 576 sc
3355 533 3448 590 pe-

1873 603 2100 658 riclitari
2129 605 2422 658 metuebat.

1941 691 2050 748 Cur
2079 693 2208 748 dicit
2229 693 2370 748 Deus
2395 693 2462 748 ad
2487 693 2798 750 Abimetcch
2823 714 2836 748 :
2865 695 3081 768 Peperci
3113 699 3226 766 tibi,
3251 709 3308 754 ut
3345 717 3446 756 non

1871 801 2108 856 peccares
2151 785 2204 838 in
2249 785 2374 838 me?
2409 793 2466 840 ut
2515 787 2890 842 adverteretur
2929 789 2984 844 in
3029 791 3198 846 Deum
3231 793 3449 860 peccari

1873 873 2086 944 quando
2115 872 2245 926 talia
2283 875 2694 930 committuntur
2721 891 2838 946 quae
2873 887 3064 948 putant
3095 881 3344 936 homines
3373 881 3450 938 le-

1873 963 2014 1018 viter
2049 963 2290 1018 habenda
2323 973 2576 1034 tanquam
2605 967 2662 1020 in
2708 983 2874 1024 carne
2919 979 3160 1040 peccata.
3203 973 3312 1030 Cur
3341 989 3450 1032 non

1875 1071 2000 1112 mox
2035 1055 2344 1112 Ahimclech
2393 1069 2636 1114 mortuus
2682 1069 2790 1126 est,
2823 1061 2948 1116 dum
2991 1063 3130 1120 dixit
3163 1065 3212 1120 ei
3260 1065 3446 1120 Deus:

1873 1151 2012 1208 Ecce
2045 1161 2100 1206 tu
2139 1151 2424 1208 morieris?
2459 1153 2654 1224 Utique
2697 1153 2838 1210 Deus
2877 1157 3126 1226 praedixit
3161 1158 3304 1228 quod
3333 1159 3450 1214 sine

1873 1241 2035 1300 dubio
2059 1243 2298 1298 futurum
2325 1241 2536 1308 fuisset,
2567 1245 2614 1300 si
2641 1245 2696 1300 in
2727 1247 2830 1302 hac
2863 1247 3230 1304 admonitione
3261 1265 3294 1304 a
3323 1263 3452 1318 pec-

1874 1343 1996 1390 cato
2022 1321 2338 1390 abstinendo
2363 1349 2468 1390 non
2499 1343 2802 1392 caveretur.

1945 1425 2108 1484 Vsus.
2143 1425 2324 1482 12-15.
2357 1458 2428 1468 —
2453 1427 2730 1500 Respondit
2761 1429 3026 1485 Abraham
3051 1447 3070 1488 :
3091 1431 3240 1486 Alias
3275 1443 3448 1488 autem

1873 1535 1988 1572 vere
2013 1535 2162 1572 soror
2193 1535 2308 1572 mea
2351 1529 2444 1584 est,
2485 1519 2598 1588 ﬁlia
2619 1522 2782 1590 patris
2821 1523 2942 1588 mei,
2979 1533 3026 1576 et
3055 1539 3158 1578 non
3193 1523 3308 1592 filia
3339 1541 3450 1578 ma-

1875 1611 1968 1664 tris
1985 1625 2130 1664 meaz.
2155 1609 2316 1664 Pater
2340 1611 2510 1676 enim,
2549 1619 2602 1664 ut
2643 1613 2886 1666 nonnulli
2925 1613 3134 1680 volunt,
3161 1629 3260 1684 pro
3285 1615 3452 1670 fratre

1873 1699 2114 1768 ponitur,
2147 1697 2322 1752 Thura
2349 1699 2530 1768 itaque
2553 1701 2735 1770 genuit
2753 1701 3046 1768 Abraham,
3079 1711 3134 1758 et
3161 1703 3330 1770 Aran,
3359 1721 3452 1760 cu-

189 1799 386 1868 utique
431 1807 488 1854 ct
533 1805 686 1854 actus
719 1797 994 1868 reprobus.
1042 1797 1180 1852 Sunt
1217 1797 1361 1852 enim
1401 1793 1642 1852 nonnulli
1675 1795 1770 1866 qui
1797 1783 1956 1862 Bjus
1997 1791 2106 1846 ﬁlia
2153 1791 2380 1858 exstitit,
2429 1791 2708 1864 Scriptura
2759 1801 2930 1860 teste,
2987 1795 3179 1850 Saraa.
3225 1797 3292 1850 Et
3333 1797 3454 1852 ideo

191 1903 382 1946 arcem
419 1887 890 1958 contemplationis
919 1889 1218 1958 arripiunt;
1251 1887 1344 1942 scd
1386 1887 1512 1942 dum
1557 1889 1654 1942 has
1681 1901 1768 1942 sc—

191 1997 324 2036 cum
371 1981 510 2036 duas
555 1981 694 2036 ﬁlias
729 1981 950 2048 ducunt,
997 1981 1394 2052 quodammodo
1439 1981 1774 2036 inebriantur

192 2071 264 2126 ab
291 2073 406 2136 eis;
435 2071 562 2142 quia
601 2072 674 2126 ita
713 2079 896 2128 mente
923 2069 1228 2126 alienantur
1253 2087 1284 2126 a
1329 2071 1462 2138 Deo,
1497 2081 1554 2126 ut
1601 2087 1770 2142 quos-

189 2177 412 2234 cunque
449 2161 586 2218 ﬁlios
633 2163 938 2232 genuerint,
989 2162 1044 2218 id
1085 2171 1202 2236 est,
1235 2177 1566 2234 qutecunqne
1609 2177 1774 2232 opera

191 2255 564 2320 exercuerim,
613 2271 720 2310 non
757 2269 854 2324 per
905 2269 968 2310 ea
1003 2255 1056 2310 in
1099 2255 1396 2310 Ecclesium
1435 2255 1646 2310 Domini
1693 2255 1774 2308 in.

191 2355 364 2408 trant,
403 2347 544 2402 sicut
571 2345 816 2402 Moabitae
853 2355 910 2402 et
955 2345 1276 2402 Ammonita:
1309 2345 1558 2402 videlicet
1601 2359 1776 2416 neque

191 2453 290 2508 per
321 2437 558 2500 tertiam,
585 2451 758 2508 neque
787 2451 882 2508 per
903 2443 1146 2506 quartam
1169 2435 1570 2512 generationem
1595 2452 1610 2500 ;
1647 2435 1774 2504 quia

195 2545 304 2586 non
325 2530 404 2584 eis
427 2529 666 2600 proderit
691 2529 882 2586 notitia
911 2527 1190 2586 Trinitatis
1223 2543 1399 2602 neque
1423 2527 1774 2602 intelligentia

191 2621 520 2694 evangelicae
541 2621 960 2694 praedicationis.
995 2619 1252 2692 Sequitur
1275 2638 1292 2678 :

791 2749 1018 2808 CAPUT
1057 2749 1176 2806 XX.

265 2885 432 2944 Vens.
465 2885 516 2942 l.
539 2915 614 2928 —
641 2885 916 2956 Profectus
943 2885 1064 2942 inde
1087 2887 1352 2942 Abraham
1379 2887 1434 2942 in
1456 2895 1652 2942 terram
1673 2905 1774 2942 au-

187 2977 410 3034 stralem
437 2977 688 3032 habitavit
727 2977 862 3032 inter
887 2975 1052 3032 Gades
1091 2989 1138 3032 et
1181 2975 1306 3044 Sur,
1337 2988 1382 3033 et
1409 2981 1772 3050 peregrinatus

187 3081 264 3124 est
295 3071 352 3124 in
373 3069 606 3126 Cereris.
636 3067 808 3126 Cades
835 3069 1066 3126 solitudo
1095 3081 1180 3128 est
1199 3071 1286 3126 ubi
1311 3069 1432 3126 fons
1445 3073 1634 3142 judicii
1662 3081 1768 3140 est,

185 3175 244 3222 et
275 3163 452 3220 Cades
473 3163 646 3218 Barne
685 3165 740 3220 in
769 3163 1006 3232 deserto,
1049 3183 1170 3238 quae
1195 3167 1536 3240 coniungitur
1563 3167 1768 3224 civitati

189 3257 368 3314 Petra:
397 3257 452 3312 in
473 3257 694 3324 Arabia,
717 3259 806 3314 ubi
837 3261 1092 3316 occubuit
1111 3259 1300 3328 Maria,
1322 3271 1376 3316 et
1399 3259 1610 3334 Moyses
1637 3277 1770 3334 rupe

183 3365 452 3420 percussa
499 3365 692 3420 aquam
747 3351 948 3406 sitienti
987 3351 1186 3424 pepulo
1233 3351 1398 3408 dedit.
1441 3353 1770 3410 Monstratur

185 3437 394 3494 ibidem
419 3455 590 3510 usque
613 3439 676 3494 ad
699 3455 956 3512 prmsens,
985 3453 1044 3498 ut
1071 3443 1262 3500 beatus
1291 3441 1520 3516 [Iit-rony
1531 3461 1646 3500 mus
1670 3445 1766 3512 ait,

187 3529 498 3604 sepulcrum
547 3529 728 3586 Mariae
777 3533 980 3588 sororis
1019 3533 1222 3590 Aaron.
1265 3532 1372 3592 Sed
1417 3543 1470 3592 et
1499 3535 1770 3606 principes

185 3621 448 3678 Amalech
481 3631 534 3678 et
565 3621 744 3678 Codor
771 3621 1040 3679 Labomor
1075 3625 1146 3680 ibi
1179 3627 1298 3682 οωδί
1329 3635 1474 3692 sunt,
1508 3635 1564 3682 et
1597 3627 1770 3682 inter-

185 3723 436 3786 pretatur
461 3723 642 3770 sancta
667 3715 748 3770 vel
781 3717 1136 3786 sancti/icans,
1165 3727 1220 3772 et
1243 3718 1398 3774 dicta
1429 3727 1514 3776 est
1541 3717 1658 3774 fons
1681 3719 1770 3792 ju-

185 3805 318 3860 dicii
349 3821 444 3877 per
477 3807 940 3878 anticipationem,
989 3809 1130 3864 sicut
1171 3825 1332 3880 supra
1359 3809 1768 3880 descripsimus,

185 3897 316 3966 quia
347 3905 530 3966 postea
559 3897 640 3952 sic
667 3907 890 3954 vocatus
919 3909 1002 3954 est
1029 3899 1179 3955 locus
1207 3899 1296 3955 ille
1329 3901 1420 3956 ubi
1451 3901 1661 3974 Moyses
1675 3899 1769 3970 ju-

187 3987 390 4042 dicavit
415 3987 668 4058 populum
698 3987 932 4044 Domini.
963 3987 1071 4044 Sur
1093 4007 1222 4046 vero
1251 3991 1484 4048 solitudo
1523 3993 1772 4048 similiter

185 4087 292 4136 est.
319 4077 530 4135 Cereris
551 4095 700 4148 vero,
731 4083 845 4138 sive
872 4081 1092 4152 Geram,
1125 4095 1183 4142 ut
1207 4087 1333 4142 alibi
1365 4087 1558 4158 reperi,
1591 4103 1654 4142 ex
1678 4103 1772 4142 cu-

177 4171 273 4242 jus
321 4171 538 4226 nomine
579 4171 838 4228 Gerantia
885 4185 1106 4230 vocatur
1153 4179 1302 4250 regio
1345 4187 1494 4236 trans
1539 4179 1772 4238 Daroma

185 4271 334 4336 (erat
358 4263 500 4318 enim
525 4265 664 4330 ,olim
699 4267 964 4324 terminus
993 4269 1422 4326 Cbananmorum
1461 4273 1528 4328 ad
1557 4283 1770 4330 austra-

129 4369 140 4378 ·
185 4353 292 4408 lem
337 4355 590 4430 plagam),
641 4368 724 4414 est
769 4359 958 4414 civitas
1001 4361 1312 4432 metmpolis
1360 4349 1770 4432 Palaestinaa,lct

185 4443 292 4498 fuit
331 4443 614 4516 Scriptura
649 4449 738 4504 hic
775 4457 1006 4506 testante
1037 4453 1176 4508 inter
1212 4451 1384 4510 Cadcs
1409 4463 1464 4510 et
1509 4455 1634 4522 Sur,
1667 4457 1770 4514 hoc

183 4545 270 4588 est
301 4535 444 4590 inter
472 4537 606 4592 duas
635 4539 970 4608 solitudines,
993 4541 1232 4614 {quarum
1257 4559 1362 4598 una
1391 4543 1626 4618 Egypto
1645 4547 1770 4618 jun-

181 4625 360 4696 gitur,
395 4627 646 4698 ad'quam
693 4631 920 4702 populus
961 4641 1112 4688 trans
1157 4633 1354 4690 fretum
1405 4635 1574 4690 Rubri
1603 4637 1770 4694 maris

181 4719 468 4786 pervenit;
497 4719 668 4776 altera
701 4737 830 4778 vero
857 4723 1028 4784 Gades
1067 4741 1238 4796 usque
1273 4727 1340 4782 ad
1373 4727 1767 4786 Saracenorum

179 4823 434 4866 eremum
474 4813 802 4882 extenditur,
839 4815 1022 4886 ibique
1051 4819 1432 4890 peregrinatus
1472 4829 1556 4876 est
1593 4819 1770 4876 Abra-

181 4899 340 4952 ham.

257 4991 428 5048 Vens.
449 4993 608 5052 2-H.
637 5027 708 5038 —-
737 4997 982 5072 Dixitque
1005 5001 1070 5056 de
1105 4999 1276 5057 Saraa
1317 5019 1478 5059 uxore
1509 5017 1648 5066 sua;
1673 5003 1774 5061 So-

179 5095 278 5134 ror
305 5097 422 5136 mea
457 5093 552 5140 est.
583 5085 730 5142 Misit
751 5105 872 5162 ergo
895 5091 1210 5159 Abimelech,
1239 5109 1332 5148 rex
1355 5091 1592 5162 Gerarx,
1615 5105 1664 5149 et
1695 5105 1776 5150 tu-

181 5171 246 5226 lit
272 5187 410 5240 eam,
447 5181 504 5232 et
535 5179 742 5249 reliqua
771 5195 1048 5254 usquequo
1095 5185 1172 5240 ait
1201 5203 1213 5239 :
1237 5185 1362 5258 quid
1387 5187 1554 5256 fecisti
1583 5187 1730 5244 nobis
1749 5187 1778 5244 Ρ

177 5263 316 5334 quid
337 5271 656 5336 peccavimus
683 5273 736 5328 in
755 5285 822 5340 te,
845 5277 970 5348 quia
993 5277 1252 5334 induxisti
1271 5297 1426 5352 super
1447 5297 1528 5336 me
1547 5291 1596 5336 et
1617 5299 1778 5354 super

183 5371 406 5426 regnum
433 5377 602 5418 meum
623 5375 892 5434 peccatum
915 5369 1152 5438 grande?
1171 5369 1280 5426 Cur
1305 5371 1580 5428 Abraham
1619 5389 1746 5430 soro

181 5463 304 5504 rem
339 5467 492 5507 suam
527 5457 782 5530 secundo
803 5475 922 5516 esse
955 5461 1126 5518 dixit?
1153 5463 1288 5531 Quia
1319 5481 1384 5520 ex
1421 5465 1590 5538 priori
1627 5467 1772 5524 Pha-

181 5539 374 5596 raonis
415 5547 754 5616 correptione
793 5559 972 5606 certus
1009 5553 1076 5608 de
1113 5553 1208 5612 Dei
1247 5555 1584 5626 defensione,
1625 5559 1770 5630 quod

177 5631 378 5688 violari
407 5649 512 5692 non
545 5641 740 5708 potuit,
771 5643 1010 5700 incertus
1041 5647 1106 5704 de
1147 5663 1240 5704 sua
1273 5647 1406 5714 vita,
1437 5667 1504 5706 an
1555 5651 1768 5710 illorum

173 5721 440 5784 evaderet
473 5743 686 5788 manus.
715 5733 782 5792 Et
807 5735 1054 5794 miranda
1079 5747 1166 5796 est
1188 5737 1372 5800 Saraa:
1409 5741 1768 5818 pulchritudi-

1875 1885 2032 1950 dixit,
2075 1899 2316 1940 sororem
2345 1899 2498 1940 suam
2539 1899 2682 1952 esse,
2723 1885 2836 1942 sive
2871 1887 2996 1956 quia
3031 1887 3098 1942 de
3143 1889 3350 1944 semine
3383 1903 3454 1944 su

1873 1977 2046 2048 patris
2075 1975 2410 2046 procreando
2441 1991 2540 2048 per
2577 1977 2742 2032 ﬁlium
2781 1987 2906 2032 nata
2931 1985 3012 2032 est
3035 1977 3224 2046 Saraa,
3251 1989 3306 2034 et
3327 1995 3454 2036 con-

1875 2069 2102 2124 suetudo
2131 2077 2212 2124 est
2231 2069 2396 2122 etiam
2423 2067 2826 2140 Scripturarum
2869 2071 3224 2126 consobrinos
3251 2069 3454 2130 fratres

1875 2159 2156 2230 appellari,
2189 2159 2442 2214 similiter
2465 2167 2520 2214 et
2541 2173 2774 2214 sorores.
2799 2159 3088 2230 Propterea
3119 2175 3226 2216 non
3261 2161 3456 2218 imme-

1875 2253 1980 2308 rito
2003 2253 2114 2306 ait:
2145 2251 2290 2306 Alias
2325 2267 2476 2306 soror
2515 2268 2630 2306 mea
2649 2261 2746 2306 est.
2776 2251 2844 2306 Et
2867 2253 2994 2322 quia
3039 2251 3258 2308 fuerunt
3281 2253 3456 2308 Abra-

1875 2345 2000 2399 ham
2031 2351 2084 2398 et
2123 2343 2270 2398 Aran
2317 2343 2382 2398 de
2419 2359 2528 2398 uno
2561 2351 2740 2414 patre,
2783 2352 2838 2398 et
2867 2359 2972 2398 non
3005 2343 3072 2400 de
3099 2359 3206 2398 una
3255 2351 3454 2410 matre,

1875 2437 2080 2492 idcirco
2107 2433 2402 2506 subjunxit,
2425 2435 2540 2505 ﬁlia
2575 2437 2742 2508 patris
2765 2435 2884 2502 mei,
2923 2445 2970 2490 et
2999 2451 3102 2492 non
3129 2435 3244 2506 ﬁlia
3271 2435 3454 2490 matris

1873 2545 2022 2584 metu.

1945 2619 2110 2676 Vsus.
2159 2619 2228 2676 {6
2263 2637 2370 2692 seq.
2393 2651 2460 2660 —
2489 2619 2678 2676 Samae
2719 2629 2894 2674 autent
2935 2619 3068 2674 dixit
3111 2617 3406 2672 Abimclcclt
3433 2634 3456 2674 :

1875 2707 2012 2764 Ecce
2041 2707 2181 2764 mille
2211 2719 2484 2782 argenteos
2515 2709 2636 2764 dedi
2669 2709 2826 2780 fratri
2857 2719 2978 2774 tuo;
3021 2709 3116 2762 hoc
3137 2709 3234 2762 erit
3265 2707 3356 2760 tibi
3399 2709 3456 2762 in

1875 2801 2106 2858 velamen
2129 2803 2400 2858 oculorum
2443 2803 2512 2858 ad
2543 2819 2720 2856 omnes
2747 2803 2836 2872 qui
2881 2813 3048 2856 tecum
3075 2809 3218 2866 sunt,
3245 2807 3298 2854 et
3327 2799 3452 2854 reli-

1873 2911 1998 2966 qua.
2027 2895 2172 2950 Bene
2203 2895 2282 2950 ait
2311 2913 2322 2948 :
2353 2893 2468 2950 Hoc
2495 2895 2590 2950 erit
2615 2893 2706 2948 tibi
2733 2893 2786 2948 in
2815 2891 3042 2948 velamen
3077 2891 3370 2956 oculorum,
3403 2889 3456 2946 id

1873 2997 1976 3054 est,
2001 2989 2052 3042 in
2079 2987 2402 3044 verecundia
2419 2987 2504 3042 vel
2539 2987 2592 3042 in
2615 2985 2930 3042 confusione
2953 2985 3154 3050 vultus,
3181 2985 3246 3040 ad
3269 2997 3456 3040 omnes

1873 3079 1966 3150 qui
1993 3089 2168 3136 tecum
2211 3087 2354 3134 sunt.
2395 3075 2656 3134 Confusio
2689 3091 2922 3148 namque
2947 3090 3068 3132 esse
3103 3083 3312 3146 poterat
3339 3083 3456 3128 tan-

1873 3183 1942 3230 tze
1979 3173 2224 3228 mulieris
2251 3189 2280 3228 ιι
2325 3173 2444 3228 viro
2467 3187 2568 3228 suo
2595 3171 2764 3228 fuisse
2805 3171 3090 3226 sublatam.
3125 3169 3194 3224 Et
3219 3183 3456 3240 quocun-

1869 3283 1966 3338 que
1989 3265 2304 3336 peri-exeris,
2343 3273 2600 3320 memento
2635 3274 2688 3318 te
2725 3262 3120 3333 deprehensam,
3145 3259 3398 3326 subaudi,
3423 3273 3456 3314 ιι

1869 3373 1978 3424 me,
2021 3367 2076 3412 et
2115 3357 2448 3414 subtractam
2477 3373 2508 3412 a
2545 3357 2712 3412 fratre
2747 3365 2856 3412 tuo.
2899 3355 3038 3411 Ecce
3079 3355 3450 3410 bistorialiter.

1867 3447 2156 3516 Caeterum,
2185 3449 2520 3520 spiritaliter,
2569 3447 2908 3512 Abimelech,
2931 3447 3022 3516 qui
3065 3445 3452 3516 interpretatur

1867 3549 2016 3612 pater
2041 3557 2184 3594 meas
2211 3555 2318 3606 rex,
2349 3539 2618 3612 signiﬁcat
2647 3539 2918 3622 sapientes
2957 3537 3112 3592 istius
3137 3537 3342 3602 mundi,
3367 3535 3448 3590 vel

1869 3647 2092 3704 regnum
2121 3641 2418 3698 terrenum,
2439 3631 2530 3702 qui
2559 3647 2656 3702 per
2691 3631 2984 3686 humanam
3019 3629 3362 3698 sapientiam,
3393 3627 3448 3682 in

1869 3733 2128 3794 quantum
2153 3723 2234 3778 eis
2253 3722 2572 3778 attributum
2603 3719 2730 3788 fuit,
2761 3729 3130 3792 cognoverunt
3151 3721 3318 3776 Deum
3345 3717 3448 3774 Pa-

1869 3823 2006 3870 trem
2037 3829 2158 3870 esse
2193 3829 2260 3870 ac
2289 3829 2470 3886 regem
2507 3813 2674 3870 totius
2711 3821 2994 3870 creaturae.
3033 3809 3202 3866 Saraa
3249 3809 3454 3882 signiﬁ-

1869 3921 1958 3970 cat
1983 3911 2302 3968 Ecclcsiam.
2327 3909 2602 3966 Abraham
2639 3909 2858 3980 quippe,
2885 3907 3222 3978 unigenitum
3256 3905 3452 3960 Filium

1869 4003 2070 4068 Patris,
2101 4002 2194 4074 qui
2220 3999 2388 4056 frater
2417 4001 2534 4056 ﬁeri
2561 4001 2814 4074 dignatus
2835 4009 2918 4056 est
2939 4013 3038 4070 per
3059 3999 3310 4070 gratiam.
3335 3995 3454 4050 Mil-

1869 4095 2104 4150 lenarius
2125 4103 2304 4150 autem
2329 4109 2606 4160 numerus,
2639 4093 3022 4166 perfectionem
3051 4089 3162 4164 [Z.,
3193 4105 3452 4162 persecu-

1871 4187 2094 4262 tionem]
2125 4187 2246 4244 ﬁdei
2275 4187 2622 4258 sapicntium.
2651 4187 2950 4256 Argentum
2979 4203 3130 4254 vero,
3159 4185 3448 4242 scientiam

1871 4279 2308 4352 Scripturarum,
2341 4295 2438 4350 per
2475 4295 2640 4352 quam
2689 4287 3058 4352 cognoverunt
3099 4279 3242 4348 quod
3281 4277 3450 4336 Saraa

1871 4389 2010 4428 uxor
2035 4381 2178 4428 esset
2195 4371 2448 4436 Abrahae,
2481 4371 2536 4426 id
2563 4379 2648 4428 est
2679 4371 2918 4426 Ecclesia
2949 4371 3176 4428 Domino
3203 4369 3452 4440 copulata

1873 4479 1968 4534 per
1995 4463 2176 4520 ﬁdem.
2207 4463 2302 4518 Ait
2337 4463 2482 4518 enim
2509 4481 2522 4518 :
2553 4461 2690 4518 Ecce
2727 4461 2868 4516 mille
2897 4473 3166 4534 argenteos
3189 4461 3312 4516 dedi
3335 4463 3452 4532 fra-

1872 4557 1940 4610 tri
1969 4565 2080 4620 tuo,
2097 4553 2372 4626 quiFilins
2393 4553 2486 4608 Dei
2512 4563 2596 4610 est
2621 4569 2718 4624 per
2745 4561 3012 4620 naturam,
3041 4551 3194 4624 cujus
3215 4563 3272 4610 tu
3299 4569 3454 4610 soror

1871 4661 1931 4702 es
1967 4661 2064 4716 per
2101 4645 2352 4716 gratiam.
2393 4645 2644 4716 Congrue
2673 4645 2830 4710 dixit,
2867 4645 3024 4715 fratri
3065 4655 3176 4712 tuo,
3205 4647 3330 4716 quia
3361 4661 3452 4702 sa-

1871 4739 2078 4812 pientes
2107 4737 2490 4808 perfectionem
2513 4755 2626 4794 sua:
2649 4737 2772 4794 ﬁdei
2803 4737 2948 4794 velut
2985 4739 3132 4796 mille
3167 4749 3451 4812 argenteos

1871 4831 2100 4886 Domino
2129 4829 2412 4894 dederunt,
2451 4845 2548 4900 per
2585 4831 2946 4902 cognitionem
2987 4847 3264 4888 sacrarum
3305 4833 3452 4886 vide.

1871 4923 2000 4980 licet
2028 4921 2454 4992 Scripturarum.
2497 4919 2566 4975 In
2607 4921 2912 4990 velamento,
2945 4923 3140 4994 inquit,
3177 4921 3448 4978 oculorum

1873 5027 2102 5082 tuorum,
2135 5017 2187 5072 id
2215 5025 2298 5072 est
2336 5015 2392 5070 in
2419 5015 2805 5086 protectionem
2829 5033 2926 5088 per
2951 5027 3168 5074 sanctos
3195 5019 3450 5074 videlicet

1873 5107 2141 5165 doctores.
2167 5105 2270 5175 Qui
2303 5123 2368 5162 ex
2393 5123 2494 5174 me,
2519 5125 2582 5164 ac
2607 5107 2654 5164 si
2681 5109 2910 5166 dixisset
2947 5119 3150 5181 aperte,
3182 5111 3250 5164 ad
3289 5109 3448 5168 ﬁdem

1871 5199 2206 5254 transierunt
2242 5199 2310 5254 ad
2349 5207 2420 5254 te.
2449 5199 2552 5270 Ipsi
2583 5215 2816 5271 namque
2843 5211 2970 5258 sunt
2999 5217 3168 5270 usque
3199 5201 3360 5258 hodie
3395 5203 3448 5258 in

1871 5291 2260 5362 protectionem
2309 5303 2510 5348 sanctae
2545 5291 2636 5348 Dei
2667 5293 2940 5360 Ecclesiae,
2975 5293 3208 5348 maxime
3251 5293 3340 5362 qui
3379 5309 3448 5349 ex

1871 5381 2106 5436 humana
2137 5383 2400 5454 sapientia
2421 5399 2484 5438 ac
2505 5383 2832 5440 sublimitate
2855 5383 3188 5456 prodierunt.
3216 5383 3450 5440 Memen-

1871 5483 2024 5545 toque
2043 5485 2092 5530 te
2115 5491 2224 5530 esse
2251 5475 2640 5548 deprehensam.
2667 5477 3068 5548 Deprehensam
3095 5489 3154 5532 se
3179 5479 3446 5548 meminit,

1871 5567 1996 5636 quia
2025 5567 2174 5636 prius
2223 5567 2462 5624 Ecclesia
2495 5577 2778 5640 persecuta
2804 5577 2916 5636 est,
2961 5569 3056 5626 sed
3085 5569 3286 5626 intacta
3325 5587 3450 5644 pcr-

1871 5659 2088 5714 mansit.
2141 5659 2218 5716 De
2257 5661 2570 5716 Abimelech
2615 5677 2828 5732 quoque
2875 5677 3000 5734 rege
3039 5663 3448 5722 Philistinorum

1873 5753 2150 5806 moraliter
2171 5767 2456 5824 possumus
2479 5753 2778 5828 intelligere
2801 5757 2944 5830 quod
2969 5755 3196 5818 Saraatn
3215 5757 3450 5818 voluerit
