3970 6332
187 333 294 409 ias

1495 338 1850 399 COMMENT.
1889 337 1956 394 IN
1995 337 2156 395 GEN.

3345 345 3453 424 an

186 480 278 527 tur
319 473 504 522 autem
544 461 780 535 spatium
818 460 964 517 circa
1003 466 1226 532 puteum
1257 457 1324 514 ad
1365 457 1496 514 illud
1541 459 1770 531 emptio-
1793 466 1843 529 Α
1869 457 2206 527 Abimelech,
2233 458 2390 516 idest
2411 460 2761 532 regnum,vel
2783 461 3048 534 sapientia
3082 463 3245 536 hujus
3268 466 3454 522 mundi

182 562 272 618 nis
313 567 532 630 pactum
562 555 835 626 pertinere
876 553 930 608 in
974 567 1082 622 quo
1129 551 1345 607 fuerant
1384 566 1536 623 agnae
1561 560 1765 622 septem

181 653 342 712 datae,
375 648 593 717 quando
616 643 932 700 Abimelech
971 650 1028 698 et
1055 641 1330 698 Abraham
1360 642 1462 698 sibi
1491 641 1655 698 etiam
1677 641 1766 713 ju-

181 748 464 800 nverunt.

253 836 419 890 Vens.
444 833 624 887 2L—
650 828 1021 899 Habitavitque
1047 828 1104 881 in
1125 827 1326 882 deserto
1357 824 1594 880 Pharan.
1617 823 1763 880 Pha-

177 943 278 984 ran
310 939 457 980 nunc
497 921 752 993 oppidum
781 917 889 992 [Z.,
919 919 1098 974 Faron
1124 917 1400 988 oppidum,
1443 916 1572 990 etc.]
1612 925 1763 973 trans

173 1019 433 1075 Arabiam
451 1015 702 1086 junctum
753 1012 1066 1078 Saracenis,
1109 1012 1200 1082 qui
1239 1010 1292 1064 in
1326 1009 1613 1065 solitudine
1639 1008 1761 1081 vagi

172 1119 384 1166 errant.
432 1107 539 1164 Per
588 1107 693 1162 hoc
738 1105 1072 1161 transierunt
1119 1102 1212 1158 filii
1263 1102 1460 1167 Israel,
1516 1116 1638 1157 cum
1694 1102 1762 1158 de

173 1209 365 1258 monte
402 1198 533 1255 Sina
563 1207 743 1254 castra
769 1197 1082 1253 movissent.
1113 1194 1212 1249 Est
1237 1203 1417 1248 autem
1446 1201 1599 1247 trans
1627 1192 1761 1248 Ara-

169 1297 347 1360 biam,
372 1303 433 1349 ut
455 1293 714 1359 diximus,
739 1299 927 1347 contra
948 1289 1239 1346 australem
1263 1288 1496 1360 plagam,
1519 1296 1575 1342 et
1595 1288 1760 1343 distat

172 1389 246 1443 ab
272 1386 418 1442 Elia
463 1394 652 1442 contra
682 1385 946 1440 orientem
977 1383 1170 1439 itinere
1213 1382 1422 1436 dierum
1473 1381 1654 1434 trium.
1679 1380 1758 1435 Ibi

167 1481 452 1536 habitasse
495 1476 778 1534 Ismaelem
817 1475 1033 1540 dicitur,
1066 1473 1208 1529 unde
1233 1483 1288 1528 et
1321 1471 1631 1538 Ismaelitae,
1663 1469 1756 1540 qui

165 1586 320 1625 nunc
347 1569 606 1625 Saraceni
628 1568 902 1624 dicuntur.

241 1663 409 1717 Vens.
447 1661 628 1716 εἰει.
653 1690 724 1702 -—
761 1659 961 1714 Eodem
999 1667 1225 1729 tempore
1254 1655 1385 1710 dixit
1436 1655 1751 1719 Abimelech,

159 1767 210 1810 et
236 1753 434 1809 Fichol
471 1755 707 1824 princeps
734 1753 992 1808 exercitus
1024 1751 1160 1822 ejus,
1204 1750 1272 1804 ad
1307 1749 1613 1803 Abraham:
1641 1747 1754 1802 Do-

1867 550 2123 622 suscepit,
2159 553 2524 609 testimonium
2564 554 2909 624 perhibentes
2955 557 3081 626 quia
3111 557 3452 627 profunditas

1865 652 2179 700 sanctarum
2211 645 2646 717 Scripturarum,
2692 648 2805 704 sive
2855 636 3032 721 gratia
3083 650 3466 720 baptismatis,-

1863 753 1984 808 qute
2027 739 2365 810 significatur
2408 757 2505 812 per
2545 751 2787 812 puteum,
2832 743 2900 798 ad
2941 742 3240 810 Abraham,
3272 744 3327 799 id
3365 753 3452 800 est

1863 829 1933 884 ad
1989 831 2276 887 Dominum
2327 831 2513 888 Jesum
2559 832 2875 898 Christum,
2924 835 3198 904 pertinent
3235 835 3448 907 specia-

1863 917 2006 976 liter.

1933 1014 2142 1070 Idcirco
2190 1026 2402 1071 vocatus
2449 1026 2523 1071 est
2573 1015 2719 1072 locus
2767 1016 2857 1072 ille
2896 1017 3174 1088 Bersabee,
3205 1023 3330 1094 quia
3375 1024 3449 1078 ibi

1861 1114 2075 1178 uterque
2109 1109 2332 1178 juravit.
2376 1109 2582 1179 Duplex
2623 1115 2802 1166 autem
2849 1110 2977 1185 [est]
3026 1130 3189 1170 causa
3233 1132 3331 1172 cur
3372 1118 3447 1172 ita

1861 1196 2159 1266 appellatus
2191 1199 2279 1264 sit,
2312 1199 2426 1254 sive
2452 1200 2578 1268 quia
2607 1210 2813 1272 septem
2846 1217 3015 1273 agnas
3039 1205 3351 1262 Ahimelech
3381 1209 3450 1263 de

1859 1304 2022 1343 manu
2055 1289 2288 1344 Abrahae
2311 1292 2578 1361 acceperit
2603 1311 2615 1345 :
2649 1301 2854 1362 septem
2893 1295 3038 1350 enim
3069 1297 3324 1353 dicuntur
3355 1297 3450 1353 Sa-

1827 1379 1980 1444 ‘bee;
2011 1380 2127 1436 sive
2167 1381 2310 1450 quod
2357 1381 2430 1436 ibi
2470 1380 2790 1450 iuraverint,
2825 1383 2950 1454 quia
2979 1393 3034 1440 et
3075 1384 3447 1454 juramentum

1858 1467 2022 1525 Sabee
2063 1471 2313 1526 similiter
2337 1473 2656 1543 appellatur.
2697 1473 2849 1541 Quod
2881 1476 2926 1531 si
2961 1485 3088 1533 ante
3127 1477 3270 1532 hanc
3313 1494 3442 1533 cau—

1857 1577 1973 1618 sam
2009 1579 2170 1634 supra
2203 1580 2398 1620 nomen
2429 1565 2674 1636 legimus,
2715 1567 2951 1622 sciamus
2980 1584 3077 1638 per
3107 1569 3447 1640 anticipatio-

1856 1673 1979 1713 nem
2011 1659 2214 1714 dictum
2263 1661 2404 1726 esse,
2434 1659 2576 1716 sicut
2617 1669 2672 1716 et
2717 1662 2905 1717 Bethel
2945 1673 3002 1718 et
3049 1663 3292 1736 Galgala,
3325 1680 3447 1735 quae

1855 1749 2044 1821 utique
2067 1765 2236 1822 usque
2264 1752 2332 1806 ad
2363 1760 2576 1822 tempus
2603 1768 2708 1823 quo
2735 1753 2846 1827 [Z.,
2871 1755 3036 1828 quod]
3061 1756 3136 1810 ita
3168 1757 3447 1828 appellata:

160 1847 344 1900 minus
372 1855 542 1900 tecum
579 1856 653 1900 est
688 1845 743 1898 in
769 1844 1020 1899 universis
1040 1859 1157 1914 quis
1184 1842 1317 1912 agis.
1342 1840 1478 1895 Jura
1515 1857 1636 1910 ergo
1669 1855 1760 1909 per
1786 1839 1834 1900 B
1863 1842 2000 1908 sint,
2054 1843 2216 1899 aliter
2265 1847 2615 1901 vocabantur.
2664 1845 2969 1902 Notandum
3019 1857 3232 1913 autem,
3277 1858 3332 1904 et
3375 1863 3446 1904 ex

159 1936 560 2004 Dominum,'ne
582 1953 768 1991 noceas
789 1937 938 2001 mihi,
961 1944 1010 1989 et
1032 1935 1251 2006 posteris
1279 1933 1427 1997 meis,
1450 1941 1506 1986 et
1527 1931 1749 2000 reliqua,

159 2043 454 2101 usquequo
515 2029 710 2101 legitur
767 2047 780 2082 :
836 2028 1050 2082 tentavit
1104 2025 1245 2080 Deus
1303 2024 1589 2079 Abraham.
1652 2022 1756 2078 Per

155 2122 481 2178 Abimelech
525 2135 751 2190 regnum
777 2119 865 2176 vel
914 2119 1186 2190 sapientes
1229 2117 1390 2188 hujus
1417 2113 1625 2180 mundi,
1657 2131 1756 2186 per

156 2214 357 2272 Fichol
386 2213 694 2286 philosophi
719 2212 873 2267 istius
901 2211 1084 2267 saeculi
1129 2208 1564 2283 [intelliguntur].
1602 2206 1755 2264 Unde

155 2309 303 2365 bene
345 2304 659 2362 Abimelech
691 2313 841 2374 pater
867 2319 1012 2357 meus
1049 2318 1160 2368 rex,
1214 2300 1399 2356 Fichol
1445 2310 1625 2354 autem
1669 2299 1754 2353 in-

161 2405 505 2469 terpretatur
526 2413 585 2452 os
603 2396 858 2462 omnium,
873 2401 1097 2466 propter
1118 2392 1434 2448 rationalem
1457 2391 1755 2462 intelligen-

161 2494 330 2559 tiam,
352 2506 472 2562 qua:
492 2490 666 2562 logica
691 2488 912 2554 dicitur,
937 2503 1054 2558 quae
1080 2487 1248 2540 Deum
1273 2485 1486 2539 Patrem
1511 2483 1753 2539 omnium

159 2585 486 2649 Confitetur,
533 2591 596 2640 ut
623 2591 708 2638 est
732 2579 1078 2644 Abimelech;
1121 2586 1177 2632 et
1222 2580 1440 2648 propter
1469 2574 1751 2640 moralem,

163 2694 292 2749 quae
313 2678 489 2732 ethica
520 2676 860 2741 nominatur,
885 2687 1005 2744 qua:
1028 2672 1083 2726 in
1108 2686 1203 2726 ore
1231 2678 1316 2726 est
1338 2669 1577 2725 omnium
1602 2676 1658 2722 et
1684 2668 1752 2720 ad

159 2786 359 2826 omnes
403 2769 682 2840 pertinet,
738 2775 794 2821 et
839 2781 938 2836 pro
985 2763 1352 2820 communium
1404 2760 1754 2818 similitudine

156 2869 566 2934 prmceptorum
612 2861 665 2914 in
705 2859 948 2914 omnium
981 2871 1077 2914 ore
1100 2864 1366 2922 versatur,
1407 2869 1571 2925 quam
1613 2852 1752 2907 desi-

153 2955 352 3027 gnavit
381 2955 484 3008 iste
527 2951 736 3008 Fichol.
786 2951 853 3006 Hi
895 2950 1040 3005 enim
1082 2949 1306 3006 veniunt
1352 2947 1421 3002 ad
1454 2946 1749 3010 Abraham,

149 3049 284 3120 quia
330 3063 580 3119 regnum,
624 3045 709 3101 vel
751 3045 1054 3116 sapientes,
1103 3057 1196 3099 seu
1239 3040 1547 3115 philosophi
1597 3038 1753 3094 istius

1855 1935 2128 2006 prioribus
2168 1944 2224 1992 et
2265 1952 2334 1992 ex
2363 1939 2620 2009 praesenti
2671 1938 2812 2006 loco,
2841 1941 2986 2012 quod
3031 1940 3184 1996 Isaac
3225 1957 3335 1996 non
3373 1941 3446 1996 sit

1856 2034 2018 2082 natus
2044 2027 2112 2082 ad
2141 2043 2400 2098 quercum
2434 2029 2691 2095 Mambre,
2733 2031 2830 2087 sed
2878 2032 2930 2086 in
2961 2031 3204 2096 Geraris,
3251 2031 3341 2086 ubi
3388 2039 3445 2087 et

1854 2117 2123 2176 Bersabee
2145 2149 2154 2153 -
2180 2137 2352 2193 usque
2393 2122 2552 2177 hodie
2581 2124 2836 2194 oppidum
2866 2131 2969 2179 est.
3011 2122 3140 2191 Quae
3167 2123 3444 2194 provincia

1855 2219 1981 2265 ante
2011 2225 2118 2264 non
2148 2213 2352 2283 grande
2378 2220 2589 2284 tempus
2619 2230 2687 2269 ex
2718 2214 2984 2270 divisione
3022 2215 3309 2286 praesidum
3339 2215 3443 2270 Pa-

1855 2299 2078 2356 laestinae
2104 2298 2295 2374 [Petr.,
2325 2301 2635 2375 Palaestina]
2667 2302 2932 2360 Salutaris
2959 2315 3044 2361 est
3074 2305 3239 2360 dicta.
3273 2305 3445 2377 Hujus

1855 2393 1934 2449 rei
1961 2392 2244 2464 Scriptura
2275 2395 2428 2451 testis
2457 2403 2573 2462 est,
2604 2411 2725 2466 quae
2756 2397 2832 2452 ait
2857 2414 2870 2452 :
2898 2395 2968 2452 Et
2994 2397 3248 2452 habitavit
3277 2398 3444 2454 Abra-

1854 2485 1976 2538 ham
2004 2485 2056 2540 in
2086 2493 2232 2540 terra
2259 2485 2690 2544 Philistinorum.

1925 2575 2192 2630 Abraham
2219 2593 2337 2630 vero
2381 2576 2638 2648 plantavit
2669 2595 2849 2634 nemus
2879 2581 2935 2634 in
2964 2579 3240 2650 Bersabee,
3270 2583 3340 2639 et'
3359 2601 3443 2640 re-

1853 2666 2018 2736 liqua.
2047 2665 2250 2723 Nemus
2279 2669 2504 2724 arbores
2532 2678 2659 2724 sunt
2689 2672 2958 2726 umbrosa:
2985 2679 3039 2726 et
3065 2672 3432 2730 infructuosae.

1851 2758 2067 2814 Habent
2093 2760 2236 2814 enim
2272 2761 2378 2815 lata
2409 2769 2462 2816 et
2491 2776 2704 2817 amoena
2755 2761 2901 2828 folia,
2943 2771 3000 2818 et
3043 2764 3314 2833 significat
3346 2780 3441 2820 eos

1852 2864 1988 2920 quos
2025 2849 2188 2921 elegit
2231 2850 2491 2906 Dominus
2519 2865 2583 2905 ex
2625 2851 2898 2922 gentibus,
2926 2851 3017 2920 qui
3053 2860 3213 2908 erant
3242 2853 3439 2909 libera-

1852 2943 1994 3022 libus
2021 2943 2232 2998 artibus
2270 2943 2545 3010 instructi,
2571 2952 2626 2999 et
2658 2945 2816 3014 quasi
2847 2960 2946 3015 per
2980 2945 3082 3001 hoc
3115 2945 3440 3001 videbantur

1853 3035 2032 3106 magni
2070 3043 2126 3089 et
2156 3034 2388 3101 dilatati,
2419 3044 2476 3090 et
2500 3043 2680 3092 tamen
2712 3035 2831 3092 sine
2859 3037 3038 3092 fructu
3067 3035 3326 3108 spiritalis
3356 3037 3439 3094 in-

147 3139 344 3197 seculi
391 3154 489 3210 per
555 3139 850 3194 humanam
912 3135 1320 3207 intelligentiam
1369 3140 1632 3190 venerunt
1683 3128 1751 3183 ad
1784 3199 1820 3210 _
1856 3127 2198 3199 telligentiac;
2229 3143 2365 3199 quos
2386 3127 2684 3195 Abraham,
2720 3129 2926 3194 scilicet
2957 3130 3218 3187 Dominus
3247 3131 3436 3206 ac’Re-

147 3199 464 3298 Christum,
499 3230 860 3300 intelligenles
890 3229 944 3284 in
977 3199 1147 3298 signis
1172 3237 1226 3283 et
1257 3227 1534 3284 miraculis
1577 3225 1747 3280 Deum
1775 3199 1823 3263 C
1853 3217 2103 3288 demptor
2145 3226 2334 3273 noster
2367 3218 2421 3272 in
2453 3218 2721 3274 Bersabee
2744 3219 3029 3290 plantavit,
3065 3220 3120 3275 id
3153 3229 3238 3276 est
3265 3203 3436 3278 sacra:

147 3343 274 3384 esse
297 3341 427 3382 cum
455 3323 544 3380 illo
566 3323 620 3378 in
642 3322 914 3379 universis
933 3338 1054 3392 qua:
1075 3330 1278 3393 ageret.
1304 3319 1458 3376 Unde
1480 3325 1564 3374 est
1585 3317 1745 3372 illud:
1853 3309 2148 3381 Seripturae
2180 3310 2426 3378 inseruit,
2453 3324 2550 3380 per
2573 3326 2804 3381 quorum
2839 3312 3162 3383 eloquentia:
3185 3313 3436 3370 fecundi-

147 3417 301 3474 Deus
335 3425 450 3470 erat
477 3416 532 3470 in
560 3415 789 3481 Christo,
840 3413 1095 3468 mundum
1140 3411 1482 3468 reconcilians
1527 3409 1625 3464 sibi
1660 3407 1746 3480 (II
1852 3409 2016 3456 tatem
2042 3399 2154 3473 [Z.,
2176 3401 2585 3475 facunditatem]
2609 3417 2728 3458 eam
2755 3403 2809 3459 in
2837 3404 3122 3476 superficie
3148 3405 3435 3462 verborum

146 3509 276 3564 Cor.
327 3523 380 3573 v,
406 3507 517 3578 19).
561 3507 649 3562 Ait
693 3505 913 3578 quidem
947 3520 962 3559 :
992 3504 1130 3560 Jura
1160 3521 1282 3576 ergo
1333 3520 1424 3574 per
1477 3502 1642 3558 Deum
1684 3517 1748 3556 ne
1852 3491 2153 3547 adornavit.

149 3617 372 3666 noceas,
397 3615 462 3656 eo
484 3600 630 3670 quod
670 3598 858 3655 tandiu
879 3597 1154 3670 permansi
1181 3598 1234 3652 in
1261 3597 1564 3669 ignorantia
1587 3603 1751 3666 atque

148 3695 203 3749 in
238 3690 601 3752 inﬁdelitate;
647 3700 694 3744 et
724 3691 942 3760 posteris
971 3689 1122 3754 meis,
1163 3683 1532 3758 permanSuris
1564 3686 1619 3740 in
1650 3685 1752 3740 hu-

147 3798 322 3838 mana
349 3781 643 3853 sapientia;
668 3779 921 3851 stirpique
942 3793 1095 3845 mete,
1123 3776 1404 3832 meditanti
1429 3776 1569 3831 hanc
1592 3773 1750 3830 intel-

149 3875 464 3948 ligentiam.
494 3872 600 3930 Sed
639 3873 801 3945 juxta
851 3870 1262 3927 misericordiam
1293 3886 1451 3941 quam
1485 3869 1586 3939 feci
1633 3869 1746 3932 tibi,

149 3971 206 4026 id
232 3977 330 4026 est
356 3967 569 4039 corpori
597 3975 709 4034 tuo,
736 3965 878 4038 quod
909 3975 992 4021 est
1016 3963 1282 4029 Ecclesia,
1321 3961 1484 4032 facies
1526 3961 1673 4028 mihi,
1701 3969 1750 4014 et

150 4075 318 4120 terra:
340 4064 393 4117 in
422 4080 528 4134 qua
555 4070 788 4118 versatus
818 4079 871 4116 es
900 4061 1134 4126 advena;
1165 4068 1224 4114 ut
1243 4067 1327 4115 est
1352 4057 1481 4113 illud
1509 4075 1521 4111 :
1557 4056 1750 4127 Vulpes

149 4158 338 4228 foveas
384 4155 593 4222 habent,
635 4163 684 4210 et
731 4153 964 4209 volucres
1008 4151 1122 4207 cadi
1164 4151 1345 4217 nidos,
1391 4149 1535 4220 ﬁlius
1576 4136 1751 4203 autem

151 4249 390 4303 hominis
441 4263 547 4302 non
597 4246 748 4300 habet
802 4245 891 4300 ubi
934 4253 1087 4315 caput
1139 4258 1295 4316 suum
1344 4240 1555 4296 reclinet
1596 4239 1748 4311 (Luc.

151 4357 229 4406 ιι,
255 4339 374 4408 58).

223 4432 485 4502 Dixitque
514 4429 824 4484 Abraham:
857 4428 970 4498 Ego
993 4425 1220 4498 jurabo;
1251 4424 1404 4496 juxta
1439 4422 1567 4477 illud
1595 4441 1608 4476 :
1649 4422 1753 4488 Qui

151 4522 443 4578 crediderit
464 4530 511 4576 et
535 4521 832 4591 baptizatus
861 4518 1040 4589 fuerit,
1068 4517 1244 4573 salvus
1267 4517 1365 4572 erit
1394 4515 1609 4588 (Matth.
1636 4531 1747 4581 xw,

154 4614 270 4686 16).
294 4642 369 4654 --
392 4611 459 4666 Et
483 4611 769 4682 increpavit
794 4609 1087 4665 Abimelech
1110 4617 1321 4681 propter
1342 4615 1553 4678 puteum
1575 4623 1745 4678 aquae,

153 4721 312 4778 quem
342 4704 391 4758 vi
415 4701 740 4758 abstulerant
767 4701 902 4756 servi
942 4700 1120 4767 illius;
1149 4699 1276 4770 quia
1307 4698 1505 4755 multos
1539 4713 1607 4754 ex
1633 4715 1752 4756 cre-

152 4795 416 4853 dentibus
441 4802 738 4865 coegerunt
760 4791 826 4847 ad
857 4791 998 4847 idola
1023 4791 1311 4847 declinare.

227 4885 625 4958 Responditque
651 4883 988 4940 Abimelech:
1016 4884 1224 4939 Nescivi
1249 4883 1363 4955 quis
1400 4883 1577 4954 fecerit
1616 4885 1751 4940 hanc

153 4997 290 5036 rem.
317 4975 423 5033 Sed
447 4988 496 5032 et
523 4987 580 5032 tu
599 4994 705 5032 non
727 4976 972 5031 indicasti
993 4975 1140 5031 mihi.
1165 4974 1424 5042 Subaudi,
1454 4991 1629 5048 neque
1659 4992 1757 5047 per

151 5075 358 5147 legem,
391 5086 566 5144 neque
588 5088 687 5144 per
712 5072 1027 5143 prophetas.

234 5165 380 5220 Tulit
417 5165 592 5236 itaque
631 5163 900 5217 Abraham
925 5179 1062 5229 oves,
1103 5161 1353 5220 videlicet
1380 5161 1672 5233 simplices,
1705 5169 1756 5216 et

159 5258 339 5324 boves,
386 5245 594 5314 scilicet
635 5256 912 5322 doctores,
938 5265 987 5310 et
1031 5255 1173 5310 dedit
1214 5254 1544 5322 Abimelech,
1589 5255 1642 5310 id
1672 5263 1759 5310 est

159 5351 525 5422 sequentibus
581 5346 742 5420 hujus
798 5348 1007 5405 mundi.
1063 5345 1544 5419 Percusseruntque
1601 5346 1754 5402 ambo

161 5443 340 5514 [udus

238 5533 310 5589 Et
339 5534 524 5590 statuit
552 5533 821 5588 Abraham
861 5541 1055 5605 septem
1083 5547 1248 5604 agnas
1273 5532 1441 5603 gregis
1479 5546 1715 5587 seorsum
1734 5572 1750 5597 ,

158 5634 222 5685 ct
251 5626 480 5698 reliqua.
508 5625 612 5682 Per
638 5635 847 5696 septem
891 5641 1057 5697 agnas
1098 5623 1478 5696 signiﬁcantur
1502 5622 1752 5694 apostoli,

160 5718 502 5793 scptiformis
549 5717 786 5791 Spiritus
816 5718 988 5775 sancti
1015 5718 1189 5790 gratia
1237 5716 1447 5787 repleti.
1495 5715 1601 5772 Sed
1633 5716 1754 5772 ideo

160 5827 322 5888 agnae
350 5815 610 5896 dicuntur.
648 5815 775 5888 quia
818 5815 1060 5872 membra
1101 5812 1302 5871 Christi
1340 5807 1584 5886 'pariunt,
1615 5826 1754 5884 quos

1773 4566 1829 4627 D

2421 3563 2650 3620 CAPUT
2689 3562 2851 3620 XXII.

1927 3678 2086 3736 Vens.
2116 3679 2168 3733 I.
2195 3710 2262 3720 -—
2293 3678 2530 3734 Tentavit
2576 3679 2718 3736 Deus
2764 3681 3056 3750 Abraham,
3092 3691 3140 3737 et
3185 3682 3322 3736 dixit
3367 3684 3438 3737 4d

1851 3789 1988 3834 eum,
2023 3780 2077 3827 et
2116 3771 2346 3843 reliqua,
2379 3786 2661 3844 usquequo
2690 3772 2910 3840 dicitur,
2941 3771 3319 3844 appellavitque
3351 3789 3441 3828 no-

1852 3882 1970 3919 men
1996 3863 2098 3919 loci
2126 3863 2270 3920 illius
2292 3877 2312 3917 :
2337 3863 2594 3918 Dominus
2622 3863 2776 3920 videt.
2821 3897 2828 3904 ς

1922 3957 2101 4024 ρυωτί
2137 3956 2272 4013 solet
2312 3956 2582 4026 quomodo
2630 3972 2818 4012 verum
2855 3957 2927 4012 sit
2968 3957 3112 4026 quod
3158 3955 3436 4012 Abraham

1853 4049 1996 4106 Deus
2027 4059 2238 4106 tentare
2285 4051 2514 4118 dicitur;
2546 4065 2668 4106 cum
2697 4049 2930 4106 Jacobus
2968 4051 3151 4106 dicat:
3180 4050 3321 4106 Deus
3351 4068 3442 4107 ne-

1853 4145 2043 4198 minem
2073 4143 2280 4197 tentat?
2311 4141 2452 4214 (Jac.
2477 4159 2516 4208 ι,
2551 4141 2662 4213 I5.)
2688 4141 2803 4198 Nisi
2829 4143 2954 4212 quia
2984 4141 3256 4198 locutione
3294 4142 3442 4198 Scri-

1852 4246 2135 4308 pturarum
2165 4237 2304 4292 solet
2331 4236 2437 4292 dici
2479 4244 2688 4292 tentare
2717 4252 2814 4307 pro
2840 4250 2906 4292 eo
2931 4236 3075 4307 quod
3104 4245 3188 4292 est
3231 4237 3438 4306 probat.

1749 4377 1752 4380 .
1855 4330 2106 4386 Tentatio
2151 4346 2282 4386 vero
2316 4329 2404 4385 illa
2445 4330 2510 4385 de
2549 4345 2654 4400 qua
2689 4328 2921 4386 Jacobus
2949 4330 3100 4396 dicit,
3131 4345 3238 4385 non
3275 4331 3440 4386 intel-

1855 4424 2038 4496 ligitur
2082 4423 2186 4478 nisi
2232 4439 2338 4495 qua
2386 4423 2614 4492 quisque
2644 4429 2864 4493 peccato
2900 4421 3232 4493 implicatur.
3288 4422 3442 4478 Unde

1853 4517 2142 4590 Apostolus
2176 4518 2302 4573 dicit
2328 4535 2342 4571 :
2375 4517 2459 4572 Ne
2493 4517 2630 4587 forte
2659 4516 2931 4572 tentaverit
2955 4532 3044 4571 vos
3073 4515 3118 4571 is
3158 4515 3247 4587 qui
3277 4524 3442 4570 tentat

1855 4609 1906 4682 (Ι
1944 4609 2124 4664 Thess.
2168 4624 2250 4673 ιιι,
2285 4608 2362 4679 5).
2393 4605 2526 4663 Nam
2553 4617 2609 4663 et
2641 4606 2770 4662 alibi
2807 4607 3066 4679 scriptum
3103 4615 3188 4664 est
3215 4625 3228 4662 :
3259 4605 3444 4662 Tentat

1853 4718 1942 4756 vos
1971 4689 2255 4766 Dominus,
2287 4709 2343 4754 ut
2373 4701 2506 4754 sciat
2535 4701 2580 4754 si
2625 4699 2858 4771 diligatis
2895 4717 3015 4755 eum
3043 4699 3188 4771 (Leu.
3215 4717 3338 4766 xui,
3363 4702 3440 4770 '5).

1854 4794 2032 4850 Etiam
2071 4794 2176 4849 hoc
2207 4809 2408 4866 genere
2436 4793 2711 4864 loquendi,
2744 4803 2798 4847 ut
2824 4793 2980 4860 sciat,
3011 4794 3216 4849 dictum
3244 4803 3350 4863 est,
3382 4809 3447 4848 ac

1855 4885 1901 4940 si
1944 4885 2235 4949 diceretur,
2266 4891 2324 4938 ut
2358 4883 2498 4942 scire
2540 4897 2638 4940 vos
2667 4882 2865 4950 faciat;
2904 4885 3160 4955 quoniam
3189 4883 3333 4938 vires
3367 4882 3448 4937 di-

1858 4976 2106 5034 lectionis
2158 4992 2270 5032 suae
2328 4975 2604 5031 hominem
2665 4975 2866 5042 latent,
2916 4976 3020 5031 nisi
3073 4974 3448 5045 experimento

1858 5070 2024 5128 etiam
2067 5069 2243 5126 cidem
2292 5068 2650 5123 innotescunt.
2683 5067 2851 5140 Igitur
2880 5067 3158 5123 Abraham
3206 5071 3446 5119 tentatus

1857 5174 1942 5220 est
1971 5172 2032 5219 ut
2059 5163 2403 5235 probaretur,
2428 5160 2844 5232 justilicaretur,
2880 5167 3270 5232 coronaretur;
3301 5164 3361 5211 ut
3389 5165 3446 5211 et

1856 5257 1973 5328 ejus
2013 5254 2323 5313 obedientia
2356 5253 2447 5309 tali
2484 5252 2710 5324 probata
2745 5253 2995 5309 examine
3027 5248 3261 5322 posteris
3291 5248 3447 5304 inuo-

1855 5355 2111 5405 tesceret.

1929 5438 2094 5496 Vens.
2117 5437 2172 5492 2.
2208 5469 2280 5479 —
2307 5437 2460 5507 Quod
2490 5444 2673 5494 autem
2713 5435 2876 5500 dicit,
2923 5449 3082 5504 super
3108 5448 3271 5487 unum
3299 5447 3446 5508 mons

1863 5535 1995 5589 tium
2043 5549 2198 5604 quem
2247 5542 2604 5588 monstravere
2659 5531 2782 5595 tibi,
2835 5529 2988 5584 aiunt
3037 5511 3249 5585 Hebraai
3306 5529 3447 5584 hunc

1863 5637 2104 5684 montem
2139 5641 2260 5684 esse
2295 5627 2350 5682 in
2389 5641 2496 5698 quo
2528 5633 2714 5696 postea
2747 5622 3008 5694 templum
3043 5622 3323 5702 conditum
3365 5629 3445 5678 est

1863 5723 1918 5778 in
1949 5738 2077 5780 area
2109 5722 2311 5779 Ornam
2351 5719 2604 5784 Jebusati,
2637 5717 2780 5774 sicut
2805 5725 2861 5772 et
2903 5716 2960 5772 in
2995 5715 3447 5787 Paralipomenon

1863 5816 2126 5890 scriptum
2172 5823 2298 5872 est:
2333 5814 2402 5869 Et
2452 5819 2715 5884 ceperunt
2770 5796 3036 5884 adiﬁcare
3094 5807 3343 5880 templum
3395 5805 3447 5860 iv
