3970 6332
492 390 599 450 195

1531 372 1885 435 ANGELOMI
1919 360 2380 425 LUXOVIENSIS
2417 358 2729 421 HONACHI

3672 358 3782 418 {96

490 515 665 565 monte
708 502 885 562 Maria
928 496 1018 577 (ll
1048 500 1179 558 Par.
1211 517 1271 558 Ill
1293 542 1309 569 ,
1336 498 1414 574 6).
1458 496 1563 567 Qui
1600 494 1721 552 ideo
1767 474 2151 549 illuminans'A
2177 482 2350 577 bium,
2379 490 2457 548 ut,
2486 481 2531 539 si
2563 478 2781 577 quando
2809 475 3455 577 in‘angus‘tianconstituti
3494 487 3641 545 sunt,
3672 478 3783 577 Do-

493 601 881 671 interpretatur
905 604 961 653 et
991 595 1191 664 lucens,
1231 593 1359 665 quia
1385 591 1458 649 ibi
1488 597 1572 647 est
1605 586 1782 653 dabir,
1826 583 1933 638 hoc
1966 586 2081 646 est,

495 695 779 755 Oraculnm
818 694 936 750 Dei.

568 784 729 841 Vens.
757 782 812 838 4.
834 814 907 824 --
930 780 1129 838 Itinere
1158 781 1365 835 dierum
1404 770 1597 842 trium,
1628 780 1736 831 etc.
1781 767 2089 827 Notandum

497 879 641 952 quod
676 878 742 934 de
789 876 1010 934 Geraris
1057 888 1229 945 usque
1275 872 1343 929 ad
1384 878 1623 927 mentem
1667 866 1872 932 Moria,
1918 863 1971 918 id
2006 870 2092 918 est

499 970 670 1027 aedem
719 965 916 1041 [Petr.,
944 964 1153 1039 sedem]
1182 964 1387 1035 templi,
1416 964 1520 1019 iter
1543 962 1753 1018 dierum
1798 958 1962 1014 trium
1997 953 2089 1021 sit,

502 1068 560 1118 et
590 1067 992 1131 consequenter
1027 1057 1153 1113 illuc
1182 1055 1268 1112 die
1307 1054 1466 1111 tertio
1494 1051 1810 1125 pervenisse
1855 1047 2088 1104 dicatur.

503 1152 640 1211 Male
687 1154 852 1225 igitur
898 1151 1121 1223 quidam
1162 1148 1441 1205 Abraham
1481 1153 1675 1219 putant
1718 1141 1808 1200 illo
1852 1149 2095 1211 tempore

503 1246 571 1301 ad
611 1257 870 1316 quercum
898 1242 1176 1298 habitasse
1210 1238 1472 1303 Mambre,
1510 1253 1633 1293 cum
1664 1232 1790 1290 inde
1816 1246 1988 1302 usque
2026 1226 2096 1284 ad

506 1346 745 1393 montem
776 1332 947 1391 Moria
976 1334 1063 1389 vix
1092 1332 1253 1389 unius
1277 1331 1386 1388 diei
1432 1332 1538 1386 iter
1561 1328 1777 1402 plenum
1808 1323 1900 1380 sit.
1933 1321 2095 1389 Qua:-

2188 575 2320 631 mini
2351 581 2543 646 optant
2570 572 2772 629 auxilio
2799 568 3095 639 sublevari,
3124 571 3348 631 dicunt:
3378 570 3446 627 In
3476 580 3651 628 monte
3678 571 3787 631 Do-

2187 668 2361 722 minus
2385 665 2597 733 videbit,
2624 664 2729 721 hoc
2754 670 2859 730 est,
2888 664 3031 721 sicut
3064 663 3300 723 Abrahae
3336 661 3699 721 miserebitur
3726 672 3785 721 et

2189 759 2380 816 nostri.
2419 757 2573 815 Unde
2600 764 2656 813 et
2701 757 2918 829 signum
2954 755 3067 811 dati
3116 755 3305 815 arietis
3347 755 3527 813 solent
3573 751 3782 825 Ῥείη,

2191 850 2350 923 solet]
2376 848 2675 906 etiamnum
2699 864 2871 905 cornu
2896 846 3173 920 clangere.

2264 937 2428 994 Vens.
2446 937 2623 995 15-19.
2637 969 2706 979 -—
2729 934 2945 994 Vocavit
2967 948 3141 993 autem
3159 936 3375 1010 angelus
3389 932 3609 995 Domini
3621 936 3792 995 Abra-

2194 1031 2316 1087 ham
2346 1030 2574 1086 secundo
2599 1030 2662 1087 de
2688 1028 2817 1087 calo
2844 1031 3022 1087 dicens
3054 1045 3074 1085 :
3105 1030 3245 1099 Quia
3273 1029 3442 1102 fecisti
3480 1044 3593 1087 rem
3625 1030 3787 1099 hanc,

2193 1130 2243 1177 et
2280 1138 2387 1176 non
2415 1120 2688 1194 pepercisti
2717 1120 2829 1190 ﬁlio
2863 1130 2955 1177 tuo
2982 1122 3248 1195 unigenito
3272 1131 3483 1193 propter
3506 1138 3611 1177 nte.
3638 1119 3794 1177 Nun-

2197 1212 2327 1287 quid
2361 1212 2635 1269 Abraham
2682 1220 2907 1285 propter
2954 1213 3204 1285 angelum
3247 1229 3356 1271 non
3399 1212 3650 1286 pepercit
3694 1229 3795 1273 suo

2197 1304 2329 1371 ﬁlio,
2351 1313 2408 1362 et
2432 1320 2536 1361 non
2559 1314 2780 1378 propter
2802 1302 3008 1361 Deum?
3030 1305 3138 1361 Aut
3163 1306 3309 1365 enim
3332 1304 3511 1381 angeli
3542 1306 3791 1377 nomine,

508 1430 647 1487 ritur
659 1428 822 1484 etiam
842 1442 940 1482 cur
962 1426 1017 1482 in
1040 1425 1339 1481 tentatione
1353 1396 1586 1479 Abrahui
1600 1421 1737 1478 dixit
1758 1422 1899 1478 Deus
1917 1432 1932 1472 :
1951 1413 2098 1473 Tolle

2233 1415 2307 1469 uo
2346 1400 2595 1456 Christus
2638 1396 2976 1473 signiﬁcatus
3019 1408 3125 1467 est,
3154 1399 3248 1472 qui
3293 1399 3412 1455 sine
3452 1396 3622 1455 dubio
3652 1397 3798 1455 Deus

505 1517 679 1588 ﬁlium
707 1528 890 1583 tuum,
929 1533 1086 1590 quem
1116 1515 1316 1587 diligis,
1353 1513 1549 1570 Isaac?
1588 1511 1693 1567 nisi
1718 1518 1777 1566 ut
1808 1506 2100 1565 charitatis
2200 1498 2305 1590 θέῇ
2346 1499 2402 1546 ei
2430 1488 2716 1590 φθηίίξῖεῑθ
2743 1506 2775 1545 ³
2801 1491 3075 1590 Ρηξρδθίῆ
3098 1490 3293 1590 ἀίείυξ
3314 1497 3399 1547 θεῖ
3438 1489 3625 1562 ηιαφιὶ
3666 1506 3795 1544 ‘0"

506 1609 908 1676 admonitione,
953 1618 1013 1666 et
1055 1608 1294 1665 nominis
1339 1605 1735 1670 recordatione,
1787 1600 2101 1659 tentationis

2233 1583 2285 1638 ili
2314 1581 2551 1654 angelus.
2588 1583 2696 1638 Aut
2722 1582 2851 1654 quia
2884 1583 3025 1638 Deus
3060 1582 3115 1639 in
3138 1580 3351 1655 angelo,
3379 1590 3434 1640 et
3459 1598 3526 1638 ex
3558 1597 3797 1654 persona

505 1704 717 1776 pondus
749 1672 1208 1767 accumularetur,
1248 1708 1305 1756 et
1344 1709 1602 1772 paternus
1631 1698 1854 1755 allectus
1883 1703 2097 1765 torque-

2233 1674 2300 1732 tei
2349 1672 2571 1746 angelus
2616 1674 2967 1747 loquebatur,
3015 1674 3157 1730 sicut
3200 1674 3254 1730 in
3301 1673 3579 1746 prophetis
3630 1673 3798 1729 etiam

508 1765 663 1850 ietur
688 1808 757 1850 ex
786 1792 1051 1849 memoria
1078 1790 1450 1863 professionis,
1481 1791 1608 1845 dum
1635 1797 1762 1844 ante
1791 1788 1933 1843 Deus
1964 1783 2104 1840 dixit

2233 1769 2361 1826 olet.
2406 1766 2541 1823 Nam
2587 1767 2642 1825 in
2691 1767 3153 1839 consequentibus
3202 1766 3309 1825 hoc
3352 1765 3525 1840 magis
3574 1765 3802 1821 videtur

509 1884 577 1941 ad
604 1901 730 1941 etim
757 1903 771 1939 :
807 1882 876 1940 In
904 1852 1363 1938 Isaac-vocabitur
1389 1852 1485 1936 tibi
1515 1896 1709 1936 semen.
1736 1876 1903 1947 Quasi
1932 1875 1977 1932 si
2009 1873 2098 1930 ille

2235 1874 2485 1933 pparere,
2529 1856 2622 1914 ubi
2664 1856 2899 1931 legitur:
2941 1856 3012 1913 Et
3060 1858 3263 1915 vocavit
3308 1857 3526 1930 angelus
3570 1854 3803 1915 Domini

510 1974 874 2041 occideretur,
904 1983 1016 2030 tota
1053 1988 1177 2046 spes
1204 1972 1582 2047 promissionis
1624 1970 2003 2027 frustraretur.
2031 1966 2101 2022 Et

2233 1952 2469 2007 lbraltam
2509 1952 2698 2006 iterum
2726 1950 2791 2005 de
2832 1948 2960 2006 creto
2985 1963 3004 2003 :
3028 1968 3121 2024 per
3164 1950 3525 2023 memetipsum
3566 1949 3799 2023 juraui,

513 2086 615 2128 cur
634 2054 740 2128 non
763 2069 948 2127 statim
979 2069 1133 2125 licuit
1158 2068 1206 2123 ei
1238 2067 1486 2123 occidere
1513 2065 1706 2131 ﬁlium,
1729 2063 1825 2120 sed
1849 2061 2103 2119 triduana

2233 2045 2327 2100 Ticit
2359 2044 2633 2100 Dominus.
2661 2042 2801 2112 Quid
2845 2053 2931 2100 cst
2957 2046 3103 2116 quod
3137 2042 3374 2101 secundo
3403 2043 3471 2099 ad
3515 2040 3805 2101 Abraham

513 2163 726 2219 itineris
756 2175 907 2218 mora
943 2175 1067 2217 eum
1104 2158 1483 2215 immolaturus
1525 2172 1711 2214 secum
1758 2153 1882 2210 duci
1916 2153 2103 2226 jussus
2202 2136 2394 2195 eadem
2420 2144 2476 2193 ει
2519 2151 2626 2191 “0"
2658 2134 2783 2190 alii“
2809 2135 3201 2208 PmmiSSioneS
3227 2133 3452 2193 Ῑιιεΐῐιῐιί
3484 2132 3693 2193 Γπιεῖ
3725 2134 3809 2191 εἰ·

515 2255 633 2313 est?
660 2253 938 2323 Quatenus
962 2250 1301 2325 longitudine
1334 2248 1594 2321 temporis
1629 2245 1941 2303 tentationis
1971 2259 2105 2314 quo-
2205 2230 2428 2325 sumcf“
2453 2228 2675 2325 ἀυριυξη
2707 2242 2893 2325 semen
2921 2226 3432 2325 AP?“"§'9‘“{°P
3457 2238 3601 2325 esse.
3636 2244 3813 2325 ιιιιιξφ

517 2362 623 2420 que
650 2318 942 2419 augeretur
985 2318 1400 2400 incrementum.
1430 2318 1565 2394 liam
1593 2354 1689 2411 per
1717 2337 1957 2392 triduum
2000 2334 2106 2389 iter
2207 2322 2447 2388 carnale,
2486 2320 2633 2377 aliud
2662 2320 2927 2420 spiritale.
2961 2318 3086 2420 ideo
3126 2319 3263 2420 dixit
3290 2320 3341 2379 ei
3377 2319 3643 2420 Dominus
3676 2339 3695 2376 :
3728 2318 3814 2377 Sic

515 2411 876 2510 protenditur,
906 2441 963 2490 et
997 2448 1094 2505 per
1131 2440 1303 2489 totum
1335 2430 1573 2487 triduum
1608 2426 1985 2485 crescentibus
2013 2439 2108 2481 cu-

2233 2416 2306 2470 ‘rit
2345 2431 2523 2470 semen
2574 2422 2722 2469 tuum
2775 2414 2909 2468 sicut
2954 2411 3121 2468 stella:
3169 2413 3319 2481 cali,
3359 2423 3408 2469 et
3454 2412 3589 2471 velut
3643 2429 3815 2469 arm

518 2502 598 2585 iis
626 2537 849 2599 paterna
886 2502 1096 2581 viscera
1125 2523 1460 2588 cruciantur,
1506 2527 1566 2575 ut
1600 2518 1749 2575 omni
1777 2518 1884 2573 hoc
1930 2512 2108 2586 spatio

2233 2507 2394 2563 naris.
2424 2505 2483 2561 In
2522 2504 2695 2562 stellis
2738 2502 2860 2560 creti
2908 2502 3208 2575 spiritales,
3246 2504 3305 2561 in
3346 2519 3513 2562 arena
3555 2503 3817 2561 camales

519 2594 644 2674 (an;
665 2616 875 2688 prolixo
911 2614 1212 2670 intueretur
1250 2612 1419 2669 ﬁlium
1455 2620 1628 2684 pater,
1662 2608 1844 2666 cibum
1873 2622 1996 2664 cum
2040 2620 2108 2662 eo
2210 2598 2397 2655 volens
2424 2594 2540 2671 [Z.,
2564 2595 2776 2670 volunt]
2802 2596 3049 2670 intelligi.
3072 2596 3207 2653 Nam
3235 2598 3379 2670 quod
3404 2599 3480 2654 ait
3505 2597 3775 2670 superius
3798 2615 3811 2652 ε

520 2718 780 2778 sumeret,
809 2716 890 2765 tot
931 2708 1182 2764 noctibus
1210 2721 1344 2778 puer
1386 2704 1647 2776 penderet
1690 2703 1745 2757 in
1774 2697 2112 2772 amplexibus
2213 2689 2321 2747 Per
2346 2691 2703 2762 memetipsum
2721 2689 2923 2763 juravi,
2953 2691 3029 2744 ait
3056 2688 3337 2758 Dominus,
3371 2706 3522 2747 more
3566 2690 3818 2778 humano

521 2805 714 2877 patris,
744 2777 1037 2858 inhareret
1072 2777 1304 2870 pectori,
1342 2795 1613 2851 cubitaret
1640 2793 1695 2849 in
1726 2792 1951 2866 gremio,
1981 2803 2115 2861 qua—
2211 2780 2470 2877 loquitur.
2516 2778 2775 2877 Homines
2822 2779 2992 2877 enim_
3017 2796 3128 2877 per.
3174 2779 3409 2877 majores
3456 2778 3539 2837 sui
3591 2777 3816 2877 iurant.

525 2869 682 2952 ienus
716 2906 812 2965 per
842 2890 1055 2962 singula
1078 2869 1361 2946 momenta
1386 2886 1445 2943 in
1486 2893 1710 2959 paterno
1737 2880 1931 2939 allectu
1960 2878 2116 2937 dolor
2215 2872 2359 2929 Deus
2385 2880 2569 2927 autem
2604 2870 2880 2927 neminem
2910 2870 2993 2927 sui
3023 2869 3283 2942 majorem
3310 2871 3493 2939 habet,
3522 2880 3577 2927 et
3605 2871 3823 2929 idcirco

523 2962 804 3043 occidendi
835 2982 931 3038 lilii
956 2980 1413 3038 accumularetur.
2215 2980 2314 3040 per
2355 2966 2705 3037 semetipsum
2739 2963 2909 3034 jurat.
2956 2962 3064 3021 Sed
3107 2963 3295 3035 iurare
3329 2962 3426 3021 Dei
3456 2970 3540 3021 est
3572 2962 3821 3036 promis~

597 3070 763 3129 Vens.
808 3070 968 3127 5-H.
1002 3101 1071 3112 -ν
1104 3071 1164 3127 Si
1209 3068 1485 3125 Abraham
1542 3064 1914 3122 indubitanter
1961 3061 2119 3118 ﬁrmo
2218 3058 2400 3116 siones
2443 3070 2569 3113 suas
2609 3055 2878 3113 stabiliter
2914 3055 3154 3112 ﬁrmare.
3184 3055 3388 3112 Deinde
3414 3054 3557 3126 quod
3603 3054 3821 3125 intulit,

530 3162 714 3219 animo
754 3162 1029 3234 cogitabat
1062 3168 1309 3216 mactare
1335 3173 1568 3231 puerum
1608 3157 1839 3214 Domino
1882 3156 1936 3211 in
1964 3153 2118 3210 holo-
2150 3217 2193 3234 ⁸
2220 3148 2501 3222 possidebit
2544 3162 2718 3204 semen
2757 3157 2907 3203 tuum
2950 3156 3131 3220 portas
3188 3146 3521 3203 inimicorum
3556 3162 3827 3215 suorum,

534 3217 965 3322 caustum,qmd
999 3257 1085 3306 est
1120 3248 1265 3321 quod
1310 3217 1451 3304 dixit
1492 3247 1679 3319 pueris
1707 3247 1859 3302 suis:
1899 3240 2005 3299 Vos
2035 3259 2121 3299 εω-
2145 3217 2193 3281 c
2220 3217 2549 3315 spiritaliter
2596 3217 2960 3314 intelligitur;
2981 3240 3075 3297 Ait
3115 3241 3294 3309 enim,
3321 3240 3603 3314 possidebit
3641 3257 3828 3297 semen

26 4670 27 4749 l

28 4836 31 4879 ι

34 5194 37 5255 ν

38 5466 39 5535 l

533 3356 761 3420 spectate
794 3346 898 3401 hic.
933 3344 1049 3417 Ego
1077 3353 1125 3400 et
1152 3360 1305 3412 puer,
1354 3360 1474 3398 cum
1514 3341 1931 3407 adoraverimus,
1960 3356 2127 3396 rever-

536 3448 708 3495 temur
743 3437 815 3492 ad
843 3436 971 3493 vos?
993 3435 1160 3507 Igitur
1193 3443 1250 3492 et
1292 3433 1621 3490 indubitanti
1668 3433 1852 3489 animo
1883 3440 2127 3490 mactare

536 3544 662 3585 eum
688 3528 961 3594 credebat,
1002 3527 1125 3584 ideo
1153 3533 1447 3597 utrumque
1485 3524 1662 3581 laudis
1701 3532 1788 3580 est
1822 3532 1878 3580 et
1905 3523 1959 3579 in
1997 3539 2128 3580 con-

538 3622 739 3677 stantia
774 3618 1067 3685 efferendi,
1099 3625 1157 3674 et
1196 3619 1252 3672 in
1285 3615 1557 3673 conﬁdere
1587 3614 1785 3689 [Petr.,
1812 3615 1866 3671 in
1897 3614 2125 3688 findere]

539 3709 856 3767 suscitandi.
917 3707 1136 3764 Sciebat
1183 3705 1485 3763 certissime
1542 3704 1712 3760 Deum
1767 3702 1956 3760 fallere
2015 3719 2127 3760 non

538 3812 721 3873 posse,
764 3807 821 3854 et
848 3797 977 3854 licet
1005 3811 1141 3868 puer
1184 3794 1544 3861 occideretur,
1585 3794 2001 3866 promissionem
2046 3803 2128 3851 ta-

543 3903 667 3944 men
704 3887 799 3943 Dei
848 3886 1055 3943 salvam
1105 3898 1440 3958 permanere.
1471 3883 1626 3941 Unde
1665 3893 1719 3940 et
1760 3883 1960 3941 Paulus
1994 3900 2127 3958 apo-

544 3978 715 4037 stolus
745 3993 843 4050 per
883 3978 1145 4050 Spiritum
1191 3984 1440 4034 sanctum
1483 3976 1752 4033 didicerat
1791 3976 1923 4048 quid
1960 3975 2129 4031 animi

546 4070 825 4127 habuisset
850 4068 1125 4125 Abraham
1150 4068 1293 4123 intra
1319 4081 1398 4135 se,
1426 4067 1556 4122 dum
1586 4065 1748 4122 ﬁdem
1776 4065 1894 4136 ejus
1919 4065 2125 4135 laudat,

548 4166 715 4223 dixit:
736 4163 873 4220 Fide
888 4164 1153 4219 Abraham
1177 4178 1281 4218 non
1299 4162 1577 4230 hwsitauit,
1601 4178 1722 4218 cum
1743 4162 1957 4218 unicum
1978 4162 2131 4235 σπεν-

550 4268 658 4325 ret,
706 4259 761 4312 in
787 4273 890 4329 quo
918 4264 1187 4329 acceperat
1234 4255 1662 4328 repromissiones
1689 4254 1815 4326 quia
1846 4271 1881 4309 a
1905 4255 2131 4310 mortuis

548 4366 668 4407 eum
692 4350 1000 4406 resuscitare
1022 4356 1187 4421 potest
1208 4346 1351 4403 Deus
1373 4346 1547 4420 (Rom.
1562 4362 1634 4413 ιγ,
1654 4346 1770 4419 ‘20).

627 4442 781 4499 Unde
810 4441 955 4496 aries
992 4441 1093 4496 iste
1129 4439 1221 4511 qui
1249 4454 1351 4512 pro
1385 4438 1537 4496 Isaac
1566 4437 1878 4495 immolatus
1905 4444 2009 4505 est,
2037 4451 2132 4494 ve-

551 4536 671 4593 nit?
702 4534 853 4591 Solet
897 4533 1068 4605 quaeri
1112 4546 1181 4589 an
1210 4532 1279 4589 de
1308 4543 1457 4589 terra
1481 4533 1663 4590 subito
1691 4533 1766 4589 ibi
1799 4541 2018 4590 creatus
2046 4548 2134 4590 es-

552 4641 658 4698 set,
700 4629 784 4686 vel
829 4628 1045 4684 aliunde
1085 4628 1155 4685 ab
1178 4628 1372 4701 angelo
1415 4627 1644 4683 allatus?
1686 4628 1844 4684 Aries
1879 4628 1982 4685 iste
2026 4643 2134 4684 non

554 4724 850 4797 putativus,
875 4725 969 4781 sed
1006 4736 1170 4782 verus
1193 4738 1317 4780 esse
1351 4724 1655 4780 credendus
1679 4732 1782 4781 est.
1810 4724 1937 4780 Ideo
1964 4723 2137 4797 magis

557 4833 588 4874 a
619 4817 935 4874 doctoribus
963 4818 1263 4874 aestimatur
1295 4816 1510 4874 aliunde
1549 4833 1673 4874 eum
1711 4816 1963 4889 angelum
1992 4824 2138 4875 attu-

554 4907 684 4964 lisse
707 4922 871 4979 quam
897 4908 969 4964 ibi
994 4908 1061 4965 de
1091 4918 1237 4966 terra
1265 4916 1388 4980 post
1413 4923 1505 4965 sex
1535 4909 1746 4966 dierum
1771 4924 1937 4981 opera
1964 4908 2145 4966 Domi-

557 5018 688 5058 num
714 5014 1034 5074 procreasse

630 5093 811 5161 Quare
845 5088 1134 5164 appellavit
1165 5090 1442 5147 Abraham
1470 5104 1668 5148 nomen
1696 5088 1801 5148 loci
1847 5090 2012 5159 illius,
2040 5090 2147 5149 Do-

560 5187 733 5241 minus
750 5184 885 5241 videt
903 5186 929 5240 γ
952 5182 1227 5257 Nusquam
1250 5192 1335 5241 est
1354 5184 1500 5256 quod
1524 5184 1785 5241 Dominus
1809 5199 1917 5241 non
1940 5185 2143 5241 videat.

560 5276 709 5334 Vidit
737 5290 835 5351 pro
865 5277 1116 5349 apparuit
1160 5276 1319 5344 dixit,
1358 5277 1463 5334 hoc
1489 5286 1591 5344 est,
1621 5278 1795 5334 videri
1830 5275 1975 5343 fecit,
2006 5278 2148 5335 sicut

563 5371 640 5429 ibi
672 5390 686 5428 :
725 5371 794 5427 Et
828 5390 968 5428 nunc
998 5371 1233 5444 cognovi,
1259 5372 1385 5444 quia
1419 5372 1568 5428 times
1619 5371 1812 5439 Deum,
1846 5371 1900 5427 id
1929 5380 2014 5428 est
2043 5370 2148 5428 lcci

563 5471 628 5520 ut
652 5473 1011 5537 cognoscatur
1044 5480 1058 5518 :
1099 5478 1166 5520 eo
1198 5476 1397 5537 genere
1422 5462 1712 5520 locutionis
1738 5463 1865 5520 dum
1894 5478 1993 5536 per
2038 5462 2150 5520 etii-

563 5563 799 5621 cientem
826 5563 1165 5637 signiﬁcatur
1200 5561 1253 5617 id
1285 5561 1430 5634 quod
1474 5560 1721 5630 edicitur,
1752 5562 1893 5617 sicut
1937 5563 2153 5636 pigrum

564 5656 738 5729 Mgus
781 5658 1034 5726 dicimus,
1069 5672 1137 5714 eo
1176 5656 1322 5730 quod
1368 5658 1552 5731 pigros
1600 5656 1750 5714 facit.
1790 5655 1926 5713 illud
1971 5666 2152 5715 autem

566 5753 711 5824 quod
741 5750 917 5807 dixit:
950 5747 1098 5806 Unde
1148 5766 1308 5824 usque
1344 5750 1496 5808 hodie
1523 5750 1759 5807 dicitur:
1794 5750 2055 5807 Dominus
2097 5752 2154 5808 in

565 5850 743 5901 monte
769 5844 991 5916 videbit,
1022 5844 1217 5903 exinde
1245 5847 1389 5919 apud
1412 5846 1667 5906 Hebraeos
1693 5842 1826 5903 exiit
1853 5846 1906 5902 in
1932 5862 2154 5921 prover-

2225 3344 2395 3402 tuum,
2425 3333 2477 3390 id
2508 3342 2593 3390 est
2617 3332 2890 3400 Christus,
2914 3332 2996 3389 vel
3030 3330 3214 3389 ﬁdeles
3238 3332 3442 3407 quique
3468 3332 3525 3389 in
3549 3330 3829 3401 Ecclesia.

2223 3442 2455 3500 quorum
2480 3436 2537 3483 tu
2572 3434 2731 3500 pater
2758 3424 2870 3484 eris
2896 3441 2994 3497 per
3027 3425 3220 3495 ﬁdem;
3250 3434 3433 3500 portas
3455 3427 3829 3494 inimicorum,

2225 3520 2282 3577 id
2314 3528 2399 3577 est
2437 3518 2725 3576 inlernalia
2760 3518 2913 3587 loca,
2949 3534 3069 3592 quae
3116 3518 3399 3578 destructa
3440 3517 3659 3576 fuerunt
3706 3533 3830 3575 mo-

2228 3612 2402 3669 riente
2426 3613 2671 3669 Domino.
2701 3608 2812 3668 Seu
2841 3620 3019 3684 portas
3044 3610 3347 3681 possidebit.
3376 3610 3432 3668 id
3455 3619 3542 3668 est
3574 3620 3833 3684 peccata,

2226 3721 2325 3778 per
2346 3722 2465 3778 qua:
2480 3706 2588 3763 itur
2620 3706 2686 3762 ad
2715 3714 2966 3762 mortem.
2998 3704 3090 3763 Ille
3113 3704 3261 3762 enim
3284 3704 3555 3762 veraciter
3578 3704 3832 3778 possidet

2226 3807 2418 3871 portas
2441 3798 2806 3866 inimicorum,
2831 3798 2924 3870 qui
2950 3812 3057 3854 non
3078 3797 3365 3870 subjicitur
3385 3794 3510 3855 ullis
3533 3795 3836 3869 suggestio-

2228 3890 2388 3951 nibus
2418 3892 2819 3951 immundorum
2866 3891 3175 3963 spirituum.
3195 3889 3268 3947 At
3294 3904 3427 3948 vero
3456 3889 3502 3946 si
3525 3889 3652 3961 quis
3681 3889 3834 3947 hanc

2230 3987 2583 4043 tentationem
2628 3983 2946 4057 spiritaliter
2988 3983 3222 4056 pleniter
3262 3982 3507 4039 ediscere
3536 3979 3836 4056 [Z.,addi-

2230 4075 2410 4165 scere]
2436 4075 2691 4143 voluerit,
2715 4074 2828 4146 jam
2852 4088 2995 4146 saepe
3017 4073 3229 4147 prmlati
3255 4074 3359 4131 viri
3382 4072 3626 4130 libellum
3652 4072 3838 4147 legere

2232 4177 2409 4226 curet.
2442 4166 2702 4239 Sequitur
2727 4185 2741 4222 :

2302 4261 2464 4318 Vens.
2495 4260 2589 4317 20.
2615 4288 2690 4306 —
2723 4257 2818 4315 His
2837 4270 3014 4333 itaque
3031 4259 3188 4331 gestis
3211 4258 3514 4315 nuntiatum
3547 4266 3623 4314 est
3663 4256 3839 4315 Abra-

2230 4356 2354 4411 ham
2374 4354 2513 4427 quod
2539 4353 2745 4410 Melcha
2770 4370 2976 4426 quoque
2999 4354 3260 4426 genuisset
3281 4353 3425 4426 ﬁlios
3448 4353 3689 4422 Nachor,
3717 4354 3839 4425 fra-

2231 4453 2300 4507 tri
2326 4468 2444 4519 suo,
2485 4459 2543 4506 et
2593 4448 2822 4520 reliqua.
2883 4447 2997 4505 Cur
3019 4448 3167 4505 enim
3213 4448 3516 4509 nominavit
3547 4448 3694 4506 ﬁlios
3712 4446 3829 4505 Na-

2236 4543 2391 4611 cbor,
2432 4540 2617 4598 fratris
2648 4540 2927 4598 Abrahae?
2963 4538 3104 4610 Quia
3143 4539 3210 4597 de
3230 4540 3337 4599 illis
3392 4540 3482 4598 vel
3527 4541 3599 4598 de
3642 4557 3839 4601 eorum

2239 4636 2408 4708 stirpe
2444 4633 2649 4707 aliquid
2699 4632 2917 4691 celebre
2951 4642 3139 4706 postea
3190 4644 3404 4705 gestum
3441 4648 3566 4693 esse
3606 4633 3835 4707 legitur.

2239 4727 2411 4800 Igitur
2433 4724 2604 4793 Chus,
2650 4725 2717 4782 de
2744 4724 2901 4797 cujus
2920 4722 3022 4783 Job
3050 4725 3219 4797 stirpe
3243 4725 3547 4794 descendit,
3570 4726 3839 4797 scriptum

2245 4830 2329 4880 est
2350 4822 2406 4878 in
2425 4818 2651 4877 exordio
2683 4817 2976 4877 voluminis
3000 4816 3118 4889 ejus
3140 4836 3156 4873 :
3196 4814 3291 4873 Vir
3313 4816 3495 4890 fuitin
3510 4827 3657 4874 terra
3673 4815 3844 4884 σιω,

2247 4913 2349 4974 Job
2392 4913 2621 4970 nomine.
2680 4910 2821 4968 Male
2855 4911 3020 4984 igitur
3063 4909 3285 4983 quidam
3332 4909 3611 4969 testimant
3636 4907 3745 4967 Job
3776 4909 3847 4965 de

2252 5017 2413 5082 gente
2460 5007 2624 5063 Esau.
2687 5003 2972 5062 Secundus
3018 5014 3181 5060 natus
3226 5003 3294 5060 de
3323 5002 3530 5061 Melcha
3572 5001 3732 5069 Buri,
3774 5017 3845 5057 ex

2253 5099 2408 5172 cujus
2461 5112 2661 5175 genere
2698 5106 2782 5154 est
2823 5096 3045 5155 Balaam
3088 5095 3197 5164 ille,
3248 5095 3487 5165 divinus,
3530 5102 3596 5150 ut
3627 5090 3843 5153 Bebrxi

2253 5195 2497 5262 tradunt,
2548 5193 2640 5266 qui
2668 5194 2723 5250 in
2751 5192 2892 5249 libro
2918 5190 3020 5250 Iob
3046 5191 3248 5251 dicitur
3289 5190 3453 5261 Elin;
3484 5191 3727 5265 primum
3760 5188 3847 5247 vir

2254 5298 2476 5346 sanctus
2501 5297 2555 5346 et
2581 5289 2874 5361 prophetes
2901 5287 3021 5355 Dei,
3066 5296 3254 5363 postea
3282 5299 3382 5360 per
3417 5284 3845 5345 inobedientiant

2255 5389 2312 5437 et
2335 5380 2666 5438 desiderium
2695 5395 2980 5437 munerum
3003 5390 3257 5447 emeatus,
3311 5376 3440 5435 dum
3478 5376 3646 5435 Israel
3672 5374 3843 5435 male~

2256 5474 2441 5533 dicere
2469 5474 2638 5547 cupit,
2678 5473 2862 5530 divino
2900 5473 3166 5531 vocabulo
3200 5482 3571 5546 nuncupatus,
3617 5469 3847 5529 dicitur-

2254 5583 2360 5639 que
2400 5568 2457 5624 in
2496 5567 2686 5624 eodem
2737 5565 2916 5623 libro:
2954 5566 3024 5622 Et
3059 5566 3232 5622 iratus
3269 5563 3450 5631 Heliu,
3494 5562 3642 5620 ﬁlius
3675 5560 3845 5618 Bara-

2255 5662 2424 5728 chiel,
2459 5660 2703 5729 Buzites,
2756 5660 2824 5717 de
2854 5660 3016 5733 hujus
3070 5659 3322 5717 videlicet
3363 5656 3495 5713 Buzi
3525 5652 3714 5713 radice
3752 5654 3850 5711 de-

2256 5755 2541 5812 scendens.
2596 5752 2819 5810 Camuel
2846 5768 3061 5825 quoque
3096 5760 3251 5825 pater
3278 5758 3364 5807 est
3404 5746 3678 5815 Damasci,
3730 5746 3849 5818 ipsa

2255 5848 2403 5907 enim
2425 5847 2806 5906 vocaturAran
2830 5845 2942 5921 [Z.,
2963 5845 3160 5921 Aron],
3180 5861 3302 5918 qua:
3317 5839 3406 5900 hic
3415 5833 3517 5918 pro
3533 5840 3693 5917 Syria
3714 5836 3850 5895 scri-
