3970 6332
531 350 641 412 109

1570 337 1924 400 ANGELOMI
1960 335 2426 398 LUXOVlENSlS
2460 335 2770 397 MONACHI

3715 332 3827 402 200

532 464 816 539 Quomodo
863 475 1058 521 servus
1109 460 1345 519 Abrahae
1380 461 1434 517 in
1473 460 1733 533 petitione
1774 458 1913 530 signi
1959 453 2128 527 augu-
2153 462 2206 523 Α
2232 453 3022 531 (subintelligc:baptismatis)
3053 456 3272 512 inventa
3309 465 3395 514 est
3425 461 3492 516 ab
3532 462 3824 532 apostolis.

533 560 765 620 rationis
802 559 936 614 vitio
987 556 1288 628 culpandus
1341 570 1447 610 non
1496 554 1614 609 est?
1652 551 1810 606 Aliud
1860 557 1943 606 est
1977 550 2122 604 enim

533 657 733 714 mirum
778 652 982 723 aliquid
1019 659 1226 722 petere,
1277 648 1420 718 quod
1457 647 1628 717 ipsum
1654 643 1975 699 miraculum
2008 641 2120 715 [Z.,

535 750 655 821 ipso
701 743 984 817 miraculo]
1028 742 1326 814 signiﬁcat;
1356 739 1501 793 aliud
1531 736 1801 792 cstctiam
1857 735 2122 790 humanos

534 853 752 896 errores
794 834 1170 906 superstitiosa
1201 831 1458 886 vanitate'
1488 829 1540 883 in
1567 827 1847 898 auspiciis,
1884 843 2120 900 augura-

534 932 770 988 tionibus
804 937 860 984 et
905 923 1320 983 divinationibus
1352 922 1663 986 observare,
1726 935 1845 990 qua:
1876 920 2122 989 quaedam

533 1032 691 1098 pacta
739 1029 867 1078 sunt
904 1018 1179 1076 diabolica:
1243 1013 1654 1079 familiaritatis,
1715 1019 1781 1066 et
1834 1027 1943 1066 non
2001 1010 2122 1066 sine

534 1114 724 1188 grandi
762 1119 986 1184 peccato
1031 1105 1409 1178 ﬁuntquando
1454 1104 1606 1159 ﬁunt.
1657 1102 1793 1157 lllud
1822 1101 1990 1172 igitur
2037 1116 2125 1157 su-

532 1210 716 1282 perius
743 1205 1018 1279 petitionis
1069 1218 1239 1276 genus
1269 1199 1642 1270 comprobatio
1685 1206 1740 1253 et
1788 1197 2123 1267 computatio

532 1301 658 1357 ﬂdei
697 1301 869 1356 estad
907 1299 1099 1363 Deum,
1168 1295 1273 1351 hoc
1315 1293 1585 1365 posterius
1624 1288 1955 1346 inﬁdelitatis
1995 1303 2125 1344 con-

527 1393 740 1466 iunctio
765 1392 834 1446 ad
862 1387 1159 1444 diabolum.

2224 551 2292 606 Et
2312 551 2551 621 deposuit
2578 550 2822 622 hydriam
2848 567 3005 622 super
3025 550 3205 606 ulnam
3233 568 3408 618 suam,
3433 552 3633 608 elatam
3664 555 3820 609 scili-

2225 652 2312 699 cet
2359 643 2689 709 facundiam,
2727 652 2783 698 et
2837 642 3117 698 inclinavit
3177 660 3237 700 se
3287 645 3354 700 ad
3406 645 3819 714 humilitatem;

2223 725 2569 806 suscepitque
2605 736 2728 792 ﬁdei
2755 745 3108 803 ornamenta;
3144 739 3356 808 accepit
3377 739 3632 795 videlicet
3658 740 3824 795 inau—

2223 843 2314 884 res
2336 843 2550 896 aureas,
2584 827 2991 899 Scripturarum
3033 843 3250 900 quoque
3276 845 3489 896 sensus,
3517 840 3574 886 et
3609 831 3824 888 clarum

2225 920 2501 990 eloquium
2532 921 2763 992 argenti.
2797 919 2996 977 Secuta
3023 931 3107 978 est
3134 937 3378 989 servum,
3409 923 3460 977 id
3489 932 3573 978 est
3599 934 3828 982 sanctos

2223 1012 2630 1084 praedicatores.
2655 1013 2797 1070 Ecce
2819 1013 2960 1085 ston
2982 1023 3238 1070 currente
3259 1015 3691 1085 prmlibavimus.
3719 1017 3826 1074 Sed

2223 1103 2435 1176 plenius
2477 1113 2636 1160 beato
2667 1119 2807 1175 papa
2843 1103 3107 1176 Gregorio
3143 1115 3470 1176 exponente,
3497 1117 3560 1162 ut
3589 1108 3825 1179 legenti-

2224 1198 2326 1256 bus
2350 1197 2639 1265 elueescat,
2666 1198 2909 1255 inserere
2937 1199 3043 1254 nisi
3077 1215 3285 1255 sumus.

2294 1290 2548 1346 Aitcnim
2569 1290 2845 1346 Abraham
2875 1308 2888 1346 :
2915 1289 3062 1347 Pone
3084 1309 3302 1347 manum
3323 1302 3470 1348 tuam
3499 1295 3596 1350 sub
3627 1295 3826 1364 femore

2224 1399 2370 1449 meo,
2399 1391 2456 1438 et
2486 1383 2711 1454 reliqua.
2755 1383 2898 1451 Quid
2940 1396 3024 1440 est
3063 1385 3208 1455 quod
3257 1386 3537 1442 Abraham
3587 1403 3821 1458 puerum

601 1483 754 1552 Quod
775 1479 1159 1554 proﬁciscente
1184 1476 1471 1532 Rebeccaa
1495 1487 1510 1528 :
1531 1471 1695 1528 Soror
1715 1479 1896 1526 nostra
1915 1487 1989 1536 es,
2011 1485 2122 1524 cre-
2217 1471 2373 1542 jubet
2404 1473 2506 1530 sub
2551 1473 2756 1532 femore
2803 1490 2902 1532 suo
2949 1491 3172 1532 manum
3219 1491 3446 1547 ponere,
3476 1486 3535 1534 et
3559 1493 3665 1550 per
3701 1481 3823 1536 coeli

529 1595 646 1634 scas
668 1577 720 1631 in
745 1573 914 1628 millia
965 1571 1218 1636 millium,
1265 1578 1313 1623 et
1341 1567 1647 1622 ha'reditate
1672 1563 1901 1618 obtineat
1947 1577 2122 1616 semen

529 1680 678 1724 tuum
713 1674 889 1737 portas
911 1663 1246 1718 inimicorum
1288 1674 1527 1722 suorum,
1558 1670 1686 1710 num
1707 1654 1983 1725 prephetaa
2003 1651 2120 1708 fue-

527 1771 678 1826 runt,
714 1760 839 1830 quia
867 1757 973 1812 hoc
1003 1756 1281 1820 dixerunt,
1312 1751 1454 1823 quod
1477 1751 1532 1805 in
1563 1747 1744 1804 futuro
1780 1746 1974 1801 factum
2009 1745 2124 1801 fue-

2224 1566 2510 1622 Dominum
2565 1569 2773 1640 jurare,
2818 1569 2923 1626 nisi
2981 1571 3129 1640 quod
3177 1569 3322 1627 illius
3365 1587 3495 1627 caro
3543 1587 3648 1642 per
3699 1574 3828 1629 illud

2225 1660 2528 1716 membrum
2586 1662 2913 1717 descensura
2969 1673 3108 1730 erat,
3156 1664 3245 1734 qui
3292 1663 3635 1739 et.Abraha:
3686 1665 3827 1722 ﬁlius

2223 1763 2372 1810 esset
2397 1769 2464 1810 ex
2503 1754 2860 1822 humanitate,
2897 1765 2953 1810 et
2977 1755 3240 1812 Dominus
3265 1771 3331 1812 ex
3364 1756 3698 1812 divinitate?
3739 1758 3828 1814 Sic

532 1855 661 1911 rat?
691 1851 806 1907 Non
839 1849 1115 1920 propheta:
1141 1846 1377 1911 fuerunt,
1409 1851 1503 1898 aut
1529 1842 1767 1920 vanitate
1791 1850 1899 1896 tam
1929 1854 2124 1910 magna
2153 1839 2201 1901 B
2229 1849 2412 1919 itaque
2437 1849 2635 1905 dicitur
2658 1865 2827 1920 puero
2853 1849 3035 1906 :Poue
3057 1865 3279 1905 manum
3307 1849 3407 1905 sub
3439 1849 3656 1906 femore
3681 1866 3821 1915 meo,

527 1951 882 2019 optaverunt;
915 1941 1008 1998 sed
1037 1955 1130 1996 eos
1161 1938 1398 2013 [Suppl.,
1441 1934 1770 2007 benedictio]
1795 1950 1955 2006 quam
1994 1949 2120 2004 pro-

529 2038 756 2095 miserat
783 2034 926 2090 Deus
955 2032 1210 2096 Abrahae,
1255 2030 1423 2085 latere
1449 2043 1555 2083 non
1585 2027 1776 2100 potuit.

602 2130 808 2188 Deinde
835 2128 1078 2198 sequitur
1108 2125 1342 2197 qualiter
1384 2122 1539 2178 Isaac
1571 2138 1808 2193 egressus
1833 2120 2006 2191 fuerat
2052 2119 2122 2174 ad

530 2223 889 2282 meditandum
928 2223 982 2274 in
1016 2235 1224 2290 agrum.
1274 2217 1404 2284 Quae
1441 2223 1528 2269 est
1564 2211 1883 2269 exercitatio
1952 2210 2120 2278 Isaac,

530 2334 637 2391 qua
661 2333 720 2373 se
746 2329 1003 2372 exercere
1036 2311 1233 2368 dicitur
1261 2310 1315 2364 in
1347 2322 1538 2378 campo
1575 2308 1641 2361 ad
1664 2321 1946 2377 vesperam
1974 2307 1999 2360 ?
2039 2306 2125 2362 Si-

533 2411 754 2485 gniﬁcat
776 2417 954 2464 autem
994 2405 1096 2461 ista
1122 2401 1442 2459 exercitatio
1487 2400 1791 2456 orationem
1825 2399 2125 2454 secundum

529 2505 660 2562 illud
686 2501 829 2574 quod
859 2498 1118 2554 Dominus
1146 2493 1329 2550 orabat
1358 2494 1416 2549 in
1439 2503 1634 2548 monte.
1676 2491 1852 2546 Etiam
1888 2490 2040 2546 Isaac
2069 2491 2125 2546 in

531 2605 660 2670 typo
687 2591 900 2648 Domini
938 2588 1058 2645 fuit.

600 2687 731 2754 Quae
759 2693 846 2740 est
877 2682 965 2738 illa
993 2689 1135 2736 terra
1167 2678 1374 2744 Austri,
1404 2678 1498 2733 ubi
1531 2676 1814 2733 habitabat
1839 2675 1994 2732 Isaac
2026 2692 2118 2731 re-

527 2787 776 2836 vertente
799 2792 958 2834 servo
984 2774 1156 2847 patris
1185 2773 1268 2830 sui
1293 2787 1417 2828 eum
1439 2771 1724 2827 Rebecca?
1747 2769 1916 2826 Terra
1939 2771 2126 2827 Austri

528 2873 733 2930 Grrara
761 2869 1051 2940 signiﬁcat,
1075 2866 1220 2922 unde
1245 2881 1276 2920 a
1307 2872 1460 2936 patre
1482 2865 1551 2920 ad
1581 2861 1974 2919 immolandum
2007 2863 2124 2918 fue-

527 2975 613 3024 rat
637 2965 919 3022 adductus.

600 3056 741 3124 Quid
770 3063 854 3110 est
877 3052 1197 3108 theristrum
1221 3065 1329 3121 quo
1355 3063 1414 3106 se
1433 3048 1956 3120 operuit‘Rebecca?
1985 3048 2126 3105 The-

531 3149 754 3206 ristrum
785 3154 965 3200 autem
990 3142 1139 3214 pallii
1181 3141 1380 3197 dicitur
1409 3155 1580 3211 genus
1609 3141 1776 3195 etiam
1817 3156 1962 3196 nunc
1985 3139 2128 3196 Ara-

2227 1949 2281 1997 et
2296 1941 2420 2012 jura
2441 1957 2540 2013 per
2562 1943 2730 1998 Deum
2751 1941 2910 2010 C(Bli;
2936 1958 3000 1999 ac
3027 1943 3074 1998 si
3093 1951 3282 2014 aperte
3307 1941 3614 1999 diceretur:
3636 1942 3826 2014 Tange

2228 2033 2398 2089 ﬁlium
2430 2043 2720 2100 meum,'et
2755 2035 2879 2106 jura
2927 2051 3026 2108 per
3071 2037 3358 2092 Dominum
3405 2051 3610 2091 meum.
3673 2036 3824 2092 Unde

2228 2140 2329 2180 nec
2367 2140 2531 2196 super
2575 2112 2772 2192 femur,
2815 2127 2909 2183 sed
2957 2127 3059 2182 sub
3098 2110 3571 2183 femore'manum
3615 2142 3827 2198 ponere

2223 2217 2465 2289 iubetur,
2496 2218 2624 2288 quia
2654 2234 2721 2273 ex
2768 2217 2860 2274 illo
2906 2217 3113 2275 femore
3159 2218 3253 2274 ille
3292 2219 3665 2274 descensurus
3714 2226 3826 2272 erat

2228 2311 2320 2381 qui
2344 2312 2505 2366 homo
2526 2311 2768 2382 quidem,
2791 2311 2886 2366 sed
2910 2325 3073 2382 super
3092 2325 3284 2366 omnes
3312 2310 3561 2366 homines
3579 2309 3820 2365 veniret.

2230 2405 2384 2462 Unde
2414 2404 2635 2476 dignum
2663 2419 2768 2460 non
2799 2403 2990 2466 fuitatt
3015 2419 3239 2460 manum
3263 2419 3426 2474 super
3453 2401 3628 2459 femur
3655 2418 3826 2473 pone-

2230 2505 2334 2563 ret,
2361 2497 2488 2568 quia
2525 2497 2671 2552 nulla
2699 2512 2829 2553 caro
2875 2513 3038 2568 super
3085 2497 3232 2553 illam
3277 2512 3499 2554 carnem
3541 2505 3625 2553 est
3657 2513 3824 2568 quam

2229 2591 2284 2646 in
2325 2591 2695 2662 redemptione
2725 2598 2909 2647 nostra
2941 2591 3043 2647 sibi
3071 2591 3248 2647 Patris
3273 2589 3594 2664 Unigenitus
3619 2592 3823 2648 univit.

2299 2683 2440 2751 Quid
2485 2691 2570 2738 est
2608 2684 2752 2753 quod
2796 2683 2946 2739 Isaac
2988 2683 3187 2740 dilecto
3216 2683 3329 2739 ﬁlio
3350 2698 3488 2738 uxor
3509 2683 3576 2738 de
3603 2683 3827 2740 ﬁliabus

2228 2775 2656 2832 Chananaeorum
2685 2775 2808 2831 duci
2839 2776 3181 2846 prohibetur,
3210 2776 3312 2832 nisi
3337 2775 3478 2845 quod
3509 2775 3584 2830 illi
3612 2777 3697 2830 de
3726 2790 3827 2846 quo

2228 2869 2488 2940 scriptum
2525 2875 2646 2923 est:
2676 2867 2780 2922 Hic
2825 2877 2902 2922 est
2941 2865 2992 2921 F
2995 2867 3117 2923 ilius
3159 2885 3304 2923 meus
3345 2866 3589 2932 dilectus,
3632 2884 3705 2921 υτ
3733 2883 3826 2937 quo

2230 2961 2355 3016 milii
2379 2961 2671 3032 complacui
2695 2961 2910 3030 (Matth.
2933 2977 3018 3028 ιιι,
3043 2961 3156 3034 17),
3180 2961 3340 3016 nulla:
3360 2960 3603 3031 reprobm
3623 2964 3828 3016 anima

2229 3052 2668 3124 conjungunlur?
2709 3051 2786 3106 De
2831 3052 3156 3123 cognatione
3204 3059 3386 3107 autem
3435 3065 3662 3106 uxorem
3727 3052 3829 3107 ﬁlio

2231 3147 2498 3202 deducere
2525 3161 2717 3201 servus
2739 3145 3075 3216 prmcipitur,
3100 3144 3228 3216 quia
3253 3144 3366 3200 sola
3403 3152 3590 3200 sancta
3619 3143 3828 3201 electo-

527 3239 634 3295 bici
668 3235 1001 3302 vestimenti,
1029 3249 1137 3305 quo
1163 3232 1420 3288 mulieres
1445 3231 1740 3303 provincia:
1766 3232 1914 3289 illius
1940 3232 2126 3289 velan-
2153 3215 2201 3280 (ἶ
2232 3252 2351 3291 rum
2380 3215 2928 3310 Ecclesia‘unigcnito
2975 3215 3133 3292 Filioi
3160 3236 3460 3308 copulanda
3486 3245 3625 3301 erat,
3655 3252 3827 3308 quam

531 3340 950 3496 mgpiritaliter,
971 3434 1069 3491 per
1092 3416 1369 3473 Abraham
1395 3417 1540 3472 Deus
1564 3414 1729 3471 Pater
1750 3416 2122 3489 signiﬁcatur;

526 3531 637 3572 non
662 3521 723 3569 ut
763 3513 907 3567 Deus
933 3517 1206 3575 senescat,
1233 3509 1326 3564 sed
1354 3508 1470 3578 ipsa
1499 3508 1784 3579 prophetia
1813 3509 1880 3564 de
1907 3508 2126 3565 Christo

525 3612 582 3661 et
604 3601 850 3660 Ecclesia
879 3599 1036 3670 quasi
1061 3597 1174 3668 jam
1205 3613 1307 3668 per
1328 3606 1518 3654 aetates
1543 3608 1818 3654 senuerat.
1845 3599 1951 3656 Per
1974 3599 2126 3656 Isaae

525 3711 658 3752 vero
701 3691 966 3748 Dominus
1008 3689 1291 3754 Christus,
1327 3704 1429 3760 per
1459 3704 1678 3746 servum
1709 3698 1890 3745 autem
1942 3707 2124 3749 sermo

524 3787 879 3864 propheticus
904 3783 992 3840 vel
1021 3782 1370 3855 apostolicus.
1429 3782 1506 3838 De
1537 3798 1645 3852 quo
1671 3783 1836 3838 etiam
1885 3784 2082 3840 dicitur
2108 3804 2120 3840 :

531 3881 636 3948 Qui
661 3885 886 3951 praeerat
908 3874 1148 3930 omnibus
1175 3874 1322 3928 bonis
1347 3871 1562 3928 Domini
1583 3874 1688 3928 'tui.
1713 3873 1848 3942 Quia
1873 3874 2122 3944 apostoli,

527 3974 620 4044 qui
667 3969 926 4043 praesules
971 3967 1194 4023 fuerunt
1223 3965 1373 4023 omni
1414 3965 1671 4022 Ecclesia:
1711 3967 1830 4033 Dei,
1871 3967 2125 4024 omnibus

525 4064 822 4120 virtutibus
849 4061 1177 4118 exstiterunt
1201 4057 1382 4114 ditati.
1434 4058 1540 4114 Per
1567 4058 1807 4114 camelos
1837 4067 2017 4116 autem
2047 4060 2125 4116 si-

527 4155 856 4231 gniﬁcantur
893 4153 949 4209 hi
999 4152 1092 4224 qui
1133 4167 1198 4208 ex
1244 4151 1662 4207 circumcisione
1696 4151 2046 4208 crediderunt
2072 4161 2128 4208 et

529 4251 782 4305 doctores
801 4252 858 4301 et
885 4243 1164 4314 adjutores
1189 4243 1559 4315 apostolorum
1585 4241 1824 4299 fuerunt.
1860 4245 1964 4312 Qui
1988 4244 2129 4302 bene

529 4341 719 4398 decem
743 4339 1000 4395 dicuntur
1033 4345 1258 4410 propter
1280 4336 1608 4408 Decalogum
1637 4335 1789 4408 legis,
1815 4353 2127 4408 quanquam

527 4433 917 4506 praedicatores
946 4429 1107 4486 electi
1139 4446 1208 4486 ex
1232 4429 1485 4501 gentibus
1520 4428 1690 4485 velint
1720 4430 1940 4501 quidam
1971 4431 2128 4487 intel-

530 4523 644 4596 ligi.
678 4523 804 4580 Sive
829 4537 929 4594 per
952 4520 1192 4576 camelos
1219 4529 1400 4576 motus
1427 4519 1611 4575 carnis
1646 4519 2042 4592 intelliguntur,
2067 4529 2128 4576 ut

2231 3329 2346 3398 ipse
2375 3328 2698 3400 Unigenitus
2731 3346 2798 3385 ex
2825 3330 3299 3402 prtedestinatione
3320 3329 3435 3401 jam
3455 3337 3511 3388 et
3529 3334 3829 3402 priescien-

2225 3424 2302 3480 tia
2335 3434 2649 3481 extraneam
2679 3441 2786 3481 non
2817 3425 3055 3482 habebit.

2215 3569 2226 3580 ε
2300 3518 2432 3586 Quis
2464 3534 2593 3575 vero
2629 3530 2712 3577 est
2754 3536 2891 3592 puer
2933 3521 3025 3592 qui
3073 3521 3142 3577 ad
3188 3522 3562 3579 deducendam
3593 3535 3827 3577 uxorem

2229 3611 2484 3677 mittitur,
2516 3611 2622 3668 nisi
2657 3613 3046 3683 prophetarum
3081 3614 3216 3670 ordo
3239 3623 3403 3685 atque
3429 3612 3824 3685 apostolorum,

2229 3704 2577 3774 omniumque
2603 3703 2908 3770 doctorum,
2933 3704 3026 3776 qui
3057 3705 3185 3760 dum
3214 3705 3440 3763 verbum
3474 3702 3826 3775 praedicatio-

2228 3797 2315 3851 nis
2343 3795 2500 3851 bonis
2531 3796 2806 3851 mentibus
2851 3795 3079 3863 faciunt,
3103 3798 3173 3852 ad
3219 3812 3662 3869 unamquamque
3709 3797 3828 3853 ani-

2230 3904 2376 3944 mam
2399 3889 2678 3959 unigenito
2705 3888 2844 3945 Filio
2875 3890 3306 3962 coniungendam
3333 3891 3490 3962 quasi
3515 3891 3829 3961 provisores

2231 3980 2402 4036 ﬁunt?
2432 3981 2533 4050 Qui
2579 3999 2796 4054 pergens
2843 3999 3017 4038 secum
3065 3983 3129 4038 de
3159 3983 3307 4038 bonis
3348 3983 3590 4038 omnibus
3623 3984 3828 4038 domini

2231 4073 2315 4127 sui
2359 4072 2570 4140 detulit;
2604 4074 2732 4144 quia
2765 4075 2819 4129 in
2864 4075 2948 4132 his
2979 4091 3099 4146 qua:
3132 4075 3199 4132 de
3231 4075 3462 4132 Domino
3505 4075 3825 4146 loquuntur,

2231 4163 2286 4219 in
2316 4164 2623 4236 semetipsis
2651 4165 2916 4222 virtutum
2965 4167 3184 4224 divitias
3224 4168 3537 4233 ostendunt,
3573 4176 3634 4223 ut
3673 4176 3829 4225 tanto

2231 4256 2390 4314 citius
2431 4257 2498 4311 ad
2534 4260 2866 4328 sequendum
2897 4260 3068 4316 Deum
3108 4261 3458 4333 pertrahunt,
3486 4268 3696 4332 quanto
3729 4277 3826 4317 au-

2229 4347 2498 4404 ditoribus
2527 4349 2640 4406 suis
2665 4350 2720 4405 in
2747 4353 3055 4424 semetipsis
3085 4362 3393 4410 monstrant
3417 4369 3539 4425 qua:
3570 4363 3824 4409 narrant.

2230 4440 2407 4512 Atque
2431 4441 2602 4497 isdi-m
2628 4458 2762 4513 puer
2779 4442 2935 4513 juxta
2962 4444 3169 4501 fontem
3203 4446 3378 4512 stetit,
3409 4454 3574 4516 atque
3595 4460 3662 4501 ex
3686 4461 3826 4516 prre-

2233 4534 2340 4588 ﬁxa
2368 4535 2633 4589 sententia
2673 4551 2794 4606 quae
2818 4536 2994 4606 puella
3032 4537 3277 4607 eligenda
3312 4545 3476 4601 esset,
3507 4539 3823 4608 proposuit;

531 4619 733 4678 Paulus
759 4619 836 4675 ait
861 4635 877 4675 :
907 4617 1071 4674 Video
1100 4617 1263 4672 aliam
1308 4617 1474 4689 legem
1503 4619 1559 4672 in
1591 4617 1835 4671 membris
1865 4633 2014 4683 nteis,
2038 4633 2121 4670 re-

2232 4626 2356 4696 qnia
2379 4627 2764 4696 praedicatores
2789 4633 2963 4684 sancti
2996 4630 3137 4685 sacri
3173 4629 3373 4701 eloquii
3409 4630 3613 4685 ﬂuenta
3640 4645 3824 4685 consr-

529 4721 847 4786 pugnantem
877 4711 978 4784 legi
1001 4712 1187 4767 mentis
1219 4728 1368 4778 meae,
1393 4719 1500 4767 etc.
1537 4711 1711 4784 (Rom.
1747 4727 1845 4776 vn,
1867 4711 1980 4784 25).
2017 4710 2126 4767 Seu

531 4805 698 4861 etiam
721 4804 904 4861 senior
923 4819 1115 4860 servus
1139 4803 1430 4876 imaginem
1452 4804 1642 4860 habuit
1667 4803 1816 4876 legis,
1845 4819 1943 4875 per
1961 4821 2124 4876 quam

531 4915 732 4970 sponsa
762 4897 965 4955 Christi
994 4897 1234 4953 Ecclesia
1283 4897 1753 4969 despondebatur,
1794 4913 1958 4968 quam
2008 4898 2126 4969 ipsa

532 4993 777 5049 Rebecca
810 4989 1169 5063 signiﬁcabat.
1216 4990 1292 5044 De
1336 5005 1443 5060 qua
1472 4989 1521 5045 ei
1554 4989 1754 5045 dicitur
1778 5008 1791 5044 :
1819 4989 1942 5044 Non
1987 4990 2128 5044 acci-

529 5086 638 5156 pies
666 5100 780 5139 eam
807 5084 872 5138 de
909 5080 1596 5152 ﬁliabus-Chananmorum.
1641 5082 1937 5137 Chananzei
1979 5081 2125 5136 enim

532 5181 962 5253 interpretantur
995 5177 1270 5232 commotio
1311 5193 1514 5244 eorum,
1547 5178 1710 5233 corda
1749 5176 1998 5233 videlicet
2038 5177 2126 5231 in-

533 5273 826 5329 stabilium.
854 5270 1008 5326 Unde
1035 5269 1321 5325 Psalmista
1354 5288 1365 5322 :
1392 5268 1517 5324 Non
1538 5269 1628 5324 des
1655 5270 1706 5324 in
1731 5271 2128 5324 commotionem

533 5367 688 5437 pedes
708 5383 850 5422 meos
871 5365 1044 5435 (Psal.
1065 5380 1196 5429 cxx,
1217 5362 1295 5433 5).
1327 5363 1404 5418 De
1431 5378 1538 5432 qua
1563 5363 1726 5418 etiam
1751 5363 2124 5434 subjungitur:

541 5459 640 5517 Sin
671 5471 842 5515 autem
871 5459 1093 5515 noluerit
1123 5459 1268 5530 sequi
1295 5468 1364 5522 te,
1384 5474 1489 5512 non
1531 5458 1780 5512 teneberis
1799 5457 2125 5528 juramento.

537 5551 653 5610 Hoc
687 5563 770 5610 est
805 5553 948 5624 quod
997 5552 1258 5607 Dominus
1287 5553 1400 5604 ait:
1427 5549 1489 5602 Si
1526 5566 1612 5604 eos
1649 5550 1905 5620 persecuti
1931 5550 2126 5619 fuerint

533 5645 590 5701 in
617 5662 722 5700 uua
754 5645 990 5708 civitate,
1016 5643 1179 5714 fugite
1214 5643 1270 5695 in
1299 5640 1460 5695 aliam
1490 5639 1716 5712 (Matth.
1749 5658 1806 5707 ι,
1833 5641 1957 5714 25).
1998 5641 2130 5709 Quae

531 5737 730 5795 mulier
754 5753 979 5807 uespere,
1004 5737 1109 5790 hoc
1147 5745 1229 5791 est.
1255 5733 1308 5790 in
1346 5739 1501 5791 sexta
1531 5741 1710 5800 aetate,
1738 5733 1893 5804 juxta
1923 5734 2129 5794 fontem

611 5865 636 5893 ι
677 5852 837 5908 Deest
861 5851 949 5908 hic
981 5850 1184 5918 aliquid
1230 5849 1285 5906 in
1311 5859 1542 5921 utroque
1566 5849 1751 5940 codice

2232 4723 2446 4788 derant,
2471 4730 2634 4793 atque
2661 4737 2727 4777 ex
2760 4723 2892 4796 ipsis
2915 4724 3173 4796 colligunt
3207 4740 3328 4795 quae
3353 4723 3436 4781 vel
3465 4725 3668 4795 quibus
3697 4739 3828 4794 prm-

2233 4815 2520 4872 dicatiouis
2549 4833 2660 4873 suae
2685 4817 2850 4874 verba
2879 4819 3244 4886 committant,
3277 4826 3330 4874 et
3359 4833 3426 4873 ex
3449 4817 3651 4889 quibus
3679 4817 3826 4872 audi-

2234 4909 2440 4967 toribus
2469 4911 2721 4966 ﬁduciam
2753 4911 3097 4968 certitudinis
3125 4920 3426 4967 assumant.
3467 4909 3662 4966 Potum
3701 4924 3828 4966 vero

2230 5003 2416 5074 petiit,
2447 5005 2571 5075 quia
2603 5005 2926 5076 praedicator
2953 5007 3131 5061 omnis
3161 5009 3402 5061 animam
3435 5005 3520 5060 sui
3562 5004 3826 5060 auditoris

2232 5099 2366 5153 sitit.
2402 5097 2506 5155 Sed
2536 5099 2781 5155 Rebecca
2822 5109 3007 5170 potum
3046 5100 3294 5170 praebuit,
3327 5099 3454 5171 quia
3485 5107 3678 5155 sancta
3723 5098 3827 5151 ele-

2231 5199 2440 5245 ctorum
2471 5190 2718 5246 Ecclesia
2738 5191 3152 5262 praedicatorum
3182 5205 3404 5246 suorum
3444 5189 3720 5245 desiderio
3762 5201 3824 5240 ex

2231 5283 2447 5337 virtutis
2479 5299 2590 5338 sum
2621 5283 2724 5337 ﬁde
2755 5282 3037 5338 satisfecit.
3071 5281 3206 5350 Quia
3251 5280 3398 5337 enim
3445 5279 3638 5344 Deum,
3667 5291 3824 5349 quem

2232 5374 2454 5437 audivit,
2489 5373 2735 5429 confessa
2780 5383 2884 5440 est,
2911 5374 3255 5446 prtedicatori
3300 5387 3398 5427 suo
3439 5365 3637 5442 aquam
3691 5367 3826 5423 refe-

2235 5467 2428 5522 ctionis
2454 5466 2647 5522 obtulit
2669 5467 2893 5538 ejusque
2913 5467 3152 5522 animum
3177 5463 3538 5536 refrigeravit.

2309 5550 2375 5605 Et
2425 5550 2718 5605 notandum
2751 5549 2894 5619 quod
2941 5549 3189 5620 hydriam
3225 5548 3293 5603 ab
3334 5547 3562 5602 humero
3591 5545 3645 5600 in
3676 5543 3828 5599 ulnas

2237 5642 2446 5713 posuit,
2481 5643 2606 5712 quia
2654 5641 2742 5696 illa
2787 5650 2871 5697 est
2923 5642 3122 5713 placita
3170 5640 3438 5698 confessio
3483 5639 3829 5710 qutcabono

2239 5750 2401 5808 opere
2430 5737 2691 5808 procedit.
2723 5735 2817 5789 Vel
2856 5746 3003 5792 certe
3031 5752 3226 5807 aquam
3259 5733 3510 5808 praebuit,
3535 5733 3665 5804 quia
3688 5732 3743 5787 in
3762 5744 3830 5787 eo
