3970 6332
222 350 336 406 201

1546 349 1896 412 COMMENT.
1941 354 2006 410 IN
2041 353 2197 412 GEN.

3393 355 3501 410 202

223 469 380 540 quod
409 466 663 533 credidit,
689 482 858 524 vacua
886 482 994 525 non
1022 477 1301 526 remansit.
1346 467 1483 524 Nam
1517 483 1644 524 mox
1675 484 1818 540 pra-
1847 473 1900 532 Α
1922 469 2210 537 obtineret,
2241 477 2586 540 accepturum
2610 482 2672 526 se
2695 482 2818 526 esse
2857 479 3145 526 recusavit.
3197 469 3336 538 Quia
3372 481 3502 528 sunt

223 561 421 617 dicare
450 559 656 616 studuit
671 559 819 631 quod
843 559 1071 626 audivit,
1089 571 1149 617 et
1176 559 1417 617 docendo
1440 560 1637 616 multos
1661 576 1729 616 ex
1756 575 1814 616 se

222 654 616 725 pradicatores
659 652 903 723 protulit.
948 652 1102 723 Aqua
1145 652 1343 724 quippe
1391 651 1446 707 in
1493 651 1688 724 hydria
1731 663 1818 707 est

224 744 462 801 scientia
503 743 906 815 pradicationis
935 744 990 799 in
1019 759 1303 811 mensura,
1340 745 1466 814 quia
1496 753 1682 801 sancta
1709 744 1812 800 Ec-

225 837 396 894 clesia
441 838 623 894 studet
647 853 754 893 non
779 837 902 908 plus
935 851 1127 910 sapere
1155 854 1317 909 quam
1347 847 1562 909 oportet
1603 853 1812 909 sapere,

223 929 325 985 sed
355 944 546 1000 sapere
571 930 641 986 ad
664 930 1037 986 sobrietatem.
1064 929 1128 984 Et
1158 930 1351 1002 hydria
1393 945 1547 1000 aqua
1572 929 1628 985 in
1672 929 1815 985 ulnis

220 1030 313 1075 est
337 1020 586 1076 doctrina
627 1021 1024 1091 pradicationis
1052 1020 1106 1075 in
1135 1035 1322 1090 opere,
1353 1034 1474 1090 qua
1498 1036 1607 1077 non
1638 1019 1813 1076 solum

221 1109 346 1181 ejus
393 1111 706 1177 comitibus,
737 1111 831 1166 sed
869 1120 1056 1181 potum
1095 1110 1261 1166 etiam
1313 1110 1536 1166 camelis
1585 1111 1812 1181 prabet,

221 1202 354 1273 quia
383 1202 607 1257 verbum
631 1201 754 1258 vita
780 1217 886 1258 non
910 1201 1084 1256 solum
1113 1201 1490 1272 prudentibus,
1524 1201 1618 1257 sed
1647 1201 1814 1256 etiam

219 1297 408 1353 stultis
429 1295 707 1366 pradicat,
725 1294 880 1364 juxta
911 1294 1065 1350 Pauli
1086 1309 1277 1351 vocem
1298 1294 1528 1352 dicentis
1555 1312 1568 1348 :
1596 1293 1814 1365 Sapien-

221 1389 363 1444 tibus
402 1399 452 1444 et
497 1389 859 1460 insipientibus
903 1389 1106 1443 debitor
1133 1405 1249 1444 sum
1289 1388 1466 1461 (Rom.
1493 1404 1536 1454 ι,
1568 1387 1679 1458 14).
1718 1385 1815 1441 Vel

217 1492 370 1537 certe
396 1496 537 1551 aqua
565 1481 730 1536 etiam
748 1478 1011 1550 jumentis
1038 1481 1200 1536 datur
1239 1479 1452 1550 quando
1477 1494 1607 1536 cura
1633 1478 1813 1535 carnis

214 1571 495 1642 quomodo
539 1571 611 1627 sit
653 1571 933 1638 habenda,
978 1571 1312 1642 disponitur;
1345 1579 1405 1626 ut
1434 1585 1503 1626 ex
1541 1569 1814 1640 voluptate

213 1663 462 1733 impendi
501 1677 606 1719 non
645 1645 860 1728 debeat,
889 1670 944 1719 et
973 1671 1152 1719 tamen
1179 1662 1235 1718 in
1261 1663 1679 1719 necessitatibus
1706 1676 1814 1718 non

211 1762 468 1826 negetur,
501 1755 642 1811 sicut
665 1755 929 1826 scriptum
965 1764 1080 1811 est:
1107 1752 1295 1810 Carnis
1323 1772 1505 1810 curam
1530 1771 1593 1810 ne
1628 1754 1812 1825 feceri-

1916 559 2161 631 plerique
2199 561 2293 631 qui
2334 561 2584 618 doctores
2624 574 2752 617 suos
2779 575 2849 618 ex
2878 560 3266 632 temporalibus
3295 563 3504 634 stipeno

1917 655 2020 711 diis
2048 655 2327 711 continere
2363 655 2541 726 parati
2587 663 2734 722 sunt,
2758 655 2854 711 sed
2899 653 3284 726 praedicatores
3325 656 3504 712 sancti

1915 748 2195 818 percipere
2246 748 2436 805 nolunt
2483 747 2804 819 temporalia
2853 746 2957 804 nisi
3004 747 3158 820 prius
3215 746 3500 804 obtineant

1916 847 2138 894 aterna.
2175 839 2232 894 Si
2259 840 2406 895 enim
2435 839 2489 894 in
2518 839 2768 894 manibus
2810 837 3013 895 factum
3058 853 3166 895 non
3198 837 3497 905 inveniunt,

1917 941 2131 982 sumere
2159 927 2426 998 stipendia
2456 929 2772 999 corporibus
2799 936 3170 985 contemnunt.
3197 926 3310 984 Nec
3335 929 3504 999 pedes

1917 1033 2060 1088 aqua
2085 1017 2288 1084 lavant,
2322 1019 2448 1088 quia
2477 1019 2717 1076 laborem
2743 1019 2825 1074 sui
2856 1019 3110 1076 desiderii
3133 1017 3284 1074 nulla
3313 1033 3502 1075 conso-

1915 1109 2120 1168 latione
2148 1109 2348 1166 levant.
2388 1110 2511 1167 Mox
2562 1127 2693 1167 vero
2739 1126 2959 1167 causam
3013 1110 3248 1184 conjugii
3297 1109 3502 1167 domini

1915 1201 2002 1256 sui
2049 1217 2184 1272 puer
2227 1203 2484 1268 obtinuit,
2530 1218 2660 1260 vasa
2705 1217 2868 1259 aurea
2917 1212 3080 1274 atque
3131 1210 3410 1275 argentea,
3438 1216 3504 1257 ac

1914 1303 2096 1349 vestes
2129 1295 2375 1366 protulit,
2401 1281 2538 1366 quas
2582 1297 2842 1353 Rebecca
2873 1296 3048 1361 dedit;
3080 1296 3206 1367 quia
3251 1295 3504 1352 doctores

1917 1394 2115 1440 sancta
2159 1385 2416 1442 Ecclesia
2445 1386 2557 1442 suis
2603 1395 2681 1442 tot
2722 1395 3048 1444 ornamenta
3082 1386 3330 1457 prabent
3371 1393 3507 1455 quot

1914 1477 2175 1532 virtutum
2201 1477 2344 1533 dona
2365 1479 2685 1535 docuerunt.
2719 1478 2850 1546 Qua
2872 1477 3075 1533 etenim
3100 1477 3253 1548 prius
3281 1477 3503 1532 inaures

1915 1579 1972 1627 et
2003 1570 2245 1627 armillas
2291 1581 2594 1644 acceperat,
2619 1570 2734 1641 jam
2763 1587 2907 1627 nunc
2956 1586 3087 1627 vasa
3129 1585 3292 1626 aurea
3339 1579 3505 1640 atque

1915 1671 2194 1733 argentea,
2219 1678 2282 1719 ac
2325 1672 2506 1720 vestes
2547 1663 2775 1735 accipit;
2825 1664 2952 1734 quia
3000 1672 3188 1720 sancta
3228 1662 3502 1728 Ecclesia,

1916 1771 2036 1825 qua
2079 1766 2204 1813 ante
2248 1771 2348 1827 per
2394 1756 2578 1822 ﬁdem,
2621 1757 2984 1813 obedientiam
3028 1767 3084 1812 et
3127 1757 3503 1827 operationem

207 1849 281 1902 tis
333 1849 390 1902 in
435 1849 710 1904 desideriis
763 1849 942 1904 vestris
983 1848 1161 1920 (Rom.
1201 1865 1322 1916 xm,
1355 1848 1465 1921 l4).
1519 1847 1622 1916 Qui
1671 1849 1818 1905 enim
1846 1842 1894 1902 B
1920 1847 2183 1918 percepit,
2215 1862 2537 1904 excrescens
2566 1847 2910 1918 postmodum
2935 1847 3100 1902 etiam
3130 1847 3198 1901 ad
3235 1846 3501 1917 spiritalia

205 1939 358 1996 hanc
401 1941 457 1996 in
501 1941 784 1997 desideriis
828 1941 948 1997 ﬁeri
992 1940 1271 2012 prohibet,
1306 1940 1495 2012 procul
1542 1939 1707 1996 dubio
1753 1939 1810 1994 in

205 2033 543 2090 necessitate
568 2033 838 2100 concedit,
853 2031 1008 2103 juxta
1041 2034 1143 2089 hoc
1167 2033 1312 2106 quod
1340 2048 1554 2088 rursum
1579 2032 1806 2088 dicitur:

208 2121 392 2178 Nemo
439 2141 650 2179 carnem
689 2141 843 2180 suam
884 2125 1005 2180 odio
1051 2124 1254 2192 habuit,
1275 2125 1366 2180 sed
1407 2125 1572 2180 nutrit
1599 2134 1646 2180 et
1673 2125 1810 2196 {ovet

203 2232 329 2270 eam
359 2215 576 2287 (Ep/tes.
608 2233 670 2283 ιι,
702 2217 814 2289 30)-

285 2308 429 2364 Puer
462 2319 642 2367 autem
686 2310 949 2367 Rebecca
994 2312 1210 2368 inaures
1254 2320 1311 2366 et
1350 2311 1595 2366 armillas
1637 2311 1806 2378 dedit,

204 2406 344 2474 quia
375 2405 698 2475 praedicator
723 2406 957 2476 quisque
976 2413 1031 2461 et
1053 2405 1294 2460 auditum
1321 2414 1528 2460 sancta
1553 2404 1810 2460 Ecclesia

207 2511 311 2566 per
338 2497 706 2553 obedientiam
737 2505 794 2554 et
817 2513 1010 2553 manus
1029 2512 1126 2568 per
1148 2498 1305 2553 bona
1336 2496 1670 2568 operationis
1698 2512 1811 2553 me-

211 2590 383 2645 ritum
427 2598 676 2646 exornat.
715 2590 824 2646 Sed
855 2590 1075 2646 inaures
1107 2591 1337 2645 duorum
1368 2588 1624 2644 siclorum
1658 2595 1806 2654 sunt,

207 2681 444 2736 armilla
490 2690 674 2738 autem
713 2682 970 2739 siclorum
1019 2682 1225 2746 decem,
1255 2682 1382 2752 quia
1413 2682 1588 2752 prima
1635 2680 1809 2736 virtus

201 2773 538 2829 obedientia
569 2774 624 2829 in
666 2773 935 2830 charitate
963 2781 1073 2840 est;
1121 2788 1241 2844 qua
1278 2772 1529 2828 videlicet
1571 2770 1808 2826 charitas

204 2866 264 2921 in
314 2866 523 2922 duobus
569 2865 856 2937 praeceptis
884 2864 1252 2935 distinguitur,
1276 2872 1338 2918 ut
1363 2862 1507 2919 Deus
1533 2868 1588 2915 et
1623 2860 1809 2930 proxi-

203 2980 335 3019 mus
370 2962 644 3033 diligatur,
667 2971 724 3019 et
746 2971 892 3018 recta
918 2963 1162 3033 operatio
1192 2977 1260 3018 ex
1292 2961 1540 3033 Decalogi
1571 2957 1808 3029 comple-

201 3055 358 3110 tione
385 3053 684 3126 perﬁcitur,
711 3063 771 3109 ut
790 3069 914 3111 cum
943 3055 1081 3111 bona
1102 3055 1189 3130 agi
1216 3053 1504 3124 caperint,
1526 3051 1666 3107 mala
1690 3050 1807 3121 jam

201 3145 355 3200 nulla
403 3153 801 3216 perpetrentur.
856 3145 1103 3202 Rebecca
1159 3153 1335 3200 autem
1385 3159 1506 3200 esse
1556 3147 1613 3198 in
1643 3142 1806 3198 domo

1914 1939 2053 1995 dona
2099 1941 2448 2006 convalescit,
2493 1949 2554 1995 ut
2600 1940 2899 2011 prophetia
2936 1939 3128 2010 spiritu
3156 1947 3213 1995 et
3237 1940 3500 1994 virtutum

1914 2032 2087 2102 gratia
2113 2032 2340 2104 repleta,
2373 2031 2642 2104 ampliatis
2656 2031 2769 2101 jam
2793 2031 3106 2087 muneribus
3134 2031 3328 2088 discat.
3361 2029 3505 2087 Puer

1913 2138 2044 2180 vero
2085 2125 2246 2180 matri
2269 2124 2386 2195 ejus
2416 2140 2482 2180 ac
2510 2124 2667 2179 fratri
2695 2125 2835 2180 dona
2861 2123 3090 2190 obtulit;
3122 2124 3251 2194 quia
3281 2123 3502 2196 gentili-

1911 2225 2017 2282 tas,
2047 2230 2114 2270 ex
2150 2231 2258 2286 quo
2288 2216 2532 2272 Ecclesia
2560 2215 2630 2270 ad
2657 2214 2819 2270 ﬁdem
2855 2216 3036 2281 venit,
3065 2224 3188 2286 post
3214 2230 3505 2271 conversa-

1911 2311 2116 2367 tionem
2146 2309 2264 2380 ejus
2311 2311 2366 2366 in
2405 2310 2574 2380 gloria
2619 2308 2906 2381 temporali
2951 2309 3246 2374 convaluit,
3275 2307 3418 2364 sicut
3447 2314 3505 2364 et

1911 2417 2057 2458 nunc
2099 2401 2394 2466 cernimus,
2419 2402 2546 2471 quia
2575 2400 2774 2471 ubique
2817 2400 3112 2456 Christiani
3154 2397 3502 2455 alllictionem

1911 2495 2172 2561 sentiunt,
2200 2504 2255 2549 et
2280 2493 2508 2565 gentiles
2548 2494 2750 2564 quique
2791 2494 2848 2548 in
2890 2503 3104 2550 terrena
3155 2493 3355 2548 virtute
3382 2493 3499 2562 glo-

1910 2589 2139 2644 riantur.
2175 2587 2284 2643 Sed
2303 2597 2359 2642 et
2387 2587 2585 2644 fratres
2622 2587 2740 2658 ejus
2765 2588 2902 2644 dona
2931 2587 3257 2658 percipiunt,
3283 2586 3409 2656 quia
3445 2584 3501 2640 hi

1909 2680 2003 2750 qui
2038 2681 2091 2734 in
2131 2696 2195 2736 ea
2231 2679 2391 2735 ﬁdem
2429 2681 2757 2736 verbotenus
2794 2689 3001 2746 tenent,
3033 2680 3128 2735 sed
3166 2690 3345 2735 tamen
3377 2692 3502 2748 pro-

1909 2767 2199 2825 fessionem
2247 2786 2401 2825 suam
2445 2769 2687 2825 moribus
2739 2786 2847 2826 non
2892 2779 3181 2840 sequentes
3209 2768 3503 2826 carnaliter

1908 2861 2118 2926 vivunt,
2151 2862 2382 2932 benigne
2408 2877 2440 2916 a
2473 2861 2719 2918 ﬁdelibus
2765 2863 3020 2920 honorari
3068 2863 3244 2918 solent
3284 2877 3383 2932 pro
3433 2876 3500 2918 eo

1909 2953 2052 3022 quod
2071 2968 2192 3008 esse
2213 2952 2401 3009 ﬁdeles
2421 2953 2694 3009 videntur.
2719 2953 2894 3010 Mater
2915 2970 3044 3024 ergo
3064 2963 3118 3009 et
3137 2954 3333 3009 fratres
3355 2953 3498 3009 dona

1907 3038 2235 3114 percipiunt,
2265 3061 2296 3099 a
2341 3053 2488 3101 sorte
2533 3054 2712 3101 tamen
2765 3046 3096 3102 hareditatis
3127 3044 3326 3114 alieni;
3362 3047 3491 3116 quia

1911 3139 2026 3194 sive
2052 3139 2317 3206 inﬁdeles,
2342 3154 2439 3195 seu
2464 3138 2735 3205 carnales,
2767 3139 2860 3210 qui
2889 3139 3030 3195 intra
3058 3139 3186 3196 ﬁdei
3209 3139 3500 3211 professio-

199 3235 384 3306 patris
403 3209 705 3291 sui-locum
737 3235 1035 3306 spatiosum
1061 3235 1129 3290 ad
1156 3235 1482 3290 manendum
1502 3231 1797 3305 perhibuit,
1830 3209 1876 3274 (ἶ
1908 3247 2032 3287 nem
2081 3240 2366 3298 tenentur,
2396 3232 2464 3287 ad
2511 3209 2847 3287 hareditatis
2891 3239 3108 3287 atcrna
3149 3209 3350 3288 sortem
3388 3247 3495 3288 non

198 3328 340 3398 quia
363 3344 395 3382 a
424 3328 592 3397 priori
621 3327 732 3400 jam
777 3326 972 3397 populo
1015 3334 1221 3381 natura
1257 3327 1434 3397 legem
1464 3333 1653 3380 sancta
1691 3323 1796 3378 Ec-

200 3418 380 3474 clesia
409 3432 470 3472 se
493 3418 659 3474 scisse
685 3418 1027 3484 monstravit,
1065 3426 1121 3474 et
1146 3417 1518 3488 pradicatoris
1545 3417 1711 3473 verba
1740 3415 1796 3470 in

195 3510 395 3584 amplo
421 3510 703 3566 cbaritatis
723 3511 932 3582 gremio
957 3511 1213 3582 suscepit.
1244 3511 1463 3567 Doctori
1489 3511 1634 3566 enim
1674 3524 1797 3580 spa-

197 3605 382 3660 tiosus
429 3604 495 3659 ad
527 3602 854 3659 manendum
905 3603 1054 3659 locus
1095 3612 1178 3659 est
1223 3603 1278 3658 in
1324 3604 1590 3658 auditoris
1634 3603 1797 3658 corde

197 3694 436 3750 latitudo
481 3694 757 3749 bonitatis.
804 3693 957 3750 Unde
983 3702 1040 3750 et
1063 3694 1380 3766 quibusdam
1426 3694 1794 3750 dicitur:Ca-

195 3787 312 3858 pite
357 3787 772 3842 nos:neminem
817 3785 1082 3851 lwsimus,
1132 3787 1388 3840 neminem
1429 3787 1796 3856 corrupimus;

199 3895 314 3933 non
364 3880 738 3950 angustiamini
783 3879 841 3933 in
885 3879 1066 3943 nobis;
1099 3877 1476 3948 angustiamini
1525 3887 1699 3932 autem
1741 3878 1799 3931 in

195 3971 488 4026 visceribus
533 3971 718 4026 vestris
755 3969 841 4042 (Il
883 3969 1004 4025 Cor.
1035 3985 1134 4036 vn,
1167 3969 1277 4040 12).
1320 3970 1400 4025 Ac
1425 3969 1471 4024 si
1501 3969 1582 4024 eis
1611 3975 1798 4038 aperte

197 4069 483 4124 diceretur
527 4084 542 4123 :
586 4067 654 4124 ad
703 4066 1100 4138 suscipiendam
1144 4065 1450 4121 doctrinam
1504 4063 1797 4134 spatiosum

197 4162 388 4216 locum
435 4159 633 4216 mentis
675 4158 856 4224 facite,
887 4159 982 4215 sed
1008 4158 1076 4214 ad
1110 4157 1397 4228 cogitanda
1429 4154 1670 4211 carnalia
1696 4169 1796 4210 an-

199 4250 355 4324 gusti
401 4257 695 4307 remanete.
740 4249 894 4316 Quod
939 4248 1218 4320 palearum
1268 4262 1334 4303 ac
1367 4245 1476 4302 feni
1505 4245 1796 4317 plurimum

201 4343 454 4408 haberet,
489 4341 777 4408 indicavit,
808 4342 934 4410 quia
980 4349 1165 4396 sancta
1209 4337 1452 4394 Ecclesia
1481 4336 1645 4392 verba
1675 4337 1798 4392 vita

201 4435 457 4499 audiens,
489 4441 707 4489 terrena
756 4431 1019 4502 stipendia
1066 4429 1512 4502 pradicatoribus
1537 4427 1792 4495 reddidit,

199 4543 332 4597 qua
359 4527 486 4581 dum
515 4525 714 4582 Paulus
761 4527 915 4597 quasi
941 4541 1039 4596 pro
1079 4523 1248 4580 nihilo
1295 4525 1585 4594 acciperet,
1617 4522 1789 4578 dixit:

1903 3324 2149 3389 veniunt,
2175 3324 2269 3380 sed
2300 3332 2480 3379 tamen
2521 3339 2770 3395 supernae
2808 3323 3076 3396 largitatis
3101 3323 3329 3396 gloriam
3357 3332 3498 3380 tem-

1902 3413 2165 3484 poraliter
2191 3423 2620 3484 consequuntur.

1976 3505 2221 3562 Rebecca
2245 3515 2427 3562 autem
2448 3522 2571 3561 cum
2600 3506 2795 3578 puellis
2830 3508 2943 3564 suis
2974 3507 3152 3562 virum
3178 3517 3365 3564 secuta
3387 3517 3490 3571 est,

1902 3599 2031 3669 quia
2062 3607 2249 3655 sancta
2299 3598 2541 3667 Ecclesia
2595 3599 2759 3654 habet
2801 3615 2984 3655 secum
3034 3600 3261 3655 minoris
3309 3599 3493 3656 meriti

1902 3692 2112 3747 animas
2162 3691 2372 3748 sodales
2417 3707 2561 3747 suas.
2619 3691 2753 3747 Nam
2789 3693 2892 3748 etsi
2941 3693 2997 3747 in
3037 3692 3357 3763 quihusdam
3392 3707 3493 3762 per

1903 3798 2192 3839 ascensum
2213 3783 2412 3839 mentis
2434 3783 2488 3838 in
2517 3784 2675 3838 thoro
2700 3783 3174 3853 contemplationis
3200 3798 3307 3838 non
3335 3783 3493 3839 habi-

1903 3886 2001 3941 tet,
2048 3892 2170 3948 qua
2215 3876 2467 3932 videlicet
2523 3875 2657 3931 tales
2697 3876 2891 3931 anima
2955 3876 3112 3946 quasi
3142 3875 3334 3946 puella
3381 3875 3489 3930 Re-

1903 3984 2080 4025 becca
2111 3979 2274 4035 sunt,
2305 3970 2431 4039 quia
2462 3976 2764 4039 sequuntur
2797 3967 3063 4032 moribus,
3090 3968 3186 4024 sed
3214 3977 3393 4022 tamen
3420 3967 3490 4021 ad.

1903 4060 2378 4131 contemplationis
2409 4059 2624 4115 thorum
2666 4059 2890 4114 minime
2927 4060 3249 4116 ascendunt.
3278 4058 3416 4114 Nam
3432 4067 3490 4114 et

1901 4154 2074 4210 isdem
2125 4169 2260 4225 puer
2294 4153 2556 4224 quosdam
2598 4152 2788 4208 habuit
2842 4153 2896 4207 in
2931 4153 3234 4219 comitatu;
3277 4153 3401 4224 quia
3433 4159 3491 4208 et

1902 4263 2027 4304 cum
2057 4247 2260 4302 sanctis
2308 4245 2589 4317 prophetis
2633 4244 2852 4300 fuerunt
2876 4246 3094 4315 quidam
3124 4247 3215 4317 qui
3239 4247 3378 4303 bene
3402 4249 3486 4305 vi-

1900 4349 2113 4405 verent,
2137 4347 2193 4393 et
2215 4337 2512 4408 prophetia
2550 4337 2799 4407 spiritum
2832 4353 2939 4392 non
2967 4337 3250 4405 haberent,
3275 4348 3332 4394 et
3362 4355 3486 4396 cum

1900 4431 2075 4487 beatis
2101 4431 2361 4502 apostolis
2387 4438 2550 4500 atque
2586 4429 2900 4486 doctOribus
2929 4428 3083 4485 fuere
3119 4430 3366 4502 plerique
3391 4433 3486 4504 qui

1901 4523 2068 4576 vitam
2099 4522 2344 4578 moribus
2372 4528 2640 4586 tenerent,
2669 4528 2725 4574 at
2749 4519 3152 4590 praedicationis
3182 4509 3348 4578 verba
3378 4537 3485 4578 non

203 4582 271 4674 Si
305 4635 400 4672 nos
424 4618 563 4672 vobis
589 4582 849 4690 spiritalia
889 4618 1279 4684 seminavimus,
1303 4610 1550 4688 magnum
1579 4626 1653 4672 est
1684 4616 1729 4670 si
1759 4633 1794 4670 a
1819 4582 1875 4643 Β
1899 4624 2236 4688 promerent.
2265 4614 2519 4694 [festinus
2550 4622 2728 4668 autem
2763 4627 2899 4683 puer
2925 4612 2993 4668 ad
3020 4612 3296 4668 dominum
3323 4614 3483 4679 redit,

203 4711 354 4766 vobis
373 4711 611 4766 carnalia
633 4710 928 4766 metamus?
953 4709 1000 4781 (Ι
1033 4707 1155 4765 Cor.
1183 4725 1260 4776 ix,
1286 4710 1398 4780 ll.)
1501 4787 1503 4789 ι

279 4802 478 4859 Frater
522 4812 705 4859 autem
744 4803 1003 4859 Rebecca
1049 4811 1167 4858 erat
1202 4802 1408 4868 Laban,
1443 4803 1536 4873 qui
1584 4804 1796 4860 concite

203 4911 465 4967 egressus
490 4895 712 4951 inaures
736 4903 790 4950 et
815 4893 1055 4950 armillas
1092 4893 1295 4949 sororis
1323 4893 1615 4964 aspiciens,
1651 4894 1795 4950 intus

201 5003 438 5059 puerum
478 4986 710 5043 vocavit.
745 4985 880 5053 Quia
929 4993 1056 5041 sunt
1109 4982 1354 5039 carnales
1400 4983 1492 5054 qui
1549 4982 1796 5040 ﬁdelibus

201 5078 507 5148 conjuncti,
538 5079 631 5151 qui
677 5080 804 5135 dum
851 5077 1209 5149 Spiritualium
1252 5077 1392 5132 dona
1431 5077 1700 5148 aspiciunt
1742 5077 1797 5132 in

205 5172 571 5228 admiratione
613 5171 881 5242 suspensi,
912 5170 1014 5226 etsi
1043 5185 1151 5226 non
1179 5184 1348 5240 usque
1390 5169 1457 5224 ad
1494 5183 1678 5239 opera,
1713 5179 1794 5224 ta-

209 5283 344 5323 men
373 5267 427 5320 in
457 5265 699 5321 animam
743 5281 916 5336 usque
943 5266 1009 5319 ad
1053 5262 1452 5335 suscipiendam
1477 5263 1636 5318 ﬁdem
1668 5276 1793 5318 ver-

205 5363 338 5417 bnm
365 5361 762 5431 praedicationis
784 5359 1099 5415 admittunt.
1126 5357 1263 5426 Quia
1285 5357 1431 5412 enim
1453 5356 1624 5412 bonos
1651 5371 1795 5428 sape

205 5454 489 5510 miraculis
518 5453 723 5527 fulgere
749 5453 1120 5518 considerant,
1152 5466 1218 5507 ea
1244 5466 1365 5522 qua
1395 5450 1462 5506 de
1490 5451 1794 5506 aternitate

201 5547 462 5612 audiunt,
493 5563 598 5602 non
644 5555 918 5611 recusant,
949 5543 1200 5616 quamvis
1226 5550 1469 5598 sanctam
1496 5541 1791 5598 electorum

201 5636 510 5692 Ecclesiam
545 5636 784 5692 moribus
814 5651 924 5691 non
949 5643 1238 5706 sequentes
1267 5632 1323 5687 in
1348 5631 1557 5688 carnali
1600 5647 1793 5702 opera—

201 5733 356 5788 tione
383 5736 716 5785 remaneant.
750 5727 852 5796 Qui
877 5727 1064 5783 Lahan
1094 5724 1306 5799 paleas,
1336 5725 1542 5794 fenum,
1573 5740 1790 5796 aquam,

199 5839 399 5898 panem
426 5823 651 5889 ontulit;
683 5822 776 5878 sed
803 5837 956 5893 puer,
997 5820 1106 5878 nisi
1125 5834 1346 5877 causam
1375 5819 1528 5887 prius
1557 5819 1790 5890 conjugii

572 5916 847 5977 ΡΑτιιοι..
893 5912 1086 5976 CXV.

1900 4709 2029 4780 quia
2055 4693 2441 4779 praedicatores
2468 4705 2640 4760 sancti
2677 4720 2798 4759 cum
2833 4705 3176 4774 praedicando
3197 4705 3367 4761 vitam
3389 4721 3484 4760 au-

1901 4798 2164 4855 dientium
2188 4796 2457 4861 obtinent,
2496 4794 2570 4848 illi
2612 4811 2734 4849 mox
2773 4797 2978 4865 gratias
3017 4796 3248 4852 reddunt
3288 4797 3354 4851 de
3390 4812 3485 4850 cu-

1893 4891 1984 4962 jus
2013 4891 2115 4944 hoc
2137 4902 2360 4942 munere
2380 4894 2758 4957 perceperunt,
2786 4894 2847 4941 ut
2871 4886 2974 4943 sibi
2997 4887 3053 4943 in
3088 4902 3150 4943 ea
3170 4886 3484 4958 operatione

1900 4982 1977 5038 nil
2010 4980 2272 5047 tribuant,
2299 4979 2393 5035 sed
2413 4977 2656 5034 Auctori.

1973 5073 2053 5128 Eo
2087 5083 2264 5127 autem
2310 5082 2538 5141 tempore
2587 5069 2746 5125 Isaac
2797 5070 3163 5126 deambulabat
3207 5087 3300 5142 per
3342 5071 3480 5126 viam

1899 5185 2016 5240 qua:
2038 5165 2182 5220 ducit
2209 5165 2277 5218 ad
2292 5173 2529 5235 puteum,
2561 5163 2714 5234 cujus
2746 5180 2931 5219 nomen
2950 5175 3025 5218 est
3058 5161 3286 5218 Viventis
3314 5172 3362 5216 et
3395 5160 3481 5216 Vi-

1897 5260 2086 5314 dentis.
2112 5256 2245 5325 Quis
2294 5266 2379 5310 est
2420 5254 2607 5310 vivens
2661 5264 2717 5310 et
2749 5256 2957 5321 videns,
2990 5254 3094 5310 nisi
3138 5254 3480 5324 omnipotens

1897 5353 2063 5414 Deus,
2110 5349 2178 5404 de
2203 5363 2314 5418 quo
2351 5346 2613 5416 scriptum
2656 5354 2782 5401 est:
2834 5344 2954 5400 Vivo
2993 5361 3087 5414 ego
3123 5345 3176 5399 in
3201 5355 3476 5409 wtemum,

1895 5445 2024 5499 dicit
2048 5440 2348 5498 Dominus?
2371 5438 2450 5494 De
2477 5452 2586 5509 quo
2615 5452 2831 5491 rursum
2853 5435 3112 5504 scriptum
3138 5443 3260 5490 est:
3285 5435 3477 5491 Omnia

1897 5537 2042 5592 nuda
2067 5544 2118 5590 et
2161 5543 2342 5604 aperta
2369 5540 2490 5586 sunt
2542 5527 2709 5584 oculis
2749 5526 2862 5596 ejus
2885 5524 3089 5604 χθών.
3131 5523 3340 5600 tv,15).
3374 5525 3480 5582 Ριι-

1897 5639 2016 5685 teus
2039 5642 2170 5684 vero
2193 5601 2423 5681 viventis
2451 5631 2536 5677 est
2576 5634 2744 5676 sacra
2794 5601 3086 5686 Scriptura
3114 5617 3478 5690 profunditas.

1897 5738 2058 5795 quam
2088 5720 2246 5776 nobis
2284 5719 2353 5772 ad
2407 5713 2776 5783 irrigationem
2817 5709 3015 5766 mentis
3042 5710 3276 5782 prabuit
3303 5711 3482 5766 omni-

1896 5825 2088 5889 potens
2116 5813 2278 5867 Deus.
2317 5807 2446 5874 Qna
2487 5812 2568 5858 est
2601 5809 2780 5857 autem
2823 5802 2906 5858 via
2947 5803 3245 5872 qua-ducit
3280 5801 3348 5857 ad
3384 5817 3475 5871 pu.
