3970 6332
541 264 648 331 κε

1578 266 1927 327 ANGELOMI
1964 263 2424 325 LUXOVIENSIS
2462 260 2770 321 MONACHI

3691 264 3791 325 ΞΝ

540 400 688 452 tuum
714 389 947 447 viventis
979 394 1035 445 et
1075 388 1329 452 videntis,
1382 388 1486 443 nisi
1523 388 1801 443 humilitas
1841 387 2111 459 passionis
2136 384 2190 447 Α
2214 383 2428 440 dicens:
2454 381 2693 437 Elevatio
2718 396 2969 437 manuum
2992 395 3226 437 nieorum
3248 380 3568 449 sacriﬁcium
3593 398 3787 455 vesper-

539 484 837 558 Unigenitl,
874 492 975 554 per
1016 496 1182 551 quam
1218 480 1379 536 nobis
1416 489 1663 559 apertum
1692 484 1779 534 est
1822 479 1928 534 hoc
1966 479 2115 549 quod

537 579 693 651 prius
714 577 950 633 latenter
976 574 1274 647 Scriptum
1296 586 1466 628 sacrm
1498 570 1697 627 ﬂuenta
1722 570 2115 642 loquebantur?

540 666 654 728 Nisi
684 671 828 727 enim
860 668 1185 740 Unigmitus
1233 664 1328 722 Dei
1363 663 1531 719 Filius
1570 664 1906 728 incarnatus,
1937 672 2115 721 tenta-

539 773 651 829 tus,
696 761 1099 833 apprehensus,
1158 756 1398 827 colaphis
1451 771 1657 823 catsus,
1704 757 1880 827 sputis
1922 755 2112 823 illitos,

537 854 833 913 cruciﬁxus
863 868 928 909 ac
960 862 1207 908 mortuus
1236 848 1449 913 fuisset,
1493 849 1651 905 nobis
1669 848 1831 920 huius
1854 851 2020 919 putei,
2056 849 2115 904 id

537 950 623 1006 est
647 944 945 1019 Scriptum
973 954 1162 1009 sacrm,
1209 941 1549 1013 profunditas
1584 956 1695 999 non
1720 949 1951 1011 pateret.
1974 940 2117 1009 Quid

537 1052 669 1110 ergo
698 1034 975 1093 ﬁdelibus-
1002 1032 1278 1090 bumilitas
1332 1032 1603 1103 passionis
1637 1032 1754 1101 ejus
1812 1032 1957 1089 facta
2006 1042 2112 1099 est,

537 1129 643 1185 nisi
668 1128 835 1184 clavis
858 1126 1172 1199 apertionis,
1210 1134 1315 1195 per
1339 1134 1505 1195 quam
1537 1126 1855 1197 mysterium
1892 1127 1988 1183 Dei
2014 1141 2112 1197 po-

535 1226 651 1276 tum
678 1218 1004 1284 invenimus,
1026 1224 1088 1273 ut
1108 1228 1303 1288 aquam
1324 1217 1569 1273 scientia:
1589 1219 1656 1273 de
1685 1219 1955 1288 profundo
1979 1218 2113 1275 liba-

532 1313 754 1388 remusj
775 1310 1210 1371 incarnationem
1233 1313 1453 1383 quippe,
1498 1313 1831 1383 passionem,
1854 1321 2111 1378 mortem,

534 1406 991 1465 resurrectionem
1028 1416 1192 1476 atque
1242 1405 1622 1461 ascensionem
1662 1404 1809 1459 illius
1836 1404 1977 1459 sacri
2001 1403 2110 1460 elo-

532 1498 643 1570 quit
672 1496 882 1570 pagina:
908 1497 1234 1567 loquuntur;
1257 1509 1379 1566 quae
1402 1494 1531 1566 quia
1558 1493 1701 1550 facta
1734 1493 2110 1565 cognovimus,

523 1592 636 1660 jam
668 1605 815 1646 nunc
839 1589 1190 1662 intelligimus
1220 1588 1584 1644 audita.'ll:ee
1611 1597 1791 1642 autem
1830 1587 1980 1658 ptius
2006 1586 2111 1657 legi

528 1686 800 1751 poterant,
846 1679 942 1736 sed
990 1680 1121 1749 quia
1167 1679 1400 1735 necdum
1433 1687 1691 1742 venerat,
1738 1676 1966 1747 intelligi
2000 1689 2111 1732 non

2217 475 2384 531 unum
2414 470 2588 546 (Paal.
2608 487 2734 539 exs,
2755 470 2833 543 2).
2856 471 3000 538 Quid
3036 480 3125 527 est
3153 479 3335 527 autem
3378 470 3522 541 quod
3551 470 3787 529 Rebecca

2215 568 2283 627 ad
2333 567 2485 625 Isaac
2522 568 2684 623 dorso
2728 564 2921 623 cameli
2977 564 3289 631 deducitur,
3347 564 3455 620 nisi
3509 564 3652 637 quod
3701 582 3789 638 per

2218 657 2543 721 Rebeccatn,
2567 657 2706 715 sicut
2730 654 2940 731 praelati
2968 670 3175 722 sumus,
3202 653 3467 722 Ecclesia,
3507 665 3561 713 et
3588 671 3687 729 per
3710 673 3789 711 ca-

2221 749 2423 805 melum
2458 749 2548 804 cui
2578 747 2853 818 praesedit,
2886 754 3065 805 tortus
3092 746 3337 805 moribus
3377 755 3537 819 atque
3573 757 3788 804 onustus

2216 840 2480 899 idolorum
2535 837 2767 897 cultibus
2816 837 3100 913 gentilium
3154 838 3385 911 populus
3447 837 3787 910 designatur?

2215 932 2318 1001 Qui
2346 932 2490 989 enim
2528 946 2596 989 ex
2641 930 2949 1002 semetipsis
2991 930 3093 988 sibi
3131 931 3458 989 invenerunt
3495 930 3626 989 deos
3665 949 3789 1005 quos

2215 1026 2475 1091 colerent,
2510 1025 2666 1097 quasi
2693 1041 2725 1083 a
2759 1026 3068 1096 semetipsis
3094 1026 3176 1083 eis
3212 1040 3350 1082 onus
3396 1026 3452 1081 in
3479 1024 3645 1083 dorso
3691 1042 3781 1084 ex.

2214 1126 2461 1175 creverat
2486 1117 2630 1188 quod
2658 1124 2960 1189 portarent.
2992 1116 3239 1174 Rebecca
3282 1131 3412 1193 ergo
3437 1117 3508 1174 ad
3526 1116 3681 1175 Isaac
3704 1134 3787 1174 ve-

2214 1207 2370 1263 niens
2399 1208 2563 1265 dorso
2589 1206 2780 1265 cameli
2805 1208 3121 1275 deducitur,
3162 1208 3289 1278 quia
3321 1207 3391 1265 ad
3427 1208 3706 1265 Christum
3731 1225 3788 1265 ex

2213 1300 2520 1372 gentilitate
2567 1300 2809 1358 Ecclesia
2856 1315 3154 1373 properans
3192 1301 3247 1357 in
3282 1301 3440 1359 tortis
3485 1301 3789 1374 vitiosisque

2214 1378 2340 1447 vita
2392 1391 2595 1448 veteris
2660 1391 3167 1448 conversationihus
3216 1391 3514 1448 invenitur.
3570 1390 3701 1461 Quae
3741 1403 3789 1447 ut

2212 1482 2364 1539 Isaac
2387 1483 2542 1551 vidit,
2564 1484 2632 1540 de
2654 1483 2863 1541 camelo
2885 1484 3182 1551 descendit,
3216 1484 3346 1556 quia
3384 1493 3574 1542 sancta
3608 1483 3787 1542 Eccle.

2213 1575 2293 1632 sia
2316 1584 2523 1647 quanto
2568 1575 2991 1647 Redemptorem
3036 1591 3194 1633 suum
3235 1575 3493 1633 subtilius
3537 1574 3789 1653 agnoscit,

2214 1674 2366 1722 tanto
2401 1665 2636 1723 carnalis
2683 1666 2807 1724 vita:
2844 1668 3024 1723 studia
3064 1666 3326 1725 humilius
3363 1668 3569 1725 deserit
3592 1708 3610 1735 ,
3646 1676 3791 1738 atque

526 1770 796 1828 valebant.
835 1764 993 1826 Unde
1026 1776 1083 1825 et
1124 1784 1225 1839 per
1262 1768 1526 1825 Joannem
1564 1768 1800 1824 dicitur;
1844 1765 1977 1821 Vicit
2028 1765 2108 1823 ιεο
2137 1759 2186 1821 Β
2213 1755 2268 1813 in
2304 1758 2651 1829 semetipsum
2684 1757 2986 1814 tortitudini
3024 1758 3235 1815 vitiosae
3270 1759 3626 1817 contradicit.
3656 1758 3792 1816 Isaac

529 1863 594 1916 de
628 1861 767 1915 tribu
806 1859 948 1914 Iuda
992 1860 1196 1930 aperire
1242 1859 1462 1922 librum,
1504 1869 1556 1913 et
1597 1857 1792 1913 soluere
1834 1855 2109 1928 signacula

528 1951 846 2023 ejus‘(A‘pac.
888 1967 943 2017 v,
970 1948 1051 2024 θ).
1080 1950 1203 2023 Ipse
1223 1950 1373 2007 enim
1396 1950 1593 2007 librum
1617 1950 1829 2021 aperuit
1849 1956 1906 2005 et
1930 1949 2112 2021 signa-

528 2043 648 2100 Cula
678 2042 823 2098 imus
868 2042 1047 2107 solvit,
1074 2040 1181 2113 'qui
1221 2042 1495 2098 nascendo
1522 2082 1537 2107 ,
1577 2042 1880 2107 moriendo,
1924 2056 2106 2096 resur-

526 2135 699 2205 gendo
720 2142 885 2205 atque
912 2134 982 2189 a‘d
1014 2133 1182 2189 eteius
1212 2133 1557 2190 ascendendo
1600 2131 1898 2203 Scriptum
1940 2146 2108 2189 sacrae

520 2224 680 2280 nobis
699 2234 900 2279 arcana
922 2223 1204 2295 patefecit.
1229 2225 1299 2279 Et
1325 2224 1621 2280 notandum
1651 2224 1799 2294 quod
1836 2238 1945 2279 non
1974 2223 2110 2279 dici-

524 2320 655 2369 tur:
702 2314 1026 2371 Ambulabat
1080 2330 1182 2384 per
1211 2316 1354 2370 viam
1392 2330 1513 2385 quae
1553 2315 1705 2370 ducit
1742 2315 1809 2370 ad
1860 2323 2105 2384 puteum,

525 2404 618 2461 sed
661 2403 1050 2459 deambulabat.
1096 2403 1420 2460 Deambulat
1460 2405 1662 2475 quippe
1707 2404 1798 2475 qui
1846 2405 1987 2459 viam
2010 2419 2109 2475 per

521 2507 685 2565 quam
708 2493 975 2560 ambulat,
1000 2494 1178 2551 eundo
1196 2502 1252 2549 et
1284 2494 1559 2549 redeundo
1586 2493 1889 2551 conculcet.
1921 2494 1979 2549 In
2001 2495 2106 2550 hu-

520 2584 749 2641 militate
761 2594 942 2641 autem
962 2585 1237 2656 passionis
1262 2584 1527 2641 Dominus
1561 2585 1948 2652 deambulavit,
1977 2587 2105 2657 quia

518 2672 682 2732 modo
708 2690 740 2730 a
762 2675 965 2732 ludatis
990 2676 1282 2731 verborum
1316 2675 1696 2741 contumelias,
1737 2678 1896 2733 modo
1914 2686 2106 2733 contra

514 2784 579 2826 se
615 2768 813 2831 falsum
840 2769 1236 2834 testimonium,
1268 2768 1431 2824 modo
1468 2768 1655 2838 alapas
1683 2808 1699 2834 ,
1733 2769 1891 2825 modo
1916 2778 2098 2840 sputa,

516 2861 679 2918 modo
725 2863 968 2933 spineam
1002 2875 1260 2918 coronam
1286 2900 1302 2926 ,
1352 2860 1516 2915 modo
1558 2875 1774 2915 crucem
1826 2860 2105 2917 tolerando

517 2950 796 3006 sustinuit.
834 2950 1227 3006 Deambulasse
1250 2962 1380 3017 ergo
1410 2948 1465 3004 in
1506 2948 1810 3005 humilitate
1830 2950 2106 3020 passionis

514 3051 618 3106 est,
648 3050 735 3097 tot
766 3041 1123 3098 adversitates
1174 3049 1231 3098 et
1274 3041 1471 3113 probra
1509 3041 1738 3098 diversis
1771 3041 1947 3109 modis
2001 3043 2104 3098 ite-

514 3133 689 3190 rando
712 3132 1022 3203 pertulisse.

580 3223 689 3292 (ὶιί
708 3223 882 3292 lsaae,
903 3224 1150 3283 Rebecca
1184 3225 1458 3289 veniente,
1492 3225 1549 3279 in
1577 3234 1720 3279 terra
1751 3226 1979 3281 australi
2003 3227 2101 3281 Ita-

516 3317 676 3383 bitat;
718 3317 847 3388 quia
897 3316 1207 3388 unigenitus
1256 3316 1516 3371 Dominus
1544 3330 1609 3373 ae
1645 3315 1976 3388 Redemptor
1999 3333 2102 3373 uo-

513 3422 650 3481 iter,
677 3414 933 3468 veniente
960 3413 1029 3467 ad
1066 3427 1126 3468 se
1164 3411 1435 3477 Ecclesia,
1472 3411 1526 3465 in
1578 3409 1794 3467 illorum
1831 3412 2101 3469 mentibus

510 3506 712 3561 mansit
738 3519 877 3576 quos
916 3519 985 3560 ex
1033 3502 1220 3559 Iudaea
1266 3503 1442 3557 editos
1485 3518 1593 3582 non
1637 3504 1870 3574 tarporis
1894 3504 2095 3576 frigus,

512 3598 607 3656 sed
646 3598 832 3655 ferves-
864 3597 1150 3653 eba'ritatis
1182 3595 1375 3651 tenuit.
1422 3595 1504 3652 Ex
1548 3595 1641 3652 illo
1676 3597 1876 3668 quippe
1903 3598 2100 3668 populo

511 3693 666 3747 Aona
702 3691 1067 3762 prophetissa,
1110 3707 1176 3749 ex
1228 3690 1318 3747 illo
1364 3690 1588 3746 Simeon
1629 3691 1864 3757 exstitit,
1903 3692 1994 3761 qui
2042 3692 2096 3746 in

512 3784 668 3840 ulnas
699 3782 987 3841 Dominum
1038 3784 1268 3854 accepit.
1303 3783 1560 3855 Egressus
1606 3792 1789 3840 autem
1821 3783 1994 3854 fuerat
2029 3785 2099 3838 ad

508 3875 873 3931 meditandum
892 3875 955 3930 in
990 3891 1142 3946 agro.
1175 3874 1313 3942 Quia
1357 3890 1489 3947 ager
1529 3876 1765 3933 mundus
1787 3876 2093 3946 accipitur,

510 3966 628 4037 ipse
653 3976 752 4036 per
788 3979 847 4021 se
898 3966 1158 4035 Dominus
1205 3967 1431 4035 exponit
1476 3968 1705 4024 dicens:
1746 3968 1882 4039 Ager
1922 3980 2097 4024 autem

506 4065 586 4110 ut
616 4055 843 4111 mundus
870 4055 1087 4128 (lauit.
1116 4072 1194 4123 νι,
1237 4057 1351 4127 58).
1403 4057 1505 4125 Qui
1558 4060 1612 4113 in
1661 4059 1765 4114 hoc
1804 4073 2098 4130 expressus

510 4152 619 4212 est,
654 4148 799 4215 quod
826 4146 1056 4202 visibilis
1090 4161 1351 4217 apparere
1375 4149 1633 4219 dignatus
1667 4159 1771 4215 est,
1802 4151 1941 4206 sicut
1964 4151 2097 4207 scri—

507 4244 661 4307 ptum
706 4245 834 4294 est:
866 4237 1043 4293 Exiati
1086 4240 1142 4292 in
1186 4238 1409 4294 salutem
1450 4240 1629 4311 populi
1679 4243 1798 4307 tui,
1829 4254 1886 4296 ut
1924 4244 2096 4299 salvos

508 4331 679 4401 facias
707 4332 929 4386 chi-istos
973 4342 1092 4386 tuos
1125 4329 1356 4402 (Habac.
1409 4347 1489 4394 ιιι,
1540 4331 1648 4402 l5).
1692 4331 1881 4389 Solent
1911 4344 2092 4390 autem

508 4420 683 4475 exerti
723 4411 952 4489 iuvenes
990 4420 1048 4475 in
1096 4435 1373 4475 armorum
1429 4436 1583 4477 usum
1631 4424 1904 4480 meditari.
1940 4425 2091 4481 Isaac

2215 1848 2379 1919 igitur
2402 1848 2517 1903 viso
2547 1848 2847 1915 descendit,
2875 1848 3002 1920 quia
3038 1847 3269 1907 Domino
3296 1851 3514 1924 ceguito
3536 1851 3678 1906 vitta
3704 1867 3789 1907 sua

2212 1938 2485 2011 gentilitas
2511 1938 2770 2006 deseruit,
2806 1948 2862 1995 et
2907 1940 2977 1996 ab
3017 1939 3255 1998 elatione
3308 1940 3659 1999 celsitudinis
3696 1942 3789 1997 ima

2212 2028 2535 2085 humilitatis
2555 2030 2730 2101 petiit.

2282 2119 2423 2189 Quid
2459 2131 2544 2177 est
2569 2130 2748 2178 autem
2792 2123 2937 2193 quod
2981 2123 3131 2179 Isaae
3181 2125 3237 2179 in
3289 2120 3561 2181 camelum
3608 2124 3790 2182 sedens

2210 2209 2457 2269 Rebecca
2502 2213 2822 2285 conspexit,
2882 2214 2986 2271 nisi
3017 2215 3190 2286 .quod
3258 2215 3328 2273 ad
3378 2212 3787 2289 Redemptor-em

2210 2318 2366 2372 suum
2386 2302 2626 2359 Ecclesia
2655 2319 2724 2360 ex
2754 2305 3005 2376 gentibus
3036 2306 3278 2374 veniens,
3311 2306 3436 2362 dum
3453 2306 3642 2364 adhuc
3663 2308 3790 2363 vitiis

2210 2404 2355 2450 esset
2376 2395 2582 2463 innixa,
2610 2404 2665 2453 et
2700 2398 2927 2455 necdum
2961 2398 3298 2470 spiritalibus
3342 2400 3437 2456 sed
3467 2401 3785 2457 animalibus

2208 2485 2445 2543 motibus
2463 2486 2771 2553 inhaereret,
2802 2487 3068 2544 accessit?
3094 2487 3204 2545 Nec
3231 2503 3450 2546 movere
3474 2489 3642 2547 debet
3657 2490 3785 2563 quod

2206 2592 2343 2649 puer
2390 2593 2604 2651 quoque
2646 2595 2769 2635 cum
2823 2580 3046 2637 camelis
3100 2590 3342 2648 venerat,
3390 2580 3448 2637 in
3479 2584 3685 2654 quibus
3712 2584 3785 2638 sui

2209 2669 2413 2725 domini
2454 2670 2673 2727 divitias
2698 2669 2925 2728 ferebat.
2965 2664 3099 2741 Quia
3142 2673 3242 2745 ipsi
3280 2690 3497 2747 quoque
3534 2678 3788 2746 pnedica—

2208 2768 2359 2820 tores
2388 2764 2584 2829 sancti,
2613 2766 2861 2837 quamvis
2883 2766 2997 2836 jam
3040 2764 3107 2821 ad
3137 2768 3418 2839 superiora
3444 2768 3785 2843 intelligenda

2207 2860 2371 2924 atque
2395 2853 2717 2926 proferenda
2751 2865 2807 2911 et
2833 2855 3104 2913 intellectu
3127 2866 3182 2913 et
3204 2860 3311 2914 vita
3332 2861 3595 2929 emicent,
3626 2863 3786 2918 adhuc

2208 2943 2467 3001 tamenin
2487 2945 2795 3018 semetipsis
2816 2948 3300 3006 contradictionem
3323 2950 3505 3007 carnis
3524 2954 3781 3009 sentiunt.

2208 3036 2346 3094 Nam
2368 3039 2551 3095 vident
2578 3040 2737 3095 aliam
2763 3040 2937 3112 legem
2967 3047 3019 3097 in
3058 3044 3314 3101 membris
3339 3046 3452 3102 suis
3486 3062 3783 3122 repugnas

2130 3133 2176 3196 C
2210 3139 2317 3187 tem
2348 3131 2453 3203 legi
2480 3134 2677 3190 mentis
2705 3150 2834 3201 suae,
2863 3144 2917 3190 et
2943 3137 3303 3208 captivantem
3337 3139 3390 3194 in
3416 3138 3537 3213 lege
3556 3154 3781 3213 peccati.

2202 3224 2273 3279 Et
2298 3224 2517 3281 divitias
2558 3228 2611 3282 in
2655 3228 2877 3284 camelis
2916 3239 3166 3301 portant,
3208 3231 3336 3302 quia
3367 3247 3437 3289 ne
3478 3236 3785 3307 magnitudo

2205 3317 2592 3375 revelationum
2615 3321 2839 3377 extollat
2876 3337 2988 3388 eos,
3027 3323 3187 3378 datur
3206 3327 3286 3380 eis
3315 3325 3568 3383 stimulus
3617 3329 3785 3384 carnis

2203 3424 2332 3465 suae.
2384 3409 2594 3466 Habent
2635 3412 2780 3468 enim
2811 3412 3122 3469 thesaurum
3150 3415 3311 3471 istum
3335 3416 3392 3472 in
3420 3418 3564 3473 vasis
3600 3418 3775 3475 ﬁctili-

2200 3502 2325 3570 bus,
2355 3513 2417 3559 ut
2441 3503 2744 3562 sublimitas
2781 3506 2852 3562 sit
2890 3506 3106 3563 virtutis
3142 3506 3258 3574 Dei,
3301 3517 3357 3565 et
3404 3525 3512 3565 non
3553 3511 3660 3566 eis.
3690 3508 3782 3578 Qui

2202 3609 2334 3667 ergo
2364 3610 2464 3665 per
2491 3611 2711 3654 carnem
2743 3597 2987 3655 ctelestia
3036 3598 3329 3672 loquuntur
3351 3641 3367 3667 ,
3404 3610 3459 3655 et
3489 3610 3675 3658 tamen
3696 3604 3783 3659 ad-

2202 3686 2311 3741 huc
2365 3686 2421 3740 in
2476 3702 2641 3747 carne
2692 3690 3174 3747 contradictionem
3224 3690 3290 3747 de
3338 3693 3469 3748 vitio
3517 3695 3780 3760 sentiunt,

2202 3777 2332 3847 quid
2359 3776 2503 3834 aliud
2534 3794 2696 3848 quam
2748 3794 2911 3851 super
2949 3790 3190 3837 tortuosa
3239 3783 3570 3839 camelorum
3630 3785 3779 3842 dorsa

2211 3867 2431 3925 divitias
2452 3867 2670 3924 ferunt?

2271 3958 2514 4015 Rebecca
2545 3976 2675 4015 vero
2708 3960 2859 4017 Isaac
2906 3964 3041 4029 viso,
3079 3962 3200 4035 quis
3246 3962 3338 4022 ille
3370 3965 3534 4023 homo
3563 3967 3665 4035 sit,
3700 3983 3779 4024 re-

2199 4049 2400 4119 quisilo
2445 4065 2633 4120 puero,
2684 4052 2987 4124 cognoscit,
3032 4054 3156 4125 quia
3186 4056 3429 4127 quotidie
3472 4068 3667 4115 sancta
3692 4060 3784 4116 Ec-

2197 4139 2362 4196 clesia
2409 4141 2584 4196 adhuc
2631 4156 2729 4212 per
2775 4144 3164 4215 prophetarum
3208 4157 3373 4220 atque
3412 4150 3777 4221 apostolorum

2196 4234 2341 4292 dicta
2369 4237 2499 4311 quid
2546 4239 2612 4295 de
2648 4236 3010 4311 Redemptore
3051 4258 3149 4298 suo
3175 4242 3402 4301 credere
3437 4244 3658 4314 debeat,
3698 4252 3776 4303 in-

2197 4326 2408 4399 telligit.
2441 4326 2571 4397 Quae
2618 4342 2736 4385 sese
2780 4345 2903 4386 mox
2954 4331 3117 4403 pallio
3157 4330 3393 4404 operuit,
3422 4337 3549 4409 quia
3576 4348 3780 4410 quanto

2198 4417 2448 4472 subtilius
2481 4418 2781 4476 Salvatoris
2811 4423 2893 4476 sui
2927 4425 3177 4496 mysteria
3207 4436 3467 4499 penetrat
3487 4470 3502 4493 ,
3531 4440 3688 4487 tanto
3710 4431 3780 4485 al-

507 4527 638 4584 ergo
671 4514 739 4567 ad
766 4512 1133 4569 meditandum
1161 4513 1215 4566 in
1251 4527 1381 4584 agro
1409 4515 1561 4580 exiit,
1594 4516 1719 4587 quia
1752 4516 2086 4589 Redemptor
2116 4490 2169 4549 θ
2197 4511 2302 4566 tius
2333 4512 2398 4566 de
2421 4520 2670 4569 anteacta
2704 4516 2814 4570 vita
2851 4490 3226 4586 confunditur:
3262 4529 3316 4576 et
3353 4490 3498 4595 quiat
3517 4538 3777 4595 perverse

509 4620 569 4662 se
628 4606 980 4676 sequentibus
1042 4605 1272 4662 formam
1320 4607 1641 4665 humilitatis
1691 4614 1939 4680 praebens
1992 4630 2090 4684 per

507 4698 827 4755 exercitium
854 4697 1279 4770 longanimitatis
1304 4716 1414 4754 suae
1447 4703 1711 4770 passionis
1744 4703 1794 4757 in
1823 4720 1881 4759 se
1903 4714 1959 4758 et
1987 4720 2085 4774 pa-

506 4790 709 4846 tientia
760 4788 1008 4860 exempla
1062 4792 1400 4845 monstravit.
1445 4791 1721 4847 Mcditatio
1768 4794 1964 4864 quippe
2002 4812 2088 4850 ar-

509 4895 723 4935 morum
744 4887 830 4934 est
855 4877 1158 4948 frequentia
1186 4881 1524 4949 passionum?
1559 4880 1661 4948 Qui
1693 4883 1837 4937 enim
1862 4885 2083 4939 verbera

506 4986 797 5036 manuum,
849 4969 1127 5036 lanceam,
1191 4986 1407 5025 crucem
1478 4970 1720 5040 pertulit,
1775 4972 2079 5043 passionem

505 5078 660 5119 suam
686 5076 862 5133 usque
884 5062 951 5117 ad
981 5070 1211 5118 mortem
1245 5064 1296 5116 in
1336 5078 1395 5117 se
1446 5060 1790 5132 frequentem
1816 5066 2078 5136 permisit.

505 5157 800 5214 Passiones
845 5172 974 5213 vero
1026 5172 1178 5212 arma
1217 5157 1475 5222 dicimus,
1519 5157 1644 5226 quia
1692 5173 1787 5226 per
1840 5159 1983 5229 ipsas
2012 5162 2079 5217 ab

502 5251 812 5307 adversario
854 5250 1069 5306 occulto
1111 5249 1406 5305 liberamur
1430 5289 1443 5313 ,
1478 5249 1619 5305 sicut
1660 5265 1757 5321 per
1798 5267 1858 5309 se
1906 5255 2081 5324 ipsum

504 5342 764 5399 Dominus
789 5343 921 5398 dicit
956 5360 968 5397 :
1008 5342 1078 5396 In
1099 5342 1354 5412 patientia
1401 5350 1568 5401 vestra
1597 5345 1928 5413 possidebitis
1967 5347 2083 5401 ani-

500 5448 616 5487 mas
646 5442 839 5489 uestras
878 5431 1031 5506 (Law.
1073 5447 1185 5497 xxi,
1234 5430 1343 5505 l9).
1396 5430 1498 5498 Qui
1527 5431 1594 5488 ad
1634 5435 2002 5492 meditandum
2026 5437 2078 5492 in

503 5538 635 5597 agro
664 5526 921 5581 inclinata
964 5525 1080 5595 jam
1112 5524 1201 5581 die
1226 5524 1380 5590 exiit,
1419 5526 1544 5595 quia
1578 5529 1889 5597 passionum
1919 5544 2076 5583 exer-

499 5616 627 5672 citia
669 5615 823 5685 juxta
872 5615 1034 5671 tinem
1072 5616 1254 5671 mundi
1315 5618 1571 5687 suscepit,
1619 5619 1760 5674 sicut
1808 5635 1905 5689 per
1932 5618 2081 5674 Psal-

500 5711 714 5767 mistzuu
774 5711 840 5765 de
885 5709 1250 5764 erueiﬂxionis
1296 5725 1406 5765 suae
1451 5711 1799 5780 cxprcssione
1838 5711 2079 5782 loquitur

2195 4604 2366 4674 egerit
2397 4606 2811 4663 verecundatur.
2841 4606 3013 4665 Pallio
3041 4625 3099 4666 se
3136 4613 3351 4685 operire
3387 4616 3624 4682 curavit,
3653 4618 3774 4690 quia

2193 4695 2310 4750 viso
2356 4696 2581 4754 Domino
2613 4698 2981 4755 inﬁrmitatem
3035 4718 3146 4758 suae
3188 4705 3423 4762 actionis
3454 4708 3697 4777 erubuit,
3729 4718 3777 4762 et

2193 4788 2280 4843 illa
2312 4805 2431 4859 qua:
2459 4791 2609 4861 prius
2642 4793 2694 4846 in
2734 4793 2942 4849 camelo
2982 4793 3149 4851 libere
3194 4799 3527 4868 gestabatnr,
3558 4801 3777 4857 descen-

2191 4882 2346 4946 dens,
2376 4893 2561 4954 postea
2593 4886 2917 4942 verecundia
2958 4888 3177 4962 tegitur.
3209 4889 3362 4947 Unde
3391 4892 3571 4948 eidem
3598 4894 3775 4950 Eccle-

2190 4971 2338 5026 siaea
2376 4974 2542 5043 priori
2584 4974 2818 5031 elatione
2865 4992 3142 5035 conversae
3189 4996 3285 5051 per
3309 4983 3663 5053 apostolicam
3690 5000 3775 5040 vo-

2185 5078 2325 5126 cem,
2357 5068 2509 5134 quasi
2532 5066 2794 5124 Rebeccae
2819 5068 2887 5124 de
2916 5070 3125 5128 camelo
3156 5070 3527 5139 descendenti,
3565 5075 3774 5146 sibique

2186 5156 2401 5228 pallium
2443 5162 2827 5231 superduceuti
2876 5162 3074 5217 dicitur
3107 5181 3119 5216 :
3155 5162 3323 5231 Quem
3372 5167 3509 5219 enim
3542 5165 3773 5236 fructum

2185 5250 2440 5304 habuistis
2482 5263 2605 5308 tunc
2651 5255 2708 5309 in
2749 5253 2859 5311 illis
2909 5254 2964 5309 in
2999 5256 3186 5327 quibus
3237 5274 3375 5312 nunc
3423 5257 3773 5313 erubescitis?

2189 5338 2363 5412 (Rom.
2390 5358 2459 5408 γι,
2489 5345 2607 5417 21.)

2258 5433 2432 5503 Quam
2459 5434 2685 5492 lsaacin
2721 5437 3069 5495 tabernaculo
3114 5453 3225 5495 sua:
3254 5439 3447 5496 matris
3472 5440 3772 5496 introduxit

2185 5538 2346 5597 atque
2360 5544 2585 5585 uxorem
2610 5529 2838 5601 accepit,
2870 5531 2994 5602 quia
3019 5530 3139 5587 loco
3164 5528 3464 5604 Syuagogae
3488 5532 3769 5597 Dominus,

2183 5634 2247 5674 ex
2273 5637 2379 5690 qua
2428 5637 2525 5690 per
2575 5638 2792 5680 carnem
2835 5635 2994 5679 natus
3036 5634 3139 5691 est,
3188 5637 3430 5682 sanctam
3466 5624 3769 5682 Ecclesium

2182 5712 2393 5784 diligit,
2440 5728 2669 5784 eamque
2717 5716 2818 5772 sibi
2876 5716 2929 5771 in
2974 5733 3160 5775 amore
3197 5727 3251 5775 et
3309 5719 3767 5790 contemplatione
