3970 6332
163 359 275 418 205

1493 375 1845 438 COMMENT.
1889 381 1956 436 ΙΝ
1991 383 2146 444 GEN.

3337 409 3448 466 906

161 469 448 544 conjungit
473 487 488 538 ;
515 477 576 528 ut
607 487 728 544 quae
757 473 910 546 prius
935 479 1183 550 proxima
1217 497 1282 538 ex
1325 489 1670 556 cognatione,
1705 489 1756 544 id
1783 498 1832 554 Α
1861 491 2029 550 ditum
2057 505 2160 552 est.
2197 497 2336 568 Quid
2367 509 2452 560 est
2491 505 2634 576 quod
2671 508 2856 578 plenus
2885 513 3094 572 dierum
3123 519 3364 578 dicitur?
3387 523 3446 582 ιιι

161 573 250 620 est
275 563 492 634 cognita
515 579 614 636 per
631 567 1164 636 prtedcstinationem
1187 573 1386 644 fuerat,
1411 579 1754 650 postmodum

153 653 274 726 jam
307 657 596 728 conjuncta
647 659 700 714 in
747 670 1224 724 amore-continuo
1263 685 1399 728 uxor
1437 671 1550 728 ﬁat.
1579 673 1752 742 Quam

161 749 221 804 in
253 759 466 807 tantum
511 751 720 818 dilexit,
746 763 804 808 ut
836 755 1076 812 dolorem
1120 761 1212 830 qui
1249 777 1314 818 ex
1359 773 1532 822 morte
1563 769 1754 824 matris

159 849 496 906 accesserat,
533 849 878 914 temperaret.
927 845 1064 914 Quia
1100 865 1166 903 ex
1213 851 1364 908 lucro
1405 865 1609 912 sanctae
1649 857 1754 914 Ec-

157 931 345 988 clesia:
395 933 728 1006 Redemptor
767 947 954 994 noster
995 957 1112 996 eam
1163 961 1282 1014 qua:
1341 963 1406 1002 ex
1453 950 1754 1018 perditione

157 1021 470 1098 Synagogae
499 1027 744 1084 accidere
768 1031 968 1100 potuit,
1011 1035 1290 1092 tristitiam
1333 1039 1591 1096 detersit:
1627 1043 1752 1098 dum

155 1115 310 1171 enim
337 1115 584 1174 Rebecca
630 1119 994 1196 conjungitur,
1047 1127 1200 1184 dolor
1238 1131 1303 1186 de
1349 1135 1540 1192 matris
1579 1147 1754 1194 morte

155 1217 496 1280 amputatur.
531 1209 667 1280 Quia
695 1213 822 1270 dum
859 1227 1046 1274 sancta
1079 1219 1322 1278 Ecclesia
1353 1239 1422 1278 ex
1449 1227 1752 1298 gentilitate

155 1301 390 1358 veniens
417 1319 592 1376 usque
629 1303 697 1360 ad
742 1307 958 1364 thorum
999 1313 1475 1384 contemplationis
1503 1321 1752 1390 perduci-

155 1401 272 1462 tur,
307 1387 492 1450 Judtea
523 1411 622 1467 pro
645 1397 814 1454 nihilo
843 1399 1094 1458 habetur.

223 1507 582 1582 Interpretari
607 1527 823 1584 quoque
871 1515 988 1586 ipsa
1015 1533 1206 1576 eorum
1229 1522 1446 1580 nomina
1473 1539 1748 1584 curamus.

145 1597 310 1656 Isaac
339 1601 500 1670 risus,
525 1603 770 1662 Rebecca
793 1617 972 1664 autem
1019 1611 1272 1680 patientia
1326 1613 1543 1670 dicitur.
1589 1615 1752 1674 Risus

145 1707 288 1748 vero
325 1707 396 1750 ex
425 1693 612 1752 laetitia
635 1705 740 1764 est,
769 1701 1030 1770 patientia
1061 1713 1242 1760 autem
1275 1705 1343 1764 de
1379 1707 1744 1768 tribulatione.

1855 597 1960 654 est,
1993 589 2125 646 lucis
2153 600 2208 648 et
2231 593 2338 650 diei
2365 599 2620 672 operibus
2647 603 2834 672 plenus
2859 611 3132 668 occubuit.

1927 681 2066 750 Quid
2091 697 2176 742 est
2201 691 2342 758 quod
2369 689 2500 746 dicit
2529 693 2808 766 Scriptura
2837 701 2904 758 de
2929 701 3056 760 ﬁliis
3073 704 3300 766 lsmael:
3329 709 3448 768 Ha-

1856 771 2144 830 bitaverunt
2167 778 2232 832 ab
2259 779 2412 838 Evila
2435 799 2598 856 usque
2629 785 2758 856 Sur,
2785 808 2904 862 qua:
2931 805 3008 850 est
3035 809 3222 856 contra
3255 801 3442 870 faciem

1857 861 2076 936 Egypti
2093 869 2120 922 ?
2145 869 2297 926 Evila
2327 883 2412 932 est
2443 877 2590 948 regio
2615 895 2778 952 quam
2798 861 3000 946 circuit
3023 887 3224 950 Phison
3251 861 3320 952 de
3343 911 3442 968 pa-

1855 956 2038 1012 radiso
2066 959 2264 1030 ﬂuens,
2309 964 2454 1024 dicta
2483 971 2548 1024 de
2577 975 2810 1042 quodam
2839 979 2992 1036 Evila
3011 1025 3028 1048 ,
3071 995 3268 1064 nepote
3295 956 3440 1060 Noe,

1855 1057 1910 1102 et
1937 1059 2020 1104 est
2049 1053 2282 1111 solitudo
2321 1069 2512 1118 contra
2551 1063 2748 1124 faciem
2791 1069 3033 1146 Egypti.
3081 1053 3442 1158 Stir‘quoque

1853 1149 1938 1196 est
1967 1142 2200 1200 solitudo
2227 1147 2371 1204 inter
2393 1151 2568 1212 Cades
2597 1167 2652 1214 et
2675 1159 2848 1218 Barad
2901 1142 3216 1230 extendens
3245 1142 3442 1234 deseri-

1855 1241 1968 1332 tum
1997 1251 2167 1306 usque
2197 1241 2264 1296 ad
2291 1257 2442 1300 mare
2469 1245 2712 1308 Rubrum
2741 1263 2797 1310 et
2821 1255 3042 1332 {Egypti
3071 1267 3326 1326 conﬁnia.

1925 1321 2064 1392 Quid
2103 1335 2186 1384 est
2231 1333 2372 1402 quod
2412 1335 2610 1394 dicitur
2636 1341 2704 1398 de
2729 1321 3128 1428 lsmaeleouod
3157 1321 3440 1420 duodecim

1855 1431 2172 1488 generasset
2199 1425 2518 1506 principes?
2553 1433 2648 1490 Vel
2673 1439 2838 1498 duces
2863 1425 3198 1518 rcgionibus,
3227 1453 3308 1510 vel
3335 1457 3440 1512 tri-

1853 1509 2028 1568 bubus
2055 1516 2278 1572 nomina
2303 1519 2584 1580 dederunt.
2617 1526 2900 1600 Significat
2923 1509 3064 1606 quod
3085 1509 3440 1614 singuli

1851 1617 1972 1656 rum
2015 1603 2258 1664 lsmaclis
2299 1625 2330 1666 e
2373 1615 2570 1682 quibus
2605 1603 2996 1694 primogenitus
3035 1633 3152 1703 ejus
3173 1603 3292 1694 fiuit
3331 1603 3440 1696 Na-

1849 1693 2068 1764 bejoth,
2101 1715 2130 1754 a
2161 1717 2266 1772 quo
2305 1707 2482 1764 omnis
2525 1713 2674 1782 regio
2721 1693 2799 1770 ab,
2839 1693 3114 1791 Euphrale
3159 1693 3434 1802 usquead

143 1782 220 1840 Et
251 1789 508 1858 quamvis
535 1801 722 1848 sancta
771 1791 1014 1852 Ecclesia
1047 1795 1162 1868 jam
1197 1799 1436 1860 caelestis
1470 1803 1542 1860 sit
1567 1806 1747 1876 gaudii
1777 1865 1822 1896 η
1849 1789 2274 1896 ¹¹¹³τθλίῖυρξ⁵υη³
2305 1793 2620 1896 Νῆίξδῑίιθηδ
2651 1821 2822 1878 usque
2863 1782 3026 1870 ιιδάίθ
3063 1782 3280 1890 dion";
3311 1841 3438 1896 111³³⁸

143 1881 614 1950 contemplatione
643 1897 926 1956 suspensa,
971 1865 1134 1946 habet
1165 1899 1342 1948 tamen
1399 1865 1746 1967 adhucvquod
1777 1865 1822 1924 Β
1849 1897 1977 1986 Pius
2003 1884 2216 1986 Af‘abim
2237 1899 2340 1986 θειτ
2367 1891 2502 1950 Nam
2535 1905 2589 1952 οι
2618 1865 2834 1956 Ῑίπηῖλίεθ
2859 1919 3048 1964 eorum
3067 1949 3084 1974 ν
3113 1865 3438 1986 οΡΡίᾶθζυθο

141 1969 326 2026 tristis
357 1969 556 2044 [Petr.,
593 1975 772 2050 triste]
807 1977 874 2034 de
899 1983 1146 2038 mortalis
1187 1983 1370 2040 carnis
1397 1988 1636 2056 pondere
1661 1997 1746 2046 to—

139 2063 308 2120 leret.
333 2065 489 2124 Isaac
515 2083 644 2128 vero
667 2080 722 2128 et
747 2071 992 2132 Rebecca
1023 2077 1290 2154 jungitur,
1315 2083 1370 2140 id
1393 2093 1496 2154 est,
1533 2087 1674 2142 risus
1695 2093 1751 2140 et

139 2159 414 2228 patientia
437 2165 794 2232 permiscetur
823 2165 932 2240 [Z.,
959 2171 1266 2248 miscetur],
1293 2177 1422 2248 quia
1447 2179 1508 2234 ﬁt
1537 2179 1590 2236 in
1623 2196 1748 2236 san-

137 2256 232 2304 cta
259 2249 512 2310 Ecclesia
549 2256 652 2314 hoc
671 2259 816 2328 quod
841 2262 1102 2334 scriptum
1129 2277 1216 2324 est
1245 2287 1258 2324 :
1289 2267 1394 2342 Spe
1419 2281 1594 2328 autem
1615 2289 1748 2344 gau-

137 2339 352 2408 dentes,
375 2345 436 2398 in
461 2347 800 2408 tribulatione
825 2354 1078 2422 patientes
1101 2357 1282 2430 (Rom.
1329 2339 1436 2430 rxu,
1493 2339 1636 2438 12);⁷
1691 2375 1750 2420 ιιι

135 2429 288 2488 hanc
309 2441 368 2488 et
410 2450 676 2508 prospera
723 2441 796 2496 de
841 2429 1296 2518 contemplatione
1339 2429 1636 2522 annos“,
1693 2465 1748 2512 et

135 2519 328 2578 adhuc
349 2525 578 2584 advena
615 2529 682 2586 de
705 2531 1052 2594 tribulatione
1071 2541 1410 2610 perturbent.

717 2729 946 2792 CAPUT
995 2735 1162 2795 XXV.

223 2905 386 2964 Vens.
413 2909 534 2966 1-5.
561 2943 632 2952 -—
651 2913 856 2973 Deinde
887 2921 1134 2992 sequitur
1171 2925 1406 2994 qualiter
1449 2929 1744 3004 Abraham,

129 3009 358 3055 mortua
389 3001 576 3066 Saraa,
627 3005 808 3076 aliam,
863 3011 1116 3070 videlicet
1165 3013 1478 3090 Cethuram,
1531 3001 1748 3086 duxerit

131 3109 396 3154 uxorem.
427 3097 538 3152 Cur
583 3099 856 3158 Abraham
883 3117 1008 3176 post
1035 3113 1362 3180 promissum
1391 3117 1494 3174 sibi
1547 3129 1602 3176 et
1651 3139 1748 3178 na-

129 3195 254 3242 tum
279 3185 463 3256 Isaac,
491 3192 544 3246 in
575 3207 682 3263 quo
731 3195 784 3250 ei
829 3197 1206 3270 multiplicatio
1261 3207 1430 3278 prolis
1471 3217 1528 3267 et
1573 3213 1740 3270 bene-
1769 3233 1814 3296 ρ

127 3279 306 3336 dictio
333 3285 580 3354 gentium
601 3289 870 3356 promissa
893 3301 976 3348 est
1007 3309 1034 3348 a
1081 3293 1210 3362 Deo,
1235 3297 1398 3356 aliam
1419 3302 1588 3360 voluit
1641 3307 1740 3362 du-

125 3385 262 3428 cere
319 3378 594 3432 uxorem?
645 3377 762 3436 Non
817 3395 1041 3455 propter
1087 3387 1556 3464 incontinentiam,
1615 3415 1738 3454 cum

127 3467 310 3521 etiam
347 3479 494 3524 esset
519 3473 866 3542 grandaevus;
901 3479 998 3534 sed
1047 3481 1190 3538 sicut
1249 3485 1396 3558 Agar
1443 3497 1499 3544 et
1546 3491 1740 3550 lsmael

129 3559 724 3631 signiﬁcantcarnales
743 3569 960 3627 Veteris
983 3571 1338 3645 Testamenti,
1395 3581 1476 3637 sic
1531 3593 1586 3652 et
1641 3585 1742 3642 Ce-

133 3651 308 3706 thnra
341 3659 396 3706 et
429 3653 526 3709 ﬁlii
555 3655 674 3726 ejus
729 3661 1038 3732 signiﬁcant
1071 3666 1376 3738 haereticos,
1423 3677 1516 3746 qui
1627 3681 1740 3734 exi-

131 3745 370 3800 stimant
391 3747 666 3816 pertinere
692 3753 758 3806 ad
785 3752 990 3810 Novum
1015 3745 1454 3820 Testamentum;
1491 3765 1598 3824 Sed
1649 3777 1738 3824 ut-

131 3851 330 3908 raeque
373 3839 692 3898 concubina:
741 3845 1012 3904 dicuntur.
1069 3851 1160 3906 Sic
1199 3855 1344 3910 enim
1389 3857 1634 3938 dicitur:

215 3951 384 4008 Vens.
417 3953 532 4020 θα.
563 3987 632 3998 -—-
673 3955 830 4016 Filiis
873 3973 1048 4020 autem
1118 3973 1528 4030 concubinarum
1579 3979 1741 4052 largi-

127 4059 222 4104 tus
251 4057 330 4102 est
375 4065 616 4106 munera.
651 4051 778 4110 Sola
823 4055 990 4112 Saraa
1039 4075 1252 4134 semper
1299 4083 1432 4122 uxor
1495 4083 1736 4148 vocatur.

129 4137 270 4206 Quae
297 4147 382 4196 est
411 4139 514 4196 ista
562 4141 818 4212 Cethura,
867 4157 962 4203 aut
985 4152 1128 4206 unde
1177 4170 1348 4226 genus
1395 4143 1599 4218 duxit?
1641 4165 1740 4222 Ce-

129 4231 298 4286 thura
355 4231 748 4306 interpretatur
807 4241 1076 4310 copulata,
1150 4253 1242 4300 aut
1286 4249 1412 4318 vita,
1459 4269 1622 4324 quam
1671 4259 1740 4314 ob

129 4341 362 4380 causam
387 4327 735 4398 suspicantur
759 4329 969 4388 Hebraei
993 4337 1236 4393 eamdem
1263 4357 1384 4398 esse
1405 4345 1568 4418 Agar,
1595 4367 1714 4420 qua:

129 4417 310 4474 Saraa
341 4429 574 4490 mortua,
617 4425 681 4479 de
737 4429 1040 4484 concubina
1077 4433 1336 4490 transiret
1389 4437 1442 4492 in
1491 4457 1734 4512 uxorem,

127 4509 202 4566 Et
233 4511 452 4568 videtur
476 4515 706 4586 depositi
731 4517 844 4586 jam
867 4519 1100 4579 Abrahae
1163 4531 1408 4586 excusari
1457 4541 1608 4600 tetas,
1667 4509 1737 4594 ne

129 4619 300 4658 senex
331 4615 455 4674 post
511 4619 742 4665 mortem
795 4615 984 4670 uxoris
1027 4619 1223 4676 vetulae
1277 4625 1432 4680 novis
1476 4639 1736 4700 arguatur
1765 4599 1814 4660 Ι)

127 4695 340 4766 nuptiis
365 4697 662 4756 lascivisse.
705 4703 902 4760 Fertur
921 4723 1136 4780 quoque
1157 4715 1280 4782 quia
1329 4715 1420 4772 lilii
1479 4695 1732 4790 Abrahae,

127 4787 226 4858 qui
265 4789 316 4844 ei
347 4791 411 4846 de
431 4789 670 4850 Cethura
704 4799 810 4852 nati
834 4807 980 4866 sunt,
1017 4818 1420 4878 occupaverunt
1477 4787 1730 4872 Arabiam

131 4895 310 4950 usque
333 4881 400 4936 ad
425 4885 590 4940 maris
645 4887 810 4944 Rubri
835 4883 1034 4947 littora.
1063 4893 1270 4953 Dicitur
1296 4909 1475 4958 autem
1503 4921 1641 4962 unus
1667 4924 1732 4964 ex

131 4971 372 5040 posteris
403 4971 656 5042 Abrahae,
705 4979 794 5048 qui
853 4981 1226 5052 appellabatur
1271 4989 1455 5060 Asser,
1515 4995 1734 5054 duxisse

129 5063 400 5122 adversus
421 5063 644 5140 Libyam
683 5073 1002 5142 exercitum,
1055 5087 1108 5132 et
1161 5081 1232 5136 ibi
1291 5085 1444 5142 victis
1485 5089 1730 5146 hostibus

133 5157 486 5226 consedisse,
523 5163 745 5233 ejusque
775 5177 1020 5236 posteros
1047 5187 1114 5226 ex
1159 5179 1374 5234 nomine
1415 5185 1556 5238 atavi
1587 5185 1730 5240 Afri-

131 5263 254 5302 cam
309 5267 672 5324 nuncupasse.
725 5255 872 5314 Alios
923 5278 1136 5334 quoque
1191 5267 1330 5324 ﬁlios
1379 5273 1610 5329 Abrahae
1659 5293 1728 5332 ex

131 5343 376 5400 Cethura
425 5361 722 5420 occupasse
753 5351 918 5410 India:
967 5359 1214 5430 regiones
1253 5365 1551 5424 aestimatur
1591 5369 1686 5442 [Ζ.
1711 5415 1726 5440 ,

133 5437 406 5494 :estimant
429 5441 468 5514 ].

203 5549 372 5609 Vsus.
413 5555 566 5613 8-25.
599 5591 673 5602 —
699 5561 838 5622 Hinc
885 5571 1130 5640 sequitur
1174 5575 1406 5646 qualiter
1453 5579 1726 5642 Abraham

131 5645 396 5704 deﬁciens
425 5661 672 5710 mortuus
707 5667 810 5712 est.
859 5659 1140 5728 Quomodo
1179 5671 1432 5726 convenit
1459 5671 1725 5746 Abrahae,

131 5749 242 5796 tam
271 5753 466 5800 salicto
493 5747 631 5816 viro,
661 5761 710 5804 et
735 5753 980 5822 deﬁciens
1009 5769 1244 5836 mortuus
1271 5767 1394 5818 est?
1419 5765 1474 5822 ln
1503 5767 1729 5830 Hebraeo

133 5847 240 5886 non
281 5835 535 5904 habetur,
569 5839 834 5912 deﬁciens,
865 5847 956 5902 sed
985 5865 1010 5901 a
1047 5835 1188 5904 LXX
1217 5853 1606 5926 lnterpretibus
1629 5865 1726 5918 ad-

1851 1983 1904 2028 et
1935 1977 2076 2048 pagi,
2103 1994 2166 2035 ac
2193 1983 2400 2038 munita
2427 1989 2670 2057 castella,
2701 2003 2756 2048 et
2789 1997 2962 2056 tribus
2985 1977 3442 2078 horum'appe-lla;

1850 2068 1998 2126 tione
2037 2071 2398 2132 celebrantur.
2431 2079 2514 2136 Ab
2537 2099 2646 2140 uno
2679 2101 2746 2142 ex
2785 2089 2868 2146 his
2909 2091 3086 2150 Cedar
3125 2097 3178 2154 in
3221 2068 3440 2160 deserto

1849 2161 2088 2218 Eoduma
2107 2206 2122 2230 ,
2151 2167 2256 2224 alia
2285 2173 2462 2242 regio,
2491 2183 2546 2230 et
2581 2175 2822 2236 Hemana
2845 2185 2914 2238 ad
2943 2195 3218 2256 austrum,
3259 2203 3316 2250 et
3337 2193 3440 2252 Ce-

1850 2253 2008 2311 dema
2035 2259 2102 2313 ad
2135 2261 2454 2320 orientalem
2481 2267 2691 2340 plagam
2715 2271 2932 2330 dicitur.

1921 2344 2060 2412 Quid
2087 2357 2170 2404 est
2201 2353 2344 2420 quod
2379 2355 2578 2412 dicitur
2599 2359 2666 2414 de
2693 2360 2952 2430 lsmaele,
2991 2383 3170 2426 eorum
3195 2375 3438 2432 omnibus

1849 2437 2102 2506 fratribus
2127 2443 2238 2498 suis
2261 2445 2418 2514 obiit,
2455 2451 2536 2506 vel
2565 2453 2658 2524 qui
2689 2465 2816 2512 sunt
2849 2457 3032 2526 fratris
3059 2464 3282 2522 nomine
3309 2481 3440 2524 cen-

1847 2531 1972 2588 siti?
1993 2533 2162 2604 idest,
2185 2538 2240 2594 in
2263 2541 2510 2600 manibus
2529 2549 2772 2604 omnium
2791 2551 3024 2610 ﬁliorum
3047 2572 3266 2616 suorum
3289 2577 3436 2620 mor-

1851 2639 1974 2686 tuus
2001 2639 2106 2700 est,
2137 2638 2518 2706 superstitibus
2541 2645 2780 2702 omnium
2805 2647 3014 2718 liberis,
3029 2661 3086 2708 et
3111 2655 3258 2712 nullo
3283 2659 3436 2726 prius

1849 2731 2025 2778 morte
2045 2737 2334 2798 praerepto.
2377 2729 2602 2790 Fratres
2637 2743 2818 2792 autem
2849 2755 2948 2810 pro
2987 2741 3114 2798 ﬁliis
3141 2746 3434 2816 appellari,

1847 2810 2014 2870 Iacob
2043 2831 2258 2886 quoque
2287 2821 2354 2876 ad
2381 2821 2568 2880 Laban
2597 2810 3438 2892 demonstratdicensz-i’onatur

1849 2921 2024 2959 coram
2051 2907 2308 2978 fratribus
2349 2915 2542 2970 nostris
2563 2957 2578 2982 ,
2615 2927 2672 2972 ut
2703 2919 2944 2990 judicent
2989 2925 3126 2980 inter
3165 2941 3280 2982 nos.
3329 2927 3438 2986 Nec

1849 2998 1992 3052 enim
2017 2997 2246 3070 legimus
2277 3003 2412 3062 alios
2433 3005 2634 3066 fratres
2651 3008 2822 3070 Iacob
2847 3013 2920 3070 ibi
2949 3013 3174 3087 habere,
3195 3022 3438 3092 exceptis

1851 3085 2034 3146 liberis
2062 3090 2194 3146 suis.

1921 3179 2190 3248 Quaeritur
2213 3200 2322 3256 quo
2357 3187 2482 3246 ierit
2505 3190 2754 3250 Rebecca
2779 3197 3102 3271 interrogare
3125 3203 3432 3276 Dominum,

1844 3287 1962 3326 cum
2005 3274 2212 3344 parvuli
2259 3277 2315 3332 in
2363 3289 2510 3336 utero
2551 3283 2668 3354 ejus
2711 3285 3140 3348 collidebautur?
3167 3293 3328 3354 Forte
3367 3274 3434 3354 ad

1843 3363 2020 3420 locum
2052 3367 2142 3422 ubi
2167 3383 2320 3426 aram
2347 3375 2708 3434 constituerat
2733 3377 3008 3438 Abraham
3025 3425 3040 3450 ,
3069 3401 3232 3444 orare
3255 3399 3434 3458 venit,

1845 3453 1924 3510 vel
1956 3456 2122 3512 etiam
2151 3471 2309 3518 erant
2339 3463 2508 3534 aliqui
2535 3467 2670 3524 tales
2693 3471 2858 3528 etiam
2883 3472 2974 3532 illo
3004 3483 3248 3548 tempore
3267 3453 3434 3538 humi;

1843 3561 1940 3604 nes
1969 3547 2088 3616 Dei,
2121 3551 2174 3606 in
2204 3554 2402 3624 quibus
2424 3569 2606 3626 posset
2635 3560 2780 3618 Deus
2807 3547 3150 3640 interrogari.

1911 3641 1994 3698 An
2037 3647 2334 3704 secundum
2365 3651 2648 3710 historiam
2675 3656 2758 3712 vel
2795 3661 2958 3714 etiam
2997 3663 3310 3736 allegoriam
3343 3669 3430 3725 in-

1845 3733 2194 3806 telligendum
2223 3748 2330 3806 est,
2359 3745 2504 3812 quod
2531 3745 2792 3806 Dominus
2823 3733 3428 3822 respondit—Rebeccae:

1841 3823 1980 3880 Dure
1997 3839 2174 3898 gentes
2203 3833 2260 3894 iu
2283 3843 2432 3890 utero
2453 3851 2544 3892 tuo
2573 3851 2696 3896 sunt
2711 3883 2726 3908 ,
2761 3853 2810 3898 et
2835 3845 2940 3900 duo
2965 3849 3148 3920 populi
3171 3869 3238 3908 ex
3259 3865 3436 3910 ventre

1842 3927 1932 3970 tuo
1977 3919 2304 3990 dividentur,
2353 3927 2680 4002 populusque
2721 3936 2973 4006 populant
3029 3919 3292 4012 superabit
3317 3985 3334 4010 ,
3383 3957 3434 4002 et

1843 4009 2017 4080 major
2041 4015 2224 4068 serviet
2257 4017 2494 4072 minori?
2521 4019 2828 4080 Secundum
2863 4009 3150 4102 utrumque
3191 4035 3428 4092 modum.

1843 4098 2174 4170 Spiritaliter
2199 4121 2328 4162 vero
2367 4111 2446 4164 sic
2475 4112 2612 4168 solet
2651 4115 2876 4190 intelligi
2919 4098 3286 4190 quod—dictum
3313 4137 3396 4186 est
3415 4171 3431 4196 ,

1843 4203 1900 4249 ut
1945 4197 2088 4254 Esau
2133 4199 2396 4270 ﬁguratus
2439 4207 2508 4262 sit
2555 4207 2730 4280 major
2763 4213 2990 4282 populus
3025 4215 3154 4284 Dei,
3200 4219 3304 4278 hoc
3349 4231 3436 4278 est

1839 4287 2170 4348 lsraeliticus
2195 4297 2492 4354 secundum
2515 4315 2756 4358 carnem.
2781 4301 2886 4360 Per
2905 4303 3072 4364 Iacob
3101 4319 3280 4368 autem
3303 4312 3434 4384 ﬁgu-

1841 4389 1994 4438 ratur
2017 4381 2270 4442 Christus
2304 4389 2358 4444 in
2383 4391 2582 4462 populo
2607 4393 2916 4452 Christiano
2943 4401 3240 4458 secundum
3269 4381 3432 4472 spiri—

1843 4471 2002 4528 talem
2051 4477 2364 4548 progeniem
2409 4493 2756 4554 propagatus.
2807 4485 2914 4542 Sed
2963 4489 3126 4546 etiam
3175 4471 3428 4550 historica

1839 4567 2172 4638 proprietate
2211 4571 2313 4628 hoc
2349 4589 2666 4644 responsum
2707 4579 2982 4636 invenitur
3021 4599 3144 4640 esse
3189 4587 3432 4658 comple-

1841 4667 1980 4724 tum,
2015 4661 2104 4716 ubi
2131 4665 2362 4734 populus
2389 4667 2556 4726 lsrael
2579 4711 2594 4736 ,
2625 4669 2728 4726 hoc
2757 4683 2838 4730 est
2865 4671 3034 4730 Jacob
3059 4678 3236 4734 minor
3259 4679 3430 4748 ﬁlius,

1841 4755 2118 4824 superavit
2153 4757 2446 4824 Idumaeos,
2483 4763 2534 4818 id
2561 4775 2648 4822 est
2673 4777 2886 4837 gentem
2919 4785 3080 4840 quam
3117 4778 3432 4848 propagavit

1839 4845 2012 4914 Esau,
2045 4865 2248 4922 eosque
2285 4853 2529 4912 fecerunt
2575 4859 2890 4918 tributarios
2937 4879 3032 4934 per
3083 4845 3430 4924 DavidISed

1843 4949 2026 5010 postea
2069 4941 2286 4998 Idumaei
2329 4947 2758 5018 rebellaverunt,
2783 4963 2840 5010 et
2857 4955 3048 5028 jugum
3073 4957 3426 5014 lsraeliticum

1841 5051 1870 5088 a
1901 5036 2114 5092 cervice
2143 5053 2238 5092 sua
2267 5040 2648 5112 deposuerunt.

1912 5127 2018 5182 Sed
2049 5131 2432 5200 requirendum
2459 5145 2562 5202 est,
2595 5139 2722 5208 quid
2751 5151 2836 5196 est
2864 5144 3006 5211 quod
3031 5159 3279 5214 superius
3303 5145 3430 5200 dici-

1839 5227 1943 5284 tur,
1997 5219 2420 5294 Deprecatusque
2465 5239 2542 5282 est
2577 5227 2736 5286 Isaac
2799 5233 3080 5290 Dominum
3124 5251 3218 5304 pro
3261 5253 3426 5292 uxore

1837 5329 1956 5376 sua,
1982 5331 2040 5366 eo
2063 5317 2202 5385 quod
2231 5327 2362 5372 esset
2391 5321 2604 5388 sterilis,
2637 5331 2690 5380 et
2714 5325 2964 5395 reliqua?
2993 5326 3066 5382 Ea
3103 5343 3224 5396 quin
3253 5332 3426 5386 sancti

1837 5403 1938 5458 viri
1969 5407 2176 5462 orando
2203 5407 2442 5466 eﬁiciunt
2465 5455 2478 5476 ,
2513 5415 2586 5470 ita
2631 5417 3010 5486 przedeslinata
3053 5429 3178 5474 sunt
3215 5431 3272 5476 ut
3301 5439 3424 5492 pre-

1839 5495 1992 5550 cibus
2013 5497 2380 5556 obtineantur.
2425 5501 2558 5560 Nam
2597 5507 2708 5576 ipsa
2745 5521 2960 5576 quoque
2987 5513 3240 5580 perennis
3277 5515 3426 5585 regni

1837 5588 2240 5658 prtcdestinatio
2267 5593 2340 5648 ita
2371 5605 2458 5652 est
2493 5597 2564 5652 ab
2597 5599 2966 5668 omnipotente
2995 5603 3104 5660 Deo
3131 5607 3390 5676 disposita
3411 5649 3424 5674 ,

1839 5687 1900 5735 ut
1923 5681 1990 5736 ad
2013 5682 2114 5738 hoc
2135 5685 2290 5744 electi
2319 5703 2386 5744 ex
2409 5689 2596 5746 labore
2622 5691 2884 5748 orationis
2911 5701 3230 5766 perveniant
3251 5699 3422 5774 [Petr.

1839 5789 1940 5828 om.
1967 5778 2276 5852 orationis],
2297 5789 2564 5852 quatenus
2591 5785 2912 5854 postulando
2941 5805 3259 5852 mereantur
3287 5799 3424 5852 aet-i-

1837 5883 1968 5938 pere
1997 5873 2138 5942 quod
2159 5875 2238 5928 eis
2259 5877 2600 5946 omnipotens
2633 5879 2772 5938 Deus
2795 5893 2922 5942 ante
2941 5891 3134 5944 saecula
3163 5891 3426 5960 disposuit
