3970 6332
581 363 681 424 207

1611 367 1961 429 ANGELOMI
1992 371 2454 431 LUXOVIENSIS
2495 375 2798 433 MONACHI

3739 380 3835 436 268

582 486 808 541 donare.
857 482 1012 552 Quod
1058 499 1186 542 vero
1224 494 1299 540 ita
1328 497 1430 554 snt,
1479 489 1684 544 concite
1729 489 1870 544 valet
1916 490 2154 561 probari.
2183 495 2236 554 Α
2263 508 2458 554 manna
2504 495 2654 551 cibos
2681 495 2926 550 carnium
2952 495 3129 565 petiit,
3157 509 3294 567 quos
3323 497 3582 555 lautiores
3609 502 3831 570 putavit.

576 576 741 634 Certe
775 577 974 634 etenim
1016 580 1266 635 novimus
1302 580 1423 650 quia
1472 583 1537 636 ad
1584 581 1854 636 Abraham
1900 582 2158 638 Dominus

575 668 715 724 dixit
738 686 751 723 :
784 667 852 722 In
873 667 1031 724 Isaac
1055 671 1321 725 vocabitur
1347 671 1440 724 tibi
1461 687 1651 725 semen.
1683 669 1780 727 Cui
1811 672 1974 728 etiam
2001 674 2156 728 dixe-

575 767 698 814 rat:
729 759 945 814 Patrem
975 760 1257 816 multarum
1280 763 1507 832 gentium
1529 763 1775 817 constitui
1806 773 1874 818 te.
1905 763 2002 820 Cui
2033 782 2154 819 rur-

577 871 700 914 sum
731 857 982 928 promisit
1000 858 1217 914 dicens:
1249 856 1564 911 Benedicam
1585 859 1698 925 tibi,
1724 869 1773 913 et
1798 859 2154 924 multiplicabo

573 967 748 1005 semen
773 961 923 1005 tuum
942 952 1077 1006 sicut
1105 949 1281 1006 stellas
1303 949 1436 1016 coeli,
1470 959 1519 1005 et
1545 951 1680 1005 velut
1702 968 1915 1006 arenam
1937 970 2051 1024 qua?
2081 961 2154 1007 est

557 1042 628 1097 'in
650 1042 824 1097 littore
847 1045 1030 1097 maris.
1059 1043 1138 1096 Ex
1169 1058 1273 1112 qua
1297 1058 1355 1098 re
1377 1051 1564 1112 aperte
1591 1053 1803 1098 constat
1826 1045 1951 1114 quia
1979 1045 2155 1100 omni-

569 1143 762 1203 potens
808 1133 949 1189 Deus
993 1148 1179 1188 semen
1223 1133 1456 1190 Abraba
1496 1134 1855 1205 multiplicare
1883 1151 1978 1205 per
2009 1137 2154 1191 Isaac

568 1227 1064 1295 pradestinaverat.
1094 1226 1164 1280 Et
1193 1235 1374 1281 tamen
1399 1226 1660 1296 scriptum
1685 1235 1765 1282 est
1789 1242 1803 1280 :
1837 1227 2152 1298 Deprecatits

566 1325 644 1371 est
671 1316 833 1372 Isaac
865 1315 1143 1372 Dominum
1174 1334 1267 1387 pro
1294 1334 1456 1372 uxore
1477 1335 1596 1384 sua,
1635 1336 1694 1373 eo
1719 1319 1857 1390 quod
1895 1329 2024 1374 esset
2051 1329 2152 1374 ste-

565 1407 700 1463 rilis.
726 1407 832 1474 Qui
851 1409 1118 1464 exaudivit
1140 1427 1280 1475 eum,
1305 1420 1352 1464 et
1383 1411 1525 1465 dedit
1547 1422 1852 1482 conceptum
1882 1411 2146 1467 Rebecca.

565 1495 624 1552 Si
656 1512 785 1570 ergo
812 1499 1188 1571 multiplicatio
1214 1503 1431 1573 generis
1458 1502 1692 1558 Abraha
1719 1519 1815 1574 per
1840 1504 1991 1558 lsaac
2020 1519 2152 1574 pra-

561 1589 833 1645 destinata
861 1590 995 1657 fuit,
1039 1608 1141 1647 cur
1173 1593 1455 1664 conjugem
1491 1593 1730 1648 sterilem
1761 1595 2010 1664 accepit?
2046 1594 2152 1650 Sed

559 1680 820 1737 nimirum
844 1691 1061 1739 constat
1087 1684 1212 1753 quia
1242 1685 1649 1753 pradestinatio
1687 1686 1938 1756 precibus
1965 1685 2152 1756 imple—

562 1782 690 1842 tur,
755 1775 972 1844 quando
1024 1776 1072 1832 is
1121 1776 1333 1847 inquo
1379 1778 1522 1834 Deus
1572 1779 1915 1850 nmltiplicari
1964 1795 2147 1834 semen

559 1865 793 1923 Abraha
820 1869 1330 1938 pradestinaverat,
1364 1871 1612 1926 oratione
1641 1871 1874 1926 obtinuit
1905 1880 1964 1925 ut
2009 1869 2148 1926 ﬁlios
2177 1860 2223 1920 B

563 1959 768 2016 habere
788 1961 1073 2029 potuisset.

631 2049 798 2106 Vns.
830 2051 922 2106 24.
947 2083 1018 2093 —
1045 2051 1245 2108 Factus
1285 2065 1357 2109 est
1395 2054 1544 2110 Esau
1580 2059 1661 2110 vir
1700 2073 1896 2127 gnarus
1922 2057 2146 2112 venandi

555 2154 606 2200 et
631 2145 784 2200 homo
807 2147 1084 2217 agricola;
1118 2146 1284 2201 Iacob
1321 2157 1495 2203 autem
1532 2149 1610 2202 vir
1648 2149 1868 2220 simplex
1893 2149 2144 2204 habitavit

555 2239 614 2292 in
639 2237 1011 2293 tabernaculis.
1043 2238 1137 2295 Vel
1163 2240 1301 2296 sicut
1324 2240 1379 2294 in
1409 2241 1515 2295 alia
1546 2241 1897 2297 translatione
1924 2241 2142 2306 dicitur,

557 2329 827 2384 habitabat
854 2331 1018 2385 domi.
1050 2330 1190 2398 Quid
1221 2347 1319 2403 per
1340 2333 1681 2388 venationem
1723 2333 1865 2388 Esau
1913 2334 2014 2388 nisi
2051 2348 2142 2387 eo-

553 2439 678 2479 rum
707 2416 818 2479 vita
848 2424 1112 2496 ﬁguratur
1147 2427 1241 2495 qui
1286 2427 1341 2480 in
1379 2426 1741 2482 exterioribus
1777 2427 2139 2496 voluptatibus

553 2517 661 2574 fusi
685 2533 908 2575 carnem
935 2521 1278 2590 sequuntur?
1306 2518 1408 2587 Qui
1437 2520 1600 2576 etiam
1637 2520 1873 2590 agricola
1901 2535 2020 2576 esse
2044 2519 2141 2574 de-

555 2612 843 2678 scribitur,
885 2611 1014 2682 quia
1046 2619 1317 2668 amatores
1355 2609 1517 2681 hujus
1560 2611 1742 2668 saeculi
1784 2620 1936 2667 tanto
1969 2611 2142 2682 magis

553 2705 828 2760 exteriora
858 2705 1102 2761 incolunt
1126 2715 1330 2776 quanto
1361 2703 1618 2761 interiora
1645 2721 1742 2762 sua
1767 2705 1968 2761 inculta
1993 2705 2139 2760 dere-

554 2797 824 2866 linquunt.
861 2794 1027 2852 Jacob
1052 2812 1182 2853 vero
1216 2797 1444 2869 simplex
1481 2798 1537 2852 in
1582 2798 1944 2854 tabernaculis
1972 2798 2055 2852 vel
2085 2799 2138 2853 in

553 2887 716 2942 domo
740 2885 988 2942 habitare
1016 2888 1353 2957 perhibetur.
1381 2888 1517 2956 Quia
1557 2890 1812 2945 nimirum
1835 2906 2023 2945 omnes
2047 2890 2137 2960 qui

551 2976 607 3031 in
629 2977 780 3032 curis
807 2976 1170 3032 exterioribus
1202 2980 1382 3048 spargi
1425 2977 1725 3050 refugiunt,
1773 2979 2046 3050 simplices
2083 2980 2138 3034 in

551 3069 862 3140 cognitione
892 3079 1056 3139 atque
1086 3069 1140 3124 in
1163 3071 1510 3126 conscientiae
1530 3087 1640 3127 suae
1659 3060 1993 3128 habitatione
2015 3088 2140 3128 con-

551 3160 766 3218 sistunt.
800 3161 860 3217 In
891 3161 1254 3217 tabernaculis
1290 3163 1436 3217 enim
1474 3171 1567 3217 aut
1607 3163 1662 3218 in
1703 3163 1864 3219 domo
1893 3163 2137 3219 habitare

2257 583 2326 638 Et
2351 585 2522 655 prima
2553 585 2787 640 ﬁliorum
2839 584 2954 640 Heli
3000 586 3156 658 culpa
3204 589 3424 645 suborta
3465 599 3549 646 est
3585 593 3729 662 quod
3773 608 3833 648 ex

2257 689 2446 750 eorum
2469 685 2596 731 voto
2619 676 2916 732 sacerdotis
2940 692 3074 748 puer
3096 693 3202 735 non
3229 681 3454 751 antiquo
3481 698 3630 738 more
3657 693 3834 742 coctae

2257 765 2415 820 vellet
2439 768 2504 822 de
2533 767 2802 824 sacriﬁcio
2825 779 3026 824 'carnes
3049 771 3318 842 accipere,
3343 775 3440 829 sed
3467 775 3664 830 crudas
3693 792 3834 847 qua-

2257 867 2421 924 reret,
2448 875 2585 929 quas
2615 863 2922 919 accuratius
2951 864 3252 920 exhiberet.
3283 865 3350 920 Et
3391 882 3517 921 cum
3544 867 3612 921 ad
3641 866 3830 924 Hiem-

2258 951 2422 1006 salem
2456 952 2654 1006 dicitur
2685 970 2698 1006 :
2732 952 2864 1008 llwc
2908 955 3007 1024 fuit
3038 956 3289 1026 iniquitas
3331 956 3596 1025 Sodomae,
3644 965 3833 1016 sororis

2256 1044 2696 1114 tuw,'superbia,
2740 1047 2991 1100 saturitas
3039 1047 3190 1116 panis
3221 1057 3270 1102 et
3321 1048 3648 1104 abundantia
3690 1069 3832 1123 aqua

2257 1136 2472 1207 (Ezech.
2498 1151 2607 1201 xvi,
2638 1135 2729 1207 49)
2749 1177 2764 1203 ,
2805 1146 2992 1208 aperte
3033 1139 3336 1194 ostenditur
3357 1141 3499 1208 quod
3526 1141 3732 1198 idcirco
3757 1160 3832 1197 sa-

2255 1227 2420 1282 lutem
2459 1229 2694 1298 perdidit
2738 1230 2862 1298 quia
2894 1245 3014 1284 cum
3047 1231 3312 1301 superbia
3348 1231 3482 1287 vitio
3526 1248 3829 1288 mensuram

2217 1311 2228 1321 ’
2255 1322 2546 1376 moderatae
2575 1322 2885 1377 rel'ectionis
2911 1323 3165 1378 excessit.
3191 1323 3330 1380 Hinc
3356 1325 3830 1398 primogenitorum

2255 1415 2482 1486 gloriam
2521 1415 2664 1471 Esau
2695 1416 2896 1484 amisit,
2924 1417 3050 1488 quia
3091 1433 3287 1490 magno
3319 1427 3458 1473 astu
3490 1419 3828 1474 desiderabi-

2254 1508 2360 1562 lem
2390 1507 2587 1573 cibum,
2613 1508 2665 1563 id
2687 1517 2770 1564 est
2797 1509 3107 1564 lenticulam
3137 1511 3460 1582 concupivit,
3495 1527 3688 1581 quam,
3716 1513 3832 1568 dum

2254 1603 2488 1658 venditis
2503 1603 2668 1656 etiam
2694 1603 3070 1674 primogenitis
3085 1604 3340 1675 pratulit,
3357 1619 3465 1674 quo
3487 1604 3542 1658 in
3565 1602 3660 1659 illa
3684 1621 3832 1676 appe-

2255 1695 2358 1749 titu
2409 1693 2710 1759 anhelaret,
2762 1692 3040 1749 indicavit.
3097 1693 3282 1765 Neque
3331 1695 3479 1750 enim
3510 1695 3705 1760 cibus,
3745 1696 3828 1750 sed

2255 1785 2526 1856 appetitus
2570 1784 2624 1838 in
2669 1783 2799 1840 vitio
2827 1792 2931 1840 est.
2965 1785 3120 1841 Unde
3149 1795 3204 1842 et
3243 1785 3504 1840 lautiores
3534 1784 3693 1841 cibos
3722 1787 3827 1856 ple-

2252 1894 2480 1949 rumque
2507 1879 2624 1934 sine
2645 1878 2800 1947 culpa
2828 1880 3112 1946 sumimus,
3141 1886 3198 1935 et
3220 1876 3544 1948 abiectiores
3577 1895 3693 1935 non
3722 1880 3828 1934 sine

2253 1980 2409 2028 reatu
2455 1971 2798 2027 conscientia
2832 1972 3199 2042 degustamus.
3247 1971 3348 2027 Hic
3389 1973 3622 2042 quippe,
3680 1987 3827 2041 quem

2251 2064 2504 2130 diximus,
2545 2063 2834 2134 primatum
2867 2078 2963 2134 per
2991 2063 3298 2118 lenticulam
3327 2064 3584 2134 perdidit,
3611 2073 3673 2119 et
3697 2063 3829 2118 Elias

2249 2157 2304 2211 in
2346 2170 2530 2211 eremo
2571 2155 2826 2210 virtutem
2856 2156 3098 2225 corporis
3123 2169 3314 2210 carnes
3336 2155 3546 2209 edendo
3573 2155 3827 2210 servavit.

2250 2247 2403 2304 Unde
2433 2257 2488 2303 et
2523 2248 2777 2318 antiquus
2819 2247 3018 2314 hostis,
3062 2247 3205 2317 quia:
3228 2263 3336 2303 non
3363 2247 3564 2312 cibum,
3589 2247 3692 2302 sed
3735 2246 3828 2302 cibi

2248 2337 2740 2408 concupiscentiam
2765 2352 2886 2393 esse
2918 2352 3138 2393 causam
3157 2336 3520 2392 damnationis
3548 2336 3824 2408 intelligit,

2246 2437 2301 2485 et
2335 2429 2567 2500 primum
2593 2429 2694 2485 sibi
2723 2429 2996 2485 hominem
3036 2443 3144 2483 non
3167 2443 3353 2494 carne,
3384 2427 3480 2483 sed
3511 2443 3681 2498 pomo
3708 2429 3826 2484 sub-

2245 2520 2402 2586 didit,
2435 2528 2490 2574 et
2531 2518 2829 2576 secundum
2869 2534 2978 2574 non
3018 2534 3185 2574 carne
3207 2559 3225 2585 ,
3265 2519 3358 2574 sed
3386 2534 3528 2590 pane
3560 2521 3824 2574 tentavit:

2244 2613 2372 2669 hinc
2401 2623 2484 2668 est
2511 2613 2655 2684 quod
2682 2613 2999 2684 plerumque
3045 2613 3216 2667 Adam
3251 2611 3407 2684 culpa
3451 2612 3823 2676 (committitur,

2243 2706 2407 2761 etiam
2439 2721 2563 2760 cum
2613 2703 2823 2775 abjecta
2851 2714 2905 2759 et
2946 2704 3071 2760 vilia
3114 2712 3420 2758 sumuntur.
3467 2701 3661 2772 Neque
3691 2703 3825 2757 enim

2241 2795 2413 2852 Adam
2441 2795 2611 2864 solus,
2639 2804 2754 2850 uta
2789 2797 2956 2851 vetito
3001 2811 3060 2850 sc
3101 2809 3260 2865 pomo
3289 2793 3670 2865 suspenderet,
3698 2809 3825 2866 pra-

2243 2899 2458 2962 ceptum
2493 2890 2877 2962 prohibitionis
2903 2890 3128 2961 accepit.

2795 3022 3023 3080 CAPUT
3060 3022 3249 3079 XXVI.

2310 3162 2410 3218 Hic
2440 3161 2759 3232 interposita
2793 3159 2992 3233 [Petr.,
3021 3158 3121 3215 Hic
3151 3160 3281 3215 item
3309 3158 3510 3230 posita]
3543 3167 3630 3213 est
3661 3129 3825 3213 histo-

550 3262 638 3309 est
661 3269 722 3309 se
741 3253 883 3308 intra
904 3253 1099 3308 mentis
1121 3262 1330 3308 secreta
1352 3253 1702 3325 restringere,
1724 3263 1778 3308 et
1799 3262 2136 3325 nequaquam
2165 3245 2211 3308 C
2241 3254 2341 3309 ria.
2377 3252 2436 3309 Si
2460 3253 2562 3309 viri
2602 3253 2736 3323 justi
2764 3253 3013 3309 voluntas
3066 3253 3208 3308 bona
3258 3260 3363 3318 est,
3405 3251 3534 3321 quid
3574 3260 3661 3307 est
3690 3250 3824 3322 quod

551 3347 792 3402 exterius
816 3361 916 3416 per
945 3346 1213 3402 desideria
1241 3346 1540 3416 dissipare;
1572 3362 1673 3413 ne,
1714 3347 1842 3402 dum
1872 3349 1940 3402 ad
1968 3347 2136 3402 multa

551 3437 698 3494 foras
727 3438 973 3504 inhiant,
1016 3453 1048 3492 a
1101 3437 1296 3510 seipsis
1335 3436 1552 3492 alienati
1601 3437 2017 3509 cogitationibus
2053 3453 2140 3493 re-

556 3530 773 3586 cedant.

622 3619 789 3678 Vns.
825 3620 1010 3678 51-55.
1045 3652 1117 3662 -
1155 3621 1398 3693 Denique
1438 3622 1684 3692 sequitur
1722 3621 1953 3692 qualiter
1995 3603 2137 3677 Esau

549 3711 912 3784 primogenita
937 3701 1034 3768 sua
1068 3723 1290 3784 propter
1316 3713 1476 3769 lentis
1499 3713 1734 3770 edulium
1759 3711 1928 3769 Jacob
1950 3714 2138 3769 vendi-

550 3806 652 3860 dit.
680 3804 812 3872 Qua
837 3814 964 3861 sunt
987 3805 1344 3878 primogenita
1371 3820 1491 3876 qua
1518 3805 1662 3862 Esau
1692 3805 1932 3860 vendidit
1971 3804 2138 3860 Jacob

550 3896 712 3951 fratri
757 3897 903 3952 suo?
951 3896 1196 3953 Tradunt
1241 3895 1454 3953 Hebraei
1503 3911 1693 3953 omnes
1749 3896 2136 3968 primogenitos

549 3991 704 4060 fungi
730 3990 906 4046 cilicio
935 3991 1308 4058 sacerdotum,
1338 3999 1632 4061 antequam
1663 3991 1844 4046 Aaron
1870 3990 1925 4045 in
1957 4005 2136 4046 sacer-

552 4083 760 4138 dotium
779 4082 1090 4155 eligeretur,
1122 4091 1177 4139 et
1201 4084 1456 4140 habuisse
1484 4085 1863 4138 vestimentum
1891 4083 2134 4138 sacerdo-

550 4175 693 4243 tale,
735 4176 929 4246 quibus
968 4177 1140 4232 induti
1168 4176 1415 4232 victimas
1445 4174 1766 4242 oﬁ‘erebant,
1795 4184 1849 4231 et
1877 4177 1993 4232 hac
2015 4191 2135 4232 esse

549 4269 873 4325 vestimenta
898 4269 1041 4324 Esau
1067 4269 1265 4340 quibus
1293 4269 1537 4325 Rebecca
1572 4267 1748 4323 induit
1771 4267 1938 4323 Jacob
1967 4268 2134 4322 tilium

551 4378 728 4428 suum,
752 4378 984 4432 quorum
1020 4361 1186 4417 odore
1216 4354 1370 4432 pater
1409 4361 1706 4416 delectatus
1744 4359 2134 4415 benedictionis

549 4455 763 4510 initium
784 4456 998 4511 astruit.
1025 4454 1094 4510 Et
1114 4455 1230 4510 hac
1253 4462 1379 4510 sunt
1396 4453 1758 4525 primogenita
1779 4468 1898 4522 qua
1915 4460 2136 4522 propter

547 4550 738 4604 vitium
765 4549 904 4621 gula
922 4549 1172 4621 perdidit.
1201 4548 1306 4603 Sed
1327 4547 1606 4603 sciendum
1633 4545 1866 4617 estquia
1897 4545 2133 4615 quinque

2239 3346 2393 3403 lsaac
2419 3363 2528 3404 non
2559 3347 2726 3414 Esau,
2775 3361 2935 3417 quem
2961 3345 3132 3401 voluit
3181 3345 3274 3401 sed
3300 3343 3490 3410 Jacob,
3521 3358 3694 3413 quem
3737 3357 3825 3398 no-

2238 3439 2360 3505 luit,
2392 3438 2703 3495 benedixit?

2306 3531 2445 3587 Justi
2475 3531 2733 3598 hominis,
2753 3538 3016 3601 quantum
3057 3527 3124 3583 ad
3154 3527 3539 3585 conscientiam
3569 3525 3822 3598 pertinet,

2237 3623 2484 3679 voluntas
2538 3624 2682 3678 bona
2709 3632 2843 3692 gest;
2877 3629 3142 3692 quantum
3181 3629 3362 3675 autem
3414 3619 3482 3673 ad
3538 3618 3824 3689 prascien-

2239 3716 2389 3780 tiam,
2420 3714 2678 3769 immunis
2695 3721 2780 3770 est
2803 3714 2870 3768 ab
2893 3713 3134 3770 adversis
3163 3731 3178 3767 :
3202 3711 3348 3767 Deus
3378 3709 3525 3765 enim
3555 3709 3706 3765 solus
3751 3715 3827 3762 est

2236 3807 2330 3876 qui
2369 3806 2434 3861 de
2481 3806 2680 3862 futuris
2719 3807 2948 3878 judicat.
2992 3807 3071 3862 Ac
3123 3821 3221 3877 per
3268 3805 3372 3860 hoc
3414 3802 3566 3858 Isaac
3605 3802 3823 3873 justus,

2237 3909 2498 3970 quantum
2543 3901 2611 3956 ad
2657 3909 2981 3970 prasentem
3027 3898 3424 3953 humanitatem
3468 3895 3694 3965 dignum
3724 3902 3820 3952 est.

2235 3991 2496 4061 majorem
2541 3990 2711 4045 tilium
2740 4006 2771 4045 a
2814 4005 2873 4046 se
2901 3989 3329 4045 benedicendum
3375 3986 3548 4057 magis
3577 3985 3820 4057 putabat.

2238 4081 2344 4137 Sed
2392 4081 2557 4147 Deus,
2612 4083 2704 4152 qui
2753 4082 3092 4138 occultorum
3127 4080 3373 4152 cognitor
3401 4087 3505 4145 est,
3554 4079 3822 4132 minorem

2233 4175 2670 4231 benedictionem
2717 4175 2916 4230 mereri
2961 4173 3228 4238 ostendit,
3261 4182 3321 4228 ut
3363 4172 3420 4226 in
3448 4171 3824 4226 benedictione

2235 4282 2346 4323 non
2401 4267 2637 4322 hominis
2699 4267 3012 4322 ostenderet
3067 4279 3185 4321 esse
3235 4263 3695 4326 benedictionem,
3736 4260 3823 4316 sed

2234 4358 2348 4414 Dei.
2405 4359 2530 4416 Ideo
2569 4359 2774 4414 dictum
2812 4369 2897 4415 est
2951 4359 3007 4414 in
3062 4357 3314 4413 Numeris
3366 4355 3435 4411 ad
3491 4354 3720 4426 Moysen
3774 4363 3823 4408 et

2235 4453 2416 4509 Aaron
2454 4455 2766 4510 sacerdotes
2798 4471 2811 4508 :
2847 4453 3036 4508 Ponite
3064 4470 3253 4508 nomen
3287 4467 3461 4507 meum
3503 4468 3659 4520 super
3684 4450 3820 4518 ﬁlios

2237 4543 2406 4598 Israel
2435 4558 2454 4596 :
2484 4560 2576 4614 ego
2608 4543 2864 4598 Dominus
2910 4543 3206 4598 benedicam
3244 4558 3330 4596 eos
3371 4539 3574 4612 (Num.
3608 4555 3681 4604 vr,
3708 4539 3816 4610 27).

548 4659 650 4698 nos
687 4609 862 4698 modis
903 4609 1039 4714 gula
1081 4640 1270 4695 vitium
1310 4647 1505 4694 tentat.
1549 4609 1852 4708 Aliquando
1901 4609 2132 4706 namque
2161 4609 2210 4668 D
2237 4609 2548 4692 Sacerdotis
2601 4644 2686 4692 est
2729 4636 3084 4703 benedicere;
3142 4635 3237 4690 Dei
3284 4609 3391 4690 esti
3425 4633 3679 4688 eﬂ‘ectum
3731 4609 3820 4686 tri-

547 4734 859 4806 indigentia
889 4741 1133 4803 tempora
1164 4731 1458 4801 pravenit,
1506 4729 1795 4802 aliquando
1836 4743 1964 4784 vero
1999 4737 2132 4783 tem-

545 4843 648 4898 pus
673 4841 780 4882 non
806 4825 1097 4898 pravenit,
1131 4824 1226 4879 sed
1271 4824 1423 4880 cibos
1460 4822 1718 4892 lautiores
1760 4821 1974 4891 quarit.
2016 4819 2130 4875 Ali-

545 4922 762 4993 quando
790 4919 1042 4990 quaelibet
1069 4918 1328 4974 sumenda
1351 4917 1478 4982 sint,
1506 4916 1801 4987 praparari
1826 4915 2134 4970 accuratius

544 5013 770 5084 expetit.
818 5011 1125 5081 Aliquando
1169 5018 1347 5065 autem
1395 5017 1450 5064 et
1496 5007 1741 5078 qualitati
1788 5007 2030 5062 ciborum
2077 5015 2132 5061 et

544 5103 780 5175 tempori
821 5102 1104 5173 congruit,
1145 5102 1241 5158 sed
1289 5102 1344 5158 in
1386 5102 1503 5172 ipsa
1543 5100 1843 5170 quantitate
1883 5099 2130 5154 sumendi

545 5212 859 5252 mensuram
886 5194 1202 5251 refectionis
1235 5193 1467 5249 excedit.
1497 5193 1891 5263 Nonnunquam
1927 5207 2054 5248 vero
2077 5203 2132 5248 et

545 5287 810 5360 abjectius
855 5296 940 5344 est
984 5287 1128 5357 quod
1174 5285 1469 5350 desiderat,
1513 5293 1570 5340 et
1611 5293 1790 5340 tamen
1841 5285 1956 5356 ipso
1999 5292 2131 5340 aestu

546 5380 798 5436 immensi
843 5378 1098 5436 desiderii
1148 5377 1386 5434 deterius
1434 5385 1642 5447 peccat.
1700 5375 1830 5443 Qua
1879 5376 2129 5432 vitiorum

545 5479 792 5542 tempora
817 5471 1010 5528 melius
1029 5469 1385 5534 ostendimus,
1415 5469 1461 5523 si
1487 5469 1602 5524 haec
1625 5469 1886 5539 exemplis
1916 5469 2131 5525 eviden-

549 5562 778 5618 tioribus
812 5564 1190 5634 approbemus.
1218 5560 1408 5618 Mortis
1446 5563 1645 5632 quippe
1673 5565 1996 5619 sententiam
2033 5577 2128 5633 pa-

550 5655 649 5709 tris
675 5670 774 5711 ore
805 5655 1073 5711 Jonathan
1100 5655 1320 5722 meruit,
1350 5655 1476 5727 quia
1520 5655 1572 5709 in
1599 5664 1760 5726 gustu
1783 5654 1956 5710 mellis
2001 5669 2130 5709 con-

548 5751 798 5807 stitutum
853 5753 1045 5808 edendi
1077 5763 1288 5825 tempus
1333 5754 1643 5810 antecessit.
1676 5753 1746 5808 Et
1781 5767 1852 5808 ex
1895 5751 2128 5825 Egypto

545 5847 776 5920 pepulus
826 5846 1054 5902 eductus
1103 5847 1154 5902 in
1191 5864 1374 5903 eremo
1404 5848 1676 5915 occubuit,
1707 5848 1831 5916 quia
1880 5849 2131 5918 despecto

2235 4727 2402 4784 buere
2429 4728 2844 4785 benedictionis.
2880 4727 3034 4785 Unde
3072 4727 3338 4782 intellexit
3380 4725 3533 4782 lsaac
3566 4741 3666 4796 per
3714 4725 3816 4796 spi-

2235 4820 2399 4875 ritum
2437 4820 2755 4891 prophetia,
2783 4835 2816 4874 a
2847 4820 2955 4876 Deo
2984 4817 3426 4876 benedictionem
3453 4831 3617 4886 super
3651 4817 3817 4870 mino-

2237 4933 2350 4973 rem
2374 4916 2544 4973 ﬁlium
2572 4918 3035 4989 pradestinatam.

2307 5009 2453 5064 Dixit
2481 5008 2776 5064 :Benediasi
2813 5011 2881 5077 ei,
2914 5021 2959 5065 et
3005 5010 3101 5064 erit
3146 5007 3462 5063 benedictus.
3493 5003 3816 5076 Spiritaliter

2241 5115 2370 5156 vero
2410 5101 2563 5156 Isaac
2600 5101 2886 5157 Iudaicum
2916 5100 3172 5173 papulum
3209 5098 3532 5178 designavit,
3567 5095 3660 5168 qui
3687 5094 3814 5150 cali-

2238 5207 2372 5264 gans
2395 5191 2569 5248 oculis
2593 5201 2648 5247 et
2671 5195 3001 5264 prophetans
3043 5193 3098 5248 in
3123 5191 3375 5263 praesenti
3413 5190 3583 5245 ﬁlium
3611 5203 3720 5242 non
3747 5185 3796 5236 vi

2237 5286 2337 5351 dit,
2389 5286 2475 5340 cui
2517 5297 2694 5340 tamen
2731 5285 2899 5342 multa
2945 5286 3003 5341 in
3031 5292 3310 5357 posterum
3360 5281 3629 5354 praevidit.
3686 5277 3812 5345 Quia

2239 5377 2494 5432 nimirum
2530 5377 2786 5432 Judaicus
2830 5375 3080 5448 populus,
3129 5373 3421 5446 prophetia
3473 5371 3672 5443 spiritu
3717 5367 3797 5439 ple

2239 5486 2360 5536 nus,
2401 5479 2458 5525 et
2502 5484 2699 5535 cacus,
2731 5483 2859 5524 eum
2905 5469 2972 5524 de
3008 5482 3115 5538 quo
3159 5465 3329 5521 multa
3364 5465 3418 5519 in
3474 5463 3658 5517 futuro
3688 5474 3807 5530 pne

2232 5563 2399 5627 dixit,
2429 5562 2482 5616 in
2515 5560 2767 5631 prasenti
2805 5559 3039 5630 positum
3085 5573 3191 5614 non
3239 5556 3477 5628 agnovit.
3515 5553 3618 5622 Qui
3657 5553 3812 5606 etiam

2235 5657 2302 5712 ad
2353 5654 2718 5711 damnationis
2757 5669 2869 5709 sua
2916 5652 3191 5707 cumulum
3242 5665 3366 5705 eum
3419 5661 3582 5720 quem
3636 5653 3812 5699 natum

2238 5752 2561 5821 despiciunt,
2591 5750 2924 5805 nasciturum
2946 5747 3103 5818 longe
3127 5753 3252 5801 ante
3282 5742 3700 5814 prasciverunt,
3729 5735 3818 5791 sed

2241 5847 2402 5902 etiam
2436 5845 2526 5900 ubi
2560 5851 2895 5899 nasceretur.
2929 5839 3064 5895 Nam
3106 5840 3173 5894 ab
3207 5836 3417 5896 Herode
3462 5831 3713 5904 requisiti
3740 5829 3814 5882 ιο-

3948 929 3949 982 γ

3947 5437 3949 5520 l
