3970 6332
209 434 330 490 209

1510 422 1862 480 COMMENT.
1915 424 1982 479 IN
2018 425 2174 481 GEN.

3375 413 3479 469 210

214 562 346 603 cum
391 543 686 599 nativitatis
740 540 857 610 ejus
903 541 1242 610 exprimunt,
1289 538 1534 594 videlicet
1587 537 1797 593 Bethle-
1825 543 1875 601 Α
1900 539 2094 607 licam;
2134 541 2358 611 propriis
2395 538 2653 604 manibus,
2681 535 2930 591 videlicet
2953 534 3185 605 propriis
3219 534 3468 604 scriptio-

214 641 380 704 hem,
422 644 483 691 ut
511 635 627 706 ipsa
654 647 840 689 eorum
866 632 1090 688 scientia
1134 641 1189 686 et
1234 631 1339 687 illis
1369 630 1521 686 ﬁeret
1549 630 1616 685 ad
1649 629 1798 684 testi-

215 729 468 787 monium
498 724 880 790 damnationis,
928 732 986 779 et
1009 723 1164 780 nobis
1214 725 1283 779 ad
1329 720 1652 791 adiutorium
1681 735 1798 776 cre-

215 819 492 877 dulitatis.

293 911 461 967 Vens.
495 909 677 965 12—16.
705 938 775 950 —
807 907 947 964 Sevit
999 916 1174 963 autem
1218 907 1374 962 Isaac
1407 907 1462 960 in
1503 913 1642 960 terra
1667 904 1795 970 illa,

213 1014 267 1060 et
317 1004 510 1058 invenit
555 1003 611 1056 in
649 1003 762 1072 ipso
803 1017 942 1055 anno
992 999 1310 1070 centuplum.
1343 998 1493 1055 Licet
1518 999 1572 1053 in
1623 997 1798 1052 aliena

217 1103 368 1149 terra
414 1092 793 1158 seminaverit,
840 1106 949 1146 non
1001 1099 1129 1162 puto
1172 1091 1316 1162 quod
1357 1098 1505 1146 tanta
1545 1091 1595 1146 ei
1641 1089 1794 1146 ferti-

216 1188 346 1243 litas
397 1187 614 1257 frugum
659 1185 843 1241 fuerit.
884 1185 1038 1241 Unde
1086 1186 1278 1242 melius
1321 1194 1451 1256 puto
1499 1184 1632 1240 illud
1677 1199 1797 1240 esse

215 1279 363 1350 quod
402 1278 634 1333 habetur
659 1277 713 1332 in
739 1275 984 1342 Hebraeo,
1015 1285 1071 1332 et
1091 1276 1286 1348 Aquila
1321 1292 1537 1348 quoque
1563 1285 1796 1332 transtu-

219 1371 285 1426 lit
314 1391 326 1425 :
353 1367 426 1424 Et
462 1371 657 1425 invenit
695 1370 750 1424 in
793 1385 931 1424 anno
973 1367 1066 1423 illo
1110 1369 1407 1440 centuplum
1457 1369 1792 1423 aestimatum.

217 1463 432 1519 Tacens
458 1463 603 1518 enim
643 1461 925 1533 Scriptura
965 1477 1133 1532 genus
1177 1461 1392 1532 frugum
1424 1460 1565 1530 quod
1605 1468 1792 1515 centu-

215 1557 534 1628 plicaverat,
571 1556 787 1611 videtur
814 1555 946 1610 mihi
981 1562 1296 1610 cunctarum
1333 1553 1388 1608 in
1415 1553 1509 1610 illo
1536 1553 1796 1608 virtutum

214 1649 522 1706 ostendisse
547 1647 1070 1718 multiplicationem.
1099 1647 1340 1716 Denique
1393 1647 1638 1716 sequitur
1677 1665 1689 1701 :
1726 1646 1794 1700 Et

215 1741 482 1796 benedixit
509 1741 557 1796 ei
595 1740 870 1804 Dominus,
903 1751 950 1795 et
983 1724 1348 1810 magniﬁcatus
1378 1749 1452 1794 est
1481 1741 1581 1806 vir,
1609 1749 1656 1794 et
1684 1756 1796 1793 am-

215 1833 431 1888 bulabat
478 1814 676 1900 videns,
709 1841 756 1888 et
798 1831 1164 1902 magniﬁcatus
1205 1840 1321 1899 est,
1365 1832 1526 1886 donec
1575 1848 1795 1902 magnus

1901 633 2076 688 nibus.
2114 633 2220 688 Sed
2249 633 2378 703 quid
2420 631 2618 686 diversi
2670 631 2810 702 putei
2844 629 3014 696 Isaac,
3057 643 3194 698 quos
3221 627 3472 683 foderunt

1897 724 2048 793 pueri
2094 725 2230 794 ejus,
2256 723 2580 794 signiﬁcent,
2618 722 2730 792 jam
2780 735 2922 792 saepe
2962 717 3172 791 praefati
3207 718 3310 774 viri
3335 717 3473 775 liber

1899 815 2124 880 indicat,
2154 817 2199 870 si
2228 816 2348 885 quis
2387 829 2546 870 nosse
2581 813 2846 886 gestierit.
2879 813 3173 883 Sequitur:

1970 908 2132 964 Vsus.
2160 907 2344 962 26-29.
2366 937 2436 947 —
2456 906 2538 959 Ad
2570 921 2721 976 quem
2755 905 2928 960 locum
2962 921 3083 958 cum
3107 904 3322 959 venisset
3348 902 3478 957 Abi-

1897 999 2113 1065 melcch,
2150 1009 2198 1053 et
2237 997 2448 1054 Ochoza
2495 998 2649 1052 amici
2693 997 2865 1062 illius,
2896 1006 2944 1050 et
2973 994 3150 1062 Ficol,
3187 997 3297 1050 dua;
3331 994 3476 1050 mili-

1898 1101 2030 1157 tum,
2058 1091 2260 1146 locutus
2285 1101 2358 1146 est
2387 1092 2459 1145 eis
2490 1090 2676 1156 Isaac,
2708 1097 2762 1145 et
2801 1089 3028 1159 reliqua.
3063 1088 3354 1144 Sciendum
3393 1095 3477 1144 est

1897 1194 2076 1240 autem
2107 1184 2248 1254 quod
2293 1183 2604 1240 Abimelech
2659 1183 2782 1248 iste,
2823 1197 2983 1253 quem
3012 1181 3245 1236 diximus
3275 1179 3478 1252 signiﬁ-

1897 1293 2023 1334 care
2059 1277 2306 1346 superius
2333 1277 2700 1346 philosophos,
2725 1285 2778 1331 et
2819 1275 3088 1330 studiosos
3110 1289 3354 1345 quosque
3380 1273 3477 1344 qui

1895 1387 1994 1444 per
2037 1373 2394 1428 eruditionem
2442 1372 2795 1444 philosophiae
2834 1372 3001 1427 multa
3034 1373 3199 1428 etiam
3240 1388 3306 1428 ex
3334 1370 3480 1426 veri-

1897 1473 2010 1521 tate
2051 1466 2590 1535 comprehenderunt,
2638 1481 2746 1521 non
2795 1481 3007 1537 semper
3051 1466 3242 1522 habuit
3284 1479 3478 1535 pacem

1897 1575 2019 1615 cum
2053 1559 2222 1624 Isaac,
2260 1560 2354 1615 sed
2383 1545 2668 1631 aliquando
2695 1558 2936 1624 dissidet,
2971 1558 3260 1629 aliquando
3285 1570 3476 1628 pacem

1896 1651 2141 1720 requirit.
2173 1649 2355 1722 Neque
2393 1651 2538 1705 enim
2572 1651 2878 1721 philosOphi
2918 1665 3132 1721 semper
3158 1665 3280 1706 cum
3310 1648 3476 1704 verbo

1897 1743 1994 1798 Dei
2042 1743 2402 1808 consentiunt,
2445 1759 2543 1798 nec
2587 1757 2802 1812 semper
2833 1743 3089 1798 contrarii
3136 1751 3277 1797 sunt.
3327 1740 3477 1796 Multi

1899 1836 2044 1892 enim
2073 1834 2376 1906 philosophi
2414 1849 2579 1890 unum
2606 1834 2775 1888 Deum
2797 1848 2938 1898 esse,
2977 1834 3066 1902 qui
3094 1841 3291 1888 cuncta
3319 1847 3476 1888 crea-

214 1927 360 1994 ﬁeret
390 1926 732 1980 vehementer.
779 1923 1062 1980 Fertilitas
1096 1933 1278 1978 autem
1323 1931 1379 1978 et
1425 1921 1798 1993 multiplicatio
1826 1915 1874 1975 B
1901 1929 2057 1994 verit,
2085 1927 2346 1984 scribunt.
2388 1925 2640 1982 Nonnulli
2670 1926 2832 1981 etiam
2861 1926 2966 1981 hoc
2986 1924 3310 1980 addiderunt
3336 1922 3479 1992 quod

215 2017 426 2082 hordei,
477 2016 686 2088 ignoro,
738 2016 783 2072 si
823 2031 983 2087 quem
1025 2015 1198 2086 possit
1245 2015 1424 2071 facere
1477 2015 1789 2086 gloriosum.

218 2103 415 2161 Verum
452 2107 507 2162 in
536 2107 854 2177 quibusdam
884 2107 1161 2163 codicibus
1189 2107 1464 2163 invenitur
1493 2125 1506 2160 :
1557 2105 1796 2162 Semina-

214 2199 281 2251 uit
310 2206 427 2267 post
454 2197 564 2252 lucc
592 2198 876 2263 hordeum,
926 2208 974 2252 et
1019 2199 1212 2253 invenit
1264 2198 1583 2270 centuplum.
1645 2198 1798 2267 Quod

215 2288 480 2344 hordeum
516 2289 770 2356 seminat,
805 2298 861 2346 et
887 2305 994 2346 non
1024 2290 1376 2358 frumentum,
1409 2300 1464 2348 et
1487 2301 1667 2349 tamen
1697 2294 1793 2349 be-

215 2379 488 2435 nedicitur
527 2381 581 2436 in
629 2397 726 2448 eo,
761 2390 817 2437 et
863 2396 1094 2454 magnus
1120 2380 1368 2448 efﬁcitur,
1399 2391 1626 2456 apparet
1653 2382 1795 2452 quod

217 2473 458 2528 nondum
494 2482 615 2529 erat
655 2488 916 2546 magnus;
957 2475 1050 2530 sed
1091 2483 1443 2545 posteaquam
1486 2475 1792 2540 seminavit,

220 2576 278 2621 et
301 2565 509 2634 collegit
529 2565 857 2636 centuplum,
891 2575 1020 2621 tunc
1051 2565 1226 2622 factus
1254 2573 1340 2622 est
1367 2581 1592 2638 magnus
1616 2565 1790 2621 valde.

221 2658 488 2716 Hordeum
533 2660 732 2732 quippe
755 2659 1128 2729 jumentorum
1158 2661 1392 2715 maxime
1441 2660 1595 2715 cibus
1619 2667 1703 2715 est
1739 2667 1796 2714 et

213 2766 511 2807 servorum.
542 2749 680 2806 Nam
723 2751 874 2806 Isaac
901 2750 1168 2822 signiﬁcat
1193 2765 1498 2806 sermonem
1541 2750 1657 2805 Dei.
1691 2749 1794 2818 Qui

213 2858 394 2899 sermo
432 2842 488 2897 in
528 2842 646 2913 lege
669 2842 931 2898 hordeum
961 2843 1214 2908 seminat,
1249 2843 1304 2896 in
1331 2841 1638 2913 Evangeliis
1661 2842 1796 2896 triti-

211 2949 357 2988 cum.
405 2932 498 2988 llle
542 2934 688 2989 enim
732 2933 884 2989 cibus
912 2932 1327 3003 perfectioribus
1351 2941 1404 2989 et
1436 2931 1792 3003 spiritalibus,

211 3024 303 3080 hic
333 3023 760 3095 imperitioribus
789 3031 844 3080 et
891 3023 1214 3080 animalibus
1250 3034 1472 3095 paratus
1524 3032 1637 3091 est;
1667 3025 1794 3095 quia

211 3118 476 3188 scriptum
517 3126 636 3173 est:
660 3117 912 3172 Homines
939 3127 988 3173 et
1011 3119 1254 3187 jumenta
1273 3117 1441 3173 salvos
1467 3118 1655 3188 facias,
1685 3116 1796 3170 Do-

1897 2027 2091 2074 cuncta
2117 2033 2216 2088 per
2244 2015 2481 2072 Verbum
2505 2031 2660 2072 suum
2692 2015 2902 2081 fecerit,
2941 2023 2998 2070 et
3021 2014 3257 2071 Verbum
3289 2013 3382 2069 Dei
3407 2013 3480 2068 sit

1897 2112 2040 2182 quod
2069 2119 2262 2166 cuncta
2305 2111 2634 2165 moderetur.
2684 2108 2741 2163 in
2773 2109 2877 2163 hoc
2909 2122 3034 2162 cum
3064 2106 3186 2178 lege
3224 2114 3280 2161 et
3304 2105 3480 2161 Evan-

1896 2201 2036 2272 gelio
2059 2201 2424 2256 consentiunt.
2459 2199 2731 2255 Dissident
2757 2213 2888 2254 vero
2916 2213 2946 2252 a
2970 2197 3126 2253 nobis
3148 2213 3271 2253 cum
3291 2197 3479 2252 dicunt

1898 2292 2008 2349 Deo
2037 2301 2358 2349 coaeternam
2403 2291 2686 2346 materiam
2735 2305 2874 2358 esse,
2909 2305 3032 2344 cum
3071 2296 3269 2360 negant
3308 2288 3478 2342 Deum

1895 2401 2090 2442 curare
2130 2385 2414 2451 mortalia,
2453 2385 2547 2440 sed
2575 2383 2972 2454 providentiam
3009 2380 3151 2437 illius
3185 2395 3345 2452 supra
3389 2379 3473 2434 lu-

1897 2477 2044 2532 naris
2075 2475 2217 2548 globi
2249 2476 2482 2547 spatium
2509 2473 2769 2540 cohiberi,
2813 2490 2938 2530 cum
2965 2481 3252 2530 nascentes
3293 2471 3478 2528 stella-

1897 2585 2018 2624 rum
2065 2569 2315 2625 cursibus
2343 2569 2604 2640 pendunt.
2654 2567 2947 2633 Dissident,
2987 2583 3110 2622 cum
3158 2573 3480 2637 perpetuum

1897 2661 2084 2717 dicunt
2104 2662 2246 2716 hunc
2274 2661 2537 2717 mundum
2559 2670 2614 2716 et
2640 2661 2786 2717 nullo
2809 2660 2915 2716 ﬁne
2935 2659 3313 2715 claudendum.
3342 2656 3481 2713 Sunt

1897 2763 1952 2808 et
1994 2753 2098 2807 alia
2129 2753 2184 2807 in
2213 2753 2409 2822 quibus
2455 2753 2718 2808 dissident
2745 2761 2800 2808 et
2851 2751 3204 2806 concordant.
3236 2749 3303 2803 Et
3356 2747 3478 2802 ideo

1895 2844 2206 2901 Abimelech
2264 2844 2560 2899 secundum
2612 2844 2752 2898 hanc
2803 2842 3030 2913 ﬁguram
3084 2839 3372 2910 aliquando
3417 2839 3474 2893 in

1897 2952 2029 3010 pace
2057 2953 2178 2992 esse
2211 2951 2333 2991 cum
2363 2935 2535 3001 Isaac,
2589 2933 2877 3004 aliquando
2915 2932 3175 2988 dissidere
3217 2929 3476 2986 describi-

1899 3039 2000 3083 tur.
2044 3026 2150 3081 Sed
2198 3040 2302 3080 non
2353 3026 2526 3080 otiose
2566 3024 2824 3080 scribitur
2859 3023 3001 3092 quod
3052 3022 3157 3076 duo
3205 3021 3295 3075 alii
3350 3035 3472 3074 cum

1893 3118 2206 3175 Abimelech
2243 3118 2522 3181 venerint,
2566 3118 2621 3172 id
2659 3125 2742 3172 est
2779 3115 3015 3180 Ochoza,
3046 3129 3210 3186 gener
3231 3114 3368 3184 ejus,
3421 3122 3478 3166 et

214 3209 350 3262 mine
373 3208 545 3279 (Psal.
595 3225 758 3276 xxxv,
791 3210 868 3280 7).
901 3209 967 3264 Et
1004 3218 1186 3266 tamen
1231 3210 1288 3264 in
1330 3211 1445 3279 ipso
1477 3210 1678 3265 hordeo
1711 3210 1794 3264 in-
1837 3278 1861 3280 μ
1897 3211 2067 3274 Ficol,
2099 3211 2205 3265 dux
2233 3210 2480 3264 militum.
2505 3209 2897 3278 Interpretatur
2938 3203 3368 3261 autem'Ochoza
3397 3214 3475 3258 te-

209 3300 361 3354 venit
404 3300 763 3356 centesimum
809 3278 1067 3356 fructum.
1122 3278 1528 3355 lnvenisienim
1576 3299 1631 3354 in
1674 3299 1792 3369 lege
1821 3278 1866 3341 (ἶ
1898 3320 2043 3370 nens,
2085 3311 2141 3358 et
2171 3301 2318 3357 Ficol
2361 3319 2418 3356 os
2468 3303 2720 3356 omnium.
2773 3301 2890 3370 Ipse
2943 3307 3121 3354 autem
3160 3297 3474 3353 Abimelech

209 3401 508 3463 martyres,
542 3407 764 3463 quorum
792 3402 876 3448 est
920 3394 1251 3449 centesimus
1290 3392 1515 3448 fructus.
1550 3391 1794 3447 Semina-

205 3486 290 3540 vit
338 3485 618 3552 hordeum,
669 3486 840 3559 legem
883 3486 1136 3542 videlicet
1170 3485 1510 3558 exponendo,
1539 3493 1592 3539 et
1621 3484 1795 3539 mani-

209 3576 452 3644 festavit,
473 3577 616 3649 quod
643 3578 730 3634 lex
766 3579 1026 3649 spiritalis
1057 3587 1162 3634 est.
1195 3579 1344 3634 Tunc
1379 3577 1663 3634 seminavit
1695 3577 1793 3631 tri-

213 3672 405 3736 ticum,
455 3672 821 3745 evangelicam
866 3672 1117 3728 videlicet
1164 3673 1622 3744 medicationem.
1667 3671 1795 3727 Inde

209 3775 299 3819 est
327 3764 468 3833 quod
489 3765 640 3834 prius
671 3766 909 3834 quinque
941 3764 1106 3820 millia
1134 3764 1415 3820 hominum
1459 3765 1525 3819 de
1556 3764 1794 3834 quinque

206 3856 463 3926 panibus,
507 3855 701 3912 deinde
736 3856 879 3927 quod
917 3865 1150 3926 quatuor
1175 3855 1344 3912 millia
1375 3856 1442 3911 de
1468 3863 1673 3925 septem
1699 3870 1794 3925 pa-

208 3949 372 4004 nibus
401 3950 681 4005 saturavit.

283 4037 453 4096 Vsus.
478 4040 670 4096 17-22.
695 4073 762 4082 ——
801 4041 1002 4097 Deinde
1030 4041 1251 4098 venit‘in
1288 4039 1421 4097 valle
1450 4040 1665 4096 Geraris
1685 4081 1701 4108 ,
1744 4050 1791 4095 et

205 4134 461 4188 habitavit
496 4134 589 4188 ibi.
617 4133 724 4189 Pro
749 4133 886 4188 valle
920 4143 1199 4189 torrentem
1241 4133 1408 4190 habet
1451 4133 1503 4187 in
1543 4132 1790 4188 Hebraeo.

207 4227 398 4298 Neque
448 4228 594 4283 enim
635 4227 785 4283 Isaac
831 4226 1075 4283 habitare
1122 4235 1336 4298 poterat
1383 4225 1438 4280 in
1485 4225 1641 4281 valle.
1691 4224 1795 4280 Ha-

203 4319 402 4374 bitavit
439 4328 618 4375 autem
647 4319 702 4374 in
731 4328 1001 4385 torrente,
1043 4328 1328 4389 postquam
1357 4333 1582 4387 magnus
1619 4316 1795 4372 factus

203 4420 311 4465 est.
345 4411 421 4466 De
447 4426 555 4481 quo
594 4411 854 4481 scriptum
897 4417 1018 4466 est:
1051 4410 1129 4464 De
1166 4417 1394 4464 torrente
1427 4409 1484 4463 in
1531 4409 1613 4462 via
1662 4407 1793 4462 bibet

203 4501 383 4574 (Psal.
411 4519 520 4568 clx,
555 4502 630 4573 7).
679 4503 759 4558 De
793 4519 900 4574 quo
945 4501 1111 4558 etiam
1151 4501 1295 4555 Elias
1335 4500 1492 4556 bibit.
1531 4499 1638 4554 Sed
1665 4499 1793 4568 quia

200 4591 359 4648 Elias
397 4608 504 4649 non
549 4602 670 4649 erat
698 4593 970 4664 perfectus
1002 4601 1063 4647 ut
1103 4591 1382 4657 Christus,
1409 4591 1530 4647 ideo
1576 4599 1791 4646 torrens

201 4685 297 4740 ille
337 4685 497 4740 aruit.
535 4685 796 4742 Dominus
839 4701 968 4740 vero
1020 4691 1205 4738 noster
1247 4683 1411 4737 etiam
1445 4698 1501 4737 tn
1547 4689 1789 4738 torrente

201 4779 440 4834 traditus
482 4787 602 4846 est,
650 4779 906 4836 dedicans
951 4777 1412 4850 regenerationem
1448 4784 1688 4832 nostram
1733 4784 1788 4832 et

199 4871 463 4942 baptismi
492 4881 908 4930 sacramentum.
953 4873 961 4882 '

279 4963 446 5020 Vens.
471 4965 667 5022 25-25.
690 4997 759 5007 —
783 4966 953 5022 Porro
975 4965 1296 5037 quibusdam
1325 4965 1657 5036 interpositis
1699 4978 1787 5019 se-

197 5058 393 5128 quitur
412 5059 662 5126 historia,
697 5061 841 5130 quod
869 5060 1102 5115 ascendit
1147 5059 1212 5115 ab
1248 5058 1339 5113 illo
1368 5058 1482 5114 loco
1519 5060 1575 5114 in
1596 5057 1787 5113 Bersa-

195 5149 317 5215 bee,
359 5149 448 5203 ubi
491 5151 732 5222 apparuit
764 5151 814 5206 ei
842 5151 1098 5206 Dominus
1124 5152 1179 5206 in
1205 5151 1320 5221 ipsa
1354 5159 1532 5216 nocte,
1583 5160 1638 5206 et
1670 5147 1791 5205 reii-

196 5256 316 5311 qua
361 5258 644 5314 usquequo
684 5245 761 5300 ait
793 5263 807 5299 :
836 5245 919 5298 Ad
965 5261 1116 5316 quem
1147 5244 1320 5300 locum
1363 5261 1481 5299 cum
1529 5244 1788 5299 uenissent

197 5332 536 5400 Abimeleclt;
547 5344 597 5389 et
624 5333 858 5400 Ochoza,
885 5336 1040 5390 amici
1065 5335 1208 5389 illius
1225 5376 1240 5400 ,
1271 5344 1320 5390 et
1349 5333 1522 5401 Ficol,
1548 5335 1658 5390 dua:
1697 5336 1794 5388 mi-

195 5423 378 5487 litum,
405 5432 512 5480 etc.
544 5425 612 5481 Et
633 5425 738 5481 ait:
766 5426 880 5497 Ego
900 5443 1016 5482 sum
1043 5426 1182 5481 Deus
1204 5427 1466 5481 Abraham
1492 5429 1656 5497 patris
1688 5427 1786 5479 tui.

89 5535 108 5546 ι
194 5515 283 5572 Ac
310 5516 358 5571 si
380 5517 586 5574 diceret
622 5537 636 5574 :
673 5518 812 5574 Dum
833 5519 1003 5590 patris
1025 5520 1278 5601 tui.Deus
1315 5536 1453 5584 sum,
1479 5521 1789 5576 misericors

195 5621 300 5662 ero
334 5607 407 5662 tui
445 5609 586 5665 sicut
603 5619 659 5665 et
689 5610 922 5666 illorum.
955 5609 1222 5666 Caeterum
1261 5611 1415 5666 lsaac
1442 5611 1783 5682 spiritaliter,

194 5697 466 5756 Dominus
511 5701 720 5758 scilicet
753 5711 960 5770 noster,
1003 5703 1233 5759 extendit
1283 5703 1701 5770 tabernaculum,
1734 5703 1788 5759 id

192 5799 287 5848 εει
316 5789 636 5849 Ecclesiam.
677 5793 1032 5867 Prtecepitque
1065 5795 1226 5849 servis
1262 5795 1394 5861 suis,
1429 5794 1480 5848 id
1525 5804 1610 5850 est
1660 5810 1788 5864 apo-

193 5881 391 5950 stolis,
419 5892 474 5954 ut
498 5883 736 5954 [ederent
758 5894 972 5958 puteum
993 5927 1008 5953 ,
1047 5886 1102 5941 id
1127 5895 1210 5941 est
1232 5885 1533 5942 doctrinam
1567 5896 1785 5954 aposto-

1894 3406 2044 3468 pater
2066 3412 2210 3450 meus
2246 3411 2355 3449 rex.
2395 3393 2495 3461 Qui
2524 3403 2654 3460 tres,
2679 3394 2818 3449 sicut
2836 3393 2992 3465 longe
3015 3391 3262 3462 superius
3294 3397 3478 3445 osten-

1896 3489 2095 3554 dimus,
2144 3488 2432 3555 imaginem
2481 3487 2648 3542 totius
2698 3485 3049 3556 philosophia:
3103 3492 3309 3549 tenent,
3358 3497 3478 3552 qua:

1897 3581 2036 3650 apud
2065 3595 2160 3636 eos
2189 3581 2241 3635 in
2268 3589 2378 3634 tres
2397 3588 2580 3649 partes
2604 3579 2878 3642 dividitur,
2902 3578 3153 3648 logicam,
3171 3577 3475 3648 physicam,

1895 3673 2149 3736 ethicam,
2183 3672 2235 3726 id
2262 3679 2347 3726 est
2383 3658 2722 3737 rationalem,
2764 3669 3065 3726 naturalem
3091 3677 3145 3724 et
3194 3668 3476 3724 moralem.

1896 3763 2194 3818 Rationalis
2245 3773 2348 3828 est,
2382 3778 2501 3833 qua:
2528 3762 2698 3816 Deum
2727 3761 2945 3816 Patrem
2989 3761 3230 3817 omnium
3259 3758 3483 3816 conlita.

1897 3866 2002 3924 tur,
2034 3867 2093 3913 ut
2137 3865 2221 3913 est
2261 3857 2592 3912 Abimelech.
2650 3855 2920 3911 Naturalis
2949 3866 3032 3912 est
3075 3855 3175 3910 illa
3218 3869 3338 3926 qua:
3369 3852 3481 3909 ﬁxa

1895 3959 1998 4016 est,
2043 3957 2100 4004 et
2129 3961 2277 4006 tenet
2304 3949 2487 4004 omnia
2522 3948 2668 4004 velut
2715 3957 2922 4002 natum
2970 3947 3113 4001 illius
3141 3946 3344 4000 viribus
3390 3945 3477 3999 ni-

1897 4051 2036 4106 tens,
2093 4057 2256 4112 quam
2287 4042 2578 4111 proﬁtetur
2621 4038 2836 4094 Ochoza
2859 4080 2873 4106 ,
2903 4039 2996 4110 qui
3043 4038 3242 4095 dicitur
3278 4047 3475 4092 tenens.

1895 4132 2112 4188 Moralis
2142 4142 2246 4199 est,
2276 4149 2394 4204 quae
2424 4133 2478 4187 in
2523 4148 2619 4188 ore
2658 4141 2741 4188 est
2784 4133 3046 4197 omnium,
3093 4140 3149 4186 et
3187 4133 3253 4187 ad
3287 4145 3479 4186 omnes

1895 4223 2148 4293 pertinet,
2195 4233 2250 4278 ct
2275 4221 2374 4293 pro
2399 4223 2764 4280 communium
2802 4223 3156 4278 similitudine
3181 4231 3476 4293 prazcepto-

1896 4329 2016 4367 rum
2058 4312 2114 4367 in
2157 4313 2398 4368 omnium
2443 4328 2539 4368 ore
2576 4321 2844 4379 versatur,
2887 4326 3049 4381 quam
3091 4311 3344 4382 designat
3372 4310 3477 4366 iste

1893 4403 2064 4470 Ficol,
2097 4405 2189 4474 qui
2221 4421 2278 4458 os
2307 4405 2539 4460 omnium
2587 4405 2988 4475 interpretatur.
3024 4403 3091 4458 Hi
3128 4416 3258 4473 ergo
3288 4417 3478 4458 omnes

1896 4501 1950 4555 in
1989 4498 2358 4569 hujuscemodi
2405 4501 2831 4558 institutionibus
2869 4501 3101 4558 instituti
3156 4501 3385 4556 veniunt
3408 4501 3479 4557 ad

1896 4590 2088 4662 legem,
2117 4599 2171 4646 et
2195 4591 2382 4646 dicunt
2410 4610 2423 4645 :
2465 4590 2704 4646 Vidimus
2734 4601 2903 4647 tecum
2935 4609 3046 4648 esse
3075 4592 3390 4658 Dominum,
3427 4600 3478 4646 et

1895 4685 2090 4741 idcirco
2132 4685 2406 4742 diximus:
2440 4683 2522 4741 Sit
2548 4687 2914 4757 juramentum
2951 4687 3096 4742 inter
3111 4689 3238 4752 'nos,
3261 4693 3319 4741 et
3345 4682 3474 4740 reli-

1895 4796 2000 4849 qua
2039 4795 2233 4850 usque,
2263 4780 2354 4834 sed
2383 4797 2500 4834 cum
2530 4797 2658 4852 pace
2679 4781 2977 4836 dimisimus
3011 4791 3225 4837 auctum
3264 4778 3474 4836 benedi-

1894 4873 2062 4927 ctione
2089 4872 2321 4928 Domini.

1965 4964 2197 5020 Possunt
2231 4965 2449 5035 quidem
2491 4966 2581 5022 isti
2612 4975 2743 5032 tres,
2784 4968 2878 5038 qui
2903 4982 3094 5039 pacem
3133 4965 3416 5036 requirunt
3439 4979 3473 5018 a

1895 5057 2062 5113 verbo
2115 5058 2233 5123 Dei,
2263 5067 2318 5113 ct
2363 5060 2648 5128 pervenire
2694 5060 2920 5130 cupiunt
2945 5069 3103 5132 pacto
3129 5066 3186 5113 et
3228 5055 3476 5113 societati

1875 5150 2031 5221 ejus,
2063 5149 2290 5220 ﬁguram
2319 5159 2504 5207 tenere
2534 5152 2692 5206 trium
2728 5153 3025 5223 Magorum,
3057 5152 3146 5221 qui
3170 5165 3239 5206 ex
3283 5148 3475 5205 Orien-

1895 5242 1962 5296 tis
1995 5241 2238 5311 partibus
2279 5243 2527 5308 veniunt,
2567 5243 2767 5299 eruditi
2797 5243 3040 5315 paternis
3084 5241 3257 5306 libris,
3305 5249 3360 5296 et
3390 5241 3472 5296 in-

1893 5332 2170 5387 stitutione
2211 5332 2493 5402 majorum,
2531 5343 2588 5390 et
2633 5334 2857 5390 dicunt:
2889 5335 3012 5404 quia
3061 5333 3305 5388 videntes
3339 5333 3474 5387 vidi-

1894 5441 2015 5481 mus
2042 5435 2228 5480 natum
2271 5442 2470 5498 regem,
2502 5435 2558 5482 ct
2592 5427 2847 5493 vidimus,
2883 5426 3008 5496 quia
3051 5426 3193 5480 Deus
3229 5435 3313 5481 est
3342 5440 3467 5480 cum

1893 5517 2003 5582 illo,
2041 5526 2098 5572 et
2131 5519 2378 5574 venimus
2419 5519 2648 5576 adorare
2674 5535 2818 5574 eum.
2867 5517 3173 5573 Istiusmodi
3204 5518 3469 5575 accedens

1895 5611 1962 5665 ad
2001 5610 2172 5682 legem
2204 5611 2296 5666 Dei
2336 5612 2647 5667 necessario
2674 5609 2839 5664 dicit:
2877 5609 3088 5676 Juravi,
3115 5619 3160 5664 et
3187 5611 3348 5664 statui
3373 5627 3468 5664 cu-

1891 5703 2085 5758 stodire
2116 5703 2324 5774 judicia
2345 5703 2569 5774 justitiae
2609 5711 2712 5754 tua:
2739 5696 2911 5771 (Psal.
2951 5715 3142 5766 cxvm,
3183 5699 3326 5773 106).
3349 5700 3473 5756 .Sed

1892 5797 2018 5852 dum
2049 5804 2234 5866 petunt
2273 5805 2326 5848 ut
2362 5811 2463 5848 non
2502 5793 2670 5864 facias
2713 5793 2859 5848 nobis
2902 5792 3188 5864 quidquam
3228 5791 3380 5856 mali,
3415 5800 3473 5846 et

1895 5886 2122 5956 reliqua,
2155 5885 2525 5942 remissionem
2555 5894 2898 5957 peccatorum
2919 5900 3022 5960 per
3059 5886 3172 5942 haec
3198 5883 3310 5958 jZ.,
3343 5881 3471 5956 hoc]
