3970 6332
538 394 637 452 lii

1582 393 1936 453 ANGELOII
1974 390 2440 452 LUXOVIENSIS
2474 392 2782 451 MONACHI

3714 400 3809 457 ΞΗ

537 514 828 584 deposcere
873 513 1150 580 videntur,
1201 523 1257 571 et
1304 528 1374 571 ne
1426 512 1691 585 recipiant
1740 512 1905 581 mala,
1946 515 2118 571 bene-
2147 518 2196 579 Α
2222 512 2381 566 diem.
2425 511 2579 579 Quod
2607 511 2889 584 impletum
2912 510 3157 569 videmus
3191 514 3317 585 quia
3350 515 3405 571 in
3430 526 3672 589 quatuor
3696 534 3805 590 par.

535 608 827 665 dictionem
866 611 1161 680 postulant,
1196 624 1302 665 non
1336 608 1768 665 retributionem.

2230 604 2375 661 tibus
2404 604 2589 668 mundi
2633 603 2877 661 Ecclesia
2917 603 3121 663 Christi
3143 614 3231 665 est
3261 607 3505 671 dilatata.
3552 610 3628 666 Et
3669 613 3808 671 bene-

606 697 775 757 Vm.
810 700 901 756 so.
924 701 1085 758 --Et
1126 703 1249 774 fecit
1288 703 1395 758 tua
1435 703 1747 759 convivium.
1785 701 2007 760 Certum
2037 710 2127 762 est
2226 693 2464 747 dicentur
2492 693 2640 760 inte.
2673 693 2725 749 id
2760 704 2843 751 est
2870 695 2927 751 in
2968 694 3211 763 Christo.
3258 712 3419 768 quem
3463 707 3519 757 ιιι
3556 701 3806 777 μαιώσα-

534 791 678 846 enim
710 792 835 862 quia
862 793 956 864 qui
993 793 1271 850 ministrat
1307 794 1554 859 verbum,
1593 792 1926 865 sapientibus
1953 802 2010 851 et
2042 795 2125 851 in-

536 881 855 955 sipientihus
895 885 1110 943 debitor
1147 895 1249 943 est.

1081 999 1308 1058 CAPUT
1347 1000 1557 1058 XXVII.

603 1110 772 1173 Vens.
801 1114 979 1172 42.——
1000 1112 1248 1189 Dixitque
1288 1112 1520 1173 Rebecca
1549 1117 1620 1171 ad
1659 1114 1827 1172 Jacob
1858 1128 1876 1168 :
1905 1114 2119 1182 Audivi,

531 1208 673 1279 quod
708 1206 874 1280 frater
919 1218 1042 1264 tuus
1078 1206 1229 1264 Esau
1268 1209 1506 1264 minatur
1534 1210 1770 1265 occidere
1796 1218 1863 1264 te.
1914 1207 2122 1276 ρωπί-

534 1312 620 1357 ιυι·
651 1301 922 1377 quomodo
952 1304 1272 1360 annuntiata
1311 1316 1437 1361 sunt
1472 1303 1633 1361 verba
1669 1304 1811 1362 Esau
1840 1304 2117 1372 Rebeccae,

528 1390 724 1467 quibus
779 1394 1142 1451 comminatus
1197 1402 1283 1452 est
1333 1396 1582 1453 occidere
1631 1396 1857 1453 fratrem
1915 1411 2113 1463 suum;

528 1499 649 1539 cum
696 1482 979 1557 Scriptura
1023 1485 1171 1543 dicat
1217 1489 1320 1544 hoc
1364 1504 1486 1544 eum
1537 1478 1591 1544 in
1640 1500 1735 1545 sua
1789 1488 2119 1560 cegitatione

527 1576 772 1633 dixisse?
800 1578 913 1635 Nisi
943 1580 1069 1651 quia
1097 1581 1185 1637 hic
1227 1583 1383 1639 nobis
1421 1581 1582 1637 datur
1626 1581 1925 1653 intelligere
1970 1582 2118 1653 quod

525 1670 784 1729 divinitus
812 1672 863 1728 ei
888 1670 999 1741 [Ζ.,
1029 1673 1133 1747 eis]
1167 1674 1545 1731 revelabantur
1574 1676 1775 1731 omnia.

1068 1787 1296 1847 CAPUT
1336 1787 1574 1845 XXVIII.

2226 801 2347 851 ras;
2378 795 2426 840 et
2460 787 2514 840 in
2558 787 2753 841 semine
2783 796 2895 851 tuo,
2928 787 3033 843 hoc
3075 796 3160 843 est
3193 787 3247 843 in
3290 791 3570 860 apostolis,
3617 806 3807 853 cum

2225 879 2391 939 tribus
2416 889 2590 946 terra,
2624 879 2677 937 id
2701 888 2786 936 est
2809 895 3000 937 omnes
3027 881 3277 939 nationes
3306 890 3485 941 terrae.

2296 970 2365 1029 Et
2414 989 2504 1027 ero
2546 981 2723 1029 custos
2765 982 2909 1040 tuus,
2956 990 3266 1046 quocunque
3310 978 3628 1047 pert-exeris.
3681 980 3805 1048 Quia
3926 970 3927 1039 Ῑ

2222 1067 2367 1125 Deus
2411 1067 2571 1124 Pater
2609 1068 2902 1124 custodivit
2927 1083 3070 1133 eum,
3110 1068 3194 1126 vel
3217 1084 3417 1141 corpus
3446 1071 3642 1142 ipsius,
3670 1077 3802 1145 quod

2222 1167 2306 1216 est
2344 1159 2607 1217 Ecclesia.
2651 1159 2717 1215 Et
2758 1162 3001 1217 reducam
3033 1172 3085 1218 te
3110 1164 3165 1218 in
3207 1172 3402 1219 terram
3428 1155 3619 1233 hinc;
3660 1166 3804 1236 juxta

2222 1250 2367 1320 quod
2395 1249 2594 1307 Paulus
2620 1251 2699 1307 ait
2726 1270 2738 1306 :
2766 1251 2989 1308 Cacitas
3021 1270 3087 1308 ea:
3112 1263 3263 1325 parte
3296 1255 3510 1327 σακίαᾶ
3535 1257 3595 1311 in
3622 1256 3800 1315 Israel.

2223 1344 2355 1403 Cum
2378 1355 2557 1403 autem
2584 1345 2855 1417 plenitudo
2899 1349 3149 1419 temporis
3183 1349 3467 1415 introierit,
3494 1359 3624 1407 tunc
3648 1356 3802 1409 omnis

2221 1435 2393 1492 Israel
2423 1438 2601 1493 salvus
2624 1439 2715 1509 ﬁet
2739 1438 2912 1512 (Rom.
2943 1456 3020 1506 XI,
3050 1440 3164 1512 25).

2292 1526 2525 1601 Cumque
2555 1530 2848 1602 evigilasset
2876 1529 3044 1589 Iacob
3072 1533 3137 1589 de
3160 1549 3365 1601 manu,
3386 1535 3462 1590 ait
3489 1549 3508 1603 ς
3550 1534 3686 1593 Vere
3708 1537 3803 1594 Do—

2221 1621 2393 1678 minus
2423 1632 2498 1683 est
2522 1623 2578 1677 in
2602 1622 2716 1679 loco
2744 1625 2867 1679 isto.
2912 1623 3295 1697 Prophetando
3324 1627 3485 1695 dixit,
3520 1628 3671 1687 sicut
3700 1629 3802 1701 iam

2219 1714 2507 1771 manifeste
2531 1714 3040 1773 demonstravimus.
3057 1717 3195 1786 Quia
3218 1717 3460 1776 futurum
3483 1730 3612 1779 erat
3634 1730 3696 1779 ut
3710 1721 3801 1779 Do-

2218 1808 2399 1865 minus
2432 1809 2489 1865 in
2517 1809 2707 1866 eadem
2739 1821 2884 1867 terra
2916 1812 3206 1870 visibiliter
3253 1824 3562 1886 appareret.
3618 1816 3687 1873 Et
3716 1835 3798 1890 ego

600 1902 765 1960 Vens,
815 1904 1004 1962 “-19
1043 1907 1259 1976 ραεσίηι,
1310 1936 1380 1946 -
1404 1904 1537 1962 [nde
1589 1906 1839 1977 sequitur
1875 1904 2113 1977 qualiter
2142 1890 2191 1953 Β
2220 1901 2536 1957 nesciebant.
2562 1901 2677 1958 Hoc
2702 1916 2769 1957 ex
2793 1919 3027 1975 persona
3051 1905 3260 1965 Judaici
3292 1909 3479 1980 populi
3516 1910 3683 1975 dixit,
3714 1912 3794 1981 qui

523 1995 694 2053 Jacob
724 1998 777 2053 in
819 1997 1014 2055 itinere
1052 2000 1347 2065 dormiens,
1392 1999 1623 2070 lapidem
1654 1999 1821 2071 capiti
1851 2015 1951 2055 suo
1987 2015 2115 2071 sup-

523 2093 726 2163 posuit,
752 2102 809 2148 et
845 2092 1194 2159 obdormivit,
1227 2101 1284 2149 et
1326 2094 1461 2150 vidit
1508 2093 1710 2150 scalam
1738 2110 1767 2148 a
1800 2103 1944 2150 terra
1973 2093 2115 2151 caelo

523 2186 902 2251 inhaerentem
936 2185 1181 2240 innixum
1210 2186 1370 2241 scale
1414 2184 1723 2251 Dominum,
1756 2185 2115 2241 ascendentes

521 2292 736 2349 quoque
762 2286 819 2334 et
868 2279 1260 2335 descendentes
1306 2278 1525 2351 angelos
1568 2278 1868 2348 conspexit.
1917 2277 1977 2332 In
2020 2276 2111 2332 iti-

446 2360 459 2367 ’
523 2386 651 2429 nere
682 2373 881 2443 quippe
894 2372 1131 2429 dormire
1158 2380 1243 2429 est
1269 2373 1324 2428 in
1352 2374 1456 2429 hoc
1480 2373 1763 2443 praesentis
1785 2372 1909 2427 vita:
1932 2378 2111 2426 trans-

523 2464 601 2519 itu
642 2480 672 2518 a
714 2478 896 2519 rerum
944 2465 1325 2536 temporalium
1380 2479 1565 2520 amore
1600 2463 1899 2534 quiescere,
1938 2470 1994 2517 et
2045 2462 2114 2516 ab

524 2538 765 2625 appetitu
793 2555 1087 2611 visibilium
1118 2557 1316 2611 mentis
1339 2556 1528 2612 oculos
1567 2555 1839 2611 claudere.
1877 2552 2113 2624 Angelos

521 2658 651 2701 vero
693 2648 1053 2703 ascendentes
1092 2656 1148 2703 et
1172 2648 1567 2704 descendentes
1605 2662 1832 2703 cernere
1860 2652 1945 2702 est
1965 2645 2115 2700 cives

520 2738 761 2795 caelestis
796 2738 986 2810 patriae
1017 2738 1394 2812 contemplari,
1428 2738 1510 2795 vel
1548 2745 1753 2810 quanto
1784 2751 1967 2792 amore
1988 2751 2116 2792 con-

521 2834 683 2890 «litori
724 2848 825 2890 suo
861 2849 1025 2905 super
1060 2834 1383 2906 semetipsos
1415 2833 1735 2899 inhaereant,
1784 2831 1869 2886 vel
1910 2838 2114 2902 quanta

520 2927 898 3000 compassione
945 2926 1233 2982 charitatls
1280 2926 1482 2982 nostris
1526 2924 1936 2981 inﬁrmitatibus
1981 2937 2112 2979 con-

519 3022 867 3079 descendant.
887 3021 954 3075 Et
972 3021 1268 3077 notandum
1285 3020 1443 3076 valde
1458 3028 1542 3075 est
1564 3018 1707 3090 quod
1731 3018 1819 3075 ille
1838 3016 2113 3074 dormiens

520 3113 743 3186 angelos
778 3113 926 3168 videt
959 3121 1016 3167 et
1042 3112 1096 3166 in
1134 3112 1314 3182 lapide
1344 3121 1506 3183 caput
1544 3112 1716 3183 ponit.
1765 3109 1904 3177 Quia
1946 3108 2110 3164 nimi-

520 3223 640 3263 rum
686 3208 802 3279 ipse
831 3208 899 3263 ab
934 3206 1296 3261 exterioribus
1334 3202 1591 3275 operibus
1629 3218 1869 3271 cessans,
1898 3204 2111 3258 interna

518 3307 787 3371 penetrat,
815 3298 907 3369 qui
934 3298 1140 3352 intenta
1167 3304 1377 3362 mente,
1402 3296 1547 3366 quod
1586 3293 1883 3365 principale
1908 3303 1995 3350 est
2013 3295 2112 3350 ho-

519 3389 703 3457 minis,
748 3390 1107 3446 imitationem
1153 3388 1235 3444 sui
1284 3386 1664 3457 Redemptoris
1692 3390 1963 3442 observat.
2006 3384 2112 3442 Ca-

517 3492 617 3556 put
662 3484 863 3556 quippe
918 3484 972 3538 in
1021 3482 1202 3553 lapide
1261 3490 1466 3553 ponere
1524 3488 1612 3535 est
1658 3486 1841 3535 mente
1894 3477 2113 3535 Christo

518 3580 803 3638 inhaerere.
1816 3642 1823 3647 ,

591 3674 731 3744 Quid
780 3682 863 3730 est
892 3673 1037 3744 quod
1080 3670 1248 3728 Jacob
1290 3670 1428 3727 dixit
1473 3688 1487 3725 :
1529 3668 1800 3724 Terribilis
1847 3676 1922 3723 est
1965 3666 2111 3722 locus

514 3769 631 3823 iste.
677 3764 803 3823 Non
843 3776 916 3821 est
978 3765 1064 3820 hic
1105 3754 1270 3827 aliud,
1333 3762 1434 3817 nisi
1475 3763 1662 3818 domus
1712 3760 1807 3816 Dei
1862 3768 1910 3815 et
1956 3767 2111 3831 porta

516 3858 678 3915 cwli.’
730 3857 855 3915 Haec
905 3857 1070 3915 verba
1108 3856 1188 3911 'ad
1240 3855 1580 3927 prophetiam
1625 3854 1920 3925 pertinent,
1966 3850 2110 3922 quod

516 3949 763 4006 futurum
812 3958 934 4005 erat
996 3949 1052 4005 in
1109 3956 1254 4004 terra
1304 3946 1739 4018 repromissionis
1783 3943 1951 4000 Deum
2012 3957 2110 3999 ve-

515 4056 641 4098 rum
683 4042 905 4109 timere,
947 4050 1003 4097 et
1041 4040 1253 4106 colere,
1310 4037 1827 4108 tabernaculumqne
1865 4036 1915 4092 ei
1957 4035 2106 4101 ﬁeri,

514 4150 769 4206 eumque,
802 4136 901 4206 qui
932 4143 1016 4192 est
1041 4144 1204 4205 super
1242 4133 1425 4189 omnia
1461 4131 1780 4187 benedictus
1827 4130 1992 4196 Deus,
2014 4143 2109 4199 pe-

512 4228 672 4284 dibus
712 4229 826 4285 suis
861 4227 1142 4283 ambulare
1177 4225 1230 4282 in
1274 4240 1358 4283 ea.
1399 4224 1618 4280 Portam
1647 4223 1770 4278 cmli
1800 4230 1982 4277 autem
2027 4221 2107 4277 sic

516 4321 819 4392 intelligere
848 4320 1110 4376 debemus
1155 4328 1411 4390 tanquam
1463 4317 1589 4372 inde
1633 4315 1728 4370 ﬁat
1767 4315 1945 4370 aditus
1987 4329 2106 4370 cre-

511 4409 763 4468 dentibus
805 4412 873 4467 ad
909 4408 1301 4481 capessendum
1339 4420 1567 4477 regnum
1605 4404 1888 4461 ctelorum.

582 4500 693 4557 Cur
713 4499 881 4557 Jacob
906 4499 1085 4555 oleum
1116 4498 1251 4554 fudit
1298 4513 1462 4568 super
1488 4496 1719 4567 lapidem
1746 4511 1909 4567 quem
1931 4497 2106 4552 erexit

513 4592 567 4647 in
596 4592 858 4647 titulum?
894 4590 1010 4648 Non
1053 4591 1371 4648 idololatriae
1401 4589 1532 4647 fecit
1571 4589 1768 4646 simile.
1799 4588 1916 4645 Non
1956 4588 2102 4643 cnim

511 4678 597 4740 vel
639 4686 771 4740 tunc
796 4684 883 4740 vel
912 4691 1098 4756 postea
1130 4683 1498 4755 frequentavit
1542 4682 1775 4753 lapidem
1827 4682 2104 4737 adorando

519 4782 615 4831 aut
646 4776 695 4832 ei
734 4774 1136 4841 sacriﬁcando;
1174 4775 1271 4830 sed
1327 4774 1537 4847 signum
1582 4772 1684 4829 fuit
1726 4773 1779 4828 in
1819 4772 2103 4843 prophetia

524 4871 931 4928 evidentissima
972 4870 1325 4927 constitutum
1368 4884 1488 4940 quae
1517 4868 1755 4939 pertinet
1784 4867 1851 4921 ad
1889 4866 2104 4921 unctio-

514 4976 660 5020 nem.
708 4964 864 5021 Unde
902 4962 1105 5021 Christi
1132 4976 1330 5020 nomen
1372 4974 1402 5018 a
1428 4961 1723 5018 chrismate
1759 4969 1861 5015 cst.
1908 4960 2106 5016 Proda-

513 5068 636 5113 mus
681 5056 1024 5113 manifestius
1050 5071 1147 5127 per
1181 5055 1410 5126 singula.

590 5148 834 5222 Viditque
868 5150 1154 5205 Dominum
1181 5147 1350 5203 Iacob
1378 5148 1617 5202 innixum
1641 5146 1818 5211 scalm,
1849 5146 2103 5202 dicentem

512 5244 613 5301 sibi
646 5258 664 5297 :
705 5244 815 5313 Ego
852 5260 969 5299 sum
1023 5243 1164 5296 Deus
1216 5240 1483 5294 Abraham
1523 5241 1689 5309 patris
1732 5240 1830 5306 tui,
1868 5249 1915 5293 et
1962 5239 2104 5293 Dens

514 5336 690 5391 Isaac.
744 5333 958 5390 Terram
1016 5336 1072 5389 in
1124 5350 1230 5402 qua
1277 5333 1474 5387 dormis
1526 5332 1620 5385 tibi
1648 5332 1803 5386 dabo.
1837 5331 2106 5387 Subaudi-

513 5434 623 5492 tur,
645 5427 700 5481 in
726 5440 842 5497 spe,
870 5435 919 5482 et
944 5426 1127 5481 semini
1148 5435 1261 5490 tuo,
1289 5424 1344 5479 in
1374 5438 1452 5477 re.
1487 5423 1540 5477 Id
1570 5432 1654 5478 est
1691 5422 1924 5487 Christo,
1948 5423 2099 5493 juxta

514 5514 648 5570 illud
674 5529 691 5571 :
721 5514 939 5571 Postulo
968 5535 999 5571 a
1033 5533 1115 5571 me
1151 5526 1198 5570 et
1228 5514 1365 5569 dabo
1400 5513 1494 5568 tibi
1519 5524 1691 5585 gentes
1721 5512 1893 5588 (Psal.
1919 5532 1980 5583 tt,
2018 5518 2095 5588 8).

514 5604 613 5662 Vel
638 5621 826 5663 semen
856 5608 1019 5673 illius,
1058 5605 1284 5677 apostoli
1313 5605 1683 5677 designantur.
1719 5606 1940 5677 Eritqae
1985 5626 2100 5679 ger-

512 5718 629 5759 men
646 5710 815 5767 tuum,
850 5701 902 5756 id
921 5708 1006 5757 est
1030 5699 1234 5767 ﬁdeles,
1263 5701 1397 5755 sicut
1423 5698 1593 5770 pulvis
1623 5708 1796 5766 terra,
1822 5715 1935 5771 prae
1954 5701 2093 5758 mul-

520 5795 744 5852 Iitudinc
768 5794 877 5868 [Z.,
904 5795 1299 5868 magnitudine]
1332 5795 1672 5859 subauditur,
1700 5793 2005 5849 dilataberis
2028 5796 2096 5850 ad

517 5891 853 5956 emittentem,
900 5899 947 5944 et
976 5890 1247 5955 orientem,
1278 5898 1323 5943 et
1373 5890 1796 5959 septentrionem,
1846 5898 1893 5943 et
1933 5890 2093 5943 meri-

2219 1995 2528 2050 nescierunt
2566 1990 2842 2052 Christum
2871 2011 2970 2067 pro
2996 1997 3171 2055 salute
3201 2001 3385 2059 mundi
3432 2002 3490 2057 in
3531 2002 3699 2060 terris
3720 2004 3800 2059 ad-

2218 2084 2451 2140 venisse.
2485 2084 2743 2157 Sequitur
2763 2106 2776 2142 :

2287 2180 2679 2255 Appellari“th
2732 2199 2919 2241 nautea
2945 2184 3088 2240 urbis
3133 2183 3337 2243 Bethel.
3368 2186 3501 2255 Quae
3548 2188 3797 2262 ittterpre-

2219 2279 2364 2325 tatur
2396 2271 2584 2327 damus
2616 2271 2732 2327 Dei.
2773 2272 3060 2345 Signiﬁcat
3106 2275 3438 2345 Ecclesiam,
3466 2294 3598 2349 qum
3623 2280 3797 2337 domas

2215 2364 2310 2421 Dei
2338 2373 2441 2419 est.
2472 2362 2606 2430 Quae
2628 2365 2776 2436 prius
2828 2365 2969 2421 Lusa
2997 2368 3303 2435 vocabatur,
3328 2386 3455 2441 quae
3480 2372 3796 2444 interpreta-

2218 2466 2307 2515 tur
2338 2456 2698 2528 antggdalum.
2740 2456 3024 2529 Signiﬁcat
3060 2458 3325 2515 Iudaeam.
3374 2458 3529 2519 Sicut
3557 2464 3794 2535 amygda-

2216 2554 2302 2609 lus
2338 2554 2485 2609 enim
2526 2562 2653 2611 ante
2695 2568 2886 2610 omnes
2924 2556 3152 2612 arbores
3202 2555 3328 2611 folio
3376 2558 3607 2625 emittit,
3642 2561 3713 2614 ita
3750 2569 3795 2614 et

2215 2643 2398 2701 Judaea
2446 2653 2574 2702 ante
2625 2661 2819 2703 omnes
2880 2655 3070 2717 gentes
3130 2647 3381 2707 notitiam
3434 2649 3533 2706 Dei
3580 2660 3642 2707 et
3682 2651 3794 2721 legis

2218 2737 2429 2806 habuit,
2458 2747 2515 2794 et
2557 2738 2712 2808 quasi
2740 2737 2846 2794 ﬁde
2872 2736 3085 2806 ﬂoruit;
3112 2748 3171 2795 et
3201 2740 3347 2797 sinit
3382 2743 3612 2812 quidem
3657 2760 3793 2814 pom

2217 2828 2483 2902 amygdali
2534 2830 2637 2885 tria
2686 2830 2969 2888 continent
3016 2831 3072 2887 in
3098 2846 3178 2899 se,
3233 2832 3442 2891 hocest
3466 2836 3703 2899 corium,
3730 2844 3794 2891 te-

2221 2929 2361 2978 stam
2402 2931 2460 2977 et
2504 2922 2796 2990 nucleum;
2823 2923 2901 2980 ita
2943 2938 3105 2980 sacra
3152 2923 3457 2996 Scriptura,
3501 2943 3673 2998 quam
3711 2927 3792 2986 is-

2217 3012 2333 3069 dtea
2373 3012 2525 3083 plebs
2546 3012 2811 3085 percepit,
2837 3013 3040 3070 trinam
3066 3016 3310 3072 continet
3338 3017 3395 3072 in
3420 3032 3481 3074 se
3506 3018 3793 3090 intelligen-

2217 3107 2371 3173 tiam,
2419 3106 2473 3161 id
2515 3115 2599 3163 est
2639 3107 2943 3180 physicam,
2990 3109 3254 3177 ethicam,
3305 3118 3362 3166 et
3403 3111 3664 3184 logicum,
3706 3115 3791 3169 hoc

2218 3206 2302 3254 est
2347 3198 2706 3266 historialem,
2747 3199 3114 3270 allegoricam,
3144 3208 3199 3257 et
3234 3202 3493 3259 moralem
3536 3203 3795 3278 signiﬁca-

2217 3291 2438 3348 tionem.

2783 3363 3012 3423 CAPU'I‘
3052 3363 3243 3425 XXIX.

2287 3474 2450 3532 Vsus.
2482 3472 2919 3546 I.—Profeetus
2947 3492 3071 3547 ergo
3108 3475 3305 3545 Iacob,
3334 3478 3388 3535 id
3422 3487 3510 3537 est
3544 3479 3794 3539 Domina

2211 3569 2368 3625 lesus
2391 3568 2659 3637 Christus,
2698 3568 2854 3640 cujus
2899 3580 3085 3643 typum
3118 3571 3291 3628 tenuit
3326 3573 3380 3628 in
3411 3573 3518 3630 hoc
3553 3573 3699 3640 loco,
3733 3571 3792 3629 ad

2212 3671 2405 3717 terram
2439 3662 2768 3729 orientalem,
2800 3664 2905 3719 hoc
2940 3671 3025 3720 est
3052 3664 3119 3720 ad
3161 3665 3417 3738 populum
3466 3665 3787 3731 intimorum,

2212 3753 2305 3822 qui
2354 3754 2679 3810 videbantur
2725 3754 2974 3810 notitiam
3038 3756 3170 3829 legis
3210 3764 3265 3814 et
3320 3758 3415 3814 Dei
3462 3759 3693 3825 habere,
3738 3760 3792 3814 de

2212 3860 2320 3916 quo
2365 3844 2633 3917 Propheta
2681 3847 2803 3903 ait:
2848 3846 2986 3904 Ecce
3036 3849 3141 3916 vir,
3204 3847 3396 3905 Oriens
3458 3866 3656 3908 nomen
3694 3852 3791 3924 ejss

2213 3939 2399 4009 (Zach.
2444 3956 2519 4008 vi,
2554 3940 2665 4012 12).

2283 4036 2446 4092 Vsus.
2482 4036 2538 4091 2.
2560 4036 2715 4091 —Et
2747 4037 2874 4092 vidit
2908 4046 3124 4108 puteum
3163 4038 3222 4093 in
3260 4055 3412 4110 agro.
3459 4037 3791 4097 Prohnditr

2211 4140 2319 4186 tem
2358 4129 2612 4187 videlicet
2653 4129 3061 4201 Scripturarum
3099 4132 3155 4187 in
3180 4132 3379 4204 populo
3410 4131 3666 4199 iudaice,
3709 4146 3789 4188 se!

2209 4225 2438 4296 gratiam
2481 4224 2761 4297 baptismi,
2818 4226 2872 4280 in
2922 4224 3078 4282 libris
3122 4225 3257 4298 legis
3304 4235 3362 4282 et
3414 4226 3789 4297 prophetarum

2208 4320 2630 4392 prmﬁguratam.
2664 4320 2890 4394 Tresque
2910 4338 3088 4395 greges
3114 4324 3288 4379 ovium
3318 4324 3639 4380 accubantes
3650 4325 3789 4395 justo

2207 4427 2346 4468 eum.
2397 4412 2533 4481 Quia
2572 4413 2830 4470 Judaicus
2861 4413 3089 4486 populus
3124 4415 3412 4487 tripliciter
3436 4416 3650 4471 divisus
3667 4420 3787 4478 erat,

2208 4505 2262 4561 id
2283 4518 2365 4560 est
2388 4506 2439 4561 in
2479 4506 2787 4573 Phaﬁsmis,
2812 4515 2867 4563 et
2912 4507 3242 4575 Sadducaeis,
3268 4515 3326 4565 et
3348 4508 3546 4580 populo
3571 4507 3785 4581 vulgari.

2212 4596 2355 4651 Nam
2389 4613 2454 4652 ea
2491 4596 2585 4651 illo
2621 4613 2807 4668 pecora
2850 4599 3282 4669 adaquahantur.
3319 4598 3377 4655 Id
3406 4607 3513 4663 est,
3548 4597 3719 4655 Judaei
3740 4598 3785 4652 in

2208 4686 2364 4743 bonis
2390 4694 2550 4743 terra:
2584 4697 2887 4760 sperantes,
2917 4691 3010 4761 qui
3039 4691 3198 4747 dictis
3225 4689 3437 4748 Veteris
3469 4690 3784 4747 Testameoti

2207 4780 2650 4849 instruebantur;
2699 4783 2785 4839 vel
2837 4792 3022 4855 patres
3082 4785 3311 4856 antiqui,
3372 4784 3701 4855 baptismum
3736 4785 3783 4839 lu

2209 4872 2362 4927 libris
2396 4873 2527 4944 legis
2553 4882 2609 4928 et
2648 4875 3035 4946 prophetarum
3072 4875 3433 4946 intelligentes
3454 4874 3523 4948 [Ζ
3529 4916 3567 4940 .,
3592 4890 3697 4931 non
3716 4876 3785 4930 in-

2208 4966 2346 5039 tel.].
2391 4964 2459 5021 Et
2502 4984 2558 5022 os
2603 4968 2719 5038 ejus
2755 4969 2945 5040 grandi
2990 4968 3166 5040 lapide
3216 4966 3581 5023 claudebatur.
3636 4967 3783 5040 Lapis

2207 5060 2350 5116 enim
2380 5059 2675 5126 Christum,
2708 5062 2799 5131 qui
2827 5061 3203 5117 occultabatur
3239 5061 3550 5124 incredulis,
3586 5062 3668 5117 vel
3698 5060 3783 5114 dm

2212 5151 2392 5206 ritiam
2432 5150 2583 5222 legis,
2622 5164 2732 5222 qua
2784 5152 3046 5223 spiritalis
3098 5152 3452 5222 intelligentia
3495 5152 3579 5208 vel
3622 5151 3781 5224 gratis

2208 5242 2473 5313 Baptismi
2506 5242 2805 5309 celabatur,
2841 5243 3130 5314 signiﬁcat.

2281 5334 2444 5391 Vsus.
2475 5334 2589 5390 5-6.
2608 5334 2957 5407 —Morisque
2984 5345 3097 5389 erat
3126 5345 3183 5389 ut
3222 5337 3424 5391 cunctis
3448 5336 3631 5391 ovibus
3665 5350 3778 5390 con-

2208 5430 2433 5501 gregatis
2487 5429 2814 5483 devolverent
2874 5428 3122 5499 lapidein.
3175 5426 3311 5497 Quia
3350 5442 3476 5485 cum
3516 5427 3780 5501 plenitudo

2210 5524 2470 5595 temporis
2501 5522 2742 5589 advenit,
2784 5529 2843 5578 ut
2871 5537 2971 5593 per
3017 5522 3363 5595 Unigenitum
3396 5534 3570 5596 genus
3598 5524 3778 5579 huma-

2208 5632 2337 5671 num
2368 5616 2689 5682 salvaretur,
2724 5614 2839 5687 ipse
2871 5614 3113 5672 revelare
3140 5616 3395 5688 dignatus
3436 5624 3540 5683 est,
3583 5623 3635 5670 et
3664 5624 3778 5669 tunc

2207 5707 2404 5763 duritia
2430 5706 2563 5776 legis
2593 5705 2938 5763 manifestata
2969 5715 3072 5761 est.
3100 5705 3378 5778 Scriptum
3410 5721 3643 5779 namque
3664 5711 3773 5760 est:

2210 5797 2356 5853 Tunc
2392 5798 2595 5868 aperuit
2637 5800 2711 5853 eis
2755 5814 2990 5865 sensum,
3020 5807 3079 5852 ut
3117 5797 3463 5868 intelligerent
3486 5795 3775 5867 Scriptum

2211 5890 2362 5965 (Luc.
2392 5906 2546 5961 xxxv,
2573 5892 2688 5966 45).
2706 5891 2853 5948 -Ει
2875 5891 3081 5965 refectis
3122 5890 3385 5965 gregibus,
3425 5892 3530 5948 hoc
3554 5900 3635 5947 est
3661 5900 3774 5946 ere-
