3970 6332
177 423 284 480 215

1455 419 1806 478 οοΜΜΕΝτ.
1851 421 1918 478 IN
1955 421 2114 478 GEN.

3327 437 3432 494 2H

179 539 434 598 dentibus
461 533 728 598 ﬁdelibus.
767 533 998 590 Rursum
1037 551 1192 604 super
1229 551 1286 592 as
1316 535 1454 604 putei
1485 545 1748 604 ponerent.
1781 543 1832 600 Α
1857 541 1984 600 (iam
2024 539 2218 594 sororis
2243 555 2372 606 suae,
2403 547 2656 612 cucurrit,
2705 547 2978 628 gressibus
3025 549 3171 616 ﬁdei,
3223 561 3276 606 et
3327 571 3446 610 all]-

177 631 316 700 Quia
343 629 596 702 gentibus
631 625 980 684 credentibus
1009 625 1180 682 induti
1223 627 1276 680 in
1311 641 1406 681 sua
1438 625 1756 682 inﬁdelitate

175 729 620 796 permanserunt,
649 729 706 776 et
734 735 910 791 neque
937 719 1234 786 Christum,
1269 733 1446 790 neque
1475 717 1756 790 profundi-

175 827 352 880 tatem
391 815 794 886 Scriptursrum
833 813 1153 885 intelligunt.

245 907 410 964 Vnus.
447 907 502 962 ’1.
549 935 618 948 -
655 905 904 976 Dixitque
951 903 1118 960 Iacob
1171 905 1464 974 pastoribus
1506 921 1518 958 :
1571 903 1758 958 Adhuc

173 999 400 1058 multum
457 1007 654 1068 tempus
701 996 808 1052 diei
851 1005 1110 1068 superest.
1175 994 1456 1062 Quomodo
1503 993 1758 1050 Dominus

175 1091 282 1146 ista
313 1089 558 1160 loquitur
585 1087 1052 1158 praedicatoribus,
1075 1087 1346 1154 videlicet,
1377 1088 1504 1158 quia
1529 1087 1756 1144 multum

171 1185 408 1254 spatium
453 1191 540 1238 est
569 1181 764 1238 amodo
793 1197 966 1251 usque
1013 1183 1082 1236 ad
1125 1179 1362 1238 futuram
1399 1181 1754 1238 resurrectio-

171 1293 320 1340 nem,
349 1275 496 1344 quod
521 1273 756 1345 spatium
785 1273 890 1330 diei
917 1290 1024 1330 non
1053 1275 1324 1330 immerito
1369 1285 1754 1346 comparatur;

175 1367 300 1438 quia
329 1367 492 1422 modo
519 1361 650 1422 licet
675 1366 730 1422 in
767 1365 1014 1421 claritate
1053 1367 1176 1422 lidei
1221 1367 1584 1424 consistentes
1615 1369 1756 1424 bona

173 1475 344 1530 usque
373 1459 440 1514 ad
479 1457 640 1514 liuent
683 1457 864 1514 saeculi
907 1459 1142 1528 operari.
1189 1457 1302 1514 Nec
1331 1467 1540 1530 tempus
1581 1467 1666 1514 est
1699 1467 1760 1514 ut

169 1552 234 1606 ad
265 1551 456 1606 caulas
475 1563 690 1622 greges,
717 1549 770 1604 id
795 1557 880 1604 est
905 1549 974 1604 ad
999 1549 1308 1604 mansiones
1335 1549 1606 1614 caelestes,
1629 1549 1756 1620 quia

167 1645 318 1712 prius
345 1641 588 1712 perfecte
631 1639 814 1696 ﬁdeles
853 1641 1150 1696 instruendi
1197 1649 1324 1696 sunt
1351 1641 1656 1712 cognitione
1695 1639 1756 1694 li-

167 1735 276 1790 dei.
321 1733 478 1788 Unde
503 1741 558 1790 et
583 1731 834 1788 subditur
859 1749 874 1786 :
903 1731 1038 1786 Date
1063 1741 1182 1786 ante
1203 1743 1380 1802 potum
1409 1733 1608 1786 ovibus.
1639 1731 1756 1786 Sci-

165 1827 300 1884 licet
327 1841 392 1884 ac
427 1827 474 1884 si
507 1827 722 1884 dicatur
755 1843 769 1880 :
801 1825 1054 1880 lnstruite
1097 1824 1412 1894 simpliciter
1453 1825 1748 1894 simplices,

1863 635 2109 704 plexatus
2145 647 2230 690 est
2255 649 2376 690 eum
2401 635 2640 694 brachiis
2667 639 2988 706 dilectionis,
3021 651 3076 697 et
3101 642 3256 710 ﬁdei;
3297 657 3344 700 et
3382 648 3438 702 in

1861 727 2042 782 oscula
2095 745 2271 794 ruens,
2329 721 2574 786 videlicet
2603 731 2916 790 societatem
2959 735 3442 806 reconciliationis,

1857 819 2157 890 promeruit
2185 827 2238 873 et
2259 819 2554 876 charitatis.
2581 821 2746 876 Duxit
2771 824 2828 878 in
2855 825 3069 880 domum
3095 843 3266 882 suam.
3301 826 3442 898 Quia

1859 908 2148 978 hospitium
2185 909 2382 966 mentis
2399 911 2450 966 ei
2471 913 2794 982 praeparavit
2819 927 2914 984 per
2939 913 3121 982 ﬁdem,
3151 925 3212 970 ut
3235 917 3291 972 in
3315 917 3436 988 ipso

1859 1001 2104 1056 habitare
2129 1001 2462 1072 dignaretur,
2506 1003 2664 1074 juxta
2693 1005 2836 1074 quod
2887 1006 3004 1076 ipse
3053 1007 3130 1062 ait
3169 1021 3266 1078 per
3309 1007 3444 1066 Pro-

1857 1091 2074 1162 phetatn
2105 1109 2120 1147 :
2149 1091 2214 1146 Et
2238 1093 2560 1160 inhabitabo,
2591 1095 2926 1150 inambulabo
2949 1099 3004 1152 in
3023 1100 3118 1164 eis,
3141 1115 3330 1170 eraque
3365 1102 3442 1156 eis

1855 1193 2022 1254 pater,
2049 1195 2094 1238 et
2119 1185 2216 1255 ipsi
2235 1195 2386 1241 erunt
2409 1187 2538 1240 mihi
2561 1189 2616 1242 in
2647 1187 2804 1256 filios,
2858 1191 2982 1244 dicit
3047 1191 3296 1248 Dominus
3349 1193 3442 1266 (Π

1859 1273 1978 1328 Cor.
2005 1289 2082 1340 Vl,
2109 1275 2326 1348 16,18).

1931 1367 2130 1424 Deinde
2175 1367 2292 1438 jam
2333 1369 2576 1438 sequitur
2629 1381 2894 1440 quatenus
2945 1370 3114 1428 Jacob
3159 1373 3442 1430 serviendo

1857 1461 1997 1529 apud
2033 1459 2212 1514 Laban
2239 1461 2374 1516 duas
2419 1461 2635 1530 accepit
2683 1477 2902 1528 uxores,
2955 1465 3056 1520 hoc
3093 1471 3198 1530 est,
3261 1465 3438 1535 primo

1857 1549 2032 1616 Liam,
2057 1553 2294 1610 secundo
2317 1551 2538 1618 Rachel,
2567 1569 2664 1624 pro
2701 1569 2804 1624 qua
2837 1556 3061 1610 servivit
3085 1565 3288 1626 septem
3339 1573 3438 1612 an-

1859 1643 1944 1696 nis
1973 1641 2114 1696 aliis.
2149 1641 2256 1698 Sed
2285 1643 2822 1698 animadvertendum
2853 1653 2936 1700 est
2971 1646 3098 1715 quia
3125 1661 3270 1700 nunc
3315 1647 3438 1716 qui-

1859 1729 1980 1784 dam
2007 1730 2148 1784 male
2175 1731 2444 1786 aestimant
2469 1739 2590 1800 post
2617 1741 2824 1800 septem
2847 1747 3018 1788 annuos
3047 1734 3182 1788 alios
3201 1749 3322 1790 eam
3351 1749 3442 1790 ac-

1859 1822 2000 1891 cepit
2023 1835 2266 1886 uxorem,
2295 1823 2392 1876 sed
2417 1831 2536 1892 post
2561 1831 2766 1892 septem
2785 1823 2900 1878 dies
2923 1825 3229 1894 nuptiarum
3253 1825 3444 1896 primae

165 1929 220 1976 et
245 1919 332 1976 sic
359 1919 428 1974 ad
469 1927 706 1989 pasuim,
733 1918 834 1973 hoc
867 1927 952 1974 est
979 1917 1044 1972 ad
1073 1917 1478 1972 meditationem
1507 1915 1750 1988 Scriptu-
1783 1923 1826 1982 Β
1851 1915 2058 1968 uxoris.
2095 1913 2228 1968 "Nam
2251 1915 2496 1984 sequitur
2521 1929 2534 1968 :
2567 1913 2634 1968 Et
2665 1915 2928 1986 ingressus
2983 1925 3058 1970 est
3099 1919 3166 1970 ad
3219 1915 3438 1982 Rachel,

165 2027 380 2076 ranam,
413 2011 674 2066 reducite.

237 2107 410 2164 Vens.
439 2103 694 2171 8.-—-Qui
733 2105 1108 2176 responderunt
1135 2121 1154 2159 :
1183 2103 1308 2160 Non
1333 2121 1630 2176 possumus,
1659 2105 1754 2160 do-

167 2217 258 2255 nec
303 2201 484 2254 omnia
519 2215 706 2269 pecora
747 2207 1138 2270 congregemur,
1173 2209 1222 2253 et
1257 2215 1586 2254 amoueamus
1621 2197 1754 2268 lapi-

165 2295 284 2348 dem
315 2293 380 2348 de
409 2307 496 2346 ore
525 2293 666 2362 putei
693 2301 748 2346 ut
777 2291 1098 2364 adaquemns
1123 2307 1318 2362 greges.
1361 2289 1508 2347 Bene
1537 2291 1752 2362 quidem

165 2383 324 2438 aiunt
349 2401 364 2438 :
389 2381 512 2436 Non
535 2397 830 2448 possumus,
853 2379 1018 2436 donec
1045 2381 1220 2436 omnia
1239 2396 1424 2450 pecora
1451 2397 1758 2452 congregan-

166 2485 268 2530 tur.
323 2473 458 2540 Quia
501 2471 714 2541 antiqui
753 2471 1134 2543 prmdicatores
1179 2485 1278 2528 nec
1325 2473 1748 2542 profunditatem

169 2565 604 2634 Scripturarum,
643 2577 744 2620 nec
771 2565 998 2636 gratiam
1041 2565 1290 2634 baptismi
1337 2565 1460 2620 aliis
1511 2565 1748 2634 pandere

167 2665 490 2726 potuerunt,
517 2655 690 2714 donec
719 2657 998 2714 adveniret
1023 2665 1232 2728 tempus
1265 2671 1376 2728 quo
1399 2673 1587 2734 onmes
1619 2673 1750 2728 gen-

169 2753 250 2800 tes
277 2759 388 2816 per
407 2744 686 2804 Christum
715 2747 782 2802 ad
817 2743 1238 2815 profunditatem
1269 2745 1672 2818 Scripturarum
1699 2759 1754 2803 et

165 2838 234 2892 ad
259 2839 478 2892 fontem
515 2837 766 2906 baptismi
793 2847 1230 2909 aggregarentur.

257 2931 434 2986 Vnus.
481 2931 532 2986 9.
561 2959 628 2968 —
661 2925 840 2986 Adhuc
889 2929 1248 3002 loquebantur,
1299 2945 1352 2986 et
1395 2947 1512 2986 ecce
1561 2929 1760 2984 Rachel

167 3021 410 3078 ueniebat
459 3037 578 3074 cum
627 3017 804 3078 auibus
849 3021 1014 3092 patris
1055 3023 1156 3076 sui.
1207 3021 1348 3076 Nam
1397 3037 1602 3092 gregem
1643 3022 1760 3090 ipsa

167 3115 442 3186 pascebat.
483 3112 670 3168 Potest
711 3113 854 3168 enim
887 3128 984 3182 per
1019 3113 1240 3179 Rachel,
1273 3129 1394 3185 quae
1439 3113 1786 3168 ovis'.inter-..

165 3216 442 3278 prclatur,
483 3205 722 3260 Ecclesia
761 3205 1076 3276 signiﬁcari,
1106 3221 1224 3276 quae
1253 3207 1402 3276 pavit
1429 3207 1754 3275 olimwtps-

1854 2017 1900 2060 et
1923 2007 2104 2060 dilexit
2135 2005 2326 2062 Rachel
2355 2009 2520 2078 magis
2539 2025 2696 2078 quam
2721 2007 2892 2072 Liam,
2924 2019 2972 2062 et
3001 2009 3206 2064 servivit
3253 2011 3298 2063 ei
3353 2027 3436 2064 se-

1854 2107 1990 2169 ptem
2019 2099 2172 2152 annis
2201 2097 2342 2152 aliis.
2371 2097 2498 2154 Inde
2523 2099 2626 2154 sibi
2647 2101 2858 2170 accepit
2885 2100 2997 2156 Line
3023 2101 3294 2168 ancillam,
3345 2115 3444 2156 no-

1857 2191 2002 2246 mine
2025 2191 2248 2258 Zelfam,
2273 2201 2329 2248 et
2347 2191 2600 2248 ancillam
2627 2191 2878 2248 Rachelis
2911 2191 3120 2258 Balatu,
3153 2207 3220 2248 ex
3247 2191 3444 2262 quibus

1857 2295 2090 2356 quatuor
2121 2288 2308 2357 genuit
2327 2289 2610 2344 duodecim
2642 2288 2776 2344 ﬂlios
2797 2297 2851 2344 et
2899 2303 3064 2343 unam
3125 2289 3310 2342 ﬁliam.
3363 2287 3442 2342 De

1857 2378 1954 2434 Lia
1993 2373 2201 2436 scilicet
2243 2383 2433 2452 genuit
2481 2379 2690 2446 Ruben,
2747 2381 2986 2446 Simeon,
3033 2381 3182 2444 Levi,
3225 2379 3439 2446 ludam,

1857 2473 2096 2532 lsacbar.
2125 2473 2360 2526 Zabulon
2381 2489 2408 2538 ;'
2429 2475 2494 2528 de
2523 2474 2722 2530 Rachel
2747 2483 2924 2530 autem
2949 2473 3144 2544 Josepb
3171 2483 3226 2528 et
3249 2471 3446 2542 Benja-

1861 2567 2004 2630 min;
2051 2567 2116 2620 de
2147 2565 2291 2630 Bala,
2319 2567 2511 2621 ancilla
2545 2568 2814 2632 [lachelis,
2845 2569 2958 2622 Dan
2989 2577 3044 2623 et
3071 2567 3436 2638 Nepbtbalim;

1859 2657 1924 2710 de
1953 2657 2122 2724 Zelfa,
2163 2659 2356 2712 ancilla
2379 2659 2510 2722 ἰδίω,
2541 2657 2656 2714 Gad
2681 2669 2738 2712 et
2765 2659 2918 2712 Aser.
2971 2657 3034 2712 Hi
3063 2667 3189 2712 sunt
3231 2657 3430 2712 duode-

1860 2753 1963 2802 cim
1989 2749 2080 2803 ﬁlii
2111 2749 2272 2804 Israel
2297 2751 2636 2820 patriarchae.
3147 2751 3156 2760 '

1933 2839 2036 2894 Sed
2059 2851 2348 2910 antequam
2379 2841 2500 2896 inde
2527 2839 2723 2912 [Petr.,
2755 2841 2832 2914 in]
2859 2843 3070 2912 longius
3093 2843 3292 2912 stylum
3313 2853 3434 2897 ver-

1863 2939 2056 2994 tamus,
2091 2929 2222 2984 libet
2243 2932 2470 2986 istorum
2493 2941 2713 3002 propter
2763 2931 3138 3002 compendium
3183 2931 3436 2987 lectionis

1860 3023 2208 3093 ctymnlogias
2241 3025 2520 3078 nominum
2567 3025 2776 3094 pariter
2819 3025 3020 3091 dicere,
3077 3033 3136 3078 ut
3187 3037 3440 3093 compen-

1861 3115 2010 3168 dioso
2045 3129 2294 3168 sermone
2323 3099 2670 3170 ostendamus
2691 3115 2992 3186 legentibus
3043 3115 3170 3184 quid
3221 3115 3274 3170 in
3327 3115 3440 3170 suis

1861 3209 2134 3264 vocabulis
2165 3217 2435 3264 resonant.
2471 3207 2604 3263 Nam
2628 3225 2694 3262 ex
2717 3209 2898 3264 causis
2939 3209 3172 3278 propriis
3216 3207 3438 3262 nomina

167 3301 270 3356 scit
307 3301 472 3356 modo
507 3299 758 3370 populum
803 3301 1150 3366 catholicum,
1200 3315 1320 3370 quae
1363 3315 1482 3354 cum
1511 3287 1830 3354 ﬁtlclibtts'C
1859 3301 2076 3371 propria
2101 3309 2436 3370 acceperunt,
2483 3309 2542 3354 ut
2597 3307 2688 3354 aut
2739 3299 2934 3354 futuris
2975 3301 3296 3370 quibusdam
3347 3307 3444 3354 aut

167 3393 334 3448 venit
371 3391 440 3446 ad
467 3389 754 3446 Christum.

241 3481 420 3538 Vana.
449 3481 534 3536 10.
559 3511 628 3522 --
651 3479 824 3548 Quam
851 3497 970 3536 cum
1021 3481 1232 3536 vidisset
1263 3479 1449 3534 dacab.
1499 3479 1758 3536 Dominus

169 3573 414 3638 scilicet,
467 3587 626 3628 verus
669 3573 1064 3644 supplantator;
1103 3583 1152 3628 et
1197 3573 1348 3628 sciret
1395 3573 1758 3626 consobrinam

165 3683 354 3732 suam,
399 3665 696 3724 Ecclesium
741 3665 988 3722 videlicet
1041 3665 1108 3720 de
1155 3665 1404 3738 gentibus
1453 3665 1755 3728 collectam,

169 3779 290 3834 quae
337 3761 444 3816 ﬁlia
487 3761 698 3822 exstitit
751 3761 1068 3833 Synagogat,
1123 3777 1242 3831 quae
1283 3771 1364 3816 est
1408 3777 1564 3818 soror
1613 3761 1774 3816 unici-

171 3839 294 3911 F‘ilii
329 3853 422 3910 Dei
449 3853 650 3922 Patris,
684 3853 968 3924 cujuslilia
985 3855 1184 3910 dicitur
1229 3871 1350 3911 esse
1375 3871 1472 3926 per
1505 3855 1754 3924 gratiam.

171 3947 320 4000 One:
341 3943 542 4012 Laban,
567 3945 814 4000 auunculi
841 3947 941 4012 sui,
969 3947 1020 4002 id
1065 3955 1150 4002 est
1197 3947 1410 4018 gentilis
1457 3947 1653 4018 populi,
1693 3963 1758 4002 ex

165 4053 276 4108 quo
299 4039 576 4108 processit
629 4041 782 4108 prius
838 4039 1122 4110 Synagoga
1171 4031 1496 4106 Iudaeorum,
1543 4041 1610 4096 de
1653 4057 1758 4110 qua

169 4129 442 4184 Dominus
467 4145 686 4188 carnem
709 4145 984 4186 assumere
1011 4131 1264 4202 dignatus
1289 4141 1390 4188 est.
1443 4133 1757 4204 Quanquam

167 4219 366 4276 Laban
395 4219 632 4276 divinam
657 4221 922 4290 signiticet
943 4223 1196 4292 gratiam,
1249 4223 1402 4292 cujus
1451 4239 1580 4280 oves
1637 4235 1760 4282 sunt

171 4329 370 4370 omnes
393 4313 574 4369 electi.
621 4313 828 4368 Amavit
849 4313 1074 4385 lapidein
1099 4331 1198 4386 qua
1250 4325 1432 4386 puteus
1477 4317 1758 4372 claudeba-

173 4415 284 4470 tur,
313 4407 368 4460 id
399 4416 486 4462 est
511 4405 764 4462 duritiam
795 4405 952 4476 legis,
985 4421 1090 4476 qua
1145 4407 1400 4478 spiritalis
1453 4409 1756 4482 intelligen-

175 4497 252 4550 tia
273 4497 654 4554 claudebatur.

245 4587 420 4644 Vnns.
455 4589 538 4644 lt.
567 4619 636 4628 —
659 4587 726 4644 Et
749 4597 1014 4660 adaquuto
1035 4607 1206 4662 grege.
1249 4591 1470 4647 Refecto
1515 4591 1762 4648 videlicet

175 4680 380 4752 populo
405 4679 550 4736 ﬁdeli
573 4695 638 4736 ex
665 4681 1030 4752 profunditate
1057 4681 1482 4755 Scriptum-um,
1523 4701 1618 4740 seu
1669 4701 1758 4740 re-

175 4781 306 4826 nato
325 4771 478 4828 fonte
505 4773 864 4842 baptismatis.
895 4773 1177 4830 Osculatus
1207 4785 1280 4830 est
1315 4793 1450 4830 eam.
1503 4776 1638 4844 Quia
1667 4793 1762 4846 po-

175 4869 296 4916 stea
329 4861 714 4920 reconciliatus
738 4873 823 4920 est
867 4863 1166 4921 Ecclesium
1213 4883 1386 4922 suam.
1447 4867 1762 4940 Elevataque

179 4967 300 5008 vace
341 4953 506 5023 ﬂeuit.
555 4953 747 5022 Flevit,
801 4957 924 5027 quia
965 4957 1216 5014 misertus
1257 4969 1342 5014 est
1387 4961 1600 5030 generis
1659 4962 1760 5016 hu—

181 5059 356 5100 Illam.

255 5135 426 5192 Vens.
457 5137 542 5192 12.
573 5167 644 5178 --
673 5135 744 5194 Et
763 5139 1008 5196 indicauit
1037 5143 1082 5195 ei
1105 5143 1244 5212 quod
1291 5145 1454 5212 frater
1491 5153 1624 5200 esset
1667 5163 1762 5216 pa-

181 5229 282 5282 tris
313 5227 430 5296 ejus
453 5237 500 5282 et
535 5227 682 5300 ﬁlius
711 5229 966 5288 Rebecctc.
997 5233 1140 5288 Bene
1163 5235 1260 5300 ait,
1293 5245 1340 5288 et
1359 5235 1604 5291 indicavit
1627 5237 1766 5308 quod

181 5317 358 5388 frater
383 5329 514 5376 esset
539 5321 706 5390 patris
733 5323 848 5392 ejus
891 5333 938 5378 et
991 5323 1134 5392 ﬁlius
1189 5323 1446 5380 Rebeccae.
1515 5327 1648 5395 Quia
1699 5345 1766 5384 ex

183 5411 368 5480 stirpe
395 5411 826 5480 patriarcharum
855 5423 908 5468 et
937 5429 1002 5468 ex
1027 5413 1308 5486 Synagoga
1335 5415 1644 5473 Judaeorum
1665 5419 1768 5474 Do-

185 5501 378 5556 minus
401 5502 674 5560 incarnari
703 5503 954 5574 dignatus
975 5513 1062 5560 est
1091 5525 1102 5558 :
1137 5505 1200 5560 At
1221 5505 1314 5560 illa
1341 5507 1594 5576 festinans
1637 5525 1770 5562 nun-

183 5596 346 5652 tiauit
367 5597 504 5666 putri
523 5613 638 5652 suo.
681 5595 814 5664 Quia
839 5597 1078 5652 Ecclesia
1105 5613 1210 5654 non
1261 5599 1468 5656 exstitit
1515 5609 1768 5656 contenta

187 5687 534 5744 solummodo
559 5689 778 5758 propria
807 5687 1000 5754 salute,
1043 5689 1136 5746 sed
1181 5689 1430 5761 gentibus
1475 5699 1636 5760 atque
1685 5705 1772 5746 sa-

187 5780 470 5850 pientibus
489 5779 646 5850 hujus
675 5781 856 5838 mundi
887 5781 1178 5850 praedicare
1201 5783 1424 5838 studuit;

273 5871 438 5930 Vsus.
481 5873 560 5928 l5.
587 5871 926 5940 —Quicunt
963 5875 1192 5932 audisset
1237 5877 1432 5932 uenisse
1481 5875 1666 5942 Iacob,
1703 5875 1772 5946 ﬁ-

1769 3411 1772 3414 ·
1859 3393 2286 3466 prmcedcntibus
2305 3407 2492 3448 eorum
2523 3393 2704 3446 causis
2729 3392 3070 3446 conveniant.
3099 3391 3298 3446 Verum
3327 3405 3442 3444 ma-

1861 3497 2021 3542 nente
2045 3487 2098 3542 in
2125 3486 2204 3540 cis
2231 3485 2456 3556 spiritali
2489 3493 2849 3550 sacramento,
2879 3499 3024 3538 nunc
3043 3483 3194 3552 prius
3227 3491 3434 3538 tantum

1861 3581 1926 3634 ad
1959 3579 2188 3634 litteram
2221 3577 2698 3646 interpretationes
2747 3574 2987 3630 historia
3037 3572 3436 3642 prosequimur,

1861 3679 1920 3726 ut
1941 3679 2124 3742 postea
2149 3670 2424 3724 valeamus
2449 3667 2786 3722 manifestius
2809 3665 3082 3738 spiritales
3125 3679 3310 3720 eorum
3367 3663 3441 3718 si-

1863 3763 2234 3836 gniﬁcationes
2259 3761 2594 3830 depromere.
2629 3757 2796 3814 Jacob
2815 3759 3014 3828 quippe
3053 3757 3444 3826 interpretatur

1861 3853 2384 3924 supplantator,sive
2407 3851 2550 3921 quod
2601 3851 2656 3904 in
2701 3859 2820 3904 ortu
2863 3849 3104 3920 plantam
3165 3845 3442 3908 nascentis

1861 3949 2044 4004 fratris
2073 3947 2506 4020 apprehenderit,
2537 3947 2648 4000 sive
2671 3945 2810 4014 quod
2833 3953 3018 4015 postea
3059 3943 3282 3998 fratrem
3323 3949 3442 3996 arte

1865 4043 2152 4114 deceperit.
2181 4041 2334 4096 Unde
2379 4049 2434 4095 et
2489 4039 2626 4094 Esau
2681 4038 2858 4094 dixit:
2889 4037 3044 4092 Iuste
3081 4043 3318 4090 uocatum
3367 4043 3444 4089 est

1863 4153 2048 4190 nomen
2081 4135 2194 4204 ejus
2221 4131 2418 4196 .lacob;
2461 4129 2808 4202 supplantavit
2859 4129 2996 4182 enim
3043 4143 3126 4180 me
3166 4143 3230 4180 en
3273 4125 3442 4180 altera

1862 4227 1985 4282 vice.
2017 4225 2112 4280 Lia
2143 4225 2526 4294 interpretatur
2551 4221 2832 4286 laboriosa,
2887 4221 3072 4291 utique
3111 4219 3440 4290 generando.

1863 4317 2052 4372 Plures
2081 4317 2222 4371 enim
2271 4315 2480 4370 dolores
2517 4329 2677 4384 quam
2727 4311 2926 4368 Rachel
2983 4309 3310 4368 fecunditate
3349 4325 3444 4380 pa»

1867 4409 2037 4464 riendi
2059 4417 2280 4476 experta
2305 4415 2408 4462 est.
2433 4405 2638 4460 Rachel
2661 4405 3050 4474 interpretatur
3077 4403 3205 4456 auis.
3247 4401 3352 4456 Pro
3375 4415 3438 4456 ea

1865 4501 2006 4556 enim
2041 4499 2206 4556 Iacob
2237 4499 2384 4570 pavit
2405 4499 2632 4569 primum
2659 4511 2788 4552 oves
2814 4495 3020 4551 Laban.

1941 4593 2097 4649 Vens.
2121 4593 2210 4648 20.
2235 4593 2378 4646 -—Et
2407 4593 2712 4646 videbantur
2749 4592 2798 4644 ei
2823 4591 2980 4662 pauci
3007 4591 3136 4644 dies.
3167 4587 3308 4654 Quid
3359 4595 3446 4642 est

1865 4687 1987 4750 hoc,
2017 4699 2136 4738 cuiu
2167 4685 2338 4754 magis
2373 4683 2534 4738 breve
2573 4691 2782 4754 tempus
2833 4683 3050 4752 longum
3095 4695 3216 4738 esse
3273 4679 3444 4734 soleat

1869 4777 2208 4832 amantibus?
2235 4777 2342 4832 Sed
2371 4777 2570 4830 dictum
2599 4787 2684 4830 est
2711 4783 2930 4845 propter
2949 4774 3190 4830 laborem
3209 4771 3440 4828 servitu-

1867 4871 1956 4934 tis,
1989 4885 2150 4940 quem
2171 4869 2380 4925 facilem
2413 4877 2466 4924 et
2489 4869 2658 4924 levem
2687 4883 2838 4922 amor
2865 4867 3070 4924 facieba

1940 4959 2150 5026 Ruben,
2189 4961 2362 5014 uidens
2401 4959 2588 5028 ﬁlium,
2615 4959 2696 5014 vel
2729 4959 2872 5030 filius
2903 4959 3132 5012 uisionis.
3165 4955 3258 5010 Sic
3275 4953 3440 5014 enim,

1868 5049 2082 5122 quando
2111 5067 2230 5105 eum
2261 5052 2468 5122 peperit
2489 5049 2608 5116 Lia,
2631 5052 2842 5106 vocavit
2861 5065 3054 5104 nomen
3091 5049 3208 5116 ejus
3252 5043 3444 5098 Ruben

1867 5145 2052 5198 dicens
2083 5161 2094 5196 :
2131 5141 2274 5196 Vidit
2295 5141 2434 5196 Deus
2467 5141 2812 5196 humilitatem
2853 5155 3038 5194 means.
3079 5136 3298 5191 Simeon
3341 5149 3442 5188 att-

1867 5235 1994 5288 ditio
2025 5233 2108 5287 vel
2133 5235 2430 5288 exauditus.
2463 5231 2554 5288 Sic
2573 5233 2718 5288 enim
2763 5231 2898 5286 dixit
2941 5229 3034 5283 Lia
3065 5227 3282 5296 quando
3321 5239 3446 5280 eum

1868 5325 2112 5396 peperit:
2147 5323 2284 5392 Quia
2315 5325 2574 5380 exaudivit
2603 5341 2684 5378 me
2705 5323 2866 5378 Deus.
2895 5317 3142 5374 Nonnulli
3181 5316 3324 5372 enim
3365 5315 3448 5370 in-

1873 5423 2238 5484 terpretantur
2261 5415 2456 5468 audivit
2488 5415 2772 5474 tristitiam,
2799 5411 2880 5466 vel
2901 5423 3096 5464 nomen
3125 5405 3440 5470 habitaculi,

1871 5507 2014 5576 quod
2037 5507 2352 5577 spiritaliter
2373 5507 2640 5574 congruit.
2673 5503 2800 5558 Levi
2825 5501 3058 5562 additus,
3125 5497 3206 5554 vel
3243 5513 3440 5554 assum-

1871 5608 2007 5668 ptus.
2033 5599 2176 5652 Dixit
2209 5599 2350 5652 enim
2379 5597 2474 5652 Lia
2497 5597 2710 5666 quando
2741 5605 2860 5648 eum
2891 5591 3076 5662 genuit
3129 5603 3234 5644 non
3277 5586 3450 5642 alubi-

1871 5705 2002 5760 gens
2055 5691 2120 5746 de
2155 5705 2340 5744 amore
2389 5689 2486 5742 viri
2517 5703 2530 5740 :
2561 5687 2718 5740 Nunc
2767 5699 2966 5738 mecum
3007 5683 3102 5738 erit
3157 5681 3234 5738 uir
3279 5693 3448 5744 meus,

1869 5785 1992 5854 quia
2051 5784 2224 5855 peperi
2265 5785 2310 5838 ei
2367 5797 2468 5836 tres
2511 5779 2672 5850 ﬁlios.
2721 5777 2856 5834 Juda
2909 5775 3164 5846 confessio
3213 5773 3446 5836 dicitur;

1871 5875 2088 5948 quando
2111 5877 2254 5930 enim
2279 5873 2488 5944 peperit
2513 5888 2636 5956 eum
2667 5871 2786 5940 Lia,
2833 5871 3042 5928 laudem
3085 5865 3316 5924 Domino
3357 5875 3448 5918 re-
