3970 6332
530 438 633 492 215

1590 432 1936 490 ANGELOMI
1974 431 2432 489 LUXOVIENSIS
2474 430 2777 488 MONACHI

3676 429 3778 486 2W

527 557 672 622 tulit,
706 521 895 611 dicens
924 573 936 608 :
974 553 1130 610 Nunc
1154 570 1310 626 super
1343 554 1439 608 hoc
1462 551 1742 620 conﬁtebor
1766 549 2011 604 Domino.
2037 550 2102 604 Et
2127 556 2177 616 Α
2206 550 2422 622 Moysen
2453 550 2576 604 data
2602 556 2857 618 cooperta
2886 555 2970 602 est
3009 555 3172 618 atque
3205 546 3450 616 signata?
3497 545 3655 614 Quod
3689 563 3778 603 au-

526 650 598 705 ob
624 649 678 704 id
699 656 923 704 vocatus
943 656 1029 703 est
1051 645 1206 702 Juda.
1242 648 1287 701 A
1313 643 1649 702 confessione
1683 642 1863 711 itaque
1907 656 2106 696 nomen

528 741 647 812 ejus
670 748 754 797 est
774 739 998 806 dictum,
1049 739 1194 810 quod
1233 746 1316 794 est
1352 736 1648 808 gratiarum
1683 734 1841 789 actio.
1888 733 2107 790 lsachar

528 830 922 898 interpretatus
946 836 1031 884 est
1050 845 1264 884 merces.
1289 827 1346 883 Is
1365 827 1561 897 quippe
1592 825 1788 881 dicitur
1826 843 1839 878 :
1880 835 1954 879 est
1976 841 2108 878 mer-

529 937 634 975 ces.
667 921 779 977 Hoc
808 929 988 976 autem
1018 921 1161 986 ideo,
1207 919 1332 990 quia
1362 916 1733 987 mandragoris
1780 915 1874 970 ﬁlii
1916 915 2106 972 Ruben

529 1008 810 1064 introitum
839 1009 960 1074 viri,
991 1009 1083 1079 qui
1111 1008 1326 1064 Racheli
1350 1007 1664 1071 debebatur,
1710 1006 1778 1061 ad
1821 1020 1880 1060 se
1900 1013 2109 1060 emerat

529 1097 829 1154 Lia.-Unde
856 1109 910 1155 et
947 1099 1072 1153 dum
1098 1106 1255 1152 natus
1279 1106 1382 1163 est,
1432 1096 1528 1152 Lia
1557 1096 1691 1151 dixit
1729 1113 1742 1149 :
1771 1094 1925 1150 Dedit
1964 1093 2107 1148 Deus

530 1190 818 1244 mercedem
865 1206 1050 1244 meam.
1105 1188 1343 1243 Zabulon
1405 1188 1788 1258 interpretatur
1841 1177 2110 1239 habithcu-

529 1277 660 1333 lum.
685 1278 907 1336 Sextum
935 1282 1081 1336 enim
1118 1282 1260 1338 hunc
1296 1282 1461 1336 ﬁlium
1501 1289 1760 1351 genuerat
1801 1279 1914 1334 Lia.
1970 1279 2105 1334 Pro-

528 1380 715 1442 pterea
737 1373 848 1443 iam
873 1389 1064 1429 secura
1085 1374 1220 1431 dixit
1249 1393 1262 1428 :
1290 1373 1562 1428 Habitabit
1584 1390 1785 1428 mecum
1807 1373 1888 1426 vir
1935 1389 2103 1426 meus.

531 1461 682 1516 Unde
700 1472 748 1518 et
772 1463 915 1533 ﬁlius
943 1466 1059 1536 ejus
1093 1476 1304 1520 uocatus
1326 1477 1398 1520 est
1423 1465 1809 1522 habitaculum.
1838 1464 2108 1536 Nephtha-

528 1553 623 1608 lini
661 1571 689 1608 e
732 1557 1084 1623 conversione,
1115 1557 1230 1613 sive
1253 1557 1640 1628 comparatione
1661 1572 1824 1612 causa
1873 1557 2110 1613 nominis

526 1647 644 1717 ejus
666 1658 770 1706 est.
806 1649 960 1707 Unde
991 1659 1049 1707 et
1071 1651 1213 1707 dixit
1234 1652 1460 1717 Rachel,
1487 1667 1608 1706 cum
1653 1666 1776 1704 eum
1809 1651 2111 1721 peperisset

527 1738 722 1794 ancilla
774 1739 890 1808 ejus
929 1739 1059 1795 Bala
1094 1760 1107 1795 :
1141 1738 1398 1795 Habitare
1445 1758 1522 1795 me
1552 1739 1678 1808 facit
1719 1740 1859 1793 Deus
1905 1739 2109 1794 habita-

527 1833 668 1886 tione
695 1849 814 1886 cum
851 1849 1030 1887 sorore
1056 1850 1191 1888 mea.
1242 1833 1359 1888 Dan
1397 1833 1787 1901 interpretatur
1820 1829 2102 1901 judicium.

2207 653 2317 698 tem
2348 643 2403 698 in
2458 650 2616 696 nocte
2667 638 3008 710 coniungitur
3063 639 3252 706 Jacob,
3300 639 3562 710 signiﬁcat
3610 643 3777 712 ipsam

2208 733 2548 805 Synagogam
2603 733 2713 789 Deo
2762 733 3105 803 coniunctam
3171 732 3227 786 in
3297 732 3532 788 tenebris
3593 732 3780 791 littere

2209 822 2556 896 [Z.,latere].
2588 823 2768 878 Turba
2802 839 2932 879 vero
2974 824 3272 878 amicorum
3322 822 3491 892 ipsius
3541 823 3781 894 designat

2209 911 2422 967 turbam
2465 912 2893 982 patriarcharum
2917 919 2973 966 et
2996 911 3402 982 prophetarum,
3452 919 3514 965 ut
3565 913 3780 982 quibus-

2209 1004 2334 1058 dam
2351 1004 2579 1060 videtur.
2617 1003 2816 1060 Rachel
2839 1013 3042 1070 autem,
3059 1005 3246 1074 iunior
3269 1013 3324 1058 et
3343 1003 3568 1075 pulchra
3601 1045 3617 1070 ,
3639 1007 3782 1075 prius

2211 1096 2410 1152 sterilis
2435 1107 2540 1163 est,
2565 1081 2909 1167 postmodum
2935 1096 3185 1163 fecunda,
3213 1095 3513 1151 similitudo
3557 1105 3644 1152 est
3693 1097 3783 1152 Ec-

2211 1188 2408 1243 clesire.
2461 1187 2674 1255 Junior,
2730 1190 2856 1260 quia
2907 1196 3149 1257 tempore
3193 1188 3480 1258 posterior.
3534 1185 3780 1250 Pulchra,

2210 1280 2336 1351 quia
2375 1295 2602 1351 corpore
2632 1289 2687 1335 et
2723 1280 2914 1349 spiritu
2957 1288 3164 1335 sancta.
3219 1276 3372 1334 Oculi
3424 1276 3542 1348 ejus
3587 1278 3780 1342 decori,

2211 1375 2339 1446 quia
2364 1374 2712 1446 Evangelium
2739 1373 3048 1444 perspicere
3068 1379 3402 1428 meruerunt.
3461 1370 3596 1438 Qute
3630 1370 3783 1426 etiam

2210 1466 2397 1520 tandiu
2453 1465 2654 1521 sterilis
2699 1464 2799 1520 fuit
2824 1506 2839 1531 ,
2889 1479 3170 1534 quousque
3216 1463 3497 1535 Synagoga
3537 1463 3781 1535 populum

2209 1555 2519 1629 generabat.
2552 1555 2683 1623 Quae
2713 1557 2767 1610 in
2797 1556 2884 1612 die
2909 1555 3159 1625 copulata
3185 1563 3270 1612 est
3296 1554 3485 1620 Iacob,
3529 1556 3661 1626 quia
3690 1556 3779 1611 Ec-

2209 1651 2373 1708 clesia
2403 1652 2642 1723 gentium
2663 1652 2718 1706 in
2749 1651 2838 1706 die
2860 1650 2992 1706 Novi
3017 1651 3351 1706 Testamenti
3371 1652 3615 1706 sociatur
3641 1651 3785 1706 Chri-

2211 1751 2314 1799 sto.
2342 1743 2423 1798 Ad
2445 1744 2599 1814 cujus
2623 1742 2790 1798 etiam
2815 1743 3031 1813 nuptias
3064 1743 3236 1797 turbae
3259 1742 3560 1797 amicorum
3595 1757 3782 1797 conve-

2211 1833 2385 1899 niunt,
2420 1834 2548 1904 quia
2596 1849 2694 1904 per
2735 1842 2952 1889 sanctos
2995 1832 3288 1903 apostolos,
3315 1833 3409 1903 qui
3467 1844 3599 1888 sunt
3642 1833 3783 1887 amici

526 1925 656 1982 Bala
687 1927 855 1992 enim,
879 1927 1009 1982 dum
1031 1943 1153 1982 eum
1173 1928 1494 1999 peperisset,
1541 1925 1676 1980 dixit
1733 1922 1958 1989 Rachel,
2009 1922 2105 1978 do-
2132 1919 2180 1978 B
2208 1924 2398 1995 ipsius,
2421 1923 2665 1979 Ecclesia
2692 1923 3073 1993 incorporatur
3092 1924 3338 1980 Domino.
3388 1922 3600 1978 Habuit
3637 1923 3783 1978 etiam

528 2023 677 2076 mina
706 2021 823 2092 ejus
851 2035 865 2074 :
894 2020 1161 2074 Judicavit
1213 2020 1485 2085 Dominus,
1532 2029 1583 2074 et
1633 2017 1918 2072 exaudiens
1964 2017 2108 2070 dedit

525 2113 655 2167 mihi
677 2110 868 2181 ﬁlium,
898 2125 1117 2166 causam
1145 2110 1380 2164 nominis
1409 2108 1524 2178 eius
1545 2107 1832 2178 expressit,
1865 2114 1923 2160 ut
1949 2107 2016 2160 ab
2040 2121 2106 2161 eo

527 2201 672 2274 quod
692 2201 989 2272 iudicasset
1016 2201 1296 2265 Dominus,
1329 2199 1442 2254 ﬁlio
1467 2195 1877 2269 ancillatjudicii
1908 2211 2106 2250 nomen

526 2296 852 2366 imponeret.
892 2292 1009 2349 Gad
1049 2293 1117 2347 ab
1144 2299 1339 2347 eventu
1382 2290 1496 2346 sive
1541 2289 1826 2360 procinctu
1883 2294 2108 2341 vocatus

525 2394 630 2442 est.
655 2385 882 2454 Quando
905 2385 1048 2439 enim
1071 2383 1282 2454 peperit
1309 2397 1433 2437 eum
1483 2380 1652 2446 Zelfa,
1703 2379 1838 2434 dixit
1889 2379 2106 2433 domina

523 2475 642 2546 ejus
669 2475 764 2531 Lia
799 2495 812 2530 :
838 2476 895 2530 ln
914 2474 1151 2540 fortuna,
1182 2474 1236 2530 id
1257 2483 1341 2529 est
1376 2474 1518 2542 quod
1547 2472 1747 2528 dicitur
1787 2471 1841 2525 in
1888 2469 2106 2540 procin-

525 2581 638 2636 ctu,
665 2569 751 2626 vel
776 2577 991 2632 eventu,
1025 2577 1080 2623 et
1106 2575 1166 2621 ut
1187 2565 1426 2636 apertius
1450 2565 1684 2630 dicatur,
1713 2564 2108 2632 interpretatur

525 2662 742 2717 tentatio
795 2659 883 2716 vel
929 2660 1214 2714 accinctus.
1285 2657 1423 2712 Aser
1469 2656 1648 2709 beatus
1704 2653 1938 2710 dicitur.
1970 2651 2107 2705 Dum

524 2753 670 2810 enim
693 2753 992 2824 peperisset
1014 2764 1139 2805 eum
1168 2747 1336 2816 Zelfa,
1361 2748 1498 2804 dixit
1519 2746 1616 2802 Lia
1649 2765 1661 2800 :
1692 2745 1856 2801 Beata
1899 2759 1999 2815 ego
2052 2750 2108 2798 et

522 2846 839 2904 beatiﬁcant
865 2861 951 2901 me
977 2845 1249 2910 mulieres,
1278 2851 1334 2898 et
1362 2841 1430 2896 ab
1465 2854 1529 2897 eo
1563 2839 1707 2912 quod
1755 2839 1913 2894 beata
1961 2837 2106 2892 dica-

525 2949 635 3004 tur,
662 2954 730 2994 ex
756 2937 1079 3010 etymologia
1101 2935 1337 2992 nominis
1364 2934 1571 2988 beatum
1610 2930 1844 2987 vocavit.
1905 2927 2106 2998 Joseph

525 3030 595 3085 ab
617 3044 682 3084 eo
707 3029 850 3099 quod
879 3028 980 3083 sibi
1007 3027 1171 3082 alium
1202 3027 1324 3082 addi
1351 3034 1524 3081 mater
1544 3031 1849 3094 optaverat,
1893 3020 2110 3077 vocavit

527 3130 881 3192 augmentum.
913 3119 1049 3175 Hinc
1074 3119 1289 3174 Pharao
1313 3117 1626 3187 Saphaneth
1678 3115 1930 3187 Egyptio
1986 3127 2107 3168 ser-

525 3227 687 3268 mone
711 3205 1044 3281 'appellavit,
1094 3207 1237 3280 quod
1274 3208 1538 3264 Hebraice
1566 3207 1989 3261 absconditorum
2027 3220 2108 3258 re-

2209 2016 2434 2072 ancillas
2453 2032 2640 2072 earum
2669 2016 2854 2083 Iacob,
2888 2025 2945 2072 et
2971 2031 3040 2071 ex
3085 2016 3167 2072 eis
3217 2015 3404 2087 genuit
3441 2015 3611 2080 ﬁlios,
3675 2015 3784 2087 quia

2209 2119 2336 2165 sunt
2359 2109 2413 2163 in
2439 2117 2671 2180 utroque
2699 2109 2895 2180 populo
2915 2111 3171 2164 docentes
3213 2107 3483 2176 carnales,
3533 2119 3701 2179 atque
3739 2109 3784 2162 in

2208 2203 2318 2258 vita
2355 2204 2553 2258 veteris
2581 2202 2816 2257 hominis
2867 2209 3269 2273 permanentes,
3327 2216 3561 2271 quorum
3610 2201 3786 2270 praedi-

2209 2295 2423 2349 catione
2477 2293 2569 2348 ﬁlii
2600 2293 2828 2348 Domino
2859 2303 3206 2364 generantur.
3249 2292 3403 2349 Unde
3452 2292 3588 2347 Bala
3635 2293 3784 2348 inter-

2209 2393 2455 2457 pretatur
2480 2386 2786 2451 inveterata,
2819 2385 2940 2442 illos
2969 2387 3348 2441 demonstrans
3368 2387 3461 2456 qui
3485 2386 3785 2442 carnalibus

2210 2477 2458 2533 sensibus
2484 2477 2671 2543 dediti,
2701 2487 2880 2533 tamen
2908 2477 3173 2548 spiritalia
3215 2478 3380 2534 etiam
3424 2477 3492 2534 de
3542 2479 3665 2549 ipsa
3713 2481 3781 2534 in-

2209 2569 2606 2624 commutabilis
2635 2569 2935 2625 substantia
2960 2570 3265 2625 Divinitatis
3281 2570 3634 2625 annuntiant.
3655 2569 3784 2626 Zella

2208 2676 2360 2727 vero,
2388 2676 2507 2732 qua:
2538 2663 2926 2733 interpretatur
2948 2678 3005 2716 os
3029 2663 3205 2727 hians,
3253 2661 3373 2717 illos
3420 2660 3630 2732 ﬁgurat
3671 2678 3786 2734 quo-

2209 2768 2330 2808 rum
2365 2752 2748 2822 praedicatione
2775 2771 2833 2808 os
2853 2753 3097 2824 aperitur
3130 2760 3186 2809 et
3231 2767 3328 2808 cor
3367 2768 3478 2808 non
3520 2755 3782 2825 sequitur;

2211 2845 2277 2902 de
2295 2844 2544 2915 qualibus
2567 2846 2830 2917 scriptum
2855 2853 2941 2900 est
2965 2864 2977 2898 :
3011 2844 3248 2915 Populus
3274 2845 3359 2898 hic
3383 2844 3538 2900 labiis
3585 2863 3670 2900 me
3709 2849 3786 2899 ho-

2209 2943 2362 2989 norat
2376 2952 2396 3000 ;
2426 2952 2517 2990 cor
2543 2945 2718 2990 autem
2750 2951 2930 2990 eorum
2954 2933 3106 3004 longe
3125 2943 3342 2988 estame
3366 2932 3586 3004 (Matth.
3611 2951 3698 3001 xv,
3721 2936 3783 3007 8).

2209 3027 2277 3082 Et
2303 3027 2430 3082 alibi
2461 3045 2474 3081 :
2511 3025 2643 3093 Qua:
2669 3025 2871 3092 dicunt,
2898 3026 3091 3096 facite;
3131 3041 3246 3098 qua:
3276 3034 3452 3080 autem
3483 3026 3690 3095 faciunt
3720 3027 3786 3080 la-

2208 3135 2324 3173 cere
2352 3117 2511 3173 nolite
2539 3117 2752 3188 (Matth.
2775 3133 2929 3184 xxm,
2962 3117 3040 3186 2).

2282 3208 2392 3266 Cur
2418 3218 2600 3264 autem
2623 3208 2791 3265 Jacob
2816 3225 2916 3280 pro
2942 3209 3146 3264 Rachel
3181 3211 3370 3276 servit,
3395 3219 3450 3266 et
3477 3212 3788 3282 supponitur

527 3313 786 3359 certorem
813 3311 986 3366 sonat,
1014 3318 1114 3373 pro
1136 3316 1202 3357 eo
1230 3301 1373 3372 quod
1394 3301 1628 3356 obscura
1650 3299 1860 3356 somnia
1909 3297 2116 3353 revela-
2143 3293 2187 3356 C
2218 3302 2341 3367 Lia,
2364 3301 2469 3355 nisi
2506 3301 2632 3371 quia
2664 3301 2925 3357 Dominus
2947 3342 2960 3366 ,
3014 3310 3074 3356 ut
3121 3301 3417 3357 Ecclesiam
3461 3312 3784 3367 assumeret,

527 3397 681 3451 vitet
706 3395 1046 3452 sterilitatem
1077 3395 1344 3466 praedixit.
1397 3392 1602 3448 Tamen
1635 3393 1762 3464 quia
1788 3392 1892 3446 hoc
1919 3405 2117 3446 nomen

529 3489 599 3545 ab
623 3488 881 3562 .Egyptio
901 3488 1146 3559 ponitur,
1171 3487 1340 3558 ipsius
1370 3485 1568 3558 linguai
1589 3485 1750 3540 debet
1768 3483 1972 3539 habere
2025 3498 2116 3537 ra-

527 3584 754 3639 tionem.
829 3581 1224 3652 Interpretatur
1285 3580 1428 3636 enim
1488 3577 1799 3649 Sapbaneth
1859 3574 2118 3648 IEgyptio

528 3690 784 3734 sermone
809 3673 1040 3729 salvator
1060 3671 1264 3739 mundi,
1312 3685 1377 3726 eo
1407 3668 1550 3740 quod
1596 3668 1783 3724 orbem
1838 3675 1999 3722 terra;
2049 3665 2119 3721 ab

527 3769 834 3826 imminenti
857 3767 1016 3822 famis
1042 3765 1254 3822 excidio
1297 3763 1563 3820 liberavit.
1621 3759 1900 3829 Beniamin
1945 3758 2117 3812 inter-

527 3868 775 3932 pretatur
800 3859 945 3928 ﬁlius
988 3859 1235 3923 dexterae,
1283 3856 1426 3927 quod
1469 3862 1554 3910 est
1599 3853 1836 3908 virtutis.
1886 3851 2119 3906 Dextera

529 3951 676 4008 enim
706 3949 1008 4020 appellatur
1030 3947 1227 4003 lamin.
1272 3946 1444 4002 Mater
1473 3945 1670 4015 quippe
1711 3941 1828 4012 eius
1878 3941 2119 3996 moriens

529 4041 748 4101 vocavit
774 4056 970 4096 nomen
993 4040 1110 4111 ejus
1139 4039 1365 4105 Benoni,
1399 4037 1452 4092 id
1477 4047 1561 4092 est
1583 4036 1726 4106 ﬁlius
1753 4034 1950 4090 doloris
1994 4033 2116 4089 mei.

531 4135 695 4192 Pater
724 4133 829 4188 hoc
854 4131 1106 4195 mutavit,
1140 4129 1310 4185 ﬁlium
1352 4129 1590 4184 dextera:
1621 4127 1926 4183 nominans.
1980 4125 2117 4181 Dina

534 4227 862 4284 transfertur
895 4227 950 4282 in
979 4241 1214 4279 causam.
1243 4221 1416 4293 Jurgii
1442 4223 1587 4278 enim
1611 4221 1667 4277 in
1709 4220 1930 4276 Sicimis
1955 4234 2116 4276 causa

535 4318 764 4374 exstitit.

613 4411 992 4466 Verumtamen
1015 4408 1182 4465 Jacob
1206 4407 1520 4478 spiritaliter
1543 4403 1813 4474 signiﬁcat
1831 4402 2120 4458 Dominum

536 4517 602 4558 ac
622 4502 1042 4572 Redemptorem
1067 4508 1338 4566 nostrum,
1361 4498 1447 4554 vel
1490 4496 1761 4568 perfectos
1807 4497 1955 4552 viros
2005 4495 2117 4564 qui,

537 4600 721 4657 omnia
749 4597 1142 4663 desiderantes,
1168 4595 1356 4653 volunt
1375 4593 1544 4664 quieti
1567 4593 1750 4648 vivere
1777 4591 1830 4646 in
1853 4591 1964 4646 vita
1990 4604 2119 4645 con~

537 4691 922 4763 templationis.
951 4688 1156 4744 Rachel
1200 4703 1346 4752 vero,
1387 4655 1557 4740 vitam
1602 4683 2078 4752 contemplativam
2102 4698 2117 4747 ;
2145 4655 2200 4717 Ῑ)

535 4787 635 4844 Lia
663 4795 866 4852 autem,
896 4784 1152 4841 activam.
1176 4783 1362 4839 Laban
1387 4780 1603 4852 quippe,
1648 4778 1740 4848 qui
1787 4778 2116 4847 interpreta-

540 4889 630 4936 tur
670 4878 956 4944 dealbatio,
983 4877 1159 4947 gratia
1205 4875 1302 4929 Dei
1351 4871 1757 4943 omnipotentis,
1814 4884 1913 4940 per
1955 4883 2123 4938 quam

540 4971 602 5026 ﬁt
629 4968 881 5025 remissio
911 4975 1278 5038 peccatorum,
1330 4963 1417 5019 cui
1461 4962 1704 5018 serviunt
1745 4958 1973 5031 perfecti
2016 4957 2123 5014 viri

537 5062 609 5118 ob
636 5061 803 5115 vitam
825 5056 1325 5128 contemplativam.
1369 5053 1525 5122 Quod
1549 5053 1596 5108 si
1625 5051 1837 5108 libitum
1867 5050 1962 5106 tibi
2002 5051 2121 5106 fue-

540 5153 630 5219 rit,
661 5152 853 5217 lector,
874 5149 1085 5222 plenius
1112 5161 1295 5211 nosse,
1325 5145 1470 5202 beati
1491 5159 1642 5216 papa:
1661 5142 1905 5216 Gregorii
1927 5140 2126 5197 summi

538 5245 932 5318 pradicatoris,
968 5252 1025 5299 et
1043 5240 1234 5300 lsidori
1260 5238 1468 5295 strenui
1503 5237 1741 5294 doctoris
1792 5236 1938 5292 dicta
1985 5233 2126 5307 vigi-

540 5339 674 5395 lanti
698 5353 829 5394 cura
855 5335 1146 5408 perlustra,
1171 5349 1293 5404 qua:
1319 5347 1431 5402 prae
1455 5330 1702 5403 angustia
1739 5344 1838 5385 nos
1867 5327 2129 5398 temporis

541 5435 784 5488 inserere
821 5444 930 5484 non
964 5428 1140 5483 libuit.
1191 5424 1512 5494 Quanquam
1562 5424 1875 5481 Victorinus
1921 5429 2132 5492 martyr

543 5523 743 5594 aliique
760 5522 1031 5586 doctores,
1062 5535 1224 5591 super
1251 5518 1535 5592 Synagoga
1582 5525 1638 5574 et
1680 5516 1922 5573 Ecclesia
1973 5512 2132 5568 intel-

542 5617 635 5688 ligi
659 5614 828 5671 velint
852 5615 951 5670 has
978 5615 1112 5670 duas
1141 5627 1340 5669 uxores
1367 5610 1553 5667 Jacob.
1583 5611 1703 5676 Lia,
1726 5608 1996 5679 inquiunt,
2022 5621 2132 5661 ma-

537 5709 627 5781 ior
647 5717 798 5772 natu,
842 5717 1027 5779 typum
1081 5706 1253 5762 tenuit
1285 5704 1601 5777 Synagogre,
1657 5700 1783 5771 quia
1832 5699 1983 5768 prior
2033 5697 2132 5752 Dei

545 5799 655 5876 [Z.,
689 5798 968 5872 prioridie]
1026 5799 1210 5869 genuit
1249 5796 1527 5868 populum.
1581 5793 1644 5848 Et
1689 5791 1819 5863 quid
1864 5799 1947 5847 est
1985 5793 2130 5861 quod

541 5894 714 5953 oculis
735 5893 930 5964 legitur
947 5890 1167 5962 gravida
1191 5888 1309 5961 [F.,
1338 5885 1607 5958 gravata],
1632 5886 1735 5941 nisi
1757 5885 1881 5956 quia
1904 5885 1988 5941 lex
2033 5903 2132 5958 per

2221 3396 2372 3467 prius
2402 3394 2743 3466 Synagogam
2769 3392 2868 3448 sibi
2893 3393 3209 3463 conjunxit?
3231 3391 3339 3448 Sed
3363 3392 3654 3450 videamus
3674 3410 3789 3464 qua-

2222 3487 2300 3542 les
2345 3486 2440 3541 ﬁlii
2477 3493 2794 3542 nascuntur.
2823 3485 2900 3541 Ex
2931 3485 3028 3540 Lia
3068 3500 3302 3556 namque
3346 3493 3656 3540 nascuntur
3695 3485 3788 3540 Ru-

2222 3581 2323 3636 ben
2343 3622 2357 3645 ,
2392 3578 2611 3635 Simeon
2643 3589 2698 3635 et
2723 3579 2888 3646 Levi,
2919 3589 2976 3635 et
3001 3579 3229 3650 reliqua.
3260 3578 3484 3646 Ruben,
3514 3581 3616 3650 qui
3643 3581 3788 3636 inter-

2222 3682 2466 3744 pretatur
2488 3673 2666 3728 videns
2689 3672 2883 3742 ﬁlium,
2909 3673 3177 3743 signiﬁcat
3196 3673 3497 3742 perlectum
3526 3673 3787 3731 doctorem

2223 3781 2290 3821 ex
2316 3778 2589 3836 synagoga
2619 3762 2929 3820 Iudaeorum
2957 3763 3012 3818 in
3035 3763 3140 3819 ﬁde
3165 3772 3495 3820 nascentem.
3525 3763 3636 3832 Qui
3671 3765 3790 3820 bene

2223 3858 2398 3914 videns
2418 3857 2589 3928 ﬁlium
2623 3855 2887 3930 [dicitur].
2917 3856 2976 3912 lu
3005 3855 3130 3912 ﬁliis
3154 3870 3318 3926 opera
3349 3856 3629 3927 designari
3661 3855 3788 3911 Psal-

2224 3949 2386 4005 mista
2425 3956 2677 4014 testatur,
2708 3948 2802 4017 qui
2830 3947 2883 4002 in
2913 3947 3055 4003 beati
3080 3947 3186 4002 viri
3227 3947 3700 4003 benedictionibus
3719 3948 3787 4000 in-

2226 4051 2308 4096 ter
2349 4049 2546 4100 caatera
2592 4040 2722 4095 dicit
2760 4057 2772 4092 :
2827 4037 2958 4094 Filii
2999 4039 3078 4093 tui
3121 4039 3254 4093 sicut
3305 4039 3521 4094 novellte
3547 4040 3790 4094 olivarum

2224 4129 2400 4202 (Psal.
2430 4146 2646 4197 cxxvn,
2676 4130 2753 4203 4).
2784 4130 2849 4185 Et
2877 4129 3018 4186 infra
3042 4145 3056 4185 :
3080 4129 3150 4185 Et
3188 4131 3364 4186 uideas
3404 4130 3545 4200 ﬁlios
3571 4131 3788 4200 ﬁliorum

2223 4233 2433 4278 tuorum
2468 4221 2656 4291 (Ibid.,
2696 4238 2826 4277 vers.
2861 4221 2934 4291 7).
2975 4218 3093 4276 Non
3121 4221 3266 4276 enim
3303 4221 3396 4292 qui
3441 4221 3596 4276 timet
3629 4220 3791 4276 Domi-

2224 4332 2388 4383 num,
2438 4316 2541 4372 nisi
2595 4315 2843 4388 genuerit
2886 4315 3026 4370 ﬁlios
3085 4323 3415 4385 nepotesque
3470 4313 3788 4385 susceperit,

2224 4411 2417 4465 beatus
2445 4422 2566 4464 esse
2613 4425 2721 4465 non
2769 4417 2982 4480 potest,
3030 4424 3153 4464 cum
3194 4409 3389 4479 virgini
3440 4407 3583 4464 ﬁdeli
3634 4407 3792 4480 potior

2225 4513 2438 4555 merces
2465 4507 2763 4570 exspectat.
2796 4499 2900 4554 Sed
2941 4499 3000 4554 in
3028 4498 3185 4566 ﬁliis,
3227 4507 3286 4553 ut
3313 4499 3579 4563 diximus,
3607 4513 3789 4569 opera,

2227 4595 2282 4651 in
2311 4593 2436 4650 ﬁliis
2455 4607 2590 4649 vero
2613 4591 2847 4647 ﬁliorum
2878 4592 3086 4648 fructus
3115 4607 3339 4664 operum
3357 4634 3372 4659 ,
3400 4593 3452 4647 id
3493 4601 3577 4647 est
3601 4605 3792 4647 merce-

2226 4691 2351 4748 dem
2377 4690 2627 4762 designat
2653 4697 2932 4745 aeternam.
2984 4689 3226 4761 Denique
3257 4691 3360 4745 iste
3391 4689 3582 4745 Ruben
3624 4702 3789 4762 egres-

2227 4797 2320 4838 sus
2346 4790 2589 4851 tempore
2616 4781 2810 4836 messis
2840 4780 3065 4836 trilicem
3104 4781 3159 4838 in
3203 4796 3393 4852 agrum
3422 4779 3624 4850 reperit
3652 4793 3789 4835 man-

2228 4873 2515 4944 dragoras,
2544 4887 2678 4943 quas
2721 4873 2880 4926 matri
2915 4871 3020 4925 Lia:
3051 4870 3258 4936 attulit,
3283 4880 3338 4926 et
3365 4869 3593 4940 reliqua.
3625 4867 3786 4936 Signi-

2229 4963 2358 5019 ﬁcat
2380 4970 2598 5019 sanctos
2622 4962 2894 5033 apostolos
2915 4970 3250 5031 czeterosque
3267 4961 3654 5032 praedicatores
3671 5000 3686 5024 ,
3713 4955 3790 5028 qui

2228 5061 2454 5125 possunt
2485 5053 2539 5108 in
2572 5068 2760 5122 agrum
2794 5051 3194 5124 prmdicationis
3219 5053 3402 5115 exire,
3439 5059 3496 5106 et
3538 5053 3607 5106 ad
3636 5048 3793 5121 publi-

2231 5161 2354 5202 cum
2383 5146 2710 5216 procedere,
2742 5145 3076 5214 verbumque
3123 5143 3479 5209 annuntiare,
3523 5142 3791 5213 operibus-

2233 5250 2338 5308 que
2364 5235 2690 5306 adimplere,
2735 5244 2792 5290 et
2834 5234 3040 5305 prolem
3070 5233 3366 5304 spiritalem
3409 5234 3649 5304 gignere.
3681 5231 3793 5286 Pos-

2235 5344 2423 5384 sumus
2447 5343 2543 5399 per
2566 5342 2756 5396 agrum
2777 5327 2938 5382 etiam
2962 5326 3130 5382 libros
3154 5326 3288 5397 legis
3313 5327 3794 5398 prophetarumquc

2235 5425 2536 5497 praeconia;
2583 5437 2678 5495 per
2715 5423 3102 5494 mandragoras
3129 5437 3290 5488 vero,
3323 5436 3444 5491 quae
3491 5421 3685 5476 bonum
3715 5419 3794 5472 ha-

2237 5518 2368 5573 bent
2393 5516 2648 5580 odorem,
2677 5513 2773 5569 sed
2797 5513 3085 5582 insipidum
3110 5526 3390 5581 saporem,
3418 5511 3698 5566 Dominum
3721 5503 3795 5559 Je-

2234 5622 2355 5664 sum
2381 5605 2658 5662 Christum
2689 5601 3015 5674 intelligere,
3045 5603 3332 5658 habentem
3361 5601 3561 5657 bonum
3591 5598 3796 5656 odorem

2235 5702 2376 5774 apud
2401 5717 2496 5757 eos
2523 5701 2614 5771 qui
2644 5700 2990 5754 crediderunt
3013 5698 3065 5754 in
3089 5714 3235 5764 eum,
3266 5697 3562 5768 insipidum
3587 5693 3722 5765 apud
3745 5690 3798 5744 il-

2233 5796 2315 5850 los
2343 5794 2434 5864 qui
2467 5793 2521 5848 in
2548 5791 2860 5848 inﬁdelitate
2887 5799 3304 5860 permanserunt
3328 5798 3384 5845 et
3415 5789 3510 5860 qui
3540 5799 3700 5859 prave
3740 5781 3796 5836 de

2235 5888 2326 5948 illo
2352 5895 2670 5950 senserunt,
2711 5884 2863 5954 iuxta
2892 5884 3034 5954 quod
3073 5883 3333 5953 scriptum
3366 5892 3448 5938 est
3493 5897 3506 5937 :
3539 5881 3638 5936 Alii
3663 5878 3794 5932 dice-
