  <div class='ocr_page' id='page_1' title='image "/cluster/home/n/w/nwhite01/storage/ocr_20150623/115/hvd.32044015466873/112.png"; bbox 0 0 3970 6332; ppageno 0'>
   <div class='ocr_carea' id='block_1_1' title="bbox 193 414 309 471">
    <p class='ocr_par' dir='ltr' id='par_1_1' title="bbox 193 414 309 471">
     <span class='ocr_line' id='line_1_1' title="bbox 193 414 309 471; baseline -0.026 0"><span class='ocrx_word' id='word_1_1' title='bbox 193 414 309 471; x_wconf 75' lang='grc'><strong>217</strong></span> 
     </span>
    </p>
   </div>
   <div class='ocr_carea' id='block_1_2' title="bbox 1489 392 2142 452">
    <p class='ocr_par' dir='ltr' id='par_1_2' title="bbox 1489 392 2142 452">
     <span class='ocr_line' id='line_1_2' title="bbox 1489 392 2142 452; baseline -0.009 0"><span class='ocrx_word' id='word_1_2' title='bbox 1489 393 1844 452; x_wconf 71' lang='grc' dir='ltr'><strong>(ΖΟΜΜΕΝΓ.</strong></span> <span class='ocrx_word' id='word_1_3' title='bbox 1885 393 1947 447; x_wconf 67' lang='grc' dir='ltr'><strong>ΙΝ</strong></span> <span class='ocrx_word' id='word_1_4' title='bbox 1988 392 2142 448; x_wconf 69' lang='lat' dir='ltr'><strong>GEN.</strong></span> 
     </span>
    </p>
   </div>
   <div class='ocr_carea' id='block_1_3' title="bbox 197 501 3468 586">
    <p class='ocr_par' dir='ltr' id='par_1_3' title="bbox 197 501 3468 586">
     <span class='ocr_line' id='line_1_3' title="bbox 197 501 3468 586; baseline -0.009 -3"><span class='ocrx_word' id='word_1_5' title='bbox 197 523 582 584; x_wconf 82' lang='lat' dir='ltr'><strong>bant:Bonus</strong></span> <span class='ocrx_word' id='word_1_6' title='bbox 607 529 714 586; x_wconf 85' lang='lat' dir='ltr'><strong>est;</strong></span> <span class='ocrx_word' id='word_1_7' title='bbox 741 517 835 572; x_wconf 90' lang='lat' dir='ltr'><strong>alii</strong></span> <span class='ocrx_word' id='word_1_8' title='bbox 866 530 1020 583; x_wconf 79' lang='lat' dir='ltr'><strong>vero,</strong></span> <span class='ocrx_word' id='word_1_9' title='bbox 1066 511 1222 579; x_wconf 85' lang='lat' dir='ltr'><strong>Non,</strong></span> <span class='ocrx_word' id='word_1_10' title='bbox 1251 512 1341 567; x_wconf 89' lang='lat' dir='ltr'><strong>sed</strong></span> <span class='ocrx_word' id='word_1_11' title='bbox 1382 510 1581 565; x_wconf 90' lang='lat' dir='ltr'><strong>seducit</strong></span> <span class='ocrx_word' id='word_1_12' title='bbox 1610 508 1790 563; x_wconf 88' lang='lat' dir='ltr'><strong>turbas</strong></span> <span class='ocrx_word' id='word_1_13' title='bbox 1818 507 2048 572; x_wconf 71' lang='lat' dir='ltr'><strong>Amicis</strong></span> <span class='ocrx_word' id='word_1_14' title='bbox 2095 515 2315 577; x_wconf 90' lang='lat' dir='ltr'><strong>putatur</strong></span> <span class='ocrx_word' id='word_1_15' title='bbox 2361 505 2668 570; x_wconf 88' lang='lat' dir='ltr'><strong>infirmum,</strong></span> <span class='ocrx_word' id='word_1_16' title='bbox 2716 513 2772 560; x_wconf 90' lang='lat' dir='ltr'><strong>et</strong></span> <span class='ocrx_word' id='word_1_17' title='bbox 2823 517 2921 575; x_wconf 92' lang='lat' dir='ltr'><strong>per</strong></span> <span class='ocrx_word' id='word_1_18' title='bbox 2976 501 3131 574; x_wconf 90' lang='lat' dir='ltr'><strong>cujus</strong></span> <span class='ocrx_word' id='word_1_19' title='bbox 3185 501 3468 556; x_wconf 86' lang='lat' dir='ltr'><strong>materiam</strong></span> 
     </span>
    </p>
   </div>
   <div class='ocr_carea' id='block_1_4' title="bbox 200 595 3470 695">
    <p class='ocr_par' dir='ltr' id='par_1_4' title="bbox 200 595 3470 695">
     <span class='ocr_line' id='line_1_4' title="bbox 200 595 3470 695; baseline -0.009 -19"><span class='ocrx_word' id='word_1_20' title='bbox 200 621 396 695; x_wconf 84' lang='lat' dir='ltr'><strong>(Joan.</strong></span> <span class='ocrx_word' id='word_1_21' title='bbox 428 633 538 681; x_wconf 87' lang='lat' dir='ltr'><strong>vu,</strong></span> <span class='ocrx_word' id='word_1_22' title='bbox 571 613 683 685; x_wconf 73' lang='grc'><strong>12).</strong></span> <span class='ocrx_word' id='word_1_23' title='bbox 727 611 835 667; x_wconf 87' lang='lat' dir='ltr'><strong>Sed</strong></span> <span class='ocrx_word' id='word_1_24' title='bbox 863 609 1003 665; x_wconf 85' lang='lat' dir='ltr'><strong>bene</strong></span> <span class='ocrx_word' id='word_1_25' title='bbox 1044 614 1288 676; x_wconf 87' lang='lat' dir='ltr'><strong>tempore</strong></span> <span class='ocrx_word' id='word_1_26' title='bbox 1334 605 1528 660; x_wconf 82' lang='lat' dir='ltr'><strong>messis</strong></span> <span class='ocrx_word' id='word_1_27' title='bbox 1565 602 1793 657; x_wconf 75' lang='lat' dir='ltr'><strong>triticeas</strong></span> <span class='ocrx_word' id='word_1_28' title='bbox 1894 602 2076 657; x_wconf 86' lang='lat' dir='ltr'><strong>animo</strong></span> <span class='ocrx_word' id='word_1_29' title='bbox 2099 617 2312 674; x_wconf 91' lang='lat' dir='ltr'><strong>quoque</strong></span> <span class='ocrx_word' id='word_1_30' title='bbox 2341 598 2542 656; x_wconf 89' lang='lat' dir='ltr'><strong>inferre</strong></span> <span class='ocrx_word' id='word_1_31' title='bbox 2577 599 2825 654; x_wconf 89' lang='lat' dir='ltr'><strong>nituntur</strong></span> <span class='ocrx_word' id='word_1_32' title='bbox 2866 595 3172 661; x_wconf 88' lang='lat' dir='ltr'><strong>interitum,</strong></span> <span class='ocrx_word' id='word_1_33' title='bbox 3205 595 3314 649; x_wconf 93' lang='lat' dir='ltr'><strong>Deo</strong></span> <span class='ocrx_word' id='word_1_34' title='bbox 3342 608 3470 649; x_wconf 84' lang='lat' dir='ltr'><strong>con-</strong></span> 
     </span>
    </p>
   </div>
   <div class='ocr_carea' id='block_1_5' title="bbox 201 693 1796 777">
    <p class='ocr_par' dir='ltr' id='par_1_5' title="bbox 201 693 1796 777">
     <span class='ocr_line' id='line_1_5' title="bbox 201 693 1796 777; baseline -0.011 -11"><span class='ocrx_word' id='word_1_35' title='bbox 201 693 374 775; x_wconf 81' lang='lat' dir='ltr'><strong>exiit,</strong></span> <span class='ocrx_word' id='word_1_36' title='bbox 406 707 535 777; x_wconf 90' lang='lat' dir='ltr'><strong>quia</strong></span> <span class='ocrx_word' id='word_1_37' title='bbox 565 719 632 760; x_wconf 92' lang='lat' dir='ltr'><strong>eo</strong></span> <span class='ocrx_word' id='word_1_38' title='bbox 673 711 919 772; x_wconf 88' lang='lat' dir='ltr'><strong>tempore</strong></span> <span class='ocrx_word' id='word_1_39' title='bbox 955 697 1208 756; x_wconf 71' lang='lat' dir='ltr'><strong>destinati</strong></span> <span class='ocrx_word' id='word_1_40' title='bbox 1236 695 1457 750; x_wconf 88' lang='lat' dir='ltr'><strong>fuerunt</strong></span> <span class='ocrx_word' id='word_1_41' title='bbox 1497 693 1566 750; x_wconf 92' lang='lat' dir='ltr'><strong>ad</strong></span> <span class='ocrx_word' id='word_1_42' title='bbox 1603 693 1796 764; x_wconf 67' lang='lat' dir='ltr'><strong>praedi-</strong></span> 
     </span>
    </p>
   </div>
   <div class='ocr_carea' id='block_1_6' title="bbox 204 784 1794 868">
    <p class='ocr_par' dir='ltr' id='par_1_6' title="bbox 204 784 1794 868">
     <span class='ocr_line' id='line_1_6' title="bbox 204 784 1794 868; baseline -0.011 -11"><span class='ocrx_word' id='word_1_43' title='bbox 204 800 448 858; x_wconf 88' lang='lat' dir='ltr'><strong>candum</strong></span> <span class='ocrx_word' id='word_1_44' title='bbox 466 839 480 862; x_wconf 91' lang='lat'><strong>,</strong></span> <span class='ocrx_word' id='word_1_45' title='bbox 511 794 729 868; x_wconf 87' lang='lat' dir='ltr'><strong>quando</strong></span> <span class='ocrx_word' id='word_1_46' title='bbox 751 792 865 864; x_wconf 91' lang='lat' dir='ltr'><strong>jam</strong></span> <span class='ocrx_word' id='word_1_47' title='bbox 901 799 1112 860; x_wconf 85' lang='lat' dir='ltr'><strong>tempus</strong></span> <span class='ocrx_word' id='word_1_48' title='bbox 1137 795 1260 844; x_wconf 90' lang='lat' dir='ltr'><strong>erat</strong></span> <span class='ocrx_word' id='word_1_49' title='bbox 1287 795 1348 842; x_wconf 92' lang='lat' dir='ltr'><strong>ut</strong></span> <span class='ocrx_word' id='word_1_50' title='bbox 1389 785 1617 858; x_wconf 89' lang='lat' dir='ltr'><strong>populus</strong></span> <span class='ocrx_word' id='word_1_51' title='bbox 1639 784 1794 841; x_wconf 91' lang='lat' dir='ltr'><strong>colli-</strong></span> 
     </span>
    </p>
   </div>
   <div class='ocr_carea' id='block_1_7' title="bbox 204 878 1792 966">
    <p class='ocr_par' dir='ltr' id='par_1_7' title="bbox 204 878 1792 966">
     <span class='ocr_line' id='line_1_7' title="bbox 204 878 1792 966; baseline -0.011 -17"><span class='ocrx_word' id='word_1_52' title='bbox 204 901 433 966; x_wconf 76' lang='lat' dir='ltr'><strong>geretur</strong></span> <span class='ocrx_word' id='word_1_53' title='bbox 476 891 545 945; x_wconf 92' lang='lat' dir='ltr'><strong>ad</strong></span> <span class='ocrx_word' id='word_1_54' title='bbox 573 887 766 950; x_wconf 85' lang='lat' dir='ltr'><strong>fidem,</strong></span> <span class='ocrx_word' id='word_1_55' title='bbox 816 881 1113 941; x_wconf 90' lang='lat' dir='ltr'><strong>secundum</strong></span> <span class='ocrx_word' id='word_1_56' title='bbox 1155 881 1300 951; x_wconf 90' lang='lat' dir='ltr'><strong>quod</strong></span> <span class='ocrx_word' id='word_1_57' title='bbox 1343 881 1410 935; x_wconf 91' lang='lat' dir='ltr'><strong>de</strong></span> <span class='ocrx_word' id='word_1_58' title='bbox 1438 879 1519 934; x_wconf 91' lang='lat' dir='ltr'><strong>eis</strong></span> <span class='ocrx_word' id='word_1_59' title='bbox 1552 878 1748 933; x_wconf 89' lang='lat' dir='ltr'><strong>dicitur</strong></span> <span class='ocrx_word' id='word_1_60' title='bbox 1779 895 1792 932; x_wconf 89' lang='lat'><strong>:</strong></span> 
     </span>
    </p>
   </div>
   <div class='ocr_carea' id='block_1_8' title="bbox 206 966 1796 1040">
    <p class='ocr_par' dir='ltr' id='par_1_8' title="bbox 206 966 1796 1040">
     <span class='ocr_line' id='line_1_8' title="bbox 206 966 1796 1040; baseline -0.011 -1"><span class='ocrx_word' id='word_1_61' title='bbox 206 981 402 1038; x_wconf 84' lang='lat' dir='ltr'><strong>Levate</strong></span> <span class='ocrx_word' id='word_1_62' title='bbox 432 978 612 1035; x_wconf 87' lang='lat' dir='ltr'><strong>oculos</strong></span> <span class='ocrx_word' id='word_1_63' title='bbox 653 985 847 1032; x_wconf 88' lang='lat' dir='ltr'><strong>vestros</strong></span> <span class='ocrx_word' id='word_1_64' title='bbox 868 1015 883 1040; x_wconf 95' lang='lat'><strong>,</strong></span> <span class='ocrx_word' id='word_1_65' title='bbox 926 983 974 1028; x_wconf 91' lang='lat' dir='ltr'><strong>et</strong></span> <span class='ocrx_word' id='word_1_66' title='bbox 1017 971 1180 1027; x_wconf 78' lang='lat' dir='ltr'><strong>videte</strong></span> <span class='ocrx_word' id='word_1_67' title='bbox 1219 970 1473 1040; x_wconf 73' lang='lat' dir='ltr'><strong>regiones,</strong></span> <span class='ocrx_word' id='word_1_68' title='bbox 1503 968 1627 1038; x_wconf 86' lang='lat' dir='ltr'><strong>quia</strong></span> <span class='ocrx_word' id='word_1_69' title='bbox 1663 966 1796 1021; x_wconf 76' lang='lat' dir='ltr'><strong>alba:</strong></span> 
     </span>
    </p>
   </div>
   <div class='ocr_carea' id='block_1_9' title="bbox 206 1059 1798 1144">
    <p class='ocr_par' dir='ltr' id='par_1_9' title="bbox 206 1059 1798 1144">
     <span class='ocr_line' id='line_1_9' title="bbox 206 1059 1798 1144; baseline -0.01 -14"><span class='ocrx_word' id='word_1_70' title='bbox 206 1084 332 1132; x_wconf 86' lang='lat' dir='ltr'><strong>sunt</strong></span> <span class='ocrx_word' id='word_1_71' title='bbox 368 1074 488 1144; x_wconf 87' lang='lat' dir='ltr'><strong>jam</strong></span> <span class='ocrx_word' id='word_1_72' title='bbox 515 1071 584 1125; x_wconf 88' lang='lat' dir='ltr'><strong>ad</strong></span> <span class='ocrx_word' id='word_1_73' title='bbox 613 1068 908 1124; x_wconf 82' lang='lat' dir='ltr'><strong>metendum</strong></span> <span class='ocrx_word' id='word_1_74' title='bbox 946 1064 1130 1138; x_wconf 80' lang='lat' dir='ltr'><strong>(Joan.</strong></span> <span class='ocrx_word' id='word_1_75' title='bbox 1176 1078 1251 1128; x_wconf 82' lang='lat' dir='ltr'><strong>tv,</strong></span> <span class='ocrx_word' id='word_1_76' title='bbox 1299 1061 1413 1133; x_wconf 78' lang='lat'><strong>35).</strong></span> <span class='ocrx_word' id='word_1_77' title='bbox 1458 1060 1577 1132; x_wconf 87' lang='lat' dir='ltr'><strong>Ipse</strong></span> <span class='ocrx_word' id='word_1_78' title='bbox 1617 1059 1798 1115; x_wconf 85' lang='lat' dir='ltr'><strong>attulit</strong></span> 
     </span>
    </p>
   </div>
   <div class='ocr_carea' id='block_1_10' title="bbox 205 1151 1790 1235">
    <p class='ocr_par' dir='ltr' id='par_1_10' title="bbox 205 1151 1790 1235">
     <span class='ocr_line' id='line_1_10' title="bbox 205 1151 1790 1235; baseline -0.012 -11"><span class='ocrx_word' id='word_1_79' title='bbox 205 1168 322 1225; x_wconf 59' lang='lat' dir='ltr'><strong>Lia‘.</strong></span> <span class='ocrx_word' id='word_1_80' title='bbox 345 1166 529 1232; x_wconf 89' lang='lat' dir='ltr'><strong>matri,</strong></span> <span class='ocrx_word' id='word_1_81' title='bbox 560 1165 687 1235; x_wconf 90' lang='lat' dir='ltr'><strong>quia</strong></span> <span class='ocrx_word' id='word_1_82' title='bbox 710 1162 994 1218; x_wconf 89' lang='lat' dir='ltr'><strong>Dominum</strong></span> <span class='ocrx_word' id='word_1_83' title='bbox 1016 1157 1166 1229; x_wconf 90' lang='lat' dir='ltr'><strong>prius</strong></span> <span class='ocrx_word' id='word_1_84' title='bbox 1186 1155 1620 1228; x_wconf 68' lang='lat' dir='ltr'><strong>praedicaverunt</strong></span> <span class='ocrx_word' id='word_1_85' title='bbox 1644 1151 1790 1224; x_wconf 84' lang='lat' dir='ltr'><strong>Syn-</strong></span> 
     </span>
    </p>
   </div>
   <div class='ocr_carea' id='block_1_11' title="bbox 210 1243 1798 1332">
    <p class='ocr_par' dir='ltr' id='par_1_11' title="bbox 210 1243 1798 1332">
     <span class='ocr_line' id='line_1_11' title="bbox 210 1243 1798 1332; baseline -0.013 -15"><span class='ocrx_word' id='word_1_86' title='bbox 210 1276 400 1332; x_wconf 69' lang='lat' dir='ltr'><strong>agogze</strong></span> <span class='ocrx_word' id='word_1_87' title='bbox 444 1258 628 1314; x_wconf 86' lang='lat' dir='ltr'><strong>matri.</strong></span> <span class='ocrx_word' id='word_1_88' title='bbox 681 1254 787 1312; x_wconf 91' lang='lat' dir='ltr'><strong>Sed</strong></span> <span class='ocrx_word' id='word_1_89' title='bbox 836 1267 932 1324; x_wconf 89' lang='lat' dir='ltr'><strong>per</strong></span> <span class='ocrx_word' id='word_1_90' title='bbox 963 1251 1120 1306; x_wconf 88' lang='lat' dir='ltr'><strong>Liam</strong></span> <span class='ocrx_word' id='word_1_91' title='bbox 1164 1247 1411 1321; x_wconf 84' lang='lat' dir='ltr'><strong>pervenit</strong></span> <span class='ocrx_word' id='word_1_92' title='bbox 1454 1245 1521 1301; x_wconf 90' lang='lat' dir='ltr'><strong>ad</strong></span> <span class='ocrx_word' id='word_1_93' title='bbox 1557 1243 1798 1310; x_wconf 72' lang='lat' dir='ltr'><strong>Rachel,</strong></span> 
     </span>
    </p>
   </div>
   <div class='ocr_carea' id='block_1_12' title="bbox 215 1335 1800 1425">
    <p class='ocr_par' dir='ltr' id='par_1_12' title="bbox 215 1335 1800 1425">
     <span class='ocr_line' id='line_1_12' title="bbox 215 1335 1800 1425; baseline -0.011 -17"><span class='ocrx_word' id='word_1_94' title='bbox 215 1354 345 1425; x_wconf 88' lang='lat' dir='ltr'><strong>quia</strong></span> <span class='ocrx_word' id='word_1_95' title='bbox 373 1368 468 1424; x_wconf 88' lang='lat' dir='ltr'><strong>per</strong></span> <span class='ocrx_word' id='word_1_96' title='bbox 493 1349 827 1422; x_wconf 90' lang='lat' dir='ltr'><strong>primitivam</strong></span> <span class='ocrx_word' id='word_1_97' title='bbox 873 1344 1172 1402; x_wconf 91' lang='lat' dir='ltr'><strong>Ecclesiam</strong></span> <span class='ocrx_word' id='word_1_98' title='bbox 1215 1340 1463 1412; x_wconf 82' lang='lat' dir='ltr'><strong>pervenit</strong></span> <span class='ocrx_word' id='word_1_99' title='bbox 1509 1338 1578 1393; x_wconf 89' lang='lat' dir='ltr'><strong>ad</strong></span> <span class='ocrx_word' id='word_1_100' title='bbox 1615 1335 1800 1393; x_wconf 86' lang='lat' dir='ltr'><strong>Eccle-</strong></span> 
     </span>
    </p>
   </div>
   <div class='ocr_carea' id='block_1_13' title="bbox 217 1439 1356 1517">
    <p class='ocr_par' dir='ltr' id='par_1_13' title="bbox 217 1439 1356 1517">
     <span class='ocr_line' id='line_1_13' title="bbox 217 1439 1356 1517; baseline -0.011 -15"><span class='ocrx_word' id='word_1_101' title='bbox 217 1439 360 1502; x_wconf 82' lang='lat' dir='ltr'><strong>siam</strong></span> <span class='ocrx_word' id='word_1_102' title='bbox 388 1445 631 1517; x_wconf 90' lang='lat' dir='ltr'><strong>gentium</strong></span> <span class='ocrx_word' id='word_1_103' title='bbox 658 1442 928 1498; x_wconf 86' lang='lat' dir='ltr'><strong>Christus.</strong></span> <span class='ocrx_word' id='word_1_104' title='bbox 1343 1501 1356 1509; x_wconf 26' lang='grc' dir='ltr'><strong><em>ί</em></strong></span> 
     </span>
    </p>
   </div>
   <div class='ocr_carea' id='block_1_14' title="bbox 283 1530 1799 1618">
    <p class='ocr_par' dir='ltr' id='par_1_14' title="bbox 283 1530 1799 1618">
     <span class='ocr_line' id='line_1_14' title="bbox 283 1530 1799 1618; baseline -0.008 -22"><span class='ocrx_word' id='word_1_105' title='bbox 283 1541 490 1596; x_wconf 88' lang='lat' dir='ltr'><strong>Deinde</strong></span> <span class='ocrx_word' id='word_1_106' title='bbox 527 1538 774 1610; x_wconf 87' lang='lat' dir='ltr'><strong>sequitur</strong></span> <span class='ocrx_word' id='word_1_107' title='bbox 798 1537 1036 1593; x_wconf 90' lang='lat' dir='ltr'><strong>Simeon.</strong></span> <span class='ocrx_word' id='word_1_108' title='bbox 1073 1534 1294 1590; x_wconf 86' lang='lat' dir='ltr'><strong>Simeon</strong></span> <span class='ocrx_word' id='word_1_109' title='bbox 1324 1546 1494 1618; x_wconf 61' lang='lat' dir='ltr'><strong>vero3</strong></span> <span class='ocrx_word' id='word_1_110' title='bbox 1513 1531 1606 1602; x_wconf 91' lang='lat' dir='ltr'><strong>qui</strong></span> <span class='ocrx_word' id='word_1_111' title='bbox 1634 1530 1799 1585; x_wconf 90' lang='lat' dir='ltr'><strong>inter-</strong></span> 
     </span>
    </p>
   </div>
   <div class='ocr_carea' id='block_1_15' title="bbox 208 1622 1802 1705">
    <p class='ocr_par' dir='ltr' id='par_1_15' title="bbox 208 1622 1802 1705">
     <span class='ocr_line' id='line_1_15' title="bbox 208 1622 1802 1705; baseline -0.007 -17"><span class='ocrx_word' id='word_1_112' title='bbox 208 1640 460 1705; x_wconf 88' lang='lat' dir='ltr'><strong>pretatur</strong></span> <span class='ocrx_word' id='word_1_113' title='bbox 487 1630 687 1686; x_wconf 84' lang='lat' dir='ltr'><strong>audivit</strong></span> <span class='ocrx_word' id='word_1_114' title='bbox 721 1629 990 1685; x_wconf 80' lang='lat' dir='ltr'><strong>tristitiam</strong></span> <span class='ocrx_word' id='word_1_115' title='bbox 1031 1627 1119 1683; x_wconf 91' lang='lat' dir='ltr'><strong>vel</strong></span> <span class='ocrx_word' id='word_1_116' title='bbox 1162 1643 1350 1682; x_wconf 82' lang='lat' dir='ltr'><strong>nomen</strong></span> <span class='ocrx_word' id='word_1_117' title='bbox 1389 1622 1710 1689; x_wconf 83' lang='lat' dir='ltr'><strong>habitaculi,</strong></span> <span class='ocrx_word' id='word_1_118' title='bbox 1741 1629 1802 1677; x_wconf 93' lang='lat' dir='ltr'><strong>ut</strong></span> 
     </span>
    </p>
   </div>
   <div class='ocr_carea' id='block_1_16' title="bbox 209 1717 1800 1799">
    <p class='ocr_par' dir='ltr' id='par_1_16' title="bbox 209 1717 1800 1799">
     <span class='ocr_line' id='line_1_16' title="bbox 209 1717 1800 1799; baseline -0.007 -16"><span class='ocrx_word' id='word_1_119' title='bbox 209 1727 539 1799; x_wconf 85' lang='lat' dir='ltr'><strong>quibusdam</strong></span> <span class='ocrx_word' id='word_1_120' title='bbox 569 1725 801 1788; x_wconf 90' lang='lat' dir='ltr'><strong>videtur,</strong></span> <span class='ocrx_word' id='word_1_121' title='bbox 836 1723 957 1779; x_wconf 90' lang='lat' dir='ltr'><strong>illos</strong></span> <span class='ocrx_word' id='word_1_122' title='bbox 1002 1720 1274 1794; x_wconf 88' lang='lat' dir='ltr'><strong>signiﬁcat</strong></span> <span class='ocrx_word' id='word_1_123' title='bbox 1299 1719 1392 1792; x_wconf 91' lang='lat' dir='ltr'><strong>qui</strong></span> <span class='ocrx_word' id='word_1_124' title='bbox 1435 1718 1524 1774; x_wconf 92' lang='lat' dir='ltr'><strong>hic</strong></span> <span class='ocrx_word' id='word_1_125' title='bbox 1560 1717 1800 1774; x_wconf 87' lang='lat' dir='ltr'><strong>studiose</strong></span> 
     </span>
    </p>
   </div>
   <div class='ocr_carea' id='block_1_17' title="bbox 208 1807 1796 1886">
    <p class='ocr_par' dir='ltr' id='par_1_17' title="bbox 208 1807 1796 1886">
     <span class='ocr_line' id='line_1_17' title="bbox 208 1807 1796 1886; baseline -0.006 -14"><span class='ocrx_word' id='word_1_126' title='bbox 208 1818 498 1883; x_wconf 91' lang='lat' dir='ltr'><strong>laborant,</strong></span> <span class='ocrx_word' id='word_1_127' title='bbox 527 1823 583 1870; x_wconf 87' lang='lat' dir='ltr'><strong>et</strong></span> <span class='ocrx_word' id='word_1_128' title='bbox 607 1817 892 1872; x_wconf 90' lang='lat' dir='ltr'><strong>tristantur</strong></span> <span class='ocrx_word' id='word_1_129' title='bbox 913 1829 1014 1886; x_wconf 90' lang='lat' dir='ltr'><strong>pro</strong></span> <span class='ocrx_word' id='word_1_130' title='bbox 1039 1813 1153 1869; x_wconf 91' lang='lat' dir='ltr'><strong>suis</strong></span> <span class='ocrx_word' id='word_1_131' title='bbox 1187 1812 1527 1880; x_wconf 89' lang='lat' dir='ltr'><strong>aliorumque</strong></span> <span class='ocrx_word' id='word_1_132' title='bbox 1565 1807 1796 1872; x_wconf 88' lang='lat' dir='ltr'><strong>delictis,</strong></span> 
     </span>
    </p>
   </div>
   <div class='ocr_carea' id='block_1_18' title="bbox 1894 691 2771 765">
    <p class='ocr_par' dir='ltr' id='par_1_18' title="bbox 1894 691 2771 765">
     <span class='ocr_line' id='line_1_18' title="bbox 1894 691 2771 765; baseline -0.005 -14"><span class='ocrx_word' id='word_1_133' title='bbox 1894 694 2132 751; x_wconf 88' lang='lat' dir='ltr'><strong>fortante</strong></span> <span class='ocrx_word' id='word_1_134' title='bbox 2159 694 2470 765; x_wconf 84' lang='lat' dir='ltr'><strong>experiatur</strong></span> <span class='ocrx_word' id='word_1_135' title='bbox 2497 691 2771 748; x_wconf 88' lang='lat' dir='ltr'><strong>invictum.</strong></span> 
     </span>
    </p>
   </div>
   <div class='ocr_carea' id='block_1_19' title="bbox 1964 775 3474 859">
    <p class='ocr_par' dir='ltr' id='par_1_19' title="bbox 1964 775 3474 859">
     <span class='ocr_line' id='line_1_19' title="bbox 1964 775 3474 859; baseline -0.009 -15"><span class='ocrx_word' id='word_1_136' title='bbox 1964 787 2340 859; x_wconf 89' lang='lat' dir='ltr'><strong>Nephthalim,</strong></span> <span class='ocrx_word' id='word_1_137' title='bbox 2387 785 2480 858; x_wconf 90' lang='lat' dir='ltr'><strong>qui</strong></span> <span class='ocrx_word' id='word_1_138' title='bbox 2524 783 2912 855; x_wconf 87' lang='lat' dir='ltr'><strong>interpretatur</strong></span> <span class='ocrx_word' id='word_1_139' title='bbox 2958 778 3218 844; x_wconf 90' lang='lat' dir='ltr'><strong>latitudo,</strong></span> <span class='ocrx_word' id='word_1_140' title='bbox 3248 775 3370 832; x_wconf 79' lang='lat' dir='ltr'><strong>illos</strong></span> <span class='ocrx_word' id='word_1_141' title='bbox 3400 775 3474 831; x_wconf 87' lang='lat' dir='ltr'><strong>si-</strong></span> 
     </span>
    </p>
   </div>
   <div class='ocr_carea' id='block_1_20' title="bbox 1897 866 3470 951">
    <p class='ocr_par' dir='ltr' id='par_1_20' title="bbox 1897 866 3470 951">
     <span class='ocr_line' id='line_1_20' title="bbox 1897 866 3470 951; baseline -0.01 -16"><span class='ocrx_word' id='word_1_142' title='bbox 1897 887 2025 951; x_wconf 90' lang='lat' dir='ltr'><strong>gnat</strong></span> <span class='ocrx_word' id='word_1_143' title='bbox 2043 879 2138 950; x_wconf 90' lang='lat' dir='ltr'><strong>qui</strong></span> <span class='ocrx_word' id='word_1_144' title='bbox 2165 877 2377 933; x_wconf 90' lang='lat' dir='ltr'><strong>dilatati</strong></span> <span class='ocrx_word' id='word_1_145' title='bbox 2423 883 2548 932; x_wconf 92' lang='lat' dir='ltr'><strong>sunt</strong></span> <span class='ocrx_word' id='word_1_146' title='bbox 2578 873 2744 951; x_wconf 88' lang='lat' dir='ltr'><strong>largis</strong></span> <span class='ocrx_word' id='word_1_147' title='bbox 2770 871 3026 942; x_wconf 88' lang='lat' dir='ltr'><strong>operibus</strong></span> <span class='ocrx_word' id='word_1_148' title='bbox 3052 866 3438 924; x_wconf 63' lang='lat' dir='ltr'><strong>misericordiae</strong></span> <span class='ocrx_word' id='word_1_149' title='bbox 3455 905 3470 930; x_wconf 93' lang='lat'><strong>,</strong></span> 
     </span>
    </p>
   </div>
   <div class='ocr_carea' id='block_1_21' title="bbox 1897 949 3474 1041">
    <p class='ocr_par' dir='ltr' id='par_1_21' title="bbox 1897 949 3474 1041">
     <span class='ocr_line' id='line_1_21' title="bbox 1897 949 3474 1041; baseline -0.008 -15"><span class='ocrx_word' id='word_1_150' title='bbox 1897 949 2311 1041; x_wconf 77' lang='lat' dir='ltr'><strong>atquedilatato</strong></span> <span class='ocrx_word' id='word_1_151' title='bbox 2339 967 2505 1023; x_wconf 87' lang='lat' dir='ltr'><strong>corde</strong></span> <span class='ocrx_word' id='word_1_152' title='bbox 2535 965 2604 1021; x_wconf 90' lang='lat' dir='ltr'><strong>ad</strong></span> <span class='ocrx_word' id='word_1_153' title='bbox 2633 949 2874 1020; x_wconf 85' lang='lat' dir='ltr'><strong>coelestia</strong></span> <span class='ocrx_word' id='word_1_154' title='bbox 2920 962 3178 1027; x_wconf 89' lang='lat' dir='ltr'><strong>tendunt,</strong></span> <span class='ocrx_word' id='word_1_155' title='bbox 3209 969 3266 1015; x_wconf 89' lang='lat' dir='ltr'><strong>et</strong></span> <span class='ocrx_word' id='word_1_156' title='bbox 3293 957 3474 1014; x_wconf 87' lang='lat' dir='ltr'><strong>carnis</strong></span> 
     </span>
    </p>
   </div>
   <div class='ocr_carea' id='block_1_22' title="bbox 1897 1049 3473 1124">
    <p class='ocr_par' dir='ltr' id='par_1_22' title="bbox 1897 1049 3473 1124">
     <span class='ocr_line' id='line_1_22' title="bbox 1897 1049 3473 1124; baseline -0.01 -5"><span class='ocrx_word' id='word_1_157' title='bbox 1897 1078 2082 1120; x_wconf 89' lang='lat' dir='ltr'><strong>curam</strong></span> <span class='ocrx_word' id='word_1_158' title='bbox 2113 1076 2221 1116; x_wconf 90' lang='lat' dir='ltr'><strong>non</strong></span> <span class='ocrx_word' id='word_1_159' title='bbox 2250 1061 2305 1116; x_wconf 94' lang='lat' dir='ltr'><strong>in</strong></span> <span class='ocrx_word' id='word_1_160' title='bbox 2333 1057 2615 1116; x_wconf 89' lang='lat' dir='ltr'><strong>desideriis</strong></span> <span class='ocrx_word' id='word_1_161' title='bbox 2633 1098 2649 1124; x_wconf 93' lang='lat'><strong>,</strong></span> <span class='ocrx_word' id='word_1_162' title='bbox 2681 1057 2778 1112; x_wconf 90' lang='lat' dir='ltr'><strong>sed</strong></span> <span class='ocrx_word' id='word_1_163' title='bbox 2802 1055 2915 1110; x_wconf 92' lang='lat' dir='ltr'><strong>sola</strong></span> <span class='ocrx_word' id='word_1_164' title='bbox 2943 1052 3264 1110; x_wconf 85' lang='lat' dir='ltr'><strong>necessitate</strong></span> <span class='ocrx_word' id='word_1_165' title='bbox 3291 1049 3473 1119; x_wconf 88' lang='lat' dir='ltr'><strong>requi-</strong></span> 
     </span>
    </p>
   </div>
   <div class='ocr_carea' id='block_1_23' title="bbox 1899 1143 3476 1226">
    <p class='ocr_par' dir='ltr' id='par_1_23' title="bbox 1899 1143 3476 1226">
     <span class='ocr_line' id='line_1_23' title="bbox 1899 1143 3476 1226; baseline -0.011 -12"><span class='ocrx_word' id='word_1_166' title='bbox 1899 1166 2055 1222; x_wconf 88' lang='lat' dir='ltr'><strong>runt,</strong></span> <span class='ocrx_word' id='word_1_167' title='bbox 2089 1157 2229 1213; x_wconf 86' lang='lat' dir='ltr'><strong>sicut</strong></span> <span class='ocrx_word' id='word_1_168' title='bbox 2253 1154 2541 1226; x_wconf 88' lang='lat' dir='ltr'><strong>Apostolus</strong></span> <span class='ocrx_word' id='word_1_169' title='bbox 2564 1152 2640 1207; x_wconf 88' lang='lat' dir='ltr'><strong>ait</strong></span> <span class='ocrx_word' id='word_1_170' title='bbox 2672 1166 2686 1205; x_wconf 91' lang='lat'><strong>:</strong></span> <span class='ocrx_word' id='word_1_171' title='bbox 2719 1150 2789 1205; x_wconf 89' lang='lat' dir='ltr'><strong>Et</strong></span> <span class='ocrx_word' id='word_1_172' title='bbox 2831 1149 3004 1204; x_wconf 90' lang='lat' dir='ltr'><strong>carnis</strong></span> <span class='ocrx_word' id='word_1_173' title='bbox 3040 1162 3223 1202; x_wconf 89' lang='lat' dir='ltr'><strong>curam</strong></span> <span class='ocrx_word' id='word_1_174' title='bbox 3254 1161 3316 1199; x_wconf 91' lang='lat' dir='ltr'><strong>ne</strong></span> <span class='ocrx_word' id='word_1_175' title='bbox 3342 1143 3476 1214; x_wconf 81' lang='lat' dir='ltr'><strong>[ece-</strong></span> 
     </span>
    </p>
   </div>
   <div class='ocr_carea' id='block_1_24' title="bbox 1898 1241 2909 1317">
    <p class='ocr_par' dir='ltr' id='par_1_24' title="bbox 1898 1241 2909 1317">
     <span class='ocr_line' id='line_1_24' title="bbox 1898 1241 2909 1317; baseline -0.008 -13"><span class='ocrx_word' id='word_1_176' title='bbox 1898 1250 2013 1304; x_wconf 88' lang='lat' dir='ltr'><strong>ritis</strong></span> <span class='ocrx_word' id='word_1_177' title='bbox 2041 1251 2095 1303; x_wconf 88' lang='lat' dir='ltr'><strong>in</strong></span> <span class='ocrx_word' id='word_1_178' title='bbox 2126 1246 2400 1302; x_wconf 79' lang='lat' dir='ltr'><strong>desideriis</strong></span> <span class='ocrx_word' id='word_1_179' title='bbox 2429 1243 2600 1317; x_wconf 84' lang='lat' dir='ltr'><strong>(Rom.</strong></span> <span class='ocrx_word' id='word_1_180' title='bbox 2630 1259 2730 1298; x_wconf 84' lang='lat' dir='ltr'><strong>xm</strong></span> <span class='ocrx_word' id='word_1_181' title='bbox 2752 1283 2767 1309; x_wconf 93' lang='lat'><strong>,</strong></span> <span class='ocrx_word' id='word_1_182' title='bbox 2799 1241 2909 1311; x_wconf 74' lang='grc'><strong>14).</strong></span> 
     </span>
    </p>
   </div>
   <div class='ocr_carea' id='block_1_25' title="bbox 1969 1328 3477 1409">
    <p class='ocr_par' dir='ltr' id='par_1_25' title="bbox 1969 1328 3477 1409">
     <span class='ocr_line' id='line_1_25' title="bbox 1969 1328 3477 1409; baseline -0.011 -11"><span class='ocrx_word' id='word_1_183' title='bbox 1969 1341 2104 1400; x_wconf 86' lang='lat' dir='ltr'><strong>Gad.</strong></span> <span class='ocrx_word' id='word_1_184' title='bbox 2137 1339 2252 1396; x_wconf 86' lang='lat' dir='ltr'><strong>Gad</strong></span> <span class='ocrx_word' id='word_1_185' title='bbox 2279 1339 2666 1409; x_wconf 88' lang='lat' dir='ltr'><strong>interpretatur</strong></span> <span class='ocrx_word' id='word_1_186' title='bbox 2693 1335 2906 1390; x_wconf 91' lang='lat' dir='ltr'><strong>tentatio</strong></span> <span class='ocrx_word' id='word_1_187' title='bbox 2946 1332 3031 1388; x_wconf 88' lang='lat' dir='ltr'><strong>vel</strong></span> <span class='ocrx_word' id='word_1_188' title='bbox 3078 1333 3360 1387; x_wconf 84' lang='lat' dir='ltr'><strong>accinctus.</strong></span> <span class='ocrx_word' id='word_1_189' title='bbox 3391 1328 3477 1383; x_wconf 88' lang='lat' dir='ltr'><strong>Si-</strong></span> 
     </span>
    </p>
   </div>
   <div class='ocr_carea' id='block_1_26' title="bbox 1901 1420 3475 1510">
    <p class='ocr_par' dir='ltr' id='par_1_26' title="bbox 1901 1420 3475 1510">
     <span class='ocr_line' id='line_1_26' title="bbox 1901 1420 3475 1510; baseline -0.011 -19"><span class='ocrx_word' id='word_1_190' title='bbox 1901 1435 2128 1510; x_wconf 84' lang='lat' dir='ltr'><strong>gnificat</strong></span> <span class='ocrx_word' id='word_1_191' title='bbox 2149 1449 2243 1488; x_wconf 91' lang='lat' dir='ltr'><strong>eos</strong></span> <span class='ocrx_word' id='word_1_192' title='bbox 2265 1432 2358 1503; x_wconf 91' lang='lat' dir='ltr'><strong>qui</strong></span> <span class='ocrx_word' id='word_1_193' title='bbox 2381 1432 2437 1487; x_wconf 92' lang='lat' dir='ltr'><strong>in</strong></span> <span class='ocrx_word' id='word_1_194' title='bbox 2457 1427 2732 1502; x_wconf 84' lang='lat' dir='ltr'><strong>exercitio</strong></span> <span class='ocrx_word' id='word_1_195' title='bbox 2753 1427 3112 1483; x_wconf 88' lang='lat' dir='ltr'><strong>tentationum</strong></span> <span class='ocrx_word' id='word_1_196' title='bbox 3131 1430 3257 1479; x_wconf 90' lang='lat' dir='ltr'><strong>sunt</strong></span> <span class='ocrx_word' id='word_1_197' title='bbox 3275 1420 3475 1484; x_wconf 85' lang='lat' dir='ltr'><strong>fortes;</strong></span> 
     </span>
    </p>
   </div>
   <div class='ocr_carea' id='block_1_27' title="bbox 1900 1511 3474 1601">
    <p class='ocr_par' dir='ltr' id='par_1_27' title="bbox 1900 1511 3474 1601">
     <span class='ocr_line' id='line_1_27' title="bbox 1900 1511 3474 1601; baseline -0.011 -17"><span class='ocrx_word' id='word_1_198' title='bbox 1900 1529 1995 1601; x_wconf 93' lang='lat' dir='ltr'><strong>qui</strong></span> <span class='ocrx_word' id='word_1_199' title='bbox 2021 1535 2306 1598; x_wconf 89' lang='lat' dir='ltr'><strong>postquam</strong></span> <span class='ocrx_word' id='word_1_200' title='bbox 2333 1523 2471 1580; x_wconf 90' lang='lat' dir='ltr'><strong>bona</strong></span> <span class='ocrx_word' id='word_1_201' title='bbox 2521 1522 2809 1587; x_wconf 91' lang='lat' dir='ltr'><strong>inchoant,</strong></span> <span class='ocrx_word' id='word_1_202' title='bbox 2839 1516 3136 1589; x_wconf 91' lang='lat' dir='ltr'><strong>majoribus</strong></span> <span class='ocrx_word' id='word_1_203' title='bbox 3162 1511 3474 1570; x_wconf 83' lang='lat' dir='ltr'><strong>tentationi-</strong></span> 
     </span>
    </p>
   </div>
   <div class='ocr_carea' id='block_1_28' title="bbox 1901 1605 3478 1687">
    <p class='ocr_par' dir='ltr' id='par_1_28' title="bbox 1901 1605 3478 1687">
     <span class='ocr_line' id='line_1_28' title="bbox 1901 1605 3478 1687; baseline -0.011 -12"><span class='ocrx_word' id='word_1_204' title='bbox 1901 1621 2003 1677; x_wconf 92' lang='lat' dir='ltr'><strong>hus</strong></span> <span class='ocrx_word' id='word_1_205' title='bbox 2023 1632 2243 1674; x_wconf 90' lang='lat' dir='ltr'><strong>necesse</strong></span> <span class='ocrx_word' id='word_1_206' title='bbox 2263 1623 2346 1672; x_wconf 87' lang='lat' dir='ltr'><strong>est</strong></span> <span class='ocrx_word' id='word_1_207' title='bbox 2369 1625 2428 1670; x_wconf 91' lang='lat' dir='ltr'><strong>ut</strong></span> <span class='ocrx_word' id='word_1_208' title='bbox 2447 1615 2764 1687; x_wconf 86' lang='lat' dir='ltr'><strong>probentur,</strong></span> <span class='ocrx_word' id='word_1_209' title='bbox 2791 1620 2952 1681; x_wconf 91' lang='lat' dir='ltr'><strong>atque</strong></span> <span class='ocrx_word' id='word_1_210' title='bbox 2974 1608 3043 1664; x_wconf 94' lang='lat' dir='ltr'><strong>ad</strong></span> <span class='ocrx_word' id='word_1_211' title='bbox 3064 1607 3204 1662; x_wconf 90' lang='lat' dir='ltr'><strong>bella</strong></span> <span class='ocrx_word' id='word_1_212' title='bbox 3227 1605 3478 1677; x_wconf 78' lang='lat' dir='ltr'><strong>graviora</strong></span> 
     </span>
    </p>
   </div>
   <div class='ocr_carea' id='block_1_29' title="bbox 1903 1699 3473 1783">
    <p class='ocr_par' dir='ltr' id='par_1_29' title="bbox 1903 1699 3473 1783">
     <span class='ocr_line' id='line_1_29' title="bbox 1903 1699 3473 1783; baseline -0.012 -14"><span class='ocrx_word' id='word_1_213' title='bbox 1903 1713 2270 1783; x_wconf 73' lang='lat' dir='ltr'><strong>accinguntur,</strong></span> <span class='ocrx_word' id='word_1_214' title='bbox 2318 1717 2378 1764; x_wconf 90' lang='lat' dir='ltr'><strong>ut</strong></span> <span class='ocrx_word' id='word_1_215' title='bbox 2408 1708 2512 1764; x_wconf 86' lang='lat' dir='ltr'><strong>ﬁde</strong></span> <span class='ocrx_word' id='word_1_216' title='bbox 2540 1707 2753 1762; x_wconf 88' lang='lat' dir='ltr'><strong>illorum</strong></span> <span class='ocrx_word' id='word_1_217' title='bbox 2779 1701 3040 1759; x_wconf 83' lang='lat' dir='ltr'><strong>fortitudo</strong></span> <span class='ocrx_word' id='word_1_218' title='bbox 3070 1699 3473 1769; x_wconf 89' lang='lat' dir='ltr'><strong>comprobetur,</strong></span> 
     </span>
    </p>
   </div>
   <div class='ocr_carea' id='block_1_30' title="bbox 1906 1793 3478 1866">
    <p class='ocr_par' dir='ltr' id='par_1_30' title="bbox 1906 1793 3478 1866">
     <span class='ocr_line' id='line_1_30' title="bbox 1906 1793 3478 1866; baseline -0.012 -4"><span class='ocrx_word' id='word_1_219' title='bbox 1906 1807 2119 1862; x_wconf 89' lang='lat' dir='ltr'><strong>dicente</strong></span> <span class='ocrx_word' id='word_1_220' title='bbox 2158 1804 2445 1860; x_wconf 89' lang='lat' dir='ltr'><strong>Salomone</strong></span> <span class='ocrx_word' id='word_1_221' title='bbox 2495 1819 2508 1854; x_wconf 90' lang='lat'><strong>:</strong></span> <span class='ocrx_word' id='word_1_222' title='bbox 2569 1799 2710 1866; x_wconf 83' lang='lat' dir='ltr'><strong>Fili,</strong></span> <span class='ocrx_word' id='word_1_223' title='bbox 2756 1797 3004 1853; x_wconf 84' lang='lat' dir='ltr'><strong>accedens</strong></span> <span class='ocrx_word' id='word_1_224' title='bbox 3060 1795 3128 1848; x_wconf 90' lang='lat' dir='ltr'><strong>ad</strong></span> <span class='ocrx_word' id='word_1_225' title='bbox 3181 1793 3478 1848; x_wconf 90' lang='lat' dir='ltr'><strong>servitutem</strong></span> 
     </span>
    </p>
   </div>
   <div class='ocr_carea' id='block_1_31' title="bbox 210 1879 3480 1978">
    <p class='ocr_par' dir='ltr' id='par_1_31' title="bbox 210 1879 3480 1978">
     <span class='ocr_line' id='line_1_31' title="bbox 210 1879 3480 1978; baseline -0.009 -15"><span class='ocrx_word' id='word_1_226' title='bbox 210 1879 544 1978; x_wconf 86' lang='lat' dir='ltr'><strong>audiuntque</strong></span> <span class='ocrx_word' id='word_1_227' title='bbox 563 1907 825 1978; x_wconf 89' lang='lat' dir='ltr'><strong>quidquid</strong></span> <span class='ocrx_word' id='word_1_228' title='bbox 844 1879 1250 1976; x_wconf 71' lang='lat' dir='ltr'><strong>eispmnitendo</strong></span> <span class='ocrx_word' id='word_1_229' title='bbox 1272 1879 1621 1974; x_wconf 61' lang='lat' dir='ltr'><strong>praedicatur.</strong></span> <span class='ocrx_word' id='word_1_230' title='bbox 1643 1898 1796 1956; x_wconf 90' lang='lat' dir='ltr'><strong>Unde</strong></span> <span class='ocrx_word' id='word_1_231' title='bbox 1825 1879 1871 1942; x_wconf 71' lang='grc' dir='ltr'><strong>Β</strong></span> <span class='ocrx_word' id='word_1_232' title='bbox 1899 1901 2031 1965; x_wconf 87' lang='lat' dir='ltr'><strong>Dei,</strong></span> <span class='ocrx_word' id='word_1_233' title='bbox 2067 1908 2148 1953; x_wconf 89' lang='lat' dir='ltr'><strong>sta</strong></span> <span class='ocrx_word' id='word_1_234' title='bbox 2194 1898 2249 1951; x_wconf 92' lang='lat' dir='ltr'><strong>in</strong></span> <span class='ocrx_word' id='word_1_235' title='bbox 2268 1896 2480 1967; x_wconf 87' lang='lat' dir='ltr'><strong>justitia</strong></span> <span class='ocrx_word' id='word_1_236' title='bbox 2526 1904 2576 1948; x_wconf 91' lang='lat' dir='ltr'><strong>et</strong></span> <span class='ocrx_word' id='word_1_237' title='bbox 2621 1894 2837 1956; x_wconf 84' lang='lat' dir='ltr'><strong>timore,</strong></span> <span class='ocrx_word' id='word_1_238' title='bbox 2881 1898 2930 1943; x_wconf 91' lang='lat' dir='ltr'><strong>et</strong></span> <span class='ocrx_word' id='word_1_239' title='bbox 2969 1902 3210 1978; x_wconf 68' lang='lat' dir='ltr'><strong>praepara</strong></span> <span class='ocrx_word' id='word_1_240' title='bbox 3247 1884 3480 1978; x_wconf 63' lang='lat' dir='ltr'><strong>animum</strong></span> 
     </span>
    </p>
   </div>
   <div class='ocr_carea' id='block_1_32' title="bbox 208 1991 1793 2056">
    <p class='ocr_par' dir='ltr' id='par_1_32' title="bbox 208 1991 1793 2056">
     <span class='ocr_line' id='line_1_32' title="bbox 208 1991 1793 2056; baseline -0.008 0"><span class='ocrx_word' id='word_1_241' title='bbox 208 2000 352 2056; x_wconf 86' lang='lat' dir='ltr'><strong>bene</strong></span> <span class='ocrx_word' id='word_1_242' title='bbox 380 1999 580 2054; x_wconf 89' lang='lat' dir='ltr'><strong>audivit</strong></span> <span class='ocrx_word' id='word_1_243' title='bbox 602 1999 874 2053; x_wconf 85' lang='lat' dir='ltr'><strong>tristitiam</strong></span> <span class='ocrx_word' id='word_1_244' title='bbox 910 1996 998 2052; x_wconf 88' lang='lat' dir='ltr'><strong>vel</strong></span> <span class='ocrx_word' id='word_1_245' title='bbox 1038 2011 1226 2050; x_wconf 87' lang='lat' dir='ltr'><strong>nomen</strong></span> <span class='ocrx_word' id='word_1_246' title='bbox 1256 1992 1544 2048; x_wconf 82' lang='lat' dir='ltr'><strong>habitaculi</strong></span> <span class='ocrx_word' id='word_1_247' title='bbox 1576 1991 1793 2054; x_wconf 91' lang='lat' dir='ltr'><strong>dicitur,</strong></span> 
     </span>
    </p>
   </div>
   <div class='ocr_carea' id='block_1_33' title="bbox 209 2084 1796 2161">
    <p class='ocr_par' dir='ltr' id='par_1_33' title="bbox 209 2084 1796 2161">
     <span class='ocr_line' id='line_1_33' title="bbox 209 2084 1796 2161; baseline -0.006 -13"><span class='ocrx_word' id='word_1_248' title='bbox 209 2101 272 2148; x_wconf 90' lang='lat' dir='ltr'><strong>ut</strong></span> <span class='ocrx_word' id='word_1_249' title='bbox 296 2092 466 2147; x_wconf 89' lang='lat' dir='ltr'><strong>etiam</strong></span> <span class='ocrx_word' id='word_1_250' title='bbox 503 2089 664 2160; x_wconf 90' lang='lat' dir='ltr'><strong>hujus</strong></span> <span class='ocrx_word' id='word_1_251' title='bbox 703 2091 966 2161; x_wconf 86' lang='lat' dir='ltr'><strong>qualitate</strong></span> <span class='ocrx_word' id='word_1_252' title='bbox 1007 2087 1256 2145; x_wconf 78' lang='lat' dir='ltr'><strong>vocabuli</strong></span> <span class='ocrx_word' id='word_1_253' title='bbox 1286 2087 1592 2142; x_wconf 88' lang='lat' dir='ltr'><strong>evidentius</strong></span> <span class='ocrx_word' id='word_1_254' title='bbox 1621 2084 1796 2140; x_wconf 87' lang='lat' dir='ltr'><strong>incul-</strong></span> 
     </span>
    </p>
   </div>
   <div class='ocr_carea' id='block_1_34' title="bbox 209 2176 1798 2253">
    <p class='ocr_par' dir='ltr' id='par_1_34' title="bbox 209 2176 1798 2253">
     <span class='ocr_line' id='line_1_34' title="bbox 209 2176 1798 2253; baseline -0.005 -14"><span class='ocrx_word' id='word_1_255' title='bbox 209 2192 361 2239; x_wconf 87' lang='lat' dir='ltr'><strong>caret</strong></span> <span class='ocrx_word' id='word_1_256' title='bbox 397 2191 452 2238; x_wconf 91' lang='lat' dir='ltr'><strong>et</strong></span> <span class='ocrx_word' id='word_1_257' title='bbox 487 2182 619 2253; x_wconf 90' lang='lat' dir='ltr'><strong>quid</strong></span> <span class='ocrx_word' id='word_1_258' title='bbox 661 2183 752 2238; x_wconf 87' lang='lat' dir='ltr'><strong>hic</strong></span> <span class='ocrx_word' id='word_1_259' title='bbox 795 2180 1105 2237; x_wconf 90' lang='lat' dir='ltr'><strong>habendum</strong></span> <span class='ocrx_word' id='word_1_260' title='bbox 1151 2189 1213 2235; x_wconf 91' lang='lat' dir='ltr'><strong>ct</strong></span> <span class='ocrx_word' id='word_1_261' title='bbox 1237 2179 1366 2249; x_wconf 92' lang='lat' dir='ltr'><strong>quid</strong></span> <span class='ocrx_word' id='word_1_262' title='bbox 1395 2178 1467 2233; x_wconf 90' lang='lat' dir='ltr'><strong>sit</strong></span> <span class='ocrx_word' id='word_1_263' title='bbox 1506 2176 1798 2232; x_wconf 89' lang='lat' dir='ltr'><strong>salubriter</strong></span> 
     </span>
    </p>
   </div>
   <div class='ocr_carea' id='block_1_35' title="bbox 211 2269 1796 2344">
    <p class='ocr_par' dir='ltr' id='par_1_35' title="bbox 211 2269 1796 2344">
     <span class='ocr_line' id='line_1_35' title="bbox 211 2269 1796 2344; baseline -0.004 -16"><span class='ocrx_word' id='word_1_264' title='bbox 211 2273 652 2344; x_wconf 87' lang='lat' dir='ltr'><strong>exspectandum.</strong></span> <span class='ocrx_word' id='word_1_265' title='bbox 677 2272 784 2328; x_wconf 90' lang='lat' dir='ltr'><strong>Illis</strong></span> <span class='ocrx_word' id='word_1_266' title='bbox 806 2272 949 2329; x_wconf 85' lang='lat' dir='ltr'><strong>enim</strong></span> <span class='ocrx_word' id='word_1_267' title='bbox 969 2271 1205 2327; x_wconf 72' lang='lat' dir='ltr'><strong>caelestis</strong></span> <span class='ocrx_word' id='word_1_268' title='bbox 1227 2269 1518 2325; x_wconf 89' lang='lat' dir='ltr'><strong>habitaculi</strong></span> <span class='ocrx_word' id='word_1_269' title='bbox 1543 2269 1796 2339; x_wconf 88' lang='lat' dir='ltr'><strong>gaudium</strong></span> 
     </span>
    </p>
   </div>
   <div class='ocr_carea' id='block_1_36' title="bbox 213 2360 1796 2434">
    <p class='ocr_par' dir='ltr' id='par_1_36' title="bbox 213 2360 1796 2434">
     <span class='ocr_line' id='line_1_36' title="bbox 213 2360 1796 2434; baseline -0.004 -14"><span class='ocrx_word' id='word_1_270' title='bbox 213 2366 451 2431; x_wconf 82' lang='lat' dir='ltr'><strong>dabitur,</strong></span> <span class='ocrx_word' id='word_1_271' title='bbox 502 2379 734 2434; x_wconf 88' lang='lat' dir='ltr'><strong>quorum</strong></span> <span class='ocrx_word' id='word_1_272' title='bbox 775 2363 866 2419; x_wconf 91' lang='lat' dir='ltr'><strong>hic</strong></span> <span class='ocrx_word' id='word_1_273' title='bbox 908 2364 1122 2419; x_wconf 90' lang='lat' dir='ltr'><strong>animus</strong></span> <span class='ocrx_word' id='word_1_274' title='bbox 1168 2363 1442 2417; x_wconf 83' lang='lat' dir='ltr'><strong>fructuosa</strong></span> <span class='ocrx_word' id='word_1_275' title='bbox 1479 2360 1796 2430; x_wconf 64' lang='lat' dir='ltr'><strong>paenitentia</strong></span> 
     </span>
    </p>
   </div>
   <div class='ocr_carea' id='block_1_37' title="bbox 213 2453 1797 2528">
    <p class='ocr_par' dir='ltr' id='par_1_37' title="bbox 213 2453 1797 2528">
     <span class='ocr_line' id='line_1_37' title="bbox 213 2453 1797 2528; baseline -0.007 -12"><span class='ocrx_word' id='word_1_276' title='bbox 213 2458 587 2522; x_wconf 86' lang='lat' dir='ltr'><strong>contristatur,</strong></span> <span class='ocrx_word' id='word_1_277' title='bbox 634 2457 832 2528; x_wconf 92' lang='lat' dir='ltr'><strong>quibus</strong></span> <span class='ocrx_word' id='word_1_278' title='bbox 859 2466 916 2512; x_wconf 92' lang='lat' dir='ltr'><strong>et</strong></span> <span class='ocrx_word' id='word_1_279' title='bbox 944 2456 1146 2512; x_wconf 91' lang='lat' dir='ltr'><strong>dicitur</strong></span> <span class='ocrx_word' id='word_1_280' title='bbox 1171 2474 1184 2510; x_wconf 91' lang='lat'>:</span> <span class='ocrx_word' id='word_1_281' title='bbox 1223 2453 1464 2509; x_wconf 84' lang='lat' dir='ltr'><strong>Tristitia</strong></span> <span class='ocrx_word' id='word_1_282' title='bbox 1489 2463 1658 2508; x_wconf 88' lang='lat' dir='ltr'><strong>vestra</strong></span> <span class='ocrx_word' id='word_1_283' title='bbox 1685 2469 1797 2508; x_wconf 90' lang='lat' dir='ltr'><strong>ver-</strong></span> 
     </span>
    </p>
   </div>
   <div class='ocr_carea' id='block_1_38' title="bbox 217 2549 1212 2622">
    <p class='ocr_par' dir='ltr' id='par_1_38' title="bbox 217 2549 1212 2622">
     <span class='ocr_line' id='line_1_38' title="bbox 217 2549 1212 2622; baseline -0.001 -17"><span class='ocrx_word' id='word_1_284' title='bbox 217 2559 353 2605; x_wconf 89' lang='lat' dir='ltr'><strong>tetur</strong></span> <span class='ocrx_word' id='word_1_285' title='bbox 385 2550 439 2604; x_wconf 87' lang='lat' dir='ltr'><strong>in</strong></span> <span class='ocrx_word' id='word_1_286' title='bbox 463 2551 716 2621; x_wconf 83' lang='lat' dir='ltr'><strong>gaudium</strong></span> <span class='ocrx_word' id='word_1_287' title='bbox 741 2549 920 2620; x_wconf 86' lang='lat' dir='ltr'><strong>(Joan.</strong></span> <span class='ocrx_word' id='word_1_288' title='bbox 948 2565 1036 2605; x_wconf 83' lang='lat' dir='ltr'><strong>xvr</strong></span> <span class='ocrx_word' id='word_1_289' title='bbox 1055 2592 1070 2616; x_wconf 94' lang='lat'><strong>,</strong></span> <span class='ocrx_word' id='word_1_290' title='bbox 1099 2549 1212 2622; x_wconf 69' lang='grc'><strong>20).</strong></span> 
     </span>
    </p>
   </div>
   <div class='ocr_carea' id='block_1_39' title="bbox 285 2639 1794 2712">
    <p class='ocr_par' dir='ltr' id='par_1_39' title="bbox 285 2639 1794 2712">
     <span class='ocr_line' id='line_1_39' title="bbox 285 2639 1794 2712; baseline -0.001 -16"><span class='ocrx_word' id='word_1_291' title='bbox 285 2641 413 2696; x_wconf 87' lang='lat' dir='ltr'><strong>Levi</strong></span> <span class='ocrx_word' id='word_1_292' title='bbox 439 2641 664 2712; x_wconf 90' lang='lat' dir='ltr'><strong>proinde</strong></span> <span class='ocrx_word' id='word_1_293' title='bbox 709 2640 947 2696; x_wconf 90' lang='lat' dir='ltr'><strong>Simeoni</strong></span> <span class='ocrx_word' id='word_1_294' title='bbox 973 2641 1247 2706; x_wconf 88' lang='lat' dir='ltr'><strong>succedit,</strong></span> <span class='ocrx_word' id='word_1_295' title='bbox 1286 2640 1339 2696; x_wconf 92' lang='lat' dir='ltr'><strong>id</strong></span> <span class='ocrx_word' id='word_1_296' title='bbox 1367 2649 1453 2696; x_wconf 92' lang='lat' dir='ltr'><strong>est</strong></span> <span class='ocrx_word' id='word_1_297' title='bbox 1479 2640 1714 2694; x_wconf 89' lang='lat' dir='ltr'><strong>additus.</strong></span> <span class='ocrx_word' id='word_1_298' title='bbox 1737 2639 1794 2694; x_wconf 90' lang='lat' dir='ltr'><strong>In</strong></span> 
     </span>
    </p>
   </div>
   <div class='ocr_carea' id='block_1_40' title="bbox 212 2731 1795 2803">
    <p class='ocr_par' dir='ltr' id='par_1_40' title="bbox 212 2731 1795 2803">
     <span class='ocr_line' id='line_1_40' title="bbox 212 2731 1795 2803; baseline 0.001 -17"><span class='ocrx_word' id='word_1_299' title='bbox 212 2747 320 2803; x_wconf 89' lang='lat' dir='ltr'><strong>quo</strong></span> <span class='ocrx_word' id='word_1_300' title='bbox 347 2731 696 2803; x_wconf 79' lang='lat' dir='ltr'><strong>intelligimus</strong></span> <span class='ocrx_word' id='word_1_301' title='bbox 743 2732 858 2788; x_wconf 88' lang='lat' dir='ltr'><strong>sive</strong></span> <span class='ocrx_word' id='word_1_302' title='bbox 902 2747 997 2788; x_wconf 93' lang='lat' dir='ltr'><strong>eos</strong></span> <span class='ocrx_word' id='word_1_303' title='bbox 1035 2732 1126 2802; x_wconf 90' lang='lat' dir='ltr'><strong>qui</strong></span> <span class='ocrx_word' id='word_1_304' title='bbox 1175 2731 1562 2802; x_wconf 88' lang='lat' dir='ltr'><strong>temporalibus</strong></span> <span class='ocrx_word' id='word_1_305' title='bbox 1591 2740 1795 2787; x_wconf 81' lang='lat' dir='ltr'><strong>aeterna</strong></span> 
     </span>
    </p>
   </div>
   <div class='ocr_carea' id='block_1_41' title="bbox 213 2820 1796 2892">
    <p class='ocr_par' dir='ltr' id='par_1_41' title="bbox 213 2820 1796 2892">
     <span class='ocr_line' id='line_1_41' title="bbox 213 2820 1796 2892; baseline 0 -16"><span class='ocrx_word' id='word_1_306' title='bbox 213 2831 543 2887; x_wconf 86' lang='lat' dir='ltr'><strong>mercantur,</strong></span> <span class='ocrx_word' id='word_1_307' title='bbox 577 2822 717 2877; x_wconf 88' lang='lat' dir='ltr'><strong>sicut</strong></span> <span class='ocrx_word' id='word_1_308' title='bbox 741 2821 998 2877; x_wconf 91' lang='lat' dir='ltr'><strong>Salomon</strong></span> <span class='ocrx_word' id='word_1_309' title='bbox 1029 2821 1160 2876; x_wconf 90' lang='lat' dir='ltr'><strong>dicit</strong></span> <span class='ocrx_word' id='word_1_310' title='bbox 1198 2839 1210 2876; x_wconf 90' lang='lat'><strong>:</strong></span> <span class='ocrx_word' id='word_1_311' title='bbox 1259 2820 1562 2892; x_wconf 87' lang='lat' dir='ltr'><strong>Redemptio</strong></span> <span class='ocrx_word' id='word_1_312' title='bbox 1605 2822 1796 2876; x_wconf 71' lang='lat' dir='ltr'><strong>animat</strong></span> 
     </span>
    </p>
   </div>
   <div class='ocr_carea' id='block_1_42' title="bbox 213 2912 1794 2986">
    <p class='ocr_par' dir='ltr' id='par_1_42' title="bbox 213 2912 1794 2986">
     <span class='ocr_line' id='line_1_42' title="bbox 213 2912 1794 2986; baseline -0.001 -17"><span class='ocrx_word' id='word_1_313' title='bbox 213 2916 309 2969; x_wconf 79' lang='lat' dir='ltr'><strong>viri</strong></span> <span class='ocrx_word' id='word_1_314' title='bbox 329 2915 556 2984; x_wconf 77' lang='lat' dir='ltr'><strong>propria:</strong></span> <span class='ocrx_word' id='word_1_315' title='bbox 577 2914 772 2968; x_wconf 77' lang='lat' dir='ltr'><strong>divitia:</strong></span> <span class='ocrx_word' id='word_1_316' title='bbox 799 2914 912 2984; x_wconf 86' lang='lat' dir='ltr'><strong>ejus</strong></span> <span class='ocrx_word' id='word_1_317' title='bbox 938 2913 1118 2984; x_wconf 90' lang='lat' dir='ltr'><strong>(Prov.</strong></span> <span class='ocrx_word' id='word_1_318' title='bbox 1153 2930 1281 2980; x_wconf 87' lang='lat' dir='ltr'><strong>xm,</strong></span> <span class='ocrx_word' id='word_1_319' title='bbox 1312 2912 1368 2986; x_wconf 91' lang='lat'>8)</span> <span class='ocrx_word' id='word_1_320' title='bbox 1392 2929 1406 2978; x_wconf 90' lang='lat'><strong>;</strong></span> <span class='ocrx_word' id='word_1_321' title='bbox 1432 2929 1527 2969; x_wconf 90' lang='lat' dir='ltr'><strong>seu</strong></span> <span class='ocrx_word' id='word_1_322' title='bbox 1559 2912 1678 2968; x_wconf 91' lang='lat' dir='ltr'><strong>illos</strong></span> <span class='ocrx_word' id='word_1_323' title='bbox 1701 2912 1794 2983; x_wconf 91' lang='lat' dir='ltr'><strong>qui</strong></span> 
     </span>
    </p>
   </div>
   <div class='ocr_carea' id='block_1_43' title="bbox 213 3002 1794 3074">
    <p class='ocr_par' dir='ltr' id='par_1_43' title="bbox 213 3002 1794 3074">
     <span class='ocr_line' id='line_1_43' title="bbox 213 3002 1794 3074; baseline -0.003 -14"><span class='ocrx_word' id='word_1_324' title='bbox 213 3003 307 3060; x_wconf 87' lang='lat' dir='ltr'><strong>Dei</strong></span> <span class='ocrx_word' id='word_1_325' title='bbox 349 3003 626 3074; x_wconf 87' lang='lat' dir='ltr'><strong>sequendo</strong></span> <span class='ocrx_word' id='word_1_326' title='bbox 671 3003 956 3059; x_wconf 90' lang='lat' dir='ltr'><strong>consilium</strong></span> <span class='ocrx_word' id='word_1_327' title='bbox 999 3004 1306 3074; x_wconf 92' lang='lat' dir='ltr'><strong>percipiunt</strong></span> <span class='ocrx_word' id='word_1_328' title='bbox 1345 3003 1400 3058; x_wconf 90' lang='lat' dir='ltr'><strong>in</strong></span> <span class='ocrx_word' id='word_1_329' title='bbox 1448 3003 1553 3059; x_wconf 92' lang='lat' dir='ltr'><strong>hoc</strong></span> <span class='ocrx_word' id='word_1_330' title='bbox 1596 3002 1794 3058; x_wconf 65' lang='lat' dir='ltr'><strong>saeculo</strong></span> 
     </span>
    </p>
   </div>
   <div class='ocr_carea' id='block_1_44' title="bbox 212 3092 1793 3166">
    <p class='ocr_par' dir='ltr' id='par_1_44' title="bbox 212 3092 1793 3166">
     <span class='ocr_line' id='line_1_44' title="bbox 212 3092 1793 3166; baseline -0.003 -16"><span class='ocrx_word' id='word_1_331' title='bbox 212 3094 705 3166; x_wconf 89' lang='lat' dir='ltr'><strong>centuplicia.cum</strong></span> <span class='ocrx_word' id='word_1_332' title='bbox 755 3093 1220 3160; x_wconf 89' lang='lat' dir='ltr'><strong>tribulationibus,</strong></span> <span class='ocrx_word' id='word_1_333' title='bbox 1269 3094 1324 3148; x_wconf 89' lang='lat' dir='ltr'><strong>in</strong></span> <span class='ocrx_word' id='word_1_334' title='bbox 1379 3092 1559 3148; x_wconf 89' lang='lat' dir='ltr'><strong>futuro</strong></span> <span class='ocrx_word' id='word_1_335' title='bbox 1611 3101 1793 3146; x_wconf 88' lang='lat' dir='ltr'><strong>autem</strong></span> 
     </span>
    </p>
   </div>
   <div class='ocr_carea' id='block_1_45' title="bbox 213 3184 1792 3255">
    <p class='ocr_par' dir='ltr' id='par_1_45' title="bbox 213 3184 1792 3255">
     <span class='ocr_line' id='line_1_45' title="bbox 213 3184 1792 3255; baseline -0.004 -12"><span class='ocrx_word' id='word_1_336' title='bbox 213 3187 410 3243; x_wconf 66' lang='lat' dir='ltr'><strong>saecqu</strong></span> <span class='ocrx_word' id='word_1_337' title='bbox 452 3187 619 3241; x_wconf 89' lang='lat' dir='ltr'><strong>vitam</strong></span> <span class='ocrx_word' id='word_1_338' title='bbox 653 3195 932 3242; x_wconf 73' lang='lat' dir='ltr'><strong>aeternam.</strong></span> <span class='ocrx_word' id='word_1_339' title='bbox 970 3184 1066 3240; x_wconf 86' lang='lat' dir='ltr'><strong>His</strong></span> <span class='ocrx_word' id='word_1_340' title='bbox 1123 3185 1287 3240; x_wconf 92' lang='lat' dir='ltr'><strong>etiam</strong></span> <span class='ocrx_word' id='word_1_341' title='bbox 1336 3185 1482 3255; x_wconf 89' lang='lat' dir='ltr'><strong>quod</strong></span> <span class='ocrx_word' id='word_1_342' title='bbox 1529 3185 1792 3254; x_wconf 84' lang='lat' dir='ltr'><strong>scriptum</strong></span> 
     </span>
    </p>
   </div>
   <div class='ocr_carea' id='block_1_46' title="bbox 213 3276 1794 3345">
    <p class='ocr_par' dir='ltr' id='par_1_46' title="bbox 213 3276 1794 3345">
     <span class='ocr_line' id='line_1_46' title="bbox 213 3276 1794 3345; baseline -0.003 -10"><span class='ocrx_word' id='word_1_343' title='bbox 213 3289 298 3336; x_wconf 83' lang='lat' dir='ltr'><strong>est</strong></span> <span class='ocrx_word' id='word_1_344' title='bbox 330 3280 583 3335; x_wconf 85' lang='lat' dir='ltr'><strong>convenit</strong></span> <span class='ocrx_word' id='word_1_345' title='bbox 627 3277 775 3345; x_wconf 85' lang='lat' dir='ltr'><strong>:Qui</strong></span> <span class='ocrx_word' id='word_1_346' title='bbox 822 3279 971 3333; x_wconf 93' lang='lat' dir='ltr'><strong>addit</strong></span> <span class='ocrx_word' id='word_1_347' title='bbox 1014 3279 1285 3332; x_wconf 87' lang='lat' dir='ltr'><strong>scientiam</strong></span> <span class='ocrx_word' id='word_1_348' title='bbox 1310 3318 1325 3343; x_wconf 94' lang='lat'><strong>,</strong></span> <span class='ocrx_word' id='word_1_349' title='bbox 1369 3277 1517 3331; x_wconf 90' lang='lat' dir='ltr'><strong>addit</strong></span> <span class='ocrx_word' id='word_1_350' title='bbox 1564 3276 1794 3332; x_wconf 84' lang='lat' dir='ltr'><strong>laborem</strong></span> 
     </span>
    </p>
   </div>
   <div class='ocr_carea' id='block_1_47' title="bbox 213 3367 1796 3444">
    <p class='ocr_par' dir='ltr' id='par_1_47' title="bbox 213 3367 1796 3444">
     <span class='ocr_line' id='line_1_47' title="bbox 213 3367 1796 3444; baseline -0.001 -20"><span class='ocrx_word' id='word_1_351' title='bbox 213 3368 396 3444; x_wconf 88' lang='lat' dir='ltr'><strong>(Eccl.</strong></span> <span class='ocrx_word' id='word_1_352' title='bbox 419 3386 472 3436; x_wconf 90' lang='grc' dir='ltr'>ι,</span> <span class='ocrx_word' id='word_1_353' title='bbox 503 3369 612 3441; x_wconf 85' lang='grc'><strong>18).</strong></span> <span class='ocrx_word' id='word_1_354' title='bbox 645 3368 781 3425; x_wconf 88' lang='lat' dir='ltr'><strong>Nam</strong></span> <span class='ocrx_word' id='word_1_355' title='bbox 824 3378 881 3426; x_wconf 89' lang='lat' dir='ltr'><strong>et</strong></span> <span class='ocrx_word' id='word_1_356' title='bbox 909 3377 1098 3425; x_wconf 87' lang='lat' dir='ltr'><strong>sancto</strong></span> <span class='ocrx_word' id='word_1_357' title='bbox 1125 3367 1292 3424; x_wconf 87' lang='lat' dir='ltr'><strong>Jacoh</strong></span> <span class='ocrx_word' id='word_1_358' title='bbox 1335 3369 1402 3422; x_wconf 93' lang='lat' dir='ltr'><strong>ad</strong></span> <span class='ocrx_word' id='word_1_359' title='bbox 1434 3369 1536 3423; x_wconf 90' lang='lat' dir='ltr'><strong>hoc</strong></span> <span class='ocrx_word' id='word_1_360' title='bbox 1566 3367 1796 3424; x_wconf 89' lang='lat' dir='ltr'><strong>tribula-</strong></span> 
     </span>
    </p>
   </div>
   <div class='ocr_carea' id='block_1_48' title="bbox 212 3463 1794 3535">
    <p class='ocr_par' dir='ltr' id='par_1_48' title="bbox 212 3463 1794 3535">
     <span class='ocr_line' id='line_1_48' title="bbox 212 3463 1794 3535; baseline 0 -15"><span class='ocrx_word' id='word_1_361' title='bbox 212 3466 427 3520; x_wconf 90' lang='lat' dir='ltr'><strong>tionum</strong></span> <span class='ocrx_word' id='word_1_362' title='bbox 471 3463 737 3522; x_wconf 85' lang='lat' dir='ltr'><strong>acerbitas</strong></span> <span class='ocrx_word' id='word_1_363' title='bbox 765 3465 1063 3520; x_wconf 89' lang='lat' dir='ltr'><strong>addebatur</strong></span> <span class='ocrx_word' id='word_1_364' title='bbox 1091 3473 1150 3519; x_wconf 91' lang='lat' dir='ltr'><strong>ut</strong></span> <span class='ocrx_word' id='word_1_365' title='bbox 1179 3465 1408 3535; x_wconf 90' lang='lat' dir='ltr'><strong>probato</strong></span> <span class='ocrx_word' id='word_1_366' title='bbox 1446 3464 1794 3534; x_wconf 72' lang='lat' dir='ltr'><strong>prmmiorum</strong></span> 
     </span>
    </p>
   </div>
   <div class='ocr_carea' id='block_1_49' title="bbox 215 3539 1774 3628">
    <p class='ocr_par' dir='ltr' id='par_1_49' title="bbox 215 3539 1774 3628">
     <span class='ocr_line' id='line_1_49' title="bbox 215 3539 1774 3628; baseline -0.004 -17"><span class='ocrx_word' id='word_1_367' title='bbox 215 3569 430 3612; x_wconf 87' lang='lat' dir='ltr'><strong>merces</strong></span> <span class='ocrx_word' id='word_1_368' title='bbox 456 3553 685 3626; x_wconf 88' lang='lat' dir='ltr'><strong>amplior</strong></span> <span class='ocrx_word' id='word_1_369' title='bbox 713 3554 1050 3611; x_wconf 88' lang='lat' dir='ltr'><strong>redderetur.</strong></span> <span class='ocrx_word' id='word_1_370' title='bbox 1753 3539 1774 3628; x_wconf 41' lang='grc' dir='ltr'>ξ</span> 
     </span>
    </p>
   </div>
   <div class='ocr_carea' id='block_1_50' title="bbox 284 3647 1797 3719">
    <p class='ocr_par' dir='ltr' id='par_1_50' title="bbox 284 3647 1797 3719">
     <span class='ocr_line' id='line_1_50' title="bbox 284 3647 1797 3719; baseline 0.001 -16"><span class='ocrx_word' id='word_1_371' title='bbox 284 3648 469 3704; x_wconf 76' lang='lat' dir='ltr'><strong>Iudas.</strong></span> <span class='ocrx_word' id='word_1_372' title='bbox 498 3647 668 3705; x_wconf 74' lang='lat' dir='ltr'><strong>Iudas</strong></span> <span class='ocrx_word' id='word_1_373' title='bbox 692 3649 836 3704; x_wconf 92' lang='lat' dir='ltr'><strong>enim</strong></span> <span class='ocrx_word' id='word_1_374' title='bbox 853 3689 868 3712; x_wconf 91' lang='lat'><strong>,</strong></span> <span class='ocrx_word' id='word_1_375' title='bbox 900 3648 990 3719; x_wconf 91' lang='lat' dir='ltr'><strong>qui</strong></span> <span class='ocrx_word' id='word_1_376' title='bbox 1015 3647 1406 3719; x_wconf 86' lang='lat' dir='ltr'><strong>interpretatur</strong></span> <span class='ocrx_word' id='word_1_377' title='bbox 1431 3649 1690 3719; x_wconf 77' lang='lat' dir='ltr'><strong>confessio</strong></span> <span class='ocrx_word' id='word_1_378' title='bbox 1710 3649 1797 3706; x_wconf 90' lang='lat' dir='ltr'><strong>vel</strong></span> 
     </span>
    </p>
   </div>
   <div class='ocr_carea' id='block_1_51' title="bbox 212 3740 1793 3815">
    <p class='ocr_par' dir='ltr' id='par_1_51' title="bbox 212 3740 1793 3815">
     <span class='ocr_line' id='line_1_51' title="bbox 212 3740 1793 3815; baseline 0.001 -18"><span class='ocrx_word' id='word_1_379' title='bbox 212 3742 478 3807; x_wconf 81' lang='lat' dir='ltr'><strong>laudatio,</strong></span> <span class='ocrx_word' id='word_1_380' title='bbox 505 3742 626 3799; x_wconf 91' lang='lat' dir='ltr'><strong>illos</strong></span> <span class='ocrx_word' id='word_1_381' title='bbox 661 3743 930 3815; x_wconf 88' lang='lat' dir='ltr'><strong>signiﬁcat</strong></span> <span class='ocrx_word' id='word_1_382' title='bbox 948 3743 1040 3812; x_wconf 89' lang='lat' dir='ltr'><strong>qui</strong></span> <span class='ocrx_word' id='word_1_383' title='bbox 1067 3743 1121 3797; x_wconf 92' lang='lat' dir='ltr'><strong>in</strong></span> <span class='ocrx_word' id='word_1_384' title='bbox 1141 3757 1268 3798; x_wconf 89' lang='lat' dir='ltr'><strong>vera</strong></span> <span class='ocrx_word' id='word_1_385' title='bbox 1296 3740 1635 3798; x_wconf 82' lang='lat' dir='ltr'><strong>confessione</strong></span> <span class='ocrx_word' id='word_1_386' title='bbox 1662 3743 1793 3800; x_wconf 87' lang='lat' dir='ltr'><strong>ﬁdei</strong></span> 
     </span>
    </p>
   </div>
   <div class='ocr_carea' id='block_1_52' title="bbox 213 3832 1790 3904">
    <p class='ocr_par' dir='ltr' id='par_1_52' title="bbox 213 3832 1790 3904">
     <span class='ocr_line' id='line_1_52' title="bbox 213 3832 1790 3904; baseline 0 -17"><span class='ocrx_word' id='word_1_387' title='bbox 213 3841 595 3904; x_wconf 89' lang='lat' dir='ltr'><strong>perseverant,</strong></span> <span class='ocrx_word' id='word_1_388' title='bbox 618 3841 674 3888; x_wconf 92' lang='lat' dir='ltr'><strong>et</strong></span> <span class='ocrx_word' id='word_1_389' title='bbox 694 3833 880 3889; x_wconf 89' lang='lat' dir='ltr'><strong>laudes</strong></span> <span class='ocrx_word' id='word_1_390' title='bbox 899 3833 1198 3904; x_wconf 87' lang='lat' dir='ltr'><strong>gratiarum</strong></span> <span class='ocrx_word' id='word_1_391' title='bbox 1222 3832 1449 3889; x_wconf 93' lang='lat' dir='ltr'><strong>Domino</strong></span> <span class='ocrx_word' id='word_1_392' title='bbox 1471 3834 1790 3902; x_wconf 89' lang='lat' dir='ltr'><strong>rependunt.</strong></span> 
     </span>
    </p>
   </div>
   <div class='ocr_carea' id='block_1_53' title="bbox 215 3922 1797 3995">
    <p class='ocr_par' dir='ltr' id='par_1_53' title="bbox 215 3922 1797 3995">
     <span class='ocr_line' id='line_1_53' title="bbox 215 3922 1797 3995; baseline 0.001 -16"><span class='ocrx_word' id='word_1_393' title='bbox 215 3922 346 3980; x_wconf 90' lang='lat' dir='ltr'><strong>Sive</strong></span> <span class='ocrx_word' id='word_1_394' title='bbox 373 3924 493 3980; x_wconf 89' lang='lat' dir='ltr'><strong>illos</strong></span> <span class='ocrx_word' id='word_1_395' title='bbox 513 3925 604 3995; x_wconf 93' lang='lat' dir='ltr'><strong>qui</strong></span> <span class='ocrx_word' id='word_1_396' title='bbox 633 3924 827 3980; x_wconf 89' lang='lat' dir='ltr'><strong>delicta</strong></span> <span class='ocrx_word' id='word_1_397' title='bbox 857 3940 954 3980; x_wconf 91' lang='lat' dir='ltr'><strong>sua</strong></span> <span class='ocrx_word' id='word_1_398' title='bbox 981 3925 1248 3980; x_wconf 87' lang='lat' dir='ltr'><strong>veraciter</strong></span> <span class='ocrx_word' id='word_1_399' title='bbox 1280 3925 1627 3991; x_wconf 85' lang='lat' dir='ltr'><strong>confitentur,</strong></span> <span class='ocrx_word' id='word_1_400' title='bbox 1669 3927 1797 3995; x_wconf 84' lang='lat' dir='ltr'><strong>quia</strong></span> 
     </span>
    </p>
   </div>
   <div class='ocr_carea' id='block_1_54' title="bbox 217 4014 1798 4080">
    <p class='ocr_par' dir='ltr' id='par_1_54' title="bbox 217 4014 1798 4080">
     <span class='ocr_line' id='line_1_54' title="bbox 217 4014 1798 4080; baseline -0.001 -8"><span class='ocrx_word' id='word_1_401' title='bbox 217 4016 338 4072; x_wconf 85' lang='lat' dir='ltr'><strong>sine</strong></span> <span class='ocrx_word' id='word_1_402' title='bbox 364 4015 701 4072; x_wconf 84' lang='lat' dir='ltr'><strong>confessione</strong></span> <span class='ocrx_word' id='word_1_403' title='bbox 731 4015 996 4072; x_wconf 90' lang='lat' dir='ltr'><strong>malorum</strong></span> <span class='ocrx_word' id='word_1_404' title='bbox 1015 4057 1029 4080; x_wconf 91' lang='lat'><strong>,</strong></span> <span class='ocrx_word' id='word_1_405' title='bbox 1074 4014 1287 4072; x_wconf 87' lang='lat' dir='ltr'><strong>culmen</strong></span> <span class='ocrx_word' id='word_1_406' title='bbox 1322 4015 1589 4071; x_wconf 87' lang='lat' dir='ltr'><strong>bonorum</strong></span> <span class='ocrx_word' id='word_1_407' title='bbox 1618 4016 1798 4072; x_wconf 90' lang='lat' dir='ltr'><strong>nullus</strong></span> 
     </span>
    </p>
   </div>
   <div class='ocr_carea' id='block_1_55' title="bbox 216 4106 1797 4177">
    <p class='ocr_par' dir='ltr' id='par_1_55' title="bbox 216 4106 1797 4177">
     <span class='ocr_line' id='line_1_55' title="bbox 216 4106 1797 4177; baseline 0.001 -15"><span class='ocrx_word' id='word_1_408' title='bbox 216 4107 606 4177; x_wconf 89' lang='lat' dir='ltr'><strong>apprehendit,</strong></span> <span class='ocrx_word' id='word_1_409' title='bbox 635 4116 690 4162; x_wconf 91' lang='lat' dir='ltr'><strong>et</strong></span> <span class='ocrx_word' id='word_1_410' title='bbox 715 4107 816 4162; x_wconf 91' lang='lat' dir='ltr'><strong>nisi</strong></span> <span class='ocrx_word' id='word_1_411' title='bbox 845 4122 943 4177; x_wconf 89' lang='lat' dir='ltr'><strong>per</strong></span> <span class='ocrx_word' id='word_1_412' title='bbox 983 4106 1376 4163; x_wconf 88' lang='lat' dir='ltr'><strong>confessionem</strong></span> <span class='ocrx_word' id='word_1_413' title='bbox 1424 4108 1797 4164; x_wconf 88' lang='lat' dir='ltr'><strong>renunticmus</strong></span> 
     </span>
    </p>
   </div>
   <div class='ocr_carea' id='block_1_56' title="bbox 217 4200 1386 4268">
    <p class='ocr_par' dir='ltr' id='par_1_56' title="bbox 217 4200 1386 4268">
     <span class='ocr_line' id='line_1_56' title="bbox 217 4200 1386 4268; baseline 0.002 -12"><span class='ocrx_word' id='word_1_414' title='bbox 217 4201 432 4256; x_wconf 89' lang='lat' dir='ltr'><strong>actibus</strong></span> <span class='ocrx_word' id='word_1_415' title='bbox 459 4200 649 4268; x_wconf 90' lang='lat' dir='ltr'><strong>malis,</strong></span> <span class='ocrx_word' id='word_1_416' title='bbox 681 4217 787 4257; x_wconf 91' lang='lat' dir='ltr'><strong>non</strong></span> <span class='ocrx_word' id='word_1_417' title='bbox 824 4200 1180 4257; x_wconf 90' lang='lat' dir='ltr'><strong>informamur</strong></span> <span class='ocrx_word' id='word_1_418' title='bbox 1205 4205 1386 4258; x_wconf 90' lang='lat' dir='ltr'><strong>rectis.</strong></span> 
     </span>
    </p>
   </div>
   <div class='ocr_carea' id='block_1_57' title="bbox 287 4291 1798 4366">
    <p class='ocr_par' dir='ltr' id='par_1_57' title="bbox 287 4291 1798 4366">
     <span class='ocr_line' id='line_1_57' title="bbox 287 4291 1798 4366; baseline 0.003 -20"><span class='ocrx_word' id='word_1_419' title='bbox 287 4291 526 4348; x_wconf 89' lang='lat' dir='ltr'><strong>Isachar.</strong></span> <span class='ocrx_word' id='word_1_420' title='bbox 557 4292 778 4349; x_wconf 88' lang='lat' dir='ltr'><strong>Isachar</strong></span> <span class='ocrx_word' id='word_1_421' title='bbox 823 4294 1211 4363; x_wconf 82' lang='lat' dir='ltr'><strong>interpretatur</strong></span> <span class='ocrx_word' id='word_1_422' title='bbox 1252 4312 1468 4349; x_wconf 89' lang='lat' dir='ltr'><strong>merces.</strong></span> <span class='ocrx_word' id='word_1_423' title='bbox 1518 4294 1798 4366; x_wconf 86' lang='lat' dir='ltr'><strong>Signiﬁcat</strong></span> 
     </span>
    </p>
   </div>
   <div class='ocr_carea' id='block_1_58' title="bbox 215 4381 1795 4456">
    <p class='ocr_par' dir='ltr' id='par_1_58' title="bbox 215 4381 1795 4456">
     <span class='ocr_line' id='line_1_58' title="bbox 215 4381 1795 4456; baseline 0.002 -18"><span class='ocrx_word' id='word_1_424' title='bbox 215 4381 342 4438; x_wconf 90' lang='lat' dir='ltr'><strong>illos</strong></span> <span class='ocrx_word' id='word_1_425' title='bbox 364 4383 456 4452; x_wconf 90' lang='lat' dir='ltr'><strong>qui</strong></span> <span class='ocrx_word' id='word_1_426' title='bbox 485 4385 813 4440; x_wconf 89' lang='lat' dir='ltr'><strong>tentatioues</strong></span> <span class='ocrx_word' id='word_1_427' title='bbox 850 4385 1131 4454; x_wconf 60' lang='lat' dir='ltr'><strong>praesentis</strong></span> <span class='ocrx_word' id='word_1_428' title='bbox 1159 4384 1314 4450; x_wconf 73' lang='lat' dir='ltr'><strong>vitae,</strong></span> <span class='ocrx_word' id='word_1_429' title='bbox 1357 4385 1618 4456; x_wconf 90' lang='lat' dir='ltr'><strong>patientia</strong></span> <span class='ocrx_word' id='word_1_430' title='bbox 1645 4385 1795 4453; x_wconf 88' lang='lat' dir='ltr'><strong>fulti,</strong></span> 
     </span>
    </p>
   </div>
   <div class='ocr_carea' id='block_1_59' title="bbox 217 4473 1796 4548">
    <p class='ocr_par' dir='ltr' id='par_1_59' title="bbox 217 4473 1796 4548">
     <span class='ocr_line' id='line_1_59' title="bbox 217 4473 1796 4548; baseline 0.003 -17"><span class='ocrx_word' id='word_1_431' title='bbox 217 4473 559 4531; x_wconf 88' lang='lat' dir='ltr'><strong>solummodo</strong></span> <span class='ocrx_word' id='word_1_432' title='bbox 578 4492 678 4548; x_wconf 92' lang='lat' dir='ltr'><strong>pro</strong></span> <span class='ocrx_word' id='word_1_433' title='bbox 707 4492 940 4548; x_wconf 88' lang='lat' dir='ltr'><strong>superna</strong></span> <span class='ocrx_word' id='word_1_434' title='bbox 983 4479 1231 4533; x_wconf 91' lang='lat' dir='ltr'><strong>mercede</strong></span> <span class='ocrx_word' id='word_1_435' title='bbox 1275 4478 1628 4535; x_wconf 89' lang='lat' dir='ltr'><strong>libentissime</strong></span> <span class='ocrx_word' id='word_1_436' title='bbox 1662 4480 1796 4535; x_wconf 88' lang='lat' dir='ltr'><strong>tole-</strong></span> 
     </span>
    </p>
   </div>
   <div class='ocr_carea' id='block_1_60' title="bbox 217 4566 1792 4641">
    <p class='ocr_par' dir='ltr' id='par_1_60' title="bbox 217 4566 1792 4641">
     <span class='ocr_line' id='line_1_60' title="bbox 217 4566 1792 4641; baseline 0.003 -20"><span class='ocrx_word' id='word_1_437' title='bbox 217 4576 374 4633; x_wconf 91' lang='lat' dir='ltr'><strong>rant,</strong></span> <span class='ocrx_word' id='word_1_438' title='bbox 400 4577 456 4623; x_wconf 90' lang='lat' dir='ltr'><strong>et</strong></span> <span class='ocrx_word' id='word_1_439' title='bbox 481 4566 678 4623; x_wconf 83' lang='lat' dir='ltr'><strong>futurae</strong></span> <span class='ocrx_word' id='word_1_440' title='bbox 706 4569 972 4624; x_wconf 87' lang='lat' dir='ltr'><strong>mercedis</strong></span> <span class='ocrx_word' id='word_1_441' title='bbox 1009 4570 1462 4641; x_wconf 89' lang='lat' dir='ltr'><strong>contemplatione</strong></span> <span class='ocrx_word' id='word_1_442' title='bbox 1488 4571 1792 4638; x_wconf 88' lang='lat' dir='ltr'><strong>firmantur,</strong></span> 
     </span>
    </p>
   </div>
   <div class='ocr_carea' id='block_1_61' title="bbox 215 4657 1794 4730">
    <p class='ocr_par' dir='ltr' id='par_1_61' title="bbox 215 4657 1794 4730">
     <span class='ocr_line' id='line_1_61' title="bbox 215 4657 1794 4730; baseline 0.004 -19"><span class='ocrx_word' id='word_1_443' title='bbox 215 4657 349 4729; x_wconf 84' lang='lat' dir='ltr'><strong>quia</strong></span> <span class='ocrx_word' id='word_1_444' title='bbox 370 4658 548 4714; x_wconf 84' lang='lat' dir='ltr'><strong>sciunt</strong></span> <span class='ocrx_word' id='word_1_445' title='bbox 570 4658 726 4728; x_wconf 90' lang='lat' dir='ltr'><strong>juxta</strong></span> <span class='ocrx_word' id='word_1_446' title='bbox 749 4659 1066 4730; x_wconf 81' lang='lat' dir='ltr'><strong>Apostolum</strong></span> <span class='ocrx_word' id='word_1_447' title='bbox 1087 4701 1102 4726; x_wconf 97' lang='lat'><strong>,</strong></span> <span class='ocrx_word' id='word_1_448' title='bbox 1149 4659 1303 4726; x_wconf 87' lang='lat' dir='ltr'><strong>Quod</strong></span> <span class='ocrx_word' id='word_1_449' title='bbox 1333 4679 1436 4716; x_wconf 91' lang='lat' dir='ltr'><strong>non</strong></span> <span class='ocrx_word' id='word_1_450' title='bbox 1463 4673 1582 4717; x_wconf 92' lang='lat' dir='ltr'><strong>sunt</strong></span> <span class='ocrx_word' id='word_1_451' title='bbox 1615 4664 1794 4718; x_wconf 86' lang='lat' dir='ltr'><strong>condi-</strong></span> 
     </span>
    </p>
   </div>
   <div class='ocr_carea' id='block_1_62' title="bbox 213 4751 1796 4826">
    <p class='ocr_par' dir='ltr' id='par_1_62' title="bbox 213 4751 1796 4826">
     <span class='ocr_line' id='line_1_62' title="bbox 213 4751 1796 4826; baseline 0.003 -23"><span class='ocrx_word' id='word_1_452' title='bbox 213 4765 338 4822; x_wconf 78' lang='lat' dir='ltr'><strong>gna:</strong></span> <span class='ocrx_word' id='word_1_453' title='bbox 383 4752 650 4820; x_wconf 82' lang='lat' dir='ltr'><strong>passiones</strong></span> <span class='ocrx_word' id='word_1_454' title='bbox 686 4751 846 4822; x_wconf 85' lang='lat' dir='ltr'><strong>hujus</strong></span> <span class='ocrx_word' id='word_1_455' title='bbox 875 4753 1121 4822; x_wconf 85' lang='lat' dir='ltr'><strong>temporis</strong></span> <span class='ocrx_word' id='word_1_456' title='bbox 1161 4753 1230 4806; x_wconf 92' lang='lat' dir='ltr'><strong>ad</strong></span> <span class='ocrx_word' id='word_1_457' title='bbox 1271 4753 1505 4823; x_wconf 79' lang='lat' dir='ltr'><strong>futuram</strong></span> <span class='ocrx_word' id='word_1_458' title='bbox 1540 4754 1762 4826; x_wconf 89' lang='lat' dir='ltr'><strong>gloriam</strong></span> <span class='ocrx_word' id='word_1_459' title='bbox 1783 4797 1796 4821; x_wconf 93' lang='lat'><strong>,</strong></span> 
     </span>
    </p>
   </div>
   <div class='ocr_carea' id='block_1_63' title="bbox 213 4839 1800 4914">
    <p class='ocr_par' dir='ltr' id='par_1_63' title="bbox 213 4839 1800 4914">
     <span class='ocr_line' id='line_1_63' title="bbox 213 4839 1800 4914; baseline 0.006 -21"><span class='ocrx_word' id='word_1_460' title='bbox 213 4855 338 4912; x_wconf 71' lang='lat' dir='ltr'><strong>qua:</strong></span> <span class='ocrx_word' id='word_1_461' title='bbox 367 4839 678 4895; x_wconf 80' lang='lat' dir='ltr'><strong>revelabitur</strong></span> <span class='ocrx_word' id='word_1_462' title='bbox 702 4842 755 4895; x_wconf 89' lang='lat' dir='ltr'><strong>in</strong></span> <span class='ocrx_word' id='word_1_463' title='bbox 798 4843 872 4897; x_wconf 89' lang='lat' dir='ltr'><strong>eis</strong></span> <span class='ocrx_word' id='word_1_464' title='bbox 921 4841 1098 4914; x_wconf 83' lang='lat' dir='ltr'><strong>(Rom.</strong></span> <span class='ocrx_word' id='word_1_465' title='bbox 1129 4859 1258 4909; x_wconf 89' lang='lat' dir='ltr'><strong>vm,</strong></span> <span class='ocrx_word' id='word_1_466' title='bbox 1293 4844 1404 4914; x_wconf 91' lang='grc'><strong>18).</strong></span> <span class='ocrx_word' id='word_1_467' title='bbox 1451 4845 1800 4902; x_wconf 89' lang='lat' dir='ltr'><strong>Fructuosius</strong></span> 
     </span>
    </p>
   </div>
   <div class='ocr_carea' id='block_1_64' title="bbox 215 4930 1405 5005">
    <p class='ocr_par' dir='ltr' id='par_1_64' title="bbox 215 4930 1405 5005">
     <span class='ocr_line' id='line_1_64' title="bbox 215 4930 1405 5005; baseline 0.005 -21"><span class='ocrx_word' id='word_1_468' title='bbox 215 4930 424 5002; x_wconf 80' lang='lat' dir='ltr'><strong>quippe</strong></span> <span class='ocrx_word' id='word_1_469' title='bbox 448 4939 738 5002; x_wconf 91' lang='lat' dir='ltr'><strong>pugnatur,</strong></span> <span class='ocrx_word' id='word_1_470' title='bbox 769 4933 860 4988; x_wconf 93' lang='lat' dir='ltr'><strong>ubi</strong></span> <span class='ocrx_word' id='word_1_471' title='bbox 901 4948 1111 4990; x_wconf 90' lang='lat' dir='ltr'><strong>merces</strong></span> <span class='ocrx_word' id='word_1_472' title='bbox 1134 4948 1405 5005; x_wconf 90' lang='lat' dir='ltr'><strong>speratur.</strong></span> 
     </span>
    </p>
   </div>
   <div class='ocr_carea' id='block_1_65' title="bbox 251 5021 1803 5096">
    <p class='ocr_par' dir='ltr' id='par_1_65' title="bbox 251 5021 1803 5096">
     <span class='ocr_line' id='line_1_65' title="bbox 251 5021 1803 5096; baseline 0.006 -20"><span class='ocrx_word' id='word_1_473' title='bbox 251 5067 254 5070; x_wconf 94' lang='lat'><strong>.</strong></span> <span class='ocrx_word' id='word_1_474' title='bbox 295 5021 432 5077; x_wconf 90' lang='lat' dir='ltr'><strong>Dan.</strong></span> <span class='ocrx_word' id='word_1_475' title='bbox 475 5023 590 5078; x_wconf 89' lang='lat' dir='ltr'><strong>Dan</strong></span> <span class='ocrx_word' id='word_1_476' title='bbox 621 5023 1008 5095; x_wconf 90' lang='lat' dir='ltr'><strong>interpretatur</strong></span> <span class='ocrx_word' id='word_1_477' title='bbox 1045 5026 1334 5096; x_wconf 88' lang='lat' dir='ltr'><strong>judicium.</strong></span> <span class='ocrx_word' id='word_1_478' title='bbox 1384 5027 1627 5092; x_wconf 85' lang='lat' dir='ltr'><strong>Eximios</strong></span> <span class='ocrx_word' id='word_1_479' title='bbox 1655 5029 1803 5085; x_wconf 87' lang='lat' dir='ltr'><strong>vide-</strong></span> 
     </span>
    </p>
   </div>
   <div class='ocr_carea' id='block_1_66' title="bbox 215 5113 1800 5188">
    <p class='ocr_par' dir='ltr' id='par_1_66' title="bbox 215 5113 1800 5188">
     <span class='ocr_line' id='line_1_66' title="bbox 215 5113 1800 5188; baseline 0.003 -19"><span class='ocrx_word' id='word_1_480' title='bbox 215 5113 352 5169; x_wconf 88' lang='lat' dir='ltr'><strong>licet</strong></span> <span class='ocrx_word' id='word_1_481' title='bbox 377 5122 540 5184; x_wconf 89' lang='lat' dir='ltr'><strong>atque</strong></span> <span class='ocrx_word' id='word_1_482' title='bbox 568 5129 809 5170; x_wconf 89' lang='lat' dir='ltr'><strong>summos</strong></span> <span class='ocrx_word' id='word_1_483' title='bbox 843 5117 924 5171; x_wconf 93' lang='lat' dir='ltr'><strong>sui</strong></span> <span class='ocrx_word' id='word_1_484' title='bbox 965 5115 1413 5188; x_wconf 86' lang='lat' dir='ltr'><strong>interpretatione</strong></span> <span class='ocrx_word' id='word_1_485' title='bbox 1455 5120 1695 5174; x_wconf 89' lang='lat' dir='ltr'><strong>nominis</strong></span> <span class='ocrx_word' id='word_1_486' title='bbox 1725 5119 1800 5174; x_wconf 87' lang='lat' dir='ltr'><strong>si-</strong></span> 
     </span>
    </p>
   </div>
   <div class='ocr_carea' id='block_1_67' title="bbox 213 5203 1804 5280">
    <p class='ocr_par' dir='ltr' id='par_1_67' title="bbox 213 5203 1804 5280">
     <span class='ocr_line' id='line_1_67' title="bbox 213 5203 1804 5280; baseline 0.006 -23"><span class='ocrx_word' id='word_1_487' title='bbox 213 5203 473 5278; x_wconf 84' lang='lat' dir='ltr'><strong>gniﬁcat,</strong></span> <span class='ocrx_word' id='word_1_488' title='bbox 496 5206 587 5276; x_wconf 91' lang='lat' dir='ltr'><strong>qui</strong></span> <span class='ocrx_word' id='word_1_489' title='bbox 617 5207 934 5277; x_wconf 88' lang='lat' dir='ltr'><strong>spiritaliter</strong></span> <span class='ocrx_word' id='word_1_490' title='bbox 955 5218 1342 5266; x_wconf 86' lang='lat' dir='ltr'><strong>conversantes</strong></span> <span class='ocrx_word' id='word_1_491' title='bbox 1363 5211 1543 5266; x_wconf 89' lang='lat' dir='ltr'><strong>sciunt</strong></span> <span class='ocrx_word' id='word_1_492' title='bbox 1557 5211 1804 5280; x_wconf 88' lang='lat' dir='ltr'><strong>judicare</strong></span> 
     </span>
    </p>
   </div>
   <div class='ocr_carea' id='block_1_68' title="bbox 211 5296 1802 5374">
    <p class='ocr_par' dir='ltr' id='par_1_68' title="bbox 211 5296 1802 5374">
     <span class='ocr_line' id='line_1_68' title="bbox 211 5296 1802 5374; baseline 0.005 -22"><span class='ocrx_word' id='word_1_493' title='bbox 211 5297 407 5352; x_wconf 86' lang='lat' dir='ltr'><strong>omnia</strong></span> <span class='ocrx_word' id='word_1_494' title='bbox 427 5336 444 5363; x_wconf 93' lang='lat'><strong>,</strong></span> <span class='ocrx_word' id='word_1_495' title='bbox 465 5296 623 5366; x_wconf 87' lang='lat' dir='ltr'><strong>juxta</strong></span> <span class='ocrx_word' id='word_1_496' title='bbox 645 5300 788 5370; x_wconf 88' lang='lat' dir='ltr'><strong>quod</strong></span> <span class='ocrx_word' id='word_1_497' title='bbox 814 5299 1011 5356; x_wconf 88' lang='lat' dir='ltr'><strong>Paulus</strong></span> <span class='ocrx_word' id='word_1_498' title='bbox 1035 5301 1109 5355; x_wconf 90' lang='lat' dir='ltr'><strong>ait</strong></span> <span class='ocrx_word' id='word_1_499' title='bbox 1134 5319 1147 5355; x_wconf 88' lang='lat'><strong>:</strong></span> <span class='ocrx_word' id='word_1_500' title='bbox 1176 5300 1444 5372; x_wconf 86' lang='lat' dir='ltr'><strong>Spiritalis</strong></span> <span class='ocrx_word' id='word_1_501' title='bbox 1461 5305 1668 5374; x_wconf 88' lang='lat' dir='ltr'><strong>judicat</strong></span> <span class='ocrx_word' id='word_1_502' title='bbox 1693 5322 1802 5360; x_wconf 89' lang='lat' dir='ltr'><strong>om-</strong></span> 
     </span>
    </p>
   </div>
   <div class='ocr_carea' id='block_1_69' title="bbox 213 5389 1619 5466">
    <p class='ocr_par' dir='ltr' id='par_1_69' title="bbox 213 5389 1619 5466">
     <span class='ocr_line' id='line_1_69' title="bbox 213 5389 1619 5466; baseline 0.004 -21"><span class='ocrx_word' id='word_1_503' title='bbox 213 5389 314 5446; x_wconf 68' lang='lat' dir='ltr'><strong>nia</strong></span> <span class='ocrx_word' id='word_1_504' title='bbox 335 5430 352 5456; x_wconf 89' lang='lat'><strong>,</strong></span> <span class='ocrx_word' id='word_1_505' title='bbox 372 5400 423 5445; x_wconf 82' lang='lat' dir='ltr'><strong>et</strong></span> <span class='ocrx_word' id='word_1_506' title='bbox 449 5391 560 5461; x_wconf 82' lang='lat' dir='ltr'><strong>ipse</strong></span> <span class='ocrx_word' id='word_1_507' title='bbox 588 5408 624 5446; x_wconf 87' lang='lat' dir='ltr'><strong>a</strong></span> <span class='ocrx_word' id='word_1_508' title='bbox 652 5393 856 5447; x_wconf 87' lang='lat' dir='ltr'><strong>nemine</strong></span> <span class='ocrx_word' id='word_1_509' title='bbox 870 5393 1148 5463; x_wconf 85' lang='lat' dir='ltr'><strong>judicatur</strong></span> <span class='ocrx_word' id='word_1_510' title='bbox 1169 5393 1222 5466; x_wconf 89' lang='grc' dir='ltr'><strong>(Ι</strong></span> <span class='ocrx_word' id='word_1_511' title='bbox 1247 5393 1369 5449; x_wconf 85' lang='lat' dir='ltr'><strong>Cor.</strong></span> <span class='ocrx_word' id='word_1_512' title='bbox 1401 5411 1472 5462; x_wconf 91' lang='grc' dir='ltr'>ιι,</span> <span class='ocrx_word' id='word_1_513' title='bbox 1508 5396 1619 5465; x_wconf 86' lang='grc'><strong>15).</strong></span> 
     </span>
    </p>
   </div>
   <div class='ocr_carea' id='block_1_70' title="bbox 295 5483 1800 5558">
    <p class='ocr_par' dir='ltr' id='par_1_70' title="bbox 295 5483 1800 5558">
     <span class='ocr_line' id='line_1_70' title="bbox 295 5483 1800 5558; baseline 0.005 -22"><span class='ocrx_word' id='word_1_514' title='bbox 295 5483 559 5539; x_wconf 87' lang='lat' dir='ltr'><strong>Zabulon.</strong></span> <span class='ocrx_word' id='word_1_515' title='bbox 592 5484 832 5540; x_wconf 82' lang='lat' dir='ltr'><strong>Zabulon</strong></span> <span class='ocrx_word' id='word_1_516' title='bbox 863 5485 1252 5556; x_wconf 86' lang='lat' dir='ltr'><strong>interpretatur</strong></span> <span class='ocrx_word' id='word_1_517' title='bbox 1295 5489 1651 5544; x_wconf 77' lang='lat' dir='ltr'><strong>habitaculum</strong></span> <span class='ocrx_word' id='word_1_518' title='bbox 1689 5490 1800 5558; x_wconf 81' lang='lat' dir='ltr'><strong>for-</strong></span> 
     </span>
    </p>
   </div>
   <div class='ocr_carea' id='block_1_71' title="bbox 214 5573 1800 5647">
    <p class='ocr_par' dir='ltr' id='par_1_71' title="bbox 214 5573 1800 5647">
     <span class='ocr_line' id='line_1_71' title="bbox 214 5573 1800 5647; baseline 0.005 -18"><span class='ocrx_word' id='word_1_519' title='bbox 214 5573 490 5629; x_wconf 87' lang='lat' dir='ltr'><strong>titudinis.</strong></span> <span class='ocrx_word' id='word_1_520' title='bbox 519 5573 644 5630; x_wconf 90' lang='lat' dir='ltr'><strong>Illos</strong></span> <span class='ocrx_word' id='word_1_521' title='bbox 669 5574 916 5647; x_wconf 90' lang='lat' dir='ltr'><strong>designat</strong></span> <span class='ocrx_word' id='word_1_522' title='bbox 945 5576 1036 5647; x_wconf 89' lang='lat' dir='ltr'><strong>qui</strong></span> <span class='ocrx_word' id='word_1_523' title='bbox 1062 5592 1162 5647; x_wconf 92' lang='lat' dir='ltr'><strong>pro</strong></span> <span class='ocrx_word' id='word_1_524' title='bbox 1197 5577 1411 5634; x_wconf 89' lang='lat' dir='ltr'><strong>Christo</strong></span> <span class='ocrx_word' id='word_1_525' title='bbox 1438 5581 1646 5636; x_wconf 89' lang='lat' dir='ltr'><strong>animas</strong></span> <span class='ocrx_word' id='word_1_526' title='bbox 1675 5597 1800 5638; x_wconf 87' lang='lat' dir='ltr'><strong>suas</strong></span> 
     </span>
    </p>
   </div>
   <div class='ocr_carea' id='block_1_72' title="bbox 211 5667 1801 5746">
    <p class='ocr_par' dir='ltr' id='par_1_72' title="bbox 211 5667 1801 5746">
     <span class='ocr_line' id='line_1_72' title="bbox 211 5667 1801 5746; baseline 0.008 -27"><span class='ocrx_word' id='word_1_527' title='bbox 211 5673 464 5738; x_wconf 90' lang='lat' dir='ltr'><strong>ponunt,</strong></span> <span class='ocrx_word' id='word_1_528' title='bbox 504 5667 561 5721; x_wconf 91' lang='lat' dir='ltr'><strong>in</strong></span> <span class='ocrx_word' id='word_1_529' title='bbox 599 5668 797 5737; x_wconf 88' lang='lat' dir='ltr'><strong>quibus</strong></span> <span class='ocrx_word' id='word_1_530' title='bbox 844 5669 1103 5726; x_wconf 90' lang='lat' dir='ltr'><strong>Dominus</strong></span> <span class='ocrx_word' id='word_1_531' title='bbox 1167 5672 1311 5737; x_wconf 88' lang='lat' dir='ltr'><strong>haec,</strong></span> <span class='ocrx_word' id='word_1_532' title='bbox 1368 5689 1489 5746; x_wconf 82' lang='lat' dir='ltr'><strong>quae</strong></span> <span class='ocrx_word' id='word_1_533' title='bbox 1554 5675 1801 5745; x_wconf 87' lang='lat' dir='ltr'><strong>superius</strong></span> 
     </span>
    </p>
   </div>
   <div class='ocr_carea' id='block_1_73' title="bbox 216 5757 1803 5834">
    <p class='ocr_par' dir='ltr' id='par_1_73' title="bbox 216 5757 1803 5834">
     <span class='ocr_line' id='line_1_73' title="bbox 216 5757 1803 5834; baseline 0.006 -21"><span class='ocrx_word' id='word_1_534' title='bbox 216 5757 486 5821; x_wconf 81' lang='lat' dir='ltr'><strong>diximus,</strong></span> <span class='ocrx_word' id='word_1_535' title='bbox 515 5767 770 5828; x_wconf 91' lang='lat' dir='ltr'><strong>operatur</strong></span> <span class='ocrx_word' id='word_1_536' title='bbox 805 5768 860 5815; x_wconf 93' lang='lat' dir='ltr'><strong>et</strong></span> <span class='ocrx_word' id='word_1_537' title='bbox 876 5759 1129 5830; x_wconf 88' lang='lat' dir='ltr'><strong>.perﬁcit;</strong></span> <span class='ocrx_word' id='word_1_538' title='bbox 1174 5762 1421 5819; x_wconf 82' lang='lat' dir='ltr'><strong>videlicet</strong></span> <span class='ocrx_word' id='word_1_539' title='bbox 1454 5767 1668 5834; x_wconf 89' lang='lat' dir='ltr'><strong>quando</strong></span> <span class='ocrx_word' id='word_1_540' title='bbox 1696 5767 1803 5822; x_wconf 90' lang='lat' dir='ltr'><strong>vir-</strong></span> 
     </span>
    </p>
   </div>
   <div class='ocr_carea' id='block_1_74' title="bbox 221 5849 1805 5929">
    <p class='ocr_par' dir='ltr' id='par_1_74' title="bbox 221 5849 1805 5929">
     <span class='ocr_line' id='line_1_74' title="bbox 221 5849 1805 5929; baseline 0.007 -24"><span class='ocrx_word' id='word_1_541' title='bbox 221 5858 317 5906; x_wconf 88' lang='lat' dir='ltr'><strong>tus</strong></span> <span class='ocrx_word' id='word_1_542' title='bbox 344 5849 398 5903; x_wconf 94' lang='lat' dir='ltr'><strong>in</strong></span> <span class='ocrx_word' id='word_1_543' title='bbox 426 5849 738 5908; x_wconf 86' lang='lat' dir='ltr'><strong>infirmitate</strong></span> <span class='ocrx_word' id='word_1_544' title='bbox 765 5852 1063 5924; x_wconf 87' lang='lat' dir='ltr'><strong>perﬁcitur,</strong></span> <span class='ocrx_word' id='word_1_545' title='bbox 1107 5863 1166 5911; x_wconf 94' lang='lat' dir='ltr'><strong>ut</strong></span> <span class='ocrx_word' id='word_1_546' title='bbox 1206 5872 1404 5928; x_wconf 90' lang='lat' dir='ltr'><strong>corpus</strong></span> <span class='ocrx_word' id='word_1_547' title='bbox 1429 5860 1573 5929; x_wconf 93' lang='lat' dir='ltr'><strong>quod</strong></span> <span class='ocrx_word' id='word_1_548' title='bbox 1605 5862 1670 5917; x_wconf 89' lang='lat' dir='ltr'><strong>ab</strong></span> <span class='ocrx_word' id='word_1_549' title='bbox 1700 5862 1805 5917; x_wconf 89' lang='lat' dir='ltr'><strong>ini-</strong></span> 
     </span>
    </p>
   </div>
   <div class='ocr_carea' id='block_1_75' title="bbox 1829 4618 1876 4676">
    <p class='ocr_par' dir='ltr' id='par_1_75' title="bbox 1829 4618 1876 4676">
     <span class='ocr_line' id='line_1_75' title="bbox 1829 4618 1876 4676; baseline 0 0"><span class='ocrx_word' id='word_1_550' title='bbox 1829 4618 1876 4676; x_wconf 94' lang='lat' dir='ltr'><strong>D</strong></span> 
     </span>
    </p>
   </div>
   <div class='ocr_carea' id='block_1_76' title="bbox 1901 1972 3481 2057">
    <p class='ocr_par' dir='ltr' id='par_1_76' title="bbox 1901 1972 3481 2057">
     <span class='ocr_line' id='line_1_76' title="bbox 1901 1972 3481 2057; baseline -0.015 -9"><span class='ocrx_word' id='word_1_551' title='bbox 1901 2003 2048 2047; x_wconf 90' lang='lat' dir='ltr'><strong>tuam</strong></span> <span class='ocrx_word' id='word_1_552' title='bbox 2088 1991 2158 2046; x_wconf 84' lang='lat' dir='ltr'><strong>ad</strong></span> <span class='ocrx_word' id='word_1_553' title='bbox 2199 1987 2534 2043; x_wconf 90' lang='lat' dir='ltr'><strong>tentationem</strong></span> <span class='ocrx_word' id='word_1_554' title='bbox 2582 1983 2773 2057; x_wconf 85' lang='lat' dir='ltr'><strong>(Eccli.</strong></span> <span class='ocrx_word' id='word_1_555' title='bbox 2808 1997 2878 2048; x_wconf 90' lang='grc' dir='ltr'>ιι,</span> <span class='ocrx_word' id='word_1_556' title='bbox 2931 1980 3006 2050; x_wconf 91' lang='grc'><strong>1).</strong></span> <span class='ocrx_word' id='word_1_557' title='bbox 3054 1977 3297 2045; x_wconf 90' lang='lat' dir='ltr'><strong>Itemque</strong></span> <span class='ocrx_word' id='word_1_558' title='bbox 3337 1972 3481 2028; x_wconf 85' lang='lat' dir='ltr'><strong>Psal-</strong></span> 
     </span>
    </p>
   </div>
   <div class='ocr_carea' id='block_1_77' title="bbox 1899 2067 3494 2148">
    <p class='ocr_par' dir='ltr' id='par_1_77' title="bbox 1899 2067 3494 2148">
     <span class='ocr_line' id='line_1_77' title="bbox 1899 2067 3494 2148; baseline -0.013 -6"><span class='ocrx_word' id='word_1_559' title='bbox 1899 2087 2059 2142; x_wconf 90' lang='lat' dir='ltr'><strong>mista</strong></span> <span class='ocrx_word' id='word_1_560' title='bbox 2097 2104 2109 2139; x_wconf 95' lang='lat'>:</span> <span class='ocrx_word' id='word_1_561' title='bbox 2161 2082 2496 2139; x_wconf 78' lang='lat' dir='ltr'><strong>Prtecinxisti</strong></span> <span class='ocrx_word' id='word_1_562' title='bbox 2542 2097 2659 2146; x_wconf 90' lang='lat' dir='ltr'><strong>me,</strong></span> <span class='ocrx_word' id='word_1_563' title='bbox 2707 2077 2914 2148; x_wconf 90' lang='lat' dir='ltr'><strong>inquit,</strong></span> <span class='ocrx_word' id='word_1_564' title='bbox 2955 2074 3025 2129; x_wconf 89' lang='lat' dir='ltr'><strong>ad</strong></span> <span class='ocrx_word' id='word_1_565' title='bbox 3068 2071 3258 2128; x_wconf 92' lang='lat' dir='ltr'><strong>bellum</strong></span> <span class='ocrx_word' id='word_1_566' title='bbox 3303 2067 3494 2141; x_wconf 71' lang='lat' dir='ltr'><strong>(Psal.&#39;</strong></span> 
     </span>
    </p>
   </div>
   <div class='ocr_carea' id='block_1_78' title="bbox 1901 2177 3056 2249">
    <p class='ocr_par' dir='ltr' id='par_1_78' title="bbox 1901 2177 3056 2249">
     <span class='ocr_line' id='line_1_78' title="bbox 1901 2177 3056 2249; baseline -0.004 -15"><span class='ocrx_word' id='word_1_567' title='bbox 1901 2195 2010 2234; x_wconf 86' lang='lat' dir='ltr'><strong>xvn</strong></span> <span class='ocrx_word' id='word_1_568' title='bbox 2026 2219 2042 2245; x_wconf 95' lang='lat'><strong>,</strong></span> <span class='ocrx_word' id='word_1_569' title='bbox 2066 2177 2180 2249; x_wconf 72' lang='grc'><strong>40).</strong></span> <span class='ocrx_word' id='word_1_570' title='bbox 3047 2186 3056 2193; x_wconf 90' lang='grc'><strong>·</strong></span> 
     </span>
    </p>
   </div>
   <div class='ocr_carea' id='block_1_79' title="bbox 1969 2259 3484 2341">
    <p class='ocr_par' dir='ltr' id='par_1_79' title="bbox 1969 2259 3484 2341">
     <span class='ocr_line' id='line_1_79' title="bbox 1969 2259 3484 2341; baseline -0.012 -15"><span class='ocrx_word' id='word_1_571' title='bbox 1969 2271 2039 2326; x_wconf 89' lang='lat' dir='ltr'><strong>Et</strong></span> <span class='ocrx_word' id='word_1_572' title='bbox 2081 2270 2338 2341; x_wconf 86' lang='lat' dir='ltr'><strong>quoniam</strong></span> <span class='ocrx_word' id='word_1_573' title='bbox 2401 2266 2776 2324; x_wconf 87' lang='lat' dir='ltr'><strong>beatiﬁcamus</strong></span> <span class='ocrx_word' id='word_1_574' title='bbox 2825 2278 2922 2320; x_wconf 86' lang='lat' dir='ltr'><strong>eos</strong></span> <span class='ocrx_word' id='word_1_575' title='bbox 2966 2263 3059 2332; x_wconf 88' lang='lat' dir='ltr'><strong>qui</strong></span> <span class='ocrx_word' id='word_1_576' title='bbox 3109 2259 3484 2316; x_wconf 90' lang='lat' dir='ltr'><strong>sustinuerunt</strong></span> 
     </span>
    </p>
   </div>
   <div class='ocr_carea' id='block_1_80' title="bbox 1899 2347 3484 2426">
    <p class='ocr_par' dir='ltr' id='par_1_80' title="bbox 1899 2347 3484 2426">
     <span class='ocr_line' id='line_1_80' title="bbox 1899 2347 3484 2426; baseline -0.011 -6"><span class='ocrx_word' id='word_1_577' title='bbox 1899 2361 2292 2420; x_wconf 75' lang='lat' dir='ltr'><strong>suﬁ‘erentiam.</strong></span> <span class='ocrx_word' id='word_1_578' title='bbox 2321 2361 2459 2416; x_wconf 84' lang='lat' dir='ltr'><strong>Aser</strong></span> <span class='ocrx_word' id='word_1_579' title='bbox 2487 2378 2500 2414; x_wconf 90' lang='lat'><strong>:</strong></span> <span class='ocrx_word' id='word_1_580' title='bbox 2529 2361 2668 2416; x_wconf 84' lang='lat' dir='ltr'><strong>Aser</strong></span> <span class='ocrx_word' id='word_1_581' title='bbox 2697 2359 3084 2426; x_wconf 89' lang='lat' dir='ltr'><strong>interpretatur</strong></span> <span class='ocrx_word' id='word_1_582' title='bbox 3115 2353 3294 2407; x_wconf 89' lang='lat' dir='ltr'><strong>beatus</strong></span> <span class='ocrx_word' id='word_1_583' title='bbox 3316 2391 3330 2414; x_wconf 95' lang='lat'><strong>,</strong></span> <span class='ocrx_word' id='word_1_584' title='bbox 3367 2347 3484 2402; x_wconf 91' lang='lat' dir='ltr'><strong>illos</strong></span> 
     </span>
    </p>
   </div>
   <div class='ocr_carea' id='block_1_81' title="bbox 1900 2441 3483 2525">
    <p class='ocr_par' dir='ltr' id='par_1_81' title="bbox 1900 2441 3483 2525">
     <span class='ocr_line' id='line_1_81' title="bbox 1900 2441 3483 2525; baseline -0.009 -16"><span class='ocrx_word' id='word_1_585' title='bbox 1900 2453 2211 2525; x_wconf 66' lang='lat' dir='ltr'><strong>praeﬁgurat</strong></span> <span class='ocrx_word' id='word_1_586' title='bbox 2232 2453 2326 2524; x_wconf 90' lang='lat' dir='ltr'><strong>qui</strong></span> <span class='ocrx_word' id='word_1_587' title='bbox 2354 2452 2679 2507; x_wconf 89' lang='lat' dir='ltr'><strong>tentationes</strong></span> <span class='ocrx_word' id='word_1_588' title='bbox 2701 2449 2971 2520; x_wconf 90' lang='lat' dir='ltr'><strong>patienter</strong></span> <span class='ocrx_word' id='word_1_589' title='bbox 2991 2446 3276 2510; x_wconf 77' lang='lat' dir='ltr'><strong>sufferunt,</strong></span> <span class='ocrx_word' id='word_1_590' title='bbox 3305 2441 3483 2498; x_wconf 85' lang='lat' dir='ltr'><strong>sccuri</strong></span> 
     </span>
    </p>
   </div>
   <div class='ocr_carea' id='block_1_82' title="bbox 1900 2534 3480 2614">
    <p class='ocr_par' dir='ltr' id='par_1_82' title="bbox 1900 2534 3480 2614">
     <span class='ocr_line' id='line_1_82' title="bbox 1900 2534 3480 2614; baseline -0.008 -15"><span class='ocrx_word' id='word_1_591' title='bbox 1900 2545 1966 2599; x_wconf 91' lang='lat' dir='ltr'><strong>de</strong></span> <span class='ocrx_word' id='word_1_592' title='bbox 1994 2544 2350 2614; x_wconf 84' lang='lat' dir='ltr'><strong>promissione</strong></span> <span class='ocrx_word' id='word_1_593' title='bbox 2372 2543 2610 2599; x_wconf 68' lang='lat' dir='ltr'><strong>caelestis</strong></span> <span class='ocrx_word' id='word_1_594' title='bbox 2631 2541 2839 2612; x_wconf 64' lang='lat' dir='ltr'><strong>praemii</strong></span> <span class='ocrx_word' id='word_1_595' title='bbox 2867 2555 2934 2595; x_wconf 91' lang='lat' dir='ltr'><strong>ac</strong></span> <span class='ocrx_word' id='word_1_596' title='bbox 2959 2538 3146 2594; x_wconf 90' lang='lat' dir='ltr'><strong>felices</strong></span> <span class='ocrx_word' id='word_1_597' title='bbox 3167 2538 3234 2593; x_wconf 92' lang='lat' dir='ltr'><strong>de</strong></span> <span class='ocrx_word' id='word_1_598' title='bbox 3252 2534 3480 2590; x_wconf 89' lang='lat' dir='ltr'><strong>victoria</strong></span> 
     </span>
    </p>
   </div>
   <div class='ocr_carea' id='block_1_83' title="bbox 1901 2628 3482 2704">
    <p class='ocr_par' dir='ltr' id='par_1_83' title="bbox 1901 2628 3482 2704">
     <span class='ocr_line' id='line_1_83' title="bbox 1901 2628 3482 2704; baseline -0.008 -13"><span class='ocrx_word' id='word_1_599' title='bbox 1901 2636 2284 2691; x_wconf 89' lang='lat' dir='ltr'><strong>certaminum.</strong></span> <span class='ocrx_word' id='word_1_600' title='bbox 2338 2635 2490 2691; x_wconf 92' lang='lat' dir='ltr'><strong>Unde</strong></span> <span class='ocrx_word' id='word_1_601' title='bbox 2536 2642 2657 2704; x_wconf 87' lang='lat' dir='ltr'><strong>post</strong></span> <span class='ocrx_word' id='word_1_602' title='bbox 2703 2631 2819 2688; x_wconf 90' lang='lat' dir='ltr'><strong>Gad</strong></span> <span class='ocrx_word' id='word_1_603' title='bbox 2847 2633 3002 2697; x_wconf 89' lang='lat' dir='ltr'><strong>Aser,</strong></span> <span class='ocrx_word' id='word_1_604' title='bbox 3052 2630 3106 2684; x_wconf 91' lang='lat' dir='ltr'><strong>id</strong></span> <span class='ocrx_word' id='word_1_605' title='bbox 3145 2636 3230 2685; x_wconf 91' lang='lat' dir='ltr'><strong>est</strong></span> <span class='ocrx_word' id='word_1_606' title='bbox 3268 2628 3482 2691; x_wconf 92' lang='lat' dir='ltr'><strong>beatus,</strong></span> 
     </span>
    </p>
   </div>
   <div class='ocr_carea' id='block_1_84' title="bbox 1899 2720 3483 2800">
    <p class='ocr_par' dir='ltr' id='par_1_84' title="bbox 1899 2720 3483 2800">
     <span class='ocr_line' id='line_1_84' title="bbox 1899 2720 3483 2800; baseline -0.008 -15"><span class='ocrx_word' id='word_1_607' title='bbox 1899 2743 2138 2800; x_wconf 85' lang='lat' dir='ltr'><strong>congruo</strong></span> <span class='ocrx_word' id='word_1_608' title='bbox 2168 2729 2300 2783; x_wconf 89' lang='lat' dir='ltr'><strong>satis</strong></span> <span class='ocrx_word' id='word_1_609' title='bbox 2335 2728 2528 2784; x_wconf 88' lang='lat' dir='ltr'><strong>ordine</strong></span> <span class='ocrx_word' id='word_1_610' title='bbox 2570 2727 2808 2798; x_wconf 88' lang='lat' dir='ltr'><strong>ponitur.</strong></span> <span class='ocrx_word' id='word_1_611' title='bbox 2854 2724 3052 2780; x_wconf 90' lang='lat' dir='ltr'><strong>Beatus</strong></span> <span class='ocrx_word' id='word_1_612' title='bbox 3079 2723 3154 2778; x_wconf 91' lang='lat' dir='ltr'><strong>vir</strong></span> <span class='ocrx_word' id='word_1_613' title='bbox 3175 2721 3268 2793; x_wconf 87' lang='lat' dir='ltr'><strong>qui</strong></span> <span class='ocrx_word' id='word_1_614' title='bbox 3296 2720 3483 2789; x_wconf 76' lang='lat' dir='ltr'><strong>sulfert</strong></span> 
     </span>
    </p>
   </div>
   <div class='ocr_carea' id='block_1_85' title="bbox 1899 2812 3472 2889">
    <p class='ocr_par' dir='ltr' id='par_1_85' title="bbox 1899 2812 3472 2889">
     <span class='ocr_line' id='line_1_85' title="bbox 1899 2812 3472 2889; baseline -0.006 -16"><span class='ocrx_word' id='word_1_615' title='bbox 1899 2819 2240 2884; x_wconf 88' lang='lat' dir='ltr'><strong>tentationes,</strong></span> <span class='ocrx_word' id='word_1_616' title='bbox 2267 2820 2539 2889; x_wconf 87' lang='lat' dir='ltr'><strong>quoniam,</strong></span> <span class='ocrx_word' id='word_1_617' title='bbox 2578 2835 2698 2872; x_wconf 88' lang='lat' dir='ltr'><strong>cum</strong></span> <span class='ocrx_word' id='word_1_618' title='bbox 2714 2817 2962 2888; x_wconf 88' lang='lat' dir='ltr'><strong>probatus</strong></span> <span class='ocrx_word' id='word_1_619' title='bbox 3009 2815 3209 2884; x_wconf 80' lang='lat' dir='ltr'><strong>fuerit,</strong></span> <span class='ocrx_word' id='word_1_620' title='bbox 3252 2812 3472 2882; x_wconf 88' lang='lat' dir='ltr'><strong>accipiet</strong></span> 
     </span>
    </p>
   </div>
   <div class='ocr_carea' id='block_1_86' title="bbox 1900 2900 3480 2978">
    <p class='ocr_par' dir='ltr' id='par_1_86' title="bbox 1900 2900 3480 2978">
     <span class='ocr_line' id='line_1_86' title="bbox 1900 2900 3480 2978; baseline -0.006 -14"><span class='ocrx_word' id='word_1_621' title='bbox 1900 2926 2147 2964; x_wconf 89' lang='lat' dir='ltr'><strong>coronam</strong></span> <span class='ocrx_word' id='word_1_622' title='bbox 2193 2910 2312 2963; x_wconf 76' lang='lat' dir='ltr'><strong>vita:</strong></span> <span class='ocrx_word' id='word_1_623' title='bbox 2341 2907 2482 2978; x_wconf 84' lang='lat' dir='ltr'><strong>(Jac.</strong></span> <span class='ocrx_word' id='word_1_624' title='bbox 2533 2924 2584 2973; x_wconf 86' lang='grc' dir='ltr'>ι,</span> <span class='ocrx_word' id='word_1_625' title='bbox 2629 2907 2707 2978; x_wconf 81' lang='grc'><strong>5).</strong></span> <span class='ocrx_word' id='word_1_626' title='bbox 2745 2905 2881 2974; x_wconf 84' lang='lat' dir='ltr'><strong>Quia</strong></span> <span class='ocrx_word' id='word_1_627' title='bbox 2925 2905 3084 2977; x_wconf 89' lang='lat' dir='ltr'><strong>hujus</strong></span> <span class='ocrx_word' id='word_1_628' title='bbox 3125 2900 3480 2959; x_wconf 88' lang='lat' dir='ltr'><strong>beatitudinis</strong></span> 
     </span>
    </p>
   </div>
   <div class='ocr_carea' id='block_1_87' title="bbox 1901 2995 3484 3073">
    <p class='ocr_par' dir='ltr' id='par_1_87' title="bbox 1901 2995 3484 3073">
     <span class='ocr_line' id='line_1_87' title="bbox 1901 2995 3484 3073; baseline -0.006 -16"><span class='ocrx_word' id='word_1_629' title='bbox 1901 3002 2006 3058; x_wconf 84' lang='lat' dir='ltr'><strong>fida</strong></span> <span class='ocrx_word' id='word_1_630' title='bbox 2032 3001 2393 3073; x_wconf 88' lang='lat' dir='ltr'><strong>promissione</strong></span> <span class='ocrx_word' id='word_1_631' title='bbox 2421 3001 2692 3072; x_wconf 87' lang='lat' dir='ltr'><strong>patientes</strong></span> <span class='ocrx_word' id='word_1_632' title='bbox 2717 3015 2826 3056; x_wconf 92' lang='lat' dir='ltr'><strong>non</strong></span> <span class='ocrx_word' id='word_1_633' title='bbox 2855 3005 3244 3069; x_wconf 81' lang='lat' dir='ltr'><strong>angustantur;</strong></span> <span class='ocrx_word' id='word_1_634' title='bbox 3270 2995 3366 3052; x_wconf 88' lang='lat' dir='ltr'><strong>sed</strong></span> <span class='ocrx_word' id='word_1_635' title='bbox 3387 3009 3484 3064; x_wconf 91' lang='lat' dir='ltr'><strong>spe</strong></span> 
     </span>
    </p>
   </div>
   <div class='ocr_carea' id='block_1_88' title="bbox 1899 3089 3483 3168">
    <p class='ocr_par' dir='ltr' id='par_1_88' title="bbox 1899 3089 3483 3168">
     <span class='ocr_line' id='line_1_88' title="bbox 1899 3089 3483 3168; baseline -0.006 -18"><span class='ocrx_word' id='word_1_636' title='bbox 1899 3095 2194 3168; x_wconf 90' lang='lat' dir='ltr'><strong>gaudentes</strong></span> <span class='ocrx_word' id='word_1_637' title='bbox 2211 3135 2226 3160; x_wconf 92' lang='lat'><strong>,</strong></span> <span class='ocrx_word' id='word_1_638' title='bbox 2253 3095 2307 3149; x_wconf 93' lang='lat' dir='ltr'><strong>in</strong></span> <span class='ocrx_word' id='word_1_639' title='bbox 2339 3093 2683 3149; x_wconf 92' lang='lat' dir='ltr'><strong>tribulatione</strong></span> <span class='ocrx_word' id='word_1_640' title='bbox 2704 3093 2970 3163; x_wconf 88' lang='lat' dir='ltr'><strong>patientes</strong></span> <span class='ocrx_word' id='word_1_641' title='bbox 2991 3106 3114 3147; x_wconf 90' lang='lat' dir='ltr'><strong>cum</strong></span> <span class='ocrx_word' id='word_1_642' title='bbox 3140 3089 3483 3159; x_wconf 90' lang='lat' dir='ltr'><strong>Psalmogra-</strong></span> 
     </span>
    </p>
   </div>
   <div class='ocr_carea' id='block_1_89' title="bbox 1897 3179 3481 3260">
    <p class='ocr_par' dir='ltr' id='par_1_89' title="bbox 1897 3179 3481 3260">
     <span class='ocr_line' id='line_1_89' title="bbox 1897 3179 3481 3260; baseline -0.006 -16"><span class='ocrx_word' id='word_1_643' title='bbox 1897 3189 2007 3260; x_wconf 91' lang='lat' dir='ltr'><strong>pho</strong></span> <span class='ocrx_word' id='word_1_644' title='bbox 2049 3190 2336 3244; x_wconf 88' lang='lat' dir='ltr'><strong>decantant</strong></span> <span class='ocrx_word' id='word_1_645' title='bbox 2372 3206 2384 3240; x_wconf 87' lang='lat'><strong>:</strong></span> <span class='ocrx_word' id='word_1_646' title='bbox 2415 3186 2483 3240; x_wconf 85' lang='lat' dir='ltr'><strong>In</strong></span> <span class='ocrx_word' id='word_1_647' title='bbox 2530 3184 2866 3240; x_wconf 91' lang='lat' dir='ltr'><strong>tribulatione</strong></span> <span class='ocrx_word' id='word_1_648' title='bbox 2905 3183 3140 3239; x_wconf 90' lang='lat' dir='ltr'><strong>dilatasti</strong></span> <span class='ocrx_word' id='word_1_649' title='bbox 3181 3199 3263 3237; x_wconf 88' lang='lat' dir='ltr'><strong>me</strong></span> <span class='ocrx_word' id='word_1_650' title='bbox 3305 3179 3481 3252; x_wconf 88' lang='lat' dir='ltr'><strong>(Psal.</strong></span> 
     </span>
    </p>
   </div>
   <div class='ocr_carea' id='block_1_90' title="bbox 1823 3251 3480 3352">
    <p class='ocr_par' dir='ltr' id='par_1_90' title="bbox 1823 3251 3480 3352">
     <span class='ocr_line' id='line_1_90' title="bbox 1823 3251 3480 3352; baseline -0.005 -15"><span class='ocrx_word' id='word_1_651' title='bbox 1823 3251 1867 3314; x_wconf 66' lang='grc' dir='ltr'>Ο</span> <span class='ocrx_word' id='word_1_652' title='bbox 1898 3251 1973 3347; x_wconf 75' lang='grc' dir='ltr'><strong>ιν,</strong></span> <span class='ocrx_word' id='word_1_653' title='bbox 2006 3279 2081 3352; x_wconf 90' lang='grc'><strong>1).</strong></span> <span class='ocrx_word' id='word_1_654' title='bbox 2115 3279 2181 3334; x_wconf 84' lang='lat' dir='ltr'><strong>Et</strong></span> <span class='ocrx_word' id='word_1_655' title='bbox 2209 3279 2338 3334; x_wconf 88' lang='lat' dir='ltr'><strong>item</strong></span> <span class='ocrx_word' id='word_1_656' title='bbox 2366 3296 2378 3332; x_wconf 93' lang='lat'>:</span> <span class='ocrx_word' id='word_1_657' title='bbox 2419 3277 2571 3332; x_wconf 89' lang='lat' dir='ltr'><strong>Viam</strong></span> <span class='ocrx_word' id='word_1_658' title='bbox 2599 3277 2970 3332; x_wconf 87' lang='lat' dir='ltr'><strong>mandatorum</strong></span> <span class='ocrx_word' id='word_1_659' title='bbox 2996 3285 3210 3330; x_wconf 88' lang='lat' dir='ltr'><strong>tuorum</strong></span> <span class='ocrx_word' id='word_1_660' title='bbox 3248 3251 3480 3340; x_wconf 89' lang='lat' dir='ltr'><strong>cucurri,</strong></span> 
     </span>
    </p>
   </div>
   <div class='ocr_carea' id='block_1_91' title="bbox 1899 3367 3194 3443">
    <p class='ocr_par' dir='ltr' id='par_1_91' title="bbox 1899 3367 3194 3443">
     <span class='ocr_line' id='line_1_91' title="bbox 1899 3367 3194 3443; baseline -0.005 -17"><span class='ocrx_word' id='word_1_661' title='bbox 1899 3389 2016 3428; x_wconf 91' lang='lat' dir='ltr'><strong>cum</strong></span> <span class='ocrx_word' id='word_1_662' title='bbox 2041 3371 2293 3426; x_wconf 89' lang='lat' dir='ltr'><strong>dilatares</strong></span> <span class='ocrx_word' id='word_1_663' title='bbox 2331 3387 2422 3426; x_wconf 93' lang='lat' dir='ltr'><strong>cor</strong></span> <span class='ocrx_word' id='word_1_664' title='bbox 2447 3387 2621 3425; x_wconf 89' lang='lat' dir='ltr'><strong>meum</strong></span> <span class='ocrx_word' id='word_1_665' title='bbox 2649 3367 2824 3443; x_wconf 87' lang='lat' dir='ltr'><strong>(Psal.</strong></span> <span class='ocrx_word' id='word_1_666' title='bbox 2851 3384 3018 3425; x_wconf 86' lang='lat' dir='ltr'><strong>cxvur</strong></span> <span class='ocrx_word' id='word_1_667' title='bbox 3035 3409 3050 3435; x_wconf 94' lang='lat'><strong>,</strong></span> <span class='ocrx_word' id='word_1_668' title='bbox 3081 3367 3194 3439; x_wconf 77' lang='grc'><strong>52).</strong></span> 
     </span>
    </p>
   </div>
   <div class='ocr_carea' id='block_1_92' title="bbox 1969 3460 3483 3535">
    <p class='ocr_par' dir='ltr' id='par_1_92' title="bbox 1969 3460 3483 3535">
     <span class='ocr_line' id='line_1_92' title="bbox 1969 3460 3483 3535; baseline -0.005 -15"><span class='ocrx_word' id='word_1_669' title='bbox 1969 3465 2190 3535; x_wconf 82' lang='lat' dir='ltr'><strong>Joseph.</strong></span> <span class='ocrx_word' id='word_1_670' title='bbox 2222 3462 2420 3535; x_wconf 87' lang='lat' dir='ltr'><strong>Joseph</strong></span> <span class='ocrx_word' id='word_1_671' title='bbox 2465 3465 2855 3535; x_wconf 86' lang='lat' dir='ltr'><strong>interpretatur</strong></span> <span class='ocrx_word' id='word_1_672' title='bbox 2881 3471 3218 3534; x_wconf 84' lang='lat' dir='ltr'><strong>augmentum</strong></span> <span class='ocrx_word' id='word_1_673' title='bbox 3258 3460 3343 3516; x_wconf 88' lang='lat' dir='ltr'><strong>vel</strong></span> <span class='ocrx_word' id='word_1_674' title='bbox 3388 3460 3483 3514; x_wconf 81' lang='lat' dir='ltr'><strong>ad-</strong></span> 
     </span>
    </p>
   </div>
   <div class='ocr_carea' id='block_1_93' title="bbox 1899 3551 3486 3630">
    <p class='ocr_par' dir='ltr' id='par_1_93' title="bbox 1899 3551 3486 3630">
     <span class='ocr_line' id='line_1_93' title="bbox 1899 3551 3486 3630; baseline -0.003 -16"><span class='ocrx_word' id='word_1_675' title='bbox 1899 3560 2048 3615; x_wconf 88' lang='lat' dir='ltr'><strong>dens.</strong></span> <span class='ocrx_word' id='word_1_676' title='bbox 2100 3557 2384 3630; x_wconf 87' lang='lat' dir='ltr'><strong>Signiﬁcat</strong></span> <span class='ocrx_word' id='word_1_677' title='bbox 2429 3557 2550 3614; x_wconf 91' lang='lat' dir='ltr'><strong>illos</strong></span> <span class='ocrx_word' id='word_1_678' title='bbox 2597 3559 2690 3628; x_wconf 90' lang='lat' dir='ltr'><strong>qui</strong></span> <span class='ocrx_word' id='word_1_679' title='bbox 2738 3573 2839 3629; x_wconf 84' lang='lat' dir='ltr'><strong>pro</strong></span> <span class='ocrx_word' id='word_1_680' title='bbox 2885 3565 3178 3626; x_wconf 88' lang='lat' dir='ltr'><strong>augmento</strong></span> <span class='ocrx_word' id='word_1_681' title='bbox 3221 3551 3486 3626; x_wconf 85' lang='lat' dir='ltr'><strong>spiritalis</strong></span> 
     </span>
    </p>
   </div>
   <div class='ocr_carea' id='block_1_94' title="bbox 1900 3648 3484 3721">
    <p class='ocr_par' dir='ltr' id='par_1_94' title="bbox 1900 3648 3484 3721">
     <span class='ocr_line' id='line_1_94' title="bbox 1900 3648 3484 3721; baseline -0.003 -15"><span class='ocrx_word' id='word_1_682' title='bbox 1900 3650 2215 3707; x_wconf 80' lang='lat' dir='ltr'><strong>substantiae</strong></span> <span class='ocrx_word' id='word_1_683' title='bbox 2243 3651 2612 3721; x_wconf 88' lang='lat' dir='ltr'><strong>virtutumque</strong></span> <span class='ocrx_word' id='word_1_684' title='bbox 2659 3649 2894 3706; x_wconf 87' lang='lat' dir='ltr'><strong>student.</strong></span> <span class='ocrx_word' id='word_1_685' title='bbox 2931 3648 3084 3706; x_wconf 91' lang='lat' dir='ltr'><strong>Unde</strong></span> <span class='ocrx_word' id='word_1_686' title='bbox 3111 3655 3168 3704; x_wconf 90' lang='lat' dir='ltr'><strong>et</strong></span> <span class='ocrx_word' id='word_1_687' title='bbox 3193 3655 3484 3719; x_wconf 89' lang='lat' dir='ltr'><strong>augmento</strong></span> 
     </span>
    </p>
   </div>
   <div class='ocr_carea' id='block_1_95' title="bbox 1899 3739 3485 3812">
    <p class='ocr_par' dir='ltr' id='par_1_95' title="bbox 1899 3739 3485 3812">
     <span class='ocr_line' id='line_1_95' title="bbox 1899 3739 3485 3812; baseline -0.002 -17"><span class='ocrx_word' id='word_1_688' title='bbox 1899 3739 2043 3796; x_wconf 88' lang='lat' dir='ltr'><strong>felici</strong></span> <span class='ocrx_word' id='word_1_689' title='bbox 2087 3741 2413 3796; x_wconf 87' lang='lat' dir='ltr'><strong>succedente</strong></span> <span class='ocrx_word' id='word_1_690' title='bbox 2441 3741 2739 3812; x_wconf 88' lang='lat' dir='ltr'><strong>gratiarum</strong></span> <span class='ocrx_word' id='word_1_691' title='bbox 2771 3741 2911 3796; x_wconf 89' lang='lat' dir='ltr'><strong>dona</strong></span> <span class='ocrx_word' id='word_1_692' title='bbox 2937 3739 3248 3796; x_wconf 89' lang='lat' dir='ltr'><strong>tribuuntur</strong></span> <span class='ocrx_word' id='word_1_693' title='bbox 3285 3739 3397 3803; x_wconf 90' lang='lat' dir='ltr'><strong>eis,</strong></span> <span class='ocrx_word' id='word_1_694' title='bbox 3428 3747 3485 3792; x_wconf 89' lang='lat' dir='ltr'><strong>et</strong></span> 
     </span>
    </p>
   </div>
   <div class='ocr_carea' id='block_1_96' title="bbox 1900 3834 3483 3910">
    <p class='ocr_par' dir='ltr' id='par_1_96' title="bbox 1900 3834 3483 3910">
     <span class='ocr_line' id='line_1_96' title="bbox 1900 3834 3483 3910; baseline -0.005 -16"><span class='ocrx_word' id='word_1_695' title='bbox 1900 3837 2122 3910; x_wconf 90' lang='lat' dir='ltr'><strong>insuper</strong></span> <span class='ocrx_word' id='word_1_696' title='bbox 2147 3837 2364 3893; x_wconf 91' lang='lat' dir='ltr'><strong>additur</strong></span> <span class='ocrx_word' id='word_1_697' title='bbox 2392 3837 2560 3909; x_wconf 89' lang='lat' dir='ltr'><strong>gloria</strong></span> <span class='ocrx_word' id='word_1_698' title='bbox 2585 3836 2823 3892; x_wconf 65' lang='lat' dir='ltr'><strong>caelestis</strong></span> <span class='ocrx_word' id='word_1_699' title='bbox 2860 3836 3131 3902; x_wconf 90' lang='lat' dir='ltr'><strong>muneris,</strong></span> <span class='ocrx_word' id='word_1_700' title='bbox 3164 3834 3291 3904; x_wconf 90' lang='lat' dir='ltr'><strong>quia</strong></span> <span class='ocrx_word' id='word_1_701' title='bbox 3319 3847 3483 3904; x_wconf 90' lang='lat' dir='ltr'><strong>super</strong></span> 
     </span>
    </p>
   </div>
   <div class='ocr_carea' id='block_1_97' title="bbox 1900 3922 3479 4001">
    <p class='ocr_par' dir='ltr' id='par_1_97' title="bbox 1900 3922 3479 4001">
     <span class='ocr_line' id='line_1_97' title="bbox 1900 3922 3479 4001; baseline -0.006 -16"><span class='ocrx_word' id='word_1_702' title='bbox 1900 3937 2170 4001; x_wconf 65' lang='lat' dir='ltr'><strong>praecepta</strong></span> <span class='ocrx_word' id='word_1_703' title='bbox 2192 3928 2287 3984; x_wconf 92' lang='lat' dir='ltr'><strong>Dei</strong></span> <span class='ocrx_word' id='word_1_704' title='bbox 2313 3927 2517 3998; x_wconf 89' lang='lat' dir='ltr'><strong>aliquid</strong></span> <span class='ocrx_word' id='word_1_705' title='bbox 2538 3926 2770 3998; x_wconf 89' lang='lat' dir='ltr'><strong>amplius</strong></span> <span class='ocrx_word' id='word_1_706' title='bbox 2789 3926 2873 3981; x_wconf 90' lang='lat' dir='ltr'><strong>vel</strong></span> <span class='ocrx_word' id='word_1_707' title='bbox 2895 3927 2951 3981; x_wconf 93' lang='lat' dir='ltr'><strong>in</strong></span> <span class='ocrx_word' id='word_1_708' title='bbox 2971 3924 3284 3997; x_wconf 88' lang='lat' dir='ltr'><strong>virginitate</strong></span> <span class='ocrx_word' id='word_1_709' title='bbox 3306 3922 3392 3979; x_wconf 91' lang='lat' dir='ltr'><strong>vel</strong></span> <span class='ocrx_word' id='word_1_710' title='bbox 3412 3937 3479 3978; x_wconf 84' lang='lat' dir='ltr'><strong>ex</strong></span> 
     </span>
    </p>
   </div>
   <div class='ocr_carea' id='block_1_98' title="bbox 1901 4017 3090 4090">
    <p class='ocr_par' dir='ltr' id='par_1_98' title="bbox 1901 4017 3090 4090">
     <span class='ocr_line' id='line_1_98' title="bbox 1901 4017 3090 4090; baseline -0.002 -15"><span class='ocrx_word' id='word_1_711' title='bbox 1901 4021 2217 4078; x_wconf 90' lang='lat' dir='ltr'><strong>facultatum</strong></span> <span class='ocrx_word' id='word_1_712' title='bbox 2247 4035 2470 4075; x_wconf 89' lang='lat' dir='ltr'><strong>suarum</strong></span> <span class='ocrx_word' id='word_1_713' title='bbox 2501 4019 2808 4090; x_wconf 87' lang='lat' dir='ltr'><strong>quantitate</strong></span> <span class='ocrx_word' id='word_1_714' title='bbox 2838 4017 3090 4074; x_wconf 88' lang='lat' dir='ltr'><strong>offerunt.</strong></span> 
     </span>
    </p>
   </div>
   <div class='ocr_carea' id='block_1_99' title="bbox 1969 4109 3479 4184">
    <p class='ocr_par' dir='ltr' id='par_1_99' title="bbox 1969 4109 3479 4184">
     <span class='ocr_line' id='line_1_99' title="bbox 1969 4109 3479 4184; baseline -0.003 -15"><span class='ocrx_word' id='word_1_715' title='bbox 1969 4113 2269 4184; x_wconf 89' lang='lat' dir='ltr'><strong>Benjamin.</strong></span> <span class='ocrx_word' id='word_1_716' title='bbox 2302 4111 2579 4180; x_wconf 76' lang='lat' dir='ltr'><strong>Beniamin</strong></span> <span class='ocrx_word' id='word_1_717' title='bbox 2619 4112 3008 4182; x_wconf 89' lang='lat' dir='ltr'><strong>interpretatur</strong></span> <span class='ocrx_word' id='word_1_718' title='bbox 3044 4109 3189 4180; x_wconf 84' lang='lat' dir='ltr'><strong>ﬁlius</strong></span> <span class='ocrx_word' id='word_1_719' title='bbox 3218 4111 3479 4176; x_wconf 61' lang='lat' dir='ltr'><strong>dexteris,</strong></span> 
     </span>
    </p>
   </div>
   <div class='ocr_carea' id='block_1_100' title="bbox 1903 4197 3486 4274">
    <p class='ocr_par' dir='ltr' id='par_1_100' title="bbox 1903 4197 3486 4274">
     <span class='ocr_line' id='line_1_100' title="bbox 1903 4197 3486 4274; baseline -0.003 -13"><span class='ocrx_word' id='word_1_720' title='bbox 1903 4205 2023 4261; x_wconf 91' lang='lat' dir='ltr'><strong>illos</strong></span> <span class='ocrx_word' id='word_1_721' title='bbox 2049 4206 2422 4261; x_wconf 89' lang='lat' dir='ltr'><strong>demonstrans</strong></span> <span class='ocrx_word' id='word_1_722' title='bbox 2457 4197 2548 4274; x_wconf 85' lang='lat' dir='ltr'><strong>qui</strong></span> <span class='ocrx_word' id='word_1_723' title='bbox 2577 4204 2759 4259; x_wconf 92' lang='lat' dir='ltr'><strong>omnia</strong></span> <span class='ocrx_word' id='word_1_724' title='bbox 2789 4218 2886 4258; x_wconf 90' lang='lat' dir='ltr'><strong>sua</strong></span> <span class='ocrx_word' id='word_1_725' title='bbox 2917 4201 3039 4257; x_wconf 90' lang='lat' dir='ltr'><strong>ideo</strong></span> <span class='ocrx_word' id='word_1_726' title='bbox 3066 4200 3268 4257; x_wconf 89' lang='lat' dir='ltr'><strong>faciunt</strong></span> <span class='ocrx_word' id='word_1_727' title='bbox 3313 4211 3375 4256; x_wconf 91' lang='lat' dir='ltr'><strong>ut</strong></span> <span class='ocrx_word' id='word_1_728' title='bbox 3418 4201 3486 4256; x_wconf 91' lang='lat' dir='ltr'><strong>ad</strong></span> 
     </span>
    </p>
   </div>
   <div class='ocr_carea' id='block_1_101' title="bbox 1900 4293 3484 4370">
    <p class='ocr_par' dir='ltr' id='par_1_101' title="bbox 1900 4293 3484 4370">
     <span class='ocr_line' id='line_1_101' title="bbox 1900 4293 3484 4370; baseline -0.004 -13"><span class='ocrx_word' id='word_1_729' title='bbox 1900 4299 2179 4357; x_wconf 83' lang='lat' dir='ltr'><strong>dexteram</strong></span> <span class='ocrx_word' id='word_1_730' title='bbox 2212 4297 2410 4370; x_wconf 91' lang='lat' dir='ltr'><strong>judicis</strong></span> <span class='ocrx_word' id='word_1_731' title='bbox 2440 4305 2768 4353; x_wconf 87' lang='lat' dir='ltr'><strong>statuantur.</strong></span> <span class='ocrx_word' id='word_1_732' title='bbox 2802 4296 2872 4352; x_wconf 88' lang='lat' dir='ltr'><strong>Et</strong></span> <span class='ocrx_word' id='word_1_733' title='bbox 2896 4295 3035 4352; x_wconf 89' lang='lat' dir='ltr'><strong>bene</strong></span> <span class='ocrx_word' id='word_1_734' title='bbox 3065 4305 3311 4352; x_wconf 85' lang='lat' dir='ltr'><strong>extremo</strong></span> <span class='ocrx_word' id='word_1_735' title='bbox 3339 4293 3484 4350; x_wconf 88' lang='lat' dir='ltr'><strong>Ben-</strong></span> 
     </span>
    </p>
   </div>
   <div class='ocr_carea' id='block_1_102' title="bbox 1897 4386 3484 4462">
    <p class='ocr_par' dir='ltr' id='par_1_102' title="bbox 1897 4386 3484 4462">
     <span class='ocr_line' id='line_1_102' title="bbox 1897 4386 3484 4462; baseline -0.001 -18"><span class='ocrx_word' id='word_1_736' title='bbox 1897 4390 2065 4462; x_wconf 89' lang='lat' dir='ltr'><strong>jamin</strong></span> <span class='ocrx_word' id='word_1_737' title='bbox 2111 4388 2331 4461; x_wconf 88' lang='lat' dir='ltr'><strong>ponitur</strong></span> <span class='ocrx_word' id='word_1_738' title='bbox 2373 4388 2523 4454; x_wconf 92' lang='lat' dir='ltr'><strong>loco;</strong></span> <span class='ocrx_word' id='word_1_739' title='bbox 2569 4387 2696 4459; x_wconf 90' lang='lat' dir='ltr'><strong>quia</strong></span> <span class='ocrx_word' id='word_1_740' title='bbox 2739 4402 2862 4443; x_wconf 90' lang='lat' dir='ltr'><strong>cum</strong></span> <span class='ocrx_word' id='word_1_741' title='bbox 2922 4387 3215 4443; x_wconf 88' lang='lat' dir='ltr'><strong>novissima</strong></span> <span class='ocrx_word' id='word_1_742' title='bbox 3267 4386 3484 4442; x_wconf 86' lang='lat' dir='ltr'><strong>inimica</strong></span> 
     </span>
    </p>
   </div>
   <div class='ocr_carea' id='block_1_103' title="bbox 1903 4477 3485 4543">
    <p class='ocr_par' dir='ltr' id='par_1_103' title="bbox 1903 4477 3485 4543">
     <span class='ocr_line' id='line_1_103' title="bbox 1903 4477 3485 4543; baseline -0.003 -7"><span class='ocrx_word' id='word_1_743' title='bbox 1903 4495 2052 4536; x_wconf 92' lang='lat' dir='ltr'><strong>mors</strong></span> <span class='ocrx_word' id='word_1_744' title='bbox 2079 4480 2408 4543; x_wconf 89' lang='lat' dir='ltr'><strong>destruetur,</strong></span> <span class='ocrx_word' id='word_1_745' title='bbox 2443 4478 2673 4534; x_wconf 90' lang='lat' dir='ltr'><strong>felicitas</strong></span> <span class='ocrx_word' id='word_1_746' title='bbox 2701 4477 3036 4533; x_wconf 65' lang='lat' dir='ltr'><strong>haereditatis</strong></span> <span class='ocrx_word' id='word_1_747' title='bbox 3062 4485 3276 4533; x_wconf 76' lang='lat' dir='ltr'><strong>aeternae</strong></span> <span class='ocrx_word' id='word_1_748' title='bbox 3317 4478 3485 4532; x_wconf 87' lang='lat' dir='ltr'><strong>dona-</strong></span> 
     </span>
    </p>
   </div>
   <div class='ocr_carea' id='block_1_104' title="bbox 1903 4569 3487 4641">
    <p class='ocr_par' dir='ltr' id='par_1_104' title="bbox 1903 4569 3487 4641">
     <span class='ocr_line' id='line_1_104' title="bbox 1903 4569 3487 4641; baseline -0.003 -14"><span class='ocrx_word' id='word_1_749' title='bbox 1903 4573 2050 4627; x_wconf 90' lang='lat' dir='ltr'><strong>bitur</strong></span> <span class='ocrx_word' id='word_1_750' title='bbox 2078 4571 2293 4630; x_wconf 88' lang='lat' dir='ltr'><strong>electis:</strong></span> <span class='ocrx_word' id='word_1_751' title='bbox 2324 4571 2438 4626; x_wconf 90' lang='lat' dir='ltr'><strong>sive</strong></span> <span class='ocrx_word' id='word_1_752' title='bbox 2461 4569 2833 4641; x_wconf 85' lang='lat' dir='ltr'><strong>unusquisque</strong></span> <span class='ocrx_word' id='word_1_753' title='bbox 2864 4569 3100 4626; x_wconf 87' lang='lat' dir='ltr'><strong>ﬁdelium</strong></span> <span class='ocrx_word' id='word_1_754' title='bbox 3128 4569 3269 4625; x_wconf 89' lang='lat' dir='ltr'><strong>ﬁlius</strong></span> <span class='ocrx_word' id='word_1_755' title='bbox 3299 4570 3487 4625; x_wconf 80' lang='lat' dir='ltr'><strong>dexte-</strong></span> 
     </span>
    </p>
   </div>
   <div class='ocr_carea' id='block_1_105' title="bbox 1906 4660 3482 4732">
    <p class='ocr_par' dir='ltr' id='par_1_105' title="bbox 1906 4660 3482 4732">
     <span class='ocr_line' id='line_1_105' title="bbox 1906 4660 3482 4732; baseline -0.002 -15"><span class='ocrx_word' id='word_1_756' title='bbox 1906 4679 1979 4718; x_wconf 76' lang='lat' dir='ltr'><strong>rae</strong></span> <span class='ocrx_word' id='word_1_757' title='bbox 2000 4660 2125 4732; x_wconf 91' lang='lat' dir='ltr'><strong>jure</strong></span> <span class='ocrx_word' id='word_1_758' title='bbox 2154 4662 2386 4728; x_wconf 89' lang='lat' dir='ltr'><strong>dicatur,</strong></span> <span class='ocrx_word' id='word_1_759' title='bbox 2419 4677 2514 4717; x_wconf 90' lang='lat' dir='ltr'><strong>seu</strong></span> <span class='ocrx_word' id='word_1_760' title='bbox 2542 4663 2720 4718; x_wconf 92' lang='lat' dir='ltr'><strong>omnis</strong></span> <span class='ocrx_word' id='word_1_761' title='bbox 2767 4671 2942 4718; x_wconf 90' lang='lat' dir='ltr'><strong>coetus</strong></span> <span class='ocrx_word' id='word_1_762' title='bbox 2971 4662 3256 4730; x_wconf 62' lang='lat' dir='ltr'><strong>Ecclesia,</strong></span> <span class='ocrx_word' id='word_1_763' title='bbox 3287 4662 3353 4717; x_wconf 91' lang='lat' dir='ltr'><strong>de</strong></span> <span class='ocrx_word' id='word_1_764' title='bbox 3376 4675 3482 4732; x_wconf 89' lang='lat' dir='ltr'><strong>qua</strong></span> 
     </span>
    </p>
   </div>
   <div class='ocr_carea' id='block_1_106' title="bbox 1905 4755 3484 4825">
    <p class='ocr_par' dir='ltr' id='par_1_106' title="bbox 1905 4755 3484 4825">
     <span class='ocr_line' id='line_1_106' title="bbox 1905 4755 3484 4825; baseline -0.002 -14"><span class='ocrx_word' id='word_1_765' title='bbox 1905 4755 2152 4811; x_wconf 87' lang='lat' dir='ltr'><strong>canimus</strong></span> <span class='ocrx_word' id='word_1_766' title='bbox 2178 4773 2190 4809; x_wconf 94' lang='lat'>:</span> <span class='ocrx_word' id='word_1_767' title='bbox 2222 4755 2400 4809; x_wconf 82' lang='lat' dir='ltr'><strong>Astitit</strong></span> <span class='ocrx_word' id='word_1_768' title='bbox 2422 4757 2602 4825; x_wconf 89' lang='lat' dir='ltr'><strong>regina</strong></span> <span class='ocrx_word' id='word_1_769' title='bbox 2624 4774 2656 4810; x_wconf 91' lang='lat' dir='ltr'><strong>a</strong></span> <span class='ocrx_word' id='word_1_770' title='bbox 2677 4755 2876 4811; x_wconf 75' lang='lat' dir='ltr'><strong>dextris</strong></span> <span class='ocrx_word' id='word_1_771' title='bbox 2909 4757 3012 4810; x_wconf 86' lang='lat' dir='ltr'><strong>tuis</strong></span> <span class='ocrx_word' id='word_1_772' title='bbox 3035 4757 3090 4811; x_wconf 92' lang='lat' dir='ltr'><strong>in</strong></span> <span class='ocrx_word' id='word_1_773' title='bbox 3111 4757 3295 4811; x_wconf 84' lang='lat' dir='ltr'><strong>vestitu</strong></span> <span class='ocrx_word' id='word_1_774' title='bbox 3320 4756 3484 4810; x_wconf 88' lang='lat' dir='ltr'><strong>deau-</strong></span> 
     </span>
    </p>
   </div>
   <div class='ocr_carea' id='block_1_107' title="bbox 1909 4845 3484 4920">
    <p class='ocr_par' dir='ltr' id='par_1_107' title="bbox 1909 4845 3484 4920">
     <span class='ocr_line' id='line_1_107' title="bbox 1909 4845 3484 4920; baseline 0.001 -20"><span class='ocrx_word' id='word_1_775' title='bbox 1909 4855 2020 4900; x_wconf 90' lang='lat' dir='ltr'><strong>rato</strong></span> <span class='ocrx_word' id='word_1_776' title='bbox 2037 4885 2054 4911; x_wconf 92' lang='lat'><strong>,</strong></span> <span class='ocrx_word' id='word_1_777' title='bbox 2079 4846 2471 4901; x_wconf 87' lang='lat' dir='ltr'><strong>circumamicta</strong></span> <span class='ocrx_word' id='word_1_778' title='bbox 2495 4849 2743 4903; x_wconf 86' lang='lat' dir='ltr'><strong>varietate</strong></span> <span class='ocrx_word' id='word_1_779' title='bbox 2764 4845 2937 4920; x_wconf 87' lang='lat' dir='ltr'><strong>(Psal.</strong></span> <span class='ocrx_word' id='word_1_780' title='bbox 2968 4865 3116 4916; x_wconf 68' lang='grc' dir='ltr'><strong>κων,</strong></span> <span class='ocrx_word' id='word_1_781' title='bbox 3141 4849 3251 4920; x_wconf 86' lang='grc'><strong>10).</strong></span> <span class='ocrx_word' id='word_1_782' title='bbox 3276 4848 3343 4903; x_wconf 91' lang='lat' dir='ltr'><strong>Et</strong></span> <span class='ocrx_word' id='word_1_783' title='bbox 3368 4849 3484 4904; x_wconf 69' lang='lat' dir='ltr'><strong>haec</strong></span> 
     </span>
    </p>
   </div>
   <div class='ocr_carea' id='block_1_108' title="bbox 1905 4937 3484 5012">
    <p class='ocr_par' dir='ltr' id='par_1_108' title="bbox 1905 4937 3484 5012">
     <span class='ocr_line' id='line_1_108' title="bbox 1905 4937 3484 5012; baseline 0.001 -20"><span class='ocrx_word' id='word_1_784' title='bbox 1905 4937 2157 4994; x_wconf 91' lang='lat' dir='ltr'><strong>videlicet</strong></span> <span class='ocrx_word' id='word_1_785' title='bbox 2203 4937 2475 5004; x_wconf 87' lang='lat' dir='ltr'><strong>Ecclesia,</strong></span> <span class='ocrx_word' id='word_1_786' title='bbox 2506 4952 2572 4994; x_wconf 85' lang='lat' dir='ltr'><strong>ex</strong></span> <span class='ocrx_word' id='word_1_787' title='bbox 2601 4947 2830 5007; x_wconf 92' lang='lat' dir='ltr'><strong>utroque</strong></span> <span class='ocrx_word' id='word_1_788' title='bbox 2856 4941 3053 5012; x_wconf 89' lang='lat' dir='ltr'><strong>popqu</strong></span> <span class='ocrx_word' id='word_1_789' title='bbox 3080 4941 3334 5005; x_wconf 89' lang='lat' dir='ltr'><strong>collecta,</strong></span> <span class='ocrx_word' id='word_1_790' title='bbox 3366 4948 3484 4994; x_wconf 88' lang='lat' dir='ltr'><strong>tan-</strong></span> 
     </span>
    </p>
   </div>
   <div class='ocr_carea' id='block_1_109' title="bbox 1905 5029 3483 5102">
    <p class='ocr_par' dir='ltr' id='par_1_109' title="bbox 1905 5029 3483 5102">
     <span class='ocr_line' id='line_1_109' title="bbox 1905 5029 3483 5102; baseline 0.001 -18"><span class='ocrx_word' id='word_1_791' title='bbox 1905 5044 2066 5101; x_wconf 89' lang='lat' dir='ltr'><strong>quam</strong></span> <span class='ocrx_word' id='word_1_792' title='bbox 2131 5030 2250 5086; x_wconf 72' lang='lat' dir='ltr'><strong>dute</strong></span> <span class='ocrx_word' id='word_1_793' title='bbox 2303 5046 2501 5088; x_wconf 83' lang='lat' dir='ltr'><strong>uxores</strong></span> <span class='ocrx_word' id='word_1_794' title='bbox 2544 5029 2711 5089; x_wconf 81' lang='lat' dir='ltr'><strong>Jacob</strong></span> <span class='ocrx_word' id='word_1_795' title='bbox 2738 5035 2881 5102; x_wconf 87' lang='lat' dir='ltr'><strong>parit</strong></span> <span class='ocrx_word' id='word_1_796' title='bbox 2927 5034 3026 5090; x_wconf 92' lang='lat' dir='ltr'><strong>hos</strong></span> <span class='ocrx_word' id='word_1_797' title='bbox 3063 5033 3235 5098; x_wconf 87' lang='lat' dir='ltr'><strong>ﬁlios,</strong></span> <span class='ocrx_word' id='word_1_798' title='bbox 3282 5039 3338 5087; x_wconf 91' lang='lat' dir='ltr'><strong>et</strong></span> <span class='ocrx_word' id='word_1_799' title='bbox 3385 5047 3483 5102; x_wconf 90' lang='lat' dir='ltr'><strong>pro</strong></span> 
     </span>
    </p>
   </div>
   <div class='ocr_carea' id='block_1_110' title="bbox 1907 5121 3482 5195">
    <p class='ocr_par' dir='ltr' id='par_1_110' title="bbox 1907 5121 3482 5195">
     <span class='ocr_line' id='line_1_110' title="bbox 1907 5121 3482 5195; baseline 0.002 -20"><span class='ocrx_word' id='word_1_800' title='bbox 1907 5121 1992 5176; x_wconf 90' lang='lat' dir='ltr'><strong>his</strong></span> <span class='ocrx_word' id='word_1_801' title='bbox 2020 5121 2259 5178; x_wconf 89' lang='lat' dir='ltr'><strong>deservit</strong></span> <span class='ocrx_word' id='word_1_802' title='bbox 2280 5122 2447 5179; x_wconf 85' lang='lat' dir='ltr'><strong>Jacob</strong></span> <span class='ocrx_word' id='word_1_803' title='bbox 2476 5134 2681 5195; x_wconf 87' lang='lat' dir='ltr'><strong>septem</strong></span> <span class='ocrx_word' id='word_1_804' title='bbox 2710 5126 2885 5182; x_wconf 92' lang='lat' dir='ltr'><strong>annis.</strong></span> <span class='ocrx_word' id='word_1_805' title='bbox 2916 5124 3160 5181; x_wconf 90' lang='lat' dir='ltr'><strong>Servitus</strong></span> <span class='ocrx_word' id='word_1_806' title='bbox 3184 5125 3366 5194; x_wconf 87' lang='lat' dir='ltr'><strong>itaque</strong></span> <span class='ocrx_word' id='word_1_807' title='bbox 3390 5123 3482 5180; x_wconf 83' lang='lat' dir='ltr'><strong>Ja-</strong></span> 
     </span>
    </p>
   </div>
   <div class='ocr_carea' id='block_1_111' title="bbox 1906 5213 3484 5288">
    <p class='ocr_par' dir='ltr' id='par_1_111' title="bbox 1906 5213 3484 5288">
     <span class='ocr_line' id='line_1_111' title="bbox 1906 5213 3484 5288; baseline 0.001 -18"><span class='ocrx_word' id='word_1_808' title='bbox 1906 5213 2007 5270; x_wconf 90' lang='lat' dir='ltr'><strong>cob</strong></span> <span class='ocrx_word' id='word_1_809' title='bbox 2037 5224 2243 5287; x_wconf 90' lang='lat' dir='ltr'><strong>septem</strong></span> <span class='ocrx_word' id='word_1_810' title='bbox 2289 5232 2554 5271; x_wconf 87' lang='lat' dir='ltr'><strong>annorum</strong></span> <span class='ocrx_word' id='word_1_811' title='bbox 2583 5234 2682 5288; x_wconf 91' lang='lat' dir='ltr'><strong>pro</strong></span> <span class='ocrx_word' id='word_1_812' title='bbox 2730 5217 2938 5274; x_wconf 91' lang='lat' dir='ltr'><strong>duabus</strong></span> <span class='ocrx_word' id='word_1_813' title='bbox 2981 5217 3273 5281; x_wconf 90' lang='lat' dir='ltr'><strong>uxoribus,</strong></span> <span class='ocrx_word' id='word_1_814' title='bbox 3325 5215 3484 5284; x_wconf 90' lang='lat' dir='ltr'><strong>hujus</strong></span> 
     </span>
    </p>
   </div>
   <div class='ocr_carea' id='block_1_112' title="bbox 1908 5306 3482 5380">
    <p class='ocr_par' dir='ltr' id='par_1_112' title="bbox 1908 5306 3482 5380">
     <span class='ocr_line' id='line_1_112' title="bbox 1908 5306 3482 5380; baseline 0.002 -21"><span class='ocrx_word' id='word_1_815' title='bbox 1908 5306 2032 5361; x_wconf 65' lang='lat' dir='ltr'><strong>vita:</strong></span> <span class='ocrx_word' id='word_1_816' title='bbox 2078 5308 2358 5378; x_wconf 70' lang='lat' dir='ltr'><strong>praesentis</strong></span> <span class='ocrx_word' id='word_1_817' title='bbox 2388 5316 2599 5380; x_wconf 88' lang='lat' dir='ltr'><strong>tempus</strong></span> <span class='ocrx_word' id='word_1_818' title='bbox 2645 5309 2942 5379; x_wconf 89' lang='lat' dir='ltr'><strong>significat,</strong></span> <span class='ocrx_word' id='word_1_819' title='bbox 2992 5309 3084 5379; x_wconf 87' lang='lat' dir='ltr'><strong>qui</strong></span> <span class='ocrx_word' id='word_1_820' title='bbox 3130 5323 3227 5378; x_wconf 89' lang='lat' dir='ltr'><strong>per</strong></span> <span class='ocrx_word' id='word_1_821' title='bbox 3276 5317 3482 5378; x_wconf 91' lang='lat' dir='ltr'><strong>septem</strong></span> 
     </span>
    </p>
   </div>
   <div class='ocr_carea' id='block_1_113' title="bbox 1907 5398 3482 5472">
    <p class='ocr_par' dir='ltr' id='par_1_113' title="bbox 1907 5398 3482 5472">
     <span class='ocr_line' id='line_1_113' title="bbox 1907 5398 3482 5472; baseline 0.002 -18"><span class='ocrx_word' id='word_1_822' title='bbox 1907 5398 2023 5454; x_wconf 90' lang='lat' dir='ltr'><strong>dies</strong></span> <span class='ocrx_word' id='word_1_823' title='bbox 2044 5398 2294 5464; x_wconf 88' lang='lat' dir='ltr'><strong>volvitur,</strong></span> <span class='ocrx_word' id='word_1_824' title='bbox 2321 5399 2376 5455; x_wconf 92' lang='lat' dir='ltr'><strong>in</strong></span> <span class='ocrx_word' id='word_1_825' title='bbox 2401 5415 2507 5470; x_wconf 85' lang='lat' dir='ltr'><strong>qua</strong></span> <span class='ocrx_word' id='word_1_826' title='bbox 2529 5400 2788 5457; x_wconf 91' lang='lat' dir='ltr'><strong>Dominus</strong></span> <span class='ocrx_word' id='word_1_827' title='bbox 2819 5398 3047 5454; x_wconf 90' lang='lat' dir='ltr'><strong>formam</strong></span> <span class='ocrx_word' id='word_1_828' title='bbox 3077 5400 3218 5455; x_wconf 87' lang='lat' dir='ltr'><strong>servi</strong></span> <span class='ocrx_word' id='word_1_829' title='bbox 3249 5402 3482 5472; x_wconf 91' lang='lat' dir='ltr'><strong>accepit,</strong></span> 
     </span>
    </p>
   </div>
   <div class='ocr_carea' id='block_1_114' title="bbox 1908 5491 3479 5564">
    <p class='ocr_par' dir='ltr' id='par_1_114' title="bbox 1908 5491 3479 5564">
     <span class='ocr_line' id='line_1_114' title="bbox 1908 5491 3479 5564; baseline 0.004 -20"><span class='ocrx_word' id='word_1_830' title='bbox 1908 5491 2082 5547; x_wconf 88' lang='lat' dir='ltr'><strong>factus</strong></span> <span class='ocrx_word' id='word_1_831' title='bbox 2106 5492 2363 5548; x_wconf 86' lang='lat' dir='ltr'><strong>obediens</strong></span> <span class='ocrx_word' id='word_1_832' title='bbox 2387 5501 2626 5564; x_wconf 71' lang='lat' dir='ltr'><strong>paternae</strong></span> <span class='ocrx_word' id='word_1_833' title='bbox 2646 5491 2908 5548; x_wconf 89' lang='lat' dir='ltr'><strong>voluntati</strong></span> <span class='ocrx_word' id='word_1_834' title='bbox 2931 5507 3102 5562; x_wconf 90' lang='lat' dir='ltr'><strong>usque</strong></span> <span class='ocrx_word' id='word_1_835' title='bbox 3131 5495 3198 5549; x_wconf 93' lang='lat' dir='ltr'><strong>ad</strong></span> <span class='ocrx_word' id='word_1_836' title='bbox 3227 5504 3479 5551; x_wconf 88' lang='lat' dir='ltr'><strong>mortem.</strong></span> 
     </span>
    </p>
   </div>
   <div class='ocr_carea' id='block_1_115' title="bbox 1904 5583 3486 5655">
    <p class='ocr_par' dir='ltr' id='par_1_115' title="bbox 1904 5583 3486 5655">
     <span class='ocr_line' id='line_1_115' title="bbox 1904 5583 3486 5655; baseline 0.003 -16"><span class='ocrx_word' id='word_1_837' title='bbox 1904 5583 1997 5640; x_wconf 91' lang='lat' dir='ltr'><strong>Ille</strong></span> <span class='ocrx_word' id='word_1_838' title='bbox 2051 5585 2195 5640; x_wconf 87' lang='lat' dir='ltr'><strong>enim</strong></span> <span class='ocrx_word' id='word_1_839' title='bbox 2253 5601 2351 5655; x_wconf 91' lang='lat' dir='ltr'><strong>pro</strong></span> <span class='ocrx_word' id='word_1_840' title='bbox 2400 5585 2592 5642; x_wconf 93' lang='lat' dir='ltr'><strong>ovibus</strong></span> <span class='ocrx_word' id='word_1_841' title='bbox 2631 5585 2829 5650; x_wconf 88' lang='lat' dir='ltr'><strong>servit;</strong></span> <span class='ocrx_word' id='word_1_842' title='bbox 2873 5594 2931 5640; x_wconf 89' lang='lat' dir='ltr'><strong>et</strong></span> <span class='ocrx_word' id='word_1_843' title='bbox 2983 5585 3242 5644; x_wconf 89' lang='lat' dir='ltr'><strong>Dominus</strong></span> <span class='ocrx_word' id='word_1_844' title='bbox 3299 5598 3486 5645; x_wconf 86' lang='lat' dir='ltr'><strong>noster</strong></span> 
     </span>
    </p>
   </div>
   <div class='ocr_carea' id='block_1_116' title="bbox 1907 5674 3483 5745">
    <p class='ocr_par' dir='ltr' id='par_1_116' title="bbox 1907 5674 3483 5745">
     <span class='ocr_line' id='line_1_116' title="bbox 1907 5674 3483 5745; baseline 0.003 -15"><span class='ocrx_word' id='word_1_845' title='bbox 1907 5676 1984 5730; x_wconf 88' lang='lat' dir='ltr'><strong>ait</strong></span> <span class='ocrx_word' id='word_1_846' title='bbox 2014 5693 2027 5730; x_wconf 92' lang='lat'>:</span> <span class='ocrx_word' id='word_1_847' title='bbox 2063 5674 2185 5730; x_wconf 87' lang='lat' dir='ltr'><strong>Non</strong></span> <span class='ocrx_word' id='word_1_848' title='bbox 2216 5679 2352 5732; x_wconf 90' lang='lat' dir='ltr'><strong>venit</strong></span> <span class='ocrx_word' id='word_1_849' title='bbox 2379 5675 2552 5730; x_wconf 77' lang='lat' dir='ltr'><strong>Filius</strong></span> <span class='ocrx_word' id='word_1_850' title='bbox 2592 5677 2816 5730; x_wconf 84' lang='lat' dir='ltr'><strong>hominis</strong></span> <span class='ocrx_word' id='word_1_851' title='bbox 2843 5677 3162 5745; x_wconf 87' lang='lat' dir='ltr'><strong>ministrari,</strong></span> <span class='ocrx_word' id='word_1_852' title='bbox 3186 5679 3277 5734; x_wconf 89' lang='lat' dir='ltr'><strong>sed</strong></span> <span class='ocrx_word' id='word_1_853' title='bbox 3323 5681 3483 5734; x_wconf 86' lang='lat' dir='ltr'><strong>mini-</strong></span> 
     </span>
    </p>
   </div>
   <div class='ocr_carea' id='block_1_117' title="bbox 1907 5767 3482 5844">
    <p class='ocr_par' dir='ltr' id='par_1_117' title="bbox 1907 5767 3482 5844">
     <span class='ocr_line' id='line_1_117' title="bbox 1907 5767 3482 5844; baseline 0.003 -22"><span class='ocrx_word' id='word_1_854' title='bbox 1907 5777 2076 5823; x_wconf 82' lang='lat' dir='ltr'><strong>strare</strong></span> <span class='ocrx_word' id='word_1_855' title='bbox 2101 5768 2316 5840; x_wconf 79' lang='lat' dir='ltr'><strong>(Matth.</strong></span> <span class='ocrx_word' id='word_1_856' title='bbox 2351 5785 2421 5822; x_wconf 83' lang='lat' dir='ltr'><strong>xx</strong></span> <span class='ocrx_word' id='word_1_857' title='bbox 2442 5808 2457 5834; x_wconf 95' lang='lat'><strong>,</strong></span> <span class='ocrx_word' id='word_1_858' title='bbox 2488 5767 2611 5840; x_wconf 75' lang='lat'><strong>28).</strong></span> <span class='ocrx_word' id='word_1_859' title='bbox 2646 5768 2737 5824; x_wconf 91' lang='lat' dir='ltr'><strong>Ille</strong></span> <span class='ocrx_word' id='word_1_860' title='bbox 2763 5784 2893 5826; x_wconf 88' lang='lat' dir='ltr'><strong>oves</strong></span> <span class='ocrx_word' id='word_1_861' title='bbox 2925 5771 3074 5842; x_wconf 88' lang='lat' dir='ltr'><strong>pavit</strong></span> <span class='ocrx_word' id='word_1_862' title='bbox 3102 5768 3214 5844; x_wconf 89' lang='lat' dir='ltr'><strong>[Z.,</strong></span> <span class='ocrx_word' id='word_1_863' title='bbox 3249 5771 3482 5843; x_wconf 89' lang='lat' dir='ltr'><strong>pascit];</strong></span> 
     </span>
    </p>
   </div>
   <div class='ocr_carea' id='block_1_118' title="bbox 1908 5862 3485 5938">
    <p class='ocr_par' dir='ltr' id='par_1_118' title="bbox 1908 5862 3485 5938">
     <span class='ocr_line' id='line_1_118' title="bbox 1908 5862 3485 5938; baseline 0 -20"><span class='ocrx_word' id='word_1_864' title='bbox 1908 5871 1966 5918; x_wconf 91' lang='lat' dir='ltr'><strong>et</strong></span> <span class='ocrx_word' id='word_1_865' title='bbox 1995 5862 2254 5920; x_wconf 87' lang='lat' dir='ltr'><strong>Dominus</strong></span> <span class='ocrx_word' id='word_1_866' title='bbox 2283 5863 2338 5918; x_wconf 92' lang='lat' dir='ltr'><strong>in</strong></span> <span class='ocrx_word' id='word_1_867' title='bbox 2365 5862 2654 5934; x_wconf 88' lang='lat' dir='ltr'><strong>Evangelio</strong></span> <span class='ocrx_word' id='word_1_868' title='bbox 2677 5863 2808 5919; x_wconf 92' lang='lat' dir='ltr'><strong>dicit</strong></span> <span class='ocrx_word' id='word_1_869' title='bbox 2835 5879 2850 5919; x_wconf 90' lang='lat'><strong>:</strong></span> <span class='ocrx_word' id='word_1_870' title='bbox 2876 5863 2991 5938; x_wconf 86' lang='lat' dir='ltr'><strong>Ego</strong></span> <span class='ocrx_word' id='word_1_871' title='bbox 3029 5883 3145 5922; x_wconf 92' lang='lat' dir='ltr'><strong>sum</strong></span> <span class='ocrx_word' id='word_1_872' title='bbox 3189 5877 3370 5936; x_wconf 86' lang='lat' dir='ltr'><strong>pastor</strong></span> <span class='ocrx_word' id='word_1_873' title='bbox 3393 5864 3485 5918; x_wconf 85' lang='lat' dir='ltr'><strong>bo-</strong></span> 
     </span>
    </p>
   </div>
  </div>
