3970 6332
589 349 691 406 219

567 1200 741 1256 ciatur
765 1221 898 1276 opus
923 1208 1033 1262 Dei.

550 1755 693 1812 sunt,
729 1749 892 1820 virgae
927 1757 1292 1814 nominantur.
1342 1763 1545 1830 Quibus
1575 1785 1641 1825 ex
1677 1781 1830 1842 parte
1865 1781 2121 1836 corticem

548 1838 838 1906 subtrahit,
867 1853 925 1898 ut
964 1845 1018 1900 in
1051 1848 1137 1904 his
1162 1867 1280 1921 qua:
1317 1838 1694 1925 exspoliantur
1723 1863 1945 1923 intimus

547 1926 645 1982 dor
673 1943 945 2000 appareat.
983 1938 1049 1992 Et
1083 1957 1146 1996 ex
1175 1955 1329 2013 parte
1366 1951 1626 2007 corticem
1660 1967 1858 2025 servat,
1893 1970 1951 2015 ut
1979 1963 2118 2019 sicut

543 2016 759 2076 fuerant
793 2028 1051 2093 exterius,
1094 2031 1146 2085 in
1188 2035 1458 2095 viriditate
1492 2058 1860 2112 permaneant.
1894 2051 2115 2111 Varius-

542 2124 648 2178 que
697 2114 968 2183 virgarum
1011 2121 1160 2176 color
1201 2125 1450 2196 efﬁcitur,
1480 2133 1606 2189 dum
1641 2148 1826 2196 cortex
1867 2158 1934 2198 ex
1959 2155 2114 2214 parte

539 2205 899 2278 subtrahitur,
925 2228 988 2267 ex
1012 2226 1164 2286 parte
1193 2221 1474 2280 retinetur.
1499 2227 1638 2284 Ante
1665 2235 2112 2298 considerationis

535 2297 677 2352 enim
699 2309 897 2358 nostrae
919 2307 1103 2362 oculos
1130 2313 1550 2379 praecedentium
1575 2330 1788 2390 patrum
1825 2333 2112 2388 sententiae

533 2389 686 2456 quasi
725 2391 886 2463 virga:
919 2397 1082 2453 variae
1119 2412 1412 2468 ponuntur.
1465 2407 1523 2462 In
1563 2389 1777 2480 quibus,
1828 2420 1953 2474 dum
2001 2423 2110 2492 ple«

531 2491 760 2549 rumque
787 2485 1120 2543 intellectum
1155 2491 1347 2550 litterae
1381 2496 1635 2568 fugimus,
1665 2508 1816 2574 quasi
1846 2513 2104 2570 corticem

530 2569 931 2650 subtrahimus;
967 2587 1022 2636 et
1049 2581 1172 2638 dum
1201 2585 1516 2660 plerumque
1552 2569 1881 2655 intellectura
1911 2603 2104 2663 litterae

528 2663 824 2733 sequimur,
858 2672 1012 2738 quasi
1056 2676 1314 2732 corticem
1355 2696 1714 2742 reservamus.
1768 2690 2010 2764 Dumque
2035 2700 2102 2755 ab

527 2750 658 2820 ipsis
684 2763 872 2812 cortex
906 2760 1100 2819 litterae
1123 2766 1461 2840 subducitur,
1494 2776 1764 2850 allegoriae
1789 2787 1992 2842 candor
2018 2791 2100 2846 in-

525 2841 690 2896 terior
741 2847 1176 2922 demonstratur;
1233 2869 1289 2914 et
1333 2864 1458 2920 dum
1513 2880 1699 2926 cortex
1754 2876 2093 2950 relinquitur,

519 2935 806 2992 exterioris
849 2941 1211 3016 intelligentia:
1240 2953 1465 3012 virentia
1500 2965 1743 3034 exempla
1793 2983 2095 3030 monstran-

518 3028 626 3077 tur.
659 3023 804 3090 Quas
829 3030 967 3087 bene
988 3032 1152 3092 Jacob
1177 3039 1230 3094 in
1260 3057 1413 3112 aquae
1437 3023 1712 3111 canalibus
1739 3023 2090 3136 posuit,

1739 3113 1755 3127 ι
1786 3113 1791 3114 ν
1817 3113 1933 3128 ήννι
1968 3113 2085 3136 Ὶ-·“·

517 3121 572 3168 et
598 3113 928 3190 Redemptor
962 3137 1144 3182 noster
1184 3132 1238 3186 iu
1289 3134 1439 3194 libris
1483 3157 1576 3199 eas
1620 3163 1790 3205 sacra:
1825 3156 2085 3227 scientiae,

517 3205 707 3227 ..κει----
829 3225 868 3227 -ν
945 3214 956 3225 ⁸
1005 3226 1012 3227 ί
1055 3218 1066 3227 ¹
1341 3226 1344 3227 ⁷

1826 3205 2084 3227 "mum.

514 3205 712 3272 quibus
781 3225 879 3266 nos
942 3214 1269 3278 intrinsecus
1333 3226 1694 3302 infundimur,
1765 3241 1900 3298 ﬁxit.
1975 3248 2084 3307 Has

513 3296 835 3368 aspicientes
847 3305 1043 3364 arietes
1068 3326 1190 3366 cum
1213 3315 1630 3391 ovibuacoeunt,
1647 3330 1772 3398 quia
1794 3337 2085 3396 rationales

509 3391 681 3448 nostri
709 3396 950 3464 spiritus,
978 3404 1102 3459 dum
1137 3407 1188 3462 in
1210 3425 1396 3472 earum
1425 3417 1724 3478 intentione
1751 3427 1910 3486 deﬁxi
1934 3446 2078 3503 sunt,

509 3478 728 3503 n2..~—|!—
772 3501 780 3503 μ
841 3487 871 3503 ’³
1189 3498 1200 3503 ⁸
1282 3501 1310 3503 Ἀ

1934 3478 2078 3503 -.....,

507 3478 733 3550 singulis
762 3487 1066 3561 quibusque
1094 3498 1398 3559 actionibus
1425 3511 1838 3584 permiscentur,
1863 3532 1918 3576 ut
1949 3526 2084 3584 tales

504 3571 645 3632 fetus
673 3596 895 3652 operum
925 3601 1230 3660 procreent,
1272 3571 1450 3666 qualia
1483 3609 1724 3678 exempla
1765 3621 2075 3682 praeceden-

503 3663 636 3722 tium
682 3669 736 3723 in
767 3674 987 3732 vocibus
1014 3694 1404 3753 praeceptorum
1452 3692 1650 3763 vident,
1698 3712 1752 3756 et
1802 3705 2073 3769 diversum

499 3755 734 3812 colorem
762 3762 928 3831 prolis
955 3767 1080 3822 boni
1119 3775 1299 3842 operis
1331 3779 1555 3850 habeat;
1588 3791 1711 3857 quia
1746 3803 1799 3846 et
1826 3812 2072 3857 nonnun-

489 4023 627 4083 bene
653 4045 710 4085 se
740 4033 794 4086 in
824 4041 1180 4102 exterioribus
1208 4049 1424 4109 format.

561 4116 936 4182 Verumtamen
957 4137 1336 4202 requirendum
1359 4157 1442 4202 est
1453 4149 1608 4217 juxta
1632 4157 1910 4218 historiam
1934 4182 2062 4235 quo-

561 4209 641 4235 ιλιι
672 4229 700 4235 -ι
711 4230 734 4235 .-
743 4231 762 4235 -
804 4233 818 4235 -
969 4234 973 4235 ν
1082 4228 1092 4235 ⁵

1453 4209 1472 4217 _
1655 4209 1660 4210 ,
1696 4209 1910 4218 ηπ...
1935 4209 2056 4235 ,νην

485 4209 644 4272 modo
669 4229 770 4285 pro
797 4233 1016 4290 aspectu
1046 4228 1313 4300 virgarum
1338 4241 1608 4298 variarum
1634 4251 1768 4304 varii
1802 4269 2056 4322 pecorum

487 4298 621 4322 ρ..ι--..
662 4321 665 4322 ν
822 4311 831 4322 ¹
1079 4319 1100 4322 ‘

1135 4298 1150 4300 '
1647 4298 1652 4299 ’
1672 4298 1767 4304 ““-
1802 4298 2056 4322 rVVVIIlIII

482 4298 624 4355 fetus
658 4311 1033 4370 nascebantur.
1067 4319 1400 4385 Observabat
1442 4350 1572 4403 ergo
1615 4338 1781 4397 Jacob
1819 4355 2056 4421 tempore

482 4406 585 4421 nun
613 4400 804 4421 κιρξηηηλι
823 4405 868 4421 λι
955 4415 965 4421 .

1509 4400 1530 4403 _
1847 4400 1882 4401 ρ
1911 4400 2052 4421 την

480 4406 586 4459 quo
611 4400 1039 4462 ascendebantur
1077 4426 1294 4484 pecora,
1344 4431 1400 4476 et
1444 4436 1564 4493 post
1593 4431 1824 4488 calorem
1856 4439 1958 4494 diei
1986 4445 2052 4498 ad

474 4488 764 4554 potandum
807 4496 960 4551 avida
997 4507 1311 4574 pergebant.
1346 4488 1647 4575 Discolores
1681 4488 2050 4599 virgas—pone-

473 4573 564 4630 bat
593 4578 646 4632 in
694 4585 992 4655 canalibus,

471 4666 584 4736 ipsa
604 4675 825 4739 Ροίθιιάί
847 4680 1124 4752 δνίάίωῑο,
1141 4701 1331 4745 Ovesel
1350 4709 1538 4765 capras
1562 4701 1786 4760 faciebat
1802 4715 2040 4780 escendi,

471 4760 767 4780 ηη--
809 4766 819 4776 .
859 4766 872 4780 .
942 4770 990 4780 ..
1058 4775 1068 4780 -
1148 4777 1157 4780 -

467 4764 520 4810 et
539 4772 604 4813 ex
627 4760 820 4832 duplici
841 4766 1107 4828 desiderio
1127 4777 1252 4834 dum
1275 4760 1430 4840 avide
1449 4787 1640 4847 bibunt
1663 4803 1719 4850 et

466 4855 553 4902 tur
581 4865 610 4904 a
639 4857 897 4926 maribus,
923 4863 1057 4920 tales
1078 4867 1219 4925 fetus
1240 4877 1590 4946 conciperent
1613 4888 1798 4954 quales
1821 4895 2038 4952 umbras

461 4941 688 4998 arietum
711 4957 766 5001 et
789 4951 1062 5011 hircorum
1096 4961 1325 5033 desuper
1349 4975 1752 5035 ascendentium
1779 4983 1832 5038 in
1864 5003 2033 5057 aqua-

450 5324 586 5381 ram,
634 5327 710 5386 ut,
762 5327 947 5392 quales
975 5341 1312 5402 perrexerint
1357 5344 2024 5434 [F.,perspexerint]osive

447 5415 624 5462 mente
659 5421 1004 5487 conceperint
1046 5426 1098 5481 in
1127 5415 1375 5491 extremo
1399 5440 1688 5510 voluptatis
1726 5461 1880 5516 aestu,
1915 5471 2020 5523 quo

443 5503 769 5576 concipiunt,
802 5514 959 5574 talem
988 5523 1224 5582 sobolem
1247 5546 1553 5602 procreent,
1577 5554 1698 5594 cum
1721 5543 1820 5599 hoc
1843 5547 2016 5616 ipsum

1247 5590 1260 5598 _
1541 5590 1552 5602 ,
1591 5590 1698 5594 ,____
1721 5590 1820 5599 --νυ
1843 5590 2015 5616 τω...

439 5590 600 5648 etiam
645 5597 697 5652 in
743 5617 1002 5673 equarum
1033 5619 1284 5686 gregibus
1330 5626 1470 5693 apud
1513 5626 1780 5698 Hispanos
1803 5637 2015 5694 dicatur

436 5680 580 5750 fieri;
607 5696 662 5742 et
695 5690 1128 5760 Quintilianusin
1157 5724 1219 5764 ea
1266 5723 1637 5778 controversia
1679 5726 1730 5779 in
1779 5743 1884 5798 qua
1913 5749 2006 5789 ac-

436 5785 507 5798 nu,
533 5776 705 5798 λιιι-μγ
846 5795 855 5798 -

430 5776 722 5835 cnsabatur
750 5795 992 5846 matrona
1019 5799 1158 5864 quod
1189 5799 1497 5876 Ethiopem
1783 5776 1892 5891 1pro
1915 5776 2007 5880 de-

1657 373 2005 433 ANGELOMI
2043 379 2502 448 LUXOVIENSIS
2545 395 2850 458 MONACHI

587 481 683 520 nus
712 466 895 540 (Ioan.
925 487 979 528 xt
999 515 1013 540 ,
1045 474 1154 547 M).
1202 475 1296 534 Ille
1337 485 1602 541 mercedis
1636 485 1787 542 lucro
1813 493 2024 547 varium
2055 495 2157 550 sibi

583 573 747 626 pecus
778 559 1001 618 abstulit
1025 564 1275 624 Christus
1298 571 1628 629 diversarum
1658 579 1896 647 gentium
1925 584 2158 639 varieta-

584 655 690 702 tem
715 645 931 708 sibimet
959 660 1325 728 congregavit.
1374 661 1463 744 llle
1493 672 1602 720 tres
1645 645 1826 738 virgas
1868 677 2156 744 amputatis

579 740 872 798 corticibus
899 743 954 799 in
977 745 1144 803 alveis
1167 741 1426 819 aquarum
1449 758 1715 824 apposuit,
1743 769 1800 813 ut
1823 776 2009 818 earum
2031 781 2151 822 con.

577 833 922 903 templatione
952 839 1436 910 multiplicarentur
1475 846 1592 917 ejus
1619 864 1777 919 oves;
1811 863 1863 908 et
1893 856 2151 917 Dominus

577 936 762 984 noster
778 931 830 984 in
845 947 982 1002 aqua
1001 934 1332 1004 baptismatis
1361 940 1520 994 trium
1537 957 1890 1011 personarum
1907 953 2143 1021 nomina,

572 1016 770 1086 Patris,
799 1031 852 1077 et
878 1022 1020 1094 Filii,
1052 1035 1107 1082 et
1142 1026 1377 1098 Spiritus
1401 1035 1595 1101 sancti,
1627 1039 1826 1107 populo
1854 1041 1995 1099 ﬁdeli
2022 1016 2146 1114 pro;

571 1111 778 1178 posuit,
809 1124 866 1169 ut
895 1115 1122 1188 quisque
1145 1119 1247 1177 hoc
1272 1122 1430 1192 pleno
1455 1127 1618 1183 corde
1640 1135 2007 1203 perspexerit,
2037 1137 2144 1193 eili-

1035 4603 1088 4647 et
1117 4597 1366 4657 admissis
1405 4606 1664 4666 arietibus
1702 4625 1752 4668 et
1797 4597 1961 4674 hircis
1991 4625 2042 4678 in
2073 4611 2125 4670 Ῑ)

3153 663 3162 674 .
3228 622 3292 678 Et
3354 630 3520 686 multa
3589 637 3825 700 dicuntur

2259 684 2510 744 similiter
2547 693 2662 750 ﬁeri
2709 698 2757 752 in
2799 704 3110 763 animalium
3140 712 3352 772 fetibus.
3385 719 3489 778 Sed
3522 735 3577 781 et
3623 733 3820 794 mulieri

2255 778 2516 836 accidisse
2544 786 2792 855 traditur,
2819 803 2873 848 et
2899 797 3161 868 scriptum
3188 811 3456 876 reperitur
3476 815 3530 871 in
3553 818 3708 878 libris
3731 841 3817 882 an-

2255 867 2539 936 tiquissimi
2593 886 2648 932 et
2683 867 3019 949 peritissimi
3049 867 3263 953 medici
3291 867 3817 984 Hippocratis

2249 1049 2441 1107 rimum
2477 1061 2774 1128 peperisset
2799 1071 3015 1140 utrique
3037 1081 3244 1144 parenti
3269 1088 3560 1159 generique
3591 1094 3814 1155 dissimi-

2927 1139 2941 1140 κ
3037 1139 3051 1144 _
3269 1139 3298 1153 υ
3384 1139 3422 1141 ν-
3439 1139 3557 1159 -Ὶ--ι
3594 1139 3810 1155 “GVH-ull—

2243 1139 2370 1208 lem,
2396 1146 2495 1200 nisi
2527 1163 2854 1213 memoratus
2895 1164 3134 1223 medicus
3168 1172 3412 1232 solvisset
3444 1185 3810 1259 quastionem,

2243 1231 2346 1259 ηις..
2377 1253 2398 1259 ..
2417 1238 2492 1259 ..Ι-μ
2510 1256 2558 1259 ,η
2577 1243 2636 1259 ⁵--

3149 1858 3247 1862 mm
3364 1858 3501 1872 ην...
3539 1858 3664 1876 ..ην
3688 1858 3794 1881 ,σι-

1982 1887 2112 1925 can-
2146 1858 2192 1918 Β
2219 1870 2395 1926 vabat.
2425 1873 2480 1929 Si
2521 1879 2666 1935 enim
2691 1899 2880 1942 omnes
2908 1904 3074 1960 agnos
3103 1903 3158 1950 et
3196 1897 3378 1958 haedos
3403 1909 3586 1965 varios
3607 1929 3796 1982 pecora

2221 1975 2616 2036 procreasscnt,
2637 1984 2757 2031 erat
2777 1979 2950 2050 aliqua
2981 1988 3217 2056 suspicio
3233 1994 3362 2063 doli,
3387 2009 3440 2053 et
3466 1975 3658 2072 aperte
3679 2010 3795 2068 huic

2221 2055 2296 2109 rei
2327 2055 2508 2115 Lahan
2543 2063 2754 2123 invidus
2792 2077 3133 2134 contraisset.
3167 2083 3308 2156 Ergo
3338 2089 3408 2144 ita
3449 2098 3632 2151 omnia
3670 2110 3794 2157 tem-

2217 2150 2427 2215 peravit
2457 2163 2513 2208 ut
2535 2155 2648 2226 ipse
2678 2158 2912 2218 fructum
2943 2170 3024 2224 sui
3057 2150 3268 2232 laboris
3290 2183 3578 2252 acciperet,
3605 2199 3666 2245 et
3697 2193 3792 2248 La-

2215 2237 2317 2293 ban
2341 2257 2448 2298 non
2468 2249 2682 2315 penitus
2702 2255 3055 2328 spoliaretur;
3075 2266 3119 2320 si
3141 2271 3357 2338 quando
3381 2292 3510 2335 oves
3536 2291 3588 2336 et
3617 2301 3787 2356 capra:

3158 2330 3175 2338 _
3458 2330 3507 2335 η
3539 2330 3588 2336 --
3618 2330 3785 2356 ---,....

2211 2330 2385 2398 primo
2415 2345 2654 2410 tempore
2681 2349 3138 2424 ascendebantur;
3184 2365 3308 2431 quia
3357 2371 3546 2428 melior
3591 2391 3787 2436 vernus

2210 2430 2292 2476 est
2313 2424 2470 2492 fetus,
2509 2443 2634 2488 ante
2655 2436 2799 2506 ipsas
2819 2443 3054 2509 ponebat
3087 2451 3282 2523 virgas,
3312 2469 3370 2514 ut
3398 2466 3547 2521 varia
3571 2471 3786 2530 soboles

2209 2527 2539 2574 nasceretur.
2587 2524 2928 2602 QUIBCUIIQUC
2965 2552 3092 2594 ονεε
3137 2553 3391 2618 et
3425 2569 3548 2612 sero
3569 2575 3782 2630 quaare-

2209 2602 2331 2630 ιιη...
2386 2624 2525 2630 -μμ-
2766 2629 2770 2630 ν
2844 2624 2856 2630 ·

3282 2602 3302 2618 1⁷
3321 2602 3331 2604 ἡ
3349 2602 3386 2606 ’⁷⁷
3425 2602 3546 2612 ""'
3571 2602 3780 2630 ιιι-ωιν-

2205 2602 2337 2660 bam
2386 2624 2586 2668 mare"!
2617 2657 2632 2681 ο
2687 2629 2812 2676 ante
2842 2624 3035 2684 barum
3079 2636 3262 2693 oculos
3300 2658 3403 2696 non
3434 2651 3698 2720 ponebat,
3731 2665 3780 2710 ut

2205 2693 2359 2720 nnL...
2387 2699 2569 2720 -nl-__,-,

3434 2693 3698 2720 ἵππω,
3731 2693 3775 2710 ι..

2204 2693 2361 2752 unius
2381 2699 2580 2757 coloris
2601 2720 2794 2773 pecora
2809 2728 3178 2789 nascerentur,
3194 2735 3249 2781 et
3267 2732 3526 2804 quidquid
3542 2742 3775 2808 primum

2204 2788 2391 2808 ..ι---λιι
2409 2806 2419 2808 μ
2438 2799 2450 2808 -

2201 2788 2540 2858 nascebatur,
2574 2811 2728 2852 suum
2752 2815 2891 2869 erat,
2914 2811 3040 2876 quia
3069 2814 3302 2873 discolor
3327 2831 3383 2876 et
3404 2829 3610 2884 varium
3635 2846 3771 2903 erat!

2201 2883 2247 2903 nl
2290 2879 2506 2903 n..:.l.___2
2529 2883 2543 2903 Ι
2565 2901 2587 2903 __
2613 2902 2618 2903 ,
2665 2895 2677 2903 .
2797 2892 2821 2903 υ
2875 2897 2889 2903 -

2197 2883 2252 2928 ει
2287 2879 2544 2950 αυίάιιυίιι
2563 2895 2768 2957 Postea,
2796 2892 3008 2967 Laban;
3041 2906 3196 2961 unius
3226 2911 3368 2968 enim
3401 2924 3510 2972 tam
3536 2920 3590 2976 in
3621 2899 3773 2998 nigro

2197 2979 2355 2998 nllnm
2387 2969 2437 2998 ἶ..
2470 2972 2587 2998 All...
2625 2979 2783 2998 A_I_,-
3101 2995 3110 2998 _
3153 2997 3159 2998 ,

2195 2979 2355 3032 quam
2387 2969 2438 3024 in
2468 2972 2591 3028 albo
2619 2979 2815 3042 coloris
2843 3000 3008 3053 pecus
3033 2995 3324 3055 oriebatur.

2261 3055 2370 3112 Cur
2397 3075 2494 3116 nec
2519 3063 2686 3122 Jacob
2705 3069 2910 3131 fraudis
2933 3078 2984 3133 iu
3021 3081 3123 3138 hoc
3149 3085 3294 3145 facto
3321 3101 3630 3165 arguendos
3655 3109 3770 3162 est?

2189 3142 2294 3200 Per
2321 3148 2423 3204 hoc
2450 3154 2592 3224 cogit
2619 3156 2817 3228 inquiri
2857 3170 3192 3238 prophetiam
3218 3188 3274 3234 et
3300 3142 3536 3254 aliquam
3570 3192 3768 3265 ﬁgura-

2112 3255 2155 3316 C
2189 3244 2295 3290 tam
2319 3240 2764 3311 signiﬁcationem
2787 3271 2872 3312 res
2903 3261 3030 3328 ista,
3051 3280 3356 3340 quanquam
3385 3240 3503 3335 sine
3522 3240 3690 3344 dubio
3711 3301 3766 3346 ut

2187 3331 2447 3398 propheta
2492 3335 2824 3400 fecitJacob.
2857 3348 2972 3406 Non
2995 3331 3138 3412 enim
3167 3331 3270 3417 tale
3311 3331 3512 3438 aliquid
3526 3331 3762 3438 in};

2185 3418 2450 3479 velatione
2481 3429 2706 3498 spiritali
2733 3451 2853 3492 eum
2884 3440 3076 3501 fecisse
3103 3418 3430 3515 credendum
3459 3475 3563 3520 est.

2233 3509 2532 3577 Quomodo
2561 3525 2828 3581 sexdecim
2852 3533 3059 3592 vicibus
3084 3541 3214 3598 dicit
3238 3545 3403 3606 Jacob
3442 3570 3637 3616 socero
3662 3579 3758 3622 suo

2739 3580 2744 3581 γ
2782 3580 2826 3581 κη
2865 3580 3058 3592 .--η-...υ
3085 3580 3214 3598 ιιιυιυ
3238 3580 3403 3606 σαυυυ
3442 3580 3637 3616 δυυθΐο

2181 3580 2416 3660 niutasse
2445 3623 2567 3664 cum
2595 3620 2898 3677 mercedem
2936 3633 3120 3684 suam?
3150 3633 3246 3691 Hic
3269 3649 3353 3696 est
3379 3646 3526 3702 enim
3563 3667 3754 3714 sensus

2182 3706 2275 3714 ι.---
2304 3695 2317 3714 Ι
2344 3713 2365 3714 η
2392 3713 2397 3714 γ
2509 3703 2520 3714 ’
2641 3707 2652 3714 “
2764 3711 2779 3714 ’

2177 3695 2318 3764 quod
2342 3713 2440 3766 per
2480 3703 2718 3774 singulos
2754 3711 2895 3770 fetus
2924 3735 3136 3792 semper
3162 3695 3346 3788 Laban

2174 3793 2479 3848 mutaverit.
2507 3795 2562 3852 Si
2586 3800 2798 3860 videbat
2825 3811 3028 3867 varium
3053 3821 3201 3875 nasci
3224 3839 3408 3893 pecus,
3431 3842 3554 3900 post
3581 3836 3748 3896 fetum

2172 3879 2384 3938 dicebat
2413 3903 2425 3938 :
2462 3887 2594 3946 Volo
2633 3902 2690 3948 ut
2716 3896 2768 3950 in
2808 3898 3050 3961 futurum
3079 3879 3237 3967 mihi.
3257 3920 3404 3974 varia
3431 3879 3743 3986 bascanum

2170 3969 2404 4030 Rursum
2431 3995 2553 4036 cum
2585 3987 2804 4046 vidisset
2837 3995 2996 4052 unius
3019 4001 3216 4060 coloris
3239 4013 3386 4066 nasci
3408 4029 3604 4084 peoora
3631 4023 3742 4090 (Ja-

2170 4065 2263 4090 nnl.
2294 4069 2443 4090 -.--:___
2463 4087 2478 4090 _
2518 4075 2528 4090 ι
2749 4083 2777 4090 ..
2904 4087 2913 4090 -

3354 4065 3383 4066 η
3408 4065 3604 4084 τη---
3631 4065 3710 4090 κ-..

2167 4065 2266 4119 cob
2290 4069 2485 4141 quippe
2516 4075 2618 4131 hoc.
2655 4083 2840 4139 audito
2866 4087 3045 4160 virgas
3069 4093 3123 4149 in
3145 4101 3418 4160 canalibus
3441 4123 3548 4163 non
3569 4128 3739 4182 pone-

2167 4156 2273 4182 ιηιὶ
2339 4161 2382 4182 .1:
2398 4177 2415 4182 Α
2432 4165 2469 4182 -ι
2530 4175 2540 4182 -
2668 4180 2674 4182 -
2730 4174 2749 4182 ’

2164 4156 2299 4228 bat),
2333 4161 2565 4233 dicebat,
2624 4180 2682 4226 ut
2725 4156 3133 4243 futuros‘fotus
3182 4194 3340 4251 unius
3393 4156 3606 4259 colori;
3635 4210 3738 4265 sibi

2160 4265 2353 4318 pecora
2383 4271 2747 4326 procreareut.
2796 4271 2860 4326 Et
2885 4277 3010 4344 quid
3055 4281 3244 4350 plura?
3276 4288 3452 4361 Usque
3477 4296 3544 4349 ad
3591 4301 3736 4358 vices

2159 4342 2343 4402 decem
2391 4364 2606 4422 semper
2654 4375 2684 4416 a
2732 4342 2918 4421 Laban
2959 4342 3169 4440 pecoris
3195 4381 3278 4435 sui
3318 4342 3485 4440 Iacob
3527 4401 3729 4449 mutata

2159 4437 2420 4503 conditio,
2451 4452 2503 4496 et
2523 4450 2877 4524 quodcunque
2900 4437 3000 4516 sibi
3026 4481 3371 4536 proposuerat
3397 4487 3456 4532 ut
3477 4497 3732 4542 nascere-

2157 4532 2262 4592 tur,
2296 4529 2348 4583 in
2370 4533 2604 4592 colorem
2631 4549 2961 4606 contrarium
2988 4560 3310 4618 vertebatur.
3340 4565 3417 4623 Ne
3435 4572 3521 4626 cui
3546 4585 3725 4633 autem

2151 4616 2202 4672 in
2230 4637 2321 4676 sex
2351 4629 2508 4684 anuis
2555 4634 2737 4690 decem
2767 4643 3007 4709 pariendi
3061 4652 3204 4709 vices
3255 4658 3598 4721 incredibiles
3649 4671 3724 4725 vi-

2152 4709 2400 4781 deantur,
2432 4718 2546 4788 lege
2571 4722 2868 4798 Virgilium,
2903 4737 2954 4790 in
2982 4755 3088 4808 quo
3113 4744 3309 4802 dicitur
3333 4768 3344 4802 :
3370 4750 3462 4807 Bis
3489 4761 3721 4825 gravida.-

2152 4803 2363 4825 ...ηρ-..Ιμμ
2435 4808 2472 4825 κ’
2519 4821 2527 4825 λ
2888 4823 2904 4825 ᾗ

2145 4803 2385 4867 pecudes.
2432 4808 2630 4868 Natura
2669 4827 2847 4875 autem
2885 4803 3192 4887 Italicarum
3233 4839 3414 4895 ovium
3459 4803 3517 4898 ei
3541 4845 3714 4903 Meso-

2144 4896 2391 4958 potamia:
2420 4916 2524 4956 una
2557 4919 2678 4962 esse
2711 4913 3037 4978 perhibetur.

2215 4982 2544 5055 Spiritaliter
2579 5012 2705 5054 vero
2729 5001 2936 5074 Laban,
2977 5014 3070 5082 qui
3114 5024 3416 5090 separavit,
3454 5029 3595 5086 sicut
3623 5048 3710 5087 su-

2011 5113 2034 5125 -
2134 5078 2318 5143 perius
2344 5081 2558 5153 legitur,
2589 5106 2781 5162 capras
2809 5108 2863 5153 et
2889 5116 3036 5170 oves,
3079 5108 3259 5166 hircos
3291 5124 3345 5169 et
3381 5119 3583 5178 arietes
3618 5141 3709 5179 va-

2133 5169 2242 5224 rios
2280 5181 2441 5244 atque
2484 5183 2802 5252 maculosos,
2834 5203 3085 5251 cunctum
3127 5212 3306 5260 autem
3346 5223 3562 5281 gregem
3593 5225 3703 5270 tra-

2140 5260 2264 5281 ..ISJEA
2299 5264 2310 5281 9
2607 5273 2672 5281 ¹¹“““

3346 5260 3398 5278 υ-
3417 5260 3561 5281 -ο“-·-
3594 5260 3672 5270 ""'

2134 5260 2268 5316 didit
2296 5264 2348 5317 in
2378 5282 2569 5326 manus
2599 5273 2830 5333 filiorum
2863 5298 3100 5354 suorum,
3131 5294 3398 5364 signiﬁcat
3418 5301 3701 5363 Iudaicum

2131 5354 2403 5421 populum.
2475 5361 2622 5419 Unde
2681 5378 2734 5423 et
2763 5370 2944 5431 Laban
2975 5354 3236 5440 dealbatio
3280 5354 3696 5466 inmeriti-emtum

2128 5444 2253 5510 quia
2294 5447 2432 5504 idem
2464 5457 2690 5524 populus
2719 5463 2997 5524 ilealbatus
3027 5473 3290 5543 siquidem
3319 5492 3401 5537 est
3425 5444 3572 5556 :ipud
3616 5444 3698 5544 se:

2121 5537 2404 5607 metipsum
2451 5561 2548 5614 per
2592 5551 2897 5622 hypocrisin
2945 5572 3000 5616 et
3045 5569 3462 5629 simulationem.
3509 5578 3693 5636 Laban

2118 5631 2322 5698 accepit
2351 5634 2469 5688 alba
2506 5649 2558 5694 et
2587 5642 2758 5714 nigra,
2785 5649 2908 5716 quia
2941 5658 3167 5725 populus
3197 5631 3692 5728 Jitdteorum‘albus

2115 5721 2330 5789 quidem
2357 5735 2438 5781 est
2466 5735 2603 5800 apud
2629 5721 3088 5811 semetipsumaut
3113 5753 3364 5824 diximus,
3393 5762 3687 5833 hypocrisi.

2115 5811 2208 5866 sed
2237 5814 2391 5886 niger
2415 5820 2760 5883 multitudine
2783 5844 3149 5902 peccatorum.
3179 5844 3299 5902 Filii
3333 5811 3688 5924 velprastom
