3970 6332
171 407 276 462 22]

1479 403 1834 464 COMMENT.
1877 403 1946 460 IN
1983 401 2142 460 GEN.

173 527 362 580 Laban
401 523 710 596 signiﬁcant
741 523 1038 580 Pharisatos
1077 533 1134 580 et
1161 523 1516 586 Sadducteos,
1547 521 1640 592 qui
1675 521 1758 576 vi-
1783 523 1836 584 Α
1859 519 1928 574 ab
1947 517 2254 574 hominibus
2271 518 2324 572 in
2337 515 2646 588 praesidium
2667 513 2876 578 salutis,
2895 525 2962 566 ne
2977 507 3448 582 prtetermittetttes

169 619 448 673 debentur
485 631 720 686 prmesse
763 615 960 688 populo
987 615 1314 684 Iudaeorum,
1345 616 1502 686 quasi
1547 614 1758 670 ovibus.

169 703 344 764 Iacob
371 707 568 778 quippe
595 717 780 778 typum
810 708 984 762 tenuit
1012 707 1324 764 Salvatoris.
1359 705 1604 777 Spatium
1635 719 1764 762 vero

171 801 342 856 trium
387 801 600 856 dierum
643 801 786 856 inter
823 802 1224 874 eossignilicat,
1257 801 1382 872 quia
1415 799 1522 856 ﬁde
1561 807 1766 856 sancite

173 891 484 956 Trinitatis,
537 907 630 948 seu
679 893 735 948 in
780 893 1106 966 cognitione,
1155 893 1448 956 locutione,
1499 901 1554 950 et
1599 907 1766 964 opere

169 993 544 1054 peccaverunt
577 991 766 1042 contra
797 983 1106 1040 Dominum.
1151 983 1436 1054 Sequitur:

737 1103 966 1162 CAPUT
1009 1103 1198 1160 XXXI.

247 1215 416 1272 Vnus.
449 1215 532 1272 I9.
559 1247 626 1256 —
652 1215 847 1272 Eodem
895 1225 1124 1288 tempore
1153 1215 1336 1270 Laban
1385 1215 1516 1270 ierat
1547 1215 1616 1270 ad
1645 1223 1762 1270 ton-

165 1309 376 1364 dendas
414 1325 559 1376 oves,
607 1319 654 1364 et
693 1307 890 1364 Rachel
929 1307 1108 1378 furata
1151 1319 1224 1362 est
1267 1307 1412 1364 idola
1455 1307 1618 1378 patris
1657 1309 1758 1362 sui.

175 1401 282 1458 Ubi
315 1419 457 1458 nunc
493 1403 638 1458 idola
671 1403 918 1476 legimus,
951 1403 1003 1458 in
1041 1403 1268 1458 Hebraeo
1309 1401 1598 1474 tlterapltim
1631 1401 1764 1457 scri-

163 1509 326 1568 ptum
365 1507 472 1562 est,
521 1513 642 1568 quae
665 1497 860 1570 Aquila
889 1497 1110 1569 ﬁguras,
1165 1497 1248 1554 vel
1299 1497 1552 1568 imagines
1601 1497 1766 1552 inter-

163 1599 441 1662 pretatur.
489 1589 602 1648 Hoc
641 1601 818 1648 autem
857 1591 978 1648 ideo
1017 1601 1078 1646 ut
1104 1591 1340 1646 sciamus
1366 1589 1494 1662 quid
1527 1589 1578 1644 in
1609 1587 1762 1644 Judi-

161 1699 296 1738 cum
333 1683 473 1739 libro
513 1683 668 1758 (Iud.
709 1701 822 1740 xvn
864 1675 916 1740 ct
951 1685 1104 1754 xvttt)
1137 1683 1428 1754 theraphim
1467 1689 1644 1746 sonet,
1671 1679 1758 1735 di-

163 1793 192 1828 .v
207 1784 376 1831 imus.
1113 1784 1142 1812 ο

241 1867 416 1920 Vens.
467 1865 556 1921 25.
583 1863 896 1938 —-Iamque
935 1864 1100 1920 Jacob
1143 1863 1444 1918 extenderat
1495 1865 1550 1916 in
1589 1869 1764 1916 monte

161 1955 386 2012 Galaad
419 1956 838 2010 tabernaculum.
871 1955 988 2011 Non
1017 1957 1158 2026 quod
1189 1971 1252 2012 eo
1289 1965 1528 2028 tempore
1557 1953 1762 2010 Galaad

161 2063 328 2102 mons
352 2047 650 2112 diceretur;
679 2047 770 2102 sed
799 2061 897 2118 per
923 2047 1385 2116 anticipationem,
1417 2053 1476 2100 ut
1505 2043 1760 2114 frequen-

161 2149 252 2194 ter
284 2139 544 2206 diximus,
585 2139 678 2195 illo
707 2147 934 2196 vocatur
961 2139 1178 2194 nomine
1207 2155 1316 2212 quo
1340 2147 1526 2212 postea
1557 2155 1764 2196 nuncu-

163 2241 336 2304 patus
374 2239 480 2286 est.

241 2321 411 2378 Vens.
451 2323 540 2386 45,
574 2321 662 2378 46.
689 2353 758 2362 -——
788 2321 928 2376 Tulit
973 2323 1148 2394 itaque
1186 2321 1352 2378 Iacob
1409 2321 1668 2394 lapidem,
1716 2331 1762 2379 et

157 2417 332 2470 erexit
377 2415 526 2468 illum
571 2415 624 2468 in
655 2413 887 2480 titulum,
921 2415 1158 2486 dixitque
1194 2413 1446 2484 fratribus
1491 2413 1640 2470 suis:
1667 2415 1764 2482 Af-

161 2509 304 2580 ferte
341 2507 564 2576 lapides,
597 2517 652 2562 et
695 2507 924 2578 reliqua.
977 2509 1250 2576 Quaeritur
1285 2525 1452 2580 qtlare
1483 2508 1764 2565 constituit

161 2599 342 2656 Iacob
365 2599 598 2670 lapidem
641 2615 808 2670 super
843 2599 1090 2656 titulum?
1121 2599 1226 2656 Sed
1257 2599 1542 2670 diligenter
1570 2601 1764 2654 adver-

163 2696 394 2750 tendum
427 2691 540 2768 [Z.,
565 2693 1132 2768 animadvertendum]
1172 2703 1256 2750 est
1286 2697 1430 2765 quod
1473 2695 1606 2750 istos
1641 2693 1766 2748 titu-

159 2788 246 2844 los
283 2789 336 2842 in
370 2787 448 2844 rei
485 2785 745 2858 cujusque
777 2787 1085 2844 testimonio
1121 2787 1542 2852 constituebant,
1573 2803 1678 2842 non
1711 2793 1768 2840 ut

157 2899 260 2938 eos
317 2897 417 2952 pro
461 2881 570 2938 diis
617 2879 878 2942 colerent,
927 2881 1020 2936 sed
1067 2889 1128 2934 ut
1179 2879 1258 2934 eis
1301 2879 1506 2950 aliquid
1557 2877 1766 2948 signiﬁ-

159 2983 388 3030 carent.

233 3067 410 3122 Vsus.
443 3065 532 3120 47.
555 3095 624 3104 -
645 3061 810 3130 Quem
837 3061 1032 3118 vocavit
1052 3061 1234 3116 Laban
1259 3077 1276 3116 :
1312 3059 1566 3116 Tumulus
1599 3061 1762 3126 testis,

157 3171 204 3216 et
227 3157 442 3214 Iacob.
473 3157 726 3212 Acervum
767 3155 1070 3220 testimonii,
1111 3163 1322 3224 uterque
1343 3153 1504 3224 juxta
1533 3151 1768 3222 proprie-

159 3263 332 3306 tatem
360 3249 554 3320 linguis
581 3265 708 3303 sure.
725 3248 966 3303 Acervus
989 3245 1170 3318 lingua
1195 3245 1420 3300 Hebraaa
1433 3243 1522 3316 gal
1544 3243 1764 3310 dicitur,
1794 3271 1840 3336 ο

157 3349 272 3404 uad
303 3361 436 3402 vero
467 3343 852 3400 testimonium.
889 3341 1123 3396 Rursum
1159 3339 1338 3410 lingua
1371 3339 1506 3412 Syra
1539 3353 1766 3394 acervus

159 3443 292 3512 igar
345 3437 666 3510 appellatur,
727 3435 1046 3502 testimonii,
1095 3433 1338 3490 sedat/ta.
1386 3431 1553 3488 Iacob
1603 3433 1768 3506 igitur

161 3547 434 3588 acervum
473 3529 782 3594 testimonii,
833 3527 936 3582 hoc
972 3537 1056 3584 est
1083 3523 1287 3580 Galaad
1333 3525 1508 3598 lingua
1543 3523 1767 3580 Hebraea

163 3621 490 3694 appellavit;
539 3619 726 3680 Laban
773 3635 900 3676 vero
947 3619 1213 3690 idipsum,
1263 3617 1366 3672 hoc
1405 3625 1488 3672 cst
1517 3631 1768 3673 acervum

165 3715 494 3780 testimonii,
527 3699 642 3786 igar
663 3713 884 3770 sedat/ta
913 3713 1088 3784 gentis
1116 3729 1228 3768 sua:
1259 3727 1506 3768 sermone
1531 3712 1764 3768 vocavit.

167 3811 308 3864 Erat
356 3809 500 3862 enim
529 3807 724 3880 Syrus,
773 3817 828 3864 et
871 3809 1150 3878 antiquam
1197 3807 1436 3878 linguam
1483 3813 1768 3878 parentum

165 3899 468 3972 provinciae
517 3899 570 3954 in
621 3915 726 3970 qua
777 3897 1076 3964 habitabat,
1131 3913 1378 3954 sermone
1431 3913 1538 3954 non
1595 3907 1770 3952 muta-

169 4001 358 4048 verat.

241 4083 416 4138 Vsus.
455 4081 542 4138 5'5.
569 4081 864 4136 —Juravit
895 4079 1062 4134 Iacob
1095 4095 1186 4150 per
1215 4079 1455 4133 timorem
1487 4079 1651 4150 patris
1685 4077 1770 4134 sui

173 4177 360 4232 Isaac.
393 4175 530 4244 Quid
558 4183 642 4232 est
679 4173 822 4244 quod
843 4173 1046 4242 juravit
1077 4187 1172 4244 per
1201 4171 1450 4228 timorem
1485 4171 1656 4242 patris
1685 4171 1768 4226 sui

169 4267 364 4324 Isaac?
405 4265 505 4322 Per
531 4265 698 4320 Deum
731 4265 938 4334 utique,
974 4277 1132 4334 quem
1175 4261 1399 4316 timebat
1431 4259 1582 4316 Isaac
1615 4269 1770 4334 pater

171 4359 294 4430 ejus
329 4357 514 4428 iurare
565 4357 899 4426 intelligitur,
931 4371 1090 4426 quem
1123 4355 1374 4408 timorem
1411 4353 1576 4406 ctiam
1611 4367 1770 4424 supe-

175 4453 292 4506 rius
339 4447 740 4505 commendavit
785 4463 904 4502 cum
959 4445 1166 4502 diceret
1211 4463 1224 4498 :
1277 4443 1412 4500 Deus
1451 4444 1618 4516 patris
1668 4445 1770 4498 mei

177 4551 432 4614 Abrahte,
459 4559 506 4603 et
533 4550 692 4602 timor
709 4547 875 4618 patris
903 4547 1004 4600 mei
1027 4545 1202 4600 Isaac.

735 4657 962 4716 CAPUT
1001 4657 1212 4714 XXXII.

249 4777 418 4834 Vens.
461 4775 616 4832 l-IO.
637 4805 706 4816 -α
735 4773 1076 4844 Puerumque
1115 4775 1164 4828 ei
1191 4773 1396 4828 obviam
1441 4770 1614 4843 angeli
1638 4769 1770 4836 Dei;

179 4888 312 4942 quos
352 4887 472 4924 eum
505 4868 736 4932 vidisset,
769 4868 884 4923 ait:
906 4865 1094 4922 Castra
1127 4863 1228 4920 Dei
1273 4873 1394 4920 sunt
1433 4869 1563 4920 lure.
1615 4865 1772 4920 Nulla

183 4961 452 5016 dubitatio
483 4967 570 5014 est
595 4959 738 5030 quod
775 4959 1086 5030 angelorum
1131 4957 1306 5014 fuerat
1339 4959 1658 5024 multitudo;
1707 4973 1766 5014 ea

183 5057 384 5126 quippe
413 5055 466 5108 in
497 5053 794 5124 Scripturis
825 5053 1012 5110 militia
1039 5053 1154 5108 caeli
1177 5055 1444 5110 nominari
1473 5053 1622 5108 solet.

257 5151 426 5206 Vnus.
471 5145 558 5204 II.
583 5149 918 5219 --Di:ritque
963 5145 1130 5201 Iacob
1173 5145 1242 5200 ad
1283 5145 1604 5200 Dominum:
1631 5143 1764 5198 Erue

185 5261 268 5298 me
295 5243 360 5298 de
389 5259 550 5296 manu
587 5239 770 5312 fratris
799 5239 900 5294 mei
925 5239 1090 5304 Esau,
1113 5237 1240 5308 quia
1275 5237 1424 5291 valde
1449 5251 1565 5290 eum
1593 5237 1770 5290 timeo.

187 5337 366 5405 Quaeri
393 5335 534 5390 solet
555 5333 826 5404 quomodo
855 5331 1013 5386 fidem
1043 5329 1290 5386 habuerit
1317 5327 1502 5392 Iacob,
1535 5327 1774 5398 quando-

189 5427 406 5498 quidem
461 5433 672 5478 tantum
719 5421 898 5476 timuit
933 5421 1072 5476 Esau
1125 5419 1350 5474 fratrem
1395 5419 1590 5472 suum?
1627 5417 1774 5472 Satis

187 5521 334 5574 enim
369 5519 422 5572 in
455 5517 638 5572 verbis
679 5513 918 5584 ejusdem
963 5511 1148 5577 Iacob,
1195 5527 1314 5584 qua:
1359 5519 1678 5580 sequuntur,
1721 5517 1776 5564 et

193 5617 430 5670 humana
469 5611 759 5668 infirmitas
801 5617 856 5664 et
899 5607 1030 5663 fides
1077 5607 1298 5678 pietatis
1335 5615 1588 5676 apparet;
1633 5611 1779 5659 utet

153 5759 164 5768 ,
191 5705 340 5762 Deus
361 5705 612 5761 liberaret
625 5711 844 5766 eum,et
875 5715 996 5770 quae
1015 5699 1260 5772 promisit
1283 5697 1546 5768 imp’leret.
1579 5695 1780 5750 Admo-

195 5799 358 5854 nendi
381 5807 560 5854 tamen
587 5793 786 5850 fuimus
811 5793 916 5848 hoc
939 5791 1184 5863 exemplo
1211 5799 1288 5854 ut,
1325 5790 1570 5861 quamvis
1591 5787 1778 5844 creda-

197 5905 322 5946 mus
371 5889 422 5946 in
451 5889 644 5954 Deum,
695 5885 957 5942 faciamus
1003 5893 1183 5940 tamen
1213 5899 1333 5956 qua;
1363 5881 1608 5938 facienda
1651 5887 1778 5938 sunt

1793 4631 1848 4692 D

1867 627 1952 677 ea,
1983 611 2150 667 Deum
2183 619 2392 666 tentare
2417 610 2714 664 videamur.

1937 707 2100 762 Vens.
2149 705 2240 782 22.
2267 733 2340 746 -—
2367 703 2436 758 Et
2465 702 2704 758 tramisit
2725 699 2916 756 uadum
2943 699 3128 754 Iabes.
3161 695 3278 752 Non
3299 695 3448 752 enim

1865 801 2148 872 legendum
2171 809 2276 864 est,
2305 807 2366 854 ut
2387 795 2524 854 falso
2549 797 2606 852 in
2635 795 2956 867 quibusdam
2995 791 3274 850 codicibus
3299 789 3448 844 inve-

1865 893 2048 948 nitur:
2077 889 2146 946 Et
2177 891 2416 946 transiuit
2467 889 2656 944 vadum
2691 887 2878 950 Iacob,
2931 885 3026 942 sed
3065 883 3251 948 Jaboc,
3303 879 3450 952 quod

1867 993 1952 1042 est
1979 985 2252 1056 proprium
2285 999 2480 1040 nomen
2503 982 2672 1054 ipsius
2699 981 2842 1036 vadi.
2871 979 3054 1050 Itaque
3073 1019 3086 1044 ,

1937 1077 2102 1132 Vsus.
2131 1075 2320 1130 23-29.
2337 1105 2406 1114 —
2427 1073 2870 1142 Transduetisque
2895 1069 3132 1126 omnibus
3155 1083 3272 1140 qua:
3293 1065 3362 1120 ad
3391 1079 3450 1120 se

1865 1169 2208 1242 pertinebant,
2230 1169 2478 1222 remansit
2498 1167 2660 1222 solus.
2679 1165 2748 1220 Et
2775 1181 2890 1220 ecce
2909 1166 2986 1218 vir
3005 1161 3304 1218 luctabatur
3327 1175 3448 1214 eum

1866 1279 1926 1318 eo
1949 1277 2112 1334 usque
2145 1277 2318 1328 mane,
2341 1269 2396 1316 et
2431 1259 2640 1330 reliqua
2671 1273 2952 1330 usquequo
2969 1259 3068 1322 ait,
3099 1269 3446 1326 nequaquam,

1865 1355 2056 1426 inquit,
2081 1353 2245 1408 Iacob
2293 1351 2640 1424 appellabitur
2687 1365 2872 1404 nomen
2927 1359 3094 1412 tuum,
3139 1345 3228 1400 sed
3253 1341 3448 1400 Israel.

1867 1447 2148 1516 Quomodo
2173 1461 2300 1517 ergo
2323 1443 2492 1500 Iacob
2521 1445 2588 1500 ab
2617 1457 2682 1498 eo
2701 1441 3010 1512 postulabat
3041 1437 3236 1510 [Petr.,
3269 1443 3452 1508 postu-

1867 1539 1964 1612 lat]
2005 1538 2266 1604 benedici,
2313 1539 2400 1593 cui
2431 1535 2686 1592 luctando
2733 1531 3050 1604 praevaluit?
3095 1529 3286 1598 Magna
3333 1525 3452 1582 haec

1866 1641 1950 1690 est
1979 1633 2044 1688 de
2069 1631 2286 1688 Christo
2311 1629 2616 1702 prophetia.
2649 1627 2854 1698 Duplex
2883 1625 3028 1680 enim
3057 1623 3148 1678 hic
3171 1618 3342 1676 Iacob
3363 1619 3450 1674 in-

1867 1724 2150 1796 telligitur,
2175 1723 2226 1778 id
2247 1731 2332 1778 est
2349 1719 2584 1777 carnalis
2603 1729 2658 1774 et
2681 1716 2960 1788 spiritalis.
2988 1713 3278 1770 Praevaluit
3303 1711 3450 1768 enim

1866 1815 2034 1874 Iacob
2057 1815 2297 1880 Christo,
2315 1813 2398 1870 vel
2421 1813 2600 1884 potius
2621 1809 2916 1882 praevalere
2937 1807 3086 1862 visus
3111 1811 3216 1860 est.
3233 1803 3336 1858 Per
3357 1815 3454 1858 eos

1790 1897 1840 1960 Β
1865 1909 2010 1966 enim
2045 1907 2389 1972 lsraelitieos,
2411 1919 2442 1960 a
2471 1904 2668 1976 quibus
2689 1899 2988 1958 cruciﬁxus
3007 1895 3280 1960 Christus,
3299 1901 3356 1948 et
3383 1891 3456 1948 ab

1869 2015 1936 2056 eo
1967 1999 2310 2056 benedicitur
2337 1997 2392 2054 in
2427 1997 2508 2053 eis
2533 1993 2866 2058 lsraeliticis,
2897 1991 2990 2062 qui
3017 1987 3364 2046 crediderunt
3399 1983 3454 2040 in
3485 2015 3490 2018 -

1869 2091 2178 2157 Christum,
2209 2105 2276 2146 ex
2309 2089 2508 2162 quibus
2535 2095 2654 2144 erat
2693 2086 2786 2156 qui
2807 2085 3022 2140 dicebat
3049 2099 3064 2136 :
3107 2081 3250 2136 Nam
3287 2087 3334 2134 et
3363 2091 3456 2148 ego

1871 2181 2122 2238 Israelita
2147 2197 2264 2237 sum
2291 2197 2360 2236 ex
2383 2196 2567 2252 genere
2597 2177 2886 2240 Abraham,
2915 2175 2980 2230 de
3007 2173 3146 2228 tribu
3173 2169 3458 2240 Benjamiu

1873 2273 2054 2348 (Rom.
2081 2289 2160 2340 χι,
2191 2273 2268 2346 I).
2301 2273 2454 2329 Unus
2479 2285 2612 2342 ergo
2645 2279 2808 2340 atque
2853 2267 2994 2322 idem
3025 2263 3192 2320 Iacob
3219 2269 3274 2316 et
3303 2259 3456 2314 clau-

1872 2369 1974 2424 dus
2003 2375 2060 2422 et
2083 2365 2430 2432 benedictus;
2455 2363 2682 2421 claudus
2703 2363 2760 2417 in
2787 2359 3070 2416 latitudine
3098 2353 3320 2410 femoris
3343 2361 3458 2408 tan-

1871 2477 2034 2533 quam
2081 2461 2136 2516 in
2191 2459 2536 2514 multitudine
2563 2455 2674 2530 [Z.,
2705 2449 3098 2526 magnitudine]
3125 2447 3362 2522 generis,
3391 2445 3458 2502 de

1871 2553 2068 2624 quibus
2103 2552 2308 2608 dictum
2351 2557 2438 2606 est
2483 2567 2496 2603 :
2545 2546 2984 2602 Claudicmaerunt
3025 2559 3058 2596 α
3105 2541 3304 2596 semitis
3349 2535 3460 2592 suis

1875 2643 2048 2718 (Psal.
2073 2659 2206 2710 xvu,
2237 2641 2352 2714 46).
2379 2640 2706 2696 Benedictus
2739 2645 2918 2692 autem
2965 2635 3018 2690 in
3063 2633 3146 2688 eis
3171 2630 3238 2686 de
3263 2629 3460 2700 quibus

1873 2738 2078 2792 dictum
2117 2745 2202 2792 est
2243 2754 2256 2790 :
2305 2733 2554 2806 Reliquus
2597 2749 2690 2804 per
2735 2730 3034 2786 electionem
3075 2725 3258 2796 gratia:
3303 2723 3460 2776 salute

1875 2829 2029 2900 facta:
2059 2837 2178 2882 sunt
2205 2824 2384 2898 (Rom.
2409 2841 2490 2890 xt,
2511 2823 2590 2894 5).

1945 2921 2076 2990 Quae
2109 2929 2192 2976 est
2217 2931 2380 2976 causa
2411 2915 2684 2974 inunutati
2727 2911 2964 2970 nominis
2993 2909 3184 2974 Iacob,
3213 2916 3272 2962 ut
3295 2903 3462 2962 Israel

1873 3011 2204 3070 vocaretur?
2239 3008 2396 3066 Varia
2425 3007 2588 3078 hujus
2615 3003 2854 3060 nominis
2883 2998 3262 3070 interpretatio
3310 2996 3460 3052 aesti-

1877 3115 2074 3162 matur.
2107 3101 2214 3160 Sed
2245 3103 2438 3158 beatus
2465 3099 2830 3169 Hieronymus
2855 3093 3034 3152 taliter
3061 3092 3130 3148 de
3149 3089 3268 3160 ejus
3291 3089 3460 3144 inter-

1877 3199 2178 3274 prctatione
2205 3194 2342 3252 dixit
2369 3211 2382 3247 :
2415 3191 2620 3248 Sensus
2649 3191 2834 3260 itaque
2853 3187 2950 3254 hic
2991 3193 3074 3242 est
3101 3199 3116 3238 :
3147 3199 3256 3238 non
3295 3195 3462 3236 voca-

1871 3272 2018 3350 bitur
2039 3305 2236 3348 nomen
2265 3297 2416 3344 tuum
2449 3285 2850 3356 supplantator,
2883 3281 2986 3336 hoc
3013 3286 3098 3335 est
3125 3275 3324 3342 Iacob,
3365 3272 3462 3329 sed

1871 3385 2154 3445 vocabitur
2173 3383 2426 3455 princeps
2445 3393 2570 3436 eum
2591 3379 2726 3444 Deo,
2749 3377 2852 3432 hoc
2871 3383 2956 3430 est
2975 3371 3160 3430 Israel.
3181 3367 3462 3438 Quomodo

1871 3479 2014 3534 enim
2059 3493 2158 3550 ego
2187 3475 2440 3548 princeps
2485 3485 2626 3536 sum,
2657 3471 2736 3526 sic
2779 3477 2858 3534 tu,
2891 3467 2982 3536 qui
3027 3477 3238 3520 meeum
3269 3461 3462 3518 luctari

1871 3569 2116 3640 potuisti,
2145 3569 2396 3640 princeps
2429 3563 2728 3620 vocaberis.
2763 3559 2820 3614 Si
2853 3567 3032 3614 autem
3065 3569 3298 3620 mecum,
3325 3553 3460 3616 Deo,

1871 3665 1984 3720 sive
2005 3661 2218 3734 angelo,
2259 3659 2514 3730 quoniam
2539 3655 2786 3726 plerique
2827 3651 2980 3706 varie
3009 3649 3458 3718 interpretantur,

1871 3769 2112 3828 pugnare
2139 3751 2386 3824 potuisti,
2416 3757 2620 3819 quanto
2641 3746 2813 3818 magis
2835 3759 2958 3801 cum
3005 3741 3334 3804 hominibus,
3359 3739 3462 3792 hoc

1871 3857 1956 3904 est
1999 3863 2122 3904 cum
2171 3845 2310 3902 Esau
2353 3855 2596 3914 pugnare
2631 3839 2926 3895 formidare
2975 3849 3080 3890 non
3111 3833 3296 3890 debes.
3325 3829 3460 3886 Illud

1871 3951 2052 3996 autem
2096 3939 2240 4010 quod
2269 3939 2322 3992 in
2355 3937 2492 3992 libro
2527 3933 2814 3990 Nominum
2843 3933 3267 4000 interpretantur
3295 3923 3462 3980 Israel

1871 4033 1951 4086 vir
1977 4031 2158 4086 videns
2183 4030 2374 4094 Deum,
2421 4029 2536 4084 sive
2579 4041 2724 4080 mens
2773 4023 2950 4078 videns
2991 4021 3184 4087 Deum,
3217 4015 3458 4074 omnium

1871 4139 2006 4196 pene
2031 4137 2282 4178 sermone
2299 4121 2580 4184 detritum,
2599 4135 2704 4174 non
2729 4129 2838 4173 tam
2861 4129 3166 4186 veroquam
3195 4113 3461 4167 violenter

1873 4217 2004 4272 mihi
2033 4217 2446 4284 interpretatum
2477 4211 2710 4266 videtur.

1943 4309 2220 4366 Moraliter
2261 4321 2392 4362 vero
2435 4305 2686 4376 designat
2723 4301 2946 4374 angelus
2979 4299 3148 4354 Deum
3179 4301 3234 4351 et
3267 4293 3456 4358 Iacob,

1871 4403 1962 4474 qui
2007 4417 2128 4458 cum
2177 4399 2368 4470 angelo
2423 4395 2705 4452 contendit
2761 4389 3184 4461 uniuscujusque
3233 4387 3460 4459 perfecti

1871 4495 1972 4550 viri
2001 4503 2058 4549 et
2083 4493 2136 4548 in
2159 4489 2614 4561 contemplatione
2643 4485 2802 4558 positi
2835 4485 3072 4540 animam
3103 4481 3380 4554 exprimit.
3413 4479 3462 4534 Is

1873 4589 2018 4644 enim
2047 4587 2140 4657 qui
2171 4593 2346 4641 certat
2377 4585 2430 4638 in
2463 4583 2778 4648 luctamine,
2805 4575 3098 4650 aliquando
3121 4575 3458 4646 superiorem

1873 4697 1950 4746 se,
1985 4679 2274 4751 aliquando
2315 4691 2444 4732 vero
2475 4691 2598 4732 eum
2629 4689 2752 4728 cum
2775 4687 2884 4742 quo
2923 4667 3202 4726 contendit
3243 4665 3462 4722 inferio-

1873 4791 1986 4829 rem
2019 4769 2241 4826 invenit.
2273 4767 2410 4834 Quia
2437 4765 2690 4820 videlicet
2718 4761 2900 4817 anima
2943 4773 3066 4830 quae
3103 4755 3462 4828 contemplari

1869 4864 2038 4921 Deum
2085 4861 2294 4924 nititur,
2345 4857 2492 4911 velut
2545 4855 2598 4908 in
2651 4851 2884 4922 quodam
2927 4847 3224 4904 certamine
3259 4841 3456 4912 posita,

1873 4957 2032 5012 modo
2055 4953 2208 5023 quasi
2235 4957 2544 5018 exsuperat,
2575 4945 2698 5014 quia
2725 4939 3070 5012 intelligendo
3097 4945 3152 4992 et
3173 4931 3458 4990 sentiendo

1875 5049 1940 5103 de
1971 5021 2438 5110 incircumscripto
2487 5037 2704 5093 nomine
2745 5031 2946 5103 aliquid
2983 5029 3261 5099 degustat;
3295 5021 3456 5076 modo

1879 5153 2006 5196 vero
2031 5134 2356 5200 succumbit,
2379 5131 2504 5201 quia
2549 5137 2604 5186 ct
2629 5127 2694 5184 de
2730 5125 2996 5196 gustaudo
3027 5123 3220 5174 iterum
3249 5111 3452 5168 deficit.

1877 5231 2041 5299 Quasi
2061 5241 2190 5300 ergo
2215 5225 2450 5280 vincitur
2475 5219 2717 5293 angelus,
2735 5216 2948 5288 quando
2973 5209 3242 5268 intellectu
3266 5205 3458 5262 intimo

1881 5321 2302 5396 apprehenditur
2333 5319 2472 5373 Deus
2523 5313 2628 5370 Sed
2673 5309 2962 5366 notandum
2993 5303 3156 5396 quod,
3177 5301 3342 5356 isdem
3371 5299 3458 5354 vi-

1881 5395 2000 5474 ctus
2049 5413 2268 5486 angelus
2309 5423 2538 5466 nervum
2579 5403 2798 5460 femoris
2821 5399 2986 5456 Iacob
3017 5395 3206 5460 tenuit,
3229 5405 3460 5462 eumque

1885 5519 2218 5564 marcessere
2243 5505 2426 5560 statim
2451 5501 2578 5556 fecit
2611 5509 2772 5566 atque
2805 5493 2872 5548 ab
2911 5507 2976 5547 eo
3025 5487 3192 5542 Iacob
3223 5495 3464 5556 tempore

1887 5619 1992 5656 uno
2015 5595 2336 5656 claudicavit
2359 5595 2512 5666 pede.
2553 5590 2690 5658 Quia
2711 5585 2918 5644 scilicet
2941 5581 3280 5650 omnipotens
3301 5575 3462 5642 Deus,

1887 5707 2008 5748 cum
2031 5689 2146 5762 jam
2175 5703 2272 5759 per
2301 5685 2628 5740 desiderium
2651 5687 2706 5734 et
2743 5675 3070 5730 intellectum
3099 5667 3462 5742 cognoscitur,

1887 5755 2102 5842 omnem
2147 5755 2200 5838 in
2249 5781 2402 5836 nobis
2443 5777 2768 5844 voluptatem
2795 5769 2978 5826 carnis
3016 5764 3262 5829 arefacit,
3297 5769 3350 5816 et
3373 5755 3468 5830 qui

1891 5881 2040 5952 prius
2063 5877 2218 5950 quasi
2251 5873 2460 5930 duobus
2477 5867 2704 5940 pedibus
2725 5865 3018 5922 innitentes
3043 5869 3096 5918 et
3117 5861 3288 5916 Deum
3319 5851 3468 5908 vitle-
