3970 6332
580 354 686 410 225

1611 354 1961 410 ANGELOMI
2001 353 2461 414 LUXOVIENSlS
2499 357 2805 419 MONACHI
3715 384 3787 438 ιω
3887 343 3889 362 ⁴

579 473 772 528 bam“?
791 486 1053 542 (ἰυαέτθΐθ,
1090 483 1147 529 ει
1167 475 1422 531 $330010"!
1453 485 1653 540 tenere.
1687 484 1808 548 post
1835 478 2164 549 agnitionem
2193 480 2244 540 Α
2271 485 2556 542 mdilicavit
2585 490 2959 558 tabernacula,
2983 490 3106 547 ideo
3129 493 3347 548 vocavit
3367 509 3556 552 nomen
3575 497 3666 555 loci
3683 501 3788 561 illius
3888 513 3889 526 ‘

579 565 862 621 suavitatis
909 565 1004 622 Dei
1055 582 1196 623 unus
1237 568 1293 623 in
1357 569 1513 624 nobis
1557 583 1652 639 pes
1710 583 1876 624 sanus
1921 579 2168 626 remanet

579 667 743 730 atque
771 659 909 714 alius
935 659 1224 716 claudicat.
1268 660 1404 729 Quia
1448 675 1664 718 necesse
1689 669 1774 717 est
1795 671 1858 736 ut.
1884 663 2166 719 debilitato

579 766 767 806 amore
815 751 997 814 saeculi
1041 752 1188 808 solus
1214 753 1269 808 in
1297 753 1453 808 nobis
1483 767 1636 807 amor
1664 753 2004 810 convalescat
2044 755 2163 811 Dei.

579 844 640 900 Si
677 844 820 899 enim
854 853 1101 901 tenemus
1134 845 1404 918 angelum,
1439 861 1548 901 uno
1595 845 1966 904 claudicamus
1990 849 2162 919 pede;

580 937 706 1008 quia
754 938 879 992 dum
905 938 1104 993 crescit
1151 938 1206 992 in
1251 938 1406 994 nobis
1439 937 1700 994 fortitudo
1728 939 1931 996 amoris
1964 941 2160 1008 intimi,

578 1027 889 1083 infirmatur
947 1028 1132 1098 procul
1186 1028 1349 1084 dubio
1404 1026 1666 1085 fortitudo
1714 1030 1914 1085 carnis.
1975 1029 2165 1087 Omnis

577 1121 777 1192 quippe
807 1121 898 1190 qui
927 1135 1036 1174 uno
1069 1120 1206 1189 pede
1236 1119 1526 1188 claudicat,
1560 1121 1660 1176 soli
1713 1121 1788 1176 illi
1816 1122 1938 1192 pedi
1981 1123 2164 1178 inniti-

579 1219 668 1266 tur
701 1226 860 1280 quem
917 1225 1108 1264 sanum
1158 1209 1344 1277 habet,
1383 1211 1511 1280 quia
1560 1211 1648 1266 hic
1702 1213 1787 1267 cui
1837 1212 2162 1269 desiderium

579 1312 852 1359 terrenum
879 1304 990 1373 jam
1019 1301 1316 1358 arefactum
1344 1303 1545 1370 fuerit,
1579 1305 1632 1358 in
1659 1305 1772 1360 solo
1802 1307 1936 1375 pede
1962 1307 2162 1362 amoris

576 1394 670 1450 Dei
696 1403 804 1448 tota
834 1395 1036 1449 virtute
1063 1409 1122 1450 se
1147 1395 1400 1450 sustinet.
1429 1395 1497 1450 Et
1531 1396 1586 1450 in
1617 1397 1734 1467 ipso
1763 1406 1887 1461 stat,
1923 1397 2161 1469 quia'pe-

573 1484 693 1538 dem
735 1486 936 1540 amoris
961 1485 1168 1552 smculi,
1197 1502 1357 1558 quem
1380 1503 1582 1558 ponere
1610 1489 1664 1542 in
1697 1498 1840 1542 terra
1867 1473 2162 1545 consueve-

573 1585 678 1640 rat,
703 1573 816 1643 jam
857 1592 886 1629 a
917 1584 1062 1630 terra
1111 1591 1432 1646 suspensum
1475 1587 1676 1648 portat.
1710 1578 1776 1632 Et
1805 1594 1904 1633 nos
1934 1595 2085 1650 ergo,
2115 1581 2160 1636 si

570 1667 637 1721 ad
669 1675 924 1737 parentes
954 1667 1225 1737 proprios,
1249 1667 1304 1722 id
1328 1677 1414 1724 est
1452 1669 1518 1723 ad
1550 1669 1821 1740 spiritales
1845 1680 2048 1741 patres,
2076 1687 2160 1726 re-

572 1758 772 1825 dimus,
799 1768 1080 1815 teneamus
1102 1759 1157 1814 in
1181 1761 1270 1814 via
1293 1759 1568 1831 angelum,
1593 1769 1651 1815 ut
1673 1763 1940 1818 suavitate
1967 1763 2159 1818 intima

2273 577 2656 637 Tabernacula.
2689 582 2786 639 Ubi
2817 599 2916 640 nos
2949 583 3315 642 Tabernacula
3353 588 3616 657 habemus,
3645 594 3692 649 in
3716 595 3790 653 Ile-

2267 671 2415 727 braeo
2435 671 2633 745 legitur
2657 672 2928 730 Sotheoth.
2957 676 3056 732 Est
3076 687 3256 735 autem
3277 694 3451 750 usque
3474 681 3624 740 hodie
3643 687 3788 748 civitas

2267 774 2420 822 trans
2464 766 2755 825 Iordanem
2785 771 2890 826 hoc
2931 771 3194 829 vocabulo
3242 774 3386 831 inter
3413 785 3590 846 partes
3611 778 3787 852 Scytho-

2265 861 2469 932 poleos.

2337 955 2500 1011 Vsns.
2537 955 2623 1012 18.
2651 987 2724 996 -
2751 955 3117 1030 Transivitque
3159 961 3217 1015 in
3253 958 3455 1028 Solem,
3481 962 3646 1018 urbem
3687 965 3786 1021 Sici-

2267 1061 2493 1110 morum,
2525 1065 2644 1119 qua:
2671 1057 2746 1104 est
2784 1049 2840 1104 in
2865 1059 3006 1104 terra
3042 1049 3322 1118 Chanaan,
3351 1064 3408 1108 et
3429 1053 3642 1126 reliqua.
3667 1056 3787 1115 Error

2265 1137 2555 1194 oboritur:
2591 1141 2864 1211 quomodo
2903 1141 3084 1198 Salem
3130 1145 3328 1200 civitas
3357 1147 3658 1218 appellatur,
3698 1165 3785 1206 cum

2266 1229 2631 1299 Hierusalem,
2688 1235 2744 1290 in
2772 1250 2876 1305 qua
2929 1236 3176 1307 regnavit
3208 1235 3610 1305 Melchisedech,
3653 1239 3786 1297 Salem

2267 1334 2392 1378 ante
2423 1325 2495 1380 sit
2542 1326 2722 1381 dicta?
2746 1327 2857 1381 Aut
2905 1327 3073 1398 igitur
3101 1327 3260 1384 unius
3292 1328 3526 1385 nominis
3548 1331 3664 1385 urbs
3685 1343 3787 1385 utra-

2265 1432 2371 1487 que
2393 1425 2496 1483 est,
2547 1417 2688 1487 quod
2713 1417 2878 1472 etiam
2922 1418 2988 1473 de
3016 1418 3260 1489 pluribus
3289 1418 3485 1474 Iudaea:
3508 1419 3629 1475 locis
3648 1435 3786 1490 possu-

2266 1523 2388 1562 mus
2431 1507 2696 1574 invenire,
2733 1517 2793 1563 ut
2827 1509 2968 1562 idem
3010 1510 3160 1565 urbis
3187 1519 3244 1565 et
3274 1511 3382 1566 loci
3411 1525 3599 1566 nomen
3640 1511 3685 1565 in
3713 1511 3784 1565 alia

2265 1609 2427 1670 atque
2459 1600 2562 1655 alia
2601 1601 2764 1669 tribu,
2799 1601 2872 1656 ita
2908 1611 2967 1657 ut
2996 1607 3262 1659 aut'certe
3292 1605 3452 1659 istam
3486 1603 3677 1668 Salem,
3701 1620 3784 1674 qua

2264 1709 2411 1748 nunc
2433 1709 2534 1764 pro
2565 1691 2811 1749 Sichima
2833 1696 3164 1776 nogninatur,
3203 1697 3435 1753 dicimus
3461 1695 3546 1751 hic
3577 1697 3784 1766 interpre-

2267 1787 2370 1841 tari
2397 1797 2834 1854 consummatam,
2879 1795 3043 1856 atque
3079 1787 3396 1858 perfectam;
3441 1795 3495 1842 et
3539 1786 3664 1840 illam
3703 1801 3784 1856 qua:

571 1853 1043 1923 apprehendamus
1088 1855 1277 1909 Deum.
1322 1853 1764 1926 Contemplativae
1799 1857 1999 1912 etenim
2038 1859 2155 1912 vita!

2266 1888 2450 1950 postea
2479 1877 2817 1934 Hierusalem
2845 1879 2990 1934 dicta
3020 1887 3103 1934 est
3125 1880 3350 1950 paci/ica
3390 1887 3568 1933 nostro
3593 1891 3783 1932 sermone

572 1946 822 2001 amabilis
865 1947 1020 2002 valde
1047 1947 1272 2004 dulcedo
1321 1958 1433 2012 est,
1469 1965 1588 2019 qua:
1617 1965 1780 2020 super
1808 1951 2158 2021 semetipsum

572 2037 812 2091 animum
842 2039 1000 2108 rapit,
1028 2039 1270 2096 caelestia
1295 2041 1489 2111 aperit,
1517 2049 1729 2098 terrena
1752 2052 1931 2098 autem
1959 2044 2159 2100 debere

570 2143 691 2184 esse
736 2130 1065 2200 contemptui
1097 2130 1363 2197 ostendit,
1417 2131 1680 2202 spiritalia
1735 2134 1933 2188 mentis
1988 2133 2160 2190 oculis

570 2220 847 2292 patefacit,
880 2223 1183 2293 corporalia
1213 2224 1513 2280 abscondit.
1551 2225 1702 2281 Unde
1737 2226 1874 2282 bene
1895 2227 2158 2284 Ecclesia

572 2310 627 2366 in
658 2311 900 2368 Canticis
951 2315 1287 2370 canticorum
1330 2316 1498 2372 dicit:
1535 2315 1651 2389 Ego
1697 2319 1938 2385 dormio,
1983 2331 2030 2374 et
2068 2338 2160 2376 cor

571 2420 746 2458 meum
795 2405 972 2475 vigilat
1021 2403 1286 2478 (Cant._v,
1318 2407 1396 2478 2).
1431 2409 1687 2480 Vigilanti
1745 2411 1943 2466 etenim
1994 2413 2159 2468 corde

571 2495 791 2563 dormit,
808 2498 897 2568 qui
929 2513 1025 2569 per
1047 2498 1150 2554 hoc
1169 2501 1314 2568 quod
1333 2501 1564 2556 interius
1584 2503 2001 2572 contemplanda
2026 2519 2157 2575 pro-

571 2587 702 2652 ficit,
733 2590 801 2646 ab
822 2590 1064 2661 inquieto
1095 2591 1228 2648 foris
1249 2607 1413 2663 opere
1440 2594 1692 2664 quiescit.
1713 2593 1970 2666 Sequitur
1997 2615 2010 2649 :

1091 2723 1318 2782 CAPUT
1358 2727 1593 2784 XXXIII.

645 2865 805 2922 Vnus.
834 2866 954 2924 1-9.
982 2897 1053 2908 --
1071 2866 1359 2939 Divisitque
1375 2865 1542 2922 Iacob
1562 2867 1703 2938 ﬁlios
1727 2867 1836 2922 Lia:
1858 2877 1904 2923 et
1934 2867 2152 2936 Rachel,

568 2960 942 3028 amitarumque
964 2957 1312 3028 famularum,
1335 2971 1382 3014 et
1410 2962 1583 3031 posuit
1609 2970 1886 3032 utramque
1906 2961 2156 3017 ancillam

567 3060 614 3104 et
637 3050 826 3103 liberos
856 3065 1039 3104 earum
1077 3050 1132 3105 in
1155 3051 1446 3126 principio;
1474 3050 1626 3106 Liam
1650 3070 1766 3107 vero
1793 3062 1840 3107 et
1876 3053 2014 3122 ﬁlios
2041 3055 2155 3124 ejus

566 3143 622 3196 in
663 3142 890 3195 secundo
929 3141 1076 3208 loco;
1107 3142 1306 3198 Rachel
1329 3155 1506 3198 autem
1531 3156 1578 3199 et
1607 3146 1802 3215 Ioseph
1825 3149 2151 3203 novissimos.

570 3230 640 3286 Et
669 3233 778 3303 ipse
800 3232 1134 3303 progrediens
1165 3233 1406 3290 adoravit
1431 3252 1626 3305 pronus
1652 3225 1708 3290 in
1739 3247 1952 3302 (errant,
1983 3249 2037 3293 et
2065 3255 2156 3294 re-
2184 3219 2231 3284 (ἶ

565 3319 735 3390 liqua.
774 3320 913 3388 Non,
951 3322 1271 3394 utplerique
1301 3325 1592 3392 aestimant,
1635 3335 1746 3383 tres
1777 3335 1984 3382 turmas
2007 3327 2156 3397 fecit,

567 3414 663 3468 sed
699 3413 852 3469 duas.
882 3414 1124 3485 Denique
1149 3416 1240 3471 ubi
1270 3431 1368 3472 nos
1393 3417 1676 3482 habemus,
1722 3419 1920 3486 divisit,
1960 3420 2154 3490 Aquila

566 3505 768 3576 posuit,
790 3505 1083 3561 dimidiavit
1100 3524 1121 3572 ;
1151 3515 1212 3562 ut
1239 3523 1407 3562 unum
1436 3523 1668 3564 cuneum
1696 3509 1899 3566 faceret
1929 3511 2155 3566 ancilla-

570 3614 690 3652 rum
713 3613 834 3653 cum
862 3597 1104 3668 parvulis
1130 3599 1274 3665 suis;
1303 3611 1358 3654 et
1382 3600 1547 3656 alium
1566 3601 1676 3657 Lia:
1706 3611 1762 3658 et
1785 3603 2006 3668 Rachel,
2036 3619 2156 3673 qua

569 3689 752 3745 libera:
775 3702 934 3745 erant
965 3706 1088 3746 cum
1112 3691 1237 3746 filiis
1265 3707 1483 3760 earum;
1507 3694 1820 3765 primasque
1845 3696 1924 3751 ire
1954 3693 2157 3751 faceret

569 3781 818 3848 ancillas,
843 3783 1110 3840 secundas
1130 3783 1353 3852 liberas,
1373 3785 1490 3856 ipse
1513 3797 1691 3843 autem
1714 3797 1840 3845 ante
1866 3797 2154 3860 utrumque

572 3887 814 3944 gregem,
832 3873 1057 3930 fratrem
1074 3875 1401 3933 adoraturus
1429 3893 1760 3937 occurreret.

643 3966 806 4022 Vsus.
837 3967 1024 4023 1046.
1058 4000 1128 4010 -—
1156 3969 1408 4042 Dixitque
1443 3973 1610 4029 Iacob
1651 3990 1670 4027 .·
1719 3976 1808 4031 Sic
1856 3977 1993 4032 enim
2047 3979 2152 4032 vidi

569 4058 758 4128 faciem
807 4068 976 4126 tuam,
1012 4063 1164 4132 quasi
1203 4063 1431 4118 viderem
1465 4065 1664 4120 vultum
1692 4067 1810 4135 Dei,
1857 4077 1914 4124 et
1944 4069 2151 4140 reliqua

564 4163 738 4218 usque
763 4151 1024 4220 price-edat
1053 4151 1310 4209 Dominus
1340 4173 1486 4211 meus
1511 4167 1632 4212 ante
1674 4176 1878 4214 servum
1901 4179 2076 4229 suum,
2103 4175 2152 4219 et

565 4253 659 4309 ego
685 4254 875 4310 sequar
893 4241 1151 4312 paulatim
1177 4245 1393 4317 vestigia
1411 4247 1546 4318 ejus.
1577 4248 1718 4314 Quid
1745 4249 1848 4304 sibi
1869 4252 1986 4307 vult
2007 4254 2152 4324 quod

563 4328 731 4384 Jacob
762 4332 838 4386 ait
867 4333 1021 4388 fratri
1043 4349 1180 4390 suo:
1213 4333 1328 4390 Vidi
1355 4336 1546 4406 faciem
1572 4348 1717 4393 tuam
1744 4343 1898 4411 quasi
1923 4343 2152 4398 viderem

564 4422 754 4492 facient
805 4424 938 4479 Dei?
983 4424 1174 4482 Utrum
1227 4431 1474 4499 paventis
1522 4441 1577 4486 et
1629 4433 1929 4502 perturbati
1983 4437 2150 4492 animi

568 4515 729 4568 verba
759 4532 929 4587 usque
953 4519 1008 4574 in
1043 4520 1184 4577 hanc
1206 4522 1568 4578 adulationem
1598 4529 1997 4596 proruperunt?
2020 4529 2148 4586 Haec

565 4609 728 4664 verba
754 4609 993 4666 fraterna
1012 4621 1142 4668 sunt
1165 4623 1219 4669 et
1241 4615 1473 4686 benigno
1497 4617 1676 4674 animo
1698 4595 1862 4674 dicta.
1882 4619 2146 4687 Quoniam
2175 4595 2229 4656 Β

563 4709 686 4769 post
715 4700 1004 4771 benignam
1038 4705 1441 4776 susceptionem
1472 4718 1649 4764 metus
1688 4710 1804 4783 ipse
1833 4713 2146 4770 transierat.

562 4790 629 4844 Et
659 4790 906 4849 fortassis
941 4793 1038 4849 Dei
1080 4809 1298 4864 nomen,
1345 4807 1403 4853 et
1429 4800 1761 4871 angelorum,
1802 4804 1885 4860 vel
1914 4805 2150 4877 aliquem

563 4891 810 4939 sanctum
852 4887 957 4942 hoc
1003 4885 1126 4942 loco
1173 4889 1474 4962 intelligere
1520 4893 1800 4962 debemus,
1851 4899 2148 4955 secundum

563 4974 913 5046 Apostolum,
961 4979 1053 5049 qui
1096 4981 1232 5036 dixit
1268 5001 1280 5037 :
1315 4982 1431 5039 Etsi
1479 4995 1600 5040 sunt
1643 4989 1732 5058 qui
1787 4989 2035 5045 dicuntur
2075 4993 2151 5046 dii

563 5070 668 5123 sive
706 5069 760 5124 in
798 5070 924 5125 caelo
951 5113 966 5138 ,
997 5073 1102 5126 sive
1147 5074 1202 5132 in
1229 5083 1389 5141 terra,
1440 5079 1882 5148 quemadmodum
1923 5093 2046 5138 sunt
2074 5084 2146 5139 dii

563 5161 715 5216 multi
741 5173 787 5218 et
815 5164 1017 5220 domini
1038 5165 1190 5222 multi
1221 5167 1274 5238 (Ι
1304 5167 1429 5226 Cor.
1457 5187 1579 5239 VIII,
1603 5173 1681 5243 5).

635 5253 916 5322 Quomodo
941 5259 1192 5329 promisit
1218 5259 1388 5318 Jacob
1416 5263 1572 5320 fratri
1608 5281 1709 5322 suo
1745 5276 1806 5323 ut
1832 5278 2149 5338 sequeretur

564 5347 789 5418 vestigia
820 5349 959 5420 ejus,
1018 5366 1142 5406 cum
1188 5351 1294 5408 alio
1331 5354 1527 5413 itinere
1578 5359 1859 5415 tenderet?
1885 5358 2048 5416 Forte
2080 5361 2148 5417 ad

564 5436 756 5492 horam
785 5443 1130 5512 sequebatur,
1151 5447 1237 5502 vel
1267 5449 1444 5519 primo
1464 5453 1645 5507 veraci
1673 5452 1854 5508 animo
1883 5454 2145 5523 promise-

564 5537 675 5594 rat,
701 5531 794 5586 sed
822 5533 967 5590 aliud
1003 5549 1194 5607 postea
1222 5541 1510 5613 cogitando
1531 5544 1747 5616 delegit.

636 5623 801 5678 Vens.
829 5627 914 5682 17.
943 5660 1014 5670 -
1043 5631 1111 5686 Et
1134 5632 1300 5691 Iacob
1328 5639 1467 5692 venit
1500 5639 1556 5693 in
1577 5637 1788 5705 Socath,
1813 5649 1864 5695 et
1884 5642 2146 5711 aediﬁcata

563 5713 740 5782 domo,
779 5729 826 5773 et
859 5720 982 5790 ﬁxis
1021 5728 1277 5794 tentoriis,
1316 5729 1596 5800 appellavit
1636 5748 1822 5786 nomen
1864 5732 1966 5789 loci
2003 5735 2146 5792 illius

565 5806 781 5880 Socotlt,
797 5814 852 5870 id
874 5827 948 5872 est
975 5817 1357 5879 Tabernacula.
1389 5824 1528 5893 Quia
1548 5827 1693 5884 enim
1721 5829 2008 5900 pecoribus
2034 5833 2147 5890 suis

2263 1970 2584 2025 transferre.
2611 1968 2913 2040 Utrumque
2941 1971 3084 2026 enim
3113 1979 3342 2026 accentu
3384 1966 3570 2042 [Pctr.,
3594 1966 3781 2041 acceptu]

2261 2061 2540 2131 paululum
2587 2061 2857 2116 declinato
2905 2061 3008 2118 hoc
3050 2062 3373 2117 vocabulum
3403 2071 3571 2117 sonat.
3599 2059 3782 2114 Tradnnt

2263 2153 2475 2208 Hahnei
2501 2151 2646 2223 quod
2676 2152 3030 2209 claudicantis
3055 2152 3234 2208 femur
3257 2153 3422 2209 Jacob
3451 2154 3521 2208 ibi
3555 2152 3780 2208 convalue-

2264 2245 2334 2299 rit
2378 2253 2433 2299 et
2475 2255 2727 2300 sanatum
2783 2245 2886 2310 sit,
2945 2253 3232 2316 propterea
3279 2245 3520 2301 eamdem
3568 2244 3778 2300 civitatem

2263 2335 2439 2390 curati
2467 2344 2630 2404 atque
2658 2334 2888 2406 perfecti
2909 2336 3236 2392 vocabulum
3268 2344 3621 2393 consecutam.

2799 2470 3026 2529 CAPUT
3075 2469 3322 2527 XXXIV.

2335 2604 2498 2660 Vens.
2529 2605 2639 2660 1-4.
2670 2635 2739 2645 —
2761 2603 2990 2675 Egressa
3020 2613 3095 2659 est
3131 2603 3278 2658 Dina
3305 2613 3362 2658 ut
3395 2603 3578 2659 videret
3599 2601 3778 2655 mulieres

2263 2701 2488 2771 regionis
2535 2699 2701 2767 illius,
2728 2709 2782 2754 et
2811 2699 3018 2770 reliqua
3048 2713 3223 2769 usque
3251 2700 3547 2770 tristemque
3571 2696 3776 2752 blanditiis

2261 2792 2514 2847 delinivit.
2547 2791 2683 2846 Dina
2730 2792 2926 2863 quippe
2956 2801 3016 2846 ut
3054 2791 3318 2849 mulieres
3363 2792 3534 2848 videat
3572 2799 3778 2846 extranea

2261 2885 2494 2955 regionis
2517 2884 2810 2956 egreditur,
2826 2883 3042 2954 quando
3063 2900 3408 2956 unaquaeque
3421 2899 3584 2950 mens,
3604 2897 3685 2938 sua
3706 2888 3782 2933 stu-

2261 2979 2348 3034 dia
2377 2977 2678 3048 negligens,
2699 2977 2940 3032 actiones
2965 2976 3170 3033 alienas
3193 2984 3579 3044 curans,extra
3601 2973 3782 3030 habitum

2261 3079 2423 3140 atque
2439 3079 2593 3125 extra
2609 3070 2853 3125 ordinem
2876 3069 3113 3139 positum
3137 3079 3427 3141 evagatur.
3444 3068 3602 3136 Quam
3624 3064 3782 3121 Sichem

2260 3165 2512 3235 princeps
2555 3172 2714 3220 terrae
2753 3165 3039 3235 opprimit,
3109 3165 3236 3234 quia
3295 3163 3536 3218 videlicet
3574 3162 3781 3216 inventam

2262 3258 2316 3312 in
2347 3257 2492 3313 curis
2515 3257 2878 3313 exterioribus
2911 3255 3156 3311 diabolus
3186 3255 3510 3330 corrumpit.
3537 3252 3599 3306 Et
3619 3248 3782 3321 aggluti-

2261 3357 2388 3401 nata
2411 3358 2484 3402 est
2509 3347 2688 3401 anima
2709 3346 2822 3416 ejus
2849 3361 2968 3400 cum
2990 3361 3074 3412 ea,
3097 3345 3224 3416 quia
3267 3347 3472 3400 unitam
3499 3344 3592 3399 sibi
3613 3355 3692 3413 per
3712 3336 3780 3393 ini-

2259 3438 2520 3508 quitatem
2555 3437 2796 3508 respicit,
2827 3446 2883 3492 et
2900 3438 3027 3508 quia
3048 3452 3172 3493 cum
3199 3452 3362 3495 mens
3387 3453 3419 3493 a
3457 3436 3601 3507 culpa
3638 3431 3781 3501 resipi—

2259 3528 2382 3594 scit,
2411 3537 2573 3598 atque
2594 3527 2889 3582 admissum
2918 3527 3048 3584 ﬂere
3074 3537 3330 3597 conatur,
3358 3536 3623 3600 corruptor
3645 3531 3773 3579 autem

2257 3635 2380 3690 spes
2402 3634 2464 3674 ac
2489 3619 2813 3675 securitates
2854 3634 3055 3675 vacuas
3085 3629 3213 3676 ante
3239 3622 3424 3678 oculos
3447 3628 3612 3683 vocat,
3634 3622 3772 3686 quate-

2257 3729 2359 3768 nus
2381 3711 2672 3768 utilitatem
2700 3712 2938 3767 tristitim
2960 3711 3272 3779 subtrahat,
3297 3725 3443 3771 recte
3465 3713 3567 3770 illic
3591 3706 3774 3778 adiungi-

2256 3813 2363 3873 tur,
2395 3805 2698 3876 tristemque
2739 3803 3010 3860 blanditiis
3039 3805 3297 3861 delinivit.
3330 3807 3484 3863 Modo
3515 3804 3640 3861 enim
3677 3799 3773 3854 alio-

2256 3915 2377 3954 rum
2407 3897 2553 3955 facta
2577 3899 2850 3970 graviora,
2883 3898 3045 3954 modo
3083 3899 3222 3954 nihil
3251 3916 3374 3956 esse
3400 3899 3537 3970 quod
3560 3901 3773 3968 ρει-ρεπεν

2256 4001 2370 4047 tum
2401 4001 2506 4059 est,
2538 3991 2698 4046 modo
2725 3991 3136 4048 misericordem
3162 3991 3335 4048 Deum
3375 3991 3624 4061 loquitur;
3661 3981 3774 4039 modo

2255 4086 2432 4140 adhuc
2454 4093 2664 4156 tempus
2687 4085 3023 4154 subsequens
3047 4085 3116 4139 ad
3138 4086 3510 4154 paenitentiam
3533 4081 3772 4153 pollicetur.

2253 4184 2315 4232 ut
2338 4177 2466 4231 dum
2487 4191 2584 4246 per
2611 4177 2727 4231 haec
2757 4175 2981 4245 decepta
3009 4191 3162 4232 tuens
3187 4177 3425 4242 ducitur,
3448 4177 3511 4230 ab
3541 4169 3775 4228 intentione

2253 4271 2588 4342 poenitentiae
2633 4271 2995 4342 suspendatur
3021 4289 3035 4326 :
3068 4281 3340 4342 quatenus
3371 4283 3493 4328 tunc
3520 4271 3646 4326 bona
3669 4262 3775 4319 nulla

2254 4362 2541 4438 percipiat,
2599 4377 2764 4432 quam
2807 4377 2950 4418 nunc
2991 4363 3132 4416 mala
3163 4363 3314 4418 nulla
3339 4361 3666 4420 constristant
3695 4371 3706 4407 :
3740 4357 3776 4404 el

2256 4463 2383 4508 tunc
2417 4453 2630 4524 plenius
2655 4454 2942 4509 .obruatur
2968 4453 3270 4524 suppliciis,
3294 4471 3414 4526 qua:
3445 4466 3578 4508 nunc
3597 4445 3774 4520 gaudent

2254 4544 2419 4600 etiam
2441 4543 2494 4598 in
2523 4543 2753 4600 delictis.

2326 4638 2488 4692 Vens.
2530 4637 2582 4691 7.
2607 4667 2678 4676 —
2735 4637 2940 4694 Deinde
2981 4639 3226 4710 sequitur
3273 4639 3538 4710 quomodo
3587 4635 3674 4689 duo
3711 4622 3774 4679 ﬁlii

2253 4729 2439 4794 Jacob,
2471 4727 2694 4785 Simeon
2719 4738 2774 4786 et
2813 4730 2967 4798 Levi,
3013 4731 3235 4788 Emmor
3277 4743 3332 4788 et
3373 4731 3580 4788 Sichem
3621 4721 3774 4797 pariter

2253 4822 2665 4890 interfecerunt,
2703 4833 2760 4880 et
2790 4824 3019 4896 reliqua.

2323 4915 2604 4986 Quomodo
2652 4917 2758 4973 duo
2797 4917 2894 4973 ﬁlii
2939 4917 3108 4974 Jacob
3150 4927 3356 4974 tantam
3399 4915 3589 4973 caedem
3629 4915 3675 4963 et
3704 4901 3772 4958 de-

2254 5009 2638 5078 prmdationem
2677 5023 2776 5079 per
2801 5024 2861 5065 se
2909 5009 2966 5064 in
3013 5019 3159 5066 terra
3204 5009 3378 5065 aliena
3423 5007 3593 5062 facere
3633 5002 3774 5068 ροιυθο

2256 5099 2725 5157 runt?Multitudo
2766 5101 2913 5156 enim
2956 5117 3066 5158 non
3101 5119 3267 5174 parva
3315 5111 3431 5158 erat
3472 5111 3588 5155 cum
3630 5083 3770 5145 Jacob.

2253 5192 2345 5260 qui
2372 5191 2664 5261 plurimum
2709 5194 2912 5250 ditatus
2939 5193 3059 5250 fuit.
3095 5193 3202 5251 Sed
3229 5195 3322 5250 filii
3348 5193 3464 5262 ejus
3511 5192 3562 5245 in
3600 5187 3687 5240 hoc
3717 5175 3772 5232 ia-

2251 5295 2341 5339 cto
2365 5285 2734 5352 nominantur,
2764 5287 2889 5358 quia
2924 5287 3166 5357 ejusdem
3195 5289 3322 5344 facti
3360 5284 3617 5357 principes
3650 5281 3770 5340 ειειυθ

2251 5387 2505 5433 auctores
2531 5377 2769 5436 fuerunt.

2793 5515 3020 5574 CAPUT
3077 5515 3291 5574 XXXV.

2329 5650 2487 5708 Vens.
2523 5652 2756 5708 l-9.9.—
2779 5652 2930 5708 Dixit
2969 5654 3135 5709 Iacob
3162 5668 3182 5706 :
3213 5653 3432 5723 Abjicite
3459 5649 3575 5704 deos
3595 5641 3767 5697 alienat.

2249 5745 2340 5815 qui
2368 5745 2422 5798 in
2448 5739 2617 5798 medio
2648 5746 2800 5800 vestri
2831 5755 2972 5801 sunt.
2997 5745 3066 5800 Et
3103 5747 3357 5802 dederunt
3378 5743 3426 5799 ei
3453 5749 3616 5812 postea
3631 5741 3767 5786 omnes

2253 5835 2376 5890 deos
2426 5834 2625 5891 alienos
2666 5854 2796 5908 quos
2846 5837 3133 5907 habebant,
3174 5850 3222 5896 et
3269 5842 3476 5894 inaures
3513 5845 3619 5904 qua?
3655 5825 3766 5878 ⁸⁷⁸³⁸
