3970 6332
197 461 316 522 225
1509 425 1863 486 COMMENT.
1905 428 1972 483 IN
2011 428 2169 486 GEN.
3341 431 3447 487 216

191 559 258 612 iu
312 552 530 608 auribus
577 567 776 607 eorum.
810 550 1013 607 Deinde
1041 551 1206 605 etiam
1235 549 1481 618 sequitur
1513 547 1770 618 quemad-
1802 544 1857 605 A
1880 562 2014 617 quas
2042 547 2258 604 odiosas
2302 548 2521 604 videbat
2551 562 2672 604 esse
2721 548 3060 620 parentibus,
3111 557 3165 606 et
3213 562 3456 622 coeperat

195 645 426 701 modum
454 642 700 714 apparuit
727 642 918 698 iterum
942 642 1082 697 Deus
1109 639 1295 706 Jacob,
1319 647 1375 694 et
1406 638 1680 694 benedixit
1703 637 1777 705 ei,
1883 641 2128 696 habitare
2175 641 2228 696 in
2260 650 2442 696 monte
2474 641 2614 697 Seir.
2643 641 2847 697 Deinde
2876 651 2998 712 post
3023 642 3252 698 reditum
3287 641 3454 699 Jacob

198 745 260 794 et
279 736 396 807 ipse
432 719 774 806 postmOdum
823 748 1074 804 egressus
1104 731 1228 787 inde
1272 731 1420 786 venit
1446 743 1614 784 verno
1646 736 1782 783 tem-
1882 730 2069 788 fratris
2097 715 2202 798 sui,
2249 731 2390 788 facta
2440 733 2583 788 inter
2613 747 2708 789 eos
2740 734 3050 801 concordia,
3085 749 3336 791 reversus
3373 743 3456 791 est

196 841 338 898 pore
349 827 418 882 ad
440 835 644 881 terram
665 841 786 896 quae
806 825 955 880 ducit
974 824 1365 892 Ephratam,et
1386 821 1593 892 reliqua
1612 834 1783 891 usque
1885 833 1940 881 et
1969 825 2084 895 ipse
2109 826 2177 881 ad
2199 835 2474 896 parentes,
2512 835 2568 882 et
2595 843 2717 882 cum
2760 836 3031 884 mortuum
3061 836 3270 900 patrem
3299 828 3456 884 simul

202 919 287 974 tua
312 929 435 974 sunt
461 929 634 974 autem
657 919 1009 989 generationes
1042 916 1209 971 Esau.
1886 919 2204 989 sepelissent
2250 920 2376 991 quia
2424 935 2518 976 eos
2567 921 2856 991 plurimum
2915 923 3113 978 ditatos
3170 930 3315 978 terra
3346 921 3455 988 illa,

276 1012 560 1080 Quomodo
574 1009 640 1082 [Ζ
646 1052 686 1077 .,
699 1011 838 1079 Quid
851 1023 954 1078 est,
969 1009 1110 1081 quod
1123 1009 1264 1082 Jac.]
1279 1008 1445 1066 Iacob
1457 1010 1590 1066 dixit
1603 1008 1785 1066 domui
1887 1010 2027 1065 sicut
2051 1009 2310 1081 scriptum
2333 1019 2436 1078 est,
2465 1011 2686 1067 minime
2710 1013 2974 1082 capiebat,
2992 1012 3255 1069 abscessit
3276 1027 3460 1068 rursus

201 1121 317 1159 sua:
347 1121 360 1157 :
423 1101 673 1173 Projicite
693 1102 814 1156 deos
841 1101 1038 1156 alienos
1061 1102 1151 1172 qui
1176 1101 1232 1156 in
1253 1101 1423 1156 medio
1448 1111 1568 1156 sunt
1596 1101 1746 1155 vestri
1763 1099 1788 1153 ?
1888 1100 1943 1155 in
1983 1100 2124 1167 Seir,
2155 1112 2210 1156 et
2235 1101 2306 1156 ibi
2333 1104 2650 1174 propagavit
2672 1113 2886 1174 gentem
2919 1103 3295 1160 Idumaeorum.

204 1194 276 1248 Et
303 1194 497 1248 iterum
534 1211 546 1244 :
582 1191 846 1245 Dederunt
872 1207 991 1262 ergo
1015 1192 1062 1246 ei
1088 1208 1264 1246 omnes
1289 1191 1412 1246 deos
1435 1191 1632 1246 alienos
1657 1209 1786 1262 quos
1959 1191 2130 1246 Erant
2159 1201 2330 1247 autent
2375 1192 2474 1262 ﬁlii
2522 1194 2687 1248 Jacob
2722 1194 3016 1261 duodecim,
3067 1205 3114 1250 et
3150 1196 3462 1266 computatis

199 1284 488 1341 habebant;
542 1277 588 1325 δ’
618 1286 836 1339 'maures
872 1301 988 1355 qua:
1021 1287 1078 1339 in
1115 1285 1330 1340 auribus
1375 1303 1553 1340 eorum
1600 1286 1789 1341 erant?
1889 1283 2157 1348 omnibus,
2189 1283 2488 1354 Benjamin,
2542 1285 2685 1354 quod
2725 1293 2781 1340 et
2819 1285 3056 1351 addidit,
3086 1285 3141 1340 lii
3168 1285 3268 1355 [ilii
3295 1284 3463 1340 Iacob

207 1375 341 1443 Qua:
362 1375 406 1429 si
435 1382 755 1428 ornamenta
782 1384 958 1441 erant,
1003 1375 1070 1430 ad
1105 1375 1462 1431 idololatriam
1491 1392 1598 1431 non
1623 1377 1790 1446 perti-
1889 1376 1979 1446 qui
2009 1376 2121 1429 nati
2149 1384 2268 1430 sunt
2315 1376 2363 1429 ei
2391 1375 2448 1428 in
2495 1375 2872 1447 Mesopotamia
2901 1375 3058 1446 Syria
3097 1373 3206 1449 [Z.,
3247 1375 3461 1449 Syriae].

209 1466 433 1520 nebant.
487 1465 898 1536 Intelligendum
946 1474 1030 1520 est
1056 1466 1156 1521 has
1195 1467 1413 1522 inaures
1454 1467 1789 1538 phylacteria
1891 1466 2027 1521 Dum
2060 1474 2276 1522 constat
2327 1465 2606 1536 Beniamin
2649 1479 2834 1522 natum
2884 1483 3004 1523 esse
3033 1468 3088 1523 in
3133 1466 3462 1535 Chananaea,

205 1556 381 1612 fuisse
426 1557 650 1611 deorum
687 1555 1007 1612 alienorum.
1033 1556 1170 1611 Nam
1223 1556 1526 1613 Rebeccam
1563 1573 1590 1611 a
1632 1572 1792 1613 servo
1892 1557 2161 1626 quomodo
2193 1566 2319 1613 tunc
2360 1557 2641 1613 duodecim
2674 1559 2826 1614 nasci
2854 1559 3109 1615 dicuntur
3134 1559 3190 1614 in
3221 1559 3465 1632 Mesopo-

204 1649 446 1705 Abraha:
480 1650 696 1704 inaures
735 1649 1007 1719 accepisse
1050 1648 1329 1720 Scriptura
1364 1659 1616 1715 testatur,
1649 1649 1793 1720 quod
1896 1649 2096 1704 tamia?

205 1757 319 1797 non
347 1740 504 1796 fieret
523 1741 570 1795 si
592 1741 672 1796 eis
692 1741 910 1797 inaures
935 1742 1134 1797 habere
1164 1743 1468 1798 ornamenti
1492 1745 1663 1815 gratia
1687 1759 1792 1798 non

205 1833 421 1890 liceret.
453 1834 594 1906 Ergo
622 1834 726 1889 illa:
754 1835 969 1890 inaures
989 1849 1108 1905 quae
1149 1851 1270 1890 cum
1299 1837 1454 1892 idolis
1484 1837 1622 1893 datae
1645 1846 1792 1904 sunt,

207 1936 270 1980 ut
293 1927 500 1982 dictum
523 1935 622 1992 est,
656 1927 920 1983 idolorum
946 1927 1280 1999 phylacteria
1309 1927 1545 1985 fuerant.

283 2017 468 2085 Quare
509 2017 747 2074 secundo
786 2018 985 2074 dicitur
1025 2019 1094 2074 ad
1131 2017 1296 2076 Jacob
1323 2037 1336 2074 :
1363 2020 1487 2076 Non
1529 2022 1793 2077 vocaberis

207 2108 408 2174 Jacob,
439 2109 528 2164 sed
550 2108 721 2164 Israel
747 2111 846 2165 erit
871 2127 1059 2166 nomen
1083 2120 1256 2180 tuum,
1293 2123 1341 2167 et
1369 2112 1644 2184 appellavit
1674 2130 1793 2169 eum

207 2198 388 2254 Israel
403 2199 429 2254 ?

282 2290 497 2346 Dudum
527 2306 866 2363 nequaquam
879 2294 929 2350 ei
951 2297 1018 2350 ab
1039 2297 1228 2364 angelo
1243 2311 1438 2351 nomen
1468 2296 1790 2366 imponitur;

211 2381 311 2438 sed
347 2381 490 2451 quod
523 2383 906 2453 imponendum
939 2401 974 2440 a~
1011 2385 1120 2441 Deo
1145 2388 1240 2453 sit,
1269 2388 1613 2457 praedicatur.
1643 2387 1794 2456 Quod

213 2473 380 2544 igitur
405 2471 643 2528 futurum
668 2476 1024 2545 promittitur,
1055 2478 1144 2532 hic
1167 2478 1365 2533 dicitur
1385 2478 1674 2548 expletum.
1699 2478 1795 2534 Ni-

218 2566 416 2620 mirum
443 2581 572 2637 ergo
617 2581 816 2622 nomen
858 2568 960 2624 hoc
1002 2569 1070 2624 ad
1107 2569 1250 2625 illam
1292 2580 1440 2626 recte
1481 2570 1798 2641 intelligitur

215 2659 487 2729 pertinere
513 2660 1052 2728 promissionem,ubi
1081 2663 1160 2719 sic
1184 2663 1455 2720 videbitur
1484 2664 1646 2732 Deus,
1665 2680 1796 2735 quo-

213 2750 376 2804 modo
405 2766 511 2805 non
535 2759 621 2806 est
644 2758 800 2806 antea
833 2767 862 2805 a
896 2753 1140 2822 patribus
1165 2753 1333 2810 visus.

287 2841 420 2908 Quae
449 2850 534 2898 est
556 2842 813 2912 Ephrata,
841 2844 932 2899 ubi
969 2842 1136 2901 Jacob
1160 2845 1364 2902 Rachel
1395 2862 1616 2902 uxorem
1645 2862 1796 2903 suam

159 2989 164 2993 .
213 2934 523 2990 condidisse
542 2934 760 3001 dicitur,
783 2938 1132 3006 quzerendum
1151 2939 1382 2996 videtur.
1404 2940 1642 3011 Ephrata
1669 2957 1798 2997 vero

213 3033 270 3080 et
297 3023 615 3081 Bethlehem
649 3025 810 3082 unius
843 3027 994 3083 urbis
1023 3029 1342 3085 vocabulum
1373 3041 1456 3086 est
1482 3030 1599 3087 sub
1629 3031 1798 3086 inter—

212 3117 524 3188 pretatione
553 3118 851 3185 consimili;
879 3119 1141 3190 siquidem
1170 3121 1225 3176 in
1253 3123 1564 3194 frugiferam
1589 3123 1801 3176 domum

1964 1739 2120 1794 Nulla
2163 1740 2306 1795 enim
2349 1749 2433 1796 est
2471 1740 2682 1797 facilior
2718 1741 2913 1799 solutio
2947 1742 3106 1814 hujus
3133 1739 3477 1813 quaestimis,

1898 1851 2060 1906 quam
2113 1843 2171 1889 ut
2223 1849 2340 1905 per,
2369 1834 2748 1905 synecdochen
2792 1836 3109 1906 accipiatur.
3165 1834 3267 1892 Ubi
3325 1835 3469 1890 enim

1819 1903 1868 1964 Β
1896 1903 2070 2000 major
2091 1903 2351 1999 pars—cst,
2376 1903 2469 1982 aut
2517 1926 2729 1994 fortior,
2759 1928 2898 1985 solet
2913 1903 3038 2000 ejus
3071 1929 3286 1984 nomine
3305 1929 3471 1983 etiam

1897 2018 2027 2074 illud
2090 2019 2470 2089 comprehendi
2523 2019 2668 2089 quod
2725 2021 2793 2076 ad
2865 2021 3040 2090 ipsum
3096 2036 3294 2077 nomen
3366 2036 3471 2075 non

1896 2113 2152 2182 pertinet.

1968 2201 2132 2259 Vsus.
2177 2203 2323 2258 8-21.
2350 2235 2421 2244 —
2445 2203 2816 2277 Habitavitque
2851 2205 2997 2260 Esau
3033 2205 3088 2259 in
3116 2214 3288 2260 monte
3314 2204 3473 2272 Seir;

1894 2297 2004 2366 ipse
2029 2305 2104 2350 est
2133 2294 2324 2361 Edom,
2355 2305 2403 2350 et
2422 2296 2534 2351 lucc
2564 2297 2774 2350 nomina
2806 2296 3040 2365 ﬁliorum
3069 2296 3183 2367 ejus
3207 2313 3224 2350 :
3251 2293 3476 2366 Elipltaz

1896 2386 2038 2458 ﬁlius
2070 2386 2186 2440 Ada
2205 2427 2220 2452 ,
2245 2388 2426 2441 uxoris
2457 2386 2634 2454 Esau,
2665 2396 2722 2443 et
2747 2372 2952 2457 reliqua
2989 2402 3268 2457 usquequo
3295 2386 3390 2448 ait,
3423 2387 3477 2439 hi.

1896 2479 2054 2533 duces
2076 2495 2276 2544 eorum,
2311 2480 2418 2550 ipse
2447 2488 2522 2533 est
2552 2479 2745 2545 Edam,
2773 2489 2822 2534 et
2860 2479 2946 2533 isti
2987 2478 3084 2548 ﬁlii
3116 2477 3234 2534 Seir
3262 2476 3474 2531 Hor-nvi

1896 2570 2210 2626 habitatores
2238 2580 2424 2625 terrm:
2444 2569 2632 2636 Lotha,
2654 2579 2702 2625 et
2729 2569 2911 2635 Sobal,
2943 2580 2990 2624 et
3019 2569 3239 2636 Sebeon,
3267 2577 3314 2623 et
3339 2568 3473 2622 Ana.

1898 2660 2139 2731 Eliphaz,
2173 2661 2315 2716 filius
2352 2660 2519 2727 Esau,
2567 2661 2682 2731 ipse
2705 2669 2787 2716 est
2816 2661 2906 2730 qui
2947 2660 3003 2716 in
3032 2660 3172 2716 libro
3201 2657 3346 2714 beati
3375 2654 3476 2712 Job

1897 2753 2112 2823 legitur.
2141 2753 2311 2808 Edoni
2358 2769 2509 2819 vero,
2542 2761 2596 2809 et
2626 2754 2768 2818 Seir,
2797 2762 2853 2809 et
2893 2753 3035 2808 Esau
3070 2753 3230 2807 unius
3279 2766 3475 2806 nomen

1899 2853 1983 2900 est
2023 2844 2259 2900 hominis
2293 2863 2306 2898 :
2339 2844 2628 2899 trinomius
2673 2843 2818 2898 enim
2861 2841 2999 2909 fuit,
3047 2851 3102 2898 et
3135 2858 3202 2897 ex
3245 2842 3480 2911 propriis

1900 2935 2078 2991 causis
2103 2935 2254 2989 varie
2280 2943 2640 3006 nuncupatus.
2691 2934 2901 2989 Dicitur
2943 2935 3088 2990 enim
3120 2934 3286 3001 Esau,
3316 2933 3369 2990 id
3399 2943 3482 2989 est

1900 3027 2074 3097 rufus,
2105 3028 2176 3083 ob
2205 3028 2506 3083 coctionem
2536 3027 2742 3083 scilicet
2767 3027 2899 3084 rufze
2929 3027 3090 3083 lentis
3120 3029 3193 3083 ita
3231 3027 3471 3105 appella-

1905 3131 2013 3187 tus,
2044 3122 2198 3193 cujus
2225 3121 2404 3177 edulio
2433 3119 2792 3193 primOgenita
2815 3121 3068 3193 perdidit.
3099 3122 3269 3178 Edom
3298 3133 3479 3179 autem

212 3217 269 3264 ct
295 3209 512 3263 domum
537 3210 689 3279 panis
719 3212 966 3278 vertitur,
997 3222 1216 3285 pr0pter
1243 3229 1366 3268 eum
1394 3230 1589 3284 panem
1620 3215 1712 3286 qui
1738 3216 1803 3271 de
1829 3250 1874 3312 Ο
1904 3213 1974 3268 ob
2001 3213 2254 3269 ruborem
2282 3213 2524 3282 corporis
2545 3213 2720 3268 dictus
2741 3222 2846 3279 est,
2874 3214 3019 3283 quod
3040 3213 3231 3268 Latine
3263 3215 3481 3286 sangui-

159 3371 163 3374 ι
214 3297 357 3354 ctelo
386 3297 731 3355 descendisse
760 3300 978 3357 dicitur.

287 3389 406 3444 Sed
431 3402 612 3446 movet
636 3391 727 3446 ubi
768 3401 851 3446 est
879 3395 1042 3448 turris
1067 3396 1259 3466 gregis,
1284 3394 1436 3464 juxta
1466 3412 1629 3468 quam
1659 3396 1801 3452 dici-

213 3493 310 3536 tur
339 3480 508 3537 Jacob
529 3482 836 3539 habitasse?
862 3483 1022 3540 Juxta
1044 3485 1380 3554 Bethlehem,
1411 3488 1501 3543 ubi
1530 3487 1616 3544 vel
1636 3503 1801 3560 ange-

213 3573 392 3629 lorum
416 3590 547 3646 grex
570 3575 780 3631 Domini
809 3577 864 3632 in
885 3583 1012 3634 ortu
1046 3579 1277 3646 cecinit;
1301 3580 1390 3637 vel
1411 3579 1578 3637 Jacob
1602 3597 1800 3652 pecora

215 3685 315 3725 sua
343 3669 511 3740 pavit,
551 3669 669 3726 loco
699 3687 894 3728 nomen
927 3674 1246 3745 imponens;
1282 3674 1386 3740 vel,
1430 3675 1576 3745 quod
1618 3675 1800 3730 verius

215 3771 322 3830 est,
357 3764 499 3833 quod
527 3765 841 3823 vaticinatio
892 3766 1009 3839 [F.,
1033 3768 1310 3842 vaticinio]
1343 3769 1646 3825 futurorum
1689 3767 1802 3838 jam

220 3865 355 3912 tunc
381 3859 699 3929 mysterium
743 3862 1164 3918 monstrabatur.

291 3949 433 4016 Quid
485 3960 570 4007 est
602 3954 743 4022 quod
779 3955 846 4010 de
887 3955 1037 4011 Isaac
1075 3957 1302 4012 dicitur:
1358 3957 1427 4012 Et
1465 3939 1802 4030 consumptus

217 4053 376 4099 astate
410 4054 648 4100 mortuus
695 4057 794 4114 est,
836 4059 882 4102 et
935 4050 1201 4120 appositus
1245 4050 1436 4122 populo
1480 4051 1618 4105 suo?
1657 4049 1802 4118 Quo-

218 4135 384 4191 modo
412 4139 899 4209 comsumptus,vel
923 4156 954 4194 a
982 4157 1088 4212 quo
1109 4142 1305 4213 p0pulo
1331 4143 1640 4213 appositus?
1666 4143 1803 4199 Con-

216 4237 469 4300 sumptus
493 4239 671 4296 aetate,
704 4230 757 4285 id
781 4239 863 4286 est
894 4231 1173 4302 perfectus
1194 4241 1372 4288 aetate.
1403 4233 1604 4289 Verum
1635 4249 1800 4304 ange-

217 4322 399 4378 lorum
420 4325 636 4394 populo,
665 4325 749 4380 vel
772 4334 1081 4382 sanctarum
1104 4327 1405 4383 animarum
1435 4337 1800 4399 apponuntur,

216 4414 314 4486 qui
345 4415 486 4470 hanc
508 4415 673 4470 vitam
695 4417 969 4487 placentes
996 4418 1106 4474 Deo
1133 4419 1349 4474 ﬁniunt.
1376 4419 1525 4474 Tunc
1553 4421 1806 4475 dicuntur

218 4506 444 4576 apponi,
473 4507 689 4577 quando
723 4509 865 4563 nulla
913 4507 1027 4578 jam
1063 4521 1307 4566 remanet
1347 4511 1652 4569 sollicitudo
1684 4521 1800 4568 ten-

217 4598 486 4654 talionum
509 4609 563 4656 et
581 4602 879 4673 periculum
906 4613 1274 4674 peccatorum.
1307 4605 1460 4674 Quod
1491 4606 1705 4662 intuens
1728 4607 1802 4662 ait
1825 4627 1881 4688 D

219 4689 505 4763 Scriptura
536 4711 549 4748 :
583 4695 714 4749 Ante
757 4706 973 4750 mortem
1005 4713 1066 4752 ne
1105 4697 1288 4752 laudes
1326 4697 1585 4753 hominem
1619 4715 1800 4770 quem-

215 4799 381 4853 quam
403 4783 591 4856 (Eccli.
618 4801 698 4853 XI,
725 4786 836 4859 50).

763 4920 990 4978 CAPUT
1016 4921 1255 4979 XXXVI.

298 5048 459 5105 Vens.
488 5051 541 5118 7,
579 5053 634 5108 8.
654 5081 726 5092 ——
750 5051 1032 5120 Quomodo
1062 5054 1344 5126 Scriptura
1367 5056 1500 5114 dicit
1522 5067 1642 5130 post
1661 5075 1805 5115 mor-

219 5151 336 5198 tem
363 5141 516 5198 lsaac
556 5145 728 5214 patris
756 5145 838 5200 sui
867 5145 1010 5201 Esau
1037 5145 1365 5204 abscessisse
1396 5149 1460 5204 de
1494 5158 1636 5204 terra
1668 5149 1806 5205 Cha-

220 5247 408 5298 naam,
441 5242 497 5289 et
525 5233 802 5292 habitasse
842 5237 897 5292 in
927 5246 1112 5294 monte
1141 5238 1283 5305 Seir,
1313 5256 1436 5296 cum
1465 5242 1711 5297 veniente
1739 5243 1806 5296 de

221 5321 611 5394 Mesopotamia
636 5325 835 5394 Jacob,
865 5327 1062 5399 legitur
1097 5331 1313 5386 misisse
1340 5345 1463 5386 eum
1494 5333 1711 5387 nuntios
1738 5331 1806 5387 ad

222 5410 454 5468 fratrem
485 5430 645 5471 suum
663 5416 729 5471 in
755 5425 900 5472 terra
940 5417 1063 5474 Seir
1099 5421 1366 5491 regionis,
1412 5421 1808 5492 ldumaeumque

189 5517 194 5519 ‘
221 5504 298 5560 ibi
321 5504 598 5563 habitasse
627 5516 740 5562 tum
765 5510 1058 5579 temporis?
1081 5509 1138 5565 ln
1173 5521 1424 5584 promptu
1463 5521 1550 5567 est
1569 5515 1807 5585 cogitare

218 5599 371 5668 quod
411 5599 620 5656 scilicet
656 5601 796 5657 Esau
844 5612 1196 5673 posteaquam
1259 5605 1312 5657 iu
1369 5603 1806 5674 Mesopotamiam

213 5690 398 5746 frater
422 5690 540 5760 ejus
564 5694 850 5760 abscessit,
882 5695 1051 5751 noluit
1078 5696 1323 5752 habitare
1352 5713 1472 5751 cum
1496 5697 1808 5767 parentibus

215 5785 364 5851 suis,
399 5785 513 5841 sive
559 5801 625 5842 ex
657 5787 744 5842 illa
774 5789 1135 5844 commotione
1179 5806 1283 5859 qua
1315 5789 1556 5855 dolebat,
1590 5791 1806 5847 benedi-

217 5876 409 5932 ctione
440 5894 501 5934 sc
543 5878 882 5948 fraudatum,
929 5881 1041 5938 sive
1089 5899 1250 5939 causa
1296 5901 1522 5941 uxorum
1562 5903 1803 5953 suat-um,

1903 3320 2033 3358 neus
2056 3304 2269 3359 dicitur.
2302 3304 2423 3360 Seir
2460 3320 2608 3371 vero,
2640 3304 2782 3374 quod
2833 3304 2997 3360 fuerit
3035 3305 3280 3376 hispidus
3316 3317 3370 3362 et
3403 3307 3485 3376 pi-

1903 3399 2051 3454 losus
2095 3417 2108 3453 :
2163 3400 2378 3470 quando
2429 3399 2572 3455 enim
2615 3408 2776 3456 natus
2815 3409 2920 3468 est,
2949 3409 3095 3457 totus
3139 3401 3278 3457 sicut
3327 3401 3484 3471 pellis

1902 3490 2107 3561 pilosus
2135 3502 2254 3546 erat
2277 3501 2462 3547 etnon
2503 3491 2738 3548 habebat
2779 3491 3078 3548 lenitatem.
3117 3491 3272 3560 Quod
3300 3501 3480 3549 autem

1904 3583 2150 3652 sequitur
2174 3599 2188 3636 :

1973 3672 2044 3728 Et
2070 3672 2282 3728 Hormi
2304 3673 2620 3741 habitantes,
2647 3690 2764 3742 seu,
2794 3675 2934 3732 sicut
2957 3677 3014 3733 in
3038 3676 3357 3748 quibusdam
3383 3692 3476 3734 co-

1904 3768 2112 3824 dicibus
2135 3769 2426 3834 invenitur,
2459 3766 2684 3837 Corrazi,
2716 3778 2773 3826 et
2799 3770 3024 3841 reliqua.
3056 3769 3348 3840 Postquam
3379 3789 3480 3827 nu-

1903 3858 2137 3912 meravit
2159 3857 2300 3912 filios
2328 3858 2490 3924 Esau,
2523 3859 2684 3915 altius
2723 3860 2938 3931 repetit,
2969 3870 3023 3916 et
3043 3862 3266 3933 exponit
3295 3863 3481 3934 quanti

1905 3949 2044 4005 Esau
2095 3949 2151 4004 in
2196 3949 2365 4004 Edom
2411 3959 2555 4006 terra
2607 3951 2882 4024 principes
2921 3951 3119 4009 fuerint
3173 3969 3241 4008 ex
3286 3969 3486 4025 genere

1903 4042 2268 4108 Hormorum,
2309 4044 2399 4114 qui
2437 4043 2490 4098 in
2527 4043 2708 4116 lingua
2745 4054 2928 4101 nostra
2975 4047 3395 4118 interpretantur
3421 4047 3486 4100 li-

1905 4133 2031 4188 beri.
2059 4134 2328 4206 Legamus
2357 4134 2645 4206 diligenter
2673 4137 3147 4204 Deuterononium,
3193 4136 3284 4191 ubi
3313 4137 3484 4191 mani-

1905 4225 2098 4280 festius
2126 4226 2383 4281 scribitur
2411 4227 2681 4296 quomodo
2709 4227 2957 4283 venerint
2996 4227 3092 4282 filii
3117 4227 3280 4294 Esau,
3315 4237 3370 4284 et
3398 4229 3481 4282 in-

1905 4315 2235 4372 terfecerunt
2263 4317 2531 4384 Corraaos,
2562 4334 2624 4375 ac
2654 4327 2856 4374 terram
2883 4335 3069 4376 eorum
3099 4321 3152 4376 in
3193 4321 3480 4377 haeredita-

1907 4419 2012 4466 tem
2033 4411 2383 4481 possederunt
2412 4409 2478 4484 [Ζ
2484 4452 2523 4479 .,
2553 4428 2665 4469 eor.
2694 4413 3008 4468 haereditate
3030 4413 3289 4488 possed.].

1977 4500 2138 4557 Vens.
2178 4501 2271 4566 22,
2303 4501 2392 4556 25.
2426 4534 2496 4543 -——
2528 4501 2596 4556 Et
2625 4503 2837 4574 {uerunt
2865 4503 2966 4572 ﬁlii
2993 4503 3196 4560 Lothan
3229 4505 3407 4572 Bosri,
3437 4517 3484 4560 et
3587 4544 3589 4547 -

1907 4594 2157 4662 Emman,
2222 4605 2270 4650 et
2313 4613 2463 4651 soror
2507 4597 2710 4653 Lotltan
2743 4597 2962 4654 Tamna.
3010 4599 3138 4655 Hzec
3177 4608 3262 4656 est
3304 4609 3481 4656 autem

1909 4685 2138 4754 Tamna,
2168 4688 2233 4743 de
2261 4703 2367 4757 qua
2405 4705 2562 4760 supra
2589 4689 2790 4745 dictmn
2817 4698 2936 4746 est:
2965 4699 3020 4746 et
3045 4690 3251 4747 Tamna
3281 4707 3482 4749 concu—

1908 4785 2035 4839 bina
2065 4793 2186 4839 erat
2210 4783 2455 4854 Eliphaz,
2489 4784 2583 4838 filii
2620 4785 2962 4856 primogeniti
3005 4785 3168 4854 Esau,
3198 4794 3253 4842 et
3279 4802 3342 4841 ex
3371 4787 3483 4855 ipsa

1909 4885 2069 4932 natus
2095 4883 2178 4931 est
2197 4875 2471 4930 Amalech.
2503 4875 2708 4932 Idcirco
2732 4885 2911 4932 autem
2941 4876 3278 4934 Corraeorum
3305 4890 3488 4931 recor-

1911 4969 2069 5024 datus
2088 4976 2190 5035 est,
2218 4968 2342 5038 quia
2365 4967 2755 5039 primogenitus
2776 4969 3008 5026 filiorum
3021 4971 3162 5026 Esau
3182 4984 3248 5026 ex
3273 4967 3486 5023 filiabus

1912 5077 2097 5117 eorum
2123 5069 2410 5132 acceperat
2433 5061 2808 5117 concubinam.
2851 5061 3004 5130 Quod
3035 5071 3213 5116 autem
3241 5059 3440 5115 dicitur
3469 5076 3482 5112 :

1914 5151 2165 5218 Theman,
2183 5161 2230 5206 et
2252 5149 2434 5223 Ceuef,
2451 5163 2498 5208 et
2518 5152 2788 5221 Amalech,
2810 5162 2865 5210 et
2885 5153 3111 5223 reliqua,
3130 5151 3366 5208 sciamus
3391 5165 3486 5221 po-

1913 5251 2027 5298 stea
2047 5243 2358 5315 regionibus
2376 5243 2728 5301 ldumaaorum
2743 5261 2812 5300 ex
2829 5246 2914 5301 his
2931 5243 3190 5301 vocabula
3209 5242 3482 5313 imposita.

1983 5337 2148 5393 Vens.
2175 5335 2266 5390 24.
2292 5367 2362 5376 —
2386 5336 2496 5392 Iste
2538 5347 2612 5392 est
2650 5338 2791 5406 Ana,
2819 5339 2910 5410 qui
2935 5339 3126 5392 invenit
3168 5354 3331 5409 aquas
3361 5338 3490 5394 cali-

1912 5431 2010 5483 das
2054 5430 2110 5482 in
2133 5427 2437 5496 solitudine,
2463 5446 2581 5484 cum
2617 5440 2848 5501 pasceret
2875 5429 3050 5484 asinos
3095 5427 3293 5484 Sebeon
3323 5431 3487 5500 patris

1913 5521 2017 5574 sui.
2048 5517 2218 5575 Judaei
2246 5529 2498 5576 asserunt
2515 5522 2656 5591 quod
2679 5521 2785 5578 iste
2802 5521 2920 5576 Ana
2951 5535 3118 5590 nepos
3150 5521 3292 5576 Esau
3320 5535 3486 5592 equa-

1915 5627 2037 5666 rum
2083 5626 2275 5684 greges
2333 5613 2386 5668 in
2437 5614 2652 5669 deserto
2696 5615 2764 5669 ab
2821 5611 2989 5668 asinis
3037 5612 3227 5669 fecerit
3281 5613 3490 5684 primus

1915 5705 2152 5769 ascendi,
2183 5714 2244 5760 ut
2267 5706 2535 5761 mulorum
2573 5705 2696 5761 inde
2721 5721 2860 5760 nova
2887 5715 3076 5762 contra
3102 5719 3352 5792 naturam
3373 5708 3488 5762 ani-

1915 5797 2076 5852 malia
2104 5805 2474 5852 nascerentur.
2513 5797 2756 5868 Onagros
2786 5815 3000 5871 quoque
3039 5791 3248 5856 adhoc
3283 5800 3486 5855 admis-

1915 5904 2005 5943 sos
2030 5903 2149 5944 csse
2199 5888 2265 5942 ad
2313 5887 2514 5954 asinus,
2559 5897 2613 5945 et
2663 5890 2835 5966 ipsum
2876 5892 3175 5948 istiusmodi
3223 5891 3487 5961 reperisse
