3970 6332
574 391 680 450 927

1620 394 1976 452 ANGELOMI
2017 393 2477 452 LUXOVIENSIB
2517 396 2820 455 MONACHI
3706 409 3777 467 in

575 510 944 576 concubitum,
973 518 1030 564 ut
1051 511 1376 568 velocissimi
1403 527 1470 567 ex
1503 512 1587 567 his
1617 513 1754 568 asini
1786 520 2158 568 nascerentur.
2191 533 2242 592 Α
2267 508 2434 565 Iacob
2459 510 2591 564 dicit
2622 525 2636 563 :
2677 511 2942 576 Quoniam
2992 512 3307 568 descendam
3353 513 3420 567 ad
3466 515 3621 582 ﬁlium
3657 536 3774 576 meum

575 602 844 657 Industria
885 605 1081 674 quippe
1110 605 1347 660 humana
1386 605 1658 661 diversum
1687 605 1891 662 animal
1931 607 1983 661 in
2015 606 2160 664 coitu

581 696 782 765 coegit,
831 697 1018 767 sicque
1043 698 1349 756 adulterina
1401 698 1780 754 commistione
1823 713 1992 770 genus
2015 699 2162 756 aliud
2197 705 2210 714 ‘

577 787 801 858 reperit,
833 789 976 844 sicut
999 799 1052 845 et
1102 789 1272 847 Iacob
1299 800 1490 847 contra
1530 798 1788 846 naturam
1819 791 2060 848 colorum
2090 792 2163 848 si-

577 881 910 939 militudines
938 885 1273 954 procuravit.

1101 1013 1328 1072 CAPUT
1367 1014 1631 1072 XXXVII.

649 1148 810 1204 Vens.
848 1150 902 1206 2.
927 1181 995 1191 -—
1033 1151 1248 1222 Ioseph,
1277 1169 1396 1206 cum
1440 1154 1664 1208 sedecim
1710 1164 1840 1209 esset
1879 1171 2158 1222 annorum,

573 1244 814 1314 pascebat
853 1261 1056 1316 gregem
1102 1263 1222 1300 cum
1262 1247 1516 1316 fratribus
1559 1248 1690 1313 suis,
1723 1248 1896 1302 adhuc
1921 1265 2082 1318 puer,
2114 1257 2162 1304 et

574 1347 684 1390 erat
712 1353 828 1390 cum
857 1335 985 1404 ﬁliis
1012 1334 1162 1392 Buta:
1191 1347 1237 1391 et
1266 1335 1432 1406 Zelfa:
1473 1354 1699 1393 uxorum
1738 1340 1900 1408 patris
1924 1340 2028 1392 sui.
2057 1339 2160 1392 Ac-

575 1428 871 1499 cusavilquc
900 1428 1094 1498 fratres
1122 1445 1246 1483 suos
1275 1428 1416 1499 apud
1445 1439 1645 1503 patrem
1675 1429 1889 1485 crimine
1915 1430 2157 1500 pessimo.

573 1517 830 1584 Quaerunt
854 1519 997 1574 enim
1021 1520 1180 1590 quale
1208 1520 1280 1575 sit
1311 1521 1412 1576 hoc
1433 1521 1680 1576 crimen?
1704 1521 1957 1576 Nonnulli
1979 1521 2164 1576 volunt

579 1611 802 1682 intelligi
861 1613 1224 1668 idololatriam
1272 1614 1336 1685 [ι’.
1369 1615 1788 1688 idololatricam]
1826 1615 2162 1686 superstitio-

573 1716 718 1766 neu].
749 1702 905 1771 quasi
937 1702 1154 1758 idolum
1185 1704 1525 1760 adorasscnt.
1568 1705 1672 1762 Alii
1700 1721 1830 1762 vero
1860 1722 2022 1776 super
2052 1705 2159 1761 cri-

573 1795 717 1849 mine
743 1793 1102 1850 Sodomorum
1123 1803 1179 1852 et
1207 1795 1686 1854 Gomorrhaaorum
1714 1799 2157 1869 interpretantur.

573 1887 954 1941 Verumtamen
988 1901 1208 1942 movere
1234 1897 1415 1958 potest
1441 1888 1571 1958 quid
1597 1898 1685 1944 est
1727 1890 1868 1960 quod
1919 1890 2008 1946 hic
2058 1907 2160 1946 an-

573 1977 710 2033 cilla:
760 1994 946 2032 uxores
995 1978 1362 2050 appellantur,
1401 1996 1530 2036 cum
1576 1982 1825 2051 superius
1860 1983 2162 2038 concubine

575 2068 841 2134 dicantur,
875 2069 978 2124 nisi
1024 2070 1152 2140 quia
1183 2086 1334 2125 more
1363 2070 1771 2142 Scripturarum
1802 2073 1943 2130 forte
1983 2074 2162 2131 omnis

574 2161 871 2218 concubina
917 2177 1076 2228 uxor,
1117 2177 1222 2218 non
1273 2172 1454 2218 autem
1490 2179 1627 2219 uxor
1654 2165 1980 2220 concubina.
2025 2165 2162 2220 Nam

578 2251 769 2318 Saraa,
798 2261 852 2308 et
873 2251 1150 2320 «Rebecca,
1179 2264 1234 2312 et
1255 2255 1373 2322 Lia,
1401 2265 1457 2312 et
1491 2255 1694 2312 Rachel
1722 2258 2034 2314 concubinae
2057 2258 2164 2315 dici

575 2359 682 2399 non
727 2354 993 2414 possunt:
1027 2345 1172 2417 Agar
1219 2363 1369 2414 vero,
1409 2356 1465 2404 et
1507 2347 1768 2415 Cethura,
1807 2358 1863 2404 ct
1903 2348 2053 2415 Bala,
2109 2357 2165 2406 et

574 2435 742 2502 Zelfa,
775 2446 830 2491 et
859 2453 1054 2494 uxores
1079 2447 1132 2494 et
1153 2441 1469 2496 concubinae
1489 2441 1767 2497 dicuntur.

647 2527 810 2584 Vens.
843 2529 896 2584 5.
929 2561 999 2570 --
1034 2529 1285 2603 Fecitque
1322 2533 1486 2588 Iacob
1515 2535 1749 2590 tunicam
1781 2534 1980 2606 Ioseph
2015 2535 2164 2606 polyo

575 2621 777 2676 mitam.
819 2622 925 2678 Pro
971 2623 1228 2695 polymita
1279 2627 1480 2680 variam
1534 2626 1776 2683 nonnulli
1821 2628 2164 2699 interpretati

576 2723 720 2780 sunt,
747 2716 890 2785 quod
923 2717 1117 2787 Aquila
1159 2718 1547 2789 interpretatus
1593 2729 1679 2777 est
1724 2723 1962 2780 tunicam
1989 2731 2164 2779 astru-

573 2813 750 2884 galon,
774 2814 826 2870 id
855 2824 939 2872 est
963 2815 1210 2872 talarem.
1363 2821 1368 2826 '

647 2903 807 2962 Vens.
843 2905 1235 2963 9-24.—Aliud
1269 2925 1476 2979 quoque
1506 2910 1703 2981 Ioseph
1730 2911 1856 2965 vidit
1877 2912 2166 2979 somnium,

573 2999 711 3068 quod
733 3016 958 3054 narrans
981 3001 1231 3070 fratribus
1252 3003 1382 3068 suis,
1411 3004 1486 3056 ait
1510 3018 1527 3056 :
1565 3003 1688 3058 Vidi
1708 3006 1990 3072 somnium,
2012 3007 2166 3078 quasi

573 3089 755 3155 solem,
784 3099 831 3143 et
855 3089 1053 3156 lunam,
1077 3102 1124 3146 et
1149 3091 1327 3148 stellas
1355 3093 1597 3148 undecim
1628 3095 1854 3150 adorare
1883 3112 1988 3151 me.
2014 3096 2162 3164 Quo-

575 3180 735 3234 modo
770 3180 1024 3250 impletur
1048 3183 1318 3238 somnium
1346 3182 1568 3255 Ioseph,
1610 3187 1756 3256 quod
1798 3187 1932 3242 dicit
1975 3203 2033 3243 se
2078 3190 2160 3242 vi-

574 3273 719 3330 disse
743 3275 934 3341 solem,
976 3285 1032 3332 et
1057 3276 1262 3342 lunam,
1315 3286 1369 3333 et
1411 3279 1662 3333 undecim
1694 3279 1878 3335 stellas
1906 3281 2161 3336 adorasse
2189 3304 2234 3365 ο

575 3382 666 3434 se;
703 3365 828 3422 dum
854 3377 1068 3425 constat
1113 3385 1178 3425 eo
1227 3379 1487 3442 regnante
1540 3372 1591 3426 in
1643 3370 1878 3443 Egypto
1929 3382 2156 3428 matrem

572 3459 690 3530 ejus
718 3459 920 3516 Rachel
964 3461 1134 3516 multo
1163 3471 1288 3519 ante
1337 3479 1459 3518 esse
1505 3462 1849 3529 defunctam;
1904 3466 2013 3521 imo
2059 3482 2160 3522 nec

573 3563 782 3624 patrem
808 3569 932 3610 eum
959 3554 1188 3626 legimus
1209 3556 1500 3610 adorasse?
1521 3556 1662 3628 Ergo
1688 3559 1739 3611 in
1762 3557 1980 3613 Christo
2003 3557 2159 3615 facile

576 3645 814 3720 [uterque
859 3647 1000 3713 cod.,
1055 3647 1252 3720 facilis]
1284 3657 1366 3704 est
1413 3650 1607 3704 somnii
1645 3649 2030 3720 perfectionem
2075 3651 2157 3705 in-

574 3735 842 3808 telligere,
866 3737 950 3790 cui
971 3737 1226 3791 donatum
1251 3748 1326 3792 est
1349 3755 1534 3794 nomen
1554 3740 1696 3810 quod
1729 3751 1803 3794 est
1829 3758 1985 3811 super
2009 3758 2159 3798 omne

573 3842 784 3891 nomen,
801 3836 858 3880 ut
893 3827 948 3880 in
975 3828 1182 3882 nomine
1209 3826 1339 3884 Iesu
1367 3847 1518 3886 omne
1539 3848 1672 3902 genu
1694 3833 1959 3902 ﬂectatur,
1988 3843 2044 3890 et
2067 3849 2156 3888 re-

573 3916 720 3986 liqua
753 3916 1011 3988 (Philipp.
1042 3935 1103 3985 n,
1135 3918 1245 3990 10).

649 4010 810 4062 Vens.
853 4009 1040 4065 25-54.
1078 4042 1144 4050 —
1187 4010 1435 4067 Viderunt
1482 4015 1705 4071 viatores
1743 4014 2045 4074 Ismaelitas
2073 4037 2158 4075 ve-

575 4100 686 4152 nire
717 4099 781 4152 de
807 4099 1038 4166 Galaad,
1069 4113 1114 4156 et
1143 4103 1368 4159 camelos
1391 4121 1572 4160 eorum
1598 4089 1865 4177 portantes
1891 4121 2153 4177 aromata,

572 4200 618 4243 et
658 4192 905 4257 resinam,
935 4204 982 4246 et
1011 4203 1212 4248 stacten
1238 4196 1294 4250 in
1318 4195 1630 4267 Egyptum,
1665 4207 1720 4253 et
1753 4199 1963 4269 reliqua
1987 4217 2159 4272 usque

500 4301 506 4308 ·
573 4293 619 4336 et
641 4284 1074 4352 pra’tereuntibus
1113 4284 1424 4342 Madianitis
1467 4290 1872 4359 negotiatoribus
1915 4294 2158 4348 vendide-

571 4386 692 4430 runt
724 4376 907 4447 viginti
937 4375 1044 4449 [Z.,
1099 4376 1337 4450 triginta]
1379 4381 1655 4450 argenteis.
1689 4381 1960 4448 Quteritur
1989 4399 2159 4454 quare

571 4468 875 4523 lsmaclitas
903 4467 1206 4539 Scriptura,
1236 4470 1436 4539 quibus
1458 4487 1488 4524 a
1515 4471 1776 4528 fratribus
1809 4476 2057 4530 venditus
2078 4488 2160 4532 est

571 4560 798 4630 Ioseph,
843 4561 1006 4616 etiam
1056 4560 1377 4616 Madianitas
1407 4574 1560 4617 vocet:
1605 4579 1727 4618 cum
1776 4567 1969 4623 Ismael
1995 4569 2068 4622 sit
2095 4570 2158 4624 de

569 4651 715 4721 Agar
737 4650 879 4706 filius
897 4651 1149 4718 Abrahae,

574 4745 854 4816 Scriptura
887 4747 1102 4802 dixerat
1125 4747 1191 4801 de
1211 4747 1482 4804 Abraham
1515 4752 1656 4820 quod
1695 4766 1916 4808 munera
1947 4755 2159 4811 dederit

573 4836 696 4890 liliis
747 4836 1169 4893 concubinarum
1217 4855 1472 4904 suarum,
1519 4841 1664 4910 Agar
1710 4843 1919 4899 scilicet
1961 4856 2016 4902 et
2057 4847 2158 4904 Ce-

574 4927 756 4994 thura,
812 4939 866 4983 et
913 4929 1120 4985 dimisit
1164 4945 1258 4986 eos
1305 4931 1374 4984 ab
1419 4930 1569 4985 Isaac
1611 4931 1721 4986 lilio
1751 4949 1869 5000 suo,
1909 4937 1963 4990 in
2009 4947 2157 4994 terra

573 5019 812 5077 Orientis
870 5038 1029 5078 unam
1089 5031 1307 5093 gentem
1367 5023 1559 5081 fecisse
1626 5027 1958 5099 intelligendi
2012 5045 2153 5087 sunt.

577 5111 908 5184 Spiritaliter
937 5130 1065 5169 vero
1095 5124 1338 5171 aromata
1366 5132 1484 5186 qua:
1514 5119 1567 5173 in
1607 5120 1828 5176 camelis
1856 5130 2156 5190 portantur,

576 5204 711 5261 duas
763 5206 909 5278 leges
954 5208 1258 5279 significant
1297 5228 1307 5263 :
1341 5226 1437 5280 per
1485 5214 1718 5270 resinam
1765 5224 1944 5270 autem
1994 5215 2164 5286 legem

579 5296 866 5366 librorum,
905 5316 1003 5371 per
1049 5311 1257 5358 stacten
1302 5305 1499 5374 quippe
1540 5305 1712 5374 legem
1753 5309 2160 5377 prophetarum.

578 5386 683 5444 Per
727 5391 966 5448 camelos
1009 5409 1244 5464 namque
1288 5396 1540 5453 doctores
1587 5397 1960 5468 designantur.
2009 5401 2164 5468 Quod

579 5491 760 5538 autem
784 5481 982 5556 Ioseph
1003 5503 1107 5542 non
1139 5497 1220 5544 est
1251 5489 1512 5546 liberatus
1539 5507 1636 5562 per
1664 5492 1950 5548 consilium
1977 5492 2158 5561 Iudae,

579 5571 854 5644 significat
886 5573 1159 5634 Christum
1208 5595 1315 5634 non
1357 5581 1643 5636 liberatum
1677 5598 1744 5638 ex
1785 5592 1937 5654 parte
1981 5587 2160 5642 carnis

579 5678 679 5734 per
706 5678 884 5720 seram
920 5669 1292 5736 paenitentiam
1319 5670 1472 5726 Iuda:
1495 5671 1764 5729 Scarioth.

652 5749 819 5808 Vens.
851 5754 939 5809 35.
956 5787 1024 5797 —
1045 5759 1292 5830 Dixitque
1316 5761 1481 5816 Iacob
1504 5778 1521 5816 :
1545 5761 1871 5819 Descendunt
1895 5765 1964 5818 ad
1992 5766 2158 5833 ﬁlium

584 5863 751 5904 meum
785 5848 962 5921 lugens
984 5855 1033 5904 in
1057 5853 1638 5922 infernum.Qu0modo
1669 5859 1987 5928 intelligitur
2018 5857 2157 5925 (ιιιυᾱ

2269 599 2450 670 lugens
2493 602 2550 655 in
2593 601 2900 670 infernum?
2941 600 3250 659 Perturbati
3307 612 3364 660 et
3415 604 3627 662 dolentis
3661 613 3775 668 verba

2269 701 2418 757 sunt,
2443 693 2586 746 mala
2617 708 2713 747 sua
2744 693 2908 748 etiam
2952 695 3078 751 hinc
3103 696 3510 768 exaggerantis.
3551 699 3634 754 Vel
3657 704 3776 760 etiam

2265 782 2463 840 inferni
2507 785 2724 840 nomine
2767 785 3070 856 sepulcrum
3099 786 3437 858 signiﬁcavit
3461 806 3472 841 :
3497 791 3638 859 quasi
3659 793 3778 850 dixis-
3867 778 3869 782 l

2265 885 2346 931 set
2381 876 2479 930 :In
2520 876 2666 933 luctu
2707 893 2898 936 maneo
2925 881 3098 937 donec
3124 895 3214 936 me
3253 889 3415 937 terra:
3439 882 3673 954 suscipiat
3701 885 3776 957 {Z..

2272 974 2555 1047 suscipiet]
2583 976 2888 1048 sepulcrum
2918 977 3059 1032 sicut
3087 976 3257 1032 illum.

2783 1111 3010 1170 CAPUT
3052 1111 3341 1170 XXXVIII.

2338 1223 2503 1278 Vens.
2531 1223 2685 1278 1-30.
2707 1256 2777 1266 ——
2798 1223 2998 1280 Eodem
3036 1235 3265 1297 tempore
3305 1226 3608 1282 descendens
3637 1228 3776 1296 Iudas,
3871 1257 3873 1260 e

2263 1331 2294 1367 a
2321 1312 2579 1384 fratribus
2619 1315 2730 1370 suis
2757 1315 2966 1370 diuertit
3006 1317 3076 1371 ad
3117 1318 3292 1372 uirum
3337 1316 3776 1385 0dollamitem,no-

2261 1406 2401 1460 mine
2427 1405 2636 1474 Hiram,
2667 1416 2722 1463 et
2763 1417 2960 1464 czetera
2987 1425 3160 1480 usque
3185 1420 3369 1481 postea
3397 1425 3685 1482 egressum:
3701 1415 3778 1484 [ra-

2263 1509 2342 1554 ter
2373 1499 2508 1570 ejus,
2536 1502 2590 1554 in
2619 1501 2771 1572 cujus
2795 1519 2958 1558 manu
2989 1513 3101 1558 erat
3127 1503 3422 1570 coccinum,
3451 1521 3593 1575 queat
3611 1505 3779 1575 appella-
3874 1489 3875 1500 ‘

2262 1588 2334 1642 vit
2364 1587 2580 1646 Zaram.
2617 1592 2860 1666 Qualiter
2893 1593 3124 1648 historia
3153 1593 3222 1648 de
3256 1591 3416 1658 Iuda,
3447 1603 3500 1649 et
3528 1595 3676 1652 tribus
3695 1595 3779 1652 lilii

2264 1679 2403 1748 ejus,
2433 1691 2488 1738 et
2520 1699 2688 1739 uxore
2715 1684 2950 1742 Thamar
2979 1685 3120 1741 intra
3148 1696 3259 1740 tam
3283 1700 3484 1757 paucos
3512 1701 3662 1744 annos
3677 1702 3779 1742 com-
3876 1724 3877 1732 η

2263 1773 2401 1844 pleri
2428 1775 2642 1845 potuit?
2683 1791 2804 1830 cum
2849 1791 2980 1846 ergo
3029 1776 3146 1848 ipse
3188 1777 3394 1848 Ioseph
3441 1792 3575 1834 armo
3612 1777 3779 1848 septimo

2264 1863 2480 1919 decimo
2539 1867 2717 1923 aetatis
2748 1883 2858 1924 sua:
2892 1867 3147 1924 venditus
3181 1869 3352 1925 fuisse
3381 1869 3632 1936 credatur,
3655 1870 3778 1925 trede-

2191 1933 2242 1997 Β
2267 1959 2371 2014 cim
2403 1975 2574 2015 annos
2613 1971 2903 2033 peregerat
2944 1963 2998 2017 in
3040 1960 3282 2036 Αἴθρα)
3319 1963 3532 2038 ignotus
3555 1933 3777 2019 Pharaoni.
3878 1962 3879 1972 ‘

2265 2051 2347 2106 Ad
2385 2053 2483 2108 hos
2531 2053 2676 2108 enim
2731 2053 2989 2112 tredecim
3045 2070 3218 2122 annos
3265 2066 3600 2114 accesserunt
3631 2064 3778 2126 septem

2266 2146 2392 2200 anni
2457 2147 2754 2213 ubertatis,
2816 2157 2869 2204 et
2930 2149 3058 2205 facti
3109 2160 3238 2205 sunt
3311 2151 3440 2219 anni
3488 2149 3682 2220 viginti;
3724 2147 3780 2202 his
3879 2198 3881 2238 Ι

2267 2236 2536 2292 adduntur
2556 2238 2682 2302 duo,
2699 2239 2826 2308 quia
2847 2241 3083 2296 secundo
3105 2256 3252 2298 anno
3274 2240 3435 2298 famis
3449 2237 3778 2298 iutravitlacob
3879 2236 3881 2254 ³

2266 2327 2319 2384 in
2353 2327 2646 2400 [Egyptum
2696 2347 2819 2386 cum
2847 2332 2971 2387 filiis
3011 2334 3145 2398 suis,
3185 2343 3241 2388 et
3289 2334 3622 2390 inveniuntur
3641 2329 3776 2401 viginti

2266 2421 2373 2476 duo
2398 2423 2525 2476 anni
2551 2423 2750 2493 quibus
2773 2423 2945 2479 abfuit
2970 2423 3170 2496 Ioseph
3203 2443 3232 2481 a
3265 2435 3421 2498 patre
3449 2435 3505 2484 et
3532 2441 3558 2482 a
3577 2423 3777 2480 fratribus

2271 2511 2418 2577 suis;
2465 2528 2572 2582 quo
2602 2515 2780 2569 medio
2831 2524 3072 2587 tempore
3097 2517 3373 2586 quomodo
3397 2517 3512 2572 ﬁeri
3531 2512 3778 2588 potuerunt?
3882 2519 3883 2522 ‘

2343 2603 2492 2659 Solet
2540 2606 2682 2660 enim
2736 2604 3014 2677 Scriptura
3059 2617 3252 2664 sancta
3303 2623 3404 2680 pro
3459 2604 3775 2680 capitulatim

2267 2695 2435 2751 multa
2466 2697 2742 2767 praeferre.
2771 2697 2990 2768 Aliquot
3009 2714 3183 2756 annos
3202 2708 3331 2756 ante
3356 2699 3615 2757 venditum
3631 2695 3775 2764 Ioseph

2267 2786 2382 2842 haec
2403 2785 2518 2841 ﬁeri
2541 2787 2772 2856 ctepisse
2803 2787 3026 2860 intelligi
3055 2790 3234 2846 datur.
3261 2791 3438 2846 Etiam
3462 2806 3598 2855 mox,
3623 2796 3670 2842 ut
3687 2785 3776 2840 ado-

2267 2886 2498 2934 lesceret
2534 2876 2718 2942 Iudas,
2763 2880 2991 2951 eruperit
3043 2881 3300 2938 incidisse
3349 2883 3404 2938 in
3441 2894 3658 2938 amorem
3697 2876 3776 2946 ejus

2268 2986 2429 3041 quam
2481 2972 2634 3026 duxit
2679 2988 2924 3039 uxorem,
2975 2975 3216 3030 nondum
3278 2977 3491 3034 vendito
3534 2973 3701 3044 Ioseph
3741 2971 3774 3023 in

2264 3061 2587 3134 Egyptum.
2612 3061 2720 3118 Cur
2754 3064 2890 3120 dixit
2917 3064 2985 3120 de
3013 3065 3276 3135 Thamar,
3304 3069 3544 3141 depositis
3568 3064 3774 3122 uestimen-

2266 3156 2334 3209 tis
2375 3155 2645 3210 uiduitatis
2667 3156 2815 3210 suae?
2840 3156 3118 3224 Quatenus
3161 3159 3491 3232 intelligeres
3525 3174 3583 3214 ex
3623 3166 3776 3222 tempo-

2268 3248 2419 3304 ribus
2444 3249 2879 3317 patriarcharum
2919 3259 3066 3305 ccrta
3105 3261 3163 3307 et
3190 3269 3288 3308 sua
3334 3252 3496 3308 fuisse
3523 3248 3774 3305 vestimenta

2265 3339 2573 3404 viduarum,
2605 3354 2712 3394 non
2745 3339 2932 3410 utique
2965 3339 3089 3396 talia
3119 3341 3306 3412 qualia
3339 3342 3724 3412 conjugatarum.

2334 3433 2513 3501 Quare
2538 3435 2675 3490 dixit
2698 3434 2865 3492 Iudas
2893 3451 2909 3490 :
2946 3436 3153 3492 Iustior
3185 3449 3262 3493 est
3297 3438 3522 3494 Thamar
3535 3450 3668 3507 quam
3685 3425 3776 3498 990'

2263 3526 2502 3582 Thamar
2546 3543 2678 3584 vero
2721 3530 2773 3584 in
2818 3531 2963 3586 bivio
2989 3532 3104 3587 sive
3129 3531 3182 3586 in
3231 3533 3466 3604 compita
3493 3529 3678 3589 sedens.
3715 3518 3774 3574 "bi

2263 3619 2574 3692 diligentius
2609 3622 2782 3679 debet
2804 3624 2979 3680 viator
3007 3625 3250 3694 aspicere
3271 3625 3414 3696 quod
3443 3623 3540 3678 iter
3563 3610 3774 3692 gradiendi

2262 3711 2464 3782 capiat,
2497 3728 2604 3769 non
2632 3723 2692 3769 ut
2713 3730 2917 3785 vagans
2959 3716 3313 3788 turpitudinis
3352 3713 3613 3770 libidinem
3639 3702 3776 3775 implo-

2262 3811 2366 3867 ret,
2397 3803 2492 3858 sed
2544 3813 2606 3860 ut
2650 3805 2848 3861 liberos
2897 3823 2925 3860 a
2975 3822 3165 3862 socero
3208 3809 3496 3880 acciperet,
3534 3797 3776 3875 justiorest

2261 3911 2427 3951 causa
2460 3913 2623 3969 quam
2670 3913 2844 3954 socer.
2895 3898 2986 3954 Ille
3012 3899 3271 3966 libidinis,
3307 3900 3394 3955 illa
3437 3881 3776 3953 liberorumEl

2261 3989 2384 4044 ideo
2407 3989 2460 4044 in
2483 3991 2888 4060 comparatione
2911 3990 3026 4060 ejus
3053 3991 3236 4048 minus
3270 3992 3410 4048 male
3444 3990 3646 4045 fecerat.

2335 4080 2394 4136 Si
2417 4083 2561 4136 enim
2587 4081 2794 4138 Phares
2823 4083 2947 4138 inde
2975 4085 3200 4139 sortitus
3227 4093 3311 4140 est
3336 4098 3524 4139 nomen
3549 4069 3775 4133 divisionis.

2261 4173 2388 4244 quia
2417 4174 2679 4230 diviserat
2709 4177 3084 4234 membranam
3121 4177 3502 4239 secundarum,
3527 4170 3650 4228 unde
3679 4163 3774 4217 lar!

2262 4267 2342 4322 sic
2368 4282 2571 4322 nomen
2593 4269 2834 4338 accepit?
2864 4269 3002 4324 Zara
3039 4270 3428 4341 interpretatur
3467 4265 3653 4320 Oriens.
3690 4254 3776 4308 Sive

2264 4357 2431 4429 igitur
2455 4359 2582 4427 quia
2611 4361 2816 4429 primus
2848 4362 3116 4432 apparuit,
3147 4361 3261 4417 sive
3290 4361 3414 4432 quia
3445 4352 3639 4429 plurimi
3665 4356 3776 4401 010°

2262 4451 2375 4504 nati
2401 4460 2527 4506 sunt
2548 4451 2704 4522 justi,
2743 4453 2902 4508 sicuti
2931 4454 2984 4507 in
3012 4452 3458 4524 Paralipomenon
3490 4447 3699 4519 legimus)-

2809 4587 3036 4645 CAPUT
3071 4589 3312 4648 XXXIX.

1168 4651 1624 4772 innitar?
1645 4657 1714 4772 .de
1727 4657 2156 4772 amilum},
2190 4683 2241 4743 ί)
2341 4695 2501 4752 Vens.
2537 4696 2839 4768 I.—Igitur
2867 4699 3058 4769 Ioseph
3084 4701 3272 4756 ductus
3299 4702 3351 4755 in
3381 4700 3642 4772 Egyptian,
3668 4691 3775 4772 euul-

2265 4805 2362 4858 que
2389 4805 2505 4841 eum
2546 4787 2828 4858 Putiphar,
2860 4791 3126 4844 eunuchus
3167 4769 3480 4844 Pharaonis.
3513 4783 3601 4839 Ubi
3630 4769 3777 4847 qumri'

2270 4890 2357 4933 tur
2384 4880 2654 4949 quomodo
2683 4890 2869 4950 postea
2916 4896 3140 4937 uxorem
3189 4883 3388 4938 habere
3426 4871 3650 4935 dicatur?
3683 4865 3778 4950 Tr?-

2267 4973 2400 5027 dunt
2433 4972 2644 5028 Hebrwi
2674 4983 2911 5043 emptum
2940 4976 3007 5030 ab
3035 4975 3136 5030 hoc
3161 4973 3357 5045 Ioseph
3386 4974 3452 5028 ob
3481 4965 3672 5024 nimiam
3695 4949 3778 5052 pul'

2269 5066 2631 5121 cbritudinem
2671 5067 2720 5119 in
2753 5076 2904 5137 turpe
2933 5061 3318 5134 ministerium,
3349 5076 3401 5121 et
3437 5082 3462 5116 τι
3506 5054 3700 5151 Domino
3726 5058 3777 5151 κέι·

2273 5158 2423 5212 ribus
2477 5156 2594 5226 ejus
2639 5156 2925 5224 arefactis,
2999 5169 3183 5229 postea
3240 5159 3463 5215 electum
3517 5163 3622 5206 esse
3663 5145 3776 5211 juxta

2271 5264 2475 5304 morem
2508 5250 2996 5322 HierOphantarum
3022 5269 3074 5306 In
3096 5254 3458 5324 pontificatum
3482 5234 3777 5309 Heliopoleos.

2267 5348 2323 5394 et
2350 5340 2507 5411 hujus
2536 5340 2698 5396 tiliam
2727 5357 2846 5396 esse
2868 5343 3078 5398 Asenec
3106 5342 3216 5417 [Z.,
3249 5337 3496 5412 Asanez],
3539 5341 3677 5405 quam
3707 5330 3775 5390 l’°'

2265 5441 2381 5486 stea
2417 5430 2614 5502 Ioseph
2644 5447 2865 5488 uxorem
2902 5437 3189 5506 acceperit.

2872 5568 3098 5626 CAPUT
3139 5571 3248 5628 XL.

2339 5682 2502 5738 Vens.
2534 5684 2586 5737 6.
2613 5715 2682 5724 —
2712 5685 2808 5739 His
2833 5688 3006 5756 itaque
3053 5690 3229 5758 gestis,
3267 5685 3451 5743 accidit
3477 5688 3528 5735 tt!
3562 5660 3779 5758 ﬁcum."

2269 5773 2374 5826 duo
2416 5775 2674 5840 eunuchi,
2721 5749 2966 5845 pincerna
2999 5749 3132 5850 regis
3163 5749 3397 5852 Egyptii
3441 5785 3484 5830 et
3523 5768 3682 5839 Ρίδίθνν

2273 5865 2414 5917 mino
2452 5882 2564 5919 suo.
2597 5865 2876 5939 [ratusque
2917 5882 2985 5923 est
3015 5869 3225 5927 Pharao
3263 5883 3435 5927 contra
3461 5879 3560 5926 eos,
3598 5865 3637 5909 ιι
3676 5846 3776 5901 ν³¹⁶¹¹
