3970 6332
137 357 248 414 229

1460 351 1814 412 COMMEN'I‘.
1853 353 1920 410 IN
1959 349 2116 412 GEN.

3299 353 3406 412 230

137 491 230 530 eos
285 475 340 528 in
393 487 654 526 carcerem
705 485 760 522 ut
808 485 910 540 quo
953 477 1064 523 erat
1111 469 1314 522 vinctus
1353 475 1401 520 et
1429 463 1644 536 Ioseph,
1677 475 1730 521 et
1757 471 1806 530 Α
1833 477 1951 520 sunt
1983 467 2048 520 de
2069 465 2350 536 femoribus
2373 463 2540 520 Jacob
2563 477 2582 518 :
2605 463 2734 534 quid
2763 461 3196 534 respondendum
3217 469 3301 520 est
3327 465 3406 520 eis
3437 473 3442 478 '

139 577 342 624 caetera
369 577 650 634 usquequo
671 561 748 614 ait
773 559 1029 616 fratribus
1058 559 1199 614 suis:
1225 557 1337 630 Ego
1361 575 1480 612 sum
1509 555 1722 626 Ioseph,

137 677 298 730 quem
347 655 649 712 vendidistis
715 653 768 708 in
823 651 1134 724 Aigyptum.
1197 649 1298 706 Hic
1355 649 1501 704 enim
1568 649 1726 716 spiri-

141 751 312 806 talem
359 745 770 818 intelligentiam
802 743 1286 814 praetermittinms,
1319 741 1464 796 sicut
1489 739 1544 792 in
1589 753 1726 808 prae-

139 843 350 898 fatione
385 839 755 912 praediximus,
791 843 844 891 et
873 833 1206 890 historialem
1243 831 1572 888 intellectura
1603 843 1724 898 pro-

140 933 296 1004 sequi
343 933 592 996 nitimur,
633 945 700 982 ne
730 925 944 982 modum
977 923 1142 981 libelli
1185 923 1532 980 ekcedamus.
1565 919 1724 976 Deni-

139 1042 246 1100 que
275 1023 560 1096 quaeritur,
591 1019 740 1076 salvo
767 1017 996 1088 spiritali
1047 1013 1345 1081 intellectu,
1374 1029 1472 1070 cur
1495 1009 1724 1084 gentiles

141 1117 394 1174 homines
419 1111 638 1168 fuerunt
663 1111 716 1166 in
740 1121 958 1164 carcere
979 1121 1102 1162 cum
1124 1103 1344 1176 Joseph,
1373 1113 1429 1160 et
1461 1103 1720 1174 praesagia

141 1208 452 1264 futurorum
491 1203 778 1262 viderunt?
823 1199 942 1256 Non
987 1215 1085 1272 pro
1125 1200 1238 1256 suis
1265 1199 1492 1260 meritis,
1541 1197 1636 1253 sed
1665 1203 1722 1250 ut

143 1298 590 1370 magniﬁcaretur
649 1293 870 1364 Ioseph,
913 1299 968 1346 et
1025 1291 1466 1348 manifestaretur
1511 1289 1602 1360 qui
1645 1287 1722 1342 la-

145 1391 312 1446 tebat.

213 1481 348 1550 Qua:
379 1489 506 1536 sunt
549 1487 662 1535 tres
691 1475 1052 1548 propagines?
1083 1473 1217 1530 Tres
1241 1474 1568 1546 propagines
1595 1482 1721 1530 sunt

139 1584 254 1630 tres
285 1573 440 1628 rami.

209 1664 324 1720 Cur
345 1663 558 1718 Pharao
601 1661 686 1718 vel
711 1661 952 1716 Herodes
1001 1661 1118 1716 dies
1143 1657 1442 1715 nativitatis
1471 1671 1583 1712 suae
1625 1655 1720 1710 ho-

135 1759 368 1813 noribus
427 1755 650 1812 festivos
695 1755 1036 1810 habuerunt?
1075 1753 1152 1808 Eo
1193 1753 1338 1823 quod
1385 1757 1718 1822 putaverunt

135 1851 286 1922 quod
307 1851 441 1904 hora
461 1847 754 1902 nativitatis
777 1861 962 1902 eorum
984 1859 1042 1902 se
1064 1845 1368 1900 ordinasset
1391 1843 1444 1898 in
1469 1855 1718 1912 regnum,
1749 1839 1796 1898 Β

135 1945 376 2002 similem
409 1959 525 1998 rem
565 1941 828 1998 facientes
863 1939 1210 2006 adorationis,
1249 1947 1310 1993 ut
1335 1937 1554 2000 dicitur,
1591 1951 1726 2005 quo-

133 2055 260 2094 rum
289 2045 410 2094 erat
427 2053 525 2108 par
553 2037 800 2106 impietas
819 2075 832 2100 ,
863 2041 1004 2089 esset
1033 2041 1090 2088 et
1109 2047 1212 2088 una
1243 2029 1576 2087 solemnitas.

205 2131 352 2200 Quid
381 2139 466 2186 est
511 2131 654 2200 quod
693 2127 912 2184 Pharao
943 2127 1078 2182 dixit
1111 2143 1123 2180 :
1161 2123 1424 2179 Putabam
1451 2139 1530 2176 me
1570 2137 1726 2192 super

133 2225 362 2294 ﬂuuium
393 2221 572 2278 stare?
597 2219 654 2276 Id
679 2227 762 2276 est
796 2219 938 2290 quod
967 2227 1020 2272 et
1051 2217 1101 2272 in
1147 2217 1254 2272 alio
1285 2215 1404 2272 loco
1443 2213 1644 2269 dicitur
1667 2211 1722 2266 in

134 2313 340 2370 Genesi
371 2333 382 2368 :
419 2307 554 2366 Ecce
591 2329 684 2382 ego
728 2327 884 2381 super
931 2309 1122 2378 fontem
1167 2317 1264 2362 sto.
1297 2307 1472 2376 Atque
1495 2305 1600 2358 hoc
1627 2317 1722 2374 ge-

133 2421 272 2462 nere
305 2405 596 2460 locutionis
643 2413 698 2458 et
741 2403 792 2456 in
823 2401 1028 2472 psalmo
1073 2399 1271 2454 dicitur
1300 2416 1312 2452 :
1351 2397 1452 2464 Qui
1481 2395 1724 2466 fundavit

135 2513 338 2556 terram
385 2517 540 2570 super
567 2515 758 2570 aquam
807 2495 978 2569 (Psal.
1022 2511 1180 2562 xxm,
1201 2493 1280 2567 2).
1315 2493 1428 2548 Non
1461 2499 1724 2564 cogantur

135 2591 396 2646 homines
445 2597 640 2660 putare
680 2607 692 2642 ε
731 2587 1000 2642 Fundavit
1049 2595 1252 2642 terram
1295 2601 1456 2656 super
1503 2599 1716 2654 aquam.

135 2683 452 2738 Secundum
499 2681 642 2736 hanc
678 2681 820 2736 enim
849 2679 1174 2734 locutionem
1207 2687 1355 2733 recte
1405 2676 1726 2748 intelligitur

132 2777 282 2848 quod
311 2775 472 2832 altior
497 2777 570 2832 sit
593 2785 738 2832 terra
759 2789 922 2846 quam
941 2789 1080 2844 aqua
1105 2791 1120 2840 ;
1147 2775 1216 2828 ab
1243 2775 1326 2828 his
1347 2774 1544 2844 quippe
1567 2773 1724 2844 aquis

135 2871 468 2938 sustollitur,
499 2869 592 2924 ubi
625 2855 871 2924 habitent
895 2877 1104 2924 terrena
1133 2865 1405 2922 animalia.

203 2959 498 3030 Quomodo
549 2957 834 3014 multitudo
881 2956 1094 3028 frugum
1159 2971 1340 3012 arente
1389 2953 1720 3010 multitudini

135 3049 530 3124 comparatur?
564 3049 700 3118 Quia
723 3049 864 3104 sicut
885 3063 1048 3104 arena
1079 3047 1488 3102 innumerabilis
1516 3055 1620 3114 est,
1646 3047 1720 3102 ita

133 3145 434 3200 multitudo
477 3143 692 3214 frugum
725 3143 922 3198 usitato
959 3155 1183 3196 numero
1211 3139 1592 3212 comprehendi
1615 3155 1720 3194 non

123 3245 378 3308 -mmmu

203 3329 500 3398 Quomodo
521 3329 588 3384 de
619 3327 736 3382 viro
779 3335 966 3384 sancto
1009 3324 1208 3398 Joseph
1239 3325 1536 3396 intelligere
1565 3325 1726 3380 debe-

131 3436 264 3476 mus
315 3419 458 3490 quod
487 3417 682 3472 fratres
707 3433 834 3474 suos
878 3417 1235 3472 inebriasset?
1267 3417 1514 3473 Ebrietas
1543 3425 1724 3474 autem

133 3511 442 3568 secundum
481 3511 680 3566 idioma
717 3511 996 3566 Hebraicaa
1025 3509 1219 3582 linguae
1241 3525 1338 3580 pro
1361 3513 1608 3566 satietate
1633 3525 1724 3580 po-

133 3605 306 3668 nitur,
335 3605 476 3660 sicut
501 3605 576 3660 ibi
619 3623 632 3660 :
693 3603 932 3658 Visitasti
973 3613 1186 3668 terram,
1217 3613 1264 3658 et
1308 3603 1575 3658 inebriasti
1611 3619 1724 3658 eam

133 3697 318 3766 (Psal.
349 3713 496 3764 ιιιιν,
529 3697 642 3766 10).
679 3697 746 3752 Et
771 3697 968 3752 iterum
1001 3716 1012 3750 :
1047 3689 1457 3752 Inebriabuntur
1483 3697 1546 3752 ab
1573 3697 1726 3753 uber-

133 3805 240 3850 tate
263 3795 458 3850 domus
479 3805 584 3850 tua:
611 3793 784 3867 (Psal.
819 3810 984 3861 xxxv,
1015 3793 1092 3866 9).

202 3885 352 3952 Quid
377 3886 478 3940 sibi
509 3886 624 3940 vult
649 3885 796 3956 quod
825 3883 1024 3956 Joseph
1065 3883 1264 3940 fratres
1297 3898 1422 3940 suos
1459 3885 1618 3940 toties
1643 3883 1724 3938 lu-

135 3977 406 4042 diﬁcavit,
438 3987 494 4032 et
527 3985 674 4032 tanta
703 3975 1106 4046 exspectatione
1129 3975 1408 4046 suspendit
1433 3984 1722 4046 antequam

135 4065 494 4122 manifestare
529 4082 588 4122 se
631 4067 922 4122 voluisset?
949 4065 1264 4122 Tribulabat
1292 4081 1386 4122 eos
1411 4081 1514 4121 non
1553 4075 1612 4120 ut
1665 4081 1724 4122 se

135 4157 446 4212 vindicaret
487 4157 538 4212 in
567 4158 668 4222 eis,
717 4157 810 4212 sed
861 4165 918 4212 ut
941 4155 1074 4212 illos
1117 4143 1376 4228 purgaret
1422 4173 1450 4210 a
1498 4157 1724 4212 crimine

139 4250 404 4304 transacti
427 4249 649 4305 sceleris
671 4249 725 4304 in
757 4265 900 4304 cum.
929 4249 1020 4304 Vel
1039 4249 1240 4320 magis,
1271 4255 1330 4302 ut
1351 4248 1452 4302 hac
1469 4247 1722 4302 dilatione

137 4337 580 4394 accumularetur
609 4339 864 4411 gaudium
909 4353 1116 4402 eorum,
1153 4337 1278 4392 dum
1325 4337 1720 4404 ostenderetur,

136 4437 192 4482 et
219 4437 432 4484 tantam
457 4429 682 4502 gloriam
721 4429 838 4500 ejus
867 4429 1132 4486 vidissent
1157 4445 1318 4500 quem
1347 4445 1377 4484 a
1425 4445 1482 4486 se
1512 4430 1720 4486 exstin-

137 4531 288 4579 ctum
321 4539 440 4580 esse
477 4525 900 4580 arbitrabantur.

703 4659 928 4715 CAPUT
969 4659 1150 4716 XLVI.

217 4791 388 4846 Vens.
421 4791 472 4844 5.
505 4823 574 4830 —
601 4787 840 4848 Surrexit
874 4801 1044 4844 autem
1097 4789 1262 4844 Iacob
1309 4809 1340 4844 α
1379 4801 1532 4862 puteo
1561 4791 1722 4846 Jura-

147 4884 310 4936 menti
331 4893 378 4936 et
407 4881 668 4936 descendit
707 4885 760 4936 in
803 4881 1114 4954 gyptum,
1144 4893 1190 4936 et
1219 4877 1319 4950 ﬁlii
1339 4883 1472 4954 ejus,
1497 4893 1544 4936 et
1571 4899 1724 4952 nepo-

145 4983 240 5040 tes,
285 4973 438 5040 ﬁlia’,
487 4983 532 5026 et
577 4985 762 5026 cuncta
793 4975 948 5027 simul
989 4975 1276 5044 progenies,
1302 4991 1580 5046 usquequo
1625 4977 1718 5040 ait,

145 5079 322 5118 omnes
351 5063 542 5118 animte
565 5063 750 5117 domus
777 5063 940 5118 Jacob
969 5081 1086 5134 qua:
1115 5065 1362 5136 ingresste
1397 5076 1518 5120 sunt
1545 5065 1718 5136 {Egy-

145 5161 286 5222 ptum
337 5153 550 5222 fuerunt
579 5155 926 5226 septuaginta.
983 5155 1262 5222 Quomodo
1295 5158 1492 5214 dicitur
1537 5179 1550 5212 :
1595 5157 1718 5216 Filii

147 5249 262 5318 ejus
293 5257 348 5305 et
379 5249 502 5304 ﬁlite
523 5250 641 5322 ejus
673 5251 1066 5306 descenderunt
1089 5267 1210 5306 cum
1233 5266 1296 5306 eo
1319 5253 1372 5308 in
1403 5251 1716 5326 Egyptum,

147 5353 270 5392 cum
297 5339 464 5396 Jacob
491 5339 760 5410 pluriores
807 5359 910 5396 non
949 5343 1134 5398 habuit
1177 5343 1312 5398 ﬁlias
1337 5361 1496 5415 quam
1529 5345 1716 5402 Dinam

149 5433 562 5488 tantummodo?
605 5433 712 5488 Aut
743 5435 904 5488 etiam
953 5443 1176 5504 uepotas
1223 5435 1456 5490 ﬁliarum
1503 5439 1720 5492 nomine

147 5521 478 5592 signiﬁcatus
511 5525 810 5597 intelligere
842 5527 1130 5592 debemus;
1166 5537 1258 5582 aut
1289 5529 1510 5600 pluralis
1537 5547 1722 5586 nume-

147 5629 242 5670 rus
271 5633 370 5686 pro
395 5617 652 5690 singulari
703 5619 910 5688 positus
941 5627 1042 5682 est,
1075 5619 1214 5674 sicut
1245 5619 1318 5674 ibi
1349 5635 1362 5674 :
1399 5619 1544 5674 Misit
1569 5623 1622 5676 in
1649 5625 1722 5678 eis

147 5719 382 5762 muscam
401 5711 664 5764 caninam.

219 5801 374 5868 Quod
403 5803 534 5858 dicit
563 5803 840 5873 Scriptura
875 5823 884 5856 :
927 5801 1116 5858 Omnes
1141 5805 1332 5858 anima:
1361 5823 1476 5876 φατ’
1503 5823 1720 5876 egressa’

1745 4561 1798 4622 D

1829 559 1922 628 qui
1953 559 2056 616 hoc
2099 559 2408 615 testimonio
2455 557 2780 614 confirmare
2816 557 3064 612 nituntur
3109 571 3140 610 a
3169 559 3408 628 parenti-

1829 651 1930 706 bus
1959 651 2118 706 simul
2157 653 2368 708 animas
2396 667 2518 706 cum
2563 649 2878 722 corporibus
2911 649 3234 722 propagari?
3275 649 3408 705 Ani-

1827 759 1944 800 mas
1969 745 2110 801 enim
2153 747 2326 802 dictas
2369 761 2468 816 pro
2495 745 2826 812 hominibus,
2861 755 2890 800 a
2941 753 3096 814 parte
3139 753 3312 800 totum
3339 745 3410 800 si-

1827 837 2118 908 gnificante
2147 837 2438 904 locutione,
2467 839 2646 894 nullus
2675 839 2836 894 debet
2867 839 3134 894 dubitare.

1897 931 2058 986 Vens.
2091 931 2178 985 15.
2203 963 2270 974 -—~
2327 929 2396 984 Hi
2417 931 2516 1000 ﬁlii
2541 931 2669 996 Lite,
2716 949 2844 1002 quos
2875 933 3050 1002 genuit
3091 932 3146 986 in
3171 929 3408 1002 Mesopo-

1825 1025 1986 1078 tamia
2015 1021 2184 1094 Syrite
2222 1039 2340 1078 cum
2381 1023 2566 1090 Dina;
2611 1021 2802 1078 anima?
2837 1023 3068 1092 ﬁliorum
3089 1033 3136 1078 et
3175 1011 3408 1092 ﬁliarum

1823 1117 2038 1188 triginta
2083 1127 2206 1171 tres.
2255 1113 2506 1188 Nunquid
2545 1117 2663 1173 ista;
2699 1131 2889 1172 omnes
2935 1117 3156 1190 triginta
3203 1125 3258 1172 et
3297 1125 3410 1172 tres

1823 1209 2016 1266 animm
2045 1227 2110 1266 ex
2135 1209 2228 1265 Lia
2257 1211 2308 1266 in
2335 1209 2718 1282 Mesopotamia
2745 1209 2917 1282 Syriae
2941 1219 3082 1264 natat
3109 1217 3254 1276 sunt,
3281 1209 3408 1265 dum

1823 1299 1897 1354 ibi
1923 1297 2090 1356 Iacob
2121 1315 2226 1356 non
2253 1301 2374 1372 plus
2399 1301 2588 1370 viginti
2616 1299 2772 1356 annis
2799 1315 2920 1356 cum
2947 1315 3140 1356 socero
3169 1315 3270 1356 suo
3291 1315 3408 1356 mo-

1823 1401 1972 1448 ratus
1989 1401 2090 1460 est,
2117 1401 2172 1449 et
2199 1403 2400 1464 septem
2433 1393 2556 1448 anni
2583 1393 2916 1448 transierunt
2941 1403 3230 1464 antequam
3257 1393 3408 1448 Liam

1821 1500 2045 1540 uxorem
2093 1485 2366 1540 duxisset?
2401 1485 2524 1541 Ideo
2555 1485 2716 1540 etiam
2757 1483 3042 1556 Scriptura
3073 1493 3264 1541 sancta
3310 1485 3412 1548 hos

1822 1594 2010 1634 omnes
2051 1579 2104 1632 in
2147 1577 2536 1650 MeSOpotamia
2577 1585 2729 1634 ortos
2779 1591 2898 1634 esse
2935 1577 3094 1644 dixit,
3155 1577 3409 1648 quoniam

1831 1686 2020 1726 eorum
2051 1679 2236 1742 patres
2263 1673 2334 1726 ibi
2365 1671 2468 1726 orti
2507 1679 2654 1726 sunt.

1895 1763 2056 1818 Vens.
2081 1761 2274 1816 26-27.
2305 1793 2370 1802 —
2403 1759 2460 1816 Si
2497 1761 2778 1832 sexaginta
2799 1769 2854 1814 et
2881 1775 2976 1816 sex
3005 1767 3132 1816 sunt
3163 1773 3284 1830 quae
3321 1759 3408 1814 in-

1824 1869 2024 1924 gressae
2045 1861 2168 1910 sunt
2197 1853 2390 1909 anima:
2431 1869 2556 1908 cum
2607 1851 2768 1908 lacob
2798 1853 2850 1906 in
2881 1849 3212 1922 IEgyptum,
3250 1857 3308 1904 et
3333 1847 3408 1904 ibi

1825 1945 2024 2016 Ioseph
2047 1961 2167 2002 cum
2195 1945 2403 2000 duobus
2431 1945 2555 2000 filiis
2590 1945 2704 2001 suis
2729 1945 2982 2000 inventus
3003 1953 3108 2010 est,
3137 1943 3408 2014 quomodo

1825 2037 2162 2108 septuaginta
2205 2047 2392 2108 postea
2435 2037 2686 2092 dicuntur
2727 2051 2847 2092 esse
2877 2037 3070 2092 animae
3097 2035 3288 2091 donius
3313 2033 3406 2092 Ja-

1825 2129 1962 2184 cob?
1983 2127 2104 2198 Ipso
2133 2141 2260 2186 vero
2290 2137 2442 2198 patre
2469 2127 2636 2184 Jacob
2661 2129 2814 2200 quasi
2845 2129 3025 2185 radice
3051 2133 3408 2183 aunumerato

1824 2221 2165 2292 septuaginta
2207 2219 2326 2277 esse
2375 2231 2692 2276 noscuntur.

1895 2313 2030 2366 Dum
2058 2313 2199 2368 enim
2235 2313 2286 2366 in
2331 2311 2528 2368 Genesi
2555 2313 2782 2386 legimus
2825 2313 3162 2384 septuaginta
3199 2311 3408 2368 animas

1823 2417 1944 2458 esse
1971 2401 2160 2458 domus
2192 2401 2378 2468 Jacob,
2411 2403 2679 2472 quomodo
2709 2403 2761 2457 in
2789 2403 3012 2460 Actibus
3041 2403 3408 2474 apostolorum

1825 2493 2020 2548 dicitur
2043 2495 2096 2548 in
2122 2495 2404 2550 animabus
2434 2495 2770 2566 septuaginta
2795 2495 3032 2566 quinque
3061 2495 3412 2552 descendisse

1823 2583 1990 2639 Jacob
2017 2585 2070 2638 in
2100 2583 2435 2656 Egyptum?
2463 2583 2578 2639 Non
2605 2586 2748 2640 enim
2775 2587 2976 2656 aliquid
2999 2593 3212 2656 poterat
3235 2585 3412 2642 Lucas

1827 2679 2160 2734 contrarium
2189 2681 2430 2734 scribere
2463 2681 2748 2734 adversum
2777 2695 2898 2734 eam
2931 2679 3266 2750 Scriptorum
3291 2695 3410 2748 quae

1821 2771 1932 2841 jam
1981 2767 2156 2825 fuerat
2197 2771 2446 2842 gentibus
2493 2769 2764 2838 divulgata
2799 2787 2812 2835 ;
2853 2777 2915 2824 ut
2957 2770 3142 2840 utique
3185 2769 3408 2840 majoris

1825 2861 2094 2930 opinionis
2123 2859 2213 2915 illo
2257 2859 2524 2914 duntaxat
2569 2871 2813 2930 tempore
2855 2859 3193 2930 septuaginta
3231 2857 3407 2914 Inter-

1823 2959 2034 3021 pretum
2063 2951 2328 3005 habeatur
2357 2949 2654 3004 auctoritas
2695 2963 2856 3020 quam
2906 2949 3102 3015 Lucas,
3137 2950 3232 3020 qui
3255 2949 3402 3020 igno-

1827 3056 1936 3112 tus,
1961 3055 2013 3101 et
2043 3045 2184 3112 vilis,
2213 3053 2268 3100 et
2297 3045 2450 3100 malae
2489 3043 2614 3100 ﬁdei
2657 3045 2708 3098 in
2755 3043 3064 3098 nationibus
3087 3043 3406 3098 ducebatur.

1829 3139 1942 3196 Hoc
1979 3147 2158 3195 autem
2189 3139 2516 3212 generaliter
2529 3137 2954 3204 observandum,
2983 3137 3148 3208 quod,
3183 3137 3410 3192 ubicun-

1829 3249 1934 3304 que
1969 3233 2140 3288 sancti
2169 3231 2396 3302 apostoli
2437 3241 2530 3286 aut
2567 3229 2845 3302 apostolici
2879 3229 2980 3284 viri
3019 3231 3312 3300 loquuntur
3339 3230 3410 3284 ad

1827 3323 2050 3398 populos
2075 3365 2089 3390 ,
2135 3323 2218 3378 bis
2247 3323 2560 3394 plerumque
2597 3323 2920 3378 testimoniis
2957 3321 3254 3376 abutuntur
3289 3335 3406 3392 qua!

1821 3419 1930 3488 jam
1985 3417 2200 3474 fuerant
2245 3417 2300 3472 in
2351 3415 2598 3489 gentibus
2637 3413 2930 3486 divulgata.
2987 3413 3138 3470 Licet
3163 3413 3410 3484 plerique

1829 3515 2048 3570 tradunt
2075 3513 2480 3584 evangelistam,
2511 3519 2570 3564 ut
2597 3509 2928 3582 proselytum
2951 3506 3230 3572 Hebraeae,
3264 3505 3408 3560 litte-

1827 3621 1918 3663 ras
1969 3607 2266 3678 ignorasse.

2381 3693 2608 3751 CAPUT
2645 3691 2848 3748 XLVII.

1897 3789 2060 3844 Vens.
2098 3787 2246 3842 5—3l.
2271 3818 2342 3828 —
2365 3787 2486 3842 Filii
2513 3785 2702 3852 Jacob,
2735 3783 3052 3854 interrogati
3077 3781 3204 3854 quid
3231 3781 3398 3852 operis

1827 3883 2072 3937 haberent
2091 3883 2116 3936 .9
2133 3881 2506 3952 responderunt
2531 3893 2548 3930 :
2575 3879 2820 3934 Pastores
2847 3877 3018 3932 ouium
3041 3893 3240 3940 sumus,
3271 3877 3408 3930 sicut
3449 3863 3454 3866 ’

1825 3985 1872 4030 et
1893 3985 2064 4046 patres
2109 3975 2301 4036 nostri,
2345 3983 2402 4028 et
2441 3971 2684 4042 reliqua,
2729 3983 3010 4040 usquequo
3051 3969 3166 4034 ait,
3209 3969 3406 4023 uocauit

1825 4077 1998 4122 autem
2039 4067 2204 4122 Jacob
2231 4065 2368 4135 ﬁtios
2405 4081 2549 4128 suos,
2581 4073 2628 4118 et
2652 4063 2726 4116 ait
2753 4063 2868 4116 eis:
2907 4059 3326 4131 Congregamini,
3349 4069 3406 4112 ut

1827 4159 2131 4214 annunliem
2165 4173 2282 4230 qua:
2309 4167 2522 4210 uentura
2555 4163 2674 4209 sunt
2705 4153 2847 4208 vobis
2879 4151 3060 4206 diebus
3089 4151 3402 4204 novissimis.

1823 4251 1946 4306 Filii
1967 4249 2154 4316 Iacob,
2177 4249 2488 4320 interrogati
2513 4247 2640 4318 quid
2663 4245 2842 4314 operis
2865 4243 3146 4308 baberent,
3177 4257 3402 4312 respou-

1827 4343 2060 4397 derunt:
2093 4337 2340 4394 Pastores
2371 4339 2544 4394 etiam
2571 4351 2774 4400 sumus,
2823 4335 2952 4388 sicut
2994 4343 3040 4386 et
3091 4341 3263 4400 patres
3313 4350 3406 4388 no-

1824 4435 1940 4488 stri.
1971 4431 2152 4500 Quare
2199 4431 2542 4500 patriarchas
2587 4429 2792 4498 primos
2837 4433 3084 4496 pastores
3111 4425 3324 4490 ovium,
3353 4435 3408 4482 et

1827 4543 1930 4582 non
1967 4539 2122 4596 reges
2149 4525 2388 4596 gentium
2419 4523 2650 4594 legimus
2675 4521 2832 4578 esse?
2857 4519 2992 4588 Quia
3029 4519 3144 4574 sine
3173 4519 3279 4574 ulla
3305 4521 3402 4574 du-

1829 4621 2092 4674 bitatione
2111 4619 2258 4688 justa
2283 4617 2514 4672 servitus
2535 4615 2762 4686 et.justa
2795 4613 3092 4670 dominatio
3109 4653 3126 4680 ,
3153 4629 3276 4668 cum
3314 4627 3406 4684 pe-

1815 4725 1956 4766 cora
1977 4710 2178 4766 homini
2203 4709 2460 4774 serviunt,
2485 4717 2542 4764 et
2569 4709 2732 4764 homo
2765 4706 3050 4778 pecoribus
3075 4705 3400 4762 dominatur.

1831 4803 1920 4857 Sic
1949 4803 2088 4857 enim
2113 4801 2314 4856 dictum
2339 4809 2422 4854 est
2451 4815 2570 4854 cum
2593 4809 2870 4854 crearetur
2897 4817 2906 4850 :
2933 4797 3218 4852 Faciamus
3239 4797 3404 4850 homi-

1831 4911 1942 4948 nem
1973 4893 2038 4946 ad
2063 4893 2338 4964 Imaginem
2359 4901 2404 4946 et
2427 4889 2824 4946 similitudinem
2851 4901 3106 4954 nostram,
3139 4897 3186 4942 et
3219 4887 3404 4940 habeat

1829 4993 2130 5054 potestatem
2159 4983 2378 5052 piscium
2411 4981 2592 5046 utaris,
2635 4990 2682 5036 et
2705 4979 2994 5036 uotatitium
3047 4977 3183 5042 caeli,
3213 4986 3262 5030 et
3300 4991 3406 5028 om-

1831 5075 1974 5130 nium
2007 5089 2124 5146 qua:
2165 5083 2284 5128 sunt
2321 5087 2478 5143 super
2505 5083 2716 5128 terram.
2747 5071 2848 5126 Ubi
2895 5071 3199 5126 insinuatur
3241 5065 3403 5120 ratio-

1830 5181 1954 5222 nem
1985 5163 2104 5238 [Z.,
2137 5163 2490 5236 rationalem]
2543 5164 2740 5220 debere
2781 5161 3044 5218 dominari
3101 5156 3402 5214 irrationali

1829 5262 1970 5316 vitm.
2001 5257 2228 5316 Servum
2259 5267 2436 5314 autem
2487 5257 2760 5312 hominem
2793 5253 2998 5310 homini
3027 5251 3112 5306 vel
3145 5249 3402 5320 iniquitas

1829 5351 1912 5406 vel
1939 5351 2238 5406 adversitas
2267 5349 2414 5404 fecit.
2451 5349 2712 5418 Iniquitas
2747 5347 2964 5416 quidem
2985 5385 3000 5410 ,
3033 5343 3172 5398 sicut
3197 5341 3398 5396 dictum

1827 5451 1910 5500 est
1941 5457 1955 5496 :
1985 5441 2294 5498 Maledictus
2335 5441 2594 5498 Chanaan
2613 5484 2626 5508 ,
2669 5443 2764 5496 erit
2793 5455 2967 5496 servus
2995 5437 3246 5508 fratribus
3269 5437 3397 5494 suis.

1827 5533 2140 5590 Adversitas
2163 5549 2310 5598 vero,
2343 5534 2482 5590 sicut
2507 5533 2706 5590 accidit
2739 5533 2840 5602 ipsi
2861 5529 3084 5601 Ioseph,
3121 5538 3178 5584 ut
3215 5531 3401 5584 vendi-

1831 5635 1914 5682 tus
1937 5641 1968 5682 a
2009 5625 2266 5682 fratribus
2307 5639 2494 5682 servus
2515 5623 2828 5694 alienigenam
2867 5623 3042 5680 ﬁeret.
3075 5623 3260 5694 Itaque
3287 5625 3400 5694 pri-

1827 5733 1944 5773 mos
1971 5733 2156 5774 servos
2183 5717 2380 5786 quibus
2425 5716 2530 5770 hoc
2555 5729 2748 5769 nomen
2791 5713 2842 5768 in
2871 5713 3058 5770 Latina
3097 5713 3274 5786 lingua
3325 5715 3404 5768 iu-

1831 5809 2044 5862 ductum
2099 5817 2214 5872 est,
2269 5805 2406 5862 bella
2457 5805 2716 5866 iecerunt.
2769 5807 2868 5874 Qui
2922 5807 3066 5862 enim
3119 5807 3278 5860 homo
3331 5803 3400 5857 ab
