3970 6332
606 287 704 349 23I

1629 285 1983 343 ANGELOMI
2017 281 2475 342 LUXOVIENSIS
2515 282 2610 340 ΜΟ
2621 283 2837 341 NACHI
3732 298 3804 352 ἣδε

601 412 820 468 homine
855 417 1142 482 superatus
1163 410 1287 480 jure
1315 410 1443 467 belli
1465 420 1652 482 posset
1683 411 1878 478 occidi,
1906 411 2028 481 quia
2066 426 2181 466 ser-
2211 413 2259 474 A
2358 412 2468 468 Cur
2489 413 2658 470 Iacob
2685 414 2886 485 Ioseph
2915 414 3024 470 ﬁlio
3050 429 3172 479 suo,
3216 412 3373 482 quasi
3413 413 3682 479 nescienti,
3711 417 3804 472 iudi-

600 511 756 559 vatus
777 512 882 569 est,
910 502 1210 574 appellatus
1231 502 1356 559 inde
1383 519 1572 559 servus
1593 521 1608 569 ;
1629 513 1682 558 et
1718 502 1986 573 mancipia
2007 543 2022 570 ,
2057 501 2186 573 quia

601 611 764 651 manu
794 603 950 666 capta
973 604 1119 651 sunt.

676 689 806 755 Quae
833 697 918 745 est
945 697 1091 746 terra
1118 687 1324 745 Gessen
1350 691 1435 746 vel
1456 690 1786 746 Ramesses?
1812 690 1882 748 Ut
1901 689 2072 746 Judaei
2094 707 2189 746 au-

609 792 818 838 tumant
839 824 853 849 ,
875 799 996 854 qua:
1022 799 1165 840 nunc
1198 782 1479 839 Thebaida
1502 792 1744 838 vocatur.
1775 781 2067 838 Ramesses
2089 781 2187 852 igi-

603 888 692 933 tur
718 892 914 948 pagum
942 876 1264 932 Arsenoiten
1297 876 1375 930 sic
1400 875 1528 930 olim
1554 883 1805 930 vocatum
1833 882 2046 945 putant.

672 969 943 1038 Quaeritur
959 970 1227 1040 quomodo
1253 968 1306 1022 in
1334 977 1476 1023 terra
1495 965 1714 1039 Egypti
1749 982 1949 1037 pascua
1978 967 2187 1038 pecori-

605 1061 708 1117 bus
737 1062 978 1118 invenire
1017 1060 1344 1132 potuissent,
1387 1060 1514 1114 dum
1553 1067 1700 1115 terra
1737 1059 1960 1131 Egypti
1990 1059 2185 1130 pluviis

598 1168 708 1209 non
737 1153 1014 1224 irrigatur,
1045 1152 1171 1206 dum
1198 1151 1399 1206 fratres
1423 1149 1622 1221 Ioseph
1654 1149 1778 1206 ideo
1806 1159 2010 1205 terram
2038 1149 2181 1204 Cha-

601 1267 742 1307 naan
770 1248 1049 1318 reliquisse
1077 1261 1137 1303 se
1161 1247 1350 1302 dicunt
1374 1245 1518 1317 quod
1539 1244 1762 1300 herbam
1791 1245 2046 1315 gregibus
2069 1243 2183 1298 suis

597 1357 707 1397 non
741 1338 1109 1394 invenissent?
1136 1337 1459 1392 Perhibetur
1487 1337 1554 1391 ab
1575 1335 1679 1401 eis,
1714 1336 1807 1405 qui
1837 1335 1956 1390 loca
1983 1335 2178 1400 sciunt,

600 1433 654 1486 in
710 1430 890 1486 multis
941 1427 1166 1499 Egypti
1218 1427 1506 1499 paludibus
1547 1425 1788 1496 potuisse
1833 1440 2036 1495 pascua
2075 1439 2182 1479 non

598 1525 818 1587 deesse,
857 1522 1022 1576 etiam
1061 1535 1186 1574 cum
1228 1518 1400 1573 fames
1429 1526 1574 1572 esset
1604 1515 2031 1580 frumentorum,
2061 1532 2182 1585 qua:

596 1616 774 1672 solent
821 1613 926 1668 Nili
970 1611 1209 1667 ﬂuminis
1255 1611 1606 1666 inundatione
1648 1610 1956 1680 provenire.
2013 1607 2181 1678 Magis

592 1709 738 1765 enim
766 1707 1021 1762 dicuntur
1054 1704 1281 1776 paludes
1309 1703 1414 1758 illa:
1451 1703 1661 1759 feraces
1698 1718 1898 1774 pascua
1935 1701 2176 1773 gignere,

593 1800 812 1870 quando
839 1813 978 1869 aqua
1005 1796 1110 1851 Nili
1144 1796 1323 1851 minus
1362 1804 1702 1850 excresceret
1745 1792 1831 1865 [Ζ.
1855 1835 1869 1858 ,
1903 1792 2178 1849 excrevis-
2208 1785 2255 1844 Β

595 1900 720 1974 set].
749 1900 900 1957 Unde
924 1897 1132 1954 Gessen
1161 1893 1392 1950 vertitur
1412 1893 1467 1947 in
1494 1890 1729 1944 imbrem.

667 1991 809 2060 Quid
839 1989 941 2046 sibi
968 1987 1138 2043 vulta
1168 1993 1319 2040 tanto
1344 1983 1462 2038 viro
1497 1990 1551 2036 et
1593 1980 1682 2034 tali
1712 1978 2024 2050 patriarcha
2068 1985 2176 2031 tam

595 2085 823 2141 sollicita
870 2080 1113 2152 corporis
1161 2074 1614 2138 commendantia,
1661 2080 1720 2126 ut
1771 2085 1878 2126 non
1928 2071 1982 2124 in
2031 2078 2177 2124 terra

595 2176 815 2250 Egypti
861 2173 1155 2250 sepeliatur
1175 2213 1190 2236 ,
1235 2169 1329 2225 sed
1362 2169 1416 2223 in
1445 2177 1590 2222 terra
1620 2165 1878 2222 Chanaan
1902 2163 2057 2234 juxta
2087 2178 2179 2233 pa-

595 2281 704 2327 tres
738 2269 904 2326 snos?
951 2268 1006 2321 In
1054 2265 1138 2321 his
1177 2278 1308 2334 ergo
1354 2269 1694 2318 sacramenta
1745 2259 1845 2314 tibi
1891 2256 2179 2329 quaerenda

594 2369 721 2417 sunt
740 2368 796 2414 et
815 2355 1193 2421 admirationis
1221 2352 1477 2424 gaudium
1521 2349 1784 2405 invenies.
1813 2347 2183 2404 Cadaveribus

595 2453 791 2523 quippe
833 2456 1174 2504 mortuorum
1217 2451 1440 2514 peccata
1486 2441 1782 2512 signiﬁcari
1832 2439 1884 2493 in
1917 2438 2031 2509 lege
2077 2452 2183 2492 non

596 2543 816 2600 dubium
844 2547 947 2596 est.
975 2537 1115 2593 Hinc
1138 2535 1228 2590 illa
1257 2533 1525 2589 sententia
1556 2533 1699 2588 dicta
1730 2540 1814 2587 est
1841 2548 1854 2584 :
1891 2530 1994 2597 Qui
2017 2529 2186 2599 bapti-

597 2648 749 2694 zatur
772 2654 804 2690 a
828 2641 1057 2696 mortuo,
1090 2639 1137 2684 et
1173 2630 1362 2682 iterum
1403 2627 1570 2697 tangit
1594 2624 1776 2690 illum,
1819 2622 1944 2694 quid
1979 2621 2184 2693 proﬁcit

599 2730 714 2806 [Z.,
745 2723 980 2798 prodest]
1001 2721 1197 2777 lavatio
1227 2719 1382 2790 ejus?
1413 2715 1603 2786 (Eccli.
1645 2731 1833 2780 xxxrv,
1859 2713 1972 2783 50.)
2003 2711 2093 2766 Sic
2133 2718 2187 2764 et

596 2805 690 2897 qui
719 2824 928 2895 jejunat
959 2833 1121 2890 super
1153 2821 1381 2886 peccato
1411 2827 1530 2878 suo,
1567 2820 1622 2866 et
1663 2810 1858 2864 iterum
1902 2805 2186 2862 ambulans

597 2917 716 2972 haec
739 2913 929 2969 eadem
960 2909 1110 2965 facit.
1145 2905 1435 2978 Sepultura
1461 2917 1590 2975 ergo
1625 2910 1962 2956 mortuorum
1989 2898 2185 2954 remis-

599 3011 806 3066 sionem
829 3004 1100 3077 signiﬁcat
1130 3009 1500 3071 peccatorum.
1532 2997 1610 3053 Eo
1652 2996 1887 3065 pertinet
1933 2993 2078 3064 quod
2103 2992 2185 3047 di-

599 3113 745 3159 ctum
774 3099 857 3156 est
890 3115 904 3152 :
935 3094 1088 3152 Beati
1116 3108 1342 3164 quorum
1371 3091 1602 3144 remissa:
1643 3098 1762 3142 sunt
1790 3087 2110 3159 iniquitates,
2136 3096 2184 3140 et

601 3213 822 3270 quorum
864 3201 998 3248 tecta

603 3303 734 3359 ergo
763 3282 1071 3356 sepelienda
1093 3279 1383 3336 erantbtec
1409 3275 1770 3347 signiﬁcantia
1797 3275 2064 3330 cadavera
2092 3291 2187 3345 pa—

605 3380 963 3434 triarcharum
983 3416 998 3441 ,
1027 3373 1131 3428 nisi
1158 3373 1212 3426 in
1239 3386 1305 3427 ea
1335 3379 1481 3425 terra
1509 3368 1601 3422 ubi
1630 3366 1720 3422 ille
1741 3368 2036 3424 cruciﬁxus
2063 3377 2147 3424 est
2170 3410 2202 3436 ,,

607 3473 760 3543 cujus
783 3471 1045 3542 sanguine
1071 3467 1214 3522 facta
1241 3473 1324 3521 est
1343 3463 1595 3519 remissio
1622 3464 2010 3533 peccatorum?

679 3564 818 3632 Quid
847 3571 931 3619 est
965 3560 1109 3630 quod
1153 3558 1321 3614 Iacob
1349 3571 1642 3612 conversus
1694 3557 1763 3611 ad
1807 3564 1969 3627 caput
2010 3557 2192 3613 lectuli

608 3662 691 3719 sui
743 3659 921 3716 oravit
958 3656 1164 3712 Deum?
1215 3653 1434 3709 Scilicet
1478 3663 1761 3723 postquam
1805 3651 2087 3722 juraverat
2142 3653 2192 3708 ci

609 3753 752 3807 lilius
795 3749 862 3804 de
891 3747 1150 3820 petitione
1185 3761 1347 3816 quam
1394 3752 1715 3815 rogaverat,
1756 3744 1984 3798 adorare
2022 3742 2191 3797 Deum

610 3852 800 3900 contra
821 3848 980 3911 caput
1001 3838 1182 3894 lectuli
1207 3838 1290 3893 sui
1313 3836 1500 3891 voluit.
1531 3835 1761 3891 Sanctus
1783 3836 1980 3907 quippe
2007 3845 2062 3890 et
2087 3835 2193 3890 Deo

609 3936 823 3994 deditus
849 3933 954 3998 vir,
1000 3945 1290 4002 oppressus
1318 3939 1628 3996 senectute,
1665 3929 1900 3984 habebat
1941 3927 2191 3982 lectulum

608 4029 865 4102 positum,
901 4033 962 4081 ut
990 4025 1106 4096 ipse
1141 4026 1330 4095 jacens
1374 4022 1591 4078 habitus
1637 4021 1840 4092 absque
1879 4021 2192 4077 difﬁcultate

608 4121 718 4178 ulla
746 4121 812 4177 ad
840 4120 1145 4177 orationem
1172 4126 1317 4174 esset
1343 4125 1586 4188 paratus.

1157 4229 1386 4288 CAPUT
1422 4229 1647 4286 XLVIII.

683 4327 846 4382 Vens.
873 4324 1032 4382 5-22.
1060 4353 1130 4364 —
1155 4321 1295 4390 Quid
1343 4330 1427 4376 est
1465 4321 1608 4392 quod
1635 4319 1803 4376 Iacob
1846 4320 1976 4376 dicit
2005 4335 2020 4373 :
2067 4319 2191 4375 Duo

607 4421 704 4490 ﬁlii
731 4421 840 4485 tui,
872 4418 1097 4489 Ephrem
1119 4426 1165 4470 et
1189 4414 1483 4480 Manasses,
1530 4414 1662 4467 sicut
1685 4412 1864 4467 Ruben
1898 4422 1946 4467 et
1975 4412 2191 4468 Simeon

607 4514 728 4567 duw
751 4511 916 4566 tribus
941 4518 1114 4574 erunt,
1135 4517 1182 4562 et
1217 4508 1326 4562 suis
1350 4503 1612 4560 vocabulis
1647 4505 2008 4559 vocabuntur?
2042 4503 2194 4560 Sicut

608 4605 866 4676 Ephraim
895 4612 950 4659 et
976 4602 1251 4657 Manasses
1279 4601 1398 4656 dua:
1433 4599 1608 4654 tribus
1630 4609 1810 4665 erunt,
1839 4600 2080 4669 duosque
2100 4615 2193 4668 po-

605 4698 762 4770 pulos
791 4695 1172 4768 procreabant,
1203 4702 1259 4748 et
1285 4693 1366 4748 sic
1390 4693 1783 4748 haereditabunt
1821 4692 2192 4762 repromissio-

606 4791 694 4847 nis
721 4799 919 4844 terram
945 4787 1084 4842 sicut
1128 4794 1183 4841 et
1224 4784 1318 4839 ﬁlii
1362 4785 1465 4839 inci
1498 4783 1611 4856 [Z.,
1639 4785 1744 4840 duo
1785 4784 1878 4838 ﬁlii
1912 4785 1986 4838 tui
2017 4784 2182 4856 Ephr.

605 4893 663 4940 et
689 4881 794 4936 Ma.
819 4881 961 4937 sicut
998 4877 1139 4932 Rub.
1167 4883 1222 4931 et
1266 4875 1486 4932 Simeon
1521 4883 1680 4930 erunt
1707 4875 1848 4930 mei?
1872 4874 2182 4946 Signiﬁcat,

605 4976 749 5033 sicut
788 4973 929 5029 Buh.
961 4980 1016 5027 et
1047 4969 1181 5025 Sim.
1215 4969 1333 5024 duae
1376 4969 1550 5024 tribus
1584 4976 1764 5034 erunt,
1805 4976 1860 5024 et
1894 4969 2006 5025 suis
2027 4985 2185 5025 voca-

607 5067 750 5123 bulis
775 5067 1132 5130 vocabuntur,
1163 5063 1243 5119 sic
1269 5063 1435 5134 Ephr.
1461 5071 1517 5118 et
1541 5063 1646 5118 Ma.
1674 5063 1791 5118 duae
1809 5064 1982 5120 tribus
2009 5075 2190 5133 erunt,

611 5162 856 5231 duosque
897 5174 1023 5229 pop.
1054 5156 1440 5228 procreabant,
1472 5164 1527 5210 et
1571 5157 1650 5212 sic
1696 5157 1750 5211 h.
1786 5173 1831 5210 r.
1878 5166 1916 5211 t.
1975 5173 2019 5213 s.
2053 5168 2107 5214 et
2149 5157 2188 5213 f.

605 5269 681 5308 m.
715 5252 787 5325 s].
825 5250 1067 5322 Reliquos
1102 5258 1276 5303 autem
1308 5249 1446 5317 ﬁlios
1469 5265 1596 5320 quos
1621 5258 1734 5319 post
1777 5259 1993 5304 mortem
2023 5269 2191 5307 meam

608 5347 870 5418 genueris,
900 5345 976 5398 tui
1003 5353 1172 5398 erunt.
1213 5341 1279 5395 In
1315 5343 1522 5395 nomine
1555 5351 1763 5411 patrum
1796 5360 2010 5397 suarum
2040 5362 2216 5400 voca-l

608 5437 869 5490 bunturin
894 5435 1196 5489 litereditate
1216 5450 1335 5488 sua.
1360 5435 1461 5500 Qui
1484 5449 1590 5488 non
1611 5434 1876 5503 accipient
1900 5439 2188 5507 separatim

613 5537 840 5594 terram,
862 5543 964 5584 nec
989 5526 1255 5583 funiculus
1285 5527 1564 5582 habebunt
1588 5527 1858 5598 proprios,
1887 5538 1945 5584 ut
1967 5531 2190 5602 reliqua:

605 5621 780 5677 tribus
821 5637 833 5674 :
887 5621 940 5675 in
970 5621 1113 5677 tribu
1151 5620 1408 5692 Ephraim
1449 5630 1502 5675 et
1533 5618 1778 5676 Manasse
1799 5620 1956 5690 quasi
1985 5637 2189 5694 appen-

610 5711 759 5768 dices
781 5711 962 5782 populi
991 5711 1502 5767 commiseebuntur.

683 5815 708 5845 ι
738 5801 836 5860 Hic
865 5802 1060 5860 desinit
1090 5801 1257 5858 codex
1295 5802 1630 5860 Zwetlensis.

2289 519 2416 560 care
2443 505 2614 561 voluit
2661 505 2748 561 ubi
2795 515 2851 560 et
2893 504 3112 577 quando
3140 503 3418 574 sepelierit
3467 513 3676 559 matrem
3698 506 3804 575 ejus?

2289 594 2455 652 Forte
2487 596 2798 668 prophetice
2837 611 3271 654 commemorare
3307 596 3475 652 voluit
3503 596 3571 651 ibi
3597 598 3801 669 sepulta

2290 695 2521 742 matrem
2548 687 2749 759 Ioseph
2775 688 2866 745 ubi
2895 689 3147 746 Christus
3179 688 3357 745 fuerat
3383 691 3680 748 nasciturus.

2359 780 2489 849 Qua:
2518 791 2601 837 est
2626 797 2754 852 pars
2798 798 2906 839 una
2938 799 3101 855 quam
3148 782 3320 839 Iacob
3353 783 3496 839 dedit
3528 782 3698 856 Ioseph
3727 787 3801 844 ﬁlio

2288 888 2387 929 suo
2436 884 2591 930 extra
2661 875 2860 933 fratres
2912 893 3060 943 suos,
3116 893 3280 948 quam
3313 877 3497 933 tulisse
3523 893 3578 934 se
3603 879 3660 934 de
3686 897 3800 937 manu

2285 965 2724 1023 Amorrhaaorum
2758 968 2890 1024 dicit
2915 970 2972 1024 in
3001 969 3179 1040 gladio
3202 977 3251 1024 et
3272 986 3401 1023 arcu
3428 985 3521 1024 suo
3542 971 3566 1023 .9
3585 969 3802 1041 Signiﬁca-

2289 1058 2363 1112 vit
2393 1059 2604 1126 urbem,
2636 1077 2756 1132 quae
2784 1059 3052 1117 Hebraice
3075 1060 3312 1118 iSichem
3346 1061 3559 1127 dicitur,
3591 1070 3642 1116 et
3664 1078 3802 1119 secuno

2285 1149 2413 1205 dum
2441 1150 2687 1208 Graecam
2707 1161 2766 1210 et
2787 1153 3034 1211 Latinam
3052 1155 3470 1211 declinationem
3487 1155 3653 1211 Sicma
3674 1160 3800 1228 appel-

2285 1246 2443 1310 latur,
2469 1255 2523 1301 et
2549 1257 2800 1317 corrupte
2821 1263 2852 1302 a
2872 1247 3122 1318 plurimis
3135 1247 3349 1319 Sychar
3371 1248 3694 1304 nominatur:
3717 1267 3799 1320 qua

2285 1348 2339 1394 et
2371 1355 2516 1395 nunc
2544 1339 2796 1410 Neapolis
2836 1339 3038 1397 dicitur
3062 1383 3078 1408 ,
3109 1341 3240 1397 urbs
3267 1341 3721 1397 Samaritanorum.
3740 1343 3799 1396 Si-

2284 1434 2438 1488 chem
2462 1432 2689 1489 Hebraea
2717 1433 2900 1505 lingua
2932 1433 3266 1490 transfertur
3305 1434 3361 1489 in
3391 1434 3665 1489 humerum.
3694 1433 3799 1489 Unde

2287 1525 2638 1598 Septuaginta
2667 1527 2741 1582 ita
2769 1526 3113 1598 interpretati
3161 1535 3310 1583 sunt.
3345 1526 3497 1594 Quod
3522 1535 3683 1581 autem
3712 1525 3800 1580 dicit

2284 1635 2342 1676 se
2373 1636 2492 1675 eam
2523 1621 2577 1674 in
2613 1636 2742 1674 arcu
2764 1630 2811 1675 et
2841 1621 2895 1674 in
2923 1618 3101 1690 gladio
3130 1619 3446 1690 possedisse,
3477 1632 3646 1672 arcum
3679 1615 3748 1672 hic
3763 1627 3799 1670 et

2261 1710 2520 1782 gladium
2554 1709 2823 1779 justitiam
2847 1719 3034 1778 vocat,
3067 1725 3166 1781 per
3188 1724 3353 1780 quam
3396 1709 3586 1764 meruit
3624 1706 3799 1778 peregri-

2284 1822 2385 1860 nus
2405 1813 2462 1860 et
2486 1805 2690 1860 advena
2712 1844 2728 1870 ,
2761 1803 3049 1859 interfecto
3077 1801 3300 1858 Sichem
3335 1810 3390 1856 et
3420 1801 3594 1865 Emor,
3620 1800 3677 1854 de
3697 1799 3797 1869 peri-

2283 1896 2405 1951 culo
2429 1895 2671 1950 liberari.
2707 1894 2918 1950 Timuit
2945 1894 3112 1958 enim,
3143 1893 3290 1964 quod
3323 1908 3484 1963 supra
3513 1891 3734 1962 legimus,
3756 1906 3798 1943 ne

2282 1986 2461 2040 vicina
2489 1983 2686 2054 oppida
2737 1993 2902 2054 atque
2945 1983 3164 2040 castella
3215 1983 3287 2039 ob
3332 1983 3651 2038 eversionem
3684 1980 3799 2035 {cede-

2282 2085 2416 2132 ratae
2441 2077 2592 2132 urbis
2622 2076 2909 2132 adversum
2957 2090 3016 2131 se
3060 2083 3492 2145 consurgerent:
3526 2083 3577 2128 et
3603 2072 3798 2128 Dominus

2283 2184 2391 2224 non
2439 2167 2586 2222 dedit
2617 2168 2696 2222 eis
2721 2175 2784 2222 ut
2824 2175 3084 2222 nocerent
3121 2165 3220 2220 illi.
3255 2163 3354 2219 Vel
3389 2173 3535 2220 certe
3561 2163 3631 2220 sic
3655 2161 3797 2218 intelli-

2284 2261 2517 2335 gendum
2540 2279 2552 2315 :
2579 2261 2730 2316 Dabo
2749 2261 2841 2315 tibi
2863 2258 3169 2327 Sichimam,
3192 2276 3354 2331 quam
3375 2259 3474 2314 emi
3493 2260 3544 2312 in
3565 2257 3798 2328 fortitudine

2285 2373 2423 2421 mea,
2452 2356 2556 2411 hoc
2583 2364 2686 2420 est,
2710 2355 2764 2410 in
2791 2355 3022 2427 pecunia
3041 2396 3056 2420 ,
3095 2369 3261 2425 quam
3290 2353 3458 2409 multo
3485 2351 3652 2408 labore
3671 2362 3715 2404 et
3736 2364 3796 2404 su-

2285 2447 2419 2503 dore
2453 2447 2699 2517 quaesivi.
2735 2446 2886 2514 Quod
2917 2457 3102 2502 autem
3153 2447 3265 2514 ait,
3311 2463 3466 2518 super
3486 2446 3656 2516 fratres
3687 2459 3795 2504 suos,

2287 2540 2528 2596 ostendit
2560 2541 2765 2610 absque
2793 2547 2941 2595 sorte
2969 2539 3182 2596 dedisse
3222 2555 3345 2596 eam
3373 2539 3532 2594 tribui
3558 2537 3797 2606 Ioseph,et

2287 2633 2638 2690 mausolaeum
2663 2631 2780 2702 ejus
2809 2632 2883 2688 ibi
2913 2631 3181 2703 hodieque
3210 2631 3472 2688 cernitur.
3499 2628 3748 2699 Sequitur:

2852 2767 3080 2824 CAPUT
3121 2766 3306 2823 XLIX.

2360 2882 2524 2936 Vnus.
2566 2880 2621 2945 ‘2,
2646 2881 2700 2936 5.
2729 2911 2800 2920 -
2826 2878 3232 2952 Congregamini
3262 2893 3310 2936 et
3333 2882 3538 2945 audite,
3558 2879 3646 2950 ﬁlii
3665 2874 3793 2936 Iacob,

2287 2974 2468 3028 audite
2509 2973 2680 3027 Israel
2727 2982 2928 3044 patrem
2981 2984 3230 3028 uestrum.
3285 2973 3465 3029 Ruben
3502 2969 3795 3044 primogenim
3879 3011 3881 3054 ε

2289 3082 2456 3132 meus,
2489 3075 2545 3118 tu
2571 3065 2826 3134 fortitudo
2847 3082 2986 3131 mea,
3011 3073 3067 3121 et
3097 3066 3308 3135 reliqua
3325 3107 3341 3133 ,
3365 3078 3625 3135 usquequo
3646 3061 3718 3124 ait,
3739 3062 3793 3110 ιιι·
3880 3057 3881 3114 ξ

1040 3150 1162 3245 sunt
1208 3196 1422 3258 peccata
1453 3181 1634 3255 (Psai.
1695 3150 2023 3253 XXXI,'25).
2079 3181 2182 3237 Ubi

2291 3158 2590 3228 nedixitque
2610 3155 2832 3228 singulis
2857 3157 3307 3213 benedictionibus
3345 3157 3580 3229 propriis.
3605 3152 3716 3222 Quid
3740 3150 3793 3204 in-

2291 3249 2644 3319 telligendum
2667 3259 2751 3304 est
2781 3249 2848 3305 de
2876 3249 3353 3306 benedictionibus
3375 3250 3563 3320 quibus
3587 3243 3721 3304 Iacob
3737 3257 3794 3314 pa-

2289 3342 2528 3397 triarcha
2554 3341 2833 3397 benedixit
2860 3341 3001 3398 ﬁlios
3037 3342 3198 3398 suos?
3219 3343 3306 3398 An
3334 3342 3580 3398 historice
3606 3338 3673 3394 vel
3706 3333 3792 3391 alle-

2290 3434 2472 3505 gorice
2502 3433 2861 3505 intelligenda:
2892 3434 3031 3500 sint,
3058 3435 3186 3490 dum
3229 3436 3368 3490 dixit
3400 3454 3413 3490 :
3448 3426 3792 3504 Congregamini.

2291 3528 2391 3597 ﬁlii
2422 3529 2610 3594 Iacob,
2666 3537 2722 3582 ut
2769 3529 3073 3583 annuntiem
3111 3529 3253 3584 vobis
3283 3547 3400 3601 qua:
3433 3538 3628 3585 ventura
3651 3530 3741 3578 sunt
3762 3519 3794 3571 iu

2295 3619 2589 3674 novissimis
2611 3619 2831 3674 diebus?
2861 3619 2930 3676 Et
2947 3620 3160 3676 videtur
3182 3638 3255 3677 ex
3285 3622 3370 3678 his
3395 3621 3564 3677 verbis
3587 3616 3723 3686 magis
3742 3609 3792 3664 al-

2295 3711 2552 3782 legoriam
2584 3726 2780 3766 sonare
2819 3727 2980 3782 quam
3019 3711 3325 3768 historiam.
3375 3712 3651 3780 Utrumque
3679 3715 3720 3759 et
3739 3699 3792 3755 hi-

2295 3805 2519 3857 storiam
2545 3811 2599 3858 et
2621 3803 2957 3876 allegoriam.
3005 3805 3307 3863 Historiam
3343 3809 3398 3863 in
3430 3805 3665 3862 divisione
3689 3808 3794 3853 tem

2296 3894 2761 3962 repromissionis,
2806 3912 2926 3967 qua:
2952 3897 3246 3954 divisiones
3277 3898 3567 3956 dividendae
3592 3899 3716 3950 erant
3738 3901 3794 3939 nc-

2292 3986 2513 4056 potibus
2537 3987 2778 4042 illorum.
2804 3988 2975 4061 Igitur
3003 3991 3321 4062 allegoriam
3357 3995 3424 4049 de
3447 3991 3642 4050 Christo
3667 3993 3709 4040 et
3731 3981 3793 4035 Ec-

2291 4078 2458 4134 clesia
2499 4079 2554 4134 in
2581 4079 2892 4138 novissimis
2917 4084 3253 4154 temporibus
3296 4084 3544 4142 futuram.
3576 4077 3667 4136 Sed
3695 4072 3792 4145 priu5

2291 4173 2535 4228 historiae
2565 4173 2916 4231 fundamenta
2939 4178 3186 4247 ponenda
3212 4189 3362 4247 sunt,
3391 4185 3449 4234 ut
3473 4174 3636 4246 aptius
3657 4166 3792 4231 αιιεεο·

2293 4263 2388 4320 riae
2413 4264 2626 4320 culmen
2649 4265 2819 4334 priori
2843 4275 3130 4323 structurae
3156 4276 3563 4342 superponatur.

2371 4355 2531 4412 Vens.
2559 4357 2613 4422 5,
2644 4357 2700 4412 4.
2731 4390 2799 4398 -
2824 4357 3002 4414 Ruben
3032 4341 3410 4432 primogenitus
3450 4373 3601 4421 meus,
3624 4363 3670 4406 tu
3693 4341 3792 4417 Ῑοηί·

2293 4450 2419 4504 tudo
2457 4466 2609 4515 mea,
2647 4451 2961 4522 principium
3007 4452 3206 4507 doloris
3254 4455 3384 4518 mei,
3424 4453 3561 4523 prior
3583 4449 3632 4502 in
3663 4438 3790 4496 donis.

2219 4562 2268 4621 D
2297 4540 2470 4610 major
2513 4541 2728 4610 imperio
2747 4583 2761 4608 ,
2803 4543 3000 4612 effusus
3025 4561 3078 4599 es
3107 4546 3240 4600 sicut
3268 4564 3434 4618 aqua,
3480 4560 3575 4598 non
3609 4546 3761 4592 crescat
3780 4541 3803 4621 ἔΣ

2299 4632 2580 4686 ascendisti
2611 4633 2778 4687 cubile
2797 4637 2960 4705 patris
2985 4637 3093 4702 tui,
3119 4648 3168 4692 et
3191 4614 3468 4694 maculasti
3492 4642 3685 4691 stratum
3699 4614 3804 4694 εἰη(

2297 4723 2394 4778 Est
2416 4734 2598 4779 autem
2626 4739 2820 4780 sensus
2852 4726 2940 4782 hic
2969 4744 2984 4782 :
3018 4737 3072 4783 tu
3101 4744 3160 4784 es
3185 4728 3585 4801 primogenitus,
3609 4710 3790 4786 majori“

2295 4814 2504 4881 liberis,
2538 4824 2595 4871 et
2619 4816 2853 4875 debebas
2889 4819 3080 4876 ordine
3121 4822 3418 4878 nativitatis
3452 4829 3550 4875 tuae
3577 4807 3792 4870 haeredila'

2297 4914 2424 4972 tem,
2459 4922 2578 4975 qua:
2597 4907 2971 4979 primogenitis
2998 4907 3123 4978 jure
3154 4911 3472 4978 debebatur,
3508 4897 3789 4965 sacerdolium

2295 4998 2541 5067 accipere
2568 5007 2623 5052 et
2652 5014 2874 5070 regnum
2903 5019 2914 5054 :
2945 5003 3046 5057 hoc
3069 5003 3267 5074 quippe
3296 5004 3544 5074 importat
3576 4999 3789 5052 honorem,

2293 5095 2351 5142 ct
2391 5088 2738 5157 praevalidum
2772 5091 2935 5147 robur
2963 5094 3105 5163 quod
3154 5104 3439 5150 monstrat.
3483 5091 3702 5148 Dicamus
3728 5088 3791 5148 l)cr

2294 5179 2505 5250 singula
2537 5180 2902 5249 manifestius;
2929 5193 3077 5254 patet
3105 5185 3298 5241 litterae
3322 5199 3524 5242 sensus.
3555 5176 3671 5245 Quia
3705 5171 3790 5224 bea-

2295 5279 2382 5324 tus
2422 5268 2593 5326 Iacob
2627 5272 2861 5341 primum
2902 5275 3074 5331 ﬁlium
3101 5275 3292 5334 Ruben
3327 5293 3394 5334 ex
3431 5274 3524 5330 Lia
3553 5269 3787 5324 uxoreisua

2295 5364 2623 5433 susceperit,
2673 5367 2763 5435 qui
2793 5382 2852 5423 se
2877 5368 3037 5440 digne
3096 5378 3248 5427 tanto
3285 5380 3438 5442 patre
3472 5367 3720 5423 tractaret.
3745 5348 3787 5442 il"

2295 5471 2418 5510 eum
2451 5459 2809 5530 primogenita
2835 5477 3166 5534 regnumque
3208 5441 3515 5536 pertineret.
3551 5453 3681 5514 Unde
3700 5441 3787 5501 dicit

2294 5567 2416 5607 eum
2452 5552 2553 5608 sibi
2581 5556 3026 5628 primogenitum,
3059 5561 3214 5629 quasi
3256 5560 3343 5616 cui
3371 5558 3665 5614 deberentur
3689 5542 3785 5596 dona

2293 5646 2659 5717 primogeniti.
2684 5646 2789 5703 Sed
2811 5657 2866 5703 et
2886 5649 3250 5708 fortitudinem
3275 5666 3424 5708 suam
3449 5661 3562 5704 eum
3588 5634 3786 5695 nomiml.

2297 5756 2360 5795 eo
2391 5741 2534 5810 quod
2577 5742 2742 5797 robur
2787 5744 2998 5815 imperii
3043 5747 3108 5800 ad
3145 5765 3265 5803 ctnn
3296 5741 3530 5803 debuerit
3558 5730 3781 5791 declinaru-
