  <div class='ocr_page' id='page_1' title='image "/cluster/home/n/w/nwhite01/storage/ocr_20150623/115/hvd.32044015466873/120.png"; bbox 0 0 3970 6332; ppageno 0'>
   <div class='ocr_carea' id='block_1_1' title="bbox 115 427 262 498">
    <p class='ocr_par' dir='ltr' id='par_1_1' title="bbox 115 427 262 498">
     <span class='ocr_line' id='line_1_1' title="bbox 115 427 262 498; baseline 0 0"><span class='ocrx_word' id='word_1_1' title='bbox 115 427 262 498; x_wconf 64' lang='lat' dir='ltr'><strong>335i.</strong></span> 
     </span>
    </p>
   </div>
   <div class='ocr_carea' id='block_1_2' title="bbox 1451 420 2115 480">
    <p class='ocr_par' dir='ltr' id='par_1_2' title="bbox 1451 420 2115 480">
     <span class='ocr_line' id='line_1_2' title="bbox 1451 420 2115 480; baseline -0.005 -1"><span class='ocrx_word' id='word_1_2' title='bbox 1451 420 1806 479; x_wconf 80' lang='lat' dir='ltr'><strong>COMMENT.</strong></span> <span class='ocrx_word' id='word_1_3' title='bbox 1850 422 1916 477; x_wconf 85' lang='lat' dir='ltr'><strong>IN</strong></span> <span class='ocrx_word' id='word_1_4' title='bbox 1955 421 2115 480; x_wconf 82' lang='lat' dir='ltr'><strong>GEN.</strong></span> 
     </span>
    </p>
   </div>
   <div class='ocr_carea' id='block_1_3' title="bbox 3290 432 3403 490">
    <p class='ocr_par' dir='ltr' id='par_1_3' title="bbox 3290 432 3403 490">
     <span class='ocr_line' id='line_1_3' title="bbox 3290 432 3403 490; baseline 0 0"><span class='ocrx_word' id='word_1_5' title='bbox 3290 432 3403 490; x_wconf 66' lang='grc' dir='ltr'><strong>εδδ</strong></span> 
     </span>
    </p>
   </div>
   <div class='ocr_carea' id='block_1_4' title="bbox 113 537 3402 615">
    <p class='ocr_par' dir='ltr' id='par_1_4' title="bbox 113 537 3402 615">
     <span class='ocr_line' id='line_1_4' title="bbox 113 537 3402 615; baseline 0.002 -18"><span class='ocrx_word' id='word_1_6' title='bbox 113 541 255 597; x_wconf 66' lang='lat' dir='ltr'><strong>Hac</strong></span> <span class='ocrx_word' id='word_1_7' title='bbox 285 548 462 596; x_wconf 89' lang='lat' dir='ltr'><strong>autem</strong></span> <span class='ocrx_word' id='word_1_8' title='bbox 485 552 594 594; x_wconf 90' lang='lat' dir='ltr'><strong>non</strong></span> <span class='ocrx_word' id='word_1_9' title='bbox 632 539 754 594; x_wconf 90' lang='lat' dir='ltr'><strong>ideo</strong></span> <span class='ocrx_word' id='word_1_10' title='bbox 786 537 1076 594; x_wconf 77' lang='lat' dir='ltr'><strong>indicative</strong></span> <span class='ocrx_word' id='word_1_11' title='bbox 1103 539 1327 611; x_wconf 85' lang='lat' dir='ltr'><strong>protulit</strong></span> <span class='ocrx_word' id='word_1_12' title='bbox 1357 539 1501 610; x_wconf 90' lang='lat' dir='ltr'><strong>quod</strong></span> <span class='ocrx_word' id='word_1_13' title='bbox 1527 539 1602 594; x_wconf 91' lang='lat' dir='ltr'><strong>ita</strong></span> <span class='ocrx_word' id='word_1_14' title='bbox 1624 539 1706 594; x_wconf 88' lang='lat' dir='ltr'><strong>fn-</strong></span> <span class='ocrx_word' id='word_1_15' title='bbox 1733 545 1786 606; x_wconf 79' lang='grc' dir='ltr'><strong>Α</strong></span> <span class='ocrx_word' id='word_1_16' title='bbox 1810 539 2094 610; x_wconf 80' lang='lat' dir='ltr'><strong>pnlaverit.</strong></span> <span class='ocrx_word' id='word_1_17' title='bbox 2123 539 2190 594; x_wconf 85' lang='lat' dir='ltr'><strong>Et</strong></span> <span class='ocrx_word' id='word_1_18' title='bbox 2211 541 2279 594; x_wconf 90' lang='lat' dir='ltr'><strong>ad</strong></span> <span class='ocrx_word' id='word_1_19' title='bbox 2301 541 2472 608; x_wconf 85' lang='lat' dir='ltr'><strong>vitem,</strong></span> <span class='ocrx_word' id='word_1_20' title='bbox 2495 543 2630 610; x_wconf 82' lang='lat' dir='ltr'><strong>sive,</strong></span> <span class='ocrx_word' id='word_1_21' title='bbox 2655 544 2784 599; x_wconf 91' lang='lat' dir='ltr'><strong>utin</strong></span> <span class='ocrx_word' id='word_1_22' title='bbox 2810 543 3036 602; x_wconf 62' lang='lat' dir='ltr'><strong>Hebraeo</strong></span> <span class='ocrx_word' id='word_1_23' title='bbox 3059 546 3307 615; x_wconf 86' lang='lat' dir='ltr'><strong>habetur,</strong></span> <span class='ocrx_word' id='word_1_24' title='bbox 3329 549 3402 605; x_wconf 81' lang='lat' dir='ltr'><strong>ad</strong></span> 
     </span>
    </p>
   </div>
   <div class='ocr_carea' id='block_1_5' title="bbox 113 630 1717 704">
    <p class='ocr_par' dir='ltr' id='par_1_5' title="bbox 113 630 1717 704">
     <span class='ocr_line' id='line_1_5' title="bbox 113 630 1717 704; baseline -0.002 -16"><span class='ocrx_word' id='word_1_25' title='bbox 113 642 249 688; x_wconf 91' lang='lat' dir='ltr'><strong>tura</strong></span> <span class='ocrx_word' id='word_1_26' title='bbox 297 647 415 689; x_wconf 89' lang='lat' dir='ltr'><strong>esse</strong></span> <span class='ocrx_word' id='word_1_27' title='bbox 457 631 767 704; x_wconf 68' lang='lat' dir='ltr'><strong>praeviderit</strong></span> <span class='ocrx_word' id='word_1_28' title='bbox 804 631 893 688; x_wconf 88' lang='lat' dir='ltr'><strong>vel</strong></span> <span class='ocrx_word' id='word_1_29' title='bbox 933 631 1198 697; x_wconf 89' lang='lat' dir='ltr'><strong>voluerit,</strong></span> <span class='ocrx_word' id='word_1_30' title='bbox 1242 630 1337 688; x_wconf 89' lang='lat' dir='ltr'><strong>sed</strong></span> <span class='ocrx_word' id='word_1_31' title='bbox 1370 639 1431 686; x_wconf 95' lang='lat' dir='ltr'><strong>ut</strong></span> <span class='ocrx_word' id='word_1_32' title='bbox 1466 645 1565 702; x_wconf 90' lang='lat' dir='ltr'><strong>per</strong></span> <span class='ocrx_word' id='word_1_33' title='bbox 1601 631 1717 685; x_wconf 82' lang='lat' dir='ltr'><strong>haec</strong></span> 
     </span>
    </p>
   </div>
   <div class='ocr_carea' id='block_1_6' title="bbox 114 721 1717 796">
    <p class='ocr_par' dir='ltr' id='par_1_6' title="bbox 114 721 1717 796">
     <span class='ocr_line' id='line_1_6' title="bbox 114 721 1717 796; baseline -0.004 -15"><span class='ocrx_word' id='word_1_34' title='bbox 114 726 269 783; x_wconf 83' lang='lat' dir='ltr'><strong>dicta</strong></span> <span class='ocrx_word' id='word_1_35' title='bbox 310 725 377 781; x_wconf 91' lang='lat' dir='ltr'><strong>ad</strong></span> <span class='ocrx_word' id='word_1_36' title='bbox 420 723 800 796; x_wconf 74' lang='lat' dir='ltr'><strong>pmnitentiam</strong></span> <span class='ocrx_word' id='word_1_37' title='bbox 842 723 1249 790; x_wconf 77' lang='lat' dir='ltr'><strong>cohortaretur,</strong></span> <span class='ocrx_word' id='word_1_38' title='bbox 1297 738 1422 779; x_wconf 90' lang='lat' dir='ltr'><strong>cum</strong></span> <span class='ocrx_word' id='word_1_39' title='bbox 1453 721 1717 778; x_wconf 90' lang='lat' dir='ltr'><strong>recoleret</strong></span> 
     </span>
    </p>
   </div>
   <div class='ocr_carea' id='block_1_7' title="bbox 111 814 1716 890">
    <p class='ocr_par' dir='ltr' id='par_1_7' title="bbox 111 814 1716 890">
     <span class='ocr_line' id='line_1_7' title="bbox 111 814 1716 890; baseline -0.003 -15"><span class='ocrx_word' id='word_1_40' title='bbox 111 834 145 875; x_wconf 86' lang='lat' dir='ltr'><strong>a</strong></span> <span class='ocrx_word' id='word_1_41' title='bbox 167 829 381 890; x_wconf 86' lang='lat' dir='ltr'><strong>quanta</strong></span> <span class='ocrx_word' id='word_1_42' title='bbox 415 817 682 888; x_wconf 76' lang='lat' dir='ltr'><strong>dignitate</strong></span> <span class='ocrx_word' id='word_1_43' title='bbox 713 816 991 889; x_wconf 85' lang='lat' dir='ltr'><strong>peccando</strong></span> <span class='ocrx_word' id='word_1_44' title='bbox 1016 817 1326 874; x_wconf 86' lang='lat' dir='ltr'><strong>decidisset.</strong></span> <span class='ocrx_word' id='word_1_45' title='bbox 1364 817 1517 874; x_wconf 91' lang='lat' dir='ltr'><strong>Unde</strong></span> <span class='ocrx_word' id='word_1_46' title='bbox 1545 824 1600 872; x_wconf 89' lang='lat' dir='ltr'><strong>et</strong></span> <span class='ocrx_word' id='word_1_47' title='bbox 1633 814 1716 870; x_wconf 90' lang='lat' dir='ltr'><strong>di-</strong></span> 
     </span>
    </p>
   </div>
   <div class='ocr_carea' id='block_1_8' title="bbox 112 907 1715 979">
    <p class='ocr_par' dir='ltr' id='par_1_8' title="bbox 112 907 1715 979">
     <span class='ocr_line' id='line_1_8' title="bbox 112 907 1715 979; baseline -0.002 -15"><span class='ocrx_word' id='word_1_48' title='bbox 112 909 214 975; x_wconf 86' lang='lat' dir='ltr'><strong>cit,</strong></span> <span class='ocrx_word' id='word_1_49' title='bbox 244 909 567 979; x_wconf 78' lang='lat' dir='ltr'><strong>principium</strong></span> <span class='ocrx_word' id='word_1_50' title='bbox 611 907 830 974; x_wconf 87' lang='lat' dir='ltr'><strong>doloris,</strong></span> <span class='ocrx_word' id='word_1_51' title='bbox 859 915 914 964; x_wconf 93' lang='lat' dir='ltr'><strong>et</strong></span> <span class='ocrx_word' id='word_1_52' title='bbox 939 907 1167 979; x_wconf 90' lang='lat' dir='ltr'><strong>reliqua.</strong></span> <span class='ocrx_word' id='word_1_53' title='bbox 1197 907 1528 979; x_wconf 90' lang='lat' dir='ltr'><strong>Principium</strong></span> <span class='ocrx_word' id='word_1_54' title='bbox 1561 922 1715 961; x_wconf 90' lang='lat' dir='ltr'><strong>nam-</strong></span> 
     </span>
    </p>
   </div>
   <div class='ocr_carea' id='block_1_9' title="bbox 112 997 1716 1070">
    <p class='ocr_par' dir='ltr' id='par_1_9' title="bbox 112 997 1716 1070">
     <span class='ocr_line' id='line_1_9' title="bbox 112 997 1716 1070; baseline -0.002 -15"><span class='ocrx_word' id='word_1_55' title='bbox 112 1014 224 1070; x_wconf 85' lang='lat' dir='ltr'><strong>que</strong></span> <span class='ocrx_word' id='word_1_56' title='bbox 270 999 478 1056; x_wconf 91' lang='lat' dir='ltr'><strong>doloris</strong></span> <span class='ocrx_word' id='word_1_57' title='bbox 507 999 654 1055; x_wconf 91' lang='lat' dir='ltr'><strong>illius</strong></span> <span class='ocrx_word' id='word_1_58' title='bbox 683 997 786 1054; x_wconf 83' lang='lat' dir='ltr'><strong>fuit</strong></span> <span class='ocrx_word' id='word_1_59' title='bbox 815 998 938 1069; x_wconf 88' lang='lat' dir='ltr'><strong>qui,</strong></span> <span class='ocrx_word' id='word_1_60' title='bbox 969 999 1143 1070; x_wconf 89' lang='lat' dir='ltr'><strong>ruptis</strong></span> <span class='ocrx_word' id='word_1_61' title='bbox 1175 999 1511 1056; x_wconf 68' lang='lat' dir='ltr'><strong>castimonia:</strong></span> <span class='ocrx_word' id='word_1_62' title='bbox 1550 999 1716 1054; x_wconf 89' lang='lat' dir='ltr'><strong>habe-</strong></span> 
     </span>
    </p>
   </div>
   <div class='ocr_carea' id='block_1_10' title="bbox 110 1090 1716 1167">
    <p class='ocr_par' dir='ltr' id='par_1_10' title="bbox 110 1090 1716 1167">
     <span class='ocr_line' id='line_1_10' title="bbox 110 1090 1716 1167; baseline 0.001 -22"><span class='ocrx_word' id='word_1_63' title='bbox 110 1092 220 1158; x_wconf 90' lang='lat' dir='ltr'><strong>nis,</strong></span> <span class='ocrx_word' id='word_1_64' title='bbox 279 1090 510 1147; x_wconf 83' lang='lat' dir='ltr'><strong>infrenis</strong></span> <span class='ocrx_word' id='word_1_65' title='bbox 534 1091 672 1167; x_wconf 91' lang='lat' dir='ltr'><strong>_ruit</strong></span> <span class='ocrx_word' id='word_1_66' title='bbox 717 1091 773 1146; x_wconf 94' lang='lat' dir='ltr'><strong>in</strong></span> <span class='ocrx_word' id='word_1_67' title='bbox 817 1093 1273 1163; x_wconf 89' lang='lat' dir='ltr'><strong>constuprandam</strong></span> <span class='ocrx_word' id='word_1_68' title='bbox 1314 1091 1598 1164; x_wconf 85' lang='lat' dir='ltr'><strong>conjugem</strong></span> <span class='ocrx_word' id='word_1_69' title='bbox 1618 1105 1716 1161; x_wconf 90' lang='lat' dir='ltr'><strong>pa-</strong></span> 
     </span>
    </p>
   </div>
   <div class='ocr_carea' id='block_1_11' title="bbox 111 1181 1714 1254">
    <p class='ocr_par' dir='ltr' id='par_1_11' title="bbox 111 1181 1714 1254">
     <span class='ocr_line' id='line_1_11' title="bbox 111 1181 1714 1254; baseline -0.001 -17"><span class='ocrx_word' id='word_1_70' title='bbox 111 1183 232 1247; x_wconf 86' lang='lat' dir='ltr'><strong>tris,</strong></span> <span class='ocrx_word' id='word_1_71' title='bbox 267 1198 393 1254; x_wconf 71' lang='lat' dir='ltr'><strong>quse</strong></span> <span class='ocrx_word' id='word_1_72' title='bbox 417 1198 504 1238; x_wconf 91' lang='lat' dir='ltr'><strong>res</strong></span> <span class='ocrx_word' id='word_1_73' title='bbox 547 1198 657 1239; x_wconf 90' lang='lat' dir='ltr'><strong>non</strong></span> <span class='ocrx_word' id='word_1_74' title='bbox 699 1181 959 1238; x_wconf 85' lang='lat' dir='ltr'><strong>mediocri</strong></span> <span class='ocrx_word' id='word_1_75' title='bbox 1003 1182 1186 1239; x_wconf 89' lang='lat' dir='ltr'><strong>dolore</strong></span> <span class='ocrx_word' id='word_1_76' title='bbox 1233 1198 1359 1238; x_wconf 91' lang='lat' dir='ltr'><strong>eum</strong></span> <span class='ocrx_word' id='word_1_77' title='bbox 1397 1181 1714 1238; x_wconf 88' lang='lat' dir='ltr'><strong>stimulasse</strong></span> 
     </span>
    </p>
   </div>
   <div class='ocr_carea' id='block_1_12' title="bbox 109 1272 1715 1346">
    <p class='ocr_par' dir='ltr' id='par_1_12' title="bbox 109 1272 1715 1346">
     <span class='ocr_line' id='line_1_12' title="bbox 109 1272 1715 1346; baseline -0.002 -14"><span class='ocrx_word' id='word_1_78' title='bbox 109 1275 392 1332; x_wconf 87' lang='lat' dir='ltr'><strong>credenda</strong></span> <span class='ocrx_word' id='word_1_79' title='bbox 415 1283 520 1331; x_wconf 90' lang='lat' dir='ltr'><strong>est.</strong></span> <span class='ocrx_word' id='word_1_80' title='bbox 555 1274 755 1330; x_wconf 79' lang='lat' dir='ltr'><strong>Verum</strong></span> <span class='ocrx_word' id='word_1_81' title='bbox 783 1275 909 1345; x_wconf 90' lang='lat' dir='ltr'><strong>quia</strong></span> <span class='ocrx_word' id='word_1_82' title='bbox 944 1274 1205 1346; x_wconf 86' lang='lat' dir='ltr'><strong>peccasti,</strong></span> <span class='ocrx_word' id='word_1_83' title='bbox 1238 1283 1293 1331; x_wconf 92' lang='lat' dir='ltr'><strong>et</strong></span> <span class='ocrx_word' id='word_1_84' title='bbox 1314 1274 1472 1346; x_wconf 91' lang='lat' dir='ltr'><strong>quasi</strong></span> <span class='ocrx_word' id='word_1_85' title='bbox 1493 1272 1715 1329; x_wconf 90' lang='lat' dir='ltr'><strong>vasculo</strong></span> 
     </span>
    </p>
   </div>
   <div class='ocr_carea' id='block_1_13' title="bbox 109 1365 1715 1442">
    <p class='ocr_par' dir='ltr' id='par_1_13' title="bbox 109 1365 1715 1442">
     <span class='ocr_line' id='line_1_13' title="bbox 109 1365 1715 1442; baseline -0.002 -18"><span class='ocrx_word' id='word_1_86' title='bbox 109 1385 257 1440; x_wconf 86' lang='lat' dir='ltr'><strong>aqua</strong></span> <span class='ocrx_word' id='word_1_87' title='bbox 289 1385 415 1440; x_wconf 66' lang='lat' dir='ltr'><strong>qua:</strong></span> <span class='ocrx_word' id='word_1_88' title='bbox 464 1369 710 1442; x_wconf 91' lang='lat' dir='ltr'><strong>quolibet</strong></span> <span class='ocrx_word' id='word_1_89' title='bbox 754 1385 863 1425; x_wconf 90' lang='lat' dir='ltr'><strong>non</strong></span> <span class='ocrx_word' id='word_1_90' title='bbox 911 1377 1150 1435; x_wconf 87' lang='lat' dir='ltr'><strong>tenetur,</strong></span> <span class='ocrx_word' id='word_1_91' title='bbox 1193 1369 1486 1425; x_wconf 82' lang='lat' dir='ltr'><strong>voluntatis</strong></span> <span class='ocrx_word' id='word_1_92' title='bbox 1513 1365 1715 1424; x_wconf 75' lang='lat' dir='ltr'><strong>eﬁ‘usus</strong></span> 
     </span>
    </p>
   </div>
   <div class='ocr_carea' id='block_1_14' title="bbox 107 1459 1712 1532">
    <p class='ocr_par' dir='ltr' id='par_1_14' title="bbox 107 1459 1712 1532">
     <span class='ocr_line' id='line_1_14' title="bbox 107 1459 1712 1532; baseline -0.002 -16"><span class='ocrx_word' id='word_1_93' title='bbox 107 1475 168 1517; x_wconf 90' lang='lat' dir='ltr'><strong>es</strong></span> <span class='ocrx_word' id='word_1_94' title='bbox 193 1462 431 1532; x_wconf 89' lang='lat' dir='ltr'><strong>impetu,</strong></span> <span class='ocrx_word' id='word_1_95' title='bbox 457 1461 663 1518; x_wconf 90' lang='lat' dir='ltr'><strong>idcirco</strong></span> <span class='ocrx_word' id='word_1_96' title='bbox 682 1459 941 1532; x_wconf 81' lang='lat' dir='ltr'><strong>praecipio</strong></span> <span class='ocrx_word' id='word_1_97' title='bbox 976 1459 1074 1517; x_wconf 86' lang='lat' dir='ltr'><strong>tibi</strong></span> <span class='ocrx_word' id='word_1_98' title='bbox 1104 1467 1165 1515; x_wconf 95' lang='lat' dir='ltr'><strong>ut</strong></span> <span class='ocrx_word' id='word_1_99' title='bbox 1193 1459 1335 1516; x_wconf 91' lang='lat' dir='ltr'><strong>ultra</strong></span> <span class='ocrx_word' id='word_1_100' title='bbox 1369 1475 1475 1515; x_wconf 94' lang='lat' dir='ltr'><strong>non</strong></span> <span class='ocrx_word' id='word_1_101' title='bbox 1495 1473 1712 1530; x_wconf 89' lang='lat' dir='ltr'><strong>pecces,</strong></span> 
     </span>
    </p>
   </div>
   <div class='ocr_carea' id='block_1_15' title="bbox 107 1553 1709 1626">
    <p class='ocr_par' dir='ltr' id='par_1_15' title="bbox 107 1553 1709 1626">
     <span class='ocr_line' id='line_1_15' title="bbox 107 1553 1709 1626; baseline -0.001 -17"><span class='ocrx_word' id='word_1_102' title='bbox 107 1555 298 1625; x_wconf 87' lang='lat' dir='ltr'><strong>sisque</strong></span> <span class='ocrx_word' id='word_1_103' title='bbox 336 1555 393 1610; x_wconf 94' lang='lat' dir='ltr'><strong>in</strong></span> <span class='ocrx_word' id='word_1_104' title='bbox 439 1553 673 1610; x_wconf 83' lang='lat' dir='ltr'><strong>fratrum</strong></span> <span class='ocrx_word' id='word_1_105' title='bbox 722 1569 952 1610; x_wconf 90' lang='lat' dir='ltr'><strong>numero</strong></span> <span class='ocrx_word' id='word_1_106' title='bbox 997 1568 1190 1625; x_wconf 70' lang='lat' dir='ltr'><strong>poenas</strong></span> <span class='ocrx_word' id='word_1_107' title='bbox 1234 1554 1446 1626; x_wconf 89' lang='lat' dir='ltr'><strong>peccati</strong></span> <span class='ocrx_word' id='word_1_108' title='bbox 1492 1553 1709 1624; x_wconf 83' lang='lat' dir='ltr'><strong>lugens,</strong></span> 
     </span>
    </p>
   </div>
   <div class='ocr_carea' id='block_1_16' title="bbox 103 1643 1712 1719">
    <p class='ocr_par' dir='ltr' id='par_1_16' title="bbox 103 1643 1712 1719">
     <span class='ocr_line' id='line_1_16' title="bbox 103 1643 1712 1719; baseline -0.002 -16"><span class='ocrx_word' id='word_1_109' title='bbox 103 1647 252 1718; x_wconf 87' lang='lat' dir='ltr'><strong>quod</strong></span> <span class='ocrx_word' id='word_1_110' title='bbox 321 1647 673 1719; x_wconf 89' lang='lat' dir='ltr'><strong>primogeniti</strong></span> <span class='ocrx_word' id='word_1_111' title='bbox 726 1647 972 1703; x_wconf 89' lang='lat' dir='ltr'><strong>ordinem</strong></span> <span class='ocrx_word' id='word_1_112' title='bbox 1016 1645 1318 1718; x_wconf 88' lang='lat' dir='ltr'><strong>perdidisti.</strong></span> <span class='ocrx_word' id='word_1_113' title='bbox 1379 1643 1712 1716; x_wconf 86' lang='lat' dir='ltr'><strong>Principium</strong></span> 
     </span>
    </p>
   </div>
   <div class='ocr_carea' id='block_1_17' title="bbox 105 1738 1713 1810">
    <p class='ocr_par' dir='ltr' id='par_1_17' title="bbox 105 1738 1713 1810">
     <span class='ocr_line' id='line_1_17' title="bbox 105 1738 1713 1810; baseline 0 -16"><span class='ocrx_word' id='word_1_114' title='bbox 105 1747 295 1796; x_wconf 86' lang='lat' dir='ltr'><strong>autem</strong></span> <span class='ocrx_word' id='word_1_115' title='bbox 332 1739 539 1795; x_wconf 90' lang='lat' dir='ltr'><strong>doloris</strong></span> <span class='ocrx_word' id='word_1_116' title='bbox 567 1747 653 1795; x_wconf 91' lang='lat' dir='ltr'><strong>est</strong></span> <span class='ocrx_word' id='word_1_117' title='bbox 690 1739 868 1797; x_wconf 90' lang='lat' dir='ltr'><strong>omnis</strong></span> <span class='ocrx_word' id='word_1_118' title='bbox 907 1738 1330 1809; x_wconf 90' lang='lat' dir='ltr'><strong>primogenitus;</strong></span> <span class='ocrx_word' id='word_1_119' title='bbox 1364 1738 1492 1810; x_wconf 89' lang='lat' dir='ltr'><strong>quia</strong></span> <span class='ocrx_word' id='word_1_120' title='bbox 1521 1753 1621 1810; x_wconf 89' lang='lat' dir='ltr'><strong>pro</strong></span> <span class='ocrx_word' id='word_1_121' title='bbox 1647 1753 1713 1794; x_wconf 88' lang='lat' dir='ltr'><strong>eo</strong></span> 
     </span>
    </p>
   </div>
   <div class='ocr_carea' id='block_1_18' title="bbox 103 1833 1370 1904">
    <p class='ocr_par' dir='ltr' id='par_1_18' title="bbox 103 1833 1370 1904">
     <span class='ocr_line' id='line_1_18' title="bbox 103 1833 1370 1904; baseline -0.002 -16"><span class='ocrx_word' id='word_1_122' title='bbox 103 1841 530 1889; x_wconf 86' lang='lat' dir='ltr'><strong>commoventur</strong></span> <span class='ocrx_word' id='word_1_123' title='bbox 560 1833 795 1902; x_wconf 90' lang='lat' dir='ltr'><strong>primum</strong></span> <span class='ocrx_word' id='word_1_124' title='bbox 825 1833 1036 1890; x_wconf 89' lang='lat' dir='ltr'><strong>viscera</strong></span> <span class='ocrx_word' id='word_1_125' title='bbox 1064 1841 1370 1904; x_wconf 92' lang='lat' dir='ltr'><strong>parentum.</strong></span> 
     </span>
    </p>
   </div>
   <div class='ocr_carea' id='block_1_19' title="bbox 1821 629 3400 708">
    <p class='ocr_par' dir='ltr' id='par_1_19' title="bbox 1821 629 3400 708">
     <span class='ocr_line' id='line_1_19' title="bbox 1821 629 3400 708; baseline 0.007 -21"><span class='ocrx_word' id='word_1_126' title='bbox 1821 629 2038 699; x_wconf 86' lang='lat' dir='ltr'><strong>Sorech,</strong></span> <span class='ocrx_word' id='word_1_127' title='bbox 2067 633 2120 688; x_wconf 93' lang='lat' dir='ltr'><strong>id</strong></span> <span class='ocrx_word' id='word_1_128' title='bbox 2142 641 2247 700; x_wconf 90' lang='lat' dir='ltr'><strong>est,</strong></span> <span class='ocrx_word' id='word_1_129' title='bbox 2269 632 2486 689; x_wconf 81' lang='lat' dir='ltr'><strong>electam</strong></span> <span class='ocrx_word' id='word_1_130' title='bbox 2512 636 2686 702; x_wconf 82' lang='lat' dir='ltr'><strong>vitem,</strong></span> <span class='ocrx_word' id='word_1_131' title='bbox 2724 636 3024 708; x_wconf 79' lang='lat' dir='ltr'><strong>alligaverit</strong></span> <span class='ocrx_word' id='word_1_132' title='bbox 3059 640 3268 696; x_wconf 85' lang='lat' dir='ltr'><strong>asinam</strong></span> <span class='ocrx_word' id='word_1_133' title='bbox 3311 644 3400 698; x_wconf 92' lang='lat' dir='ltr'><strong>cui</strong></span> 
     </span>
    </p>
   </div>
   <div class='ocr_carea' id='block_1_20' title="bbox 1820 725 3397 806">
    <p class='ocr_par' dir='ltr' id='par_1_20' title="bbox 1820 725 3397 806">
     <span class='ocr_line' id='line_1_20' title="bbox 1820 725 3397 806; baseline 0.007 -26"><span class='ocrx_word' id='word_1_134' title='bbox 1820 725 2142 794; x_wconf 87' lang='lat' dir='ltr'><strong>supersedit,</strong></span> <span class='ocrx_word' id='word_1_135' title='bbox 2193 725 2490 782; x_wconf 86' lang='lat' dir='ltr'><strong>Ecclesiam</strong></span> <span class='ocrx_word' id='word_1_136' title='bbox 2529 743 2598 784; x_wconf 85' lang='lat' dir='ltr'><strong>ex</strong></span> <span class='ocrx_word' id='word_1_137' title='bbox 2635 730 2948 788; x_wconf 86' lang='lat' dir='ltr'><strong>nationibus</strong></span> <span class='ocrx_word' id='word_1_138' title='bbox 2994 744 3397 806; x_wconf 89' lang='lat' dir='ltr'><strong>congregatam.</strong></span> 
     </span>
    </p>
   </div>
   <div class='ocr_carea' id='block_1_21' title="bbox 1819 815 3400 897">
    <p class='ocr_par' dir='ltr' id='par_1_21' title="bbox 1819 815 3400 897">
     <span class='ocr_line' id='line_1_21' title="bbox 1819 815 3400 897; baseline 0.007 -27"><span class='ocrx_word' id='word_1_139' title='bbox 1819 815 1973 883; x_wconf 83' lang='lat' dir='ltr'><strong>Quod</strong></span> <span class='ocrx_word' id='word_1_140' title='bbox 2001 825 2181 872; x_wconf 89' lang='lat' dir='ltr'><strong>autem</strong></span> <span class='ocrx_word' id='word_1_141' title='bbox 2221 816 2372 884; x_wconf 87' lang='lat' dir='ltr'><strong>dicit,</strong></span> <span class='ocrx_word' id='word_1_142' title='bbox 2414 817 2494 886; x_wconf 81' lang='lat' dir='ltr'><strong>ﬁli</strong></span> <span class='ocrx_word' id='word_1_143' title='bbox 2543 821 2636 886; x_wconf 85' lang='lat' dir='ltr'><strong>mi,</strong></span> <span class='ocrx_word' id='word_1_144' title='bbox 2672 823 3080 880; x_wconf 89' lang='lat' dir='ltr'><strong>conversionem</strong></span> <span class='ocrx_word' id='word_1_145' title='bbox 3125 825 3192 882; x_wconf 89' lang='lat' dir='ltr'><strong>ad</strong></span> <span class='ocrx_word' id='word_1_146' title='bbox 3223 826 3400 897; x_wconf 91' lang='lat' dir='ltr'><strong>ipsum</strong></span> 
     </span>
    </p>
   </div>
   <div class='ocr_carea' id='block_1_22' title="bbox 1818 908 3404 982">
    <p class='ocr_par' dir='ltr' id='par_1_22' title="bbox 1818 908 3404 982">
     <span class='ocr_line' id='line_1_22' title="bbox 1818 908 3404 982; baseline 0.008 -18"><span class='ocrx_word' id='word_1_147' title='bbox 1818 908 2012 965; x_wconf 90' lang='lat' dir='ltr'><strong>Iudam</strong></span> <span class='ocrx_word' id='word_1_148' title='bbox 2042 909 2196 976; x_wconf 82' lang='lat' dir='ltr'><strong>facit,</strong></span> <span class='ocrx_word' id='word_1_149' title='bbox 2238 913 2382 982; x_wconf 90' lang='lat' dir='ltr'><strong>quod</strong></span> <span class='ocrx_word' id='word_1_150' title='bbox 2408 912 2658 970; x_wconf 82' lang='lat' dir='ltr'><strong>Christus</strong></span> <span class='ocrx_word' id='word_1_151' title='bbox 2683 913 2798 970; x_wconf 66' lang='lat' dir='ltr'><strong>haec</strong></span> <span class='ocrx_word' id='word_1_152' title='bbox 2829 917 2902 972; x_wconf 91' lang='lat' dir='ltr'><strong>sit</strong></span> <span class='ocrx_word' id='word_1_153' title='bbox 2933 919 3183 974; x_wconf 87' lang='lat' dir='ltr'><strong>universa</strong></span> <span class='ocrx_word' id='word_1_154' title='bbox 3226 919 3404 976; x_wconf 79' lang='lat' dir='ltr'><strong>factu-</strong></span> 
     </span>
    </p>
   </div>
   <div class='ocr_carea' id='block_1_23' title="bbox 1819 1002 3402 1083">
    <p class='ocr_par' dir='ltr' id='par_1_23' title="bbox 1819 1002 3402 1083">
     <span class='ocr_line' id='line_1_23' title="bbox 1819 1002 3402 1083; baseline 0.008 -27"><span class='ocrx_word' id='word_1_155' title='bbox 1819 1017 1930 1058; x_wconf 92' lang='lat' dir='ltr'><strong>rus.</strong></span> <span class='ocrx_word' id='word_1_156' title='bbox 1962 1002 2118 1070; x_wconf 88' lang='lat' dir='ltr'><strong>Quod</strong></span> <span class='ocrx_word' id='word_1_157' title='bbox 2165 1011 2347 1059; x_wconf 87' lang='lat' dir='ltr'><strong>autem</strong></span> <span class='ocrx_word' id='word_1_158' title='bbox 2391 1005 2584 1061; x_wconf 72' lang='lat' dir='ltr'><strong>dicitur</strong></span> <span class='ocrx_word' id='word_1_159' title='bbox 2617 1025 2629 1060; x_wconf 91' lang='lat'><strong>:</strong></span> <span class='ocrx_word' id='word_1_160' title='bbox 2666 1006 2790 1062; x_wconf 87' lang='lat' dir='ltr'><strong>Non</strong></span> <span class='ocrx_word' id='word_1_161' title='bbox 2833 1010 3103 1081; x_wconf 78' lang='lat' dir='ltr'><strong>auferetur</strong></span> <span class='ocrx_word' id='word_1_162' title='bbox 3137 1021 3402 1083; x_wconf 88' lang='lat' dir='ltr'><strong>sceptrum</strong></span> 
     </span>
    </p>
   </div>
   <div class='ocr_carea' id='block_1_24' title="bbox 1780 1091 3405 1172">
    <p class='ocr_par' dir='ltr' id='par_1_24' title="bbox 1780 1091 3405 1172">
     <span class='ocr_line' id='line_1_24' title="bbox 1780 1091 3405 1172; baseline 0.01 -27"><span class='ocrx_word' id='word_1_163' title='bbox 1780 1167 1785 1172; x_wconf 12' lang='grc' dir='ltr'><strong>ἡ</strong></span> <span class='ocrx_word' id='word_1_164' title='bbox 1817 1092 1882 1147; x_wconf 88' lang='lat' dir='ltr'><strong>de</strong></span> <span class='ocrx_word' id='word_1_165' title='bbox 1915 1091 2084 1160; x_wconf 91' lang='lat' dir='ltr'><strong>Iuda,</strong></span> <span class='ocrx_word' id='word_1_166' title='bbox 2104 1103 2153 1149; x_wconf 89' lang='lat' dir='ltr'><strong>et</strong></span> <span class='ocrx_word' id='word_1_167' title='bbox 2193 1094 2304 1150; x_wconf 75' lang='lat' dir='ltr'><strong>dua:</strong></span> <span class='ocrx_word' id='word_1_168' title='bbox 2328 1096 2392 1150; x_wconf 89' lang='lat' dir='ltr'><strong>de</strong></span> <span class='ocrx_word' id='word_1_169' title='bbox 2427 1095 2721 1155; x_wconf 87' lang='lat' dir='ltr'><strong>femoribus</strong></span> <span class='ocrx_word' id='word_1_170' title='bbox 2747 1101 2882 1171; x_wconf 83' lang='lat' dir='ltr'><strong>ejus,</strong></span> <span class='ocrx_word' id='word_1_171' title='bbox 2923 1103 3086 1158; x_wconf 88' lang='lat' dir='ltr'><strong>donec</strong></span> <span class='ocrx_word' id='word_1_172' title='bbox 3109 1106 3281 1160; x_wconf 82' lang='lat' dir='ltr'><strong>ueniat</strong></span> <span class='ocrx_word' id='word_1_173' title='bbox 3313 1104 3405 1161; x_wconf 89' lang='lat' dir='ltr'><strong>ille</strong></span> 
     </span>
    </p>
   </div>
   <div class='ocr_carea' id='block_1_25' title="bbox 1818 1184 3404 1268">
    <p class='ocr_par' dir='ltr' id='par_1_25' title="bbox 1818 1184 3404 1268">
     <span class='ocr_line' id='line_1_25' title="bbox 1818 1184 3404 1268; baseline 0.01 -31"><span class='ocrx_word' id='word_1_174' title='bbox 1818 1184 1907 1254; x_wconf 85' lang='lat' dir='ltr'><strong>qui</strong></span> <span class='ocrx_word' id='word_1_175' title='bbox 1945 1185 2230 1241; x_wconf 89' lang='lat' dir='ltr'><strong>mittendus</strong></span> <span class='ocrx_word' id='word_1_176' title='bbox 2263 1196 2356 1251; x_wconf 89' lang='lat' dir='ltr'><strong>est,</strong></span> <span class='ocrx_word' id='word_1_177' title='bbox 2411 1197 2458 1242; x_wconf 92' lang='lat' dir='ltr'><strong>et</strong></span> <span class='ocrx_word' id='word_1_178' title='bbox 2489 1205 2598 1258; x_wconf 77' lang='lat' dir='ltr'><strong>ipse</strong></span> <span class='ocrx_word' id='word_1_179' title='bbox 2637 1193 2735 1246; x_wconf 89' lang='lat' dir='ltr'><strong>erit</strong></span> <span class='ocrx_word' id='word_1_180' title='bbox 2784 1195 3098 1264; x_wconf 74' lang='lat' dir='ltr'><strong>exspectatio</strong></span> <span class='ocrx_word' id='word_1_181' title='bbox 3128 1198 3404 1268; x_wconf 87' lang='lat' dir='ltr'><strong>gentium;</strong></span> 
     </span>
    </p>
   </div>
   <div class='ocr_carea' id='block_1_26' title="bbox 1817 1274 3405 1356">
    <p class='ocr_par' dir='ltr' id='par_1_26' title="bbox 1817 1274 3405 1356">
     <span class='ocr_line' id='line_1_26' title="bbox 1817 1274 3405 1356; baseline 0.011 -28"><span class='ocrx_word' id='word_1_182' title='bbox 1817 1274 2089 1347; x_wconf 90' lang='lat' dir='ltr'><strong>signiﬁcat</strong></span> <span class='ocrx_word' id='word_1_183' title='bbox 2117 1277 2262 1348; x_wconf 91' lang='lat' dir='ltr'><strong>quod</strong></span> <span class='ocrx_word' id='word_1_184' title='bbox 2310 1293 2418 1334; x_wconf 93' lang='lat' dir='ltr'><strong>non</strong></span> <span class='ocrx_word' id='word_1_185' title='bbox 2471 1279 2766 1338; x_wconf 88' lang='lat' dir='ltr'><strong>deﬁcerent</strong></span> <span class='ocrx_word' id='word_1_186' title='bbox 2813 1285 3087 1356; x_wconf 88' lang='lat' dir='ltr'><strong>principes</strong></span> <span class='ocrx_word' id='word_1_187' title='bbox 3133 1289 3202 1343; x_wconf 89' lang='lat' dir='ltr'><strong>de</strong></span> <span class='ocrx_word' id='word_1_188' title='bbox 3257 1289 3405 1345; x_wconf 89' lang='lat' dir='ltr'><strong>tribu</strong></span> 
     </span>
    </p>
   </div>
   <div class='ocr_carea' id='block_1_27' title="bbox 1817 1363 3404 1450">
    <p class='ocr_par' dir='ltr' id='par_1_27' title="bbox 1817 1363 3404 1450">
     <span class='ocr_line' id='line_1_27' title="bbox 1817 1363 3404 1450; baseline 0.009 -30"><span class='ocrx_word' id='word_1_189' title='bbox 1817 1363 1952 1422; x_wconf 89' lang='lat' dir='ltr'><strong>Iuda</strong></span> <span class='ocrx_word' id='word_1_190' title='bbox 1973 1383 2146 1438; x_wconf 88' lang='lat' dir='ltr'><strong>usque</strong></span> <span class='ocrx_word' id='word_1_191' title='bbox 2176 1368 2244 1423; x_wconf 92' lang='lat' dir='ltr'><strong>ad</strong></span> <span class='ocrx_word' id='word_1_192' title='bbox 2274 1376 2485 1440; x_wconf 87' lang='lat' dir='ltr'><strong>tempus</strong></span> <span class='ocrx_word' id='word_1_193' title='bbox 2522 1387 2632 1442; x_wconf 92' lang='lat' dir='ltr'><strong>quo</strong></span> <span class='ocrx_word' id='word_1_194' title='bbox 2678 1381 2840 1430; x_wconf 88' lang='lat' dir='ltr'><strong>natus</strong></span> <span class='ocrx_word' id='word_1_195' title='bbox 2883 1383 2965 1431; x_wconf 89' lang='lat' dir='ltr'><strong>est</strong></span> <span class='ocrx_word' id='word_1_196' title='bbox 2995 1374 3265 1444; x_wconf 89' lang='lat' dir='ltr'><strong>Christus,</strong></span> <span class='ocrx_word' id='word_1_197' title='bbox 3310 1379 3404 1450; x_wconf 89' lang='lat' dir='ltr'><strong>qui</strong></span> 
     </span>
    </p>
   </div>
   <div class='ocr_carea' id='block_1_28' title="bbox 1818 1458 3022 1536">
    <p class='ocr_par' dir='ltr' id='par_1_28' title="bbox 1818 1458 3022 1536">
     <span class='ocr_line' id='line_1_28' title="bbox 1818 1458 3022 1536; baseline 0.007 -24"><span class='ocrx_word' id='word_1_198' title='bbox 1818 1458 2016 1515; x_wconf 87' lang='lat' dir='ltr'><strong>missus</strong></span> <span class='ocrx_word' id='word_1_199' title='bbox 2046 1474 2075 1513; x_wconf 90' lang='lat' dir='ltr'><strong>a</strong></span> <span class='ocrx_word' id='word_1_200' title='bbox 2101 1458 2266 1515; x_wconf 86' lang='lat' dir='ltr'><strong>Patre</strong></span> <span class='ocrx_word' id='word_1_201' title='bbox 2290 1463 2624 1533; x_wconf 79' lang='lat' dir='ltr'><strong>exspectatio</strong></span> <span class='ocrx_word' id='word_1_202' title='bbox 2653 1474 2738 1520; x_wconf 93' lang='lat' dir='ltr'><strong>est</strong></span> <span class='ocrx_word' id='word_1_203' title='bbox 2759 1467 3022 1536; x_wconf 89' lang='lat' dir='ltr'><strong>gentium.</strong></span> 
     </span>
    </p>
   </div>
   <div class='ocr_carea' id='block_1_29' title="bbox 1889 1548 3404 1627">
    <p class='ocr_par' dir='ltr' id='par_1_29' title="bbox 1889 1548 3404 1627">
     <span class='ocr_line' id='line_1_29' title="bbox 1889 1548 3404 1627; baseline 0.01 -25"><span class='ocrx_word' id='word_1_204' title='bbox 1889 1548 2056 1604; x_wconf 73' lang='lat' dir='ltr'><strong>Vens.</strong></span> <span class='ocrx_word' id='word_1_205' title='bbox 2089 1549 2176 1615; x_wconf 74' lang='grc' dir='ltr'><strong>Η,</strong></span> <span class='ocrx_word' id='word_1_206' title='bbox 2202 1549 2291 1605; x_wconf 80' lang='grc'><strong>15.</strong></span> <span class='ocrx_word' id='word_1_207' title='bbox 2319 1582 2387 1591; x_wconf 90' lang='grc'><strong><em>-</em></strong></span> <span class='ocrx_word' id='word_1_208' title='bbox 2416 1551 2659 1620; x_wconf 79' lang='lat' dir='ltr'><strong>Isacltar,</strong></span> <span class='ocrx_word' id='word_1_209' title='bbox 2705 1557 2886 1612; x_wconf 78' lang='lat' dir='ltr'><strong>asinus</strong></span> <span class='ocrx_word' id='word_1_210' title='bbox 2935 1558 3110 1627; x_wconf 86' lang='lat' dir='ltr'><strong>fortis,</strong></span> <span class='ocrx_word' id='word_1_211' title='bbox 3140 1562 3404 1617; x_wconf 80' lang='lat' dir='ltr'><strong>accubans</strong></span> 
     </span>
    </p>
   </div>
   <div class='ocr_carea' id='block_1_30' title="bbox 1816 1641 3406 1719">
    <p class='ocr_par' dir='ltr' id='par_1_30' title="bbox 1816 1641 3406 1719">
     <span class='ocr_line' id='line_1_30' title="bbox 1816 1641 3406 1719; baseline 0.008 -24"><span class='ocrx_word' id='word_1_212' title='bbox 1816 1641 1952 1696; x_wconf 89' lang='lat' dir='ltr'><strong>inter</strong></span> <span class='ocrx_word' id='word_1_213' title='bbox 1981 1644 2248 1699; x_wconf 84' lang='lat' dir='ltr'><strong>terminos.</strong></span> <span class='ocrx_word' id='word_1_214' title='bbox 2287 1643 2432 1700; x_wconf 84' lang='lat' dir='ltr'><strong>Vidit</strong></span> <span class='ocrx_word' id='word_1_215' title='bbox 2455 1647 2681 1717; x_wconf 82' lang='lat' dir='ltr'><strong>requiem</strong></span> <span class='ocrx_word' id='word_1_216' title='bbox 2707 1649 2848 1719; x_wconf 86' lang='lat' dir='ltr'><strong>quod</strong></span> <span class='ocrx_word' id='word_1_217' title='bbox 2869 1659 2999 1705; x_wconf 83' lang='lat' dir='ltr'><strong>esset</strong></span> <span class='ocrx_word' id='word_1_218' title='bbox 3027 1652 3185 1719; x_wconf 90' lang='lat' dir='ltr'><strong>bona,</strong></span> <span class='ocrx_word' id='word_1_219' title='bbox 3213 1662 3263 1707; x_wconf 88' lang='lat' dir='ltr'><strong>et</strong></span> <span class='ocrx_word' id='word_1_220' title='bbox 3295 1663 3406 1708; x_wconf 89' lang='lat' dir='ltr'><strong>ter-</strong></span> 
     </span>
    </p>
   </div>
   <div class='ocr_carea' id='block_1_31' title="bbox 1819 1735 3405 1810">
    <p class='ocr_par' dir='ltr' id='par_1_31' title="bbox 1819 1735 3405 1810">
     <span class='ocr_line' id='line_1_31' title="bbox 1819 1735 3405 1810; baseline 0.008 -23"><span class='ocrx_word' id='word_1_221' title='bbox 1819 1750 1932 1788; x_wconf 88' lang='lat' dir='ltr'><strong>ram</strong></span> <span class='ocrx_word' id='word_1_222' title='bbox 1977 1735 2117 1806; x_wconf 86' lang='lat' dir='ltr'><strong>quod</strong></span> <span class='ocrx_word' id='word_1_223' title='bbox 2157 1737 2374 1806; x_wconf 89' lang='lat' dir='ltr'><strong>optima,</strong></span> <span class='ocrx_word' id='word_1_224' title='bbox 2415 1747 2463 1792; x_wconf 89' lang='lat' dir='ltr'><strong>et</strong></span> <span class='ocrx_word' id='word_1_225' title='bbox 2507 1741 2777 1810; x_wconf 83' lang='lat' dir='ltr'><strong>supposuit</strong></span> <span class='ocrx_word' id='word_1_226' title='bbox 2816 1741 3091 1797; x_wconf 83' lang='lat' dir='ltr'><strong>humerum</strong></span> <span class='ocrx_word' id='word_1_227' title='bbox 3129 1760 3284 1799; x_wconf 90' lang='lat' dir='ltr'><strong>suum</strong></span> <span class='ocrx_word' id='word_1_228' title='bbox 3334 1745 3405 1800; x_wconf 84' lang='lat' dir='ltr'><strong>ad</strong></span> 
     </span>
    </p>
   </div>
   <div class='ocr_carea' id='block_1_32' title="bbox 1817 1826 3407 1903">
    <p class='ocr_par' dir='ltr' id='par_1_32' title="bbox 1817 1826 3407 1903">
     <span class='ocr_line' id='line_1_32' title="bbox 1817 1826 3407 1903; baseline 0.009 -24"><span class='ocrx_word' id='word_1_229' title='bbox 1817 1826 2156 1894; x_wconf 90' lang='lat' dir='ltr'><strong>portandum,</strong></span> <span class='ocrx_word' id='word_1_230' title='bbox 2199 1828 2472 1902; x_wconf 87' lang='lat' dir='ltr'><strong>factusque</strong></span> <span class='ocrx_word' id='word_1_231' title='bbox 2513 1838 2589 1885; x_wconf 91' lang='lat' dir='ltr'><strong>est</strong></span> <span class='ocrx_word' id='word_1_232' title='bbox 2630 1832 2839 1887; x_wconf 84' lang='lat' dir='ltr'><strong>tributis</strong></span> <span class='ocrx_word' id='word_1_233' title='bbox 2879 1835 3129 1890; x_wconf 87' lang='lat' dir='ltr'><strong>serviens.</strong></span> <span class='ocrx_word' id='word_1_234' title='bbox 3158 1835 3296 1903; x_wconf 86' lang='lat' dir='ltr'><strong>Quia</strong></span> <span class='ocrx_word' id='word_1_235' title='bbox 3337 1837 3407 1893; x_wconf 90' lang='lat' dir='ltr'><strong>de</strong></span> 
     </span>
    </p>
   </div>
   <div class='ocr_carea' id='block_1_33' title="bbox 173 1914 3403 1998">
    <p class='ocr_par' dir='ltr' id='par_1_33' title="bbox 173 1914 3403 1998">
     <span class='ocr_line' id='line_1_33' title="bbox 173 1914 3403 1998; baseline 0.002 -22"><span class='ocrx_word' id='word_1_236' title='bbox 173 1925 353 1980; x_wconf 71' lang='lat' dir='ltr'><strong>Vens.</strong></span> <span class='ocrx_word' id='word_1_237' title='bbox 379 1924 490 1980; x_wconf 84' lang='lat'><strong>5-7.</strong></span> <span class='ocrx_word' id='word_1_238' title='bbox 520 1954 592 1964; x_wconf 97' lang='lat'><strong>—</strong></span> <span class='ocrx_word' id='word_1_239' title='bbox 638 1922 853 1979; x_wconf 87' lang='lat' dir='ltr'><strong>Simeon</strong></span> <span class='ocrx_word' id='word_1_240' title='bbox 903 1934 952 1978; x_wconf 91' lang='lat' dir='ltr'><strong>et</strong></span> <span class='ocrx_word' id='word_1_241' title='bbox 1006 1923 1130 1978; x_wconf 84' lang='lat' dir='ltr'><strong>Levi</strong></span> <span class='ocrx_word' id='word_1_242' title='bbox 1178 1923 1393 1993; x_wconf 76' lang='lat' dir='ltr'><strong>fratres,</strong></span> <span class='ocrx_word' id='word_1_243' title='bbox 1445 1940 1570 1978; x_wconf 83' lang='lat' dir='ltr'><strong>uasa</strong></span> <span class='ocrx_word' id='word_1_244' title='bbox 1609 1922 1712 1977; x_wconf 90' lang='lat' dir='ltr'><strong>ini-</strong></span> <span class='ocrx_word' id='word_1_245' title='bbox 1740 1914 1788 1974; x_wconf 84' lang='grc' dir='ltr'><strong>Β</strong></span> <span class='ocrx_word' id='word_1_246' title='bbox 1815 1918 2059 1974; x_wconf 86' lang='lat' dir='ltr'><strong>Zabulon</strong></span> <span class='ocrx_word' id='word_1_247' title='bbox 2089 1919 2300 1976; x_wconf 83' lang='lat' dir='ltr'><strong>dixerat</strong></span> <span class='ocrx_word' id='word_1_248' title='bbox 2321 1922 2465 1992; x_wconf 89' lang='lat' dir='ltr'><strong>quod</strong></span> <span class='ocrx_word' id='word_1_249' title='bbox 2493 1922 2660 1978; x_wconf 90' lang='lat' dir='ltr'><strong>maris</strong></span> <span class='ocrx_word' id='word_1_250' title='bbox 2687 1922 2863 1996; x_wconf 87' lang='lat' dir='ltr'><strong>Magni</strong></span> <span class='ocrx_word' id='word_1_251' title='bbox 2894 1924 3080 1981; x_wconf 86' lang='lat' dir='ltr'><strong>littora</strong></span> <span class='ocrx_word' id='word_1_252' title='bbox 3108 1935 3255 1982; x_wconf 89' lang='lat' dir='ltr'><strong>esset</strong></span> <span class='ocrx_word' id='word_1_253' title='bbox 3277 1943 3403 1998; x_wconf 91' lang='lat' dir='ltr'><strong>pos-</strong></span> 
     </span>
    </p>
   </div>
   <div class='ocr_carea' id='block_1_34' title="bbox 102 2009 1706 2089">
    <p class='ocr_par' dir='ltr' id='par_1_34' title="bbox 102 2009 1706 2089">
     <span class='ocr_line' id='line_1_34' title="bbox 102 2009 1706 2089; baseline -0.003 -16"><span class='ocrx_word' id='word_1_254' title='bbox 102 2009 328 2089; x_wconf 78' lang='lat' dir='ltr'><strong>qisitatis</strong></span> <span class='ocrx_word' id='word_1_255' title='bbox 387 2015 641 2071; x_wconf 84' lang='lat' dir='ltr'><strong>bellantia</strong></span> <span class='ocrx_word' id='word_1_256' title='bbox 673 2032 692 2070; x_wconf 91' lang='lat'><strong><em>:</em></strong></span> <span class='ocrx_word' id='word_1_257' title='bbox 724 2016 780 2070; x_wconf 91' lang='lat' dir='ltr'><strong>in</strong></span> <span class='ocrx_word' id='word_1_258' title='bbox 818 2015 1096 2070; x_wconf 81' lang='lat' dir='ltr'><strong>consilium</strong></span> <span class='ocrx_word' id='word_1_259' title='bbox 1142 2031 1324 2070; x_wconf 90' lang='lat' dir='ltr'><strong>eorum</strong></span> <span class='ocrx_word' id='word_1_260' title='bbox 1382 2030 1482 2068; x_wconf 87' lang='lat' dir='ltr'><strong>non</strong></span> <span class='ocrx_word' id='word_1_261' title='bbox 1531 2014 1706 2068; x_wconf 86' lang='lat' dir='ltr'><strong>veniat</strong></span> 
     </span>
    </p>
   </div>
   <div class='ocr_carea' id='block_1_35' title="bbox 103 2104 1710 2175">
    <p class='ocr_par' dir='ltr' id='par_1_35' title="bbox 103 2104 1710 2175">
     <span class='ocr_line' id='line_1_35' title="bbox 103 2104 1710 2175; baseline -0.002 -12"><span class='ocrx_word' id='word_1_262' title='bbox 103 2110 284 2163; x_wconf 86' lang='lat' dir='ltr'><strong>anima</strong></span> <span class='ocrx_word' id='word_1_263' title='bbox 314 2124 460 2174; x_wconf 83' lang='lat' dir='ltr'><strong>mea,</strong></span> <span class='ocrx_word' id='word_1_264' title='bbox 489 2116 537 2162; x_wconf 88' lang='lat' dir='ltr'><strong>et</strong></span> <span class='ocrx_word' id='word_1_265' title='bbox 574 2107 632 2160; x_wconf 87' lang='lat' dir='ltr'><strong>in</strong></span> <span class='ocrx_word' id='word_1_266' title='bbox 675 2115 806 2161; x_wconf 77' lang='lat' dir='ltr'><strong>coetu</strong></span> <span class='ocrx_word' id='word_1_267' title='bbox 833 2105 1048 2160; x_wconf 89' lang='lat' dir='ltr'><strong>illorum</strong></span> <span class='ocrx_word' id='word_1_268' title='bbox 1096 2121 1202 2160; x_wconf 89' lang='lat' dir='ltr'><strong>non</strong></span> <span class='ocrx_word' id='word_1_269' title='bbox 1229 2105 1296 2159; x_wconf 87' lang='lat' dir='ltr'><strong>sit</strong></span> <span class='ocrx_word' id='word_1_270' title='bbox 1343 2104 1512 2175; x_wconf 88' lang='lat' dir='ltr'><strong>gloria</strong></span> <span class='ocrx_word' id='word_1_271' title='bbox 1559 2121 1710 2171; x_wconf 89' lang='lat' dir='ltr'><strong>mea;</strong></span> 
     </span>
    </p>
   </div>
   <div class='ocr_carea' id='block_1_36' title="bbox 101 2196 1710 2271">
    <p class='ocr_par' dir='ltr' id='par_1_36' title="bbox 101 2196 1710 2271">
     <span class='ocr_line' id='line_1_36' title="bbox 101 2196 1710 2271; baseline -0.002 -17"><span class='ocrx_word' id='word_1_272' title='bbox 101 2203 223 2271; x_wconf 85' lang='lat' dir='ltr'><strong>quia</strong></span> <span class='ocrx_word' id='word_1_273' title='bbox 274 2201 342 2255; x_wconf 83' lang='lat' dir='ltr'><strong>in</strong></span> <span class='ocrx_word' id='word_1_274' title='bbox 372 2200 554 2270; x_wconf 85' lang='lat' dir='ltr'><strong>furore</strong></span> <span class='ocrx_word' id='word_1_275' title='bbox 601 2215 699 2253; x_wconf 88' lang='lat' dir='ltr'><strong>suo</strong></span> <span class='ocrx_word' id='word_1_276' title='bbox 759 2197 1062 2252; x_wconf 88' lang='lat' dir='ltr'><strong>occiderunt</strong></span> <span class='ocrx_word' id='word_1_277' title='bbox 1102 2198 1274 2252; x_wconf 82' lang='lat' dir='ltr'><strong>virum</strong></span> <span class='ocrx_word' id='word_1_278' title='bbox 1298 2237 1313 2262; x_wconf 95' lang='lat'><strong>,</strong></span> <span class='ocrx_word' id='word_1_279' title='bbox 1347 2206 1396 2252; x_wconf 92' lang='lat' dir='ltr'><strong>et</strong></span> <span class='ocrx_word' id='word_1_280' title='bbox 1430 2197 1486 2251; x_wconf 89' lang='lat' dir='ltr'><strong>in</strong></span> <span class='ocrx_word' id='word_1_281' title='bbox 1523 2196 1710 2251; x_wconf 85' lang='lat' dir='ltr'><strong>volun-</strong></span> 
     </span>
    </p>
   </div>
   <div class='ocr_carea' id='block_1_37' title="bbox 105 2289 1708 2362">
    <p class='ocr_par' dir='ltr' id='par_1_37' title="bbox 105 2289 1708 2362">
     <span class='ocr_line' id='line_1_37' title="bbox 105 2289 1708 2362; baseline -0.001 -15"><span class='ocrx_word' id='word_1_282' title='bbox 105 2303 209 2347; x_wconf 85' lang='lat' dir='ltr'><strong>tate</strong></span> <span class='ocrx_word' id='word_1_283' title='bbox 257 2309 370 2347; x_wconf 84' lang='lat' dir='ltr'><strong>sua</strong></span> <span class='ocrx_word' id='word_1_284' title='bbox 423 2291 754 2362; x_wconf 76' lang='lat' dir='ltr'><strong>suffoderunt</strong></span> <span class='ocrx_word' id='word_1_285' title='bbox 804 2306 1037 2345; x_wconf 91' lang='lat' dir='ltr'><strong>murum.</strong></span> <span class='ocrx_word' id='word_1_286' title='bbox 1070 2289 1388 2345; x_wconf 78' lang='lat' dir='ltr'><strong>Maledictus</strong></span> <span class='ocrx_word' id='word_1_287' title='bbox 1437 2290 1590 2360; x_wconf 88' lang='lat' dir='ltr'><strong>furor</strong></span> <span class='ocrx_word' id='word_1_288' title='bbox 1619 2307 1708 2346; x_wconf 91' lang='lat' dir='ltr'><strong>eo-</strong></span> 
     </span>
    </p>
   </div>
   <div class='ocr_carea' id='block_1_38' title="bbox 107 2380 1706 2456">
    <p class='ocr_par' dir='ltr' id='par_1_38' title="bbox 107 2380 1706 2456">
     <span class='ocr_line' id='line_1_38' title="bbox 107 2380 1706 2456; baseline 0 -20"><span class='ocrx_word' id='word_1_289' title='bbox 107 2401 238 2448; x_wconf 87' lang='lat' dir='ltr'><strong>rum,</strong></span> <span class='ocrx_word' id='word_1_290' title='bbox 271 2383 408 2456; x_wconf 83' lang='lat' dir='ltr'><strong>quia</strong></span> <span class='ocrx_word' id='word_1_291' title='bbox 439 2383 718 2453; x_wconf 76' lang='lat' dir='ltr'><strong>pertinax;</strong></span> <span class='ocrx_word' id='word_1_292' title='bbox 742 2390 790 2436; x_wconf 89' lang='lat' dir='ltr'><strong>et</strong></span> <span class='ocrx_word' id='word_1_293' title='bbox 813 2381 1108 2453; x_wconf 86' lang='lat' dir='ltr'><strong>indignatio</strong></span> <span class='ocrx_word' id='word_1_294' title='bbox 1135 2380 1369 2449; x_wconf 90' lang='lat' dir='ltr'><strong>illorum,</strong></span> <span class='ocrx_word' id='word_1_295' title='bbox 1401 2382 1529 2453; x_wconf 88' lang='lat' dir='ltr'><strong>quia</strong></span> <span class='ocrx_word' id='word_1_296' title='bbox 1548 2382 1706 2438; x_wconf 88' lang='lat' dir='ltr'><strong>dura.</strong></span> 
     </span>
    </p>
   </div>
   <div class='ocr_carea' id='block_1_39' title="bbox 109 2471 1706 2544">
    <p class='ocr_par' dir='ltr' id='par_1_39' title="bbox 109 2471 1706 2544">
     <span class='ocr_line' id='line_1_39' title="bbox 109 2471 1706 2544; baseline -0.001 -16"><span class='ocrx_word' id='word_1_297' title='bbox 109 2474 366 2529; x_wconf 76' lang='lat' dir='ltr'><strong>Dividam</strong></span> <span class='ocrx_word' id='word_1_298' title='bbox 394 2491 482 2528; x_wconf 89' lang='lat' dir='ltr'><strong>eos</strong></span> <span class='ocrx_word' id='word_1_299' title='bbox 519 2474 577 2528; x_wconf 89' lang='lat' dir='ltr'><strong>in</strong></span> <span class='ocrx_word' id='word_1_300' title='bbox 604 2471 794 2540; x_wconf 89' lang='lat' dir='ltr'><strong>Iacob,</strong></span> <span class='ocrx_word' id='word_1_301' title='bbox 825 2481 875 2527; x_wconf 90' lang='lat' dir='ltr'><strong>et</strong></span> <span class='ocrx_word' id='word_1_302' title='bbox 925 2472 1222 2544; x_wconf 87' lang='lat' dir='ltr'><strong>dispergam</strong></span> <span class='ocrx_word' id='word_1_303' title='bbox 1253 2471 1372 2528; x_wconf 88' lang='lat' dir='ltr'><strong>illos</strong></span> <span class='ocrx_word' id='word_1_304' title='bbox 1415 2474 1472 2528; x_wconf 91' lang='lat' dir='ltr'><strong>in</strong></span> <span class='ocrx_word' id='word_1_305' title='bbox 1513 2471 1706 2528; x_wconf 84' lang='lat' dir='ltr'><strong>Israel.</strong></span> 
     </span>
    </p>
   </div>
   <div class='ocr_carea' id='block_1_40' title="bbox 105 2564 1702 2640">
    <p class='ocr_par' dir='ltr' id='par_1_40' title="bbox 105 2564 1702 2640">
     <span class='ocr_line' id='line_1_40' title="bbox 105 2564 1702 2640; baseline -0.002 -17"><span class='ocrx_word' id='word_1_306' title='bbox 105 2567 398 2640; x_wconf 87' lang='lat' dir='ltr'><strong>Signiﬁcat</strong></span> <span class='ocrx_word' id='word_1_307' title='bbox 426 2574 610 2621; x_wconf 90' lang='lat' dir='ltr'><strong>autem</strong></span> <span class='ocrx_word' id='word_1_308' title='bbox 657 2582 764 2622; x_wconf 90' lang='lat' dir='ltr'><strong>non</strong></span> <span class='ocrx_word' id='word_1_309' title='bbox 823 2565 906 2621; x_wconf 91' lang='lat' dir='ltr'><strong>sui</strong></span> <span class='ocrx_word' id='word_1_310' title='bbox 955 2564 1124 2621; x_wconf 83' lang='lat' dir='ltr'><strong>fuisse</strong></span> <span class='ocrx_word' id='word_1_311' title='bbox 1174 2565 1390 2621; x_wconf 90' lang='lat' dir='ltr'><strong>consilii</strong></span> <span class='ocrx_word' id='word_1_312' title='bbox 1429 2565 1574 2636; x_wconf 91' lang='lat' dir='ltr'><strong>quod</strong></span> <span class='ocrx_word' id='word_1_313' title='bbox 1613 2564 1702 2620; x_wconf 91' lang='lat' dir='ltr'><strong>Si-</strong></span> 
     </span>
    </p>
   </div>
   <div class='ocr_carea' id='block_1_41' title="bbox 107 2657 1708 2726">
    <p class='ocr_par' dir='ltr' id='par_1_41' title="bbox 107 2657 1708 2726">
     <span class='ocr_line' id='line_1_41' title="bbox 107 2657 1708 2726; baseline -0.002 -10"><span class='ocrx_word' id='word_1_314' title='bbox 107 2660 264 2718; x_wconf 79' lang='lat' dir='ltr'><strong>éhem</strong></span> <span class='ocrx_word' id='word_1_315' title='bbox 294 2668 361 2716; x_wconf 88' lang='lat' dir='ltr'><strong>et</strong></span> <span class='ocrx_word' id='word_1_316' title='bbox 387 2659 609 2726; x_wconf 81' lang='lat' dir='ltr'><strong>Hemor,</strong></span> <span class='ocrx_word' id='word_1_317' title='bbox 650 2657 947 2715; x_wconf 73' lang='lat' dir='ltr'><strong>ftederatos</strong></span> <span class='ocrx_word' id='word_1_318' title='bbox 974 2658 1144 2725; x_wconf 90' lang='lat' dir='ltr'><strong>viros,</strong></span> <span class='ocrx_word' id='word_1_319' title='bbox 1183 2657 1559 2714; x_wconf 87' lang='lat' dir='ltr'><strong>interfecerint</strong></span> <span class='ocrx_word' id='word_1_320' title='bbox 1579 2673 1708 2713; x_wconf 92' lang='lat' dir='ltr'><strong>con-</strong></span> 
     </span>
    </p>
   </div>
   <div class='ocr_carea' id='block_1_42' title="bbox 108 2750 1709 2825">
    <p class='ocr_par' dir='ltr' id='par_1_42' title="bbox 108 2750 1709 2825">
     <span class='ocr_line' id='line_1_42' title="bbox 108 2750 1709 2825; baseline -0.002 -18"><span class='ocrx_word' id='word_1_321' title='bbox 108 2762 188 2808; x_wconf 90' lang='lat' dir='ltr'><strong>tra</strong></span> <span class='ocrx_word' id='word_1_322' title='bbox 222 2753 321 2825; x_wconf 83' lang='lat' dir='ltr'><strong>jus</strong></span> <span class='ocrx_word' id='word_1_323' title='bbox 371 2754 543 2824; x_wconf 89' lang='lat' dir='ltr'><strong>pacis,</strong></span> <span class='ocrx_word' id='word_1_324' title='bbox 587 2760 643 2808; x_wconf 91' lang='lat' dir='ltr'><strong>et</strong></span> <span class='ocrx_word' id='word_1_325' title='bbox 687 2750 1057 2807; x_wconf 88' lang='lat' dir='ltr'><strong>amicitiarum</strong></span> <span class='ocrx_word' id='word_1_326' title='bbox 1105 2759 1348 2820; x_wconf 88' lang='lat' dir='ltr'><strong>tempore</strong></span> <span class='ocrx_word' id='word_1_327' title='bbox 1387 2750 1709 2821; x_wconf 89' lang='lat' dir='ltr'><strong>sanguinem</strong></span> 
     </span>
    </p>
   </div>
   <div class='ocr_carea' id='block_1_43' title="bbox 108 2842 1710 2914">
    <p class='ocr_par' dir='ltr' id='par_1_43' title="bbox 108 2842 1710 2914">
     <span class='ocr_line' id='line_1_43' title="bbox 108 2842 1710 2914; baseline -0.001 -14"><span class='ocrx_word' id='word_1_328' title='bbox 108 2845 372 2902; x_wconf 91' lang='lat' dir='ltr'><strong>fuderunt</strong></span> <span class='ocrx_word' id='word_1_329' title='bbox 407 2846 776 2906; x_wconf 88' lang='lat' dir='ltr'><strong>innocentem,</strong></span> <span class='ocrx_word' id='word_1_330' title='bbox 819 2851 876 2900; x_wconf 89' lang='lat' dir='ltr'><strong>et</strong></span> <span class='ocrx_word' id='word_1_331' title='bbox 901 2843 1057 2914; x_wconf 90' lang='lat' dir='ltr'><strong>quasi</strong></span> <span class='ocrx_word' id='word_1_332' title='bbox 1099 2843 1336 2914; x_wconf 90' lang='lat' dir='ltr'><strong>quodam</strong></span> <span class='ocrx_word' id='word_1_333' title='bbox 1374 2842 1583 2910; x_wconf 88' lang='lat' dir='ltr'><strong>furore,</strong></span> <span class='ocrx_word' id='word_1_334' title='bbox 1629 2844 1710 2898; x_wconf 89' lang='lat' dir='ltr'><strong>sic</strong></span> 
     </span>
    </p>
   </div>
   <div class='ocr_carea' id='block_1_44' title="bbox 111 2935 1704 3008">
    <p class='ocr_par' dir='ltr' id='par_1_44' title="bbox 111 2935 1704 3008">
     <span class='ocr_line' id='line_1_44' title="bbox 111 2935 1704 3008; baseline -0.002 -17"><span class='ocrx_word' id='word_1_335' title='bbox 111 2937 443 2992; x_wconf 87' lang='lat' dir='ltr'><strong>crudelitate</strong></span> <span class='ocrx_word' id='word_1_336' title='bbox 465 2937 660 3008; x_wconf 88' lang='lat' dir='ltr'><strong>raptati</strong></span> <span class='ocrx_word' id='word_1_337' title='bbox 693 2951 909 2991; x_wconf 85' lang='lat' dir='ltr'><strong>murum</strong></span> <span class='ocrx_word' id='word_1_338' title='bbox 933 2936 1159 3005; x_wconf 69' lang='lat' dir='ltr'><strong>hospita:</strong></span> <span class='ocrx_word' id='word_1_339' title='bbox 1185 2935 1337 2991; x_wconf 92' lang='lat' dir='ltr'><strong>urbis</strong></span> <span class='ocrx_word' id='word_1_340' title='bbox 1366 2942 1704 2991; x_wconf 88' lang='lat' dir='ltr'><strong>everterent.</strong></span> 
     </span>
    </p>
   </div>
   <div class='ocr_carea' id='block_1_45' title="bbox 111 3027 1704 3100">
    <p class='ocr_par' dir='ltr' id='par_1_45' title="bbox 111 3027 1704 3100">
     <span class='ocr_line' id='line_1_45' title="bbox 111 3027 1704 3100; baseline -0.007 -10"><span class='ocrx_word' id='word_1_341' title='bbox 111 3032 260 3090; x_wconf 90' lang='lat' dir='ltr'><strong>Unde</strong></span> <span class='ocrx_word' id='word_1_342' title='bbox 288 3033 473 3089; x_wconf 87' lang='lat' dir='ltr'><strong>dicit:</strong></span> <span class='ocrx_word' id='word_1_343' title='bbox 508 3031 826 3086; x_wconf 73' lang='lat' dir='ltr'><strong>Maledictus</strong></span> <span class='ocrx_word' id='word_1_344' title='bbox 852 3031 1004 3100; x_wconf 88' lang='lat' dir='ltr'><strong>furor</strong></span> <span class='ocrx_word' id='word_1_345' title='bbox 1043 3044 1247 3094; x_wconf 88' lang='lat' dir='ltr'><strong>eorum,</strong></span> <span class='ocrx_word' id='word_1_346' title='bbox 1277 3028 1403 3098; x_wconf 91' lang='lat' dir='ltr'><strong>quia</strong></span> <span class='ocrx_word' id='word_1_347' title='bbox 1441 3027 1704 3096; x_wconf 70' lang='lat' dir='ltr'><strong>pertinax,</strong></span> 
     </span>
    </p>
   </div>
   <div class='ocr_carea' id='block_1_46' title="bbox 105 3118 1706 3197">
    <p class='ocr_par' dir='ltr' id='par_1_46' title="bbox 105 3118 1706 3197">
     <span class='ocr_line' id='line_1_46' title="bbox 105 3118 1706 3197; baseline -0.005 -16"><span class='ocrx_word' id='word_1_348' title='bbox 105 3134 157 3181; x_wconf 90' lang='lat' dir='ltr'><strong>et</strong></span> <span class='ocrx_word' id='word_1_349' title='bbox 186 3125 425 3197; x_wconf 85' lang='lat' dir='ltr'><strong>reliqua.</strong></span> <span class='ocrx_word' id='word_1_350' title='bbox 456 3125 562 3180; x_wconf 85' lang='lat' dir='ltr'><strong>Et:</strong></span> <span class='ocrx_word' id='word_1_351' title='bbox 594 3123 905 3195; x_wconf 86' lang='lat' dir='ltr'><strong>Dispergam</strong></span> <span class='ocrx_word' id='word_1_352' title='bbox 943 3139 1028 3176; x_wconf 92' lang='lat' dir='ltr'><strong>eos</strong></span> <span class='ocrx_word' id='word_1_353' title='bbox 1074 3122 1130 3175; x_wconf 88' lang='lat' dir='ltr'><strong>in</strong></span> <span class='ocrx_word' id='word_1_354' title='bbox 1165 3119 1354 3175; x_wconf 88' lang='lat' dir='ltr'><strong>Israel.</strong></span> <span class='ocrx_word' id='word_1_355' title='bbox 1388 3118 1519 3174; x_wconf 83' lang='lat' dir='ltr'><strong>Levi</strong></span> <span class='ocrx_word' id='word_1_356' title='bbox 1557 3119 1706 3175; x_wconf 89' lang='lat' dir='ltr'><strong>enim</strong></span> 
     </span>
    </p>
   </div>
   <div class='ocr_carea' id='block_1_47' title="bbox 107 3210 1706 3289">
    <p class='ocr_par' dir='ltr' id='par_1_47' title="bbox 107 3210 1706 3289">
     <span class='ocr_line' id='line_1_47' title="bbox 107 3210 1706 3289; baseline -0.004 -16"><span class='ocrx_word' id='word_1_357' title='bbox 107 3218 493 3275; x_wconf 63' lang='lat' dir='ltr'><strong>hereditatem</strong></span> <span class='ocrx_word' id='word_1_358' title='bbox 523 3217 800 3289; x_wconf 88' lang='lat' dir='ltr'><strong>propriam</strong></span> <span class='ocrx_word' id='word_1_359' title='bbox 838 3232 945 3270; x_wconf 91' lang='lat' dir='ltr'><strong>non</strong></span> <span class='ocrx_word' id='word_1_360' title='bbox 975 3213 1211 3284; x_wconf 88' lang='lat' dir='ltr'><strong>accepit,</strong></span> <span class='ocrx_word' id='word_1_361' title='bbox 1241 3213 1335 3268; x_wconf 87' lang='lat' dir='ltr'><strong>sed</strong></span> <span class='ocrx_word' id='word_1_362' title='bbox 1362 3212 1419 3267; x_wconf 87' lang='lat' dir='ltr'><strong>in</strong></span> <span class='ocrx_word' id='word_1_363' title='bbox 1451 3210 1706 3267; x_wconf 92' lang='lat' dir='ltr'><strong>omnibus</strong></span> 
     </span>
    </p>
   </div>
   <div class='ocr_carea' id='block_1_48' title="bbox 108 3284 1781 3381">
    <p class='ocr_par' dir='ltr' id='par_1_48' title="bbox 108 3284 1781 3381">
     <span class='ocr_line' id='line_1_48' title="bbox 108 3284 1781 3381; baseline -0.004 -17"><span class='ocrx_word' id='word_1_364' title='bbox 108 3311 342 3381; x_wconf 82' lang='lat' dir='ltr'><strong>sceptris</strong></span> <span class='ocrx_word' id='word_1_365' title='bbox 390 3284 594 3381; x_wconf 72' lang='lat' dir='ltr'><strong>paucas</strong></span> <span class='ocrx_word' id='word_1_366' title='bbox 625 3284 799 3364; x_wconf 76' lang='lat' dir='ltr'><strong>urbes</strong></span> <span class='ocrx_word' id='word_1_367' title='bbox 848 3308 916 3363; x_wconf 91' lang='lat' dir='ltr'><strong>ad</strong></span> <span class='ocrx_word' id='word_1_368' title='bbox 962 3305 1374 3361; x_wconf 88' lang='lat' dir='ltr'><strong>inhabitandum</strong></span> <span class='ocrx_word' id='word_1_369' title='bbox 1425 3302 1608 3376; x_wconf 88' lang='lat' dir='ltr'><strong>[Cod.,</strong></span> <span class='ocrx_word' id='word_1_370' title='bbox 1636 3304 1705 3358; x_wconf 91' lang='lat' dir='ltr'><strong>ad</strong></span> <span class='ocrx_word' id='word_1_371' title='bbox 1733 3284 1781 3349; x_wconf 69' lang='grc' dir='ltr'><strong>(ἶ</strong></span> 
     </span>
    </p>
   </div>
   <div class='ocr_carea' id='block_1_49' title="bbox 110 3393 1707 3474">
    <p class='ocr_par' dir='ltr' id='par_1_49' title="bbox 110 3393 1707 3474">
     <span class='ocr_line' id='line_1_49' title="bbox 110 3393 1707 3474; baseline -0.004 -19"><span class='ocrx_word' id='word_1_372' title='bbox 110 3399 553 3474; x_wconf 84' lang='lat' dir='ltr'><strong>inhabitandas]</strong></span> <span class='ocrx_word' id='word_1_373' title='bbox 609 3399 816 3456; x_wconf 88' lang='lat' dir='ltr'><strong>habuit.</strong></span> <span class='ocrx_word' id='word_1_374' title='bbox 871 3399 946 3453; x_wconf 94' lang='lat' dir='ltr'><strong>De</strong></span> <span class='ocrx_word' id='word_1_375' title='bbox 990 3396 1244 3452; x_wconf 91' lang='lat' dir='ltr'><strong>Simeone</strong></span> <span class='ocrx_word' id='word_1_376' title='bbox 1290 3409 1422 3450; x_wconf 86' lang='lat' dir='ltr'><strong>vero</strong></span> <span class='ocrx_word' id='word_1_377' title='bbox 1466 3393 1523 3448; x_wconf 90' lang='lat' dir='ltr'><strong>in</strong></span> <span class='ocrx_word' id='word_1_378' title='bbox 1568 3393 1707 3450; x_wconf 86' lang='lat' dir='ltr'><strong>libro</strong></span> 
     </span>
    </p>
   </div>
   <div class='ocr_carea' id='block_1_50' title="bbox 109 3485 1708 3566">
    <p class='ocr_par' dir='ltr' id='par_1_50' title="bbox 109 3485 1708 3566">
     <span class='ocr_line' id='line_1_50' title="bbox 109 3485 1708 3566; baseline -0.005 -18"><span class='ocrx_word' id='word_1_379' title='bbox 109 3494 230 3553; x_wconf 89' lang='lat' dir='ltr'><strong>Iesu</strong></span> <span class='ocrx_word' id='word_1_380' title='bbox 277 3495 556 3566; x_wconf 88' lang='lat' dir='ltr'><strong>scriptum</strong></span> <span class='ocrx_word' id='word_1_381' title='bbox 587 3500 669 3548; x_wconf 90' lang='lat' dir='ltr'><strong>est</strong></span> <span class='ocrx_word' id='word_1_382' title='bbox 701 3490 846 3562; x_wconf 89' lang='lat' dir='ltr'><strong>quod</strong></span> <span class='ocrx_word' id='word_1_383' title='bbox 865 3499 921 3546; x_wconf 92' lang='lat' dir='ltr'><strong>et</strong></span> <span class='ocrx_word' id='word_1_384' title='bbox 958 3489 1076 3560; x_wconf 84' lang='lat' dir='ltr'><strong>ipse</strong></span> <span class='ocrx_word' id='word_1_385' title='bbox 1099 3488 1376 3559; x_wconf 88' lang='lat' dir='ltr'><strong>proprium</strong></span> <span class='ocrx_word' id='word_1_386' title='bbox 1408 3485 1708 3542; x_wconf 90' lang='lat' dir='ltr'><strong>funiculum</strong></span> 
     </span>
    </p>
   </div>
   <div class='ocr_carea' id='block_1_51' title="bbox 109 3571 1705 3659">
    <p class='ocr_par' dir='ltr' id='par_1_51' title="bbox 109 3571 1705 3659">
     <span class='ocr_line' id='line_1_51' title="bbox 109 3571 1705 3659; baseline -0.007 -14"><span class='ocrx_word' id='word_1_387' title='bbox 109 3608 211 3648; x_wconf 88' lang='lat' dir='ltr'><strong>non</strong></span> <span class='ocrx_word' id='word_1_388' title='bbox 252 3587 566 3659; x_wconf 89' lang='lat' dir='ltr'><strong>acceperit,</strong></span> <span class='ocrx_word' id='word_1_389' title='bbox 623 3585 722 3642; x_wconf 88' lang='lat' dir='ltr'><strong>sed</strong></span> <span class='ocrx_word' id='word_1_390' title='bbox 753 3585 819 3641; x_wconf 92' lang='lat' dir='ltr'><strong>de</strong></span> <span class='ocrx_word' id='word_1_391' title='bbox 864 3584 1008 3640; x_wconf 90' lang='lat' dir='ltr'><strong>tribu</strong></span> <span class='ocrx_word' id='word_1_392' title='bbox 1055 3581 1194 3637; x_wconf 90' lang='lat' dir='ltr'><strong>Iuda</strong></span> <span class='ocrx_word' id='word_1_393' title='bbox 1225 3571 1495 3652; x_wconf 75' lang='lat' dir='ltr'><strong>quiddam</strong></span> <span class='ocrx_word' id='word_1_394' title='bbox 1548 3594 1705 3635; x_wconf 89' lang='lat' dir='ltr'><strong>acce-</strong></span> 
     </span>
    </p>
   </div>
   <div class='ocr_carea' id='block_1_52' title="bbox 108 3672 1708 3754">
    <p class='ocr_par' dir='ltr' id='par_1_52' title="bbox 108 3672 1708 3754">
     <span class='ocr_line' id='line_1_52' title="bbox 108 3672 1708 3754; baseline -0.008 -16"><span class='ocrx_word' id='word_1_395' title='bbox 108 3683 264 3754; x_wconf 89' lang='lat' dir='ltr'><strong>perit.</strong></span> <span class='ocrx_word' id='word_1_396' title='bbox 295 3681 362 3737; x_wconf 86' lang='lat' dir='ltr'><strong>In</strong></span> <span class='ocrx_word' id='word_1_397' title='bbox 391 3677 846 3749; x_wconf 88' lang='lat' dir='ltr'><strong>Paralipomenon</strong></span> <span class='ocrx_word' id='word_1_398' title='bbox 869 3684 1054 3732; x_wconf 90' lang='lat' dir='ltr'><strong>autem</strong></span> <span class='ocrx_word' id='word_1_399' title='bbox 1079 3672 1422 3730; x_wconf 83' lang='lat' dir='ltr'><strong>manifestius</strong></span> <span class='ocrx_word' id='word_1_400' title='bbox 1451 3673 1708 3728; x_wconf 86' lang='lat' dir='ltr'><strong>scribitur</strong></span> 
     </span>
    </p>
   </div>
   <div class='ocr_carea' id='block_1_53' title="bbox 111 3765 1708 3846">
    <p class='ocr_par' dir='ltr' id='par_1_53' title="bbox 111 3765 1708 3846">
     <span class='ocr_line' id='line_1_53' title="bbox 111 3765 1708 3846; baseline -0.006 -15"><span class='ocrx_word' id='word_1_401' title='bbox 111 3777 269 3846; x_wconf 91' lang='lat' dir='ltr'><strong>quod,</strong></span> <span class='ocrx_word' id='word_1_402' title='bbox 294 3790 426 3832; x_wconf 93' lang='lat' dir='ltr'><strong>cum</strong></span> <span class='ocrx_word' id='word_1_403' title='bbox 455 3771 842 3843; x_wconf 89' lang='lat' dir='ltr'><strong>multiplicatus</strong></span> <span class='ocrx_word' id='word_1_404' title='bbox 872 3770 1066 3826; x_wconf 89' lang='lat' dir='ltr'><strong>fuisset</strong></span> <span class='ocrx_word' id='word_1_405' title='bbox 1103 3776 1160 3825; x_wconf 91' lang='lat' dir='ltr'><strong>et</strong></span> <span class='ocrx_word' id='word_1_406' title='bbox 1187 3782 1295 3823; x_wconf 89' lang='lat' dir='ltr'><strong>non</strong></span> <span class='ocrx_word' id='word_1_407' title='bbox 1324 3765 1553 3822; x_wconf 89' lang='lat' dir='ltr'><strong>haberet</strong></span> <span class='ocrx_word' id='word_1_408' title='bbox 1583 3780 1708 3836; x_wconf 90' lang='lat' dir='ltr'><strong>pos-</strong></span> 
     </span>
    </p>
   </div>
   <div class='ocr_carea' id='block_1_54' title="bbox 113 3863 1249 3930">
    <p class='ocr_par' dir='ltr' id='par_1_54' title="bbox 113 3863 1249 3930">
     <span class='ocr_line' id='line_1_54' title="bbox 113 3863 1249 3930; baseline -0.006 -7"><span class='ocrx_word' id='word_1_409' title='bbox 113 3868 376 3925; x_wconf 83' lang='lat' dir='ltr'><strong>sessionis</strong></span> <span class='ocrx_word' id='word_1_410' title='bbox 414 3866 614 3930; x_wconf 92' lang='lat' dir='ltr'><strong>locnm,</strong></span> <span class='ocrx_word' id='word_1_411' title='bbox 646 3864 840 3920; x_wconf 79' lang='lat' dir='ltr'><strong>exierit</strong></span> <span class='ocrx_word' id='word_1_412' title='bbox 873 3864 931 3918; x_wconf 90' lang='lat' dir='ltr'><strong>in</strong></span> <span class='ocrx_word' id='word_1_413' title='bbox 954 3863 1249 3918; x_wconf 84' lang='lat' dir='ltr'><strong>desertum.</strong></span> 
     </span>
    </p>
   </div>
   <div class='ocr_carea' id='block_1_55' title="bbox 179 3955 1709 4028">
    <p class='ocr_par' dir='ltr' id='par_1_55' title="bbox 179 3955 1709 4028">
     <span class='ocr_line' id='line_1_55' title="bbox 179 3955 1709 4028; baseline -0.007 -12"><span class='ocrx_word' id='word_1_414' title='bbox 179 3962 346 4016; x_wconf 68' lang='lat' dir='ltr'><strong>Vens.</strong></span> <span class='ocrx_word' id='word_1_415' title='bbox 383 3959 533 4014; x_wconf 73' lang='lat'><strong>8-10.</strong></span> <span class='ocrx_word' id='word_1_416' title='bbox 561 3989 632 3998; x_wconf 93' lang='lat'><strong><em>—</em></strong></span> <span class='ocrx_word' id='word_1_417' title='bbox 650 3956 820 4022; x_wconf 85' lang='lat' dir='ltr'><strong>Iuda,</strong></span> <span class='ocrx_word' id='word_1_418' title='bbox 842 3966 890 4012; x_wconf 88' lang='lat' dir='ltr'><strong>te</strong></span> <span class='ocrx_word' id='word_1_419' title='bbox 920 3955 1210 4010; x_wconf 88' lang='lat' dir='ltr'><strong>laudabunt</strong></span> <span class='ocrx_word' id='word_1_420' title='bbox 1238 3957 1429 4028; x_wconf 81' lang='lat' dir='ltr'><strong>fratres</strong></span> <span class='ocrx_word' id='word_1_421' title='bbox 1451 3955 1528 4010; x_wconf 92' lang='lat' dir='ltr'><strong>tui</strong></span> <span class='ocrx_word' id='word_1_422' title='bbox 1553 3971 1571 4020; x_wconf 88' lang='lat'><em>;</em></span> <span class='ocrx_word' id='word_1_423' title='bbox 1598 3970 1709 4006; x_wconf 89' lang='lat' dir='ltr'><strong>ma-</strong></span> 
     </span>
    </p>
   </div>
   <div class='ocr_carea' id='block_1_56' title="bbox 113 4046 1707 4114">
    <p class='ocr_par' dir='ltr' id='par_1_56' title="bbox 113 4046 1707 4114">
     <span class='ocr_line' id='line_1_56' title="bbox 113 4046 1707 4114; baseline -0.004 -9"><span class='ocrx_word' id='word_1_424' title='bbox 113 4071 204 4108; x_wconf 88' lang='lat' dir='ltr'><strong>nus</strong></span> <span class='ocrx_word' id='word_1_425' title='bbox 237 4064 346 4107; x_wconf 75' lang='lat' dir='ltr'><strong>tua:</strong></span> <span class='ocrx_word' id='word_1_426' title='bbox 383 4052 437 4106; x_wconf 89' lang='lat' dir='ltr'><strong>in</strong></span> <span class='ocrx_word' id='word_1_427' title='bbox 461 4051 746 4106; x_wconf 83' lang='lat' dir='ltr'><strong>cervicibus</strong></span> <span class='ocrx_word' id='word_1_428' title='bbox 782 4049 1114 4104; x_wconf 88' lang='lat' dir='ltr'><strong>inimicorum</strong></span> <span class='ocrx_word' id='word_1_429' title='bbox 1137 4058 1348 4103; x_wconf 90' lang='lat' dir='ltr'><strong>tuorum</strong></span> <span class='ocrx_word' id='word_1_430' title='bbox 1369 4067 1388 4114; x_wconf 86' lang='lat'><strong><em>;</em></strong></span> <span class='ocrx_word' id='word_1_431' title='bbox 1413 4046 1707 4102; x_wconf 90' lang='lat' dir='ltr'><strong>adorabunt</strong></span> 
     </span>
    </p>
   </div>
   <div class='ocr_carea' id='block_1_57' title="bbox 113 4138 1707 4218">
    <p class='ocr_par' dir='ltr' id='par_1_57' title="bbox 113 4138 1707 4218">
     <span class='ocr_line' id='line_1_57' title="bbox 113 4138 1707 4218; baseline -0.005 -19"><span class='ocrx_word' id='word_1_432' title='bbox 113 4158 157 4200; x_wconf 87' lang='lat' dir='ltr'><strong>te</strong></span> <span class='ocrx_word' id='word_1_433' title='bbox 181 4147 280 4216; x_wconf 83' lang='lat' dir='ltr'><strong>filii</strong></span> <span class='ocrx_word' id='word_1_434' title='bbox 307 4146 482 4218; x_wconf 85' lang='lat' dir='ltr'><strong>patris</strong></span> <span class='ocrx_word' id='word_1_435' title='bbox 510 4144 608 4200; x_wconf 86' lang='lat' dir='ltr'><strong>tui.</strong></span> <span class='ocrx_word' id='word_1_436' title='bbox 634 4142 855 4198; x_wconf 86' lang='lat' dir='ltr'><strong>Catulus</strong></span> <span class='ocrx_word' id='word_1_437' title='bbox 906 4141 1072 4196; x_wconf 86' lang='lat' dir='ltr'><strong>leonis</strong></span> <span class='ocrx_word' id='word_1_438' title='bbox 1123 4139 1270 4196; x_wconf 88' lang='lat' dir='ltr'><strong>Iuda</strong></span> <span class='ocrx_word' id='word_1_439' title='bbox 1298 4156 1316 4193; x_wconf 90' lang='lat'><strong><em>:</em></strong></span> <span class='ocrx_word' id='word_1_440' title='bbox 1347 4141 1416 4196; x_wconf 88' lang='lat' dir='ltr'><strong>ad</strong></span> <span class='ocrx_word' id='word_1_441' title='bbox 1450 4138 1707 4212; x_wconf 81' lang='lat' dir='ltr'><strong>prtedam,</strong></span> 
     </span>
    </p>
   </div>
   <div class='ocr_carea' id='block_1_58' title="bbox 111 4231 1705 4308">
    <p class='ocr_par' dir='ltr' id='par_1_58' title="bbox 111 4231 1705 4308">
     <span class='ocr_line' id='line_1_58' title="bbox 111 4231 1705 4308; baseline -0.006 -16"><span class='ocrx_word' id='word_1_442' title='bbox 111 4240 185 4307; x_wconf 80' lang='lat' dir='ltr'><strong>ﬁli</strong></span> <span class='ocrx_word' id='word_1_443' title='bbox 214 4242 309 4306; x_wconf 90' lang='lat' dir='ltr'><strong>mi,</strong></span> <span class='ocrx_word' id='word_1_444' title='bbox 361 4237 644 4293; x_wconf 85' lang='lat' dir='ltr'><strong>ascendisti</strong></span> <span class='ocrx_word' id='word_1_445' title='bbox 687 4235 844 4308; x_wconf 89' lang='lat' dir='ltr'><strong>[sive,</strong></span> <span class='ocrx_word' id='word_1_446' title='bbox 876 4234 1002 4289; x_wconf 91' lang='lat' dir='ltr'><strong>utin</strong></span> <span class='ocrx_word' id='word_1_447' title='bbox 1055 4233 1282 4290; x_wconf 73' lang='lat' dir='ltr'><strong>Hebmo</strong></span> <span class='ocrx_word' id='word_1_448' title='bbox 1309 4231 1571 4302; x_wconf 89' lang='lat' dir='ltr'><strong>scriptum</strong></span> <span class='ocrx_word' id='word_1_449' title='bbox 1593 4237 1705 4283; x_wconf 89' lang='lat' dir='ltr'><strong>est:</strong></span> 
     </span>
    </p>
   </div>
   <div class='ocr_carea' id='block_1_59' title="bbox 114 4322 1711 4401">
    <p class='ocr_par' dir='ltr' id='par_1_59' title="bbox 114 4322 1711 4401">
     <span class='ocr_line' id='line_1_59' title="bbox 114 4322 1711 4401; baseline -0.004 -21"><span class='ocrx_word' id='word_1_450' title='bbox 114 4332 172 4384; x_wconf 85' lang='lat' dir='ltr'><strong>de</strong></span> <span class='ocrx_word' id='word_1_451' title='bbox 218 4329 547 4401; x_wconf 81' lang='lat' dir='ltr'><strong>captivitate,</strong></span> <span class='ocrx_word' id='word_1_452' title='bbox 609 4326 690 4397; x_wconf 80' lang='lat' dir='ltr'><strong>ﬁli</strong></span> <span class='ocrx_word' id='word_1_453' title='bbox 731 4328 824 4392; x_wconf 88' lang='lat' dir='ltr'><strong>mi,</strong></span> <span class='ocrx_word' id='word_1_454' title='bbox 867 4322 1172 4395; x_wconf 87' lang='lat' dir='ltr'><strong>ascendisti)</strong></span> <span class='ocrx_word' id='word_1_455' title='bbox 1204 4337 1223 4376; x_wconf 89' lang='lat'><strong><em>:</em></strong></span> <span class='ocrx_word' id='word_1_456' title='bbox 1269 4323 1592 4396; x_wconf 82' lang='lat' dir='ltr'><strong>requiescens</strong></span> <span class='ocrx_word' id='word_1_457' title='bbox 1623 4337 1711 4375; x_wconf 89' lang='lat' dir='ltr'><strong>ac-</strong></span> 
     </span>
    </p>
   </div>
   <div class='ocr_carea' id='block_1_60' title="bbox 114 4414 1711 4493">
    <p class='ocr_par' dir='ltr' id='par_1_60' title="bbox 114 4414 1711 4493">
     <span class='ocr_line' id='line_1_60' title="bbox 114 4414 1711 4493; baseline -0.005 -17"><span class='ocrx_word' id='word_1_458' title='bbox 114 4424 338 4479; x_wconf 80' lang='lat' dir='ltr'><strong>rubuisti</strong></span> <span class='ocrx_word' id='word_1_459' title='bbox 369 4433 430 4477; x_wconf 89' lang='lat' dir='ltr'><strong>ut</strong></span> <span class='ocrx_word' id='word_1_460' title='bbox 469 4423 572 4488; x_wconf 89' lang='lat' dir='ltr'><strong>leo,</strong></span> <span class='ocrx_word' id='word_1_461' title='bbox 605 4431 654 4477; x_wconf 90' lang='lat' dir='ltr'><strong>et</strong></span> <span class='ocrx_word' id='word_1_462' title='bbox 676 4422 826 4493; x_wconf 85' lang='lat' dir='ltr'><strong>quasi</strong></span> <span class='ocrx_word' id='word_1_463' title='bbox 873 4421 1038 4476; x_wconf 78' lang='lat' dir='ltr'><strong>letena</strong></span> <span class='ocrx_word' id='word_1_464' title='bbox 1063 4436 1080 4474; x_wconf 91' lang='lat'><strong><em>:</em></strong></span> <span class='ocrx_word' id='word_1_465' title='bbox 1102 4419 1218 4490; x_wconf 89' lang='lat' dir='ltr'><strong>quis</strong></span> <span class='ocrx_word' id='word_1_466' title='bbox 1249 4415 1521 4472; x_wconf 88' lang='lat' dir='ltr'><strong>suscitabit</strong></span> <span class='ocrx_word' id='word_1_467' title='bbox 1549 4414 1711 4470; x_wconf 86' lang='lat' dir='ltr'><strong>eum?</strong></span> 
     </span>
    </p>
   </div>
   <div class='ocr_carea' id='block_1_61' title="bbox 115 4509 1708 4581">
    <p class='ocr_par' dir='ltr' id='par_1_61' title="bbox 115 4509 1708 4581">
     <span class='ocr_line' id='line_1_61' title="bbox 115 4509 1708 4581; baseline -0.006 -12"><span class='ocrx_word' id='word_1_468' title='bbox 115 4514 247 4581; x_wconf 87' lang='lat' dir='ltr'><strong>Quia</strong></span> <span class='ocrx_word' id='word_1_469' title='bbox 290 4513 435 4569; x_wconf 90' lang='lat' dir='ltr'><strong>Iuda</strong></span> <span class='ocrx_word' id='word_1_470' title='bbox 480 4511 738 4575; x_wconf 84' lang='lat' dir='ltr'><strong>confessio</strong></span> <span class='ocrx_word' id='word_1_471' title='bbox 781 4511 897 4568; x_wconf 88' lang='lat' dir='ltr'><strong>sive</strong></span> <span class='ocrx_word' id='word_1_472' title='bbox 943 4509 1061 4564; x_wconf 90' lang='lat' dir='ltr'><strong>laus</strong></span> <span class='ocrx_word' id='word_1_473' title='bbox 1102 4509 1514 4580; x_wconf 88' lang='lat' dir='ltr'><strong>interpretatur,</strong></span> <span class='ocrx_word' id='word_1_474' title='bbox 1562 4513 1708 4562; x_wconf 90' lang='lat' dir='ltr'><strong>recte</strong></span> 
     </span>
    </p>
   </div>
   <div class='ocr_carea' id='block_1_62' title="bbox 114 4595 1708 4670">
    <p class='ocr_par' dir='ltr' id='par_1_62' title="bbox 114 4595 1708 4670">
     <span class='ocr_line' id='line_1_62' title="bbox 114 4595 1708 4670; baseline -0.006 -10"><span class='ocrx_word' id='word_1_475' title='bbox 114 4604 372 4661; x_wconf 87' lang='lat' dir='ltr'><strong>scribitur</strong></span> <span class='ocrx_word' id='word_1_476' title='bbox 409 4622 422 4658; x_wconf 90' lang='lat'>:</span> <span class='ocrx_word' id='word_1_477' title='bbox 454 4603 616 4670; x_wconf 84' lang='lat' dir='ltr'><strong>Iuda,</strong></span> <span class='ocrx_word' id='word_1_478' title='bbox 656 4603 1058 4660; x_wconf 88' lang='lat' dir='ltr'><strong>conﬁtebuntur</strong></span> <span class='ocrx_word' id='word_1_479' title='bbox 1094 4599 1190 4655; x_wconf 90' lang='lat' dir='ltr'><strong>tibi</strong></span> <span class='ocrx_word' id='word_1_480' title='bbox 1226 4598 1447 4665; x_wconf 87' lang='lat' dir='ltr'><strong>fratres,</strong></span> <span class='ocrx_word' id='word_1_481' title='bbox 1478 4595 1564 4652; x_wconf 88' lang='lat' dir='ltr'><strong>vel</strong></span> <span class='ocrx_word' id='word_1_482' title='bbox 1593 4596 1708 4650; x_wconf 92' lang='lat' dir='ltr'><strong>lau-</strong></span> 
     </span>
    </p>
   </div>
   <div class='ocr_carea' id='block_1_63' title="bbox 117 4687 1706 4764">
    <p class='ocr_par' dir='ltr' id='par_1_63' title="bbox 117 4687 1706 4764">
     <span class='ocr_line' id='line_1_63' title="bbox 117 4687 1706 4764; baseline -0.006 -13"><span class='ocrx_word' id='word_1_483' title='bbox 117 4698 320 4753; x_wconf 90' lang='lat' dir='ltr'><strong>dabunt</strong></span> <span class='ocrx_word' id='word_1_484' title='bbox 373 4706 445 4752; x_wconf 91' lang='lat' dir='ltr'><strong>te.</strong></span> <span class='ocrx_word' id='word_1_485' title='bbox 498 4697 564 4751; x_wconf 84' lang='lat' dir='ltr'><strong>Et</strong></span> <span class='ocrx_word' id='word_1_486' title='bbox 601 4696 726 4751; x_wconf 90' lang='lat' dir='ltr'><strong>licet</strong></span> <span class='ocrx_word' id='word_1_487' title='bbox 769 4694 836 4751; x_wconf 89' lang='lat' dir='ltr'><strong>de</strong></span> <span class='ocrx_word' id='word_1_488' title='bbox 885 4693 1105 4750; x_wconf 86' lang='lat' dir='ltr'><strong>Christo</strong></span> <span class='ocrx_word' id='word_1_489' title='bbox 1134 4691 1333 4764; x_wconf 91' lang='lat' dir='ltr'><strong>grande</strong></span> <span class='ocrx_word' id='word_1_490' title='bbox 1386 4687 1706 4761; x_wconf 87' lang='lat' dir='ltr'><strong>mysterium</strong></span> 
     </span>
    </p>
   </div>
   <div class='ocr_carea' id='block_1_64' title="bbox 119 4780 1708 4855">
    <p class='ocr_par' dir='ltr' id='par_1_64' title="bbox 119 4780 1708 4855">
     <span class='ocr_line' id='line_1_64' title="bbox 119 4780 1708 4855; baseline -0.006 -12"><span class='ocrx_word' id='word_1_491' title='bbox 119 4789 205 4854; x_wconf 87' lang='lat' dir='ltr'><strong>sit,</strong></span> <span class='ocrx_word' id='word_1_492' title='bbox 238 4791 335 4845; x_wconf 91' lang='lat' dir='ltr'><strong>sed</strong></span> <span class='ocrx_word' id='word_1_493' title='bbox 360 4799 543 4844; x_wconf 89' lang='lat' dir='ltr'><strong>tamen</strong></span> <span class='ocrx_word' id='word_1_494' title='bbox 567 4789 865 4844; x_wconf 90' lang='lat' dir='ltr'><strong>secundum</strong></span> <span class='ocrx_word' id='word_1_495' title='bbox 887 4785 1120 4841; x_wconf 89' lang='lat' dir='ltr'><strong>litteram</strong></span> <span class='ocrx_word' id='word_1_496' title='bbox 1151 4782 1418 4855; x_wconf 89' lang='lat' dir='ltr'><strong>signiﬁcat</strong></span> <span class='ocrx_word' id='word_1_497' title='bbox 1438 4780 1580 4853; x_wconf 89' lang='lat' dir='ltr'><strong>quod</strong></span> <span class='ocrx_word' id='word_1_498' title='bbox 1610 4795 1708 4851; x_wconf 89' lang='lat' dir='ltr'><strong>per</strong></span> 
     </span>
    </p>
   </div>
   <div class='ocr_carea' id='block_1_65' title="bbox 117 4873 1712 4954">
    <p class='ocr_par' dir='ltr' id='par_1_65' title="bbox 117 4873 1712 4954">
     <span class='ocr_line' id='line_1_65' title="bbox 117 4873 1712 4954; baseline -0.006 -19"><span class='ocrx_word' id='word_1_499' title='bbox 117 4883 281 4937; x_wconf 87' lang='lat' dir='ltr'><strong>David</strong></span> <span class='ocrx_word' id='word_1_500' title='bbox 332 4883 562 4954; x_wconf 86' lang='lat' dir='ltr'><strong>stirpem</strong></span> <span class='ocrx_word' id='word_1_501' title='bbox 618 4888 947 4954; x_wconf 87' lang='lat' dir='ltr'><strong>generentur</strong></span> <span class='ocrx_word' id='word_1_502' title='bbox 995 4893 1174 4950; x_wconf 87' lang='lat' dir='ltr'><strong>reges,</strong></span> <span class='ocrx_word' id='word_1_503' title='bbox 1227 4883 1284 4932; x_wconf 95' lang='lat' dir='ltr'><strong>et</strong></span> <span class='ocrx_word' id='word_1_504' title='bbox 1333 4875 1476 4945; x_wconf 91' lang='lat' dir='ltr'><strong>quod</strong></span> <span class='ocrx_word' id='word_1_505' title='bbox 1523 4873 1712 4929; x_wconf 84' lang='lat' dir='ltr'><strong>adora-</strong></span> 
     </span>
    </p>
   </div>
   <div class='ocr_carea' id='block_1_66' title="bbox 121 4964 1710 5034">
    <p class='ocr_par' dir='ltr' id='par_1_66' title="bbox 121 4964 1710 5034">
     <span class='ocr_line' id='line_1_66' title="bbox 121 4964 1710 5034; baseline -0.006 -6"><span class='ocrx_word' id='word_1_506' title='bbox 121 4983 237 5029; x_wconf 90' lang='lat' dir='ltr'><strong>rent</strong></span> <span class='ocrx_word' id='word_1_507' title='bbox 269 4991 398 5030; x_wconf 89' lang='lat' dir='ltr'><strong>eum</strong></span> <span class='ocrx_word' id='word_1_508' title='bbox 452 4988 643 5030; x_wconf 87' lang='lat' dir='ltr'><strong>omnes</strong></span> <span class='ocrx_word' id='word_1_509' title='bbox 693 4972 884 5028; x_wconf 88' lang='lat' dir='ltr'><strong>tribus.</strong></span> <span class='ocrx_word' id='word_1_510' title='bbox 918 4971 1035 5027; x_wconf 82' lang='lat' dir='ltr'><strong>Non</strong></span> <span class='ocrx_word' id='word_1_511' title='bbox 1083 4969 1227 5026; x_wconf 91' lang='lat' dir='ltr'><strong>enim</strong></span> <span class='ocrx_word' id='word_1_512' title='bbox 1268 4968 1378 5034; x_wconf 91' lang='lat' dir='ltr'><strong>ait,</strong></span> <span class='ocrx_word' id='word_1_513' title='bbox 1431 4964 1550 5021; x_wconf 91' lang='lat' dir='ltr'><strong>Filii</strong></span> <span class='ocrx_word' id='word_1_514' title='bbox 1595 4981 1710 5020; x_wconf 90' lang='lat' dir='ltr'><strong>ma-</strong></span> 
     </span>
    </p>
   </div>
   <div class='ocr_carea' id='block_1_67' title="bbox 118 5061 1710 5136">
    <p class='ocr_par' dir='ltr' id='par_1_67' title="bbox 118 5061 1710 5136">
     <span class='ocr_line' id='line_1_67' title="bbox 118 5061 1710 5136; baseline -0.001 -19"><span class='ocrx_word' id='word_1_515' title='bbox 118 5065 216 5120; x_wconf 90' lang='lat' dir='ltr'><strong>tris</strong></span> <span class='ocrx_word' id='word_1_516' title='bbox 265 5075 415 5133; x_wconf 67' lang='lat' dir='ltr'><strong>ture;</strong></span> <span class='ocrx_word' id='word_1_517' title='bbox 457 5064 723 5135; x_wconf 72' lang='lat' dir='ltr'><strong>sed,&#39;ﬁlii</strong></span> <span class='ocrx_word' id='word_1_518' title='bbox 780 5067 944 5136; x_wconf 88' lang='lat' dir='ltr'><strong>patris</strong></span> <span class='ocrx_word' id='word_1_519' title='bbox 984 5065 1080 5120; x_wconf 89' lang='lat' dir='ltr'><strong>tui.</strong></span> <span class='ocrx_word' id='word_1_520' title='bbox 1135 5063 1202 5119; x_wconf 89' lang='lat' dir='ltr'><strong>Et</strong></span> <span class='ocrx_word' id='word_1_521' title='bbox 1233 5064 1377 5135; x_wconf 91' lang='lat' dir='ltr'><strong>quod</strong></span> <span class='ocrx_word' id='word_1_522' title='bbox 1443 5061 1710 5131; x_wconf 88' lang='lat' dir='ltr'><strong>sequitur,</strong></span> 
     </span>
    </p>
   </div>
   <div class='ocr_carea' id='block_1_68' title="bbox 120 5155 1705 5230">
    <p class='ocr_par' dir='ltr' id='par_1_68' title="bbox 120 5155 1705 5230">
     <span class='ocr_line' id='line_1_68' title="bbox 120 5155 1705 5230; baseline -0.005 -14"><span class='ocrx_word' id='word_1_523' title='bbox 120 5163 185 5212; x_wconf 83' lang='lat' dir='ltr'><strong>ad</strong></span> <span class='ocrx_word' id='word_1_524' title='bbox 215 5161 477 5230; x_wconf 69' lang='lat' dir='ltr'><strong>praedam,</strong></span> <span class='ocrx_word' id='word_1_525' title='bbox 504 5159 584 5229; x_wconf 82' lang='lat' dir='ltr'><strong>ﬁli</strong></span> <span class='ocrx_word' id='word_1_526' title='bbox 616 5161 707 5226; x_wconf 88' lang='lat' dir='ltr'><strong>mi,</strong></span> <span class='ocrx_word' id='word_1_527' title='bbox 756 5161 1060 5227; x_wconf 86' lang='lat' dir='ltr'><strong>ascendisti,</strong></span> <span class='ocrx_word' id='word_1_528' title='bbox 1103 5157 1340 5216; x_wconf 86' lang='lat' dir='ltr'><strong>ostendit</strong></span> <span class='ocrx_word' id='word_1_529' title='bbox 1382 5171 1508 5212; x_wconf 84' lang='lat' dir='ltr'><strong>eum</strong></span> <span class='ocrx_word' id='word_1_530' title='bbox 1537 5155 1705 5226; x_wconf 91' lang='lat' dir='ltr'><strong>capti-</strong></span> 
     </span>
    </p>
   </div>
   <div class='ocr_carea' id='block_1_69' title="bbox 119 5248 1700 5324">
    <p class='ocr_par' dir='ltr' id='par_1_69' title="bbox 119 5248 1700 5324">
     <span class='ocr_line' id='line_1_69' title="bbox 119 5248 1700 5324; baseline -0.001 -20"><span class='ocrx_word' id='word_1_531' title='bbox 119 5266 213 5308; x_wconf 86' lang='lat' dir='ltr'><strong>vos</strong></span> <span class='ocrx_word' id='word_1_532' title='bbox 249 5253 480 5324; x_wconf 88' lang='lat' dir='ltr'><strong>populos</strong></span> <span class='ocrx_word' id='word_1_533' title='bbox 511 5269 630 5310; x_wconf 89' lang='lat' dir='ltr'><strong>esse</strong></span> <span class='ocrx_word' id='word_1_534' title='bbox 671 5255 982 5320; x_wconf 90' lang='lat' dir='ltr'><strong>ducturum,</strong></span> <span class='ocrx_word' id='word_1_535' title='bbox 1015 5262 1070 5309; x_wconf 92' lang='lat' dir='ltr'><strong>et</strong></span> <span class='ocrx_word' id='word_1_536' title='bbox 1098 5253 1254 5323; x_wconf 88' lang='lat' dir='ltr'><strong>juxta</strong></span> <span class='ocrx_word' id='word_1_537' title='bbox 1298 5248 1700 5321; x_wconf 89' lang='lat' dir='ltr'><strong>intelligentiam</strong></span> 
     </span>
    </p>
   </div>
   <div class='ocr_carea' id='block_1_70' title="bbox 124 5340 1703 5414">
    <p class='ocr_par' dir='ltr' id='par_1_70' title="bbox 124 5340 1703 5414">
     <span class='ocr_line' id='line_1_70' title="bbox 124 5340 1703 5414; baseline -0.003 -17"><span class='ocrx_word' id='word_1_538' title='bbox 124 5345 476 5401; x_wconf 88' lang='lat' dir='ltr'><strong>sacratiorem</strong></span> <span class='ocrx_word' id='word_1_539' title='bbox 496 5387 510 5412; x_wconf 95' lang='lat'><strong>,</strong></span> <span class='ocrx_word' id='word_1_540' title='bbox 561 5344 853 5402; x_wconf 89' lang='lat' dir='ltr'><strong>ascendisti</strong></span> <span class='ocrx_word' id='word_1_541' title='bbox 883 5345 936 5399; x_wconf 90' lang='lat' dir='ltr'><strong>in</strong></span> <span class='ocrx_word' id='word_1_542' title='bbox 974 5344 1159 5408; x_wconf 87' lang='lat' dir='ltr'><strong>altum,</strong></span> <span class='ocrx_word' id='word_1_543' title='bbox 1187 5341 1457 5414; x_wconf 88' lang='lat' dir='ltr'><strong>captivam</strong></span> <span class='ocrx_word' id='word_1_544' title='bbox 1485 5340 1703 5394; x_wconf 89' lang='lat' dir='ltr'><strong>duxisse</strong></span> 
     </span>
    </p>
   </div>
   <div class='ocr_carea' id='block_1_71' title="bbox 123 5433 1704 5510">
    <p class='ocr_par' dir='ltr' id='par_1_71' title="bbox 123 5433 1704 5510">
     <span class='ocr_line' id='line_1_71' title="bbox 123 5433 1704 5510; baseline -0.003 -22"><span class='ocrx_word' id='word_1_545' title='bbox 123 5438 509 5506; x_wconf 84' lang='lat' dir='ltr'><strong>captivitatem,</strong></span> <span class='ocrx_word' id='word_1_546' title='bbox 531 5439 668 5505; x_wconf 87' lang='lat' dir='ltr'><strong>sive,</strong></span> <span class='ocrx_word' id='word_1_547' title='bbox 707 5437 850 5507; x_wconf 90' lang='lat' dir='ltr'><strong>quod</strong></span> <span class='ocrx_word' id='word_1_548' title='bbox 879 5436 1072 5493; x_wconf 88' lang='lat' dir='ltr'><strong>melius</strong></span> <span class='ocrx_word' id='word_1_549' title='bbox 1097 5444 1251 5510; x_wconf 88' lang='lat' dir='ltr'><strong>puto,</strong></span> <span class='ocrx_word' id='word_1_550' title='bbox 1277 5433 1562 5504; x_wconf 84' lang='lat' dir='ltr'><strong>captivitas</strong></span> <span class='ocrx_word' id='word_1_551' title='bbox 1583 5446 1704 5502; x_wconf 91' lang='lat' dir='ltr'><strong>pas-</strong></span> 
     </span>
    </p>
   </div>
   <div class='ocr_carea' id='block_1_72' title="bbox 126 5527 1432 5598">
    <p class='ocr_par' dir='ltr' id='par_1_72' title="bbox 126 5527 1432 5598">
     <span class='ocr_line' id='line_1_72' title="bbox 126 5527 1432 5598; baseline -0.004 -15"><span class='ocrx_word' id='word_1_552' title='bbox 126 5529 359 5596; x_wconf 84' lang='lat' dir='ltr'><strong>sionem,</strong></span> <span class='ocrx_word' id='word_1_553' title='bbox 383 5545 640 5587; x_wconf 87' lang='lat' dir='ltr'><strong>ascensus</strong></span> <span class='ocrx_word' id='word_1_554' title='bbox 669 5529 1123 5586; x_wconf 87' lang='lat' dir='ltr'><strong>resurrectioncm</strong></span> <span class='ocrx_word' id='word_1_555' title='bbox 1147 5527 1432 5598; x_wconf 88' lang='lat' dir='ltr'><strong>signiﬁcat.</strong></span> 
     </span>
    </p>
   </div>
   <div class='ocr_carea' id='block_1_73' title="bbox 192 5617 1704 5692">
    <p class='ocr_par' dir='ltr' id='par_1_73' title="bbox 192 5617 1704 5692">
     <span class='ocr_line' id='line_1_73' title="bbox 192 5617 1704 5692; baseline -0.005 -16"><span class='ocrx_word' id='word_1_556' title='bbox 192 5621 362 5676; x_wconf 71' lang='lat' dir='ltr'><strong>Vnus.</strong></span> <span class='ocrx_word' id='word_1_557' title='bbox 390 5623 570 5678; x_wconf 70' lang='lat'><strong>11-13.</strong></span> <span class='ocrx_word' id='word_1_558' title='bbox 594 5621 914 5692; x_wconf 83' lang='lat' dir='ltr'><strong>—Alligans</strong></span> <span class='ocrx_word' id='word_1_559' title='bbox 969 5620 1038 5674; x_wconf 85' lang='lat' dir='ltr'><strong>ad</strong></span> <span class='ocrx_word' id='word_1_560' title='bbox 1063 5620 1269 5675; x_wconf 81' lang='lat' dir='ltr'><strong>vineam</strong></span> <span class='ocrx_word' id='word_1_561' title='bbox 1295 5617 1499 5690; x_wconf 85' lang='lat' dir='ltr'><strong>pullum</strong></span> <span class='ocrx_word' id='word_1_562' title='bbox 1528 5629 1704 5680; x_wconf 86' lang='lat' dir='ltr'><strong>suum,</strong></span> 
     </span>
    </p>
   </div>
   <div class='ocr_carea' id='block_1_74' title="bbox 127 5701 1706 5783">
    <p class='ocr_par' dir='ltr' id='par_1_74' title="bbox 127 5701 1706 5783">
     <span class='ocr_line' id='line_1_74' title="bbox 127 5701 1706 5783; baseline -0.001 -17"><span class='ocrx_word' id='word_1_563' title='bbox 127 5723 172 5766; x_wconf 89' lang='lat' dir='ltr'><strong>et</strong></span> <span class='ocrx_word' id='word_1_564' title='bbox 205 5715 276 5768; x_wconf 88' lang='lat' dir='ltr'><strong>ad</strong></span> <span class='ocrx_word' id='word_1_565' title='bbox 337 5716 487 5771; x_wconf 73' lang='lat' dir='ltr'><strong>uitem</strong></span> <span class='ocrx_word' id='word_1_566' title='bbox 530 5701 738 5772; x_wconf 86' lang='lat' dir='ltr'><strong>asinam</strong></span> <span class='ocrx_word' id='word_1_567' title='bbox 780 5732 951 5771; x_wconf 87' lang='lat' dir='ltr'><strong>suam.</strong></span> <span class='ocrx_word' id='word_1_568' title='bbox 995 5713 1152 5782; x_wconf 89' lang='lat' dir='ltr'><strong>Quod</strong></span> <span class='ocrx_word' id='word_1_569' title='bbox 1204 5712 1459 5770; x_wconf 90' lang='lat' dir='ltr'><strong>videlicet</strong></span> <span class='ocrx_word' id='word_1_570' title='bbox 1501 5710 1706 5783; x_wconf 90' lang='lat' dir='ltr'><strong>pullum</strong></span> 
     </span>
    </p>
   </div>
   <div class='ocr_carea' id='block_1_75' title="bbox 132 5807 1711 5882">
    <p class='ocr_par' dir='ltr' id='par_1_75' title="bbox 132 5807 1711 5882">
     <span class='ocr_line' id='line_1_75' title="bbox 132 5807 1711 5882; baseline 0.001 -23"><span class='ocrx_word' id='word_1_571' title='bbox 132 5807 315 5872; x_wconf 83' lang='lat' dir='ltr'><strong>asinae,</strong></span> <span class='ocrx_word' id='word_1_572' title='bbox 345 5809 432 5864; x_wconf 91' lang='lat' dir='ltr'><strong>cui</strong></span> <span class='ocrx_word' id='word_1_573' title='bbox 480 5809 783 5882; x_wconf 90' lang='lat' dir='ltr'><strong>supersedit</strong></span> <span class='ocrx_word' id='word_1_574' title='bbox 828 5807 1006 5875; x_wconf 84' lang='lat' dir='ltr'><strong>Iesus,</strong></span> <span class='ocrx_word' id='word_1_575' title='bbox 1051 5809 1156 5865; x_wconf 92' lang='lat' dir='ltr'><strong>hoc</strong></span> <span class='ocrx_word' id='word_1_576' title='bbox 1197 5814 1302 5874; x_wconf 86' lang='lat' dir='ltr'><strong>est,</strong></span> <span class='ocrx_word' id='word_1_577' title='bbox 1342 5807 1580 5878; x_wconf 89' lang='lat' dir='ltr'><strong>gentium</strong></span> <span class='ocrx_word' id='word_1_578' title='bbox 1621 5821 1711 5877; x_wconf 82' lang='lat' dir='ltr'><strong>po-</strong></span> 
     </span>
    </p>
   </div>
   <div class='ocr_carea' id='block_1_76' title="bbox 135 5899 1710 5974">
    <p class='ocr_par' dir='ltr' id='par_1_76' title="bbox 135 5899 1710 5974">
     <span class='ocr_line' id='line_1_76' title="bbox 135 5899 1710 5974; baseline 0.003 -23"><span class='ocrx_word' id='word_1_579' title='bbox 135 5900 313 5968; x_wconf 86' lang='lat' dir='ltr'><strong>pulum</strong></span> <span class='ocrx_word' id='word_1_580' title='bbox 344 5902 509 5958; x_wconf 64' lang='lat' dir='ltr'><strong>vineae</strong></span> <span class='ocrx_word' id='word_1_581' title='bbox 540 5902 932 5974; x_wconf 88' lang='lat' dir='ltr'><strong>apostolorum,</strong></span> <span class='ocrx_word' id='word_1_582' title='bbox 975 5900 1069 5972; x_wconf 89' lang='lat' dir='ltr'><strong>qui</strong></span> <span class='ocrx_word' id='word_1_583' title='bbox 1100 5901 1169 5956; x_wconf 89' lang='lat' dir='ltr'><strong>ab</strong></span> <span class='ocrx_word' id='word_1_584' title='bbox 1198 5899 1399 5956; x_wconf 64' lang='lat' dir='ltr'><strong>Iudaeis</strong></span> <span class='ocrx_word' id='word_1_585' title='bbox 1441 5901 1585 5968; x_wconf 87' lang='lat' dir='ltr'><strong>sun&#39;t,</strong></span> <span class='ocrx_word' id='word_1_586' title='bbox 1620 5913 1710 5954; x_wconf 83' lang='lat' dir='ltr'><strong>co-</strong></span> 
     </span>
    </p>
   </div>
   <div class='ocr_carea' id='block_1_77' title="bbox 571 5997 1065 6061">
    <p class='ocr_par' dir='ltr' id='par_1_77' title="bbox 571 5997 1065 6061">
     <span class='ocr_line' id='line_1_77' title="bbox 571 5997 1065 6061; baseline -0.004 -2"><span class='ocrx_word' id='word_1_587' title='bbox 571 5997 839 6060; x_wconf 75' lang='grc' dir='ltr'><strong>ΡΑτιοι..</strong></span> <span class='ocrx_word' id='word_1_588' title='bbox 875 5997 1065 6061; x_wconf 76' lang='lat' dir='ltr'><strong>CXV.</strong></span> 
     </span>
    </p>
   </div>
   <div class='ocr_carea' id='block_1_78' title="bbox 1733 4656 1800 4716">
    <p class='ocr_par' dir='ltr' id='par_1_78' title="bbox 1733 4656 1800 4716">
     <span class='ocr_line' id='line_1_78' title="bbox 1733 4656 1800 4716; baseline 0 -10"><span class='ocrx_word' id='word_1_589' title='bbox 1733 4656 1800 4716; x_wconf 90' lang='lat' dir='ltr'><strong>D.</strong></span> 
     </span>
    </p>
   </div>
   <div class='ocr_carea' id='block_1_79' title="bbox 1811 2008 3401 2085">
    <p class='ocr_par' dir='ltr' id='par_1_79' title="bbox 1811 2008 3401 2085">
     <span class='ocr_line' id='line_1_79' title="bbox 1811 2008 3401 2085; baseline 0.004 -19"><span class='ocrx_word' id='word_1_590' title='bbox 1811 2024 2091 2076; x_wconf 86' lang='lat' dir='ltr'><strong>sessurus,</strong></span> <span class='ocrx_word' id='word_1_591' title='bbox 2148 2008 2405 2066; x_wconf 89' lang='lat' dir='ltr'><strong>Sidonem</strong></span> <span class='ocrx_word' id='word_1_592' title='bbox 2459 2026 2675 2082; x_wconf 91' lang='lat' dir='ltr'><strong>quoque</strong></span> <span class='ocrx_word' id='word_1_593' title='bbox 2729 2022 2784 2068; x_wconf 94' lang='lat' dir='ltr'><strong>et</strong></span> <span class='ocrx_word' id='word_1_594' title='bbox 2838 2013 3076 2085; x_wconf 88' lang='lat' dir='ltr'><strong>reliquas</strong></span> <span class='ocrx_word' id='word_1_595' title='bbox 3121 2015 3401 2073; x_wconf 87' lang='lat' dir='ltr'><strong>Phoenicis</strong></span> 
     </span>
    </p>
   </div>
   <div class='ocr_carea' id='block_1_80' title="bbox 1811 2102 3406 2179">
    <p class='ocr_par' dir='ltr' id='par_1_80' title="bbox 1811 2102 3406 2179">
     <span class='ocr_line' id='line_1_80' title="bbox 1811 2102 3406 2179; baseline 0.005 -22"><span class='ocrx_word' id='word_1_596' title='bbox 1811 2103 1976 2158; x_wconf 91' lang='lat' dir='ltr'><strong>urbes</strong></span> <span class='ocrx_word' id='word_1_597' title='bbox 2026 2102 2408 2173; x_wconf 87' lang='lat' dir='ltr'><strong>contingeret,</strong></span> <span class='ocrx_word' id='word_1_598' title='bbox 2467 2119 2610 2160; x_wconf 93' lang='lat' dir='ltr'><strong>nunc</strong></span> <span class='ocrx_word' id='word_1_599' title='bbox 2659 2105 2726 2160; x_wconf 91' lang='lat' dir='ltr'><strong>ad</strong></span> <span class='ocrx_word' id='word_1_600' title='bbox 2780 2107 3238 2164; x_wconf 87' lang='lat' dir='ltr'><strong>mediterraneam</strong></span> <span class='ocrx_word' id='word_1_601' title='bbox 3280 2125 3406 2179; x_wconf 90' lang='lat' dir='ltr'><strong>pro-</strong></span> 
     </span>
    </p>
   </div>
   <div class='ocr_carea' id='block_1_81' title="bbox 1815 2194 3405 2272">
    <p class='ocr_par' dir='ltr' id='par_1_81' title="bbox 1815 2194 3405 2272">
     <span class='ocr_line' id='line_1_81' title="bbox 1815 2194 3405 2272; baseline 0.008 -24"><span class='ocrx_word' id='word_1_602' title='bbox 1815 2195 2050 2250; x_wconf 88' lang='lat' dir='ltr'><strong>vinciam</strong></span> <span class='ocrx_word' id='word_1_603' title='bbox 2091 2194 2272 2262; x_wconf 90' lang='lat' dir='ltr'><strong>redit,</strong></span> <span class='ocrx_word' id='word_1_604' title='bbox 2325 2205 2381 2251; x_wconf 88' lang='lat' dir='ltr'><strong>et</strong></span> <span class='ocrx_word' id='word_1_605' title='bbox 2430 2195 2669 2264; x_wconf 88' lang='lat' dir='ltr'><strong>lsachar,</strong></span> <span class='ocrx_word' id='word_1_606' title='bbox 2725 2199 2818 2268; x_wconf 92' lang='lat' dir='ltr'><strong>qui</strong></span> <span class='ocrx_word' id='word_1_607' title='bbox 2862 2197 3019 2268; x_wconf 88' lang='lat' dir='ltr'><strong>juxta</strong></span> <span class='ocrx_word' id='word_1_608' title='bbox 3058 2199 3405 2272; x_wconf 88' lang='lat' dir='ltr'><strong>Nephthalim</strong></span> 
     </span>
    </p>
   </div>
   <div class='ocr_carea' id='block_1_82' title="bbox 1811 2285 3403 2362">
    <p class='ocr_par' dir='ltr' id='par_1_82' title="bbox 1811 2285 3403 2362">
     <span class='ocr_line' id='line_1_82' title="bbox 1811 2285 3403 2362; baseline 0.006 -21"><span class='ocrx_word' id='word_1_609' title='bbox 1811 2286 2236 2358; x_wconf 89' lang='lat' dir='ltr'><strong>pulcherrimam</strong></span> <span class='ocrx_word' id='word_1_610' title='bbox 2263 2287 2317 2342; x_wconf 91' lang='lat' dir='ltr'><strong>in</strong></span> <span class='ocrx_word' id='word_1_611' title='bbox 2346 2285 2569 2344; x_wconf 83' lang='lat' dir='ltr'><strong>Calilaea</strong></span> <span class='ocrx_word' id='word_1_612' title='bbox 2601 2289 2876 2362; x_wconf 89' lang='lat' dir='ltr'><strong>regionem</strong></span> <span class='ocrx_word' id='word_1_613' title='bbox 2914 2307 3269 2361; x_wconf 87' lang='lat' dir='ltr'><strong>possessurus</strong></span> <span class='ocrx_word' id='word_1_614' title='bbox 3296 2303 3403 2362; x_wconf 90' lang='lat' dir='ltr'><strong>est,</strong></span> 
     </span>
    </p>
   </div>
   <div class='ocr_carea' id='block_1_83' title="bbox 1809 2377 3404 2442">
    <p class='ocr_par' dir='ltr' id='par_1_83' title="bbox 1809 2377 3404 2442">
     <span class='ocr_line' id='line_1_83' title="bbox 1809 2377 3404 2442; baseline 0.006 -10"><span class='ocrx_word' id='word_1_615' title='bbox 1809 2377 2185 2434; x_wconf 90' lang='lat' dir='ltr'><strong>benedictione</strong></span> <span class='ocrx_word' id='word_1_616' title='bbox 2234 2393 2334 2433; x_wconf 91' lang='lat' dir='ltr'><strong>sua</strong></span> <span class='ocrx_word' id='word_1_617' title='bbox 2372 2379 2734 2435; x_wconf 88' lang='lat' dir='ltr'><strong>habitatorem</strong></span> <span class='ocrx_word' id='word_1_618' title='bbox 2764 2379 2912 2436; x_wconf 80' lang='lat' dir='ltr'><strong>facit.</strong></span> <span class='ocrx_word' id='word_1_619' title='bbox 2947 2382 3174 2439; x_wconf 85' lang='lat' dir='ltr'><strong>Asinum</strong></span> <span class='ocrx_word' id='word_1_620' title='bbox 3219 2393 3404 2442; x_wconf 90' lang='lat' dir='ltr'><strong>autem</strong></span> 
     </span>
    </p>
   </div>
   <div class='ocr_carea' id='block_1_84' title="bbox 1809 2469 3402 2546">
    <p class='ocr_par' dir='ltr' id='par_1_84' title="bbox 1809 2469 3402 2546">
     <span class='ocr_line' id='line_1_84' title="bbox 1809 2469 3402 2546; baseline 0.004 -20"><span class='ocrx_word' id='word_1_621' title='bbox 1809 2485 2024 2528; x_wconf 89' lang='lat' dir='ltr'><strong>osseum</strong></span> <span class='ocrx_word' id='word_1_622' title='bbox 2047 2470 2130 2526; x_wconf 89' lang='lat' dir='ltr'><strong>vel</strong></span> <span class='ocrx_word' id='word_1_623' title='bbox 2149 2469 2347 2528; x_wconf 88' lang='lat' dir='ltr'><strong>fortem</strong></span> <span class='ocrx_word' id='word_1_624' title='bbox 2365 2479 2538 2537; x_wconf 89' lang='lat' dir='ltr'><strong>vocat,</strong></span> <span class='ocrx_word' id='word_1_625' title='bbox 2565 2481 2622 2527; x_wconf 91' lang='lat' dir='ltr'><strong>et</strong></span> <span class='ocrx_word' id='word_1_626' title='bbox 2638 2472 2924 2529; x_wconf 90' lang='lat' dir='ltr'><strong>humerum</strong></span> <span class='ocrx_word' id='word_1_627' title='bbox 2949 2474 3016 2529; x_wconf 92' lang='lat' dir='ltr'><strong>ad</strong></span> <span class='ocrx_word' id='word_1_628' title='bbox 3041 2475 3402 2546; x_wconf 89' lang='lat' dir='ltr'><strong>portandum;</strong></span> 
     </span>
    </p>
   </div>
   <div class='ocr_carea' id='block_1_85' title="bbox 1810 2562 3406 2640">
    <p class='ocr_par' dir='ltr' id='par_1_85' title="bbox 1810 2562 3406 2640">
     <span class='ocr_line' id='line_1_85' title="bbox 1810 2562 3406 2640; baseline 0.005 -23"><span class='ocrx_word' id='word_1_629' title='bbox 1810 2563 1938 2633; x_wconf 89' lang='lat' dir='ltr'><strong>quia</strong></span> <span class='ocrx_word' id='word_1_630' title='bbox 1968 2563 2024 2617; x_wconf 88' lang='lat' dir='ltr'><strong>in</strong></span> <span class='ocrx_word' id='word_1_631' title='bbox 2073 2562 2260 2619; x_wconf 89' lang='lat' dir='ltr'><strong>labore</strong></span> <span class='ocrx_word' id='word_1_632' title='bbox 2289 2572 2450 2619; x_wconf 69' lang='lat' dir='ltr'><strong>terrae</strong></span> <span class='ocrx_word' id='word_1_633' title='bbox 2478 2571 2534 2619; x_wconf 89' lang='lat' dir='ltr'><strong>et</strong></span> <span class='ocrx_word' id='word_1_634' title='bbox 2573 2564 2835 2622; x_wconf 80' lang='lat' dir='ltr'><strong>vehendis</strong></span> <span class='ocrx_word' id='word_1_635' title='bbox 2878 2565 2946 2620; x_wconf 94' lang='lat' dir='ltr'><strong>ad</strong></span> <span class='ocrx_word' id='word_1_636' title='bbox 2985 2581 3152 2632; x_wconf 88' lang='lat' dir='ltr'><strong>mare,</strong></span> <span class='ocrx_word' id='word_1_637' title='bbox 3186 2584 3308 2640; x_wconf 86' lang='lat' dir='ltr'><strong>quae</strong></span> <span class='ocrx_word' id='word_1_638' title='bbox 3348 2570 3406 2624; x_wconf 90' lang='lat' dir='ltr'><strong>in</strong></span> 
     </span>
    </p>
   </div>
   <div class='ocr_carea' id='block_1_86' title="bbox 1811 2653 3407 2728">
    <p class='ocr_par' dir='ltr' id='par_1_86' title="bbox 1811 2653 3407 2728">
     <span class='ocr_line' id='line_1_86' title="bbox 1811 2653 3407 2728; baseline 0.006 -19"><span class='ocrx_word' id='word_1_639' title='bbox 1811 2653 2010 2710; x_wconf 91' lang='lat' dir='ltr'><strong>ﬁnibus</strong></span> <span class='ocrx_word' id='word_1_640' title='bbox 2062 2655 2176 2711; x_wconf 91' lang='lat' dir='ltr'><strong>suis</strong></span> <span class='ocrx_word' id='word_1_641' title='bbox 2219 2655 2604 2721; x_wconf 90' lang='lat' dir='ltr'><strong>nascebantur,</strong></span> <span class='ocrx_word' id='word_1_642' title='bbox 2639 2655 2932 2727; x_wconf 91' lang='lat' dir='ltr'><strong>plurimum</strong></span> <span class='ocrx_word' id='word_1_643' title='bbox 2970 2657 3266 2728; x_wconf 89' lang='lat' dir='ltr'><strong>laboraret,</strong></span> <span class='ocrx_word' id='word_1_644' title='bbox 3320 2678 3407 2718; x_wconf 91' lang='lat' dir='ltr'><strong>re-</strong></span> 
     </span>
    </p>
   </div>
   <div class='ocr_carea' id='block_1_87' title="bbox 1810 2742 3399 2823">
    <p class='ocr_par' dir='ltr' id='par_1_87' title="bbox 1810 2742 3399 2823">
     <span class='ocr_line' id='line_1_87' title="bbox 1810 2742 3399 2823; baseline 0.008 -27"><span class='ocrx_word' id='word_1_645' title='bbox 1810 2742 1967 2814; x_wconf 86' lang='lat' dir='ltr'><strong>gibus</strong></span> <span class='ocrx_word' id='word_1_646' title='bbox 1991 2759 2206 2815; x_wconf 91' lang='lat' dir='ltr'><strong>quoque</strong></span> <span class='ocrx_word' id='word_1_647' title='bbox 2227 2745 2432 2801; x_wconf 90' lang='lat' dir='ltr'><strong>tributa</strong></span> <span class='ocrx_word' id='word_1_648' title='bbox 2464 2754 2832 2816; x_wconf 87' lang='lat' dir='ltr'><strong>comportans.</strong></span> <span class='ocrx_word' id='word_1_649' title='bbox 2857 2747 3026 2804; x_wconf 85' lang='lat' dir='ltr'><strong>Aiunt</strong></span> <span class='ocrx_word' id='word_1_650' title='bbox 3057 2748 3270 2807; x_wconf 74' lang='lat' dir='ltr'><strong>Hebraei</strong></span> <span class='ocrx_word' id='word_1_651' title='bbox 3300 2768 3399 2823; x_wconf 89' lang='lat' dir='ltr'><strong>per</strong></span> 
     </span>
    </p>
   </div>
   <div class='ocr_carea' id='block_1_88' title="bbox 1811 2840 3408 2912">
    <p class='ocr_par' dir='ltr' id='par_1_88' title="bbox 1811 2840 3408 2912">
     <span class='ocr_line' id='line_1_88' title="bbox 1811 2840 3408 2912; baseline 0.008 -20"><span class='ocrx_word' id='word_1_652' title='bbox 1811 2840 2188 2909; x_wconf 89' lang='lat' dir='ltr'><strong>metaphoram</strong></span> <span class='ocrx_word' id='word_1_653' title='bbox 2217 2840 2538 2912; x_wconf 88' lang='lat' dir='ltr'><strong>signiﬁcari,</strong></span> <span class='ocrx_word' id='word_1_654' title='bbox 2563 2841 2708 2911; x_wconf 90' lang='lat' dir='ltr'><strong>quod</strong></span> <span class='ocrx_word' id='word_1_655' title='bbox 2731 2841 3044 2912; x_wconf 88' lang='lat' dir='ltr'><strong>Scripturas</strong></span> <span class='ocrx_word' id='word_1_656' title='bbox 3075 2856 3291 2903; x_wconf 89' lang='lat' dir='ltr'><strong>sanctas</strong></span> <span class='ocrx_word' id='word_1_657' title='bbox 3317 2848 3408 2904; x_wconf 89' lang='lat' dir='ltr'><strong>die</strong></span> 
     </span>
    </p>
   </div>
   <div class='ocr_carea' id='block_1_89' title="bbox 1810 2933 3403 3000">
    <p class='ocr_par' dir='ltr' id='par_1_89' title="bbox 1810 2933 3403 3000">
     <span class='ocr_line' id='line_1_89' title="bbox 1810 2933 3403 3000; baseline 0.006 -12"><span class='ocrx_word' id='word_1_658' title='bbox 1810 2948 1875 2988; x_wconf 93' lang='lat' dir='ltr'><strong>ac</strong></span> <span class='ocrx_word' id='word_1_659' title='bbox 1926 2942 2086 2988; x_wconf 90' lang='lat' dir='ltr'><strong>nocte</strong></span> <span class='ocrx_word' id='word_1_660' title='bbox 2113 2933 2405 3000; x_wconf 88' lang='lat' dir='ltr'><strong>meditans,</strong></span> <span class='ocrx_word' id='word_1_661' title='bbox 2445 2934 2683 2990; x_wconf 89' lang='lat' dir='ltr'><strong>studium</strong></span> <span class='ocrx_word' id='word_1_662' title='bbox 2720 2951 2878 2991; x_wconf 90' lang='lat' dir='ltr'><strong>suum</strong></span> <span class='ocrx_word' id='word_1_663' title='bbox 2919 2938 3216 2996; x_wconf 88' lang='lat' dir='ltr'><strong>dederitad</strong></span> <span class='ocrx_word' id='word_1_664' title='bbox 3249 2941 3403 2999; x_wconf 90' lang='lat' dir='ltr'><strong>labo-</strong></span> 
     </span>
    </p>
   </div>
   <div class='ocr_carea' id='block_1_90' title="bbox 1811 3023 3405 3108">
    <p class='ocr_par' dir='ltr' id='par_1_90' title="bbox 1811 3023 3405 3108">
     <span class='ocr_line' id='line_1_90' title="bbox 1811 3023 3405 3108; baseline 0.009 -32"><span class='ocrx_word' id='word_1_665' title='bbox 1811 3023 2066 3090; x_wconf 87' lang='lat' dir='ltr'><strong>randum,</strong></span> <span class='ocrx_word' id='word_1_666' title='bbox 2097 3033 2154 3079; x_wconf 90' lang='lat' dir='ltr'><strong>et</strong></span> <span class='ocrx_word' id='word_1_667' title='bbox 2189 3025 2394 3083; x_wconf 86' lang='lat' dir='ltr'><strong>idcirco</strong></span> <span class='ocrx_word' id='word_1_668' title='bbox 2428 3026 2480 3084; x_wconf 94' lang='lat' dir='ltr'><strong>ei</strong></span> <span class='ocrx_word' id='word_1_669' title='bbox 2505 3041 2694 3084; x_wconf 89' lang='lat' dir='ltr'><strong>omnes</strong></span> <span class='ocrx_word' id='word_1_670' title='bbox 2730 3027 2998 3097; x_wconf 87' lang='lat' dir='ltr'><strong>serviunt,</strong></span> <span class='ocrx_word' id='word_1_671' title='bbox 3033 3033 3188 3092; x_wconf 81' lang='lat' dir='ltr'><strong>quasi</strong></span> <span class='ocrx_word' id='word_1_672' title='bbox 3234 3037 3405 3108; x_wconf 77' lang='lat' dir='ltr'><strong>magi-</strong></span> 
     </span>
    </p>
   </div>
   <div class='ocr_carea' id='block_1_91' title="bbox 1811 3116 2416 3188">
    <p class='ocr_par' dir='ltr' id='par_1_91' title="bbox 1811 3116 2416 3188">
     <span class='ocr_line' id='line_1_91' title="bbox 1811 3116 2416 3188; baseline 0.003 -17"><span class='ocrx_word' id='word_1_673' title='bbox 1811 3125 1926 3172; x_wconf 89' lang='lat' dir='ltr'><strong>stro</strong></span> <span class='ocrx_word' id='word_1_674' title='bbox 1946 3116 2088 3172; x_wconf 90' lang='lat' dir='ltr'><strong>dona</strong></span> <span class='ocrx_word' id='word_1_675' title='bbox 2116 3127 2416 3188; x_wconf 89' lang='lat' dir='ltr'><strong>portantes.</strong></span> 
     </span>
    </p>
   </div>
   <div class='ocr_carea' id='block_1_92' title="bbox 1883 3208 3405 3286">
    <p class='ocr_par' dir='ltr' id='par_1_92' title="bbox 1883 3208 3405 3286">
     <span class='ocr_line' id='line_1_92' title="bbox 1883 3208 3405 3286; baseline 0.008 -24"><span class='ocrx_word' id='word_1_676' title='bbox 1883 3208 2044 3265; x_wconf 74' lang='lat' dir='ltr'><strong>Vsus.</strong></span> <span class='ocrx_word' id='word_1_677' title='bbox 2069 3210 2260 3265; x_wconf 70' lang='lat'><strong>16-18.</strong></span> <span class='ocrx_word' id='word_1_678' title='bbox 2279 3242 2350 3252; x_wconf 92' lang='lat'><strong>—</strong></span> <span class='ocrx_word' id='word_1_679' title='bbox 2378 3211 2501 3266; x_wconf 88' lang='lat' dir='ltr'><strong>Dan</strong></span> <span class='ocrx_word' id='word_1_680' title='bbox 2519 3211 2786 3282; x_wconf 86' lang='lat' dir='ltr'><strong>judicabit</strong></span> <span class='ocrx_word' id='word_1_681' title='bbox 2815 3215 3066 3286; x_wconf 89' lang='lat' dir='ltr'><strong>populum</strong></span> <span class='ocrx_word' id='word_1_682' title='bbox 3091 3233 3248 3272; x_wconf 88' lang='lat' dir='ltr'><strong>suum</strong></span> <span class='ocrx_word' id='word_1_683' title='bbox 3268 3220 3405 3274; x_wconf 90' lang='lat' dir='ltr'><strong>sicut</strong></span> 
     </span>
    </p>
   </div>
   <div class='ocr_carea' id='block_1_93' title="bbox 1811 3301 3402 3376">
    <p class='ocr_par' dir='ltr' id='par_1_93' title="bbox 1811 3301 3402 3376">
     <span class='ocr_line' id='line_1_93' title="bbox 1811 3301 3402 3376; baseline 0.006 -19"><span class='ocrx_word' id='word_1_684' title='bbox 1811 3311 1859 3357; x_wconf 90' lang='lat' dir='ltr'><strong>et</strong></span> <span class='ocrx_word' id='word_1_685' title='bbox 1885 3302 1993 3356; x_wconf 89' lang='lat' dir='ltr'><strong>alia</strong></span> <span class='ocrx_word' id='word_1_686' title='bbox 2032 3302 2199 3357; x_wconf 86' lang='lat' dir='ltr'><strong>tribus</strong></span> <span class='ocrx_word' id='word_1_687' title='bbox 2227 3302 2418 3358; x_wconf 89' lang='lat' dir='ltr'><strong>Israel.</strong></span> <span class='ocrx_word' id='word_1_688' title='bbox 2449 3301 2573 3358; x_wconf 83' lang='lat' dir='ltr'><strong>Fiat</strong></span> <span class='ocrx_word' id='word_1_689' title='bbox 2603 3305 2725 3360; x_wconf 88' lang='lat' dir='ltr'><strong>Dan</strong></span> <span class='ocrx_word' id='word_1_690' title='bbox 2761 3305 2968 3361; x_wconf 84' lang='lat' dir='ltr'><strong>coluber</strong></span> <span class='ocrx_word' id='word_1_691' title='bbox 3009 3308 3065 3362; x_wconf 89' lang='lat' dir='ltr'><strong>in</strong></span> <span class='ocrx_word' id='word_1_692' title='bbox 3105 3309 3210 3376; x_wconf 83' lang='lat' dir='ltr'><strong>uia,</strong></span> <span class='ocrx_word' id='word_1_693' title='bbox 3235 3319 3285 3364; x_wconf 91' lang='lat' dir='ltr'><strong>et</strong></span> <span class='ocrx_word' id='word_1_694' title='bbox 3316 3328 3402 3366; x_wconf 86' lang='lat' dir='ltr'><strong>ce-</strong></span> 
     </span>
    </p>
   </div>
   <div class='ocr_carea' id='block_1_94' title="bbox 1813 3397 3406 3473">
    <p class='ocr_par' dir='ltr' id='par_1_94' title="bbox 1813 3397 3406 3473">
     <span class='ocr_line' id='line_1_94' title="bbox 1813 3397 3406 3473; baseline 0.006 -24"><span class='ocrx_word' id='word_1_695' title='bbox 1813 3406 1978 3451; x_wconf 87' lang='lat' dir='ltr'><strong>rastes</strong></span> <span class='ocrx_word' id='word_1_696' title='bbox 2019 3398 2074 3451; x_wconf 89' lang='lat' dir='ltr'><strong>in</strong></span> <span class='ocrx_word' id='word_1_697' title='bbox 2129 3399 2332 3464; x_wconf 87' lang='lat' dir='ltr'><strong>semita,</strong></span> <span class='ocrx_word' id='word_1_698' title='bbox 2391 3397 2634 3453; x_wconf 89' lang='lat' dir='ltr'><strong>mordens</strong></span> <span class='ocrx_word' id='word_1_699' title='bbox 2686 3399 2912 3471; x_wconf 90' lang='lat' dir='ltr'><strong>ungulas</strong></span> <span class='ocrx_word' id='word_1_700' title='bbox 2967 3401 3105 3473; x_wconf 88' lang='lat' dir='ltr'><strong>equi,</strong></span> <span class='ocrx_word' id='word_1_701' title='bbox 3156 3411 3215 3456; x_wconf 86' lang='lat' dir='ltr'><strong>ut</strong></span> <span class='ocrx_word' id='word_1_702' title='bbox 3248 3405 3406 3458; x_wconf 86' lang='lat' dir='ltr'><strong>cadat</strong></span> 
     </span>
    </p>
   </div>
   <div class='ocr_carea' id='block_1_95' title="bbox 1813 3489 3400 3560">
    <p class='ocr_par' dir='ltr' id='par_1_95' title="bbox 1813 3489 3400 3560">
     <span class='ocr_line' id='line_1_95' title="bbox 1813 3489 3400 3560; baseline 0.004 -18"><span class='ocrx_word' id='word_1_703' title='bbox 1813 3505 2058 3543; x_wconf 86' lang='lat' dir='ltr'><strong>ascensor</strong></span> <span class='ocrx_word' id='word_1_704' title='bbox 2092 3489 2208 3560; x_wconf 86' lang='lat' dir='ltr'><strong>ejus</strong></span> <span class='ocrx_word' id='word_1_705' title='bbox 2236 3499 2392 3544; x_wconf 88' lang='lat' dir='ltr'><strong>retro.</strong></span> <span class='ocrx_word' id='word_1_706' title='bbox 2439 3489 2688 3546; x_wconf 87' lang='lat' dir='ltr'><strong>Salutare</strong></span> <span class='ocrx_word' id='word_1_707' title='bbox 2719 3501 2869 3546; x_wconf 88' lang='lat' dir='ltr'><strong>tuum</strong></span> <span class='ocrx_word' id='word_1_708' title='bbox 2915 3494 3245 3560; x_wconf 76' lang='lat' dir='ltr'><strong>exspectabo,</strong></span> <span class='ocrx_word' id='word_1_709' title='bbox 3287 3493 3400 3549; x_wconf 80' lang='lat' dir='ltr'><strong>Do-</strong></span> 
     </span>
    </p>
   </div>
   <div class='ocr_carea' id='block_1_96' title="bbox 1811 3581 3404 3652">
    <p class='ocr_par' dir='ltr' id='par_1_96' title="bbox 1811 3581 3404 3652">
     <span class='ocr_line' id='line_1_96' title="bbox 1811 3581 3404 3652; baseline 0.006 -17"><span class='ocrx_word' id='word_1_710' title='bbox 1811 3583 1968 3638; x_wconf 85' lang='lat' dir='ltr'><strong>mine.</strong></span> <span class='ocrx_word' id='word_1_711' title='bbox 2002 3581 2232 3639; x_wconf 87' lang='lat' dir='ltr'><strong>Samson</strong></span> <span class='ocrx_word' id='word_1_712' title='bbox 2268 3581 2435 3652; x_wconf 86' lang='lat' dir='ltr'><strong>judex</strong></span> <span class='ocrx_word' id='word_1_713' title='bbox 2463 3583 2652 3650; x_wconf 83' lang='lat' dir='ltr'><strong>Israel,</strong></span> <span class='ocrx_word' id='word_1_714' title='bbox 2694 3584 2760 3640; x_wconf 91' lang='lat' dir='ltr'><strong>de</strong></span> <span class='ocrx_word' id='word_1_715' title='bbox 2802 3584 2947 3641; x_wconf 91' lang='lat' dir='ltr'><strong>tribu</strong></span> <span class='ocrx_word' id='word_1_716' title='bbox 2977 3585 3091 3642; x_wconf 86' lang='lat' dir='ltr'><strong>Dan</strong></span> <span class='ocrx_word' id='word_1_717' title='bbox 3137 3585 3255 3641; x_wconf 85' lang='lat' dir='ltr'><strong>fuit.</strong></span> <span class='ocrx_word' id='word_1_718' title='bbox 3289 3585 3404 3644; x_wconf 88' lang='lat' dir='ltr'><strong>Hoc</strong></span> 
     </span>
    </p>
   </div>
   <div class='ocr_carea' id='block_1_97' title="bbox 1812 3676 3408 3749">
    <p class='ocr_par' dir='ltr' id='par_1_97' title="bbox 1812 3676 3408 3749">
     <span class='ocr_line' id='line_1_97' title="bbox 1812 3676 3408 3749; baseline 0.003 -18"><span class='ocrx_word' id='word_1_719' title='bbox 1812 3690 1941 3748; x_wconf 92' lang='lat' dir='ltr'><strong>ergo</strong></span> <span class='ocrx_word' id='word_1_720' title='bbox 1988 3676 2123 3732; x_wconf 91' lang='lat' dir='ltr'><strong>dicit</strong></span> <span class='ocrx_word' id='word_1_721' title='bbox 2171 3692 2317 3732; x_wconf 90' lang='lat' dir='ltr'><strong>nunc</strong></span> <span class='ocrx_word' id='word_1_722' title='bbox 2362 3676 2552 3732; x_wconf 92' lang='lat' dir='ltr'><strong>videns</strong></span> <span class='ocrx_word' id='word_1_723' title='bbox 2579 3678 2633 3731; x_wconf 93' lang='lat' dir='ltr'><strong>in</strong></span> <span class='ocrx_word' id='word_1_724' title='bbox 2684 3677 2879 3749; x_wconf 81' lang='lat' dir='ltr'><strong>Spiritu</strong></span> <span class='ocrx_word' id='word_1_725' title='bbox 2921 3693 3134 3734; x_wconf 89' lang='lat' dir='ltr'><strong>comam</strong></span> <span class='ocrx_word' id='word_1_726' title='bbox 3193 3680 3408 3746; x_wconf 19' lang='lat' dir='ltr'><strong>nutrire,</strong></span> 
     </span>
    </p>
   </div>
   <div class='ocr_carea' id='block_1_98' title="bbox 1813 3767 3405 3828">
    <p class='ocr_par' dir='ltr' id='par_1_98' title="bbox 1813 3767 3405 3828">
     <span class='ocr_line' id='line_1_98' title="bbox 1813 3767 3405 3828; baseline 0.003 -4"><span class='ocrx_word' id='word_1_727' title='bbox 1813 3767 2138 3825; x_wconf 90' lang='lat' dir='ltr'><strong>Samsonem</strong></span> <span class='ocrx_word' id='word_1_728' title='bbox 2170 3786 2184 3823; x_wconf 90' lang='lat'><strong>:</strong></span> <span class='ocrx_word' id='word_1_729' title='bbox 2219 3768 2536 3824; x_wconf 82' lang='lat' dir='ltr'><strong>Nazarseum</strong></span> <span class='ocrx_word' id='word_1_730' title='bbox 2575 3777 2725 3825; x_wconf 91' lang='lat' dir='ltr'><strong>tuum</strong></span> <span class='ocrx_word' id='word_1_731' title='bbox 2757 3771 2912 3827; x_wconf 68' lang='lat' dir='ltr'><strong>caesis</strong></span> <span class='ocrx_word' id='word_1_732' title='bbox 2939 3772 3186 3828; x_wconf 90' lang='lat' dir='ltr'><strong>hostibus</strong></span> <span class='ocrx_word' id='word_1_733' title='bbox 3216 3773 3405 3828; x_wconf 86' lang='lat' dir='ltr'><strong>trium-</strong></span> 
     </span>
    </p>
   </div>
   <div class='ocr_carea' id='block_1_99' title="bbox 1811 3860 3404 3935">
    <p class='ocr_par' dir='ltr' id='par_1_99' title="bbox 1811 3860 3404 3935">
     <span class='ocr_line' id='line_1_99' title="bbox 1811 3860 3404 3935; baseline 0.003 -18"><span class='ocrx_word' id='word_1_734' title='bbox 1811 3863 2001 3934; x_wconf 90' lang='lat' dir='ltr'><strong>phare,</strong></span> <span class='ocrx_word' id='word_1_735' title='bbox 2029 3862 2174 3933; x_wconf 92' lang='lat' dir='ltr'><strong>quod</strong></span> <span class='ocrx_word' id='word_1_736' title='bbox 2217 3860 2274 3916; x_wconf 91' lang='lat' dir='ltr'><strong>in</strong></span> <span class='ocrx_word' id='word_1_737' title='bbox 2303 3861 2711 3918; x_wconf 89' lang='lat' dir='ltr'><strong>similitudinem</strong></span> <span class='ocrx_word' id='word_1_738' title='bbox 2750 3862 2959 3919; x_wconf 89' lang='lat' dir='ltr'><strong>colubri</strong></span> <span class='ocrx_word' id='word_1_739' title='bbox 3002 3864 3281 3935; x_wconf 85' lang='lat' dir='ltr'><strong>regulique</strong></span> <span class='ocrx_word' id='word_1_740' title='bbox 3309 3866 3404 3923; x_wconf 54' lang='lat' dir='ltr'><strong>ob-</strong></span> 
     </span>
    </p>
   </div>
   <div class='ocr_carea' id='block_1_100' title="bbox 1813 3955 3403 4030">
    <p class='ocr_par' dir='ltr' id='par_1_100' title="bbox 1813 3955 3403 4030">
     <span class='ocr_line' id='line_1_100' title="bbox 1813 3955 3403 4030; baseline 0.001 -18"><span class='ocrx_word' id='word_1_741' title='bbox 1813 3956 2041 4012; x_wconf 89' lang='lat' dir='ltr'><strong>sidentis</strong></span> <span class='ocrx_word' id='word_1_742' title='bbox 2057 3956 2196 4022; x_wconf 91' lang='lat' dir='ltr'><strong>vias,</strong></span> <span class='ocrx_word' id='word_1_743' title='bbox 2223 3955 2429 4010; x_wconf 91' lang='lat' dir='ltr'><strong>nullum</strong></span> <span class='ocrx_word' id='word_1_744' title='bbox 2469 3971 2566 4026; x_wconf 87' lang='lat' dir='ltr'><strong>per</strong></span> <span class='ocrx_word' id='word_1_745' title='bbox 2594 3964 2797 4012; x_wconf 89' lang='lat' dir='ltr'><strong>terram</strong></span> <span class='ocrx_word' id='word_1_746' title='bbox 2826 3955 2992 4012; x_wconf 86' lang='lat' dir='ltr'><strong>Israel</strong></span> <span class='ocrx_word' id='word_1_747' title='bbox 3025 3958 3257 4014; x_wconf 89' lang='lat' dir='ltr'><strong>transire</strong></span> <span class='ocrx_word' id='word_1_748' title='bbox 3280 3974 3403 4030; x_wconf 79' lang='lat' dir='ltr'><strong>per-</strong></span> 
     </span>
    </p>
   </div>
   <div class='ocr_carea' id='block_1_101' title="bbox 1815 4047 3400 4118">
    <p class='ocr_par' dir='ltr' id='par_1_101' title="bbox 1815 4047 3400 4118">
     <span class='ocr_line' id='line_1_101' title="bbox 1815 4047 3400 4118; baseline 0.003 -16"><span class='ocrx_word' id='word_1_749' title='bbox 1815 4048 2030 4102; x_wconf 87' lang='lat' dir='ltr'><strong>mittat:</strong></span> <span class='ocrx_word' id='word_1_750' title='bbox 2064 4047 2158 4104; x_wconf 91' lang='lat' dir='ltr'><strong>sed</strong></span> <span class='ocrx_word' id='word_1_751' title='bbox 2205 4048 2391 4114; x_wconf 91' lang='lat' dir='ltr'><strong>etiam,</strong></span> <span class='ocrx_word' id='word_1_752' title='bbox 2445 4048 2489 4102; x_wconf 91' lang='lat' dir='ltr'><strong>si</strong></span> <span class='ocrx_word' id='word_1_753' title='bbox 2518 4048 2642 4118; x_wconf 86' lang='lat' dir='ltr'><strong>quis</strong></span> <span class='ocrx_word' id='word_1_754' title='bbox 2671 4049 3014 4105; x_wconf 58' lang='lat' dir='ltr'><strong>temerarius</strong></span> <span class='ocrx_word' id='word_1_755' title='bbox 3058 4049 3259 4106; x_wconf 87' lang='lat' dir='ltr'><strong>virtute</strong></span> <span class='ocrx_word' id='word_1_756' title='bbox 3281 4067 3400 4118; x_wconf 88' lang='lat' dir='ltr'><strong>sua,</strong></span> 
     </span>
    </p>
   </div>
   <div class='ocr_carea' id='block_1_102' title="bbox 1813 4141 3400 4219">
    <p class='ocr_par' dir='ltr' id='par_1_102' title="bbox 1813 4141 3400 4219">
     <span class='ocr_line' id='line_1_102' title="bbox 1813 4141 3400 4219; baseline 0.008 -26"><span class='ocrx_word' id='word_1_757' title='bbox 1813 4142 1970 4215; x_wconf 87' lang='lat' dir='ltr'><strong>quasi</strong></span> <span class='ocrx_word' id='word_1_758' title='bbox 1992 4141 2276 4198; x_wconf 90' lang='lat' dir='ltr'><strong>velocitate</strong></span> <span class='ocrx_word' id='word_1_759' title='bbox 2304 4143 2430 4212; x_wconf 91' lang='lat' dir='ltr'><strong>equi</strong></span> <span class='ocrx_word' id='word_1_760' title='bbox 2455 4142 2697 4200; x_wconf 88' lang='lat' dir='ltr'><strong>conﬁsus</strong></span> <span class='ocrx_word' id='word_1_761' title='bbox 2730 4160 2849 4199; x_wconf 90' lang='lat' dir='ltr'><strong>eam</strong></span> <span class='ocrx_word' id='word_1_762' title='bbox 2873 4146 3106 4202; x_wconf 88' lang='lat' dir='ltr'><strong>voluerit</strong></span> <span class='ocrx_word' id='word_1_763' title='bbox 3129 4149 3400 4219; x_wconf 70' lang='lat' dir='ltr'><strong>praedonis</strong></span> 
     </span>
    </p>
   </div>
   <div class='ocr_carea' id='block_1_103' title="bbox 1812 4232 3400 4306">
    <p class='ocr_par' dir='ltr' id='par_1_103' title="bbox 1812 4232 3400 4306">
     <span class='ocr_line' id='line_1_103' title="bbox 1812 4232 3400 4306; baseline 0.004 -17"><span class='ocrx_word' id='word_1_764' title='bbox 1812 4249 1965 4290; x_wconf 88' lang='lat' dir='ltr'><strong>more</strong></span> <span class='ocrx_word' id='word_1_765' title='bbox 2005 4233 2272 4304; x_wconf 90' lang='lat' dir='ltr'><strong>populari,</strong></span> <span class='ocrx_word' id='word_1_766' title='bbox 2314 4249 2422 4289; x_wconf 89' lang='lat' dir='ltr'><strong>non</strong></span> <span class='ocrx_word' id='word_1_767' title='bbox 2449 4232 2687 4306; x_wconf 76' lang='lat' dir='ltr'><strong>eﬁ‘ngere</strong></span> <span class='ocrx_word' id='word_1_768' title='bbox 2714 4233 2938 4292; x_wconf 88' lang='lat' dir='ltr'><strong>valebit.</strong></span> <span class='ocrx_word' id='word_1_769' title='bbox 2975 4236 3171 4293; x_wconf 91' lang='lat' dir='ltr'><strong>Totum</strong></span> <span class='ocrx_word' id='word_1_770' title='bbox 3217 4248 3400 4295; x_wconf 82' lang='lat' dir='ltr'><strong>autem</strong></span> 
     </span>
    </p>
   </div>
   <div class='ocr_carea' id='block_1_104' title="bbox 1812 4326 3400 4399">
    <p class='ocr_par' dir='ltr' id='par_1_104' title="bbox 1812 4326 3400 4399">
     <span class='ocr_line' id='line_1_104' title="bbox 1812 4326 3400 4399; baseline 0.003 -16"><span class='ocrx_word' id='word_1_771' title='bbox 1812 4343 1910 4399; x_wconf 91' lang='lat' dir='ltr'><strong>per</strong></span> <span class='ocrx_word' id='word_1_772' title='bbox 1939 4327 2313 4398; x_wconf 88' lang='lat' dir='ltr'><strong>metaphoram</strong></span> <span class='ocrx_word' id='word_1_773' title='bbox 2344 4326 2610 4397; x_wconf 88' lang='lat' dir='ltr'><strong>serpentis</strong></span> <span class='ocrx_word' id='word_1_774' title='bbox 2657 4335 2713 4382; x_wconf 91' lang='lat' dir='ltr'><strong>et</strong></span> <span class='ocrx_word' id='word_1_775' title='bbox 2758 4327 2956 4398; x_wconf 88' lang='lat' dir='ltr'><strong>equitis</strong></span> <span class='ocrx_word' id='word_1_776' title='bbox 3009 4327 3265 4399; x_wconf 90' lang='lat' dir='ltr'><strong>loquitur.</strong></span> <span class='ocrx_word' id='word_1_777' title='bbox 3306 4332 3400 4387; x_wconf 80' lang='lat' dir='ltr'><strong>Vi-</strong></span> 
     </span>
    </p>
   </div>
   <div class='ocr_carea' id='block_1_105' title="bbox 1813 4415 3406 4492">
    <p class='ocr_par' dir='ltr' id='par_1_105' title="bbox 1813 4415 3406 4492">
     <span class='ocr_line' id='line_1_105' title="bbox 1813 4415 3406 4492; baseline 0.001 -16"><span class='ocrx_word' id='word_1_778' title='bbox 1813 4420 1946 4476; x_wconf 90' lang='lat' dir='ltr'><strong>dens</strong></span> <span class='ocrx_word' id='word_1_779' title='bbox 1973 4433 2103 4491; x_wconf 89' lang='lat' dir='ltr'><strong>ergo</strong></span> <span class='ocrx_word' id='word_1_780' title='bbox 2132 4427 2241 4472; x_wconf 90' lang='lat' dir='ltr'><strong>tam</strong></span> <span class='ocrx_word' id='word_1_781' title='bbox 2276 4424 2476 4474; x_wconf 78' lang='lat' dir='ltr'><strong>fortem</strong></span> <span class='ocrx_word' id='word_1_782' title='bbox 2519 4415 2837 4474; x_wconf 66' lang='lat' dir='ltr'><strong>Nazaratnm</strong></span> <span class='ocrx_word' id='word_1_783' title='bbox 2869 4430 3049 4484; x_wconf 88' lang='lat' dir='ltr'><strong>tuum,</strong></span> <span class='ocrx_word' id='word_1_784' title='bbox 3093 4419 3236 4489; x_wconf 80' lang='lat' dir='ltr'><strong>quod</strong></span> <span class='ocrx_word' id='word_1_785' title='bbox 3289 4419 3406 4492; x_wconf 90' lang='lat' dir='ltr'><strong>ipse</strong></span> 
     </span>
    </p>
   </div>
   <div class='ocr_carea' id='block_1_106' title="bbox 1811 4509 3404 4582">
    <p class='ocr_par' dir='ltr' id='par_1_106' title="bbox 1811 4509 3404 4582">
     <span class='ocr_line' id='line_1_106' title="bbox 1811 4509 3404 4582; baseline 0.003 -17"><span class='ocrx_word' id='word_1_786' title='bbox 1811 4519 2032 4582; x_wconf 87' lang='lat' dir='ltr'><strong>propter</strong></span> <span class='ocrx_word' id='word_1_787' title='bbox 2052 4509 2395 4567; x_wconf 89' lang='lat' dir='ltr'><strong>meretricem</strong></span> <span class='ocrx_word' id='word_1_788' title='bbox 2422 4520 2668 4568; x_wconf 90' lang='lat' dir='ltr'><strong>mortuus</strong></span> <span class='ocrx_word' id='word_1_789' title='bbox 2696 4519 2799 4577; x_wconf 91' lang='lat' dir='ltr'><strong>est,</strong></span> <span class='ocrx_word' id='word_1_790' title='bbox 2828 4519 2884 4567; x_wconf 91' lang='lat' dir='ltr'><strong>et</strong></span> <span class='ocrx_word' id='word_1_791' title='bbox 2917 4511 3157 4566; x_wconf 90' lang='lat' dir='ltr'><strong>moriens</strong></span> <span class='ocrx_word' id='word_1_792' title='bbox 3185 4522 3404 4569; x_wconf 90' lang='lat' dir='ltr'><strong>nostros</strong></span> 
     </span>
    </p>
   </div>
   <div class='ocr_carea' id='block_1_107' title="bbox 1810 4602 3402 4674">
    <p class='ocr_par' dir='ltr' id='par_1_107' title="bbox 1810 4602 3402 4674">
     <span class='ocr_line' id='line_1_107' title="bbox 1810 4602 3402 4674; baseline 0 -14"><span class='ocrx_word' id='word_1_793' title='bbox 1810 4602 2011 4660; x_wconf 90' lang='lat' dir='ltr'><strong>occidit</strong></span> <span class='ocrx_word' id='word_1_794' title='bbox 2054 4603 2324 4670; x_wconf 90' lang='lat' dir='ltr'><strong>inimicos,</strong></span> <span class='ocrx_word' id='word_1_795' title='bbox 2360 4604 2567 4674; x_wconf 88' lang='lat' dir='ltr'><strong>putavi,</strong></span> <span class='ocrx_word' id='word_1_796' title='bbox 2591 4618 2625 4658; x_wconf 91' lang='grc' dir='ltr'>ο</span> <span class='ocrx_word' id='word_1_797' title='bbox 2657 4603 2822 4670; x_wconf 91' lang='lat' dir='ltr'><strong>Deus,</strong></span> <span class='ocrx_word' id='word_1_798' title='bbox 2872 4603 3048 4674; x_wconf 91' lang='lat' dir='ltr'><strong>ipsum</strong></span> <span class='ocrx_word' id='word_1_799' title='bbox 3088 4619 3209 4660; x_wconf 91' lang='lat' dir='ltr'><strong>esse</strong></span> <span class='ocrx_word' id='word_1_800' title='bbox 3245 4604 3402 4660; x_wconf 87' lang='lat' dir='ltr'><strong>Chri-</strong></span> 
     </span>
    </p>
   </div>
   <div class='ocr_carea' id='block_1_108' title="bbox 1813 4695 3400 4765">
    <p class='ocr_par' dir='ltr' id='par_1_108' title="bbox 1813 4695 3400 4765">
     <span class='ocr_line' id='line_1_108' title="bbox 1813 4695 3400 4765; baseline 0 -12"><span class='ocrx_word' id='word_1_801' title='bbox 1813 4707 1956 4754; x_wconf 90' lang='lat' dir='ltr'><strong>stum</strong></span> <span class='ocrx_word' id='word_1_802' title='bbox 1987 4697 2182 4752; x_wconf 86' lang='lat' dir='ltr'><strong>Filium</strong></span> <span class='ocrx_word' id='word_1_803' title='bbox 2210 4705 2383 4751; x_wconf 91' lang='lat' dir='ltr'><strong>tuum.</strong></span> <span class='ocrx_word' id='word_1_804' title='bbox 2411 4695 2611 4752; x_wconf 88' lang='lat' dir='ltr'><strong>Verum</strong></span> <span class='ocrx_word' id='word_1_805' title='bbox 2639 4695 2764 4765; x_wconf 89' lang='lat' dir='ltr'><strong>quia</strong></span> <span class='ocrx_word' id='word_1_806' title='bbox 2801 4704 3049 4752; x_wconf 90' lang='lat' dir='ltr'><strong>mortuus</strong></span> <span class='ocrx_word' id='word_1_807' title='bbox 3073 4705 3180 4764; x_wconf 92' lang='lat' dir='ltr'><strong>est,</strong></span> <span class='ocrx_word' id='word_1_808' title='bbox 3205 4707 3261 4752; x_wconf 92' lang='lat' dir='ltr'><strong>et</strong></span> <span class='ocrx_word' id='word_1_809' title='bbox 3291 4715 3400 4754; x_wconf 91' lang='lat' dir='ltr'><strong>non</strong></span> 
     </span>
    </p>
   </div>
   <div class='ocr_carea' id='block_1_109' title="bbox 1813 4785 3400 4856">
    <p class='ocr_par' dir='ltr' id='par_1_109' title="bbox 1813 4785 3400 4856">
     <span class='ocr_line' id='line_1_109' title="bbox 1813 4785 3400 4856; baseline -0.001 -13"><span class='ocrx_word' id='word_1_810' title='bbox 1813 4788 2134 4854; x_wconf 87' lang='lat' dir='ltr'><strong>resurrexit,</strong></span> <span class='ocrx_word' id='word_1_811' title='bbox 2182 4795 2238 4842; x_wconf 93' lang='lat' dir='ltr'><strong>et</strong></span> <span class='ocrx_word' id='word_1_812' title='bbox 2285 4803 2500 4842; x_wconf 89' lang='lat' dir='ltr'><strong>rursum</strong></span> <span class='ocrx_word' id='word_1_813' title='bbox 2540 4786 2785 4856; x_wconf 89' lang='lat' dir='ltr'><strong>captivus</strong></span> <span class='ocrx_word' id='word_1_814' title='bbox 2835 4785 3030 4842; x_wconf 91' lang='lat' dir='ltr'><strong>ductus</strong></span> <span class='ocrx_word' id='word_1_815' title='bbox 3085 4795 3170 4843; x_wconf 90' lang='lat' dir='ltr'><strong>est</strong></span> <span class='ocrx_word' id='word_1_816' title='bbox 3212 4788 3400 4855; x_wconf 90' lang='lat' dir='ltr'><strong>Israel,</strong></span> 
     </span>
    </p>
   </div>
   <div class='ocr_carea' id='block_1_110' title="bbox 1815 4877 3402 4951">
    <p class='ocr_par' dir='ltr' id='par_1_110' title="bbox 1815 4877 3402 4951">
     <span class='ocr_line' id='line_1_110' title="bbox 1815 4877 3402 4951; baseline -0.001 -16"><span class='ocrx_word' id='word_1_817' title='bbox 1815 4880 1954 4936; x_wconf 87' lang='lat' dir='ltr'><strong>alius</strong></span> <span class='ocrx_word' id='word_1_818' title='bbox 1975 4879 2109 4935; x_wconf 89' lang='lat' dir='ltr'><strong>mihi</strong></span> <span class='ocrx_word' id='word_1_819' title='bbox 2152 4877 2390 4934; x_wconf 89' lang='lat' dir='ltr'><strong>salvator</strong></span> <span class='ocrx_word' id='word_1_820' title='bbox 2433 4879 2644 4944; x_wconf 91' lang='lat' dir='ltr'><strong>mundi,</strong></span> <span class='ocrx_word' id='word_1_821' title='bbox 2674 4887 2731 4934; x_wconf 87' lang='lat' dir='ltr'><strong>et</strong></span> <span class='ocrx_word' id='word_1_822' title='bbox 2757 4879 2862 4935; x_wconf 91' lang='lat' dir='ltr'><strong>mei</strong></span> <span class='ocrx_word' id='word_1_823' title='bbox 2907 4879 3124 4951; x_wconf 84' lang='lat' dir='ltr'><strong>generis</strong></span> <span class='ocrx_word' id='word_1_824' title='bbox 3177 4888 3402 4951; x_wconf 60' lang='lat' dir='ltr'><strong>praesto-</strong></span> 
     </span>
    </p>
   </div>
   <div class='ocr_carea' id='block_1_111' title="bbox 1815 4971 3402 5043">
    <p class='ocr_par' dir='ltr' id='par_1_111' title="bbox 1815 4971 3402 5043">
     <span class='ocr_line' id='line_1_111' title="bbox 1815 4971 3402 5043; baseline 0 -16"><span class='ocrx_word' id='word_1_825' title='bbox 1815 4973 2006 5029; x_wconf 82' lang='lat' dir='ltr'><strong>landus</strong></span> <span class='ocrx_word' id='word_1_826' title='bbox 2029 4982 2132 5040; x_wconf 89' lang='lat' dir='ltr'><strong>est,</strong></span> <span class='ocrx_word' id='word_1_827' title='bbox 2163 4980 2225 5027; x_wconf 90' lang='lat' dir='ltr'><strong>ut</strong></span> <span class='ocrx_word' id='word_1_828' title='bbox 2243 4973 2428 5028; x_wconf 89' lang='lat' dir='ltr'><strong>veniat</strong></span> <span class='ocrx_word' id='word_1_829' title='bbox 2452 4971 2540 5027; x_wconf 92' lang='lat' dir='ltr'><strong>cui</strong></span> <span class='ocrx_word' id='word_1_830' title='bbox 2574 4973 2870 5043; x_wconf 88' lang='lat' dir='ltr'><strong>repositum</strong></span> <span class='ocrx_word' id='word_1_831' title='bbox 2897 4979 2999 5028; x_wconf 87' lang='lat' dir='ltr'><strong>est.</strong></span> <span class='ocrx_word' id='word_1_832' title='bbox 3024 4971 3143 5042; x_wconf 88' lang='lat' dir='ltr'><strong>Ipse</strong></span> <span class='ocrx_word' id='word_1_833' title='bbox 3173 4973 3279 5029; x_wconf 92' lang='lat' dir='ltr'><strong>erit</strong></span> <span class='ocrx_word' id='word_1_834' title='bbox 3307 4987 3402 5028; x_wconf 89' lang='lat' dir='ltr'><strong>ex-</strong></span> 
     </span>
    </p>
   </div>
   <div class='ocr_carea' id='block_1_112' title="bbox 1817 5065 2371 5138">
    <p class='ocr_par' dir='ltr' id='par_1_112' title="bbox 1817 5065 2371 5138">
     <span class='ocr_line' id='line_1_112' title="bbox 1817 5065 2371 5138; baseline -0.005 -16"><span class='ocrx_word' id='word_1_835' title='bbox 1817 5066 2084 5138; x_wconf 88' lang='lat' dir='ltr'><strong>spectatio</strong></span> <span class='ocrx_word' id='word_1_836' title='bbox 2111 5065 2371 5137; x_wconf 90' lang='lat' dir='ltr'><strong>gentium.</strong></span> 
     </span>
    </p>
   </div>
   <div class='ocr_carea' id='block_1_113' title="bbox 1883 5158 3400 5232">
    <p class='ocr_par' dir='ltr' id='par_1_113' title="bbox 1883 5158 3400 5232">
     <span class='ocr_line' id='line_1_113' title="bbox 1883 5158 3400 5232; baseline 0 -19"><span class='ocrx_word' id='word_1_837' title='bbox 1883 5159 2048 5214; x_wconf 70' lang='lat' dir='ltr'><strong>Vens.</strong></span> <span class='ocrx_word' id='word_1_838' title='bbox 2117 5159 2201 5215; x_wconf 82' lang='grc'><strong>19.</strong></span> <span class='ocrx_word' id='word_1_839' title='bbox 2250 5190 2323 5200; x_wconf 94' lang='lat'><strong><em>—</em></strong></span> <span class='ocrx_word' id='word_1_840' title='bbox 2387 5158 2504 5215; x_wconf 84' lang='lat' dir='ltr'><strong>Gad</strong></span> <span class='ocrx_word' id='word_1_841' title='bbox 2566 5163 2832 5218; x_wconf 89' lang='lat' dir='ltr'><strong>accinctus</strong></span> <span class='ocrx_word' id='word_1_842' title='bbox 2888 5159 3216 5232; x_wconf 75' lang='lat' dir='ltr'><strong>prwliabitur</strong></span> <span class='ocrx_word' id='word_1_843' title='bbox 3277 5167 3400 5213; x_wconf 88' lang='lat' dir='ltr'><strong>ante</strong></span> 
     </span>
    </p>
   </div>
   <div class='ocr_carea' id='block_1_114' title="bbox 1791 5250 3400 5323">
    <p class='ocr_par' dir='ltr' id='par_1_114' title="bbox 1791 5250 3400 5323">
     <span class='ocr_line' id='line_1_114' title="bbox 1791 5250 3400 5323; baseline 0 -17"><span class='ocrx_word' id='word_1_844' title='bbox 1791 5255 1951 5316; x_wconf 68' lang='lat' dir='ltr'><strong>‘eum,</strong></span> <span class='ocrx_word' id='word_1_845' title='bbox 1978 5261 2025 5306; x_wconf 89' lang='lat' dir='ltr'><strong>et</strong></span> <span class='ocrx_word' id='word_1_846' title='bbox 2062 5251 2171 5322; x_wconf 88' lang='lat' dir='ltr'><strong>ipse</strong></span> <span class='ocrx_word' id='word_1_847' title='bbox 2219 5252 2522 5323; x_wconf 88' lang='lat' dir='ltr'><strong>accingetur</strong></span> <span class='ocrx_word' id='word_1_848' title='bbox 2570 5262 2876 5309; x_wconf 87' lang='lat' dir='ltr'><strong>retrorsum.</strong></span> <span class='ocrx_word' id='word_1_849' title='bbox 2921 5250 3202 5322; x_wconf 84' lang='lat' dir='ltr'><strong>Signiﬁcat</strong></span> <span class='ocrx_word' id='word_1_850' title='bbox 3255 5251 3400 5321; x_wconf 86' lang='lat' dir='ltr'><strong>quod</strong></span> 
     </span>
    </p>
   </div>
   <div class='ocr_carea' id='block_1_115' title="bbox 1814 5342 3400 5410">
    <p class='ocr_par' dir='ltr' id='par_1_115' title="bbox 1814 5342 3400 5410">
     <span class='ocr_line' id='line_1_115' title="bbox 1814 5342 3400 5410; baseline 0.001 -11"><span class='ocrx_word' id='word_1_851' title='bbox 1814 5353 1940 5399; x_wconf 88' lang='lat' dir='ltr'><strong>ante</strong></span> <span class='ocrx_word' id='word_1_852' title='bbox 1963 5342 2174 5409; x_wconf 83' lang='lat' dir='ltr'><strong>Ruben,</strong></span> <span class='ocrx_word' id='word_1_853' title='bbox 2213 5352 2267 5399; x_wconf 90' lang='lat' dir='ltr'><strong>et</strong></span> <span class='ocrx_word' id='word_1_854' title='bbox 2313 5344 2592 5401; x_wconf 90' lang='lat' dir='ltr'><strong>dimidiam</strong></span> <span class='ocrx_word' id='word_1_855' title='bbox 2632 5347 2832 5402; x_wconf 87' lang='lat' dir='ltr'><strong>tribum</strong></span> <span class='ocrx_word' id='word_1_856' title='bbox 2864 5345 3134 5410; x_wconf 84' lang='lat' dir='ltr'><strong>Manasse,</strong></span> <span class='ocrx_word' id='word_1_857' title='bbox 3164 5351 3218 5400; x_wconf 92' lang='lat' dir='ltr'><strong>et</strong></span> <span class='ocrx_word' id='word_1_858' title='bbox 3259 5343 3400 5400; x_wconf 88' lang='lat' dir='ltr'><strong>ﬁlios</strong></span> 
     </span>
    </p>
   </div>
   <div class='ocr_carea' id='block_1_116' title="bbox 1813 5434 3402 5508">
    <p class='ocr_par' dir='ltr' id='par_1_116' title="bbox 1813 5434 3402 5508">
     <span class='ocr_line' id='line_1_116' title="bbox 1813 5434 3402 5508; baseline 0.001 -18"><span class='ocrx_word' id='word_1_859' title='bbox 1813 5451 1950 5508; x_wconf 90' lang='lat' dir='ltr'><strong>quos</strong></span> <span class='ocrx_word' id='word_1_860' title='bbox 1972 5444 2121 5493; x_wconf 90' lang='lat' dir='ltr'><strong>trans</strong></span> <span class='ocrx_word' id='word_1_861' title='bbox 2143 5434 2436 5493; x_wconf 80' lang='lat' dir='ltr'><strong>Iordanem</strong></span> <span class='ocrx_word' id='word_1_862' title='bbox 2469 5437 2523 5492; x_wconf 90' lang='lat' dir='ltr'><strong>in</strong></span> <span class='ocrx_word' id='word_1_863' title='bbox 2554 5439 2897 5508; x_wconf 89' lang='lat' dir='ltr'><strong>possessione</strong></span> <span class='ocrx_word' id='word_1_864' title='bbox 2946 5435 3250 5501; x_wconf 90' lang='lat' dir='ltr'><strong>dimiserat,</strong></span> <span class='ocrx_word' id='word_1_865' title='bbox 3279 5445 3402 5506; x_wconf 91' lang='lat' dir='ltr'><strong>post</strong></span> 
     </span>
    </p>
   </div>
   <div class='ocr_carea' id='block_1_117' title="bbox 1813 5527 3399 5600">
    <p class='ocr_par' dir='ltr' id='par_1_117' title="bbox 1813 5527 3399 5600">
     <span class='ocr_line' id='line_1_117' title="bbox 1813 5527 3399 5600; baseline 0 -16"><span class='ocrx_word' id='word_1_866' title='bbox 1813 5528 2223 5600; x_wconf 88' lang='lat' dir='ltr'><strong>quatuordecim</strong></span> <span class='ocrx_word' id='word_1_867' title='bbox 2270 5545 2442 5586; x_wconf 90' lang='lat' dir='ltr'><strong>annos</strong></span> <span class='ocrx_word' id='word_1_868' title='bbox 2479 5541 2775 5595; x_wconf 89' lang='lat' dir='ltr'><strong>revertens,</strong></span> <span class='ocrx_word' id='word_1_869' title='bbox 2820 5527 3064 5599; x_wconf 63' lang='lat' dir='ltr'><strong>praelium</strong></span> <span class='ocrx_word' id='word_1_870' title='bbox 3112 5527 3399 5584; x_wconf 88' lang='lat' dir='ltr'><strong>adversum</strong></span> 
     </span>
    </p>
   </div>
   <div class='ocr_carea' id='block_1_118' title="bbox 1812 5621 3401 5694">
    <p class='ocr_par' dir='ltr' id='par_1_118' title="bbox 1812 5621 3401 5694">
     <span class='ocr_line' id='line_1_118' title="bbox 1812 5621 3401 5694; baseline 0.001 -18"><span class='ocrx_word' id='word_1_871' title='bbox 1812 5636 1906 5677; x_wconf 88' lang='lat' dir='ltr'><strong>eos</strong></span> <span class='ocrx_word' id='word_1_872' title='bbox 1931 5621 2170 5691; x_wconf 86' lang='lat' dir='ltr'><strong>gentium</strong></span> <span class='ocrx_word' id='word_1_873' title='bbox 2219 5622 2520 5678; x_wconf 87' lang='lat' dir='ltr'><strong>vicinarum</strong></span> <span class='ocrx_word' id='word_1_874' title='bbox 2565 5621 2769 5694; x_wconf 89' lang='lat' dir='ltr'><strong>grande</strong></span> <span class='ocrx_word' id='word_1_875' title='bbox 2819 5621 3104 5692; x_wconf 90' lang='lat' dir='ltr'><strong>reperiret,</strong></span> <span class='ocrx_word' id='word_1_876' title='bbox 3149 5629 3207 5678; x_wconf 90' lang='lat' dir='ltr'><strong>et</strong></span> <span class='ocrx_word' id='word_1_877' title='bbox 3240 5622 3401 5678; x_wconf 88' lang='lat' dir='ltr'><strong>victis</strong></span> 
     </span>
    </p>
   </div>
   <div class='ocr_carea' id='block_1_119' title="bbox 1813 5709 3400 5784">
    <p class='ocr_par' dir='ltr' id='par_1_119' title="bbox 1813 5709 3400 5784">
     <span class='ocr_line' id='line_1_119' title="bbox 1813 5709 3400 5784; baseline -0.002 -15"><span class='ocrx_word' id='word_1_878' title='bbox 1813 5713 2058 5769; x_wconf 87' lang='lat' dir='ltr'><strong>hostibus</strong></span> <span class='ocrx_word' id='word_1_879' title='bbox 2098 5712 2314 5776; x_wconf 72' lang='lat' dir='ltr'><strong>fortiter</strong></span> <span class='ocrx_word' id='word_1_880' title='bbox 2352 5713 2652 5769; x_wconf 89' lang='lat' dir='ltr'><strong>dimicaret.</strong></span> <span class='ocrx_word' id='word_1_881' title='bbox 2686 5709 2829 5784; x_wconf 93' lang='lat' dir='ltr'><strong>Lege</strong></span> <span class='ocrx_word' id='word_1_882' title='bbox 2868 5711 3064 5767; x_wconf 92' lang='lat' dir='ltr'><strong>librum</strong></span> <span class='ocrx_word' id='word_1_883' title='bbox 3094 5709 3224 5769; x_wconf 92' lang='lat' dir='ltr'><strong>Iesu</strong></span> <span class='ocrx_word' id='word_1_884' title='bbox 3253 5711 3400 5767; x_wconf 88' lang='lat' dir='ltr'><strong>Nave</strong></span> 
     </span>
    </p>
   </div>
   <div class='ocr_carea' id='block_1_120' title="bbox 1814 5805 2371 5878">
    <p class='ocr_par' dir='ltr' id='par_1_120' title="bbox 1814 5805 2371 5878">
     <span class='ocr_line' id='line_1_120' title="bbox 1814 5805 2371 5878; baseline 0.002 -19"><span class='ocrx_word' id='word_1_885' title='bbox 1814 5815 1873 5862; x_wconf 83' lang='lat' dir='ltr'><strong>et</strong></span> <span class='ocrx_word' id='word_1_886' title='bbox 1899 5805 2371 5878; x_wconf 90' lang='lat' dir='ltr'><strong>Paralipomenon.</strong></span> 
     </span>
    </p>
   </div>
   <div class='ocr_carea' id='block_1_121' title="bbox 1889 5898 3405 5972">
    <p class='ocr_par' dir='ltr' id='par_1_121' title="bbox 1889 5898 3405 5972">
     <span class='ocr_line' id='line_1_121' title="bbox 1889 5898 3405 5972; baseline 0.002 -20"><span class='ocrx_word' id='word_1_887' title='bbox 1889 5899 2051 5955; x_wconf 67' lang='lat' dir='ltr'><strong>Vsus.</strong></span> <span class='ocrx_word' id='word_1_888' title='bbox 2072 5898 2160 5956; x_wconf 75' lang='lat' dir='ltr'><strong>2i.</strong></span> <span class='ocrx_word' id='word_1_889' title='bbox 2186 5931 2255 5942; x_wconf 92' lang='lat'><strong>——</strong></span> <span class='ocrx_word' id='word_1_890' title='bbox 2283 5899 2625 5972; x_wconf 68' lang='lat' dir='ltr'><strong>Nephtltalim</strong></span> <span class='ocrx_word' id='word_1_891' title='bbox 2658 5920 2834 5959; x_wconf 78' lang='lat' dir='ltr'><strong>cervus</strong></span> <span class='ocrx_word' id='word_1_892' title='bbox 2865 5902 3106 5970; x_wconf 82' lang='lat' dir='ltr'><strong>emissus,</strong></span> <span class='ocrx_word' id='word_1_893' title='bbox 3135 5903 3268 5960; x_wconf 71' lang='lat' dir='ltr'><strong>dans</strong></span> <span class='ocrx_word' id='word_1_894' title='bbox 3297 5902 3405 5955; x_wconf 88' lang='lat' dir='ltr'><strong>elo-</strong></span> 
     </span>
    </p>
   </div>
  </div>
