3970 6332
600 404 708 461 235

1388 369 1399 379 ’
1510 426 1521 431 -
1627 408 1981 466 ANGELOMI
2019 407 2480 466 LUXOVIENSIS
2518 408 2828 468 MONACHI

599 523 727 595 quia
752 522 1177 595 pulchritudinis.
1218 523 1345 579 Sive
1375 522 1718 595 Nephthalim
1756 541 1881 597 ager
1915 516 2182 597 irrigaius;
2211 529 2264 590 Α
2287 524 2541 596 populus,
2566 537 2851 596 postquam
2873 524 3128 581 universo
3154 523 3289 581 orbe
3300 523 3581 597 dispersus
3597 482 3889 593 θεάιιὼ

601 623 894 686 utrumque
922 616 1067 683 enim
1117 614 1383 687 signiﬁcat
1438 614 1725 672 Hebrmum
1754 615 1999 675 .verbum
2040 616 2187 673 nata-

600 704 766 778 sylua.
810 706 1093 778 Signiﬁcat
1146 716 1327 763 autem
1355 707 1498 778 quod
1536 722 1690 779 aqua}
1738 707 1924 765 calidae
1966 709 2021 764 in
2069 709 2185 779 ipsa

599 808 899 857 nascuntur
924 800 1087 856 tribu.
1120 798 1247 854 Sive
1282 799 1424 869 quod
1454 814 1616 869 super
1644 799 1821 855 lacum
1846 798 2182 857 Genesareth

597 888 800 949 fluenta
814 889 1064 961 Iordanis
1085 892 1285 962 irrigua
1308 890 1435 946 sint.
1450 889 1659 946 Hebraei
1673 900 1855 947 autem
1868 892 2057 949 velunt
2067 908 2185 963 pro-

598 993 718 1055 pter
744 983 1102 1050 Tiberiadcm,
1158 999 1279 1054 quae
1328 983 1461 1055 legis
1485 983 1772 1041 videbatur
1800 984 2003 1041 habere
2042 985 2185 1041 noti-

598 1079 753 1144 tiam,
802 1094 989 1150 agrum
1016 1078 1276 1149 irriguum
1307 1085 1363 1131 et
1383 1076 1596 1146 eloquia
1618 1075 2039 1147 pulchritudinis
2059 1092 2184 1147 pro-

594 1171 827 1242 phetari.
863 1169 1054 1229 Cereus
1081 1178 1263 1223 autem
1308 1169 1533 1225 emissus
1555 1174 1778 1238 propter
1803 1174 2181 1237 temporaneas

594 1262 800 1333 fruges,
823 1269 879 1315 et
900 1258 1242 1317 velocitatem
1282 1267 1446 1315 terrae
1480 1258 1748 1314 uberioris
1780 1257 2038 1315 ostendit.
2071 1257 2179 1315 Sed

592 1353 803 1420 melius,
828 1352 875 1409 si
890 1352 957 1408 ad
979 1352 1283 1409 doctrinam
1306 1350 1607 1407 Salvatoris
1624 1358 1821 1407 cuncta
1842 1349 2174 1416 referamus';

481 1492 487 1503 .
589 1445 733 1515 quod
758 1444 830 1499 ibi
862 1443 945 1499 vel
982 1444 1223 1499 maxime
1247 1442 1493 1499 docuerit
1519 1440 1792 1509 Salvator,
1822 1450 1882 1497 ut
1910 1442 1966 1497 in
1996 1441 2175 1497 Evan-

585 1541 728 1613 gelio
750 1556 968 1612 quoque
990 1541 1254 1611 scriptum
1281 1548 1384 1603 est.

658 1634 822 1691 Vens.
871 1631 1061 1691 22-26.
1096 1662 1163 1673 -
1193 1629 1369 1687 Filius
1417 1647 1565 1686 meus
1607 1630 1803 1700 Ioseph
1852 1645 2171 1695 accrescens,

583 1725 727 1793 ﬁlius
758 1740 903 1780 meus
930 1738 1228 1779 accrescens
1256 1732 1305 1778 et
1345 1723 1567 1779 decorus
1600 1732 1829 1793 aspectu.
1873 1719 1922 1775 F
1923 1721 2030 1776 ilice
2067 1721 2176 1781 dit-

584 1826 860 1873 currerunt
893 1832 1051 1888 super
1082 1832 1331 1881 murum;
1375 1816 1466 1873 sed
1492 1824 1927 1887 exasperauerunt
1955 1830 2097 1879 eum,
2125 1822 2174 1869 et

2287 616 2607 673 imminutus
2630 625 2732 673 est.
2770 614 2878 673 Sed
2903 631 3072 687 quare
3097 615 3227 675 talia
3260 618 3478 685 meruit,
3506 618 3584 674 ita
3620 618 3886 690 subjecit,

2284 712 2410 782 quia
2438 711 2720 767 ascendisti
2749 709 2918 767 cubile
2937 712 3107 783 patris
3137 712 3236 767 tui.
3276 711 3667 785 Primogenitm
3697 724 3885 772 autem

2286 802 2457 872 plebis
2496 803 2779 859 audaciam
2823 803 3105 874 praedicat,
3124 817 3246 874 quae
3289 804 3533 861 ascendit
3570 806 3760 863 cubile
3784 823 3885 878 pa-

2287 886 2514 962 tris'sui,
2546 906 2603 950 et
2647 895 2940 953 maculavit
2966 904 3198 953 stratum
3243 896 3380 967 ejus,
3410 898 3630 969 quando
3684 914 3887 971 corpus

2284 985 2659 1051 Dominicum,
2687 987 2739 1043 in
2775 1003 2885 1058 quo
2920 987 3201 1059 plenitudo
3229 988 3528 1045 divinitatis
3566 988 3889 1060 requiesce-

2282 1077 2395 1143 bat,
2432 1085 2643 1147 raptum
2673 1077 2728 1133 iu
2762 1093 2925 1134 cruce
2955 1078 3237 1149 suspendit
3278 1087 3335 1134 et
3363 1079 3510 1136 ferro
3554 1095 3887 1138 cumaea-

2282 1168 2434 1225 lavit.
3422 1167 3433 1177 '

2352 1258 2566 1317 Simeon
2592 1272 2641 1317 et
2688 1260 2811 1318 Levi
2847 1263 3063 1333 fratres,
3089 1278 3215 1317 uasa
3259 1261 3555 1333 iniquitatis
3596 1256 3880 1318 bellantia.

2282 1351 2387 1407 Per
2410 1351 2719 1409 Simeonem
2746 1363 2802 1410 et
2824 1354 2955 1410 Levi
2990 1354 3185 1413 scriba:
3215 1362 3272 1410 et
3294 1352 3584 1420 Pharisaei,
3608 1360 3674 1410 et
3694 1369 3884 1410 sacer-

2279 1443 2434 1500 dotes
2456 1442 2666 1502 Judaici
2692 1445 2875 1517 populi
2900 1445 3295 1519 intelliguntur.
3329 1446 3407 1503 De
3435 1444 3707 1502 Simeoue
3733 1445 3881 1501 enim

2281 1535 2486 1594 Scriba
2506 1537 2816 1597 Iudaeorum
2835 1549 3013 1595 erant.
3038 1539 3108 1595 Et
3144 1541 3211 1597 de
3233 1538 3380 1596 tribu
3405 1554 3537 1597 vero
3566 1539 3713 1596 Levi
3738 1540 3885 1610 prin-

2279 1628 2429 1695 cipes
2455 1630 2820 1698 sacerdotum,
2862 1631 2954 1702 qui
2993 1630 3279 1688 consilium
3311 1629 3580 1697 fecerunt,
3608 1640 3673 1685 ut
3696 1629 3884 1687 Iesus:

2258 1722 2399 1777 .dolo
2449 1733 2679 1779 tenerent
2726 1734 2775 1780 et
2828 1725 3143 1781 occiderent.
3174 1724 3253 1780 De
3295 1739 3403 1797 quo
3442 1724 3678 1781 consilio
3704 1723 3883 1780 dicit:

2278 1812 2347 1869 In
2367 1814 2644 1870 comitium
2667 1832 2848 1871 eorum
2878 1833 2985 1873 non
3007 1817 3177 1873 ueniat
3216 1817 3397 1873 anima
3425 1832 3562 1871 mea.
3601 1814 3887 1872 [lambat

562 1911 781 1982 .iurgati
825 1918 969 1977 sunt,
991 1910 1377 1981 invidentesque
1419 1908 1499 1963 illi
1524 1910 1768 1965 habentes
1791 1908 1997 1978 jacula.
2024 1906 2175 1964 Sedit
2200 1913 2250 1975 Β
2277 1905 2424 1961 enim
2454 1913 2603 1962 tanta
2626 1907 2828 1963 scelera
2846 1906 2961 1978 jam
2992 1908 3202 1975 videre,
3229 1923 3350 1981 quae
3387 1908 3717 1964 novissimis
3747 1916 3881 1962 tem-

580 2003 639 2056 in
664 2002 790 2071 forti
812 2018 966 2058 arcus
989 2002 1123 2072 ejus,
1149 2011 1197 2058 et
1224 2001 1461 2057 desolata
1484 2000 1791 2075 [dissoluta]
1816 2010 1937 2056 sunt
1960 1999 2170 2057 vincula

584 2095 918 2150 brachiorum
938 2105 988 2150 et
1005 2111 1261 2150 manuum
1281 2094 1395 2166 ejus
1419 2111 1510 2166 per
1529 2111 1717 2151 manus
1735 2094 1959 2165 potentis
1979 2092 2165 2148 Iacob.

584 2187 720 2243 Inde
756 2198 938 2259 pastor
969 2205 1207 2259 egressus
1249 2198 1345 2255 est,
1391 2187 1525 2259 lapis
1550 2187 1740 2245 Israel.
1770 2186 1817 2244 Ο
1843 2187 1919 2243 ﬁli
1944 2184 2166 2257 Ioseph,

579 2281 672 2351 qui
705 2289 814 2335 tam
842 2280 1069 2352 pulcher
1097 2297 1177 2348 es,
1210 2290 1271 2337 ut
1300 2289 1352 2336 te
1384 2289 1496 2337 tota
1536 2280 1623 2335 die
1672 2281 1741 2336 de
1770 2279 1943 2336 muris
1966 2286 2022 2335 et
2050 2288 2168 2335 tur-

580 2373 734 2428 ribus
782 2387 847 2428 ac
896 2372 1150 2428 fenestris
1200 2372 1500 2443 puellarum
1555 2369 1781 2443 Egypti
1835 2370 1993 2427 turba
2042 2383 2170 2440 pro-

578 2471 843 2535 spectant.
876 2462 1192 2520 lnviderunt
1243 2464 1361 2530 tibi,
1390 2475 1447 2519 et
1490 2464 1559 2519 ad
1606 2462 1944 2519 incendium
1973 2476 2168 2533 provo-

577 2568 840 2612 caveruut
868 2554 1066 2611 fratres
1095 2556 1191 2621 tui,
1221 2554 1484 2612 habentes
1511 2554 1701 2611 livoris
1722 2556 1948 2626 sagittas
1976 2563 2032 2610 et
2064 2553 2165 2609 zeli

574 2647 769 2720 iaculis
804 2647 1088 2704 vulnerati.
1123 2647 1321 2704 Verum
1370 2663 1557 2704 arcum
1608 2656 1757 2704 tuum
1786 2656 1842 2703 et
1872 2663 2040 2704 arma
2068 2662 2168 2717 pu-

572 2740 775 2812 gnandi
804 2739 1031 2811 posuisti
1055 2740 1110 2795 in
1132 2741 1271 2805 Deo;
1295 2741 1387 2810 qui
1410 2739 1566 2815 fortis
1588 2748 1672 2796 est
1696 2749 2081 2811 propugnator,
2111 2746 2168 2795 et

575 2834 790 2891 vincula
812 2842 903 2890 tua
923 2834 1120 2907 quibus
1140 2843 1193 2890 te
1224 2833 1421 2890 fratres
1445 2833 1747 2906 ligaverunt
1772 2832 2019 2890 absoluta
2040 2838 2167 2887 sunt

574 2936 629 2983 et
649 2928 915 2997 disrupta,
944 2934 1002 2982 ut
1015 2940 1083 2983 ex
1099 2935 1191 2982 tuo
1209 2927 1417 2983 semine
1436 2925 1608 2983 tribus
1624 2934 1880 2982 nascatur
1905 2923 2162 2995 Ephraim

576 3021 757 3085 fortis,
796 3029 855 3075 et
889 3019 1119 3085 stabilis,
1149 3030 1205 3075 et
1248 3020 1419 3076 instar
1446 3019 1640 3092 lapidis
1677 3018 1912 3076 durioris
1935 3017 2160 3083 invicta,

574 3112 850 3182 imperans
870 3125 1087 3181 quoque
1117 3112 1306 3167 decem
1327 3112 1577 3167 tribubus
1610 3109 1797 3167 Israel.

644 3200 812 3258 Vsus.
836 3202 925 3257 27.
949 3201 1303 3274 —-Benjemin
1336 3202 1491 3274 lupus
1536 3217 1721 3273 rapax,
1746 3218 1901 3259 mane
1940 3200 2161 3255 comedit

2272 1998 2496 2069 poribus
2524 1998 2720 2057 facturi
2741 2008 2901 2056 erant
2936 1999 3142 2067 Judaei;
3171 2001 3295 2073 quia
3319 2001 3375 2057 in
3400 2001 3581 2073 furore
3607 2016 3723 2055 suo
3750 1999 3881 2053 occi-

2272 2092 2461 2147 derunt
2486 2093 2678 2160 uirum,
2702 2093 2757 2148 id
2781 2103 2866 2150 est
2885 2093 3186 2161 Christum,
3209 2094 3276 2150 de
3300 2109 3410 2165 quo
3437 2094 3643 2151 dicitur
3682 2112 3699 2148 :
3748 2093 3878 2148 Ecce

2272 2186 2372 2251 uir,
2397 2183 2586 2241 Oriens
2622 2203 2811 2242 nomen
2839 2187 2953 2258 ejus
2981 2185 3167 2259 (Zach.
3200 2202 3272 2251 vr,
3307 2186 3420 2257 12).
3451 2185 3520 2241 Et
3548 2185 3693 2241 alibi
3724 2203 3741 2239 :
3774 2183 3876 2239 Fe-

2270 2274 2415 2329 mina
2446 2275 2791 2331 circumdabit
2827 2278 2995 2333 eirum
3044 2276 3190 2349 (Ier.
3237 2291 3395 2344 λιιι,
3418 2274 3534 2347 ἳΞ).
3573 2304 3651 2316 —-
3694 2274 3879 2345 Suio-

2271 2368 2459 2424 derttnt
2490 2385 2720 2436 murum,
2745 2370 2799 2425 id
2839 2378 2923 2425 est
2952 2370 3102 2425 illum
3146 2369 3450 2443 spiritalem
3500 2367 3875 2425 fortissimum

2272 2476 2485 2518 murum
2507 2462 2599 2533 qui
2623 2463 2860 2519 custodit
2887 2462 3074 2528 Israel,
3107 2463 3307 2519 lancea-
3332 2458 3732 2521 confoderunt.
3764 2457 3876 2514 Ha-

2270 2552 2490 2608 ledictus
2531 2553 2682 2623 furor
2703 2570 2907 2621 eorum,
2929 2554 3055 2626 quia
3086 2554 3360 2625 pertinax;
3391 2551 3579 2622 utique
3619 2550 3874 2621 quando,
3968 2598 3970 2605 .

2269 2644 2458 2701 furore
2503 2647 2716 2702 accensi
2750 2655 2805 2703 et
2850 2647 2930 2701 ira
2956 2685 2972 2713 ,
2996 2645 3310 2704 obtulerunt
3335 2644 3616 2703 Christum
3666 2641 3869 2700 Pontio

2270 2736 2724 2805 Pilato,dicentes
2755 2757 2766 2792 :
2799 2736 3083 2811 Cruciﬁge,
3106 2737 3353 2809 cruciﬁge
3375 2737 3529 2810 (Luc.
3555 2753 3741 2803 nus,
3764 2735 3869 2807 il).

2268 2861 2339 2873 -—
2371 2830 2440 2885 Et
2464 2832 2756 2904 indignatio
2792 2847 2999 2900 eorum,
3024 2833 3152 2903 quia
3191 2832 3363 2898 dura;
3395 2831 3523 2889 dum
3552 2824 3870 2890 Barabban

2268 2921 2536 2978 latronem
2574 2931 2840 2993 peterent,
2872 2932 2926 2979 et
2950 2923 3249 2994 principem
3279 2924 3404 2979 vita!
3430 2923 3868 2995 cruciﬁgeudum

2266 3016 2622 3087 postularent.
2653 3015 2900 3073 Dividam
2918 3033 3003 3071 eos
3043 3017 3098 3071 in
3123 3015 3311 3084 Iacob,
3337 3026 3385 3071 et
3411 3016 3731 3088 dispergens
3760 3017 3869 3071 illos

2268 3109 2325 3164 in
2356 3105 2548 3174 Israel,
2573 3107 2700 3177 quia
2727 3106 2969 3163 nonnulli
2995 3121 3063 3161 ex
3090 3106 3223 3180 ipsis
3243 3106 3865 3177 crediderunt,quidam

2269 3203 2323 3257 in
2369 3198 2688 3258 inﬁdelitate
2730 3210 3166 3273 permanserunt.
3220 3202 3486 3259 Dicuntur
3510 3202 3665 3258 enim
3712 3204 3864 3261 divisi

571 3294 828 3364 pristiam,
874 3304 922 3349 et
972 3310 1175 3364 uespere
1221 3294 1411 3349 diuidet
1457 3293 1646 3364 spolia.
1686 3292 1824 3361 Quia
1871 3294 1938 3348 de
1990 3290 2161 3347 Paulo
2188 3285 2232 3347 Ε
2267 3294 2430 3364 biqui
2450 3295 2614 3351 abeis
2635 3308 2782 3366 sepat
2800 3303 2957 3351 antur
2976 3304 3033 3350 et
3051 3296 3277 3351 veniunt
3296 3296 3365 3351 ad
3396 3294 3578 3353 ﬁdem.
3614 3297 3863 3369 Dispersi

573 3386 818 3457 apostolo
850 3385 1293 3443 manifestissima
1322 3385 1394 3442 sit
1418 3386 1726 3456 prophetia,
1769 3384 2024 3441 omnibus
2058 3399 2160 3454 pa-

572 3485 651 3534 tet
678 3476 823 3548 quod
868 3477 922 3532 in
969 3474 1335 3532 adolescentia
1382 3486 1702 3546 persecutus
1730 3476 2051 3543 Ecclesium,
2105 3478 2161 3533 in

570 3582 852 3631 senectute
880 3572 1201 3644 pmdicawr
1224 3572 1503 3645 Evangelii
1530 3572 1716 3630 fuerit.
1742 3576 1951 3635 Hebraei
1978 3585 2161 3633 autem

570 3667 644 3721 ita
668 3660 942 3729 dixerunt,
972 3664 1164 3731 altare,
1192 3664 1248 3721 in
1283 3680 1391 3735 quo
1414 3665 1835 3723 immolabantur
1866 3667 2074 3733 hostiae,
2106 3674 2163 3723 et

571 3761 913 3817 victimarum
940 3759 1161 3831 sanguis
1199 3760 1266 3815 ad
1302 3760 1485 3815 basem
1514 3760 1681 3830 ipsius
1720 3758 2069 3825 fundebatur,
2104 3759 2158 3814 in

575 3861 733 3924 parte
760 3852 933 3909 tribus
965 3849 1245 3921 Benjamin
1272 3850 1393 3907 fuit.
1427 3851 1561 3918 Hoc,
1611 3853 1881 3924 inquiunt,
1926 3867 2057 3924 ergo
2086 3852 2160 3908 si-

570 3944 836 4015 gniﬁcans
872 3944 1017 4014 quod
1047 3943 1357 4001 sacerdotes
1403 3943 1687 4001 immolent
1714 3958 1875 4001 mane
1924 3945 2157 4011 hostias,

569 4038 637 4092 ad
658 4050 945 4108 vesperam
988 4036 1232 4093 dividant
1264 4051 1333 4091 ea
1359 4052 1482 4108 quae
1524 4037 1626 4095 sibi
1650 4052 1679 4093 a
1706 4037 1904 4109 populo
1931 4052 1996 4094 ex
2040 4038 2159 4109 lege

566 4131 791 4188 collecta
818 4140 964 4198 sunt,
1002 4130 1187 4202 lupum
1228 4132 1654 4204 sanguinarium,
1686 4130 1870 4202 lupum
1906 4147 2157 4189 voracem

566 4237 729 4293 super
761 4222 949 4279 altaris
978 4222 1427 4294 interpretatione
1455 4232 1742 4295 ponentes,
1781 4232 1838 4280 et
1861 4223 2156 4294 spoliorum

566 4316 889 4373 divisionem
920 4332 1085 4388 super
1114 4318 1509 4384 sacerdotibus,
1547 4318 1639 4388 qui
1670 4318 1970 4374 servientes
1997 4316 2151 4371 altari

564 4410 754 4465 vivunt
779 4410 848 4465 de
881 4410 1065 4465 altari.
1107 4408 1235 4467 Haec
1258 4420 1441 4465 autem
1466 4409 1749 4466 historice.

636 4500 963 4572 Spiritaliter
980 4510 1163 4558 autem
1200 4501 1254 4555 in
1284 4500 1474 4557 Ruben
1510 4500 1707 4570 prioris
1734 4499 1917 4571 populi
1944 4498 2157 4555 Iudaeo-

566 4604 687 4644 rum
721 4590 1025 4646 ostendisse
1072 4590 1489 4661 personam,cui
1539 4606 1571 4646 a
1619 4590 1851 4651 Domino
1894 4606 1992 4662 per
2022 4605 2154 4660 pro-

563 4683 783 4752 phetam
821 4683 1022 4738 dicitur
1053 4700 1066 4735 :
1101 4681 1274 4737 Israel
1306 4683 1684 4753 primogenitus
1731 4700 1899 4739 meus.
1932 4682 2149 4739 Etenim

557 4771 717 4844 juxta
740 4773 883 4844 quod
920 4773 1299 4843 primogenitis
1327 4772 1645 4841 debebatur,
1670 4775 1839 4845 ipsius
1867 4782 1987 4831 erat
2008 4774 2151 4835 acci-

561 4881 693 4934 pere
723 4864 1089 4921 sacerdotium
1124 4872 1181 4919 et
1204 4880 1450 4936 regnum.
1480 4864 1714 4923 Additur
1740 4876 1798 4921 tu
1820 4868 1982 4922 virtus
2011 4882 2143 4930 mea,

562 4957 750 5027 utique
771 4958 899 5028 quia
914 4972 979 5012 ex
998 4957 1117 5027 ipso
1136 4957 1312 5033 virtus
1333 4957 1447 5025 Dei,
1469 4958 1560 5028 qui
1585 4967 1670 5014 est
1688 4958 1958 5026 Christus,
1981 4961 2147 5015 adve-

561 5051 663 5107 nit.
712 5050 994 5120 Quomodo
1036 5059 1219 5104 autem
1254 5050 1370 5119 ipse
1394 5050 1465 5105 sit
1502 5048 1828 5122 principium
1876 5051 2147 5117 dolorum,

560 5142 665 5199 nisi
695 5142 825 5199 dum
852 5142 1002 5199 Patri
1036 5142 1149 5197 Deo
1171 5156 1388 5211 semper
1417 5141 1685 5214 irrogaret
1718 5140 1994 5211 iniuriam,
2019 5143 2145 5197 dum

562 5242 851 5291 convertat
874 5234 943 5291 ad
972 5248 1096 5290 eum
1132 5235 1355 5291 dorsum
1384 5245 1440 5290 et
1468 5249 1577 5290 non
1612 5233 1843 5290 faciem?
1874 5233 1982 5289 Iste
2006 5236 2154 5306 prior

561 5328 617 5382 in
639 5326 813 5393 donis,
837 5326 963 5397 quia
988 5326 1223 5397 primqu
1256 5325 1387 5395 ipsis
1406 5325 1613 5381 credita
1636 5333 1760 5383 sunt
1792 5325 2005 5396 eloquia
2030 5325 2145 5390 Dei,

560 5428 621 5475 et
665 5420 964 5491 legislatio,
1000 5430 1054 5475 et
1094 5419 1647 5484 testamentum,.sive
1690 5419 1994 5491 promissio.
2046 5418 2153 5473 Iste

560 5510 735 5582 major
776 5514 1016 5584 imperio,
1042 5515 1231 5584 utique
1256 5528 1356 5582 pro
1382 5512 1751 5583 magnitudine
1775 5512 1994 5579 virium,
2023 5513 2151 5583 quia

559 5600 794 5673 copiosis
832 5606 1044 5663 caeteris
1066 5606 1119 5663 in
1149 5605 1248 5663 hoc
1283 5602 1485 5660 saeculo
1510 5603 1736 5674 populus
1786 5604 2151 5676 idem-regna-

557 5692 656 5748 vit.
684 5692 907 5765 Elusus
928 5707 1003 5751 est
1035 5707 1213 5752 autem
1241 5697 1376 5750 sicut
1406 5711 1564 5766 aqua,
1596 5696 1867 5775 perpendo
1898 5696 1950 5751 in
1984 5695 2143 5751 Chri-

559 5797 664 5844 sto.
691 5788 821 5856 Quae
852 5791 1071 5846 vasculo
1100 5807 1207 5847 non
1238 5798 1476 5853 tenetur,
1508 5788 1798 5859 voluntatis
1837 5787 2041 5847 eﬁ'usus
2061 5799 2147 5846 est

559 5880 796 5953 impetu;
827 5892 881 5940 et
912 5884 1119 5941 idcirco
1147 5885 1297 5940 addit
1331 5883 1471 5937 ultra
1502 5898 1605 5936 non
1624 5899 1846 5947 crcscus,
1875 5883 2000 5953 quia
2034 5883 2148 5953 ipse

2268 3394 2448 3443 autem
2478 3428 2492 3451 ,
2543 3400 2771 3455 quorum
2826 3386 3001 3456 patria
3052 3385 3360 3458 temploque
3401 3385 3675 3443 subverso
3708 3426 3728 3454 ,
3778 3402 3863 3459 per

2266 3479 2455 3535 orbem
2482 3488 2639 3534 terrai
2669 3479 3004 3536 incredulum
3032 3494 3204 3553 genus
3234 3476 3529 3551 spargitur.

2336 3571 2508 3640 Iuda,
2538 3583 2587 3628 te
2631 3572 2924 3628 laudabam
2951 3572 3145 3644 fratres
3171 3575 3269 3632 tui.
3320 3573 3424 3630 Per
3468 3574 3616 3631 hunc
3659 3572 3861 3632 ludam

2267 3677 2430 3721 verus
2470 3664 2751 3722 confessor
2796 3665 3124 3737 exprimitur
3170 3664 3453 3735 Christus,
3490 3669 3585 3739 qui
3630 3684 3707 3723 ex
3755 3668 3861 3738 dus

2264 3754 2409 3810 tribu
2458 3756 2753 3812 secundum
2785 3772 3007 3815 carnem
3050 3767 3134 3815 est
3180 3759 3413 3831 genitus.
3444 3758 3627 3830 [psum
3673 3742 3859 3817 lauda-

2264 3847 2399 3902 bunt
2426 3847 2625 3905 fratres
2659 3851 2763 3917 sui,
2794 3851 3023 3921 apostoli
3064 3852 3274 3908 scilicet
3302 3861 3356 3909 et
3381 3867 3576 3909 omnes
3615 3856 3861 3912 cohaere-

2265 3939 2362 3996 des
2385 3941 2524 4011 ejus,
2554 3943 2647 4012 qui
2694 3958 2791 4014 per
2815 3944 3161 4016 adoptionem
3193 3944 3290 4001 ﬁlii
3333 3945 3445 4004 Deo
3493 3946 3647 4003 Patri
3678 3948 3857 4006 electi

2263 4039 2410 4098 sunt,
2432 4041 2485 4087 et
2532 4032 2734 4090 Christi
2780 4034 2981 4093 fratres
3006 4035 3183 4094 eﬁ‘ecti
3214 4052 3311 4110 per
3338 4038 3596 4110 gratiam,
3623 4055 3859 4112 quorum

2263 4124 2379 4196 ipse
2398 4132 2482 4180 est
2502 4125 2764 4184 Dominus
2788 4142 2887 4200 per
2912 4138 3181 4187 naturam.
3215 4128 3410 4186 Manus
3431 4139 3539 4187 tua:
3564 4133 3625 4187 in
3644 4136 3861 4190 cer-sici-

2263 4218 2358 4271 bus
2386 4217 2721 4273 inimicorum
2745 4229 2979 4276 tuorum.
3005 4221 3201 4279 Iisdem
3227 4223 3376 4279 enim
3400 4224 3680 4293 manibus,
3700 4227 3763 4282 id
3786 4234 3856 4281 est

2262 4308 2442 4363 crucis
2471 4316 2696 4380 tropaeo,
2722 4318 2780 4365 et
2804 4324 2931 4366 suos
2958 4312 3091 4367 texit
3126 4320 3184 4368 et
3206 4313 3485 4382 inimicos,
3513 4324 3573 4372 et
3601 4317 3855 4372 adversa-

2265 4398 2373 4453 rias
2394 4407 2695 4469 potestates
2717 4403 3152 4473 curvavit,justa
3166 4407 3310 4477 quod
3330 4416 3387 4462 et
3411 4407 3577 4463 Pater
3606 4410 3855 4483 promisit
3886 4464 3901 4475 κ

2259 4491 2308 4547 ei
2335 4491 2525 4549 dicens
2556 4512 2569 4548 :
2601 4493 2735 4551 Sede
2753 4494 2824 4552 ad
2845 4498 3119 4555 dexteram
3144 4516 3337 4569 meant,
3352 4502 3520 4558 donec
3533 4521 3740 4575 ponatis
3762 4510 3853 4562 iui-

2258 4584 2423 4639 micos
2449 4593 2566 4640 tuos
2586 4588 2869 4644 scabellum
2889 4592 3081 4662 pedum
3108 4600 3322 4651 tuorum
3346 4592 3525 4663 (Psal.
3546 4611 3665 4665 (ιιι,
3702 4600 3760 4667 1,
3778 4600 3847 4671 '2).

2260 4703 2332 4715 —
2357 4674 2667 4733 Adorabunt
2696 4688 2746 4733 te
2781 4680 2882 4751 ﬁlii
2920 4684 3088 4753 patris
3127 4684 3244 4750 tui;
3269 4687 3529 4756 quoniam
3578 4690 3746 4747 multi
3794 4708 3851 4745 ex

2260 4765 2579 4824 ﬁliislacob
2606 4770 2836 4826 adorent
2858 4788 3007 4840 eum,
3032 4788 3132 4846 per
3156 4773 3479 4833 electionem
3504 4781 3704 4851 gratia:
3724 4783 3849 4838 salvi

2256 4857 2407 4916 facti.
2432 4860 2653 4917 Catulus
2680 4862 2842 4921 leonis
2861 4865 3031 4933 Iuda,
3052 4868 3270 4937 quando
3292 4870 3573 4941 nascendo
3596 4875 3850 4945 parvulus

2256 4951 2433 5010 factus
2461 4965 2545 5010 est
2594 4956 2768 5013 nobis.
2819 4957 2902 5011 Ad
2932 4959 3184 5029 ρηεάαηι,
3205 4958 3286 5030 ﬁli
3324 4960 3416 5025 mi,
3456 4966 3777 5032 aseendisti,
3803 4967 3847 5021 id

2255 5057 2338 5104 est
2360 5048 2661 5105 ascendens
2688 5049 2742 5106 in
2762 5064 3004 5117 crucem,
3027 5052 3270 5122 captivos
3288 5052 3523 5125 populos
3544 5057 3847 5124 redemisti.

2256 5153 2308 5199 et
2334 5158 2472 5214 quos
2501 5145 2589 5201 ille
2613 5146 2920 5202 contrarius
2954 5147 3247 5214 invaserat,
3280 5156 3337 5205 tu
3366 5152 3616 5211 moriens
3647 5154 3847 5227 eripui-

2255 5238 2346 5293 sti.
2388 5238 2633 5310 Denique
2659 5240 2875 5296 rediens
2909 5240 2977 5297 ab
3020 5241 3212 5299 inferis
3240 5245 3538 5307 ascendisti
3572 5249 3635 5304 in
3662 5249 3845 5311 altum,

2254 5329 2523 5399 captivam
2552 5331 2754 5387 duxisti
2780 5333 3175 5402 captivitatem.
3214 5333 3565 5408 Requiescens
3597 5340 3845 5395 ascani-

2253 5423 2321 5479 sti
2348 5431 2404 5475 ut
2428 5420 2529 5477 leo.
2578 5422 3019 5485 Manifestissime
3047 5428 3102 5485 in
3125 5428 3380 5500 passione
3410 5427 3673 5486 Christus
3696 5445 3847 5487 recu-

2254 5512 2388 5579 buit,
2420 5515 2638 5585 quando
2662 5516 2913 5574 inclinato
2941 5521 3108 5592 capite
3135 5520 3357 5576 tradidit
3402 5522 3657 5594 spiritum
3684 5538 3705 5578 :
3738 5524 3849 5578 sive

2254 5606 2470 5676 quando
2496 5608 2551 5662 in
2601 5608 2849 5680 sepulcro
2872 5626 3121 5677 securus,
3150 5612 3301 5670 velut
3339 5614 3573 5686 quodam
3604 5612 3847 5687 corporis

2255 5710 2446 5752 somno
2486 5697 2713 5769 quievit.
2757 5698 2866 5757 Sed
2909 5714 3081 5771 quare
3118 5713 3175 5757 ut
3222 5703 3302 5761 leo
3346 5712 3400 5762 et
3446 5706 3600 5765 velut
3641 5706 3845 5761 eat-lu

2253 5789 2464 5845 leonis?
2508 5790 2567 5846 ln
2598 5808 2791 5849 somno
2814 5795 2961 5851 enim
2992 5812 3094 5854 suo
3121 5797 3208 5857 leo
3254 5799 3376 5866 fuit,
3404 5801 3534 5873 quia
3590 5817 3702 5858 non
3748 5814 3845 5855 ue-

2254 5884 2506 5940 cessitate
2530 5926 2544 5952 ,
2580 5886 2677 5943 sed
2706 5895 2975 5957 potestate
3020 5890 3126 5948 hoc
3178 5892 3353 5962 ipsum
3397 5893 3683 5965 implevit,
3710 5894 3851 5947 sicut
