3970 6332
191 383 310 440 257

1529 375 1884 442 COMMENT.
1927 385 1992 440 ΙΝ
2031 379 2184 442 GEN.

3369 389 3478 450 258

191 467 324 576 inge
351 505 484 562 dicit
515 523 528 559 :
563 505 734 562 Nemo
773 505 908 560 tollit
931 507 1164 560 animam
1189 521 1381 572 meam,
1407 505 1498 560 sed
1519 521 1610 576 ego
1651 521 1786 574 pono
1813 507 1864 566 Α
1891 509 2004 558 ram
2031 505 2444 574 optimam,cum
2459 501 2688 574 simplex
2713 497 2986 576 gentilitas
3011 505 3213 560 iccirco
3227 505 3292 560 ad
3309 507 3478 562 robur

191 615 322 652 eam
367 595 550 668 (Joan.
581 609 638 663 x,
665 597 774 668 18).
825 597 976 665 ρυοά
1007 613 1134 653 vero
1163 595 1383 662 addidit,
1417 605 1464 650 et
1503 603 1560 650 ut
1583 595 1788 650 catulus

195 689 394 744 leonis.
441 689 570 744 lude
599 689 742 746 enim
773 699 1020 746 mortuus
1061 699 1142 746 est
1169 689 1308 744 unde
1335 695 1388 744 et
1417 695 1596 743 natus.
1649 687 1790 742 Bene

195 781 460 836 Christus
483 789 540 836 ut
567 780 652 836 leo
677 781 960 852 requievit,
986 781 1078 852 qui
1093 797 1198 837 non
1221 781 1396 836 solum
1419 781 1612 836 mortis
1640 795 1792 834 acer-

193 875 432 930 bitatem
467 889 574 930 non
605 873 802 940 timuit,
839 873 930 930 sed
959 875 1124 930 etiam
1155 873 1210 928 in
1251 875 1366 944 ipsa
1393 883 1572 930 morte
1599 873 1790 928 mortis

197 969 500 1040 imperium
549 967 698 1024 vicit.
739 967 894 1034 Quod
934 973 1113 1022 autem
1155 965 1302 1030 dicit,
1335 965 1466 1032 Quis
1521 965 1790 1020 suscitabil

195 1059 370 1116 una?
405 1059 744 1130 quia-nullus
791 1058 898 1114 nisi
945 1059 1058 1128 ipse
1109 1059 1238 1114 dicit
1269 1077 1280 1112 :
1315 1055 1508 1114 Solvite
1541 1057 1790 1126 templum

197 1156 326 1218 hoc,
359 1163 408 1208 et
445 1155 502 1207 in
533 1151 712 1206 triduo
729 1151 990 1208 suscitabo
1015 1149 1168 1206 illud.
1203 1183 1268 1190 —
1297 1149 1422 1204 Non
1447 1149 1656 1218 deficiat
1683 1149 1794 1202 dua-

199 1245 542 1314 deJuda,et
585 1245 814 1316 reliqua.
859 1241 958 1302 llic
997 1243 1438 1300 manifestissime
1483 1243 1550 1298 ad
1597 1241 1790 1298 ludam

201 1341 461 1396 refertur.
497 1340 598 1396 Diu
617 1341 762 1396 enim
809 1339 910 1396 fuit
937 1355 1002 1396 ex
1049 1341 1256 1396 semine
1299 1337 1443 1394 illius
1473 1339 1792 1393 intemerata

205 1433 354 1504 apud
377 1431 596 1490 Iudaeos
625 1431 898 1510 successio
919 1431 1094 1502 regni,
1125 1433 1296 1486 donec
1323 1429 1572 1486 Christus
1605 1443 1792 1482 nascc-

201 1535 380 1580 retur.
409 1523 478 1580 Et
503 1525 608 1580 hoc
625 1531 788 1596 supra
809 1525 1060 1580 diximus.
1093 1523 1334 1596 Alligans
1357 1523 1426 1577 ad
1451 1523 1656 1578 vineam
1675 1521 1794 1592 pul—

199 1618 316 1672 lum
347 1633 520 1672 suum.
555 1617 740 1672 Pullus
767 1631 898 1672 suus
923 1615 1152 1686 populus
1180 1625 1260 1671 est
1292 1631 1358 1670 ex
1403 1613 1674 1686 gentibus,
1705 1615 1792 1668 cui

199 1711 386 1766 adhuc
415 1723 690 1780 nunquam
721 1709 899 1764 fuerat
923 1709 1054 1782 legis
1093 1725 1228 1766 onus
1257 1709 1586 1780 impositum.
1639 1705 1790 1762 Hunc

199 1801 480 1872 copulavit
495 1801 562 1856 ad
575 1801 790 1858 vineam
811 1801 1196 1874 apostolorum,
1221 1802 1310 1872 qui
1335 1815 1400 1856 ex
1425 1797 1624 1856 iudicis
1641 1807 1786 1855 sunt.

1891 595 2020 650 boni
2067 595 2245 666 operis
2273 609 2332 650 se
2355 595 2528 667 erigit,
2561 593 2686 666 quia
2737 595 2804 650 ad
2833 601 3050 650 aiternze
3081 597 3206 652 vitae
3245 599 3476 668 patriam

1893 683 2082 740 tendit.
2108 685 2262 742 Unde
2300 687 2464 742 etiam
2495 695 2548 742 et
2597 687 2742 752 ponit
2771 687 3044 742 humerum
3083 705 3234 743 suum
3257 689 3328 744 ad
3351 707 3448 760 por

1895 775 2137 842 tandum,
2163 779 2288 848 quia
2315 778 2442 832 dum
2467 773 2876 848 ad'promissam
2905 781 3146 850 requiem
3191 783 3474 852 pervenire

1897 865 2188 934 desiderat,
2213 875 2406 924 cuncta
2429 871 2802 924 mandatorum
2829 885 2997 926 onera
3017 871 3249 928 libenter
3273 877 3470 944 portat.

1899 955 2052 1012 Unde
2085 967 2138 1013 et
2175 959 2348 1028 factus
2375 969 2452 1015 est
2495 961 2702 1016 tributis
2741 964 2986 1028 serviens,
3045 965 3148 1020 hoc
3185 975 3288 1032 est,
3337 965 3470 1040 Regi

1895 1057 1948 1106 et
1973 1047 2188 1106 Christo
2219 1065 2318 1107 suo
2339 1051 2462 1109 fidei
2497 1055 2658 1122 dona,
2703 1069 3034 1128 operumque
3069 1057 3334 1116 bonorum
3357 1059 3474 1116 mii—

1897 1155 2026 1194 nera
2049 1139 2302 1198 offerens.
3223 1155 3226 1158 '

1969 1229 2208 1287 Zabulon
2231 1234 2286 1286 in
2317 1233 2490 1288 littore
2531 1239 2694 1292 maris
2739 1237 3012 1306 habitabit,
3055 1245 3104 1296 et
3145 1243 3200 1296 tn
3249 1247 3472 1302 statione

1897 1327 2128 1380 navium.
2157 1325 2419 1394 Zabulon,
2449 1331 2538 1398 qui
2565 1331 2954 1402 interpretatur
2981 1333 3336 1392 habitaculum
3361 1339 3472 1410 for-

1895 1421 2156 1486 titudinis,
2195 1421 2492 1478 Ecclesium
2531 1423 2820 1496 signiﬁcat,
2863 1425 3214 1486 fortissimam
3247 1433 3312 1488 ad
3355 1447 3472 1489 om-

1897 1529 2022 1569 nem
2085 1515 2426 1571 toierantiam
2483 1519 2766 1588 passionis.
2819 1517 2944 1576 Haec
2997 1521 3050 1576 in
3081 1521 3262 1579 littore
3311 1527 3478 1582 maris

1895 1603 2123 1672 habitat,
2157 1615 2232 1668 et.
2259 1607 2312 1660 in
2341 1607 2578 1664 statione
2629 1611 2890 1678 navium;
2933 1621 2990 1666 ut
3027 1615 3372 1672 credentibus
3411 1617 3482 1674 sit

1895 1697 2158 1770 refugium
2187 1709 2239 1754 et
2269 1701 2696 1770 periclitantibus
2725 1705 3058 1762 demonstret
3087 1705 3209 1762 ﬂdei
3239 1719 3474 1778 portum.

1897 1789 2020 1846 Haec
2059 1801 2246 1848 contra
2301 1807 2491 1850 omnes
2531 1797 2772 1852 turbines
2803 1793 2984 1853 saeculi
3011 1799 3272 1856 immobili
3303 1807 3358 1856 et
3399 1803 3480 1856 in-

205 1891 516 1947 Nantvinea
537 1891 748 1946 Domini
765 1887 1194 1948 Sabaothdomus
1215 1891 1384 1946 Israel
1405 1889 1632 1962 est(lsa.
1657 1891 1790 1960 νᾶ).
1827 1885 1872 1944 Β
1901 1899 2160 1940 concussa
2219 1883 2470 1942 ﬁrmitate
2519 1887 2746 1944 solidata
2811 1883 3106 1961 exspectat
3145 1891 3480 1966 naufragium

201 2013 278 2026 —
313 1979 384 2038 Et
409 1983 480 2040 ad
517 1987 672 2040 vitem
719 1985 926 2040 asinam
971 2001 1142 2040 suam.
1175 1987 1292 2058 Ipse
1313 1985 1448 2042 dixit
1477 2003 1490 2038 :
1525 1985 1640 2056 Ego
1677 2001 1794 2039 sum

199 2077 328 2132 sitis
361 2095 484 2132 uera
515 2077 696 2150 (Joan.
720 2094 812 2144 xv,
843 2078 918 2150 l).
963 2077 1044 2134 Ad
1071 2079 1384 2150 hanc-ergo
1421 2077 1586 2134 vitem
1613 2077 1796 2148 alligat

199 2171 420 2227 asinam
467 2185 620 2226 suam
641 2213 658 2238 ,
681 2169 1024 2242 Synagogam
1069 2171 1438 2243 tardigradam
1466 2171 1698 2236 scilicet,
1741 2177 1796 2226 et

199 2265 362 2338 gravi
375 2265 512 2336 legis
531 2267 770 2336 pondere
787 2267 1122 2336 depressam.
1157 2265 1374 2320 Lavabit
1395 2267 1448 2320 in
1461 2265 1580 2320 vino
1603 2263 1794 2320 stolam

199 2373 382 2424 suam,
403 2357 520 2412 sive
539 2367 762 2414 carnem
783 2369 958 2424 suam,
983 2359 1038 2414 in
1067 2357 1328 2430 sanguine
1351 2357 1650 2428 passionis;
1681 2357 1796 2412 sive

203 2457 454 2507 sanctam
485 2447 805 2514 Ecclesium,
835 2449 926 2505 illo
955 2449 1080 2504 vino
1107 2449 1246 2520 quod
1279 2465 1372 2519 pro
1414 2447 1594 2502 multis
1625 2447 1796 2518 eﬂ'un-

203 2545 364 2600 detur
405 2545 464 2598 in
493 2543 1222 2614 remissionem-peccatorum.
1255 2573 1324 2582 -
1345 2541 1416 2596 Et
1439 2543 1494 2596 in
1541 2541 1794 2611 sanguine

203 2653 326 2692 ante
373 2635 594 2708 pallium
631 2651 802 2692 suum.
845 2635 1074 2691 Pallium
1101 2645 1288 2708 gentes
1331 2643 1476 2700 sunt,
1501 2651 1636 2704 quas
1675 2649 1794 2690 cor—

201 2727 330 2798 puri
349 2741 450 2782 suo
469 2725 672 2796 iunxit,
703 2727 846 2782 sicut
873 2725 1128 2782 scribitur
1157 2743 1170 2778 :
1215 2723 1346 2778 Viuo
1373 2741 1488 2796 ego,
1515 2725 1650 2778 dixit
1675 2723 1788 2778 Do-

195 2819 402 2882 minus,
433 2817 534 2874 nisi
581 2820 684 2872 hos
731 2831 920 2872 omnes
951 2815 1168 2872 induam
1211 2815 1350 2870 sicut
1387 2815 1788 2870 vestimentum.

203 2911 548 2968 Pulchriores
571 2911 710 2966 oculi
731 2913 846 2982 ejus
859 2913 998 2968 sino.
1025 2909 1176 2968 Oculi
1199 2911 1402 2966 Christi
1426 2911 1652 2980 apostoli
1669 2919 1796 2966 sunt

203 3013 266 3060 et
309 3005 654 3076 evangelista:
677 3045 692 3070 ,
719 3003 812 3074 qui
851 3003 1030 3058 lumen
1071 3003 1312 3058 scientia:
1355 3001 1614 3056 Ecclesia:
1651 3015 1792 3070 prae-

203 3103 658 3166 stanttquorum
705 3103 974 3166 praecepta
1017 3091 1392 3148 austeritatem
1435 3091 1546 3146 vini
1599 3091 1792 3162 priscae

203 3190 346 3258 legis
391 3197 668 3260 superant,
691 3189 818 3258 quia
845 3187 1004 3258 longe
1027 3185 1258 3242 clariora
1297 3191 1424 3240 sunt
1445 3197 1606 3254 quam
1637 3181 1793 3238 Vete-

1897 1979 2225 2048 .lndarorum,
2259 1991 2312 2038 et
2345 1983 2724 2040 haereticorum
2753 1987 3036 2056 procellas,
3071 1987 3162 2058 qui
3193 1989 3482 2046 circumfe-

1899 2085 2091 2130 runtur
2114 2079 2256 2132 omni
2289 2089 2488 2134 vento:
2527 2097 2758 2152 quorum
2793 2081 2896 2138 etsi
2923 2081 3164 2140 tunditur
3205 2067 3478 2152 ﬂuetibus,

1895 2167 2100 2242 frangit
2123 2181 2300 2226 tamen
2325 2173 2494 2244 ipsius
2519 2173 2732 2242 tinctus,
2761 2191 2868 2232 non
2889 2175 3178 2250 frangitur,
3201 2195 3302 2236 nec
3325 2181 3484 2238 ullius

1895 2259 2163 2318 inereseos
2213 2267 2624 2334 tempestatibus
2669 2267 2828 2326 cedit.
2887 2269 2984 2325 nec
3011 2269 3104 2324 ulli
3147 2281 3312 2326 vento
3343 2273 3485 2328 schi-

1895 2363 2128 2406 smatum
2169 2363 2436 2410 commota
2472 2359 2796 2412 succumbit.
2831 2355 3096 2414 Perteudit
3127 2373 3300 2416 autem
3323 2381 3486 2436 usque

1896 2445 1964 2498 ad
1993 2445 2260 2512 Sidonem,
2289 2449 2390 2504 hoc
2435 2457 2518 2506 est
2547 2467 2716 2522 usque
2739 2453 2804 2508 ad
2847 2463 3036 2526 gentes
3077 2441 3342 2528 pervenit.
3375 2459 3482 2516 Le-

1893 2539 2038 2612 gitur
2073 2541 2233 2595 etiam
2289 2541 2342 2596 in
2395 2539 2686 2612 Evangelio
2745 2543 2870 2602 inde
2917 2557 3226 2620 assumptos
3273 2551 3484 2622 aliquos

1895 2633 2280 2704 apostolorum,
2311 2647 2366 2692 et
2415 2637 2467 2692 in
2517 2639 2648 2708 ipsis
2699 2637 2832 2694 locis
2867 2639 3152 2696 Dominum
3203 2657 3344 2714 εωρο
3391 2645 3486 2700 do-

1896 2725 2092 2790 cuisse,
2121 2725 2260 2781 sicut
2291 2729 2554 2798 scriptum
2586 2739 2669 2784 est
2703 2749 2714 2784 :
2763 2729 2926 2786 Terra
2957 2723 3220 2798 Zabulou,
3263 2745 3312 2788 et
3343 2745 3484 2790 terra

1901 2813 2260 2884 Nephthalim,
2287 2819 2365 2872 via
2405 2821 2567 2874 maris
2599 2829 2744 2876 trans
2765 2821 3056 2878 Jordanem
3093 2823 3331 2880 Galila'a:
3355 2844 3482 2898 gen-

1898 2909 2050 2962 tium.
2096 2909 2352 2982 Populus,
2401 2913 2490 2984 qui
2537 2913 2744 2970 sedebat
2773 2915 2826 2968 in
2857 2915 3100 2976 tenebris.
3145 2917 3274 2974 vidit
3315 2919 3484 2976 lucem

1897 3015 2140 3070 magnam
2165 2999 2298 3072 (lsa.
2330 3019 2412 3066 ix,
2443 3003 2493 3068 l,
2521 3001 2598 3076 Ξ).
2985 2999 2988 3002 ’

1967 3089 2086 3144 Dan
2117 3089 2378 3160 judicabit
2426 3093 2673 3164 populum
2715 3111 2892 3160 suum,
2921 3095 3054 3150 sicut
3085 3107 3132 3152 et
3170 3095 3280 3152 alia
3319 3099 3486 3154 tribus

1903 3181 2092 3238 Israel.
2123 3181 2248 3236 Fiat
2299 3183 2412 3238 Dan
2461 3185 2671 3240 coluber
2719 3189 2774 3240 in
2810 3189 2928 3252 via,
2959 3197 3006 3242 et
3037 3201 3260 3244 cerastes
3303 3191 3360 3246 in
3405 3209 3486 3247 se-

207 3285 294 3340 ris
319 3283 652 3340 Testamenti
677 3283 950 3338 mandata.
995 3281 1066 3335 Et
1091 3279 1270 3334 dentes
1292 3279 1424 3332 lacte
1445 3277 1794 3332 candidiores.
1826 3261 1870 3324 C
1903 3275 2048 3338 mita,
2079 3277 2184 3328 etc.
2227 3265 2330 3326 Alli
2363 3273 2546 3328 dicunt
2589 3275 2984 3331 Antichris'tum
3017 3293 3112 3348 per
3159 3279 3272 3336 inec
3319 3281 3482 3338 verba

207 3379 420 3432 Dentes
463 3381 822 3446 praceptores
881 3379 1008 3428 sunt
1039 3371 1234 3436 sancti,
1265 3369 1356 3442 qui
1401 3367 1698 3440 praecidunt
1731 3367 1798 3422 ab

205 3467 498 3524 erroribus
517 3467 780 3532 homines,
805 3475 860 3522 et
879 3479 974 3522 eos
993 3465 1144 3536 quasi
1169 3461 1502 3520 comedenda
1517 3461 1568 3516 in
1596 3459 1796 3516 Christi

209 3575 418 3630 corpus
463 3565 824 3614 transmutant
867 3557 1046 3632 [Cod.,
1099 3555 1518 3630 transmittunt].
1569 3553 1798 3611 Nomine

211 3661 396 3708 autem
431 3653 588 3706 lactis
613 3651 856 3708 doctrina
891 3651 1024 3720 legis
1053 3649 1410 3722 signiﬁcatur,
1435 3663 1554 3718 qum
1603 3645 1798 3702 carnaé

211 3747 322 3802 lem
349 3745 600 3816 populum
625 3751 880 3815 tanquam
907 3741 1160 3814 parvulos
1185 3743 1378 3814 po'culo
1405 3743 1562 3798 lactis
1589 3741 1792 3798 aiebat.

211 3835 386 3906 Cujus
419 3834 638 3904 quidem
665 3833 1010 3890 candidiores
1037 3833 1212 3890 eﬂ'ecti
1239 3841 1364 3890 sunt
1411 3833 1796 3904 prmdicatnres

211 3927 492 3990 Ecclesiae,
525 3927 650 3996 quia
673 3925 870 3982 fortem
891 3937 946 3982 et
973 3925 1210 3982 validum
1257 3925 1406 3982 verbi
1435 3925 1614 3982 cibum
1641 3941 1794 3980 man-

213 4019 354 4074 dunt
383 4027 544 4088 atque
577 4017 938 4084 distribuunt;
993 4017 1058 4072 de
1085 4017 1282 4088 quibus
1329 4019 1460 4074 dicit
1505 4017 1794 4088 Apostolus

211 4111 272 4166 in
297 4107 538 4178 Epistula
559 4107 626 4162 ad
649 4107 904 4164 Hebrteos
931 4123 946 4162 :
985 4105 1348 4178 Perfectorum
1373 4117 1548 4164 autem
1575 4117 1648 4162 est
1671 4105 1792 4162 soli-

209 4201 318 4254 dus
339 4201 484 4256 cibus
513 4199 700 4272 (Hebr.
729 4215 782 4266 ν,
813 4201 864 4264 l,
890 4199 968 4270 4).
1003 4199 1070 4254 Et
1115 4201 1253 4256 bene
1281 4201 1628 4256 candidiores
1657 4195 1798 4256 lacte

211 4297 410 4352 dentes
447 4295 564 4364 eius
591 4295 742 4350 dicit.
787 4291 988 4348 Omnes
1019 4293 1164 4348 enim
1189 4293 1282 4362 qui
1311 4289 1538 4362 perfecti
1577 4297 1723 4357 sunt,-
1747 4301 1802 4347 et

209 4391 312 4460 qui
363 4387 770 4460 Scripturrum
821 4389 972 4444 cibos
1017 4387 1372 4458 explanantes
1397 4427 1410 4452 ,
1453 4385 1704 4442 subtilem
1747 4393 1802 4442 et

209 4482 484 4538 minutum
515 4481 870 4546 intellectum,
901 4481 994 4551 qui
1015 4479 1276 4552 spiritalis
1297 4481 1516 4546 dicitur,
1545 4477 1800 4538 E'cclesite

209 4575 434 4644 corpori
479 4573 916 4638 subministrant,
943 4571 1158 4628 candidi
1187 4587 1308 4628 esse
1333 4571 1531 4628 debent
1559 4579 1612 4628 et
1655 4573 1796 4644 puri,

211 4671 384 4736 atque
413 4667 482 4720 ab
509 4665 658 4720 omni
691 4665 904 4720 macula
929 4663 1103 4720 liberi.

289 4759 514 4814 lsachar
551 4759 734 4814 asinus
785 4759 958 4826 fortis.
997 4757 1233 4823 lsachar,
1275 4759 1368 4827 qui
1411 4759 1802 4828 interpretatur

211 4869 436 4914 merces,
479 4853 542 4906 ad
571 4851 840 4924 populum
867 4851 1128 4923 gentium,
1177 4867 1336 4922 quem
1369 4851 1628 4908 Dominus
1671 4865 1798 4908 san-

213 4946 400 5019 guinis
433 4945 512 4998 sui
565 4943 740 5014 pretio
781 4953 1052 4999 mercatus
1099 4943 1224 5016 [est,
1249 4941 1526 5015 refertur].
1555 4943 1654 4998 llic
1693 4941 1802 4999 Isa-

211 5037 350 5092 char
377 5035 560 5090 asinus
599 5035 756 5090 fortis
797 5035 1074 5106 scribitur,
1111 5035 1236 5106 quia
1273 5035 1422 5106 prius
1455 5033 1670 5106 gentilis
1705 5049 1800 5106 po-

213 5127 398 5198 pulus,
453 5127 608 5196 quasi
659 5127 876 5181 brutum
919 5127 1119 5181 animal
1167 5131 1222 5182 et
1277 5127 1610 5184 luxuriosum
1661 5135 1797 5192 erat,

213 5219 472 5286 nullaque
515 5219 722 5274 ratione
759 5219 1100 5284 subsistens;
1153 5235 1296 5274 nunc
1325 5235 1454 5275 vero
1507 5219 1666 5276 fortis
1695 5229 1798 5286 est,

219 5311 602 5380 Redemptoris
627 5311 870 5366 dominio
919 5311 1056 5366 colla
1087 5309 1402 5380 subjiciens,
1431 5321 1484 5366 et
1511 5311 1698 5384 jugum
1725 5311 1802 5368 di-

215 5399 462 5472 sciplina:
509 5403 834 5474 evangelicae
879 5403 1178 5474 perferens.
1233 5403 1330 5458 Hic
1365 5405 1626 5458 accubans
1663 5405 1802 5458 inter

215 5495 466 5550 tcminos
511 5495 636 5548 uidit
683 5497 932 5568 requiem,
963 5495 1102 5566 quod
1155 5503 1286 5550 esset
1321 5497 1482 5560 bona,
1533 5505 1580 5550 et
1633 5507 1796 5564 terra,

211 5583 356 5656 quod
391 5585 606 5654 optima.
655 5587 796 5642 inter
837 5587 1096 5642 terminos
1141 5597 1372 5656 namque
1425 5587 1690 5644 accubare
1717 5597 1798 5644 est

215 5675 526 5746 praestolata
561 5679 746 5734 mundi
797 5679 902 5734 line
941 5679 1299 5749 requiescere,
1335 5679 1574 5750 nihilque
1619 5679 1686 5734 de
1715 5681 1800 5740 his

215 5781 338 5836 quae
361 5779 506 5824 nunc
531 5779 816 5826 versantur
847 5771 900 5824 in
935 5771 1128 5834 medio,
1183 5785 1448 5840 quaerere,
1481 5771 1574 5826 sed
1611 5771 1796 5824 ultima

215 5857 544 5916 desiderare.
579 5861 644 5916 Et
683 5861 840 5918 fortis
881 5865 1064 5918 asinus
1121 5865 1360 5934 requiem
1415 5861 1582 5929 videt,
1609 5869 1666 5918 et
1693 5871 1796 5917 ter-

1863 3351 1872 3362 ’
1901 3363 2120 3436 przcdici
2147 3365 2214 3420 de
2251 3367 2350 3420 ista
2393 3365 2536 3422 tribu
2579 3365 2852 3436 futurum;
2883 3369 2974 3424 alii
3018 3369 3084 3424 de
3125 3369 3288 3438 Juda,
3319 3389 3348 3428 a
3379 3391 3484 3444 quo

1901 3455 2130 3510 traditus
2161 3465 2244 3510 est
2281 3455 2548 3524 Christus,
2599 3459 2714 3514 inec
2760 3461 2962 3530 scripta
2995 3457 3394 3532 pronuntiant,
3430 3475 3480 3522 et

1899 3547 2136 3616 equitem
2163 3557 2322 3618 atque
2357 3559 2552 3620 equum
2603 3549 2890 3608 Dominum
2927 3569 3050 3610 cum
3089 3571 3252 3612 carne
3299 3557 3476 3616 susceé

1897 3649 1988 3712 pta
2015 3643 2298 3716 dcsignare
2321 3645 2522 3702 volunt.
2553 3645 2866 3704 Retrorsum
2891 3661 3072 3708 autem
3099 3655 3316 3720 cadere,
3347 3667 3405 3711 ut
3433 3657 3480 3712 in

1903 3739 2102 3790 terram
2131 3745 2496 3794 reverteretur
2521 3741 2662 3796 unde
2685 3751 2928 3812 sumptus
2957 3753 3058 3798 est.
3093 3743 3196 3800 Sed
3226 3747 3480 3818 quoniam

1901 3827 1988 3883 die
2037 3829 2192 3884 tertia
2239 3831 2570 3898 resurrexit,
2603 3833 2832 3906 ideoque
2877 3837 2992 3890 ait:
3032 3827 3278 3894 Salutare
3331 3851 3478 3896 tuum

1899 3923 2222 3992 exspectabo,
2255 3919 2496 3978 Domine.
2543 3923 2698 3980 Sicut
2723 3933 2778 3980 et
2813 3941 2912 3998 per
2951 3925 3118 3982 David
3163 3927 3329 3986 dicit:
3359 3923 3480 3988 Non

1905 4013 2228 4086 derelinques
2259 4017 2489 4070 animam
2527 4035 2692 4072 meam
2721 4019 2774 4074 in
2803 4019 3008 4088 inferno
3053 4017 3226 4092 (Psal.
3255 4039 3344 4092 xv,
3375 4021 3394 4078 ίΙ
3407 4025 3461 4096 0)

1909 4103 2035 4160 Huic
2063 4107 2280 4176 quidam
2315 4103 2386 4162 ita
2417 4117 2714 4179 exponunt.
2753 4107 2856 4164 Alii
2895 4125 3024 4166 vero
3071 4111 3210 4168 hanc
3259 4111 3463 4188 proplie

1907 4197 2034 4252 tiam
2081 4199 2146 4254 ad
2195 4199 2588 4256 Antichristum
2641 4199 2992 4257 transferunt.
3037 4201 3112 4258 De
3143 4203 3286 4260 tribu
3338 4197 3480 4264 enim

1903 4285 2018 4342 Dan
2055 4289 2236 4344 venire
2277 4291 2670 4348 Antichristum
2721 4293 2900 4348 ferunt
2945 4311 3042 4366 pro
3087 4313 3152 4352 eo
3195 4297 3338 4370 quod
3385 4289 3480 4357 hoc

1901 4379 2018 4434 loco
2050 4377 2162 4434 Dan
2205 4391 2258 4436 et
2293 4381 2502 4438 coluber
2544 4385 2810 4440 asseritur
2847 4391 2900 4440 et
2933 4387 3194 4444 mordens.
3231 4387 3386 4446 Unde
3431 4403 3480 4448 et

1905 4485 2010 4525 non
2049 4471 2338 4538 immcrito,
2389 4473 2512 4528 dulu
2553 4471 2879 4532 lsraelitlcus
2915 4479 3144 4548 populus
3195 4487 3396 4536 terram
3431 4483 3481 4538 in

1903 4571 2206 4620 castrorum
2271 4565 2562 4636 partitione
2614 4569 2944 4638 susciperet,
3001 4571 3208 4641 primus
3259 4571 3374 4628 Dan
3418 4573 3480 4630 ad

1905 4657 2208 4728 aquilonem
2255 4667 2430 4714 castra
2471 4669 2704 4718 metatus
2729 4671 2848 4728 est,
2881 4661 3030 4718 illum
3076 4665 3282 4722 scilicet
3323 4667 3480 4738 signi-

1903 4753 2072 4806 ﬁcans
2101 4753 2192 4824 qui
2235 4755 2288 4808 in
2337 4753 2500 4808 corde
2541 4771 2640 4810 suo
2685 4755 2936 4810 dixerat:
2971 4755 3172 4812 Sedabo
3215 4761 3270 4812 in
3313 4769 3478 4814 monts

1901 4847 2220 4910 testamenti,
2237 4847 2291 4898 in
2313 4843 2566 4900 lateribus
2588 4845 2880 4918 Aquilonis,
2899 4849 3176 4906 ascendam
3199 4869 3352 4922 super
3373 4851 3466 4904 alti

1905 4937 2136 4994 tudinem
2167 4939 2405 5006 nubium,
2431 4939 2620 4994 similis
2649 4943 2736 4995 ero
2763 4941 3034 5000 Altissimo
3061 4945 3196 5016 (lsa.
3227 4961 3340 5010 xiv,
3375 4941 3462 5014 15)

1867 5081 1872 5084 .
1909 5031 1982 5086 De
2015 5047 2124 5102 quo
2165 5039 2354 5110 et'per
2387 5021 2714 5104 Prophetam
2759 5033 2994 5092 dicitur:
3029 5039 3072 5091 Α
3111 5035 3232 5090 Dan
3274 5035 3484 5110 auditur

1905 5117 2140 5192 fremitus
2169 5141 2418 5194 equorum
2445 5123 2558 5196 ejus
2601 5125 2878 5202 (Je‘r._vm,
2911 5127 3018 5200 16).
3045 5127 3144 5196 Qui
3179 5143 3281 5182 non
3311 5129 3474 5184 solun

1905 5213 2144 5280 coluber,
2193 5215 2286 5271 sed
2315 5217 2478 5272 etian'i
2513 5229 2736 5274 cerastes
2775 5231 3018 5274 vocatur.
3063 5219 3298 5276 Cerastae
3338 5223 3474 5278 enitr

1905 5307 2090 5364 Griece
2137 5327 2336 5364 cornua
2387 5311 2664 5376 dicuntur,
2709 5313 3038 5384 'serpensque
3087 5313 3174 5366 hic
3223 5323 3474 5370 comatus

1904 5415 2024 5457 esse
2075 5401 2406 5471 perhibetur.
2455 5401 2560 5458 Per
2599 5419 2758 5472 quem
2802 5403 2962 5472 digne
3015 5393 3290 5460 adventus
3329 5405 3456 5461 Anti

1905 5497 2092 5552 christi
2139 5499 2428 5562 asseritur,
2477 5499 2566 5570 qui
2621 5509 2806 5556 contra
2855 5501 3018 5554 vitam
3075 5501 3310 5558 fidelium
3357 5521 3474 5560 cuir

1907 5603 2090 5646 morsu
2121 5589 2392 5659 pestifera:
2419 5589 2820 5660 praedicationis
2843 5591 3143 5646 armabitur
3169 5587 3330 5650 ctiam
3358 5612 3464 5652 cor-

1907 5681 2064 5736 nibus
2099 5683 2568 5752 potestatis.'Quis
2616 5691 2794 5736 autem
2841 5685 3048 5740 nesciat
3097 5691 3344 5744 semitam
3388 5707 3454 5746 an

1907 5763 2214 5846 gustioreni’
2237 5789 2354 5830 esse
2383 5791 2542 5844 quam
2599 5775 2774 5828 viam?
2809 5773 2892 5830 Fit
2945 5793 3072 5850 ergo
3117 5779 3226 5836 Dan
3263 5781 3470 5836 colubei

1909 5867 1962 5921 in
1995 5867 2078 5922 via
2101 5907 2114 5932 ,
2149 5867 2272 5938 quia
2317 5869 2370 5920 in
2407 5867 2692 5936 praesentis
2717 5867 2837 5924 vitaz
2865 5869 3202 5928 latitudinem
3231 5889 3324 5930 eos
3365 5889 3450 5926 am

3503 6023 3530 6040 Ρ
