3970 6332
598 355 704 410 259

1630 347 1984 406 ANGELOMI
2019 345 2483 405 LUXOVIENSIS
2521 345 2835 404 MONACHI
3714 357 3787 416 uo

595 464 785 520 bulare
832 467 1122 532 provocat,
1160 459 1356 529 quibus
1381 459 1538 529 quasi
1565 461 1835 530 parcendo
1878 459 2172 514 blanditur.
2203 465 2254 524 Α
2352 458 2483 511 Aser
2507 458 2715 528 pinguis
2753 457 2904 528 panis
2929 458 3064 527 ejus,
3098 467 3147 512 et
3170 460 3362 529 prebet
3382 461 3584 520 delicias
3614 459 3782 538 regibus.

597 555 704 610 Sed
739 555 795 608 in
837 551 926 607 via
987 550 1232 617 mordet,
1292 550 1419 620 quia
1481 564 1576 605 eos
1623 551 1820 620 quibus
1872 550 2178 607 libertatem

593 647 816 711 tribuit,
854 645 1060 700 erroris
1107 644 1190 699 sui
1251 659 1460 700 veneno
1504 643 1793 699 consumit.
1837 642 1927 698 Fit
1982 645 2179 699 iterum

594 747 834 794 cerastes
857 735 914 790 in
952 736 1167 800 semita,
1195 735 1320 805 quia
1356 750 1492 804 quos
1519 734 1704 790 ﬁdeles
1747 735 1950 805 reperit
1977 746 2034 792 et
2061 751 2182 792 sese

592 831 663 887 ad
689 840 868 900 coepta
905 837 1130 900 angusta
1159 830 1352 884 itinera
1381 828 1838 900 constringentes,
1868 844 1977 884 non
2007 829 2182 885 solum

593 923 835 993 nequitia
863 921 1068 978 callidas
1094 920 1460 992 persuasionis
1486 919 1717 991 impetit,
1748 921 1844 976 sed
1874 921 2039 975 etiam
2071 929 2182 976 ter-

592 1028 718 1070 rore
763 1013 1047 1082 potestatis
1089 1011 1306 1080 premit,
1345 1018 1401 1065 et
1443 1010 1498 1064 in
1541 1011 1938 1080 persecutionis
1977 1027 2181 1082 angore

589 1112 717 1175 post
761 1102 1022 1159 beneﬁcia
1069 1100 1207 1156 ﬁctas
1249 1100 1548 1156 dulcedinis
1575 1109 1799 1156 exercet
1842 1117 2048 1158 cornua
2083 1117 2180 1172 po-

589 1197 821 1253 testatis.
853 1195 970 1264 Quo
1000 1195 1053 1249 in
1087 1194 1208 1249 loco
1235 1210 1398 1263 equus
1429 1193 1572 1248 hunc
1614 1195 1875 1248 mundum
1911 1193 2176 1260 insinuat,

587 1289 683 1360 qui
723 1303 822 1359 per
845 1287 1133 1342 elationem
1165 1300 1319 1340 suam
1361 1285 1418 1339 in
1445 1300 1608 1340 cursu
1640 1285 1938 1339 labentium
1973 1294 2178 1355 tempo-

583 1397 706 1436 rum
735 1386 967 1451 spumat.
1007 1377 1076 1432 Et
1120 1376 1248 1448 quia
1294 1375 1660 1431 Antichristus
1689 1385 1932 1431 extrema
1987 1377 2176 1431 mundi

581 1470 992 1540 apprehendere
1028 1468 1242 1535 nititur,
1269 1479 1508 1524 cerastes
1535 1469 1637 1524 iste
1664 1469 1890 1538 ungulas
1927 1469 2176 1524 mordere

579 1563 915 1631 perhibetur.
955 1559 1224 1632 Ungulam
1272 1560 1471 1630 quippe
1521 1560 1770 1614 mordere
1817 1567 1902 1615 est
1931 1568 2176 1615 extrema

578 1654 763 1711 seculi
799 1653 1046 1709 feriendo
1089 1652 1423 1723 contingere.
1467 1651 1536 1706 Ut
1567 1653 1723 1706 cadat
1772 1670 2019 1708 ascensor
2059 1654 2174 1724 ejus

579 1754 737 1799 retro.
766 1742 1038 1800 Ascensor
1064 1743 1191 1812 equi
1217 1753 1303 1798 est
1329 1743 1576 1812 quisquis
1605 1743 1886 1799 extollitur
1919 1745 1973 1799 in
2003 1745 2174 1816 digni-

2279 550 2434 615 Aser,
2462 549 2617 620 cujus
2646 565 2842 605 nomen
2872 550 3144 622 signiﬁcat
3174 551 3410 620 divitias,
3438 555 3569 612 idem
3601 560 3784 624 Christus

2281 654 2382 711 est,
2410 646 2565 716 cujus
2589 652 2674 700 est
2700 643 2930 700 altitudo
2953 643 3270 701 divitiarum
3296 649 3564 718 sapientiae
3585 661 3634 709 et
3655 657 3783 714 sciui-

2282 738 2390 794 tiae.
2423 738 2526 805 Qui
2568 746 2791 809 propter
2818 753 2918 794 nos
2959 753 3164 809 pauper
3211 738 3387 796 factus
3417 751 3516 809 est,
3542 759 3648 800 cum
3681 749 3786 808 dives

2280 839 2444 885 esset.
2491 828 2656 898 Cujus
2684 829 2842 900 panis
2869 830 3086 900 pinguis
3133 830 3311 888 factus
3344 840 3445 899 est,
3473 849 3592 892 caro
3633 840 3785 899 scilicet

2281 923 2418 992 ejus,
2442 937 2563 992 quas
2591 930 2676 977 est
2698 935 2823 977 esca
2852 931 3190 988 sanctorum,
3216 941 3376 995 quam
3403 927 3448 980 si
3484 929 3592 998 quis
3621 936 3786 988 mandu-

2281 1013 2492 1076 caverit,
2535 1029 2638 1067 non
2667 1013 2920 1067 morietur
2956 1015 3011 1068 in
3033 1023 3287 1070 internum
3321 1015 3502 1088 (Joan.
3521 1035 3592 1087 tv,
3615 1021 3704 1095 52).
3735 1027 3785 1082 ita

2281 1103 2446 1157 etiam
2488 1104 2695 1174 praebet
2720 1103 2950 1160 delicias
2987 1105 3270 1176 sapientia:
3295 1109 3524 1179 regibus,
3555 1111 3606 1166 id
3627 1123 3694 1168 est
3726 1119 3784 1185 qui
3869 1155 3874 1170 .

2281 1211 2470 1252 sensus
2513 1197 2764 1267 proprios
2789 1198 2928 1254 bene
2969 1207 3184 1270 regunt,
3213 1201 3310 1272 qui
3335 1203 3659 1260 dominantur
3676 1208 3785 1264 vitio

2280 1305 2400 1345 rum
2429 1305 2670 1356 suorum,
2703 1292 2796 1361 qui
2824 1292 3092 1365 castigant
3133 1309 3364 1366 corpora
3402 1312 3496 1352 sua
3522 1307 3572 1354 et
3598 1299 3646 1354 in
3665 1305 3784 1357 servi

2278 1387 2453 1460 tutem
2485 1380 2798 1450 subjiciunt.

2348 1471 2722 1542 Nephthalim,
2769 1479 2913 1546 quod
2972 1479 3362 1552 interpretatur
3421 1483 3660 1550 dilatatis,
3693 1501 3782 1556 apo-

2277 1564 2444 1621 stolos
2484 1575 2538 1622 et
2581 1569 2964 1638 praedicatores
3009 1583 3229 1630 sanctos
3279 1575 3544 1647 signiﬁcat
3562 1617 3578 1643 ,
3616 1592 3783 1647 quorum

2277 1657 2523 1713 doctrina
2571 1659 2626 1714 in
2672 1659 2959 1720 latitudine
3008 1665 3173 1722 totius
3203 1666 3390 1722 mundi
3427 1667 3586 1723 effusa
3618 1679 3702 1724 est.
3733 1671 3781 1724 Ex

2278 1751 2377 1808 hac
2423 1752 2568 1808 enim
2595 1754 2737 1810 tribu
2783 1757 3002 1813 fuerunt
3030 1759 3287 1829 apostoli,
3318 1760 3410 1830 qui
3439 1770 3557 1837 sunt
3578 1761 3782 1832 principes

578 1833 780 1888 tatibus
824 1833 1030 1888 mundi.
1061 1833 1166 1900 Qui
1197 1841 1346 1888 retro
1390 1833 1586 1889 cadere
1631 1834 1852 1900 dicitur,
1886 1844 1941 1890 et
1980 1852 2087 1892 non
2119 1837 2172 1890 in
2201 1855 2248 1913 Β
2276 1844 2640 1902 Ecclesiamm
2665 1856 2720 1904 ει
2744 1849 2931 1918 duces,
2960 1853 3222 1924 principes
3249 1835 3572 1920 zabutonjei
3592 1855 3780 1924 ρήηάρεε

578 1922 797 1988 faciem,
822 1923 962 1979 sicut
988 1923 1186 1979 Saulus
1216 1925 1477 1980 cecidisse
1508 1936 1860 1982 memoratur.
1891 1926 1949 1981 ln
1979 1926 2168 1982 faciem

576 2013 723 2069 enim
748 2013 968 2080 cadere,
995 2023 1079 2070 est
1107 2015 1162 2069 in
1192 2015 1294 2071 hac
1307 2015 1416 2071 vita
1439 2032 1566 2072 suas
1589 2031 2026 2087 unumquemque
2059 2018 2171 2074 cul-

576 2120 678 2176 pas
701 2120 998 2176 agnoscere
1022 2121 1224 2176 easque
1247 2108 1562 2178 paenitendo
1582 2107 1800 2164 deﬂere.
1825 2109 1996 2166 Retro
2014 2125 2166 2177 vero,

577 2197 722 2266 quod
757 2211 866 2253 non
910 2197 1148 2264 videtur,
1192 2199 1388 2254 cadere
1429 2208 1512 2255 cst
1545 2213 1606 2254 ex
1657 2201 1762 2257 hac
1805 2201 1917 2256 vita
1947 2213 2169 2272 repente

576 2289 851 2356 decidere,
884 2298 940 2346 et
971 2290 1040 2346 ad
1069 2305 1190 2362 quae
1223 2291 1484 2362 supplicia
1515 2293 1763 2358 ducatur,
1803 2294 2072 2364 ignorare.
2101 2295 2168 2349 Et

575 2380 701 2449 quia
730 2378 932 2444 Iudaea,
981 2383 1188 2437 erroris
1221 2383 1305 2438 sui
1341 2383 1547 2454 laqueis
1593 2394 1772 2456 capta,
1803 2401 1903 2456 pro
1951 2385 2168 2441 Christo

575 2471 972 2526 Antichristum
1011 2480 1305 2542 exspectat,
1338 2474 1477 2529 bene
1503 2473 1672 2530 Jacob
1716 2477 1907 2530 eodem
1934 2475 2053 2531 loco
2081 2492 2166 2531 re-

573 2570 734 2631 pente
759 2563 816 2617 in
842 2561 1142 2619 electorum
1166 2578 1301 2620 voce
1329 2578 1626 2620 conversus
1646 2575 1730 2621 est
1756 2567 1945 2622 dicens
1969 2587 1981 2620 :
2009 2566 2167 2622 Salu-

573 2664 686 2708 tare
727 2664 875 2709 tuum
904 2657 1238 2726 exspectabo,
1271 2656 1512 2712 Domine.
1541 2657 1601 2714 1d
1633 2668 1735 2726 est,
1782 2676 1888 2716 non
1918 2662 2060 2718 sicut
2087 2663 2167 2718 in-

573 2747 744 2804 ﬁdelis
763 2749 1183 2817 Antichristum,
1209 2751 1302 2807 sed
1321 2767 1445 2808 cum
1465 2754 1557 2824 qui
1579 2755 1949 2826 redemptione
1977 2766 2165 2812 nostra

570 2851 829 2899 venturus
855 2854 958 2910 est,
985 2859 1174 2900 verum
1199 2845 1365 2901 credo
1393 2844 1625 2903 ﬁdeliter
1653 2847 1948 2904 Christum.

643 2934 759 2990 Gad
797 2938 1064 2992 accinctus
1097 2936 1428 3008 prwliabitur
1455 2950 1576 2994 ante
1616 2958 1755 2996 eum.
1786 2941 1890 2998 lste
1923 2941 2041 2999 Gad
2075 2958 2165 2998 ac-

569 3027 781 3083 cinctus
820 3043 1112 3099 personam
1163 3030 1378 3084 Domini
1423 3033 1711 3102 exprimit,
1755 3035 1847 3104 qui
1888 3036 1943 3090 in
1989 3036 2164 3106 primo

569 3118 800 3174 adventu
830 3120 1151 3176 humilitatis
1191 3136 1302 3176 suae
1341 3131 1467 3177 ante
1509 3123 1802 3179 adventum
1839 3126 2162 3182 Antichristi

2277 1939 2620 2011 Nephthalim
2646 1942 2821 2013 (Psal.
2849 1961 3017 2011 vau,
3044 1945 3159 2019 28),
3187 1948 3282 2018 qui
3311 1947 3427 2002 sine
3452 1946 3602 2002 dubio
3629 1947 3682 2001 ad
3703 1961 3780 2016 per-

2271 2046 2462 2088 sonam
2505 2033 2816 2090 referuntur
2860 2038 3251 2106 apostolorum.
3292 2038 3398 2108 Ipsi
3445 2045 3590 2101 sunt,
3617 2036 3695 2104 ﬁlii
3721 2053 3779 2091 a-

2271 2128 2553 2181 cussorum‘
2576 2127 2749 2198 (Psal.
2779 2146 2961 2199 cxxvr,
2983 2131 3062 2203 4),
3094 2132 3148 2188 id
3176 2141 3262 2189 est
3301 2131 3397 2186 ﬁlii
3436 2130 3776 2202 prophetarum.

2271 2218 2364 2288 qui
2402 2219 2455 2273 in
2504 2235 2666 2276 manu
2713 2224 2949 2292 potentis
2984 2224 3084 2281 Dei
3123 2225 3321 2295 positi,
3361 2234 3606 2294 tanquam
3630 2223 3778 2294 sagitta

2271 2325 2512 2368 excussae
2547 2325 2921 2384 pervenerunt
2948 2333 3118 2389 usque
3143 2319 3216 2374 ad
3246 2317 3384 2375 ﬁnes
3409 2326 3575 2374 terrae.
3607 2315 3727 2372 Unde
3743 2323 3779 2368 et

2269 2397 2407 2454 bene
2438 2401 2564 2456 hinc
2593 2401 2942 2474 Nephthalim
2966 2423 3145 2462 cervus
3180 2408 3403 2463 emissus
3427 2407 3677 2471 scribitur,
3693 2403 3776 2474 quia

2269 2491 2524 2548 nimirum
2551 2497 2782 2566 apostoli
2805 2499 2921 2554 sive
2954 2501 3346 2570 praedicatores
3379 2501 3542 2558 veloci
3579 2499 3693 2555 saltu
3715 2512 3774 2552 ex-

2269 2583 2510 2641 silientes
2536 2586 2594 2642 in
2623 2603 2831 2644 morem
2872 2605 3155 2648 cervorum
3193 2596 3576 2652 transcendunt
3596 2591 3774 2663 implica-

2269 2684 2451 2732 menta
2476 2679 2658 2735 saeculi
2688 2681 2868 2754 "hujus,
2901 2683 3090 2756 sicque
3114 2687 3330 2744 excelsa
3368 2703 3432 2744 ac
3457 2683 3678 2743 sublimia
3695 2698 3772 2737 me-

2269 2769 2536 2841 ditantes,
2579 2775 2708 2829 dant
2761 2776 2967 2848 eloquia
2998 2775 3430 2848 pulchritudinis,
3469 2778 3522 2834 id
3556 2785 3646 2842 est,
3672 2789 3770 2845 prt-

2269 2863 2452 2920 dicant
2497 2869 2706 2925 cunctis
2753 2871 3004 2941 gentibus
3040 2873 3348 2930 doctrinam
3404 2871 3601 2932 Domini
3642 2867 3773 2925 Salva-

2269 2957 2418 3012 toris.

2345 3047 2516 3105 Filius
2557 3069 2852 3110 accrescens
2880 3056 3094 3129 Joseph.
3126 3059 3259 3117 Hac
3285 3060 3556 3133 prophetia
3581 3066 3682 3130 p05!
3706 3071 3768 3127 ll"

2270 3150 2466 3196 tratam
2501 3145 2874 3202 ascensionem
2903 3157 3141 3217 paternae
3186 3154 3336 3210 vocis
3379 3152 3640 3222 imaginem
3675 3163 3772 3217 pra?-

569 3212 913 3283 prseliaturus
935 3215 1196 3280 occurrit,
1223 3215 1506 3271 accinctus
1527 3216 1706 3288 gladio
1726 3220 1879 3274 verbi
1905 3221 1988 3276 sui
2011 3222 2159 3276 circa
2190 3245 2234 3310 ρ
2267 3232 2410 3299 tum,
2439 3249 2545 3304 qua
2574 3212 2974 3295 redeuntem-in
3003 3241 3199 3298 coelum
3231 3253 3354 3314 post
3385 3212 3639 3300 νίοῶιίεω
3667 3212 3770 3293 ῥιπῇ.

571 3303 751 3360 femur
779 3305 1173 3376 potentissime,
1189 3321 1298 3376 quo
1317 3305 1569 3362 inimicos
1588 3307 1791 3376 divisit,
1817 3309 1870 3364 id
1891 3321 1976 3366 est
1993 3311 2160 3366 tilium

570 3413 602 3451 a
627 3404 802 3467 patre,
831 3396 998 3451 ﬁliam
1029 3411 1060 3451 a
1110 3403 1304 3462 matre,
1336 3412 1532 3452 nurum
1571 3413 1603 3452 a
1630 3413 1809 3465 socru,
1835 3401 1988 3470 juxta
2018 3403 2161 3472 quod

567 3487 769 3560 legitur
791 3488 846 3543 in
873 3487 1168 3560 Evangelio
1202 3507 1214 3542 :
1250 3487 1376 3544 Non
1396 3489 1514 3543 veni
1541 3505 1723 3559 pacem
1747 3492 1951 3547 mittere
1977 3494 2033 3547 in
2058 3504 2162 3548 ter-

569 3597 707 3649 ram,
738 3581 829 3636 sed
854 3579 1094 3652 gladium
1124 3577 1342 3650 (Matth.
1372 3596 1428 3647 Χ,
1454 3579 1564 3650 54).
1591 3579 1747 3648 Quod
1775 3591 1957 3638 autem
1989 3585 2082 3650 ait,
2111 3593 2160 3640 et

565 3672 678 3744 ipse
705 3673 1006 3743 accingetur
1048 3681 1354 3738 retrorsum,
1398 3673 1620 3730 claritas
1648 3675 1862 3732 Domini
1903 3680 2078 3734 nostri
2103 3680 2160 3735 in

569 3764 811 3832 secundo
833 3778 1002 3834 regno
1021 3763 1139 3834 ejus
1159 3765 1486 3821 ostenditur.
1512 3765 1647 3834 Quia
1677 3783 1798 3824 cum
1821 3771 2033 3826 venerit
2055 3771 2160 3826 An-

568 3856 868 3922 tichristus,
899 3867 1150 3912 occurret
1204 3865 1527 3924 retrorsum,
1558 3858 1612 3914 id
1641 3869 1731 3916 est
1762 3871 1884 3932 post
1913 3863 2030 3933 ejus
2063 3878 2158 3918 ve-

567 3951 728 4022 stigia
753 3950 1007 4006 Christus
1028 3951 1194 4008 celeri
1220 3953 1453 4008 adventu
1473 3955 1844 4026 progrediens,
1866 3965 1925 4011 ut
1951 3957 2156 4012 interti-

566 4045 681 4100 ciat
702 4059 827 4100 eum
853 4044 1033 4117 gladio
1054 4045 1168 4100 oris
1195 4047 1301 4101 sui.
1334 4045 1488 4102 Unde
1513 4056 1570 4103 et
1596 4049 1736 4105 bene
1766 4050 1906 4106 idem
1933 4050 2051 4108 Gad
2079 4053 2160 4108 la-

567 4134 846 4190 trunculus
873 4129 1284 4206 interpretatur,
1306 4151 1373 4194 eo
1401 4139 1547 4208 quod
1575 4140 1864 4209 posterior,
1892 4141 1944 4196 id
1967 4151 2050 4198 est
2079 4158 2158 4199 se-

572 4231 671 4284 cus
702 4227 886 4297 pedes,
909 4227 1068 4297 quasi
1094 4227 1432 4285 latrunculus
1462 4231 1648 4301 rapido
1674 4241 1836 4302 atque
1864 4234 2158 4304 improviso

565 4323 802 4378 adventu
825 4321 1040 4378 exsiliat
1059 4331 1250 4378 contra
1282 4331 1521 4394 apertam
1543 4324 1862 4382 Antichristi
1884 4343 2158 4399 oppugna-

566 4415 792 4471 tionem.
819 4413 958 4469 Hinc
978 4421 1062 4470 est
1087 4415 1232 4484 quod
1257 4415 1601 4490 Evangelista
1627 4417 1922 4488 proclamat
1942 4419 2152 4474 dicens:

567 4507 709 4575 Quia
735 4509 848 4564 dies
895 4509 1111 4564 Domini
1140 4510 1275 4564 sicut
1322 4511 1412 4580 fur
1443 4512 1500 4565 in
1549 4521 1727 4578 nocte,
1771 4513 1844 4566 ita
1883 4513 2048 4568 veniet
2101 4514 2152 4585 (Ι
2185 4538 2194 4547 ·

2266 3333 2410 3379 stum
2456 3325 2619 3383 Pater
2664 3328 2956 3400 alloquitur
2998 3334 3224 3391 dicens:
3252 3336 3446 3407 Ioseph
3472 3334 3602 3404 ﬁlius
3640 3345 3766 3385 accre-

2265 3431 2433 3483 scens,
2463 3417 2650 3489 utique
2688 3421 2744 3475 in
2774 3422 3038 3493 gentibus,
3079 3426 3207 3496 quia
3236 3443 3359 3484 cum
3387 3427 3454 3482 ob
3497 3419 3767 3480 incredulita-

2269 3514 2374 3560 tem
2405 3504 2704 3582 Synagogaa
2730 3512 2986 3582 populum
3016 3514 3347 3586 reliquisset,
3376 3517 3678 3572 innumeram
3699 3504 3767 3561 sibi

2263 3597 2473 3668 plebem
2521 3601 2776 3659 Ecclesia:
2821 3621 2888 3661 ex
2935 3609 3186 3666 omnibus
3239 3610 3488 3682 gentibus
3538 3599 3765 3675 ampliavit.

2263 3684 2416 3752 Quod
2459 3698 2514 3745 et
2564 3692 2730 3748 David
2778 3696 2978 3752 cecinit
3025 3699 3212 3756 dicens
3257 3721 3271 3757 :
3319 3701 3707 3758 Reminiscentsr,
3735 3697 3766 3742 et

2263 3789 2629 3836 convertentur
2655 3785 2725 3838 ad
2753 3784 3039 3844 Dominum
3076 3793 3304 3850 universi
3326 3793 3454 3863 ﬁnes
3477 3800 3615 3845 terra
3638 3777 3766 3856 (P‘d‘

2263 3886 2376 3936 xxr,
2403 3871 2519 3942 28).
2551 3873 2720 3931 Filius
2749 3891 3085 3948 accrescens,
3117 3892 3167 3937 et
3201 3885 3423 3940 decorus
3446 3887 3635 3950 aspectu
3654 3887 3670 3926 :
3689 3885 3767 3927 om-

2263 3975 2361 4016 nes
2403 3963 2545 4018 enim
2578 3976 2796 4034 superat
2837 3969 2984 4026 illius
3015 3972 3380 4041 pulchritudo,
3407 3973 3553 4044 juxta
3591 3963 3705 4037 quod
3731 3968 3767 4014 ει

2263 4053 2330 4108 de
2373 4054 2492 4124 ipso
2533 4057 2588 4111 in
2637 4056 2865 4116 Psalmis
2907 4063 3117 4118 canitur
3151 4082 3164 4118 :
3208 4067 3484 4138 Speciosus
3527 4062 3671 4132 [arma
3691 4064 3767 4123 ll"

2259 4145 2390 4215 [iliis
2433 4148 2705 4204 hominum
2745 4149 2918 4224 (Psal.
2962 4171 3108 4222 XLIV,
3159 4155 3238 4230 3).
3293 4157 3448 4213 Filia:
3495 4149 3766 4208 decurrerunt

2261 4255 2418 4310 super
2440 4257 2671 4298 murum.
2699 4243 2757 4300 ld
2791 4254 2875 4302 est
2907 4257 3097 4318 gentes
3133 4249 3218 4306 vel
3263 4249 3528 4313 Ecclesiae,
3556 4257 3659 4314 quae
3679 4249 3764 4292 cre-

2260 4335 2516 4392 diderunt
2563 4339 2620 4394 in
2649 4339 2959 4410 Christum,
3011 4345 3094 4400 hac
3126 4361 3294 4417 super
3337 4343 3638 4403 soliditatem
3679 4325 3764 4384 ﬁdei

2260 4429 2414 4499 quasi
2441 4444 2605 4502 super
2632 4449 2870 4502 murum,
2901 4437 3321 4508 pulchritudinis
3341 4435 3534 4497 Christi
3560 4435 3762 4487 accenszi

2259 4520 2589 4589 discurrunt,
2616 4534 2675 4580 ut
2703 4542 2892 4582 verum
2923 4545 3179 4600 sponsum
3211 4549 3310 4604 per
3332 4519 3763 4594 contemplationem

573 4601 756 4657 Thess.
780 4617 834 4669 v,
860 4602 940 4673 2).
969 4601 1222 4660 Christus
1248 4619 1379 4675 ergo
1407 4613 1462 4659 et
1493 4611 1637 4671 ante,
1665 4614 1720 4660 et
1748 4615 1893 4662 retro
1920 4607 2151 4677 praeliari
2186 4614 2232 4674 1)
2259 4611 2539 4682 aspiciant,
2567 4623 2622 4670 et
2660 4618 2846 4673 osculo
2890 4620 3174 4677 charitatis
3211 4601 3296 4679 illi
3331 4618 3627 4692 copulentur
3648 4611 3764 4692 λιφε

560 4701 750 4746 contra
774 4691 1167 4747 Antichristum
1200 4692 1472 4748 scribitur.
1502 4693 1641 4748 Ante
1671 4709 1796 4749 eum
1828 4711 2060 4766 namque
2094 4697 2146 4752 in

561 4782 778 4840 occulto
821 4783 1054 4838 adventu
1104 4783 1456 4852 humilitatis,
1501 4793 1624 4856 post
1668 4801 1794 4841 eum
1833 4786 2151 4843 manifestus

563 4872 619 4928 in
647 4873 820 4944 gloria
855 4871 1175 4942 majestatis.
1207 4874 1552 4929 Demonstrat
1579 4884 1763 4946 aperte
1792 4876 2000 4948 Moyses
2027 4894 2150 4948 pro—

559 4967 798 5036 phetiam
831 4966 1153 5037 patriarcha
1199 4967 1358 5038 hujus
1410 4969 1717 5037 specialiter
1766 4971 2037 5039 pertinere
2082 4973 2150 5028 ad

560 5053 858 5113 Christum.
890 5057 981 5111 Sic
1020 5057 1164 5111 enim
1206 5058 1322 5112 ait:
1355 5057 1694 5125 Benedictus,
1732 5062 1936 5132 inquit,
1976 5066 2030 5118 in
2065 5066 2148 5120 la-

561 5148 785 5203 titudine
818 5146 970 5213 Gad;
999 5150 1153 5219 quasi
1180 5148 1258 5204 leo
1297 5151 1563 5221 requievit,
1601 5155 1849 5225 cwpitque
1879 5157 2149 5212 brachiunt

560 5251 610 5295 et
644 5243 910 5306 verticem,
959 5252 1005 5296 et
1047 5241 1174 5294 vidit
1227 5243 1577 5312 principatum
1624 5262 1796 5300 suum.
1843 5247 2154 5320 Agnoscunt

561 5333 766 5402 itaque,
795 5333 916 5404 quis
965 5334 1293 5403 requieverit
1338 5336 1482 5389 sicut
1512 5335 1617 5401 leo,
1662 5337 1765 5393 nisi
1797 5338 2045 5399 Christus
2095 5345 2149 5400 in

563 5427 812 5496 sepulcro
840 5443 938 5483 suo
972 5444 987 5482 :
1017 5428 1140 5499 quis
1168 5429 1497 5500 confregerit
1524 5431 1778 5488 verticem
1819 5434 2150 5509 brachiaque

561 5525 873 5588 potentum,
925 5518 1026 5574 nisi
1078 5519 1407 5591 Redemptor
1452 5530 1658 5588 noster,
1701 5525 1792 5594 qui
1843 5526 2151 5586 humiliavit

562 5609 820 5666 virtutem
845 5619 900 5665 et
928 5611 1233 5682 superbiam
1279 5613 1640 5669 excelsorum.
1671 5615 1802 5684 Quis
1830 5620 1964 5674 vidit
1992 5624 2146 5692 prin-

562 5702 801 5772 cipatum
829 5718 1005 5766 suum,
1035 5703 1137 5758 nisi
1182 5705 1267 5760 ille
1298 5707 1381 5760 cui
1412 5707 1568 5762 datus
1593 5715 1677 5763 est
1707 5709 2063 5780 principatus,
2096 5725 2149 5770 et

566 5795 762 5860 honor,
789 5801 845 5849 ct
868 5796 1128 5864 regnum?

2259 4704 2587 4761 adhaereant.
2638 4705 2743 4763 Sed
2791 4709 3054 4781 objurgati
3097 4724 3214 4768 sunt
3255 4690 3412 4778 eum;
3427 4703 3624 4780 quando
3657 4690 3764 4788 falsis

2261 4798 2582 4854 testimoniis
2637 4800 3030 4858 calumniantes
3096 4813 3340 4862 sanctum
3389 4794 3586 4859 Domini
3626 4796 3760 4857 0W"

2259 4905 2407 4946 mere
2452 4889 2746 4964 Synagoga:
2790 4896 2973 4966 p0puli
3027 4906 3385 4956 tentaverunt.
3427 4887 3762 4966 Invidertmltillf3

2256 4980 2336 5035 illi
2357 4960 2824 5054 habentes'ja'culn.
2853 4960 3040 5060 Neque
3069 4991 3212 5046 enim
3237 4992 3515 5062 quisquam
3542 4980 3591 5034 in
3616 4960 3760 5062 Ioseph.

2259 5073 2490 5143 conjecit
2534 5050 2780 5146 sagittas,
2830 5079 2917 5136 vel
2951 5050 3177 5152 aliquod
3224 5050 3458 5138 vulneris
3499 5070 3658 5129 telum.
3697 5050 3762 5111 δαί

2259 5164 2360 5219 hoc
2385 5167 2687 5236 specialiter
2715 5171 2898 5226 evenit
2935 5171 2989 5227 in
3015 5172 3253 5231 Christo.
3278 5173 3425 5232 Sedit
3450 5170 3502 5222 in
3523 5157 3633 5235 Ῑονίί
3650 5155 3760 5242 “mf

2257 5258 2391 5327 ejus.
2419 5258 2667 5316 Christus
2697 5264 2839 5319 enim
2877 5280 3066 5322 arcum
3093 5283 3248 5324 suum
3286 5278 3338 5325 et
3379 5274 3520 5320 arma
3545 5234 3759 5340 Ρυεθθξὼ

2257 5352 2435 5420 posuit
2459 5352 2512 5406 in
2543 5355 2673 5420 Deo,
2704 5357 2796 5426 qui
2827 5357 2982 5415 fortis
3005 5369 3087 5415 est
3112 5368 3501 5434 propugnator;
3535 5342 3665 5434 σθω-⁵

2259 5453 2371 5501 tute
2415 5424 2926 5508 conciditur—omnis
2971 5424 3580 5526 nequitia-pcrﬁdomm-
3605 5424 3761 5526 ad”?

2255 5537 2429 5593 soluta
2471 5552 2591 5596 sunt
2629 5543 2836 5598 vincula
2865 5524 3198 5602 brachiorum
3225 5524 3360 5620 ejus,
3391 5540 3571 5615 quibus
3611 5524 3760 5620 fratris

2252 5643 2375 5706 eum
2405 5631 2640 5687 vinctum
2671 5634 2741 5689 ad
2767 5633 2994 5691 Pilatum
3036 5613 3325 5706 duxerunt,
3369 5613 3450 5691 vel
3476 5623 3648 5698 «ιυίυυδ

2255 5701 2574 5791 suspensum
2629 5725 2773 5796 ligno
2816 5729 3220 5786 cruciﬁxerunt.
3268 5728 3452 5787 Recisa
3500 5717 3612 5774 sunt
3654 5704 3757 5756 εη¹¹¹¹

2258 5831 2348 5868 uer
2378 5831 2562 5870 manus
2592 5821 2812 5887 potentis
2840 5820 3026 5888 Jucob,
3072 5824 3173 5880 hoc
3214 5832 3328 5892 est,
3371 5832 3463 5892 per
3491 5810 3656 5866 manus
3676 5798 3757 5844 ⁰¹¹¹⁸
