3970 6332
181 463 294 518 241

1512 462 1874 520 COMMENT.
1915 463 1984 519 IN
2023 463 2182 520 GEN.

3360 471 3467 528 2Δῖ

183 578 491 652 nipotentis
529 578 624 632 Dei
669 577 856 642 Jacob,
903 594 966 632 cx
1011 579 1162 650 cujus
1205 595 1302 635 ore
1337 581 1452 649 ipse
1495 579 1778 646 Dominus,
1807 579 2050 650 Ajamin
2099 579 2345 634 ultimam
2395 579 2748 652 consequitur
2788 582 3242 650 benedictionem,
3292 589 3364 644 ita
3417 568 3494 648 ct‘

180 675 364 731 bonus
400 677 608 742 pastor,
641 683 898 741 egressus
922 680 1008 727 est
1035 670 1173 742 lapis
1201 680 1257 727 et
1283 671 1516 728 ﬁrmitas
1554 673 1780 729 creden-

181 766 327 820 tium
352 763 408 819 in
431 759 618 818 Israel.
645 761 790 816 Deus
814 763 981 832 patris
1010 763 1090 816 tui
1114 762 1212 817 erit
1238 763 1450 834 adjutor
1473 773 1615 819 tuus.
1649 764 1781 832 Quis

180 857 395 927 adjuvit
439 855 636 910 Filium
673 853 780 910 nisi
831 851 976 910 Deus
1019 852 1200 920 Pater,
1240 855 1333 926 qui
1379 855 1515 910 dixit
1554 871 1571 910 :
1613 855 1781 912 Jacob

178 970 326 1026 puer
357 968 532 1020 meus,
571 951 832 1022 suscipiet
871 965 996 1006 eum
1027 951 1208 1006 anima
1255 953 1409 1007 mea?
1435 951 1504 1006 Et
1545 953 1782 1022 omnipo-

179 1058 302 1103 tens
329 1046 594 1102 benedicet
621 1045 714 1099 tibi
742 1043 1181 1099 benedictionibus
1211 1043 1326 1099 creti
1345 1044 1592 1115 desuper,
1629 1044 1780 1098 bene-

179 1139 506 1193 dictionibus
541 1136 717 1207 abyssi
753 1136 983 1206 jacentis
1020 1135 1284 1191 deorsum.
1334 1135 1601 1192 Universa
1632 1136 1778 1192 enim

179 1229 424 1300 subjecit
451 1229 523 1295 ei,
555 1226 802 1284 caelestia
826 1241 923 1298 per
951 1229 1384 1286 benedictionem
1409 1229 1559 1296 οωιὶ,
1586 1237 1642 1283 et
1671 1236 1780 1284 ter-

179 1338 318 1380 rena
347 1337 449 1393 per
475 1321 910 1378 benedictionem
937 1322 1120 1393 abyssi
1147 1321 1382 1392 jacentis
1411 1323 1685 1388 deorsum,
1719 1330 1779 1377 ut

179 1416 441 1472 omnibus
469 1414 678 1487 angelis
721 1422 778 1470 et
808 1414 1122 1470 hominibus
1166 1415 1556 1471 dominaretur.
1609 1415 1776 1471 Bene-

175 1507 514 1564 dictionibus
539 1506 796 1572 uberum,
840 1506 896 1562 id
923 1515 1007 1563 est
1045 1507 1161 1563 sive
1195 1507 1424 1563 duorum
1461 1507 1778 1564 Testamen-

177 1609 388 1666 torum,
418 1614 650 1670 quorum
687 1597 858 1654 altero
901 1598 1179 1654 nuntiatus
1213 1607 1317 1665 est,
1350 1599 1522 1654 altero
1555 1598 1778 1654 demon-

174 1698 412 1747 stratus.
463 1689 595 1748 Sive
641 1690 1110 1747 benedictionibus
1150 1689 1378 1744 uberum
1414 1688 1616 1754 Mariae,
1656 1704 1777 1760 qua:

173 1797 310 1838 vere
340 1783 625 1840 benedicta
651 1793 803 1849 erat;
843 1783 970 1854 quia
997 1783 1185 1839 eadem
1216 1792 1405 1839 sancta
1437 1784 1592 1854 virgo
1615 1783 1682 1838 de
1717 1798 1776 1838 se

174 1875 418 1931 Domino
446 1884 635 1946 potum
663 1874 821 1930 lactis
854 1873 1132 1930 immulsit.
1165 1873 1319 1930 Unde
1353 1873 1443 1930 illa
1487 1873 1681 1930 mulier
1718 1874 1774 1930 in

1885 671 2027 726 idem
2060 671 2289 740 populus
2335 672 2560 729 ultimus
2607 683 2694 729 est
2749 675 3063 743 salvandus,
3116 687 3470 752 posteaquam

1882 761 2160 831 plenitudo
2186 765 2427 834 gentium
2459 765 2748 821 introierit.
2793 767 2941 822 Dixit
2965 769 3110 824 enim
3144 788 3157 823 :
3188 769 3470 844 Beniamin

1883 852 2036 922 lupus
2061 871 2249 925 rapax,
2276 855 2435 927 lupus
2462 857 2700 922 scilicet,
2737 859 2866 930 quia
2892 860 3008 931 ipse
3033 863 3262 932 populus
3282 865 3472 922 eﬂ‘udit

1884 946 2202 1016 sanguinem
2226 948 2615 1018 prophetarum
2647 958 2811 1020 atque
2833 949 3125 1020 iustorum.
3155 953 3342 1025 Rapax
3369 972 3469 1012 au-

1881 1044 1993 1093 tem
2019 1048 2240 1108 propter
2265 1040 2578 1096 aviditatem
2610 1042 2826 1098 dicitur.
2859 1044 2939 1098 Ex
2965 1045 3134 1100 multa
3161 1047 3304 1103 enim
3327 1046 3472 1103 fame

1880 1130 2032 1186 verbi
2073 1131 2168 1186 Dei
2195 1140 2251 1188 et
2293 1132 2470 1188 inedia
2499 1135 2649 1189 venit
2669 1151 2859 1206 rapax,
2886 1138 3012 1208 quia
3036 1147 3091 1193 et
3128 1139 3241 1209 ipse
3269 1140 3473 1198 violen-

1870 1229 1966 1300 ter
1997 1221 2218 1292 diripuit
2246 1238 2473 1294 regnum
2506 1225 2621 1281 Dei.
2672 1227 2773 1282 Hic
2822 1237 3004 1285 autem
3042 1247 3198 1286 mane
3247 1234 3472 1289 comedit

1879 1314 2135 1384 prwdam.
2169 1315 2326 1370 Mane
2353 1315 2483 1371 illud
2534 1327 2749 1389 tempus
2775 1322 3020 1377 creditur
3046 1337 3154 1392 quo
3185 1324 3355 1396 legem
3387 1342 3474 1382 ac-

1881 1407 2042 1477 cepit.
2070 1407 2222 1463 Tunc
2248 1410 2450 1465 mundo
2473 1411 2650 1481 prima
2677 1413 2897 1482 quidem
2930 1414 3256 1473 illuminatio
3299 1419 3475 1476 scien-

1881 1499 1971 1554 tiaa
2009 1501 2133 1555 data
2169 1511 2271 1557 est.
2321 1500 2568 1559 Comedit
2617 1514 2801 1561 autem
2855 1523 3046 1576 mane,
3105 1510 3230 1580 quia
3272 1511 3472 1584 legem,

1881 1605 2044 1660 quam
2077 1607 2239 1647 mane
2271 1595 2502 1664 accepit,
2528 1597 2764 1653 comedit
2812 1599 3011 1666 adhuc,
3057 1609 3113 1655 et
3157 1601 3470 1668 meditatur;

1879 1682 2010 1739 licet
2037 1700 2271 1754 sequens
2299 1686 2473 1758 legem
2507 1687 2735 1756 iustitia:
2758 1690 2811 1746 in
2842 1691 3017 1763 legem
3045 1693 3170 1749 ﬁdei
3201 1709 3310 1750 non
3349 1709 3473 1767 per-

1880 1778 2048 1832 venit.
2107 1778 2188 1831 Ad
2241 1795 2503 1850 vesperam
2529 1791 2705 1836 autem
2757 1783 2948 1838 dividet
3003 1784 3189 1855 spolia.
3236 1787 3474 1859 Vespere

1880 1877 1964 1924 est
1989 1868 2119 1923 illud
2150 1877 2364 1940 tempus
2403 1871 2755 1928 novissimum
2781 1889 2890 1944 quo
2927 1885 3292 1933 convertetur.
3322 1878 3474 1934 Tunc

173 1967 478 2038 Evangelia
503 1967 619 2022 ait:
653 1965 967 2021 Benedictus
1007 1975 1179 2021 venter
1215 1967 1304 2038 qui
1342 1975 1393 2022 te
1430 1967 1674 2038 portavit,
1722 1973 1770 2020 et
1800 1961 1848 2022 B
1875 1976 2006 2033 ergo
2032 1960 2236 2017 dividet
2276 1977 2480 2028 escam,
2509 1971 2640 2019 tunc
2670 1965 2934 2036 intelliget
2979 1967 3321 2024 dividendam
3351 1985 3473 2026 esse

173 2058 344 2113 ubera
364 2074 484 2129 quat
501 2058 689 2113 suxisti
704 2055 858 2130 (Luc.
875 2073 950 2122 ιι,
965 2057 1079 2128 27).
1093 2057 1630 2113 —Benedictionibus
1651 2057 1775 2112 ube-

173 2166 291 2203 rum
326 2159 378 2204 et
404 2149 590 2205 vulva.
625 2148 803 2204 Etiam
843 2150 1182 2207 benedicitur
1207 2151 1364 2206 vulva
1390 2150 1631 2220 ejusdem
1661 2167 1776 2206 ma-

172 2243 291 2308 tris,
349 2240 443 2298 illa
470 2244 658 2315 utique
687 2245 990 2318 virginalis,
1016 2261 1136 2318 qua:
1164 2248 1320 2303 nobis
1363 2246 1642 2303 Christum
1669 2247 1776 2303 Do-

170 2332 392 2389 minum
413 2333 604 2402 edidit,
627 2336 696 2392 de
713 2352 818 2407 qua
839 2336 1001 2393 Pater
1022 2353 1120 2408 per
1139 2336 1432 2395 Jeremiam
1454 2339 1774 2410 praphetam

171 2422 306 2481 dicit
348 2444 361 2480 :
394 2425 719 2499 Priusquam
760 2438 809 2484 te
839 2429 1126 2499 formarent
1162 2430 1221 2484 in
1259 2439 1429 2495 utero,
1472 2431 1592 2485 novi
1622 2440 1692 2496 te,
1725 2439 1775 2485 et

173 2527 465 2588 antequam
506 2520 673 2575 exires
699 2521 764 2576 de
809 2521 988 2588 vulva,
1028 2522 1352 2590 sanctiﬁcavi
1381 2531 1430 2576 te
1460 2521 1596 2593 (Jer.
1625 2539 1664 2590 1,
1693 2523 1771 2594 5).

175 2609 580 2668 Benedictiones
617 2615 782 2683 patris
823 2616 928 2669 tuis
967 2617 1275 2686 confortatae
1307 2625 1428 2670 sunt
1462 2615 1775 2672 benedictio-

175 2705 336 2759 nibus
366 2717 578 2776 patrum
619 2716 853 2764 tuorum.
897 2707 1315 2774 Benedictiones,
1356 2709 1560 2780 inquit,
1591 2709 1774 2765 Patris

172 2797 248 2848 tui
275 2796 548 2865 caelestis,
587 2814 708 2870 quae
737 2800 877 2856 data:
924 2808 1050 2855 sunt
1089 2800 1186 2856 tibi
1221 2816 1252 2855 a
1295 2815 1508 2857 summo
1551 2801 1677 2858 caeli
1719 2810 1776 2857 et

172 2889 385 2961 abyssi,
417 2889 729 2961 confortatte
756 2902 908 2958 sunt,
941 2893 997 2949 id
1023 2902 1108 2950 est
1145 2893 1566 2964 praevaluerunt,
1610 2895 1776 2950 bene-

173 2978 512 3036 dictionibus
541 2991 760 3053 patrum
804 2993 1039 3040 tuorum.
1076 2985 1225 3041 Ultra
1261 3001 1422 3042 omne
1469 2986 1615 3042 enim
1651 3002 1776 3043 san-

172 3079 396 3127 ctorum
447 3073 704 3131 meritum
751 3077 1188 3146 patriarcharum
1229 3079 1344 3136 sive
1384 3081 1772 3151 prophetarum

172 3167 459 3224 convaluit
487 3168 791 3226 benedictio
815 3173 1203 3244 omnipotentis
1229 3173 1410 3232 Patris
1432 3176 1488 3230 in
1514 3173 1672 3244 Filio,
1697 3177 1774 3232 ita

173 3271 230 3316 ut
255 3262 312 3316 ei
345 3261 529 3319 nullus
563 3273 872 3322 sanctorum
902 3276 1166 3337 aequetur.
1199 3267 1378 3323 Donec
1406 3271 1603 3324 veniret
1632 3270 1772 3325 desi-

166 3355 388 3411 derium
409 3357 622 3413 collium
642 3369 978 3418 wternorum.
1001 3360 1178 3419 Colles
1200 3363 1292 3420 isti
1314 3363 1488 3420 sancti
1508 3365 1766 3436 suntqui,

168 3445 389 3502 Christi
436 3449 722 3506 adventum
770 3454 1178 3524 prophetautes,
1216 3470 1412 3528 magno
1449 3472 1574 3513 cum
1624 3457 1770 3513 desi-

170 3536 332 3594 derio
365 3539 798 3599 incarnationem
824 3543 944 3617 ejus
971 3555 1451 3618 exspectaverunt;
1481 3550 1546 3604 de
1575 3549 1772 3620 quibus

173 3629 445 3687 Dominus
475 3632 645 3690 dicit:
678 3633 819 3702 Quia
857 3637 1011 3693 multi
1050 3640 1189 3710 justi
1210 3649 1260 3696 et
1289 3641 1553 3712 propheta:
1599 3643 1773 3712 cupie-

173 3735 294 3779 runt
358 3726 533 3782 videre
577 3745 695 3800 quae
739 3730 924 3786 videtis
970 3730 1188 3802 (Matth.
1215 3748 1336 3801 xm,
1366 3734 1476 3805 1⁵1).
1530 3734 1599 3790 Hi
1644 3750 1773 3808 ergo

172 3818 358 3874 sancti
386 3819 516 3875 dicti
545 3829 671 3876 sunt
708 3822 873 3880 colles
911 3833 1135 3896 propter
1171 3827 1547 3884 excellentiam
1575 3830 1775 3885 sancti-

175 3913 328 3966 tatis.
360 3911 464 3980 Qui
492 3916 658 3970 etiam
700 3918 887 3973 aeterni
912 3931 1197 3989 vocantur,
1226 3921 1352 3992 quia
1381 3923 1547 3978 vitam
1583 3939 1773 3982 conse-

173 4012 422 4076 quuntur
456 4014 717 4064 aeternam
739 4049 755 4072 .
805 4025 908 4067 nec
948 4012 1224 4070 intereunt
1264 4031 1389 4073 cum
1425 4019 1647 4084 mundo,
1679 4019 1774 4076 sed

173 4109 298 4152 esse
324 4096 627 4152 creduntur
653 4101 862 4155 aeterni.
891 4099 1057 4158 Fiant
1077 4105 1133 4159 in
1156 4106 1324 4176 capite
1343 4105 1561 4178 Ioseph,
1583 4122 1774 4164 omnes

175 4187 391 4244 scilicet
434 4187 840 4248 benedictiones
861 4192 993 4248 ista:
1019 4208 1184 4266 super
1210 4195 1428 4254 Christo
1477 4208 1772 4268 ponuntur,

177 4297 317 4352 quas
352 4282 668 4339 incarnatus
711 4285 942 4355 accepit,
973 4296 1020 4340 et
1047 4303 1204 4356 super
1227 4289 1467 4343 verticem
1496 4288 1774 4358 Nazara’i,

176 4376 243 4432 de
269 4391 387 4447 quo
429 4378 692 4447 scriptum
717 4386 800 4434 est
824 4397 837 4434 :
865 4379 1130 4446 Quoniam
1171 4380 1468 4438 Nazarazus
1502 4384 1761 4438 vocabitur

179 4469 402 4539 (Matth.
429 4486 491 4536 ll,
515 4471 633 4544 25),
658 4472 712 4528 id
737 4481 819 4528 est
844 4483 1064 4529 sanctus
1092 4475 1188 4530 Dei
1230 4475 1373 4532 inter
1397 4475 1594 4534 fratres
1625 4494 1771 4544 suos,

178 4564 304 4633 quia
341 4564 460 4634 ipse
493 4575 657 4636 caput
697 4568 939 4624 omnium
973 4569 1221 4624 eminens
1246 4570 1622 4628 universorum
1650 4589 1774 4628 san-

139 4665 144 4670 '
180 4666 419 4723 ctorum,
451 4673 588 4729 quos
613 4660 777 4715 etiam
805 4669 862 4716 et
886 4660 1082 4718 fratres
1109 4671 1269 4719 vocat
1295 4664 1352 4719 in
1379 4663 1628 4723 Psalmis.

255 4749 542 4821 Benjamin
588 4751 742 4822 lupus
787 4769 974 4824 rapax,
1023 4772 1176 4811 mane
1201 4757 1434 4812 comedet
1469 4760 1706 4830 pristiam
1726 4771 1775 4816 et

181 4858 393 4914 vespere
426 4843 618 4899 dividet
643 4845 830 4916 spolia.
859 4845 1067 4914 Quibus
1090 4847 1249 4904 dictis
1273 4849 1548 4919 apostolus
1579 4850 1777 4908 Paulus

185 4935 522 5007 designatur,
549 4937 616 4993 de
638 4936 918 5008 Beniamin
941 4939 1110 5010 stirpe
1129 4941 1467 5012 progenitus,
1489 4941 1584 5013 qui
1617 4957 1778 4999 mane

187 5030 373 5101 rapuit
401 5031 671 5100 przedam,
709 5033 764 5088 id
807 5029 891 5089 est
922 5033 976 5088 in
1015 5035 1330 5108 primordiis
1381 5035 1587 5105 ﬁdeles,
1638 5053 1776 5109 quos

187 5121 386 5190 potuit,
431 5121 751 5178 devastavit.
797 5122 1037 5196 Vespere
1071 5133 1253 5180 autem
1311 5126 1480 5197 spolia
1541 5127 1771 5184 dividit:

187 5214 340 5284 quia,
368 5212 541 5269 ﬁdelis
577 5215 920 5285 postmodum
968 5216 1165 5283 factus,
1223 5231 1378 5272 sacra
1418 5218 1634 5290 eloquia
1685 5235 1780 5274 au-

191 5308 468 5364 dientibus
485 5309 851 5380 descriptione
880 5310 1110 5367 miriﬁca
1144 5310 1493 5382 dispensavit.
1525 5313 1781 5385 Legimus

189 5401 482 5471 quemdam
522 5417 590 5456 ex
621 5401 968 5470 doctoribus,
1000 5404 1067 5458 ad
1101 5405 1289 5460 urbem
1329 5403 1665 5462 Hierusalem
1717 5422 1781 5461 ea

189 5507 314 5563 qua:
344 5494 410 5549 de
455 5492 734 5562 Beniamin
781 5496 981 5566 scripta
1021 5506 1165 5562 sunt,
1213 5496 1556 5553 referentem.
1584 5497 1781 5568 Benja~

192 5584 330 5651 min,
369 5585 564 5656 inquit,
601 5585 761 5654 ‘ﬁlius
796 5586 994 5642 doloris
1041 5587 1450 5658 interpretatur.
1491 5587 1591 5642 Hic
1636 5597 1782 5645 sorte

195 5677 534 5734 haereditatis
578 5693 703 5734 eum
751 5677 930 5734 locum
961 5680 1192 5750 accepit,
1222 5681 1278 5734 in
1311 5695 1418 5750 quo
1446 5691 1662 5737 terrena
1698 5692 1785 5738 est

194 5766 532 5824 Hierusalem
556 5811 571 5835 ,
619 5783 739 5839 qua:
777 5785 922 5826 nunc
949 5781 1170 5842 propter
1214 5772 1646 5829 incredulitatem
1684 5774 1783 5831 ab-

191 5859 336 5931 iecta
377 5869 463 5917 est
506 5870 670 5932 atque
726 5862 963 5932 repulsa.
1021 5862 1148 5919 Haec
1199 5864 1344 5919 enim
1396 5865 1450 5919 in
1499 5865 1624 5921 ﬁliis
1669 5866 1784 5922 suis

195 5954 302 6010 sub
328 5969 562 6026 persona
588 5954 871 6026 Beniamin
919 5955 1252 6027 designatur.
1302 5956 1439 6015 Nam
1485 5959 1626 6014 sicut
1649 5957 1784 6015 Ben-

1800 3319 1848 3387 C

1798 4693 1854 4754 D

1880 2050 2118 2106 litteram
2163 2051 2232 2105 ab
2278 2051 2494 2121 spiritu,
2521 2060 2576 2108 et
2625 2062 2753 2109 tunc
2783 2065 3078 2127 cognoscet
3113 2058 3238 2128 quia
3292 2058 3473 2113 littera

1881 2144 2089 2211 occidit,
2120 2145 2334 2215 spiritus
2381 2156 2558 2201 autem
2585 2148 2829 2215 viviﬁcat.
2864 2149 3001 2218 Quia
3053 2167 3182 2223 ergo
3221 2154 3334 2224 jam
3373 2167 3473 2224 per

1879 2237 2112 2310 gratiam
2146 2239 2361 2294 Domini
2395 2240 2733 2298 illuminatus
2760 2243 2952 2314 incipit
2983 2245 3038 2300 in
3074 2245 3189 2317 lege
3211 2247 3474 2318 spiritalia

1880 2344 1913 2384 a
1941 2331 2311 2400 corporalibus
2335 2332 2574 2388 dividere
2605 2342 2659 2388 et
2699 2349 2976 2404 separare,
3001 2338 3121 2394 ideo
3141 2339 3362 2407 dicitur,
3402 2344 3472 2396 ad

1879 2438 2144 2492 vesperam
2173 2423 2364 2479 dividet
2389 2441 2581 2491 escam,
2607 2426 2751 2495 quod
2786 2435 2898 2483 tota
2945 2429 3032 2485 die
3076 2430 3132 2486 in
3159 2430 3278 2503 lege
3305 2431 3472 2489 medi-

1881 2520 2003 2568 tans
2041 2521 2166 2570 ante
2191 2529 2301 2570 non
2325 2514 2474 2572 fecit.

1951 2605 2225 2674 Quzeritur
2263 2617 2444 2666 autem
2473 2611 2540 2667 de
2569 2611 2736 2668 Jacob
2765 2629 2863 2669 cur
2904 2629 3096 2672 omnes
3131 2633 3268 2687 quos
3312 2619 3380 2676 de
3406 2619 3471 2674 li-

1877 2698 2025 2754 beris
2053 2707 2110 2754 et
2129 2701 2342 2758 ancillis
2370 2704 2579 2773 genuit,
2604 2705 2840 2776 arquales
2861 2708 3068 2764 honore
3095 2708 3236 2766 ﬁlios
3268 2719 3324 2766 et
3362 2712 3472 2768 bae-

1878 2791 2036 2847 redes
2077 2793 2456 2850 constituerit?
2480 2794 2596 2851 Nisi
2622 2805 2680 2851 ut
2702 2799 3013 2855 ostenderet
3053 2801 3200 2870 quod
3223 2800 3474 2859 Christus

1879 2881 2142 2938 Dominus
2169 2884 2421 2940 omnibus
2453 2887 2722 2956 gentibus,
2772 2890 2865 2959 qui
2901 2905 3000 2960 per
3045 2891 3205 2948 ﬁdem
3254 2893 3470 2964 corpori

1877 2973 1996 3044 ejus
2030 2977 2411 3043 conciliantur,
2448 2981 2660 3036 cunctis
2697 2982 2817 3052 pari
2849 2983 3056 3039 honore
3077 2993 3132 3040 et
3167 2984 3337 3054 gloria
3366 2986 3466 3041 ha-

1878 3066 2007 3122 bitis
2031 3068 2274 3125 etelestia
2294 3072 2518 3140 praemia
2540 3071 2819 3145 largiatur.
2843 3072 2962 3130 Non
2988 3084 3072 3131 est
3093 3077 3238 3132 enim
3269 3078 3472 3136 discre-

1877 3157 1994 3213 tio:
2033 3158 2256 3215 Judaaus
2296 3179 2366 3217 an
2397 3161 2636 3231 Graecus,
2668 3165 2924 3221 barbarus
2971 3183 3040 3221 an
3095 3166 3313 3240 Scytha,
3359 3188 3470 3227 ser-

1876 3265 1969 3304 vus
2012 3267 2083 3306 an
2106 3251 2239 3307 iiber
2270 3255 2370 3321 sit;
2396 3257 2522 3326 quia
2548 3274 2642 3327 per
2676 3258 2854 3312 omnia
2883 3269 2932 3312 et
2957 3259 3010 3313 in
3040 3261 3280 3316 omnibus
3307 3261 3465 3318 Chri-

1876 3352 1990 3398 stus
2029 3355 2105 3400 est
2133 3346 2272 3419 (Col.
2309 3365 2390 3415 III,
2415 3351 2526 3421 11).
2559 3337 2853 3424 Propterea
2881 3355 3027 3412 enim
3068 3359 3299 3429 ﬁguram
3325 3365 3471 3418 servi

1877 3438 2131 3496 Salvator
2153 3451 2338 3498 noster
2365 3452 2421 3499 et
2463 3444 2726 3503 Dominus
2753 3448 2947 3514 induit,
2994 3459 3049 3506 et
3074 3467 3174 3522 pro
3205 3451 3380 3510 libero
3410 3465 3467 3510 et

1874 3543 1974 3598 pro
2015 3545 2175 3587 servo
2215 3534 2457 3601 servivit,
2504 3547 2563 3591 ut
2611 3539 2862 3595 omnibus
2913 3540 3258 3600 credentibus
3303 3545 3360 3600 in
3411 3561 3471 3601 se

1876 3627 2084 3697 aequale
2128 3628 2326 3685 donum
2377 3630 2645 3685 bonorum
2680 3631 2984 3688 ctelestium
3021 3633 3301 3706 largiatur.
3357 3635 3469 3692 Nec

1875 3720 2162 3791 praefertur
2187 3723 2327 3792 apud
2353 3721 2503 3777 illum
2532 3724 2623 3793 qui
2651 3725 2944 3779 secundum
2979 3740 3200 3782 carnem
3237 3727 3470 3784 nobilior

1875 3813 1963 3868 sit.
2002 3812 2321 3884 Quicunque
2364 3815 2511 3868 enim
2541 3815 2700 3870 ﬁdem
2751 3825 3115 3886 promeretur,
3153 3817 3314 3873 nullis
3347 3834 3469 3878 ma-

1878 3904 2016 3960 culis
2067 3905 2303 3960 carnalis
2349 3906 2650 3964 nativitatis
2696 3907 3014 3965 olfuscatur.
3067 3909 3203 3965 Nam
3239 3911 3344 3966 hoe
3391 3913 3467 3968 ita

1877 4001 2121 4058 futurum
2165 4005 2332 4060 etiam
2373 4020 2471 4076 per
2500 4007 2818 4078 prophetam
2853 4010 3212 4082 signiﬁcatur,
3254 4009 3470 4068 dicente

1877 4095 2106 4152 Domino
2155 4116 2166 4151 :
2224 4096 2341 4153 Erit
2396 4101 2450 4154 in
2490 4101 2672 4156 diebus
2725 4103 3042 4171 novissimis,
3076 4105 3346 4175 effundam
3401 4105 3467 4160 de

1877 4188 2065 4259 spiritu
2092 4206 2207 4245 meo
2237 4208 2392 4262 super
2417 4209 2622 4247 omnem
2671 4211 2882 4251 carnem
2909 4195 3071 4267 (Joel.
3097 4212 3159 4261 ιι,
3188 4195 3313 4266 28).
3368 4194 3469 4252 Se-

1877 4280 2065 4351 quitur
2082 4299 2094 4310 -

2503 4355 2730 4414 CAPUT
2780 4358 2842 4414 L.

1949 4468 2113 4526 Vnus.
2149 4470 2238 4526 25.
2263 4503 2332 4512 ——
2382 4471 2596 4528 Vocavit
2643 4483 2817 4529 autem
2852 4473 3049 4545 Ioseph
3085 4475 3277 4545 fratres
3318 4491 3468 4540 suos,

1877 4563 2113 4636 dixitque
2143 4566 2258 4619 eis:
2296 4565 2425 4621 Post
2467 4578 2686 4621 mortem
2730 4584 2898 4622 meam
2941 4568 3164 4622 visitabit
3192 4584 3277 4623 vos
3302 4567 3468 4634 Deus,

1878 4671 1926 4716 et
1953 4662 2230 4729 ascendere
2266 4679 2352 4716 vos
2384 4662 2538 4731 faciet
2566 4663 2630 4717 de
2661 4673 2802 4718 terra
2827 4665 2931 4718 ista
2969 4663 3038 4716 ad
3073 4672 3267 4718 terram
3306 4677 3466 4733 quam

1877 4755 2076 4825 juravit
2106 4756 2390 4823 Abraham,
2424 4756 2580 4812 Isaac
2605 4767 2653 4812 et
2685 4758 2870 4814 Jacob.
2901 4758 3179 4829 Asportate
3209 4757 3472 4813 vobiscum
3547 4757 3550 4760 ’

1885 4863 2005 4901 ossa
2030 4864 2146 4902 mea
2168 4847 2232 4901 de
2256 4846 2370 4902 loco
2396 4848 2516 4902 isto.
2550 4848 2689 4916 Quid
2724 4859 2810 4906 est
2835 4851 2980 4922 quod
3010 4859 3192 4907 tantus
3232 4850 3317 4904 vir
3345 4861 3472 4904 ossa

1886 4953 1984 4992 sua
2011 4939 2078 4992 ab
2103 4936 2338 5010 IEgyptO
2357 4941 2625 5011 asportari
2654 4942 2949 5012 praecepit?
2980 4941 3098 4998 Non
3122 4942 3264 4998 enim
3298 4938 3474 4995 otiose

1887 5029 2173 5086 mandasse
2207 5032 2508 5087 credendus
2531 5041 2630 5088 est.
2658 5032 2760 5102 Qui
2786 5035 3113 5104 prophetare
3135 5031 3329 5102 potuit,
3361 5044 3471 5086 non

1886 5123 2185 5192 improvide
2204 5123 2306 5178 ista
2329 5124 2604 5194 praecepit.
2632 5123 2767 5180 Cum
2789 5125 2936 5180 enim
2953 5131 3099 5179 esset
3119 5123 3175 5177 in
3197 5119 3294 5175 Dei
3321 5133 3473 5175 crea-

1885 5217 2020 5270 toris
2052 5215 2336 5273 devotione
2387 5219 2738 5289 propensior,
2788 5220 2967 5276 sciens
3015 5217 3082 5271 ab
3116 5216 3233 5286 ipso
3277 5229 3471 5284 perce-

1885 5310 2031 5380 pisse
2059 5312 2202 5379 quod
2227 5309 2520 5384 Egyptum
2553 5313 2606 5367 in
2637 5321 2786 5367 tanta
2812 5311 3095 5381 majestate
3121 5309 3471 5379 gubernaret,

1889 5401 2058 5456 noluit
2082 5411 2141 5457 ut
2167 5401 2269 5458 sibi
2293 5404 2488 5469 honor,
2503 5403 2597 5459 sed
2630 5403 2842 5458 debitus
2861 5400 3106 5456 Creatori
3129 5396 3468 5455 deferretur:

1889 5501 1944 5548 et
1969 5492 2089 5549 ideo
2127 5509 2368 5551 errorem
2394 5504 2518 5566 post
2545 5504 2775 5551 mortem
2805 5507 2958 5548 suam
2997 5490 3222 5560 expetiit
3247 5490 3470 5555 auferri,

1889 5589 2250 5659 perpendens,
2267 5589 2335 5644 ab
2356 5588 2629 5662 Egyptiis
2644 5602 2807 5644 causa
2833 5585 3086 5642 vanitatis
3109 5586 3356 5642 illicitum
3375 5586 3471 5640 ho-

1891 5695 2078 5737 norem
2115 5682 2348 5752 impendi
2378 5682 2478 5737 sibi
2509 5691 2630 5752 post
2675 5688 2926 5746 mortem,
2969 5688 3150 5736 certus
3177 5681 3471 5735 vanitatem

1890 5773 2034 5846 vulgi
2066 5783 2308 5829 mortuos
2338 5775 2512 5843 magis
2547 5781 2605 5827 ut
2635 5773 2763 5828 deos
2791 5773 3042 5828 venerari
3078 5789 3239 5844 quam
3291 5772 3466 5826 vivus.

1891 5866 2092 5922 Etideo
2107 5873 2323 5920 utcsset
2343 5865 2548 5921 alienus
2575 5881 2604 5920 a
2628 5881 2764 5920 vana
2792 5865 3173 5936 superstitione
3199 5862 3452 5933 [Egyptio

1854 6003 1861 6012 .
1892 5974 2036 6029 rum,
2065 5975 2134 6014 ne
2161 5957 2453 6028 aliquando
2482 5960 2548 6014 ad
2572 5960 2664 6016 Dei
2692 5961 2942 6032 injuriam
2966 5960 3072 6017 ista
3101 5958 3314 6020 ﬁerent,
3341 5968 3463 6024 prae
