3970 6332
133 339 250 416 situ

1277 357 1536 416 ENARR.
1579 359 1646 416 IN
1683 359 1934 418 LIBROS
1971 361 2234 420 REGUM.
2327 373 2334 380 '

3241 427 3248 434 .
3321 383 3430 438 246

135 475 364 530 modum
389 471 606 530 Christo
629 473 770 528 duce
795 471 954 530 ﬁnire
981 475 1216 530 decrevi.
1249 475 1304 530 ln
1341 491 1448 546 quo
1473 493 1578 532 non
1607 493 1728 548 per—
1753 477 1810 539 Α
1831 477 2018 534 lierem
2069 481 2281 554 incaute
2329 484 2614 552 respicere.
2671 485 2730 540 In
2773 501 2880 556 quo
2931 473 3076 542 facto
3133 491 3420 562 allegorica

109 583 276 623 sena
303 576 386 624 est
413 565 742 622 attendenda
769 567 1083 634 scribentis,
1117 569 1208 624 sed
1237 569 1470 638 qualitas
1497 569 1734 626 conside-

137 663 316 718 randa
341 671 426 718 est
455 661 725 718 dictionis.
767 661 826 716 In
863 677 1026 734 quam
1063 664 1262 720 multos
1289 673 1540 722 strenuos
1569 667 1734 722 etiam
1771 663 1774 666 ⁴

135 755 428 812 doctorum
459 753 772 820 modernos,
799 753 890 824 qui
925 754 1096 810 multa
1139 771 1356 827 quoque
1383 759 1618 828 posteris
1645 759 1738 816 de-

137 845 514 916 rcliquerunt,
545 859 616 900 ex
639 844 800 902 dictis
829 845 1132 918 colligendo
1151 859 1499 904 monumenta
1527 859 1738 906 saneto-

135 953 280 992 rum.
335 937 452 994 Non
497 937 618 992 ideo
665 937 788 994 dico
839 947 900 992 ut
941 953 1130 994 eorum
1187 941 1462 1012 gressibus
1515 959 1602 998 me
1647 959 1738 1000 co-

133 1045 362 1106 aequare
385 1033 618 1100 valeam,
645 1035 946 1104 praesertim
973 1051 1098 1092 eum
1121 1035 1198 1088 illi
1229 1051 1352 1092 rore
1379 1037 1620 1094 caelestis
1643 1053 1738 1094 ne-

139 1125 314 1180 ctaris
357 1140 582 1196 campos
611 1127 936 1182 maduerunt
977 1127 1282 1184 divinarum
1331 1129 1736 1202 Scripturarum

137 1215 516 1282 multimodos,
545 1225 602 1272 et
629 1215 1062 1276 futurissteculis
1093 1219 1348 1276 dimisere
1383 1223 1624 1292 proﬁcua
1659 1223 1738 1280 le-

137 1307 434 1380 gentibus:
469 1323 570 1380 cgo
595 1309 686 1366 vix
713 1325 966 1382 aegreque
991 1311 1184 1367 saltem
1207 1327 1428 1382 possum
1453 1329 1520 1370 ex
1551 1331 1738 1372 eorum

141 1401 306 1456 dictis
331 1401 626 1470 decerpere
653 1403 964 1472 permodica
999 1411 1056 1458 et
1087 1403 1302 1460 tandem
1335 1405 1634 1476 intelligere
1659 1407 1740 1462 vel

139 1493 374 1576 minima
401 1511 416 1548 :
447 1495 542 1548 sed
573 1509 640 1549 ne
665 1495 874 1550 videret
901 1495 1148 1568 ingratus
1167 1495 1434 1568 largitori,
1455 1497 1580 1553 licet
1601 1513 1742 1554 com-

141 1585 358 1654 pulsus,
391 1585 598 1640 contuli
627 1586 972 1642 mediocriter
991 1588 1084 1658 qui
1113 1589 1260 1658 potui
1283 1590 1736 1660 prmcipientibus.
1769 1581 1774 1586 ’

141 1675 324 1732 Simul
349 1677 512 1732 etiam
541 1679 840 1738 notandum
867 1689 952 1736 est
973 1679 1080 1736 illis
1107 1679 1200 1750 qui
1233 1680 1286 1735 in
1324 1682 1426 1736 hoc
1467 1681 1604 1736 libro
1649 1697 1742 1752 pa-

141 1787 262 1824 rum
309 1771 558 1842 spiritale
603 1772 870 1828 contineri
901 1773 1260 1838 contendant,
1291 1776 1436 1842 quod
1469 1775 1558 1828 hic
1593 1773 1744 1828 Scri-

1839 571 2002 628 etiam
2027 573 2346 646 signiﬁcatio
2368 577 2696 642 continetur,
2715 579 2855 634 sicut
2877 579 2930 634 in
2953 595 3052 634 suo
3069 581 3188 637 loco
3211 583 3424 637 abunde

1839 657 2238 736 descripsimus.
2279 655 2516 734 Quartus
2543 671 2768 738 modus,
2811 673 2900 728 ubi
2941 675 3096 729 nobis
3137 675 3426 745 aliquando

1821 759 2084 840 proprie,
2129 762 2420 830 aliquando
2463 763 2670 834 tropice
2698 763 2966 820 Divinitas
2997 767 3170 822 sacris
3195 763 3426 838 eloquiis

1841 853 2156 908 intimatur:
2191 855 2438 926 Pr0prie,
2463 857 2602 911 sicut
2629 857 2774 913 Elius
2803 857 2912 912 ait:
2945 877 2964 908 ι
2995 857 3144 914 Vivit
3164 859 3428 916 Dominus

1839 947 1894 1000 in
1943 945 2096 1014 cujus
2141 957 2436 1018 conspectu
2479 957 2583 1004 sto.
2625 967 2644 1000 ι
2675 949 2740 1004 Et
2787 949 2954 1004 illud:
2993 969 3010 1001 ι
3051 949 3126 1004 Tu
3175 967 3234 1006 es
3283 951 3426 1006 enim

1841 1040 1984 1095 Deus
2027 1040 2081 1094 in
2119 1041 2256 1096 coelo
2301 1057 2512 1098 sursum
2533 1083 2548 1108 ,
2579 1051 2634 1099 et
2681 1043 2738 1098 in
2785 1051 2930 1098 terra
2961 1045 3233 1100 deorsum.
3265 1065 3284 1098 ι
3319 1043 3426 1100 Et:

1847 1153 1864 1184 ε
1903 1133 2018 1204 Ego
2044 1149 2160 1188 sum
2197 1135 2338 1190 Deus
2379 1133 2686 1200 Abraham,
2717 1145 2770 1190 et
2817 1137 2958 1192 Deus
2999 1137 3174 1204 lsaac,
3207 1145 3264 1192 et
3289 1139 3432 1194 Deus

1841 1225 2026 1282 Jacob.
2065 1247 2082 1280 ι
2119 1225 2378 1297 'l-‘ropice,
2405 1227 2562 1298 juxta
2597 1229 2740 1298 quod
2781 1228 3070 1284 Michzeas:
3107 1250 3124 1280 ε
3163 1230 3285 1284 Vidi
3331 1231 3434 1284 Do-

1843 1320 2048 1374 minum
2075 1319 2376 1384 sedentem,
2409 1328 2463 1373 et
2497 1335 2714 1374 omnem
2745 1321 2992 1375 militiam
3021 1321 3146 1376 caeli
3175 1321 3434 1376 assisten-

1845 1423 1952 1468 tem
1977 1413 2050 1478 ei,
2087 1431 2106 1464 ι
2135 1421 2190 1468 et
2227 1419 2420 1467 caatera
2445 1411 2588 1476 talia,
2627 1427 2746 1481 quae
2777 1413 2844 1468 de
2865 1411 2976 1468 Deo
3021 1411 3282 1468 translate
3327 1427 3435 1466 non

1843 1507 2060 1576 proprie
2091 1505 2260 1574 accipi
2289 1503 2488 1560 solent.
2517 1504 2748 1572 Quintus
2773 1505 3109 1574 parabolaris
3127 1545 3140 1568 ,
3175 1517 3282 1572 quo
3313 1518 3436 1558 cum

1845 1597 1986 1652 aliud
2011 1595 2240 1662 dicitur,
2283 1595 2428 1652 aliud
2457 1595 2510 1650 in
2541 1597 2711 1652 sacris
2739 1595 2952 1666 paginis
2983 1595 3276 1650 invenitur.
3325 1595 3440 1648 Hoc

1845 1700 1928 1746 cst
1975 1691 2118 1760 quod
2151 1690 2212 1744 in-
2237 1689 2391 1744 titulo
2425 1687 2618 1758 psalmi
2647 1703 2814 1742 xxxrv
2849 1687 3086 1742 dicitur:
3141 1687 3439 1742 (-Psalmus

1847 1788 1948 1858 ipsi
1981 1785 2170 1850 David,
2195 1785 2412 1854 quando
2449 1783 2802 1839 commutavit
2835 1782 3038 1837 vultum
3069 1797 3222 1836 suum
3255 1795 3440 1835 coram

143 1873 306 1935 Pwra
339 1864 502 1934 (δίουι
527 1865 580 1918 ίιι
601 1864 788 1919 munis
807 1865 1006 1920 ἀίνίηῖε
1029 1865 1412 1937 mummium)
1441 1882 1546 1922 “0"
1567 1867 1740 1922 501W“
1773 1849 1818 1910 Β
1845 1849 2163 1932 Ᾰιιίιηειθοιί
2187 1849 2244 1930 (ξι
2267 1875 2476 1930 dimisit
2505 1889 2630 1930 eum
2661 1893 2708 1938 ι,
2733 1889 2858 1928 cum
2879 1873 2934 1928 in
2967 1873 3068 1928 hoc
3093 1871 3232 1926 libro
3255 1887 3440 1926 coram

143 1955 332 2028 tribus
379 1957 558 2012 modis
607 1957 974 2030 dignoscitur,
1015 1957 1168 2028 juxta
1217 1959 1348 2014 illud
1397 1958 1738 2016 Salomonis:

141 2047 284 2103 Ecce
331 2048 596 2118 descripsi
643 2065 762 2104 eam
803 2049 1126 2119 tripliciter:
1167 2051 1526 2106 verumetiam
1565 2051 1746 2106 multi-

145 2143 366 2214 pliciter
393 2143 680 2208 contineri,
715 2144 1010 2198 secundum
1039 2145 1182 2216 quod
1211 2145 1264 2200 in
1283 2145 1432 2214 libro
1465 2147 1608 2216 beati
1645 2145 1744 2204 Job

145 2231 486 2288 inscribitur.
537 2231 718 2304 Atque
753 2233 994 2300 utinam,
1029 2235 1234 2304 inquit,
1267 2236 1408 2292 Deus
1435 2236 1747 2306 loqueretur

145 2337 352 2392 tecum,
383 2335 438 2382 et
467 2327 780 2382 ostenderet
801 2327 904 2383 tibi
941 2337 1150 2384 secreta
1179 2329 1456 2398 sapientia:
1475 2371 1488 2396 ,
1521 2337 1576 2384 et
1602 2329 1746 2400 quod

145 2419 438 2490 multiple:
467 2419 584 2490 ejus
607 2427 756 2474 esset
781 2419 888 2474 lex.
917 2419 1072 2486 Quod
1105 2421 1386 2480 doctorum
1417 2421 1638 2476 solertia
1667 2431 1748 2478 at-

147 2519 390 2568 testante
433 2508 818 2580 septeml‘orme
851 2511 1262 2583 dignoscantur.
1301 2511 1408 2582 ipsi
1449 2524 1574 2570 sunt
1601 2515 1746 2574 enim

147 2615 360 2674 septem
389 2603 586 2675 sigilli,
615 2603 810 2674 quibus
853 2605 954 2660 iste
991 2603 1162 2670 liber,
1199 2605 1497 2664 secundum
1537 2605 1748 2678 Apoca-

147 2697 348 2768 lypsim
389 2693 648 2762 Joannis,
691 2695 936 2768 signatus
971 2711 1092 2754 esse
1137 2695 1542 2766 proclamatur,
1585 2713 1746 2770 quem

147 2805 314 2846 nemo
345 2789 522 2858 potuit
545 2787 780 2854 solvere,
813 2797 868 2844 et
901 2789 1112 2858 aperi-re
1151 2789 1422 2860 signacula
1467 2789 1614 2858 ejus,
1643 2791 1746 2846 nisi

147 2885 224 2938 leo
249 2883 330 2940 de
369 2883 510 2938 tribu
535 2881 696 2948 Juda,
723 2883 816 2952 qui
844 2879 1008 2936 habet
1037 2881 1242 2944 clavem
1267 2881 1456 2946 David,
1485 2883 1574 2954 qui
1603 2883 1748 2940 hunc

147 2987 198 3032 et
217 2975 512 3047 signacula
549 2973 666 3044 ejus
699 2975 930 3044 aperuit.
970 2973 1109 3030 Sunt
1151 2973 1296 3032 enim
1329 2975 1538 3045 primus
1577 2975 1750 3030 histo-

147 3067 298 3122 rialis
321 3107 340 3132 ,
383 3065 658 3122 secundus
701 3065 1062 3136 allegorialis,
1110 3065 1306 3122 tertius
1341 3067 1624 3136 utriusque
1667 3065 1750 3126 rei

149 3161 378 3224 modus;
407 3167 654 3228 quartus,
681 3159 748 3214 de
777 3157 1206 3220 incommutabili
1241 3159 1436 3214 divina:
1463 3157 1746 3216 Trinitatis

147 3221 442 3312 essentia:
473 3221 690 3324 quando
719 3253 970 3326 videlicet
995 3253 1216 3326 preprie
1235 3293 1250 3320 ,
1291 3253 1508 3324 quando
1539 3254 1746 3324 tropice
1773 3221 1818 3284 θ

149 3349 334 3405 sacris
361 3349 670 3404 insinuetur
706 3347 960 3406 oraculis.
993 3347 1226 3414 Quintus
1261 3347 1628 3418 parabolaris,
1669 3347 1764 3412 vi:

149 3441 360 3498 delicet
387 3439 604 3510 quando
629 3439 778 3494 aliud
808 3439 1025 3504 dicitur,
1057 3447 1112 3494 et
1143 3437 1288 3494 aliud
1317 3439 1588 3494 invenitur
1609 3439 1748 3494 scri-

151 3523 330 3602 ptum.
369 3529 566 3586 Sextus
591 3531 662 3586 de
683 3530 902 3602 gemino
927 3529 1230 3586 Salvatoris
1257 3531 1488 3588 adventu
1505 3571 1520 3596 ,
1553 3546 1622 3588 ne
1657 3541 1750 3588 aut

151 3627 366 3697 primus
391 3641 492 3696 pro
513 3625 778 3690 secundo,
807 3634 900 3680 aut
929 3625 1196 3682 secundus
1225 3639 1324 3696 pro
1347 3625 1526 3696 primo
1553 3625 1752 3682 intelli-

153 3727 330 3790 gatur.
359 3715 642 3788 Septimus
660 3732 767 3788 quo
785 3719 863 3772 sic
885 3715 1085 3770 divinis
1106 3717 1390 3787 praeceptis
1411 3717 1750 3784 instruimur,

153 3819 208 3866 ut
233 3819 394 3868 certa
423 3811 547 3866 vitae
573 3795 796 3882 agendae
821 3809 992 3865 forma
1015 3851 1028 3876 ,
1067 3809 1206 3864 alius
1235 3826 1364 3866 vero
1389 3811 1513 3866 vita:
1551 3811 1756 3882 signiﬁ-

155 3905 348 3962 canda:
379 3905 554 3977 ﬁgura
583 3903 902 3977 regulariter
931 3905 1252 3960 innotescat.
1297 3903 1404 3960 Sed
1425 3904 1538 3974 jam
1565 3921 1752 3960 exem-

157 3999 254 4070 plis
299 4015 374 4054 ex
417 3999 520 4054 hoc
545 3997 822 4054 volumine
847 3997 1102 4054 convenit
1129 3999 1360 4054 educere
1380 4039 1394 4064 ,
1437 4007 1496 4052 ut
1523 3999 1610 4054 his
1637 3999 1754 4068 pri-

159 4107 310 4148 mum
345 4091 524 4146 edocti
567 4091 744 4148 sciant
791 4089 960 4146 multa
1009 4089 1266 4162 mysteria
1309 4089 1364 4146 in
1409 4105 1474 4144 eo
1519 4091 1752 4160 contegi.

159 4183 380 4242 Primus
407 4185 700 4242 historicus
729 4183 818 4242 ille
847 4193 960 4251 est,
1009 4185 1100 4240 ubi
1141 4183 1274 4239 nihil
1303 4185 1548 4256 spiritale
1583 4186 1758 4242 conti-

161 4287 344 4344 netur,
369 4279 510 4334 sicut
539 4277 616 4332 ait
634 4277 884 4334 Samuel:
916 4299 932 4328 ι
955 4275 1144 4332 Melior
1165 4287 1248 4332 est
1265 4277 1572 4334 obedientia
1593 4293 1756 4348 quam

163 4373 420 4436 victimae,
453 4389 472 4421 ι
513 4379 570 4424 et
605 4369 750 4424 mille
781 4367 930 4422 talia.
961 4367 1244 4424 Secundus
1271 4367 1626 4438 allegorialis,
1669 4367 1758 4422 ubi

169 4465 240 4518 ait
268 4461 418 4534 quod
459 4463 512 4516 in
543 4461 796 4518 omnibus
843 4461 1042 4516 ﬁnibus
1087 4459 1252 4516 Israel
1293 4459 1472 4530 puella
1513 4461 1758 4530 speciosa

165 4555 274 4625 regi
301 4551 476 4609 David
502 4552 822 4623 requiritur,
863 4551 916 4606 in
945 4549 1098 4620 cujus
1127 4551 1246 4606 sinu
1269 4549 1508 4606 dormiat
1531 4559 1586 4606 et
1617 4551 1758 4606 cale-

167 4647 256 4702 ﬁat
283 4663 298 4702 :
335 4655 446 4701 tam
477 4655 644 4710 casta,
675 4653 735 4700 ut
761 4643 1082 4700 calefactum
1110 4643 1176 4698 ad
1205 4641 1482 4698 libidinem
1507 4657 1612 4698 non
1637 4659 1758 4714 pro-

165 4747 354 4806 vocet;
389 4753 510 4810 quae
533 4737 856 4810 sapientiam
885 4737 1104 4810 ﬁgurat,
1125 4751 1248 4807 quae
1269 4735 1432 4790 etiam
1459 4737 1510 4790 in
1535 4735 1756 4790 senibus

167 4847 270 4888 non
297 4831 556 4897 senescit,
595 4831 690 4888 sed
727 4831 1140 4904 frigescentibus
1161 4829 1432 4886 membris
1465 4829 1758 4886 dilectores

169 4943 296 4984 suos
327 4927 454 4998 igne
481 4927 742 4998 ampliore
775 4925 1072 4982 succendit.
1111 4925 1346 4992 Tertius,
1381 4933 1610 4994 uterque
1643 4941 1760 4980 mo—

171 5019 270 5076 dus
299 5019 442 5075 sicut
469 5019 524 5074 in
551 5019 720 5074 David
747 5019 1078 5085 ostenditur,
1121 5018 1212 5074 ubi
1242 5017 1504 5074 Betsabee
1533 5031 1756 5072 uxorem

175 5113 320 5168 Uriae
345 5113 562 5170 incaute
585 5113 892 5186 respexisse
921 5113 1142 5178 dicitur,
1177 5123 1232 5168 et
1261 5127 1516 5184 peccasse
1543 5131 1554 5166 :
1585 5121 1646 5166 ut
1671 5113 1758 5166 de-

177 5215 514 5264 monstretur
539 5209 682 5278 quod
723 5207 912 5264 nullus
934 5207 1126 5262 debeat
1151 5205 1306 5278 juxta
1335 5205 1618 5262 historiam
1649 5221 1766 5260 ntu-

1783 4601 1836 4660 D

1845 1971 2010 2030 Acbis
2039 1985 2164 2040 rege
2195 1971 2298 2024 hoc
2325 1967 2522 2030 fecisse
2551 1976 2826 2032 narratur.
2847 1965 2982 2022 Cum
3004 1981 3133 2036 ergo
3157 1981 3256 2036 pro
3275 1965 3442 2020 Achis

1845 2062 2158 2118 Abimelech
2191 2061 2390 2132 posuit,
2425 2061 2688 2130 legentem
2723 2059 2956 2126 monuit,
2987 2073 3054 2112 ex
3081 2059 3252 2128 ipsius
3279 2059 3423 2112 inter

1845 2147 2144 2226 pretatione
2175 2143 2450 2218 nominis,
2499 2153 2672 2208 latens
2711 2151 2874 2206 altius
2913 2141 3200 2221 penetrare
3241 2157 3442 2220 myste-

1848 2249 1988 2302 rium
2011 2287 2024 2312 ,
2069 2247 2134 2300 de
2171 2261 2279 2314 quo
2315 2243 2546 2300 inferius
2575 2259 2672 2298 suo
2711 2244 2766 2298 in
2799 2243 2920 2300 loco
2957 2243 3301 2314 digessimus.
3342 2241 3442 2297 Cui

1847 2341 2012 2398 etiam
2059 2325 2310 2396 convenit
2351 2339 2518 2394 illud:
2569 2359 2584 2388 ε
2618 2336 2865 2393 Carduus
2893 2338 3100 2409 quiest
3141 2337 3194 2392 in
3232 2337 3442 2392 Libano

1849 2431 1996 2486 misit
2015 2429 2080 2484 ad
2105 2431 2348 2494 cedrum,
2365 2443 2485 2499 quae
2505 2433 2588 2482 est
2611 2427 2666 2484 in
2687 2425 2914 2492 Libano,
2943 2437 3004 2484 ut
3025 2429 3180 2484 daret
3203 2429 3250 2482 ei
3277 2427 3443 2482 ﬁliam

1848 2539 2022 2588 suam,
2061 2541 2078 2572 ι
2113 2531 2168 2576 et
2195 2519 2418 2592 reliqua.
2457 2519 2534 2574 De
2567 2529 2724 2576 sexto
2751 2535 2880 2576 vero
2901 2559 2916 2586 ,
2949 2519 3041 2576 ubi
3067 2517 3318 2592 geminus
3343 2519 3440 2573 ad-

1849 2623 2044 2670 ventus
2071 2613 2273 2670 Christi
2303 2613 2643 2676 continetur,
2683 2613 2896 2668 cunctis
2933 2621 3084 2682 patet
3111 2613 3202 2682 qui
3231 2613 3302 2668 sit
3333 2613 3444 2680 pri-

1851 2723 1992 2773 mus,
2023 2707 2146 2778 quis
2171 2705 2248 2762 eri
2259 2701 2284 2760 ι’
2299 2703 2532 2768 futurus,
2559 2704 2650 2774 qui
2679 2711 2908 2773 uterque
2927 2703 3018 2758 hic
3039 2701 3440 2772 prmﬁguratur.

1852 2799 2126 2872 Septimus
2149 2797 2374 2870 proinde
2403 2797 2616 2862 modus,
2643 2797 2734 2866 qui
2757 2797 3026 2866 geminam
3047 2802 3442 2864 praeceptorum

1851 2893 2051 2950 retinet
2079 2891 2422 2962 qualitatem,
2455 2889 2544 2944 ille
2568 2897 2652 2944 est
2681 2889 2804 2942 vitae
2843 2889 3096 2958 agendae,
3129 2895 3188 2940 ut
3211 2885 3442 2956 exempli

1852 2985 2026 3058 gratia
2053 3001 2064 3038 :
2101 3003 2120 3032 ι
2153 2983 2354 3054 Diliges
2375 2981 2684 3052 proximum
2703 2987 2854 3034 tuum
2883 2989 3148 3050 tanquam
3173 2977 3442 3047 teipsum:

1853 3079 1952 3146 Qui
2001 3077 2146 3132 enim
2197 3075 2372 3144 diligit
2415 3073 2754 3144 proximum,
2803 3073 2976 3144 legem
3019 3071 3370 3141 adimplcvit:
3419 3089 3442 3122 ι

1853 3170 2004 3238 Quod
2031 3168 2196 3224 David
2219 3181 2326 3222 non
2355 3167 2528 3222 solum
2555 3167 2610 3220 in
2636 3163 2868 3220 Jonatba
2893 3161 3152 3234 implevit,
3181 3175 3372 3216 verum
3391 3167 3444 3215 et

1853 3265 1904 3318 in
1935 3261 2064 3318 Saul
2089 3303 2102 3326 ,
2135 3275 2298 3332 quem
2329 3259 2610 3314 inimicum
2651 3255 2878 3312 dilexit:
2925 3257 2990 3310 de
3021 3271 3132 3326 quo
3159 3253 3444 3326 Scriptura

1851 3355 1963 3408 ait:
2023 3371 2040 3402 ι
2090 3351 2306 3406 Planxit
2351 3358 2528 3404 autem
2581 3349 2748 3404 David
2791 3363 2956 3418 super
2995 3345 3126 3402 Saul
3173 3355 3228 3402 et
3275 3345 3444 3400 ﬁlium

1853 3445 1992 3514 ejus,
2031 3465 2050 3496 ι
2077 3453 2132 3499 et
2165 3443 2391 3513 reliqua.
2423 3443 2540 3512 Ipse
2567 3451 2648 3497 est
2671 3449 2726 3495 et
2752 3441 3044 3512 ﬁgurandm
3071 3439 3198 3494 vitae
3215 3481 3230 3505 ,
3257 3454 3437 3496 carna-

1851 3537 1982 3590 lium
2009 3535 2260 3588 videlicet
2289 3533 2634 3588 victimarum
2667 3539 2726 3586 et
2755 3547 3006 3586 vasorum
3035 3529 3444 3600 compositione.

1856 3631 2103 3685 Victima)
2127 3629 2270 3683 enim
2299 3629 2400 3682 hoc
2423 3626 2846 3698 praeﬁguraba-nt
2869 3625 3012 3694 quod
3039 3625 3288 3678 hortatur
3311 3623 3442 3692 Apo-

1855 3721 2042 3784 stolus,
2077 3729 2136 3774 ut
2151 3739 2172 3770 ‹
2195 3719 2496 3774 exhibeatis
2523 3731 2754 3787 corpora
2777 3723 2958 3772 vestra
2985 3715 3220 3769 hostiam
3243 3713 3444 3778 vivam,

1855 3821 2118 3878 sanctam,
2153 3811 2264 3866 Deo
2291 3809 2614 3880 placentem.
2655 3829 2674 3860 ι
2719 3807 2858 3864 Vasa
2893 3821 3022 3862 vero
3053 3805 3306 3860 Sil‘l‘lililel‘
3333 3803 3444 3860 ele-

1857 3917 1974 3962 ctos
1997 3905 2382 3978 designabant,
2413 3887 2609 3958 divinis
2638 3903 2830 3964 oﬂiciis
2863 3909 3174 3970 occupatos.
3205 3897 3308 3966 Qui
3335 3913 3440 3954 mo-

1859 4003 1960 4058 dus
1985 3977 2373 4055 cutnrseetlndo
2395 3995 2592 4052 similis
2621 3993 2882 4056 videatur,
2921 3993 3008 4046 illa
3033 4001 3214 4046 tamen
3236 3989 3444 4044 ratione

1859 4093 2187 4150 discernitur
2215 4083 2358 4160 quod
2391 4089 2480 4144 hic
2509 4088 2576 4144 ad
2599 4101 2780 4142 mores
2803 4091 3030 4146 tantum,
3067 4081 3156 4136 ille
3177 4081 3340 4134 etiam
3363 4095 3442 4134 re-

1835 4185 2122 4256 digendas
2141 4191 2228 4240 est
2253 4183 2322 4238 ad
2355 4181 2536 4236 ﬁdem.
2569 4179 2768 4234 Verum
2805 4177 2934 4232 licet
2969 4175 3058 4230 isti
3089 4173 3233 4228 modi
3275 4171 3428 4226 multi

1859 4279 2070 4350 pliciter
2095 4277 2215 4332 istic
2245 4275 2616 4340 inveniantur,
2661 4281 2838 4328 tamen
2859 4269 3014 4340 juxta
3037 4267 3320 4338 jugitatem
3351 4265 3445 4318 trl-

1859 4371 2016 4442 plicis
2039 4368 2340 4434 divisionis,
2369 4365 2672 4422 studuimus
2693 4361 2928 4432 primum
2963 4357 3304 4424 historicum,
3329 4369 3446 4426 quat

1863 4473 2010 4534 gesta
2031 4461 2322 4532 depromit,
2359 4467 2618 4528 tangere:
2649 4454 2842 4510 deinde
2871 4449 3216 4522 allegoricam
3245 4447 3444 4516 signiti-

1863 4557 2152 4620 cationem,
2179 4567 2300 4622 quae
2323 4549 2482 4604 ﬁdem
2505 4547 2738 4606 aediﬁcat
2761 4545 3018 4614 pandere,
3055 4543 3120 4602 ad
3145 4549 3444 4596 extremum

1863 4661 2076 4719 quoque
2105 4642 2488 4706 inoralitatem,
2513 4653 2634 4708 quae
2655 4637 2820 4696 vitam
2843 4635 3126 4694 honestam
3151 4630 3428 4702 componit

1865 4741 2218 4800 subnectere,
2245 4751 2313 4790 ne
2337 4731 2572 4803 pondere
2605 4729 2771 4786 solius
2807 4737 2862 4782 et
2897 4727 3056 4788 unius
3082 4722 3444 4794 intelligentiae

1865 4843 2116 4900 pressus,
2157 4833 2250 4880 aut
2295 4823 2534 4880 historia:
2559 4829 2614 4878 et
2657 4821 2928 4891 allegoria:
2975 4817 3114 4874 mole
3162 4823 3414 4888 gravatus

1866 4921 2164 4976 desidiosus
2195 4918 2364 4972 lector
2393 4913 2734 4970 occasionem
2761 4911 2932 4982 possit
2957 4907 3198 4964 invenire
3225 4917 3422 4960 excusa

1869 5015 2066 5080 tionis,
2108 5013 2202 5068 sed
2249 5011 2426 5082 potius
2469 5023 2592 5064 cum
2639 5009 2742 5064 bac
2789 5013 3104 5078 paupertate
3147 5000 3442 5054 discurrere

1867 5109 2042 5164 valeat
2077 5111 2402 5178 provocatus
2429 5117 2526 5173 per
2565 5115 2786 5170 campos
2826 5115 2996 5154 ovans
3039 5093 3330 5150 latissimos
3359 5090 3428 5146 do

1866 5209 2094 5256 ciorum.

177 5343 3440 5388 MM

1503 5464 2076 5545 PROLOGUS.

187 5748 244 5806 Si
273 5749 464 5816 mavis,
491 5747 684 5814 lector,
717 5746 926 5820 typicos
955 5745 1274 5818 dignoscere
1299 5759 1514 5810 sensus,

257 5839 384 5912 Quae
411 5849 582 5906 tenet,
617 5839 920 5910 ingredere,
951 5835 1174 5892 ﬂoridus
1205 5837 1308 5894 iste
1329 5836 1484 5892 liber.

1777 5809 1780 5818 ι
1873 5743 1966 5798 Bis
1995 5743 2192 5800 retinet
2225 5741 2350 5798 bina
2379 5755 2446 5796 en
2475 5747 2686 5796 saerata
2721 5733 2994 5792 volumina
3025 5733 3258 5810 Begu,

1945 5835 2075 5904 Quae
2101 5843 2326 5912 patuere
2349 5833 2498 5904 prius
2527 5845 2620 5886 ore
2651 5837 2869 5886 tonante
2897 5829 3086 5908 supho.
