3970 6332
565 330 666 386 247

566 441 722 498 llunc
753 441 961 497 studuit
986 442 1228 498 calamus
1252 449 1436 497 noster
1467 441 1796 512 conjungere
1822 441 2010 507 fretus,

633 533 704 588 Et
731 533 898 589 voluit
924 532 1143 589 tandem
1166 540 1354 588 texere
1378 540 1562 588 nostra
1593 546 1806 586 manus.

564 621 786 678 Scilicet
809 622 1118 695 ingrediens
1148 637 1370 694 campos
1397 629 1452 678 et
1479 631 1633 693 prata
1667 621 1900 692 piorum,

634 714 896 786 Carperet
915 722 974 769 ut
1000 711 1159 768 flores
1181 713 1566 770 Celsitonantis
1590 728 1712 782 ope.

559 807 641 864 Ex
671 810 868 878 quibus
888 808 1122 876 accipias
1144 807 1339 862 divinae
1365 807 1548 877 stirpis
1572 807 1789 872 odores,

633 900 702 954 Et
725 900 907 955 valeas
931 899 1142 956 fructus
1169 899 1359 954 tollere
1387 899 1491 953 rite
1512 898 1704 954 bonos.

559 992 788 1049 Fercula
814 992 920 1049 fert
945 993 1144 1049 animis
1170 993 1396 1048 nimium
1423 991 1790 1064 pulcherrima
1818 991 2004 1059 claris,

633 1086 786 1144 Unde
815 1087 989 1144 fames
1015 1087 1209 1143 animae
1234 1086 1448 1158 pellitur
1475 1095 1595 1143 acta
1620 1086 1829 1158 procul.

558 1177 697 1234 Lilia
725 1194 848 1234 cum
877 1178 1034 1236 violis
1065 1178 1312 1235 redolent
1333 1179 1662 1250 percandida
1687 1178 1887 1242 rubris,

632 1273 701 1327 Et
728 1273 933 1344 pariter
956 1271 1201 1344 fragrant
1231 1273 1505 1340 cinnama,
1533 1287 1679 1338 rosa,
1711 1279 1850 1326 ruta.

561 1363 814 1421 Continet
841 1365 931 1420 hic
963 1365 1165 1421 Christi
1192 1365 1420 1420 nimium
1447 1366 1776 1421 charismata
1805 1378 1982 1430 sacra,

633 1457 763 1524 Qum
789 1458 994 1513 latuere
1023 1459 1175 1530 prius
1205 1459 1407 1514 cortice
1437 1466 1581 1519 tecta
1609 1457 1722 1513 diu.

558 1550 768 1620 llicque
796 1551 1183 1620 pr0phetarum
1213 1550 1398 1621 pangit
1422 1549 1763 1605 sanctissima
1795 1556 1965 1621 gesta,

628 1643 868 1699 Rlurima
891 1643 1190 1699 multorum
1213 1645 1441 1716 mystica
1469 1643 1634 1700 verba
1659 1645 1828 1700 canit.

557 1733 686 1801 Quae
718 1733 886 1789 David
913 1735 1098 1804 gessit,
1132 1735 1330 1792 cecinit
1357 1749 1572 1805 quoque
1597 1742 1652 1790 et
1677 1735 1884 1808 inclyta
1910 1733 2111 1806 proles,

628 1826 742 1883 Hoc
771 1828 970 1899 typice,
997 1827 1190 1894 lector,
1215 1827 1318 1883 iste
1342 1827 1556 1884 libellus
1584 1829 1766 1885 habet.

1594 327 1946 385 ANGELOMI
1985 324 2452 382 LUXOVIENSIS
2493 324 2807 383 MONACHI

2175 444 2229 505 Α
2253 437 2353 494 Hic
2379 439 2748 510 evangelicam
2776 438 3035 511 quadriga
3059 448 3348 510 concrepat
3376 438 3563 508 aulam,

2326 531 2419 588 Sic
2439 543 2496 588 et
2519 533 2876 604 apostolicum
2903 532 3084 588 lumen
3108 532 3309 589 habere
3334 533 3540 602 probat.

2249 626 2375 682 Istic
2401 627 2646 683 invenies
2671 626 2930 682 thesaura
2956 626 3236 682 recondita
3265 625 3504 692 Patrum,

2323 718 2526 773 Horum
2555 727 2612 774 et
2630 718 2954 788 multiplices
2981 718 3072 774 hic
3097 719 3398 774 retinentur
3431 733 3571 788 opes.

2249 808 2443 865 Abdita
2472 826 2594 865 nam
2618 818 2848 876 reserat,
2876 819 2932 866 et
2961 809 3179 866 tandem
3206 811 3436 882 mystica
3463 812 3649 880 pandit,

2321 902 2380 958 ln
2411 902 2648 958 medium
2677 901 2883 974 profert
2905 903 3095 958 intima
3126 901 3388 974 quidquid
3413 903 3615 959 habent.

2249 993 2487 1050 Grandia
2513 995 2750 1054 cbelestis
2772 999 3040 1070 promittit
3057 1001 3283 1072 praemia
3313 1001 3460 1068 vitae,

2322 1086 2518 1143 Vivere
2546 1102 2669 1144 cum
2697 1090 2925 1147 Domino
2951 1107 3118 1164 regna
3143 1092 3375 1148 tenendo
3401 1091 3524 1164 poli.

2250 1176 2412 1234 Istius
2440 1194 2571 1252 ergo
2591 1181 2737 1237 celer
2766 1183 2930 1241 calles
2960 1186 3206 1242 discurre
3236 1185 3480 1252 libenter,

2322 1269 2542 1325 Discute
2569 1272 2872 1343 paginulas,
2910 1275 3016 1331 mel
3044 1275 3140 1331 tibi
3167 1283 3353 1347 portat
3377 1280 3510 1348 apis.

2251 1361 2360 1418 llas
2386 1378 2519 1434 cape
2544 1365 2781 1433 divitias,
2813 1368 3000 1423 mundi
3024 1378 3314 1425 contemne
3342 1370 3578 1434 caducas,

2321 1455 2474 1524 Quod
2501 1459 2651 1512 canit
2672 1459 2774 1515 iste
2801 1459 2942 1515 liber
2968 1476 3184 1532 semper
3213 1462 3268 1516 in
3298 1477 3393 1518 ore
3419 1470 3563 1529 tene,
3599 1537 3602 1540 j

2249 1547 2448 1603 Lurida
2477 1549 2661 1621 linque
2691 1551 2864 1608 libens
2895 1567 3103 1622 spurca:
3132 1555 3387 1624 contagia
3411 1553 3600 1619 carnis,
3680 1543 3682 1546 ’

2319 1641 2376 1696 In
2404 1650 2642 1698 mentem
2665 1644 3023 1714 veniat'quod
3052 1647 3352 1702 moriturus
3381 1645 3514 1713 eris,

2250 1732 2339 1789 Sis
2365 1749 2576 1790 memor
2600 1723 2840 1792 auctoris
2864 1752 3055 1794 versus
3074 1738 3430 1809 cum‘legeris
3450 1738 3593 1804 istos,

2169 1843 2218 1904 Β
2315 1824 2525 1893 ANGE,
2547 1828 2709 1896 Deus,
2733 1827 2901 1885 LOMI
2932 1829 3019 1884 dic
3047 1829 3310 1884 miserere
3338 1827 3435 1884 tui.

1638 2109 1756 2198 IN
1834 2113 2229 2195 LIBRUM
2251 2115 2264 2121 ’
2309 2117 2754 2197 PRIMUM.

1139 2394 1530 2453 PREFATIO.

627 2483 828 2557 Viginti
858 2493 914 2542 et
947 2485 1083 2543 duas
1111 2501 1232 2543 esse
1272 2487 1480 2542 litteras
1515 2487 1658 2558 apud
1687 2487 1941 2546 Hebraeos
1971 2491 2026 2546 in
2051 2506 2145 2546 au-

553 2579 799 2635 ctoribus
835 2579 1142 2634 divinarum
1183 2579 1587 2650 Scripturarum
1631 2582 1956 2652 reperimus,
2001 2584 2144 2653 quod

553 2673 734 2729 nullus
776 2673 870 2744 qui
910 2687 1003 2728 eos
1041 2673 1260 2743 legerit,
1294 2675 1524 2745 ignorat.
1574 2675 1882 2732 Secundum
1917 2691 2150 2746 quarum

554 2781 841 2822 numerum
883 2767 1025 2834 apud
1071 2780 1164 2822 eos
1205 2766 1393 2837 viginti
1426 2776 1480 2823 et
1505 2768 1610 2824 duo
1639 2767 1911 2823 volumina
1946 2782 2147 2838 suppu-

555 2865 780 2912 tantur:
823 2857 968 2911 inter
995 2873 1117 2928 quae
1156 2858 1320 2914 etiam
1363 2859 1452 2914 hic
1491 2859 1628 2915 liber
1655 2859 1898 2931 Regum,
1941 2860 2008 2915 de
2043 2875 2151 2930 quo

557 2949 842 3004 tractaturi
869 2963 1088 3017 sumus,
1129 2951 1626 3022 comprehenditur.
1661 2951 1764 3019 Qui
1803 2952 1857 3006 in
1894 2961 2152 3021 supputa-

557 3041 796 3096 tionibus
817 3054 1008 3095 eorum
1036 3049 1159 3111 post
1184 3040 1430 3096 Judicum
1464 3042 1519 3096 in
1547 3042 1736 3098 ordine
1759 3042 1950 3097 tertius
1979 3041 2148 3096 habe-

2252 2416 2448 2472 gruere
2475 2400 2674 2457 rationi
2707 2401 3014 2458 videbimus
3048 2401 3104 2457 in
3132 2407 3432 2472 posterum.
3463 2397 3578 2454 Haec
3610 2394 3752 2454 scienti

2252 2496 2352 2551 bus
2410 2511 2586 2566 pauca
2638 2496 2916 2567 przelibata
2966 2495 3272 2552 sufﬁciant:
3323 2495 3558 2561 tandem,
3599 2488 3758 2547 Domim

2253 2586 2471 2643 favente
2490 2629 2505 2654 ,
2554 2589 2621 2644 ad
2668 2587 2912 2644 historiae
2945 2589 3142 2644 seriem
3169 2588 3360 2642 venire
3387 2585 3702 2642 decrevimus.
3727 2578 3762 2633 lt

2247 2696 2355 2751 qua
2399 2682 2618 2752 quidem
2645 2683 2800 2752 prius
2839 2681 3192 2737 fundamenta
3233 2681 3405 2751 ipsius
3443 2676 3678 2739 historia,
3704 2672 3762 2726 ubi

2245 2772 2498 2841 libuerit,
2524 2775 2634 2829 imo
2676 2775 2769 2830 ubi
2811 2774 3144 2846 congruerit,
3174 2783 3231 2830 et
3255 2773 3584 2845 postmodum
3610 2767 3762 2825 culmen

2251 2866 2513 2936 spiritalis
2542 2867 2913 2938 intelligentia:
2932 2907 2947 2934 ,
2992 2882 3185 2922 verum
3231 2867 3395 2923 etiam
3425 2863 3699 2936 quibusdam
3730 2860 3762 2911 in

2249 2958 2406 3024 locis,
2423 2959 2650 3016 moralis
2663 2960 2946 3016 suavitatis
2969 2959 3312 3016 harmoniam
3335 2960 3564 3013 inserere
3582 2953 3760 3008 nitimur.

2249 3059 2310 3105 ut
2351 3049 2520 3106 lector
2566 3066 2672 3106 non
2715 3050 2891 3106 solum
2929 3059 3221 3106 contentus
3267 3050 3340 3106 sit
3375 3049 3526 3105 dictis
3558 3039 3761 3102 historia.

558 3143 664 3187 tur.
712 3132 769 3186 ln
797 3147 906 3204 quo
931 3132 1151 3202 quidem
1187 3133 1461 3188 volumine
1489 3132 1835 3203 (quanquam
1866 3130 2143 3198 nonnulli,

2255 3159 2440 3199 verum
2486 3144 2867 3215 allegoriarum
2919 3159 2984 3199 ac
3019 3143 3309 3199 moralium
3351 3142 3516 3198 melos
3546 3140 3762 3204 decerpere

559 3225 798 3280 scientia:
825 3224 1084 3296 spiritalis
1111 3225 1479 3295 intelligentia
1523 3225 1719 3296 ignari,
1760 3233 1854 3279 aut
1895 3226 2146 3280 humana}

559 3315 898 3372 solummodo
923 3317 1202 3388 sapientiae
1233 3316 1431 3383 dediti,
1471 3317 1622 3371 aiunt
1657 3316 1792 3372 nihil
1819 3315 1962 3371 aliud
1989 3331 2148 3386 posse

559 3407 788 3479 intelligi
815 3407 920 3464 nisi
950 3408 1264 3480 superficies
1294 3409 1559 3476 historiae,
1604 3415 1660 3463 et
1698 3408 1883 3479 przelia
1907 3407 2144 3480 Regum,

561 3515 626 3555 ac
657 3515 816 3557 casus
844 3501 1186 3574 multorum),
1218 3501 1389 3557 multa
1417 3510 1596 3556 tamen
1623 3509 1962 3556 sacramenta
1988 3499 2145 3556 Chri-

559 3594 628 3649 sti
657 3603 711 3650 et
738 3594 996 3651 Ecclesiae
1027 3594 1192 3651 variis
1227 3595 1434 3651 scilicet
1457 3594 1633 3650 modis
1658 3594 1934 3650 continere
1965 3594 2150 3650 viden-

561 3695 664 3741 tur.
699 3683 834 3741 Nam
871 3686 940 3742 ab
971 3688 1086 3757 ipso
1119 3687 1344 3744 exordio
1376 3686 1583 3760 Regum
1603 3728 1618 3754 ,
1646 3695 2035 3744 commutatum
2063 3701 2150 3742 sa-

561 3781 862 3837 cerdotium
889 3783 942 3836 in
975 3781 1306 3850 Samuelein,
1334 3784 1625 3855 reprobate
1650 3782 1802 3850 Heli;
1826 3792 1883 3838 et
1909 3798 2148 3838 commu-

563 3883 734 3928 tatum
757 3889 982 3946 regnum
1005 3875 1059 3930 in
1081 3875 1272 3943 David,
1291 3876 1580 3948 reprobato
1611 3875 1798 3931 Saule:
1825 3875 2152 3930 exclamavit

560 3967 928 4036 praenuntiare
962 3983 1161 4023 novum
1189 3969 1551 4025 sacerdotium
1571 3983 1880 4038 novumque
1900 3983 2148 4040 regnum,

566 4061 855 4131 reprobato
883 4063 1070 4130 veteri,
1099 4062 1245 4133 quod
1269 4063 1462 4118 umbra
1491 4069 1609 4118 erat
1628 4060 1818 4128 futuri,
1842 4060 2152 4117 in'Domino

560 4153 686 4208 .lesu
710 4144 926 4210 Ch'risto
956 4164 1262 4211 venturum.
1288 4154 1476 4212 Nonne
1509 4155 1624 4226 ipse
1648 4155 1818 4211 David
1839 4169 1962 4210 cum
1983 4169 2152 4226 panes

562 4249 946 4320 propositionis
981 4250 1363 4317 manducavit,
1393 4265 1529 4321 quos
1563 4264 1674 4306 non
1701 4248 1899 4304 licebat
1923 4249 2152 4304 mandu-

561 4355 690 4396 care
718 4340 824 4396 nisi
850 4341 980 4398 solis
1006 4343 1412 4410 sacerdotibus,
1457 4343 1514 4398 in
1543 4357 1654 4398 una
1683 4355 1915 4412 persona
1941 4350 2152 4397 utrum-

560 4448 666 4505 que
700 4434 976 4502 futurum,
1026 4435 1168 4490 idem
1206 4435 1262 4490 in
1297 4450 1406 4490 uno
1431 4432 1560 4490 Jesu
1597 4433 1816 4490 Christo
1847 4449 2073 4504 regnum
2097 4440 2154 4489 et

2254 3234 2426 3306 possit
2449 3234 2760 3290 salubriter.
2794 3234 2900 3291 Sed
2920 3234 3072 3305 prius
3098 3218 3396 3290 notandum
3424 3227 3650 3300 estquod
3672 3224 3762 3278 bent

2253 3336 2379 3399 post
2402 3327 2674 3395 Judicum,
2707 3335 2766 3384 ut
2795 3328 3050 3393 diximus,
3091 3327 3317 3397 ponitur
3343 3325 3560 3397 Regum,
3581 3315 3762 3374 videlicet

2253 3419 2512 3490 quoniam
2539 3435 2684 3476 nunc
2723 3429 2851 3476 sunt
2894 3418 3158 3491 praesules
3183 3418 3456 3482 Ecclesiae,
3485 3413 3570 3471 sed
3590 3417 3756 3482 post!!!0

2253 3511 2380 3566 dum
2406 3527 2668 3582 regnum:
2709 3527 2804 3567 seu
2829 3512 2957 3582 quia
2983 3512 3135 3582 prius
3171 3511 3282 3565 erit
3319 3508 3596 3580 judicium,
3628 3496 3762 3557 deinde

2253 3611 2511 3674 sequetur
2558 3603 2947 3674 sempiternum
2999 3601 3310 3672 imperium.
3361 3598 3451 3655 Ait
3492 3595 3618 3654 enim
3656 3600 3761 3646 sacra

2253 3693 2563 3764 descriptio.

2775 3763 3003 3822 CAPUT
3041 3762 3337 3821 PRIMUM.

2332 3898 2352 3932 c
2385 3876 2512 3933 Fuit
2542 3878 2627 3934 vir
2651 3893 2792 3934 unus
2819 3878 2886 3934 de
2915 3877 3266 3933 Ramathaim
3299 3876 3533 3948 Sophim,
3557 3871 3614 3927 de
3635 3869 3763 3920 monte

2259 3989 2277 4022 ‹
2314 3969 2604 4040 Ephraim,
2646 3978 2701 4025 et
2745 3984 2943 4025 nomen
2985 3968 3104 4038 ejus
3133 3968 3357 4036 Eleana,
3394 3967 3526 4023 filius
3556 3957 3760 4017 Jeroham.

2261 4083 2280 4116 ι
2317 4063 2415 4120 filii
2442 4064 2584 4130 Eliu,
2617 4063 2712 4118 filii
2744 4063 2918 4130 Thau,
2949 4062 3045 4119 filii
3080 4061 3256 4133 Suph,
3286 4061 3600 4133 Ephrataaus.
3628 4071 3644 4104 ι
3669 4044 3763 4114 Quia

2256 4155 2403 4211 enim
2429 4156 2484 4210 in
2513 4155 2914 4226 prolegomena,
2942 4154 3051 4210 imo
3080 4153 3134 4208 in
3160 4153 3383 4224 isagoge
3409 4144 3610 4223 polliciti
3632 4146 3764 4195 sumus

2254 4251 2408 4322 prius
2455 4249 2808 4306 fundamenta
2850 4247 3091 4306 historia:
3131 4261 3366 4318 ponere,
3405 4252 3457 4299 et
3494 4229 3763 4327 postmodqu

2257 4316 2470 4398 culmen
2502 4343 2793 4413 allegoriae,
2824 4349 2988 4411 atque
3032 4316 3368 4410 ubi—gratum
3409 4332 3577 4394 fuerit,
3600 4316 3762 4382 morali-

2259 4435 2389 4490 tatis
2419 4434 2759 4489 harmoniam
2796 4434 3056 4498 inserere,
3079 4431 3312 4500 ideoque
3352 4429 3572 4499 primum
3602 4417 3764 4500 di8““_'_”

561 4495 924 4583 sacerdotium
954 4495 1250 4597 figuravit?
1285 4527 1404 4598 Ipsa
1433 4528 1619 4598 itaque
1657 4495 1938 4583 Samuelis
1971 4540 2152 4582 sacer-
2177 4504 2232 4565 Ῑ)
2261 4525 2376 4582 fore
2438 4523 2769 4580 arbitramur
2822 4524 2888 4580 de
2939 4495 3292 4594 generatione
3349 4495 3513 4575 sancti
3563 4495 3765 4565 Samuelis

564 4618 705 4672 dotis
737 4617 1028 4684 successio,
1057 4633 1279 4685 novum,
1301 4626 1362 4672 ut
1387 4617 1707 4689 praedictum
1731 4624 1847 4686 est,
1871 4625 1926 4673 et
1955 4605 2153 4686 sempi-

563 4723 778 4769 ternum
831 4713 1195 4770 sacerdotium
1251 4710 1632 4784 praefigurabat
1655 4753 1670 4778 ,
1722 4711 1816 4782 qui
1865 4718 1949 4766 est
1996 4709 2152 4766 Jesus

559 4805 829 4869 Christus,
880 4804 998 4861 Heli
1040 4806 1323 4862 sacerdote
1352 4805 1669 4875 reprobato,
1703 4805 1759 4859 id
1800 4811 1884 4859 est
1927 4801 2152 4858 Judaico

559 4897 870 4953 sacerdotio
892 4897 1124 4968 abjecto,
1148 4906 1322 4952 mater
1345 4911 1560 4968 quoque
1587 4897 1703 4968 ipsa
1728 4894 2014 4960 Samuelis,
2031 4909 2154 4965 qua:

561 4992 714 5062 prius
757 4991 859 5046 fuit
903 4990 1106 5046 sterilis
1144 5000 1200 5046 et
1243 4991 1530 5060 posteriori
1577 4990 1907 5046 fecunditate
1940 4989 2151 5055 lzetata,

563 5086 717 5156 cujus
743 5086 908 5141 etiam
935 5100 1155 5151 nomen,
1199 5084 1251 5139 id
1298 5095 1385 5140 est
1424 5083 1614 5151 Anna,
1653 5084 1796 5156 quod
1837 5086 2010 5154 gratia
2039 5083 2154 5153 ejus

563 5178 977 5248 interpretatur,
1012 5177 1185 5246 ipsam
1214 5175 1528 5247 religionem
1565 5175 1950 5242 Christianam,
1979 5175 2152 5246 ipsam

564 5279 842 5340 postremo
872 5269 971 5326 Dei
1001 5269 1231 5341 gratiam
1263 5267 1549 5339 significat,
1575 5267 1700 5338 quia
1729 5267 1883 5324 nobis
1905 5266 2155 5324 Christus

564 5365 741 5419 oritur
775 5383 787 5420 :
824 5364 998 5435 ipsam
1027 5377 1243 5436 quoque
1265 5361 1582 5427 Ecclesiam,
1616 5377 1737 5432 quae
1768 5361 1896 5418 olim
1923 5361 2149 5427 sterilis,

565 5472 711 5512 nunc
739 5455 1001 5525 fecunda,
1045 5457 1100 5512 in
1140 5456 1235 5513 Dei
1276 5455 1528 5512 laudibus
1557 5453 1787 5509 laetatur.
1837 5451 1974 5506 Sunt
2011 5452 2153 5506 enim

567 5548 874 5617 hujusmodi
903 5550 1338 5617 innumerabilia,
1373 5548 1571 5620 quibus
1599 5546 1987 5618 comprobatur
2012 5544 2155 5616 quod

566 5643 706 5699 liber
749 5644 850 5699 iste
890 5645 1222 5715 spiritalibus
1263 5644 1484 5699 floribus
1511 5641 1718 5698 redolet
1751 5650 1808 5695 et
1854 5639 2156 5711 allegoricis

567 5735 1056 5806 significationibus
1084 5735 1266 5805 pollet.
1307 5735 1384 5790 De
1410 5734 1606 5804 quibus
1650 5733 1733 5803 (si
1776 5731 2037 5786 Dominus
2066 5730 2156 5783 dc-

567 5829 742 5896 derit)
772 5831 1144 5887 describemus
1164 5828 1276 5884 suis
1303 5828 1358 5882 in
1384 5826 1516 5882 locis
1535 5841 1632 5884 per
1659 5825 1869 5887 singula
1889 5837 2009 5886 qua:
2031 5836 2158 5875 con-

2256 4617 2534 4688 prophetaa
2571 4615 2856 4672 historiam
2883 4613 3200 4685 praedicere,
3235 4621 3296 4668 ut
3334 4603 3648 4684 postmodum
3677 4604 3760 4648 colt

2259 4710 2510 4766 tinuatim
2542 4708 2854 4781 allegoriam
2885 4709 3001 4779 ejus
3029 4707 3323 4770 valeamus,
3352 4701 3570 4761 Domino
3587 4693 3762 4781 favente!

2257 4802 2511 4874 dirigere.
2545 4777 2746 4856 Eleana
2776 4777 3008 4870 namque
3041 4807 3195 4868 pater
3227 4798 3395 4868 ipsius
3422 4795 3484 4849 de
3509 4789 3654 4857 stirpe
3674 4777 3764 4874 ιενξ

2255 4860 2395 4962 fuit:
2403 4895 2498 4950 sed
2527 4909 2637 4950 non
2661 4893 2728 4948 de
2757 4860 3103 4964 generatione
3125 4860 3309 4944 Aaron
3339 4879 3614 4944 sacerdotis
3636 4860 3764 4939 :tluod

2255 4988 2401 5042 enim
2441 4994 2596 5058 pater
2622 4985 2740 5057 ejus
2767 4963 2834 5040 de
2870 4983 3011 5038 tribu
3040 4982 3169 5038 Levi
3209 4980 3389 5046 fuerit,
3420 4973 3578 5030 Verba
3609 4963 3764 5064 die:an

2257 5079 2704 5136 manifestissime
2743 5077 3122 5147 comprobant,
3151 5075 3242 5129 ubi
3275 5072 3441 5128 series
3474 5058 3763 5151 generati-mli

2256 5189 2429 5244 usque
2458 5174 2526 5228 ad
2550 5171 2678 5227 Levi
2704 5144 3039 5242 perducitur.
3071 5167 3279 5222 Dicitur
3313 5163 3454 5221 enim
3494 5155 3619 5244 ﬁlius
3641 5144 3762 5244 [υἰξῇ

2261 5227 2592 5329 [fex-suam,
2629 5227 2723 5318 nui
2766 5262 2906 5326 Eliu,
2940 5261 3034 5314 filii
3072 5259 3243 5323 Thau,
3272 5257 3365 5312 mn
3410 5227 3761 5329 Saphonize.t_l_i§

2255 5318 2634 5420 lautianm
2683 5318 3021 5419 Maath,'ﬁlii
3062 5318 3307 5414 Amasai,
3344 5344 3434 5401 mu
3469 5318 3670 5396 Eleans,
3697 5318 3760 5420 {Ilii

2255 5409 2403 5513 an;
2434 5409 2541 5500 iﬁ'lii
2577 5444 2817 5510 Azariaa,
2872 5409 2969 5497 lilii
3021 5409 3325 5510 Sophoniae,
3356 5435 3445 5491 filii
3474 5421 3671 5516 Thaatll,
3697 5409 3760 5516 φῦ

2256 5541 2402 5605 Asir,
2437 5539 2530 5594 filii
2551 5536 2848 5608 Abiasaph,
2871 5536 2966 5592 filii
2996 5535 3153 5601 Core,
3184 5533 3278 5590 filii
3322 5531 3485 5592 Isaar,
3511 5520 3592 5578 filii
3623 5514 3718 5569 Levi
3743 5521 3755 5552 ³

2261 5619 2316 5692 (I
2342 5618 2474 5674 Par.
2519 5623 2613 5694 vi),
2647 5635 2696 5680 et
2742 5626 2952 5696 reliqui.
2986 5628 3149 5699 Cujus
3189 5628 3458 5700 generatio
3487 5623 3565 5680 hic
3591 5622 3759 5674 βοηθοῖ-

2261 5710 2390 5766 dare
2435 5715 2834 5784 comprobatur.
2877 5717 3046 5783 Quam
3089 5719 3482 5790 generationem
3512 5714 3756 5774 insequen-

2263 5803 2408 5860 tibus
2463 5807 2691 5876 spiritali
2747 5809 3038 5866 intcllectui
3105 5815 3420 5871 concinuere
3487 5799 3753 5861 conabimur-

3871 1037 3873 1132 ἀ

3871 4463 3873 4564 1

3871 4607 3873 4688 ι

3871 4709 3873 4816 ι

3871 5095 3873 5206 1

3871 5485 3873 5578 ι
