3970 6332
165 386 280 441 M9

1102 380 1359 439 ENARR.
1402 379 1756 438 IN'LIBROS
1792 379 2053 438 REGUM.
2096 415 2164 424 —
2201 385 2268 442 IN
2307 386 2434 444 LIB.
2476 389 2515 444 Ι.

3337 397 3443 452 250

163 499 404 556 Matrem
432 510 647 569 quoque
674 495 790 566 ejus
833 496 900 552 de
938 497 1082 552 tribu
1109 496 1245 552 Juda
1276 495 1444 553 fuisse
1478 504 1751 552 monstra-
1781 495 1835 557 A
1857 493 1955 551 Est
1993 506 2173 553 autem
2219 497 2332 556 Silo
2360 501 2416 557 in
2457 504 2806 575 nonagesimo
2836 505 3110 576 milliario,
3143 508 3446 583 Neapoleos

167 607 290 661 tur,
329 595 380 649 in
413 608 479 648 eo
515 595 658 663 quod
701 593 1016 663 Ephratzeus
1049 602 1293 670 vocatur.
1326 591 1650 663 Ephrataeus
1691 590 1759 645 ab

160 688 409 757 Ephrata
438 700 608 741 uxore
634 683 856 749 Cbaleb,
878 700 1041 756 quam
1067 691 1280 741 constat
1307 683 1475 739 fuisse
1511 685 1577 741 de
1613 683 1758 738 tribu

159 775 332 841 Juda,
368 774 545 830 dictus
591 783 693 833 est.
734 773 1054 845 Ephrataaus
1105 775 1172 831 ab
1224 775 1460 846 Ephrata
1513 774 1756 840 civitate,

159 867 215 922 id
256 874 347 921 est
389 865 710 921 Bethlehem
733 906 748 932 ,
791 864 918 935 quia
961 865 1276 922 Bethlehem
1321 866 1473 935 prius
1517 865 1756 937 Ephrata

156 971 361 1017 vocata
389 971 492 1018 est.
513 961 582 1017 Et
607 963 654 1017 si
677 975 840 1032 quem
861 969 1043 1017 movet
1071 962 1214 1034 quod
1243 960 1311 1017 ab
1340 959 1619 1030 Ephraim,
1648 975 1756 1015 non

156 1055 227 1110 ab
281 1055 544 1126 Ephrata,
586 1054 907 1127 Ephrataeus
962 1063 1207 1120 vocatur,
1268 1055 1414 1109 unde
1467 1054 1521 1108 in
1568 1052 1758 1109 subse-

153 1144 458 1214 quentibus
510 1144 708 1216 legitur
757 1143 811 1215 (Ι
839 1142 965 1215 Reg.
1017 1145 1165 1218 xvu)
1203 1143 1348 1214 quod
1395 1143 1564 1199 David
1613 1143 1758 1198 ﬁlius

155 1235 439 1307 prrattei
473 1243 718 1302 vocetur,
747 1251 871 1290 cum
917 1234 1120 1306 liquido
1148 1243 1332 1304 pateat
1369 1233 1618 1290 eumdem
1652 1233 1756 1289 lsai

151 1336 372 1396 patrem
409 1327 600 1392 David,
645 1344 753 1383 non
789 1329 855 1384 de
893 1327 1172 1398 Ephraim,
1207 1327 1303 1383 sed
1339 1321 1406 1383 de
1441 1327 1584 1384 tribu
1619 1325 1755 1382 Juda

150 1418 438 1474 exstitisse
465 1436 479 1472 :
510 1428 565 1473 et
597 1419 790 1489 probet
819 1419 1070 1475 eumdem
1108 1419 1367 1474 Elcanam
1411 1418 1756 1490 Ephratazum

149 1512 220 1566 ab
254 1511 526 1581 Ephrata,
555 1527 663 1566 non
706 1512 774 1566 ab
800 1510 1062 1580 Ephraim
1094 1511 1222 1566 dici.
1248 1509 1348 1566 Hic
1378 1511 1519 1566 inter
1548 1509 1754 1590 medios

147 1605 299 1660 cives
351 1604 588 1674 Ephrem
634 1606 798 1661 sortis
826 1604 1485 1672 exsistens,Ramathaim
1527 1602 1752 1672 Sophim

145 1696 438 1751 civitatem
493 1696 854 1763 inbabitabat,
913 1696 1054 1752 unde
1089 1694 1370 1767 Scriptura
1429 1694 1497 1750 de
1567 1703 1751 1750 monte

144 1789 323 1844 fuisse
353 1787 610 1858 Ephraim
645 1795 1056 1845 commemorat.
1083 1786 1231 1843 Intra
1258 1796 1484 1843 cunctas
1514 1800 1751 1856 namque

1860 589 1916 643 in
1961 590 2181 662 regione
2228 593 2577 650 Arabithena.
2624 595 2731 652 Sed
2755 604 2811 653 et
2837 597 2987 655 Judaa
3027 601 3352 672 patriarchae
3382 606 3443 660 ﬁ-

1859 678 1990 735 lium
2036 680 2160 737 Sela
2203 684 2531 756 appellatum
2574 686 2804 757 legimus
2843 685 3007 760 (Gen.
3052 693 3307 763 xxxvm).
3359 695 3443 751 Ad

1859 773 2002 830 hanc
2029 789 2158 847 ergo
2201 777 2444 834 ascendit
2468 779 2670 835 Elcana
2699 796 2824 836 cum
2867 782 3028 839 domo
3074 799 3193 852 sua,
3226 787 3446 844 statutis

1859 863 2049 919 diebus
2081 867 2375 922 secundum
2415 867 2696 940 legem,:ut
2725 871 2997 938 adoraret,
3025 882 3082 929 et
3106 874 3444 932 sacriﬁcaret

1859 959 2087 1015 Domino
2117 964 2470 1020 exercituum.
2499 965 2652 1034 Quod
2688 979 2867 1024 autem
2911 970 3044 1026 dicit
3083 973 3301 1028 statutis
3330 973 3444 1029 die-

1858 1050 1980 1117 bus,
2011 1051 2116 1108 boc
2150 1061 2234 1108 est
2275 1056 2448 1112 tribus
2490 1057 2898 1127 festivitatibus,
2942 1061 3154 1121 Pascha
3193 1065 3444 1124 videlicet

1858 1150 1913 1196 et
1936 1141 2276 1212 Pentecoste,
2299 1157 2354 1202 et
2395 1149 2740 1207 solemnitate
2778 1154 3278 1225 tabernaculorum,
3302 1161 3444 1214 unde

1859 1233 2118 1291 Dominus
2147 1237 2202 1292 in
2234 1237 2421 1295 Exodo
2463 1244 2737 1313 praecepit,
2770 1244 2958 1302 dicens
2984 1265 2998 1303 :
3030 1267 3049 1300 ‹
3087 1249 3284 1307 Tribus
3310 1251 3444 1309 vici-

1855 1327 1958 1383 bus
2004 1343 2100 1398 per
2161 1329 2401 1400 singulos
2461 1349 2633 1390 annos
2693 1335 2825 1391 mihi
2898 1337 3038 1394 festa
3101 1340 3442 1400 celebrabitis

1857 1417 2054 1489 (Exod.
2087 1422 2260 1492 xxiv).
2297 1442 2318 1474 ›
2359 1422 2427 1478 Et
2473 1425 2642 1481 item:
2681 1446 2698 1478 ‹
2740 1427 2868 1495 Ter,
2911 1429 3111 1501 inquit,
3157 1432 3214 1486 in
3260 1434 3442 1490 animo

1856 1511 2139 1580 apparebit
2181 1527 2343 1569 omne
2390 1517 2749 1573 masculinum
2792 1527 2944 1575 tuum
2990 1537 3174 1578 coram
3213 1523 3444 1581 Domino

1855 1600 1966 1656 Deo
1999 1611 2124 1668 tuo,
2144 1604 2198 1658 in
2247 1605 2365 1660 loco
2402 1623 2564 1678 quem
2603 1609 2828 1681 elegerit
2859 1611 3120 1670 Dominus
3149 1614 3289 1672 Deus
3321 1624 3443 1673 tuus

1855 1694 2051 1768 (Exod.
2082 1699 2264 1772 χχιιι).
2296 1721 2313 1752 ι
2346 1702 2488 1772 Ergo
2515 1704 2570 1758 in
2599 1702 2712 1760 Silo
2743 1720 2866 1760 cum
2909 1717 3054 1762 esset
3094 1725 3159 1764 eo
3199 1717 3443 1781 tempore

1853 1801 1979 1842 arca
2011 1787 2243 1856 Domini,
2276 1791 2349 1846 ibi
2380 1793 2470 1848 hic
2504 1793 2704 1849 Elcana
2735 1811 2858 1850 cum
2903 1806 3050 1853 esset
3079 1799 3192 1870 ipse
3230 1800 3440 1868 Levita,

144 1881 332 1936 tribus
377 1879 767 1936 habitationem
793 1879 1110 1936 Levitarum
1158 1877 1330 1934 fuisse
1371 1892 1478 1934 non
1526 1875 1749 1932 dubium
1779 1868 1829 1930 B
1855 1889 1979 1950 post
2018 1881 2227 1937 oblatas
2255 1883 2540 1953 victimas,
2585 1902 2709 1942 cum
2742 1873 3002 1945 uxoribus
3036 1868 3252 1948 et‘ﬁliis
3280 1901 3443 1963 atque

142 1981 228 2028 est
258 1972 642 2040 Ramathaim,
671 1973 788 2043 ipsa
831 1979 916 2028 est
940 1987 1062 2043 qua:
1104 1972 1160 2028 in
1195 1971 1506 2044 Evangeliis
1533 1971 1747 2026 Arima-

144 2061 260 2116 thia
291 2061 520 2134 legitur,
549 2063 616 2118 de
647 2077 755 2133 qua
782 2060 953 2118 fuisse
980 2060 1180 2132 Ioseph
1234 2062 1425 2118 eadem
1458 2061 1748 2132 Evangelia

142 2153 514 2222 comprobant
543 2151 760 2227 (Matth.
813 2167 997 2217 xxvn;
1045 2151 1215 2206 Marc.
1259 2168 1360 2219 xv;
1402 2151 1532 2206 Luc.
1575 2168 1746 2219 xxm;

142 2244 324 2318 Joan._
355 2249 494 2318 xix).
530 2248 625 2303 Est
665 2247 810 2302 enim
852 2248 1044 2303 civitas
1077 2247 1132 2302 in
1173 2247 1392 2318 regione
1421 2246 1745 2312 Tamnitica,

137 2338 299 2407 juxta
346 2339 660 2411 Diospolim.
693 2341 769 2398 De
803 2356 910 2410 qua
944 2339 1241 2396 notandum
1284 2349 1388 2408 est,
1425 2340 1569 2410 quod
1589 2338 1748 2408 juxta

143 2428 481 2485 llebraicam
511 2431 796 2487 veritatem
823 2447 931 2489 non
960 2431 1325 2498 Ramathaim,
1354 2431 1450 2487 sed
1483 2431 1747 2487 Armatha

145 2526 260 2580 sive
288 2525 672 2582 Aramathaim
699 2525 863 2599 (sicut
905 2527 959 2582 in
1007 2527 1162 2583 libris
1206 2526 1451 2582 locorum
1494 2525 1746 2599 legimus)

145 2618 408 2674 habetur.
446 2619 709 2675 Similiter
745 2621 910 2676 etiam
946 2621 1486 2691 interpretationibus
1519 2620 1749 2676 Hebrai-

141 2725 347 2766 eorum
393 2712 674 2767 nominum
722 2713 1095 2768 Aramathaim
1140 2714 1428 2784 reperitur,
1463 2715 1608 2784 quod
1647 2729 1747 2770 nos

141 2803 213 2859 ita
247 2803 549 2875 legendum
604 2820 714 2861 non
765 2805 1112 2872 dubitamus,
1171 2807 1313 2862 unde
1361 2815 1418 2862 et
1461 2806 1744 2862 Armathia

140 2905 514 2966 nuncupatur,
544 2905 601 2953 et
633 2897 1022 2968 interpretatur
1049 2897 1260 2954 excelsa
1284 2899 1390 2954 duo
1417 2898 1503 2954 vel
1531 2914 1742 2955 eorum.

139 2988 284 3044 Bene
333 2989 550 3046 excelsa
589 2989 714 3046 duo.
745 2988 907 3044 Juxta
943 2989 1247 3056 historiam,
1284 2998 1346 3046 ut
1388 3005 1510 3060 qua:
1546 2990 1746 3045 intelli-

137 3091 347 3151 gantur
393 3082 589 3146 tribus,
631 3080 848 3153 regalis,
881 3081 1134 3137 videlicet
1176 3091 1232 3136 et
1275 3081 1649 3147 sacerdotalis,
1689 3081 1743 3136 id

137 3186 220 3232 est
256 3176 408 3232 Iuda
450 3185 506 3232 et
535 3175 683 3244 Levi,
719 3192 786 3232 ex
832 3177 1030 3246 quibus
1071 3175 1280 3231 exstitit
1324 3183 1479 3247 pater
1525 3176 1641 3246 ejus
1687 3186 1741 3231 et

137 3280 346 3326 mater.
411 3268 636 3340 Sophim
654 3234 681 3336 ,'
719 3234 1033 3339 Spes-uiator
1085 3267 1285 3323 dicitur
1317 3234 1342 3322 ε.
1376 3234 1742 3338 speculatores
1767 3234 1817 3300 α

137 3362 224 3418 hic
256 3362 519 3418 fortassis
561 3362 840 3433 propheta:
877 3359 1272 3431 intelliguntur,
1323 3376 1557 3432 quorum
1598 3361 1742 3417 ﬁlius

136 3455 356 3511 Elcana
391 3453 570 3510 fuerit.

209 3567 228 3598 ι
269 3547 350 3602 Et
388 3545 577 3602 habuit
624 3555 760 3602 a‘uas
807 3561 1050 3602 uxores:
1081 3561 1279 3602 nomen
1336 3547 1429 3602 uni
1467 3547 1650 3615 Anna,
1683 3557 1741 3604 et

141 3665 159 3696 ε
198 3659 408 3701 nomen
434 3644 687 3701 secunda:
717 3644 1035 3701 Phenenna.
1060 3644 1410 3715 Fueruntque
1429 3643 1738 3700 Phenenna

141 3759 158 3789 ι
197 3738 326 3804 ﬁlii,
359 3738 530 3794 Annae
561 3747 744 3794 autem
772 3751 879 3794 non
899 3747 1056 3793 erant
1084 3738 1262 3795 liberi.
1295 3757 1314 3790 ›
1339 3737 1739 3794 Convenienter

133 3832 306 3902 igitur
333 3830 506 3886 Anna:
549 3829 807 3886 sterilitas
835 3838 1316 3897 commemoratur,
1345 3828 1496 3899 cujus
1548 3839 1738 3900 partus

133 3922 409 3980 celebrior
451 3922 668 3978 futurus
713 3930 834 3978 erat
883 3922 1058 3977 instar
1100 3921 1342 3993 priorum
1389 3929 1637 3992 patrum,
1678 3930 1738 3978 ut

133 4014 314 4085 majus
347 4014 600 4086 gaudium
635 4021 757 4085 post
788 4014 1010 4085 longum
1045 4026 1339 4069 maerorem
1383 4013 1449 4069 de
1479 4023 1734 4084 percepta

135 4107 471 4163 fecunditate
499 4115 789 4178 parentum
834 4107 1156 4162 insinuetur.
1190 4104 1344 4162 Sicut
1377 4106 1520 4161 enim
1563 4106 1734 4161 Abra-

135 4201 260 4256 ham
289 4200 618 4270 patriarchae
641 4199 883 4271 legitima
909 4214 1070 4263 uxor,
1096 4213 1258 4269 quam
1282 4198 1536 4268 primitus
1559 4197 1730 4262 duxit,

135 4291 269 4346 Sara
320 4289 605 4358 videlicet,
638 4291 872 4361 primum
921 4290 1122 4346 sterilis
1151 4289 1273 4356 fuit,
1303 4289 1450 4361 Agar
1479 4289 1733 4362 Egyptia

133 4394 438 4456 generante
479 4385 649 4440 ﬁlium
684 4403 697 4439 :
731 4393 786 4440 et
829 4384 969 4440 sicut
1002 4383 1170 4440 Jacob
1220 4382 1492 4439 serviente
1540 4397 1734 4439 socero

135 4496 230 4535 suo
260 4495 366 4551 pro
394 4478 604 4535 Rachel
637 4494 828 4545 uxore,
862 4480 977 4550 ipsa
1008 4477 1213 4533 Rachel
1253 4477 1455 4534 sterilis
1491 4477 1612 4546 fuit,
1647 4493 1733 4534 so-

134 4587 256 4627 rore
296 4572 420 4643 ejus
453 4569 551 4627 Lia
598 4571 800 4628 liberos
845 4570 1097 4643 gignente
1140 4566 1304 4640 (Gen.
1339 4585 1408 4636 ll;
1445 4565 1576 4624 Gen.
1606 4585 1725 4636 xvi;

135 4662 265 4718 Gen.
319 4680 488 4730 xxix,
535 4663 678 4735 xxx)
707 4682 720 4719 :
748 4665 823 4719 ita
869 4671 925 4718 et
962 4663 1175 4718 Elcanae
1221 4662 1416 4718 melior
1443 4678 1582 4719 uxor
1611 4679 1732 4734 quae

135 4755 462 4826 prophetam
505 4755 713 4826 genuit,
742 4755 943 4810 sterilis
983 4755 1217 4825 primum
1253 4754 1372 4820 fuit,
1404 4765 1592 4826 postea
1636 4772 1732 4810 au-

137 4859 242 4905 tem
264 4865 367 4920 per
381 4850 596 4905 Domini
619 4851 847 4923 gratiam
877 4850 1126 4916 fecunda,
1151 4861 1211 4905 ut
1239 4851 1330 4906 tali
1356 4860 1477 4907 ortu
1503 4867 1733 4924 magnus

137 4939 357 4998 futurus
383 4943 648 5014 propheta
680 4942 846 4998 etiam
877 4950 1290 5000 monstraretur.

213 5053 229 5086 ι
273 5033 344 5089 Et
370 5034 699 5090 ascendebat
747 5035 829 5089 vir
877 5034 965 5090 ille
1003 5036 1070 5091 de
1117 5036 1334 5091 civitate
1377 5051 1473 5092 sua
1513 5039 1731 5092 statutis

143 5145 159 5175 ι
197 5126 410 5191 diebus,
442 5134 502 5180 ut
527 5125 780 5182 adoraret
808 5135 868 5184 et
899 5128 1234 5183 sacriﬁcaret
1258 5128 1487 5184 Domino
1521 5130 1732 5185 exerci-

144 5238 162 5269 ι
205 5228 358 5274 tuum
375 5220 430 5274 in
443 5217 576 5286 Silo,
600 5241 619 5273 ›
640 5228 743 5276 etc.
767 5219 878 5276 Silo
899 5220 1091 5276 civitas
1110 5230 1195 5277 est
1217 5221 1270 5276 in
1294 5222 1434 5277 tribu
1449 5222 1728 5292 Ephraim,

139 5308 194 5363 in
220 5325 332 5380 quo
359 5310 478 5366 loco
507 5325 634 5366 arca
660 5311 970 5367 testamenti
1006 5312 1208 5367 mansit
1237 5321 1291 5370 et
1323 5313 1727 5370 tabernaculum

138 5401 386 5469 Domini,
439 5393 470 5458 a
521 5403 852 5475 temporibus
895 5401 1059 5460 Josue
1107 5403 1202 5460 ﬁlii
1248 5405 1366 5460 Nun
1417 5405 1554 5478 (los.
1598 5424 1726 5476 xm,

138 5511 253 5560 xiv,
293 5495 403 5567 xv).
445 5493 739 5568 Postquam
776 5499 981 5554 vicerat
1026 5505 1213 5570 gentes
1243 5513 1364 5570 qua:
1396 5507 1594 5554 terram
1640 5516 1728 5556 re-

136 5589 517 5658 promissionis
564 5591 954 5660 possederant,
1004 5605 1176 5660 usque
1225 5591 1292 5646 ad
1346 5600 1588 5661 tempora
1627 5591 1729 5647 Sa-

139 5681 355 5739 muelis.
403 5683 668 5740 Narratur
714 5685 859 5740 enim
909 5684 962 5739 in
1017 5684 1154 5740 libro
1187 5684 1312 5741 Jesu
1364 5685 1544 5752 Nave,
1588 5687 1733 5758 quod

135 5775 430 5842 praedictus
463 5775 574 5830 dux
615 5786 762 5832 sorte
797 5776 870 5832 ibi
915 5776 1080 5832 missa
1118 5792 1300 5831 coram
1333 5778 1583 5844 Domino,
1618 5789 1728 5834 ter-

139 5879 258 5919 ram
310 5869 745 5937 repromissionis
799 5869 1024 5938 singulis
1069 5871 1317 5927 tribubus
1368 5873 1725 5930 distribuerit.

1852 1970 2065 2028 ﬁliabus
2093 1975 2300 2044 pariter
2328 1979 2664 2034 vescebatur.

1926 2117 1944 2150 ‹
1981 2099 2246 2171 Deditque
2280 2100 2588 2160 Phenenna:
2630 2121 2789 2162 UXOI'I
2835 2123 2945 2164 suae
2985 2118 3041 2164 et
3079 2111 3286 2168 cunctis
3317 2113 3442 2170 ﬁliis

1859 2209 1877 2242 ι
1911 2189 2027 2260 ejus
2055 2201 2111 2247 et
2134 2192 2348 2250 ﬁliabus
2377 2203 2578 2265 partes.
2634 2198 2806 2254 Anum
2845 2209 3025 2256 autem
3057 2203 3205 2258 dedit
3231 2213 3443 2274 partem

1857 2303 1876 2336 ‹
1911 2300 2073 2339 unam
2096 2286 2291 2353 tristis,
2319 2289 2445 2358 quia
2474 2289 2688 2345 Annam
2730 2292 3006 2364 diligebat.
3039 2294 3301 2351 Dominus
3343 2312 3440 2351 au-

1855 2394 1874 2427 (
1915 2384 2024 2432 tem
2071 2377 2414 2435 concluserat
2462 2381 2680 2438 vulvam
2721 2383 2858 2454 ejus.
2900 2383 3182 2456 Atiligebat
3225 2402 3442 2458 quoque

1857 2488 1876 2522 ‹
1908 2485 2030 2526 eam
2059 2472 2253 2527 aemula
2290 2472 2430 2542 ejus,
2459 2483 2514 2530 et
2560 2477 2910 2533 vehementer
2949 2479 3203 2550 angebat,
3233 2479 3290 2534 in
3323 2488 3440 2535 tan-

1855 2581 1873 2616 ‹
1913 2574 2044 2630 tum,
2073 2574 2136 2620 ut
2177 2567 2531 2636 exprobraret
2585 2572 2728 2640 quod
2779 2571 3134 2628 conclusisset
3175 2571 3440 2630 Dominus

1854 2676 1871 2706 ι
1910 2656 2126 2710 vulvam
2151 2656 2288 2726 ejus,
2327 2679 2345 2711 ι
2393 2667 2450 2715 et
2480 2660 2709 2732 reliqua.
2748 2661 2885 2717 Nam
2914 2664 3056 2733 quod
3085 2665 3181 2730 ait,
3215 2684 3236 2716 ‹
3265 2665 3438 2721 dedit-

1848 2762 1954 2817 que
1977 2747 2285 2832 Phenennte
2310 2752 2469 2808 uxori
2498 2768 2629 2820 sute,
2651 2762 2706 2809 et
2725 2756 2938 2811 cunctis
2965 2757 3091 2812 ﬁliis
3114 2766 3171 2812 et
3199 2757 3433 2822 ﬁliabus,

1847 2849 2058 2911 partes:
2090 2862 2110 2895 ι
2148 2843 2232 2898 ha:
2270 2853 2476 2914 partes,
2509 2855 2694 2916 partes
2737 2848 3152 2915 sacriﬁciorum,
3191 2865 3330 2920 quas
3370 2852 3436 2905 de

1847 2935 2140 2992 immolatis
2178 2936 2346 3003 dedit,
2376 2938 2752 3010 intelliguntur
2799 2943 3096 2998 secundum
3145 2951 3436 3000 consuetu-

1845 3027 2026 3082 dinem
2067 3028 2223 3100 legis.
2275 3029 2594 3102 Quanquam
2639 3031 2824 3103 opinio
2862 3030 3206 3100 Iudaeorum,
3253 3043 3436 3090 vestes

1843 3117 2070 3191 intelligi
2101 3120 2254 3186 velit,
2289 3139 2308 3172 ι
2338 3122 2508 3178 Annae
2538 3133 2718 3180 autem
2761 3125 2909 3180 dedit
2939 3135 3153 3196 partem
3185 3143 3368 3193 unam,
3410 3149 3428 3180 ι

1846 3212 2044 3283 inquit,
2085 3233 2103 3265 ‹
2141 3215 2336 3270 tristis.
2372 3236 2391 3268 ι
2427 3215 2623 3272 Tristis
2651 3217 2902 3273 videlicet
2929 3227 3069 3285 erat,
3097 3221 3224 3290 quia
3255 3221 3436 3276 Domi-

1845 3323 1947 3363 nus
1972 3308 2314 3364 concluserat
2337 3310 2553 3366 vulvam
2579 3312 2718 3383 ejus.
2751 3310 2811 3366 In
2845 3313 2948 3368 hoc
2973 3328 3103 3369 vero
3135 3314 3281 3384 quod
3310 3315 3436 3369 sub-

1833 3399 2018 3472 junxit
2048 3420 2060 3456 :
2100 3421 2118 3454 ‹
2147 3401 2437 3474 Afﬂigebat
2457 3419 2673 3475 quoque
2707 3420 2829 3461 eam
2867 3407 3060 3462 aemula
3097 3407 3268 3479 ejus,»
3301 3417 3430 3470 etc.,

1840 3492 2253 3550 demonstratur
2287 3497 2432 3567 quod
2458 3497 2599 3553 sicut
2627 3497 2818 3554 Saram
2846 3499 3085 3555 sterilem
3129 3501 3278 3572 Agar
3304 3516 3436 3557 con-

1840 3585 2047 3656 cipiens
2075 3587 2322 3658 despexit
2353 3605 2366 3642 :
2397 3588 2472 3643 ita
2518 3599 2574 3645 et
2608 3589 2820 3646 Annam
2867 3592 3104 3647 sterilem
3141 3591 3434 3648 Phenenna

1837 3678 1990 3749 prole
2026 3677 2253 3736 fecunda
2297 3681 2673 3738 aemulabatur.
2703 3683 2966 3739 Malorum
2997 3685 3143 3740 enim
3180 3693 3264 3740 est
3295 3686 3460 3740 sola--

1841 3770 1996 3838 tium,
2028 3771 2199 3828 vitam
2236 3773 2508 3828 bonorum
2538 3789 2784 3844 carpere.
2816 3775 2987 3831 Porro
3022 3775 3112 3830 illa
3155 3775 3340 3843 flebat,
3381 3785 3435 3832 et

1788 3907 1790 3909 .
1839 3876 1947 3918 non
1977 3863 2228 3932 capiebat
2261 3863 2442 3919 cibum
2468 3864 2589 3920 laeta
2618 3881 2962 3936 corporeum,
2995 3867 3092 3924 sed
3135 3867 3432 3924 secundum

1838 3957 2191 4026 prophetam,
2265 3977 2284 4009 ‹
2328 3957 2570 4014 Fuerunt
2629 3959 2706 4015 illi
2780 3961 3034 4033 lacrymaa
3105 3977 3273 4034 panes
3347 3963 3434 4018 die

1838 4064 1903 4104 ac
1944 4060 2135 4118 nocte,
2181 4060 2239 4108 et
2281 4061 2468 4123 potum
2524 4069 2682 4110 suum
2734 4071 2859 4110 cum
2907 4053 3032 4110 ﬁetu
3095 4056 3434 4127 temperabat
3497 4117 3500 4120 ,

1839 4141 2012 4213 (Psal.
2054 4144 2199 4217 xu).
2240 4165 2258 4196 ι

1914 4273 1933 4306 ι
1973 4253 2226 4312 Surrexit
2269 4267 2448 4314 autem
2491 4259 2649 4316 Anna
2687 4268 2976 4332 postquam
3030 4262 3343 4319 comederat
3377 4264 3431 4318 in

1843 4364 1861 4397 ι
1899 4345 2016 4402 Silo
2061 4355 2116 4402 et
2167 4346 2399 4415 biberat,
2438 4360 2494 4406 et
2529 4350 2648 4407 Heli
2687 4351 2970 4408 sacerdote
3015 4353 3236 4410 sedente
3271 4369 3432 4426 super

1841 4459 1858 4490 ι
1905 4439 2092 4496 sellam
2149 4449 2274 4498 ante
2321 4451 2507 4512 postes
2565 4443 2752 4516 templi
2809 4445 3044 4501 Domini.
3093 4464 3111 4497 ι
3152 4444 3271 4502 Heli
3328 4447 3432 4502 iste

1837 4550 2079 4591 summus
2125 4539 2380 4594 sacerdos
2425 4547 2576 4606 erat,
2621 4547 2677 4594 et
2725 4547 2849 4610 post
2894 4538 3124 4596 Samson
3175 4540 3428 4611 populum

1755 4607 1810 4668 Ῑ)
1836 4627 2001 4683 Israel
2053 4629 2274 4699 regebat
2309 4631 2394 4702 (ut
2437 4631 2490 4686 in
2537 4607 2890 4688 Hebraeorum
2943 4631 3084 4688 libro
3133 4607 3428 4706 invenitur)

1840 4720 1998 4775 annis
2050 4721 2458 4792 quadraginta:
2504 4724 2801 4779 secundum
2845 4722 3199 4797 Septuaginta
3250 4733 3427 4780 autem

1841 4814 2164 4884 interpretes
2192 4815 2349 4870 annis
2378 4814 2588 4886 viginti.

1916 4960 1934 4993 ‹
1969 4940 2105 4996 Cum
2135 4949 2282 4998 esset
2305 4955 2492 4998 amaro
2523 4942 2730 5010 animo,
2759 4943 2936 4999 oravit
2963 4943 3250 5001 Dominum
3293 4940 3424 4998 ﬂens

1845 5054 1863 5086 ε
1901 5035 2145 5106 largiter,
2187 5043 2242 5090 et
2279 5045 2463 5091 votum
2494 5037 2659 5102 vovit,
2695 5037 2879 5094 dicens
2909 5055 2921 5091 :
2959 5037 3185 5093 Domine
3212 5035 3421 5091 exerci-

1842 5149 1860 5182 ‹
1904 5139 2092 5197 tuum,
2137 5131 2185 5185 si
2235 5129 2530 5201 respiciens
2580 5131 2782 5187 videris
2829 5130 3172 5186 aﬁlictionem
3216 5128 3421 5183 famula

1841 5241 1858 5272 ι
1899 5229 2028 5287 tuae,
2053 5229 2107 5277 et
2145 5219 2461 5276 recordatus
2492 5221 2598 5276 mei
2630 5220 2820 5289 fueris,
2849 5236 2948 5278 nec
2978 5218 3179 5276 oblitas
3219 5219 3420 5274 ancilla

1843 5335 1861 5368 ι
1900 5325 2024 5382 tute,
2051 5315 2372 5386 dederisquc
2418 5330 2590 5371 servae
2637 5324 2740 5370 tim:
2786 5328 2975 5370 sexum
3016 5311 3255 5378 virilem,
3288 5312 3419 5368 dabr

1839 5430 1858 5462 ‹
1894 5423 2016 5465 eum
2047 5408 2274 5464 Domino
2285 5409 2539 5465 omnibus
2554 5407 2744 5465 diebus
2763 5408 2887 5464 vita:
2907 5406 3048 5478 ejus,
3069 5425 3087 5457 ι
3117 5413 3171 5460 et
3197 5404 3403 5475 reliqua

1842 5501 2250 5559 Recordabatur
2303 5500 2490 5558 forsan
2544 5502 2834 5557 verborum
2877 5497 3023 5554 beati
3068 5495 3192 5564 Job,
3232 5497 3417 5568 quibus

1841 5595 2007 5650 dixit:
2043 5614 2060 5646 ι
2090 5593 2192 5662 Qui
2219 5595 2496 5651 deridetur
2517 5595 2586 5650 ab
2615 5593 2792 5648 amico
2824 5605 2923 5646 suo
2956 5591 3098 5647 sicut
3123 5605 3241 5661 ego,
3270 5590 3406 5644 invo

1840 5685 1984 5740 cabit
2013 5685 2296 5740 Dominum
2327 5694 2384 5740 et
2412 5685 2662 5740 exaudiet
2689 5698 2837 5748 eum,
2868 5684 2994 5755 quia
3028 5685 3144 5754 ipse
3185 5681 3415 5738 laborerr

1838 5787 1895 5833 et
1927 5777 2168 5834 dolorem
2201 5794 2422 5833 suorum
2473 5776 2782 5832 considerat
2807 5775 2950 5849 (Job.
2989 5776 3110 5850 xu).
3149 5795 3166 5827 ι
3205 5775 3278 5829 De
3320 5787 3414 5844 qm

1840 5873 2101 5934 scriptum
2132 5881 2215 5929 est
2245 5891 2255 5926 :
2291 5893 2308 5923 ε
2341 5871 2483 5934 Tibi,
2506 5871 2756 5933 Domine.
2781 5870 3072 5927 derelictus
3092 5878 3177 5926 est
3199 5880 3403 5925 pauper
