3970 6332
504 382 603 441 281

1547 366 1901 428 ANGELOMI
1941 363 2405 423 LUXOYIENSIS
2446 363 2759 423 ΗΟΝΑΩΗΙ

505 495 707 569 pupillo
768 503 826 550 tu
881 492 992 549 eris
1050 489 1263 562 adiutor
1314 486 1499 560 (Psat.
1543 489 1689 559 xix).
1740 503 1760 538 ι
1816 482 1916 538 Cui
1968 490 2093 537 vota
2122 480 2461 551 Anapientia
2504 489 2560 536 et
2602 481 2851 548 scientia,
2886 490 2943 538 et
2980 481 3193 540 diversa
3240 487 3653 560 concipiant.
3698 491 3785 548 ln-

499 591 772 661 justorum
826 596 951 647 sunt
998 584 1285 657 placabilia
1360 591 1415 639 et
1453 580 1594 639 oculi
1643 578 1760 636 eius
1796 578 1864 634 ad
1898 591 2092 649 preces

509 700 720 741 eorum.

584 796 603 830 ι
640 777 863 832 Factum
891 782 977 831 est
1014 788 1145 844 ergo
1177 786 1300 828 cum
1346 769 1435 825 illa
1474 766 1867 839 multiplicaret
1900 779 2094 837 preces

513 888 533 923 ι
566 883 753 926 coram
794 866 1046 932 Domino,
1074 873 1135 920 ut
1161 863 1276 920 Heli
1316 862 1636 919 observaret
1661 874 1724 916 os
1755 857 1896 928 ejus.
1922 859 2095 915 Porro

512 979 534 1014 ι
570 962 727 1017 Anna
768 959 1090 1031 loquebatur
1131 958 1185 1013 in
1227 954 1392 1012 corde
1433 969 1553 1019 suo,
1587 961 1908 1023 tantumque
1951 950 2093 1008 labia

513 1074 532 1107 ‹
567 1054 714 1110 illius
742 1053 1120 1115 movebantur,
1147 1059 1203 1104 et
1227 1064 1331 1105 vox
1366 1048 1581 1120 penitus
1608 1063 1716 1103 non
1747 1046 2091 1102 audiebatur.

512 1166 531 1199 ι
566 1145 881 1202 Estimavit
916 1144 1081 1216 igitur
1118 1156 1239 1198 eam
1280 1140 1397 1196 Heli
1441 1139 1815 1205 temulentam,
1847 1139 2096 1208 dixitque

509 1256 530 1291 ι
564 1239 617 1294 ei
642 1254 658 1293 :
688 1237 976 1307 Usquequo
994 1233 1147 1290 ebria
1189 1233 1334 1289 eris?
1379 1232 1569 1304 Digere
1598 1230 1873 1303 paulisper
1907 1230 2095 1285 vinum

510 1348 529 1381 ι
561 1344 671 1400 quo
690 1326 893 1384 mades.
915 1325 1268 1396 Respondeas
1289 1324 1467 1391 Anna,
1483 1323 1830 1395 Nequaquam
1847 1324 2092 1396 (inquit),

510 1437 529 1471 α
563 1420 780 1476 domine
817 1419 911 1474 mi.
965 1418 1099 1475 Nam
1146 1418 1344 1474 mulier
1388 1417 1575 1474 infelix
1613 1418 1776 1473 nimis
1816 1432 1917 1490 ego
1949 1433 2093 1486 sum,

509 1532 528 1565 ι
560 1514 854 1584 vinumque
873 1520 930 1569 et
950 1527 1112 1569 omne
1137 1511 1280 1584 quod
1312 1512 1587 1568 inebriare
1610 1518 1792 1584 potest
1821 1527 1929 1568 non
1956 1512 2091 1579 bibi,

509 1624 529 1656 ι
566 1605 661 1661 sed
696 1604 862 1660 eﬂ'udi
909 1604 1147 1660 animam
1180 1618 1358 1660 meam
1407 1604 1462 1659 in
1509 1612 1802 1675 conspectu
1856 1604 2090 1660 Domini.

506 1713 525 1747 ι
560 1694 639 1752 Ne
665 1704 882 1767 reputes
925 1696 1177 1751 ancillam
1206 1703 1356 1750 tuam
1383 1695 1538 1764 quasi
1569 1710 1735 1750 unam
1773 1695 1842 1754 de
1880 1695 2094 1753 ﬁliabus

505 1805 525 1838 ι
557 1786 747 1853 Belial,
773 1786 900 1857 quia
923 1802 991 1844 ex
1008 1774 1360 1842 multitudine
1389 1786 1592 1843 doloris
1618 1796 1674 1842 et
1699 1788 1955 1843 maeroris
1984 1789 2091 1845 mei

2194 572 2416 629 stabiles
2439 571 2746 631 efﬁciuntur
2788 574 2842 630 in
2885 576 3139 634 omnibus
3168 577 3272 635 viis
3296 580 3430 637 suis.
3480 580 3626 638 Ecce
3671 582 3783 640 hi-

2196 666 2389 721 toriam
2445 666 2868 738 prmlibavimus,
2908 669 3008 725 sed
3050 670 3389 741 spiritualem
3444 673 3784 733 intellectum

2194 770 2418 815 necesse
2473 767 2561 813 est
2614 766 2672 814 ut
2730 759 2970 819 breviter
3016 764 3240 825 tandem
3294 774 3582 840 tangamus
3623 788 3636 823 :
3692 769 3788 827 Vir

2194 849 2337 905 enim
2385 851 2489 907 iste
2528 850 2750 918 Eleans,
2774 853 2868 923 qui
2922 855 3313 926 interpretatur
3360 858 3461 914 Dei
3503 863 3784 933 possessio,

2194 940 2423 1014 figuram
2452 945 2683 1015 gestavit
2705 946 2853 1003 unici
2878 946 3003 1007 Filii
3030 948 3150 1016 Dei,
3170 951 3267 1022 qui
3294 967 3420 1009 vera
3445 962 3502 1011 et
3536 956 3789 1026 specialia

2195 1042 2280 1092 est
2308 1035 2401 1093 Dei
2424 1037 2601 1093 Patris
2636 1039 2928 1109 possessio.
2957 1039 3037 1097 De
3076 1042 3197 1114 ipso
3234 1056 3472 1116 namque
3502 1062 3605 1117 per
3636 1046 3791 1102 Salo-

2195 1143 2411 1185 monem
2439 1129 2639 1201 dicinir
2669 1149 2681 1184 :
2722 1149 2741 1183 ι
2778 1132 3039 1190 Dwrinus
3083 1137 3327 1205 possedit
3358 1152 3450 1195 me
3492 1138 3655 1196 initio
3683 1140 3790 1195 via-

2195 1236 2317 1277 rum
2345 1238 2565 1278 suarum
2597 1223 2954 1299 (Proouvnt).
2989 1247 3009 1289 ο
3054 1227 3123 1284 Et
3148 1229 3310 1286 Pater
3332 1231 3400 1286 de
3426 1231 3589 1303 ipso:
3629 1249 3653 1284 ι
3690 1230 3789 1289 llic

2195 1324 2282 1370 est
2298 1314 2468 1372 Filius
2492 1331 2646 1373 meus
2669 1319 2921 1387 dilectus,
2942 1322 2999 1376 in
3025 1337 3134 1392 quo
3159 1324 3293 1379 mihi
3322 1325 3460 1380 bene
3484 1325 3791 1397 complacni

2197 1405 2412 1479 (Matth.
2445 1426 2505 1466 nr
2536 1420 2591 1466 et
2622 1416 2773 1477 xm).
2807 1432 2825 1465 ι
2870 1414 2938 1470 Et
2986 1415 3127 1471 idem
3158 1415 3328 1473 Filius
3358 1418 3411 1473 in
3442 1417 3746 1490 Evangelia
3776 1438 3789 1473 :

2202 1520 2220 1553 ι
2254 1503 2416 1558 Pater
2446 1504 2502 1559 in
2549 1519 2635 1560 me
2681 1521 2928 1575 manens,
2962 1509 3076 1580 ipse
3104 1509 3236 1565 facit
3275 1525 3439 1581 opera
3468 1529 3484 1564 :
3515 1512 3612 1582 qui
3660 1512 3797 1567 bene

2195 1597 2282 1651 vir
2312 1612 2451 1653 unus
2480 1598 2681 1654 dicitur
2711 1599 2894 1671 (Joan.
2922 1601 3056 1674 xiv).
3090 1622 3110 1654 ι
3154 1602 3305 1659 Unus
3336 1612 3519 1659 autem
3556 1604 3794 1675 appella-

2196 1697 2285 1744 tur
2308 1689 2472 1756 Deus,
2504 1706 2610 1746 non
2636 1694 2703 1748 de
2730 1706 2977 1760 numero,
3020 1696 3118 1750 sed
3156 1695 3286 1767 quia
3317 1712 3596 1769 nunquam
3641 1712 3674 1752 a
3714 1713 3795 1753 se-

2196 1784 2428 1854 metipso
2452 1784 2590 1840 alter
2613 1784 2868 1852 eftlcitur,
2892 1787 3015 1843 ideo
3040 1803 3318 1860 nunquam
3343 1798 3608 1846 mutatur.
3645 1789 3795 1847 Unde

507 1898 527 1933 ι
562 1880 740 1939 locuta
770 1856 891 1936 sum
915 1895 1088 1950 usque
1128 1879 1184 1936 in
1228 1895 1485 1952 praesens.
1520 1901 1540 1929 ι
1571 1881 1740 1938 Belial
1771 1882 2093 1953 interpreta-
2122 1856 2174 1919 Β
2198 1875 2485 1932 Psalmista
2511 1895 2524 1932 :
2560 1895 2579 1928 t
2607 1877 2685 1933 Tu
2716 1886 2897 1934 autem
2926 1880 3068 1935 idem
3102 1856 3219 1950 ipse
3247 1896 3307 1937 es
3340 1890 3396 1936 et
3420 1882 3549 1941 anni
3578 1883 3665 1937 tui
3692 1898 3793 1938 non

503 1980 593 2027 tur
613 1972 809 2045 absque
827 1972 983 2043 jugo.
1007 1970 1146 2028 Nota
1165 1972 1321 2044 quod
1334 1972 1387 2028 hi
1416 1973 1510 2044 qui
1536 1973 1856 2030 ebrietatem
1880 1984 2094 2032 sectan-

502 2071 615 2132 tur,
651 2063 748 2123 lilii
777 2063 949 2123 Belial
974 2064 1284 2125 vociteutur
1311 2084 1324 2121 :
1356 2066 1461 2129 hoc
1506 2066 1624 2123 loco
1670 2067 1928 2139 impletur
1961 2068 2091 2127 illud

500 2155 647 2231 qimd
674 2154 937 2227 scriptum
963 2165 1072 2223 est,
1109 2175 1128 2209 ι
1164 2154 1338 2215 Homo
1364 2156 1512 2212 videt
1539 2157 1593 2213 in
1635 2156 1799 2228 facie,
1825 2159 1968 2227 Deus
1991 2176 2093 2217 au-

506 2254 616 2311 tem
640 2246 880 2305 intuetur
904 2263 1002 2307 cor
1030 2247 1084 2321 (Ι
1108 2247 1239 2321 Reg.
1270 2248 1406 2323 xw),
1431 2268 1452 2305 ι
1472 2251 1600 2323 quia
1630 2250 1750 2311 Heli
1782 2261 1991 2311 tantum
2028 2269 2095 2317 os

501 2337 849 2415 deprecantis
875 2339 1045 2401 Annua
1072 2340 1406 2411 intuebatur.
1435 2350 1491 2399 et
1515 2358 1704 2409 vocem
1733 2345 1852 2416 ejus
1878 2347 2094 2416 penitus

501 2447 608 2499 non
644 2433 925 2503 audiebat,
946 2433 1041 2489 sed
1088 2441 1296 2497 motum
1336 2435 1604 2495 labiorum
1640 2437 1918 2506 cernebat,
1947 2439 2095 2499 msti-

505 2524 691 2583 mabat
713 2524 919 2599 ebriam
945 2539 1084 2587 esse.
1104 2525 1198 2582 illa
1221 2535 1424 2592 autem,
1448 2527 1577 2600 quia
1605 2544 1821 2591 sursum
1848 2531 2094 2591 elevabat
2110 2542 2133 2551 '

499 2634 597 2681 cor
639 2630 697 2679 et
736 2621 1099 2681 conﬁtebatur
1127 2623 1357 2683 Domino
1404 2624 1460 2681 in
1488 2633 1603 2681 toto
1645 2624 1809 2685 corde
1849 2638 1970 2690 suo,
2008 2639 2093 2681 re-

501 2716 680 2793 spexit
707 2715 973 2789 Dominus
1009 2718 1079 2774 ad
1122 2719 1426 2777 orationem
1468 2719 1610 2790 ejus,
1642 2726 1698 2773 et
1737 2734 1845 2779 non
1884 2720 2095 2789 sprevit

499 2824 690 2881 preces
742 2810 907 2883 illius.
956 2810 1231 2883 Nobisque
1276 2813 1514 2884 optimus,
1561 2813 1753 2871 modus
1792 2812 1983 2871 orandi
2025 2813 2095 2868 ad

496 2902 807 2973 exemplum
851 2904 1011 2961 datus
1058 2912 1143 2963 est
1179 2905 1345 2977 (sicut
1388 2907 1443 2967 in
1485 2905 1837 2976 sequentibus
1882 2903 2093 2977 plenius

499 2993 697 3053 dicturi
748 2995 984 3069 sumus).
1026 3005 1086 3059 ut
1135 3013 1241 3057 non
1294 2999 1348 3055 in
1402 2999 1741 3070 multiloquio
1796 2998 2095 3059 formemus

501 3095 953 3163 precesnostras
993 3087 1062 3143 ad
1099 3089 1406 3156 Dominum,
1439 3090 1535 3147 sed
1582 3091 1635 3149 in
1679 3092 2094 3163 compunctione

499 3174 683 3231 cordis
704 3160 774 3233 ἐι
812 3175 1076 3233 eii'usione
1104 3178 1493 3250 iacrymarum,
1520 3194 1621 3239 nos
1650 3160 1899 3245 exaudiri
1930 3182 1998 3239 ab
2026 3196 2093 3237 eo

502 3265 776 3331 credimus
823 3281 840 3325 :

507 3355 922 3424 contribulatus,
970 3373 1070 3419 cor
1119 3358 1417 3429 contritum
1464 3369 1519 3416 et
1558 3360 1904 3433 bumiliatnm
1954 3362 2095 3421 Deus

502 3463 611 3505 non
654 3451 860 3520 spernit
906 3449 1080 3523 (Psal.
1129 3452 1203 3526 1.).
1237 3474 1257 3508 ι
1318 3453 1476 3522 Quod
1517 3463 1648 3515 tunc
1692 3456 1851 3528 digne
1890 3454 1973 3523 iit,
2024 3456 2093 3527 si,

501 3543 750 3615 oratione
803 3545 1093 3621 completa,
1146 3561 1245 3601 nos
1291 3547 1345 3602 in
1390 3549 1580 3605 eodem
1637 3557 1823 3607 tenore
1869 3549 2097 3623 iustitia:

500 3636 963 3704 permanebimus.
996 3635 1148 3695 Unde
1174 3645 1227 3691 et
1252 3638 1527 3709 sequitur.

580 3748 599 3779 ι
637 3728 705 3785 Et
745 3729 883 3785 abiit
931 3729 1127 3789 mulier
1165 3731 1217 3786 in
1243 3732 1388 3787 viam
1428 3748 1580 3791 suam
1609 3741 1665 3791 et
1695 3735 1951 3803 comedit,
1979 3737 2098 3795 vul-

514 3836 534 3871 ι
574 3827 770 3892 tuaque
805 3820 950 3885 illius
989 3837 1094 3878 non
1132 3833 1259 3883 sunt
1282 3824 1512 3897 amplius
1543 3826 1597 3882 in
1634 3826 1852 3887 diversa
1878 3832 2090 3889 mutati.

510 3928 531 3962 ι
565 3911 634 3971 Et
680 3911 884 3975 factum
938 3922 1023 3975 est
1070 3925 1192 3987 post
1242 3917 1504 3975 circulum
1556 3920 1800 3991 dierum,
1842 3925 2097 4007 concepit

2198 1969 2451 2027 deﬁcient
2476 1968 2651 2043 (Paul.
2676 1972 2807 2045 etv).
2847 1993 2866 2025 ι
2903 1973 3245 2030 Armathaim
3276 1974 3527 2046 Sophim,
3550 1990 3679 2047 qum
3720 1977 3794 2031 in-

2200 2070 2529 2134 terpretatur
2569 2063 2773 2118 excelsa
2810 2065 2895 2120 vel
2940 2066 3172 2136 specula,
3203 2066 3477 2123 etelestem
3524 2067 3793 2140 signiﬁcat

2196 2151 2518 2210 Jerusalem.
2544 2153 2619 2211 De
2640 2168 2747 2226 qua
2776 2156 2842 2211 ad
2871 2171 2969 2212 nos
3000 2157 3246 2225 veniens,
3274 2159 3523 2215 eamdem
3549 2160 3792 2230 specula-

2197 2243 2398 2299 tionem
2434 2252 2490 2300 et
2518 2244 2722 2311 docuit,
2754 2246 2865 2302 imo
2904 2256 2959 2303 et
2996 2249 3063 2303 ad
3112 2251 3361 2305 eamdem
3404 2251 3792 2321 possidendam

2197 2350 2294 2392 sua
2321 2346 2497 2393 morte
2524 2340 2819 2409 reparavit.
2849 2339 2908 2396 lu
2928 2356 3034 2410 qua
3060 2342 3176 2412 ipse
3201 2344 3394 2400 sedens
3419 2345 3489 2400 ad
3510 2345 3793 2402 dexteram

2195 2428 2394 2495 Patris,
2426 2429 2733 2501 interpellat
2754 2447 2854 2502 pro
2875 2432 3032 2488 nobis
3058 2435 3352 2490 secundum
3386 2436 3533 2506 quod
3561 2436 3793 2509 Aposto-

2194 2520 2279 2577 lus
2309 2521 2385 2576 ait
2411 2541 2425 2576 :
2458 2540 2477 2572 ι
2515 2522 2850 2578 Advocatum
2878 2524 3143 2580 habemus
3175 2527 3314 2597 apud
3336 2526 3580 2595 Patrem,
3606 2528 3791 2586 Iesum

2195 2610 2471 2667 Christum
2497 2612 2705 2684 justum
2736 2613 2793 2686 (Ι
2816 2613 2979 2675 loan.
3009 2615 3094 2686 ιι),
3132 2636 3151 2669 ι
3184 2626 3293 2672 etc.
3334 2616 3437 2686 Qui
3481 2621 3629 2676 bene
3654 2621 3793 2677 filius

2197 2705 2415 2772 dicitur,
2442 2708 2539 2765 lilii
2563 2707 2842 2777 Jeroham,
2867 2710 2962 2766 lilii
2989 2711 3125 2777 Elin,
3152 2712 3247 2769 lilii
3271 2714 3421 2786 Suph
3443 2716 3790 2788 Ephratmus.

2193 2796 2445 2855 Jeroham
2476 2801 2677 2873 quippe
2702 2803 2999 2860 misericors
3022 2805 3409 2877 interpretatur
3439 2828 3452 2864 :
3483 2809 3604 2866 Elin
3634 2826 3790 2878 vero,

2198 2890 2339 2947 Deus
2379 2910 2526 2948 meus
2555 2910 2573 2948 :
2604 2893 2755 2966 Supli
2774 2936 2788 2961 ,
2839 2898 3114 2968 effundens
3138 2913 3157 2951 :
3184 2916 3306 2972 quae
3355 2903 3577 2959 nomina
3598 2946 3613 2970 ,
3650 2905 3793 2961 sicut

2197 2984 2354 3041 nobis
2394 2987 2623 3052 videtur,
2669 2986 2797 3058 jure
2840 2990 2908 3045 ad
2958 2991 3127 3047 Deum
3176 2992 3393 3051 Patrem
3448 2996 3789 3055 referuntur.

2194 3075 2315 3148 ipse
2356 3086 2441 3133 est
2484 3078 2858 3135 misericordia
2901 3090 3106 3151 nostra,
3138 3085 3263 3154 quia
3300 3102 3396 3142 sua
3439 3088 3792 3147 miseratione

2196 3176 2376 3223 actum
2405 3179 2509 3237 est,
2539 3179 2598 3225 ut
2629 3171 2937 3243 unigenitus
2966 3173 3135 3231 Filius
3166 3177 3235 3231 ad
3276 3192 3374 3234 nos
3418 3181 3664 3249 veniens,
3696 3199 3793 3240 suo

901 3268 1033 3341 quia
1071 3288 1089 3321 ι
1154 3249 1484 3331 sacriﬁcium
1536 3270 1647 3325 Deo
1694 3280 1799 3341 esi,
1868 3249 2165 3343 spirant:
2197 3275 2392 3317 cruore
2438 3278 2539 3320 nos
2582 3265 2898 3331 redimeret,
2943 3265 3099 3335 juxta
3148 3269 3291 3339 quod
3328 3270 3624 3343 Apostolus
3672 3276 3791 3331 ait:

2203 3374 2220 3406 ι
2256 3353 2349 3410 Sic
2396 3356 2540 3411 enim
2582 3356 2772 3415 dilexit
2808 3359 2951 3415 Deus
2998 3361 3289 3429 mundum,
3334 3372 3397 3419 ut
3440 3365 3791 3437 Unigenitum

2166 3463 2354 3504 ~suum
2380 3449 2535 3506 daret
2562 3465 2661 3520 pro
2688 3450 2843 3506 nobis
2872 3451 3053 3523 (Joan.
3090 3456 3197 3525 ιιι).
3228 3474 3245 3507 ο
3287 3455 3390 3523 Qui
3425 3456 3479 3511 in
3508 3460 3786 3529 passione,

2193 3548 2293 3612 pro
2318 3542 2474 3598 nobis
2495 3538 2770 3611 laborans,
2789 3545 2969 3601 aiebat
2993 3564 3007 3600 :
3036 3565 3055 3598 ι
3078 3547 3219 3603 Deus
3244 3560 3420 3615 meus,
3444 3550 3587 3608 Deus
3611 3568 3791 3621 meus,

2168 3676 2174 3691 .
2195 3642 2256 3688 ut
2274 3634 2403 3705 quid
2427 3649 2515 3690 me
2536 3635 2913 3707 dereliquistil
2932 3637 3106 3710 (Ρωι.
3137 3644 3274 3714 xxi.)
3305 3662 3325 3696 ι
3360 3642 3513 3700 Unde
3540 3644 3692 3717 Soph
3713 3647 3789 3703 ef-

2196 3732 2428 3788 fundens
2465 3734 2683 3801 αἰσίων,
2712 3736 2840 3806 quia
2872 3737 2941 3793 ad
2974 3752 3073 3793 nos
3098 3738 3251 3796 sinus
3279 3755 3390 3798 sum
3418 3742 3640 3812 pietatis
3664 3758 3789 3800 eum

2197 3825 2262 3881 de
2310 3825 2625 3882 coelestibus
2678 3825 2898 3896 eﬁudit,
2945 3838 3005 3884 ut
3053 3832 3405 3905 semetipsum
3445 3836 3786 3904 exinaniret,

2197 3926 2358 3988 atque
2398 3920 2797 3988 quodammodo
2833 3919 3152 3994 eii‘underet,
3184 3932 3241 3979 et
3276 3940 3446 3997 genus
3488 3926 3788 3984 humanum

511 4022 529 4056 ι
567 4004 723 4061 Anna
765 4014 821 4060 et
858 4008 1072 4085 peperit
1115 4008 1322 4085 ﬁlium,
1360 4012 1683 4085 vocavitque
1732 4030 1929 4073 nomen
1977 4000 2096 4087 ejus
2196 4010 2469 4067 liberaret.
2504 4000 2657 4068 Unde
2684 4028 2784 4084 per
2802 4012 3151 4071 Saloinonem
3184 4017 3236 4071 in
3263 4016 3508 4075 Canticis
3542 4021 3787 4077 cantico-

509 4116 527 4148 ‹
567 4094 808 4161 Samuel,
832 4113 899 4153 eo
924 4100 1067 4169 quod
1090 4116 1120 4155 a
1144 4102 1371 4159 Domino
1391 4104 1718 4174 postulasset
1738 4123 1882 4179 eum.
1916 4130 1935 4163 ι
1966 4109 2097 4177 Post
2198 4122 2316 4162 rum
2341 4106 2542 4162 dicitur
2572 4121 2588 4162 :
2623 4127 2641 4159 ι
2678 4107 3019 4179 Unguentum
3049 4111 3276 4165 eifusum
3301 4120 3386 4167 est
3416 4128 3611 4169 nomen
3640 4122 3786 4169 tuum

502 4189 765 4247 circulum
798 4206 928 4263 ergo
963 4193 1197 4263 dierum,
1229 4195 1282 4275 id
1305 4206 1390 4252 est
1414 4208 1536 4275 post
1566 4200 1694 4255 anni
1722 4202 1974 4271 reditum,
2004 4220 2096 4275 pe—
2199 4197 2375 4271 (Cant.
2401 4198 2463 4272 ι).
2496 4220 2514 4253 ι
2548 4198 2754 4255 Nomen
2783 4215 2913 4272 ergo
2942 4201 3037 4256 Dei
3062 4211 3395 4273 ιιηειιθηιυιη
3424 4204 3658 4260 eihi-iul"
3683 4216 3786 4272 es"

502 4287 645 4358 perit
666 4288 818 4343 Anna
851 4306 1100 4362 puerum,
1129 4270 1454 4367 vocavitque
1481 4311 1679 4365 nomen
1707 4298 1825 4370 ejus
1853 4270 2092 4367 Sanine].
2196 4270 2511 4365 quando-ab
2545 4270 2911 4350 immensitate
2937 4270 3240 4352 divinitatis
3269 4312 3401 4364 suae,
3433 4298 3499 4353 ad
3537 4309 3787 4357 naturam

511 4378 729 4457 Samuel
757 4383 847 4457 qui
884 4384 1273 4458 interpretatur
1295 4389 1584 4459 postulatio
1617 4391 1735 4459 Dei,
1766 4394 1880 4450 sive
1909 4412 2096 4452 nomen
2198 4396 2438 4444 nostra!!!
2473 4404 2531 4444 88
2573 4388 2815 4444 θκῑϐνῖυεῑ
2842 4388 3051 4456 enim".
3088 4399 3142 4444 θῑ
3175 4392 3244 4446 ab
3282 4407 3349 4448 ϐο
3379 4394 3523 4464 quod
3552 4405 3677 4451 erat
3706 4397 3785 4452 in°

504 4473 619 4544 ejus
664 4475 823 4541 Deus,
857 4479 982 4549 quia
1031 4489 1223 4537 auctor
1259 4483 1560 4538 nativitatis
1602 4483 1719 4555 ejus
1757 4485 1899 4543 Deus
1942 4498 2093 4557 erat,
2197 4479 2449 4546 visibilis,
2480 4480 2746 4536 visibilem
2794 4497 2853 4537 se
2900 4483 3153 4538 Paddidit.
3191 4483 3249 4539 Si
3294 4486 3440 4541 enim
3477 4503 3539 4543 sc
3569 4504 3679 4543 non
3708 4488 3784 4545 ef-

503 4566 596 4637 qui
628 4566 697 4622 ab
727 4569 896 4625 sterili
934 4582 1192 4629 exoratus
1236 4575 1511 4635 concessit
1540 4575 1741 4632 habere
1771 4576 1965 4647 ﬁlium,
2001 4581 2092 4653 qui
2121 4628 2172 4653 ἢ
2196 4571 2472 4638 inlidere-li
2504 4589 2844 4645 nequaquam
2880 4575 3036 4631 “Obis
3058 4593 3120 4633 8°
3142 4577 3528 4635 ίηηοιθεοθτειο
3572 4581 3650 4636 θα
3686 4599 3783 4653 qua

506 4658 701 4731 dignus
746 4656 1039 4720 haberetur
1083 4665 1135 4729 in
1166 4667 1364 4739 templo
1394 4666 1488 4723 Dei
1531 4670 1742 4726 cunctis
1776 4671 1965 4727 diebus
2001 4688 2092 4728 as-
2118 4656 2173 4733 ν
2198 4664 2462 4721 θίῐιιείοηθ
2489 4665 2689 4722 Paulus
2713 4667 2791 4722 θίι
2822 4686 2888 4722 ετ
2920 4667 3021 4735 Qui
3049 4686 3172 4725 0""!
3205 4670 3258 4725 in
3292 4670 3464 4727 r0mm
3495 4673 3591 4729 Βθί
3622 4688 3783 4739 esset.

504 4748 701 4831 sistere
737 4752 805 4808 ad
846 4755 1125 4810 servitium
1166 4757 1304 4828 ejus.
1331 4756 1433 4825 Qui
1474 4761 1723 4832 superius
1772 4777 1877 4819 non
1917 4763 2091 4821 solum

2198 4771 2304 4812 non
2340 4756 2583 4826 rapinam
2629 4756 2926 4815 arbitratus
2965 4770 3048 4814 est
3082 4775 3203 4817 esse
3250 4777 3310 4818 se
3347 4764 3621 4834 :cqualenr
3660 4766 3783 4831 Deo,

503 4841 610 4907 vir,
639 4844 736 4898 sed
778 4844 861 4898 vir
897 4861 1037 4902 unus
1079 4848 1397 4918 appellatur,
1437 4851 1564 4922 quia
1608 4852 1852 4911 videlicet
1891 4871 1996 4912 non
2038 4858 2091 4913 in

2197 4849 2290 4903 sed
2322 4849 2669 4920 semetipsum
2698 4851 2997 4906 exinanivit
3038 4850 3260 4924 (Philip.
3292 4856 3380 4927 ιι),
3417 4875 3436 4908 ι
3478 4866 3534 4912 et
3561 4858 3781 4930 reliqua.

505 4939 721 4995 diversa
772 4940 1142 5013 vagabundus,
1179 4944 1265 5000 vel
1310 4946 1526 5004 mobilis
1577 4957 1740 5020 atque
1788 4951 2090 5019 instabilis,

506 5031 601 5085 sed
648 5030 837 5088 firmus
879 5041 1043 5104 atque
1091 5035 1447 5095 inconcussus
1495 5040 1793 5109 persistens
1835 5042 1919 5096 vir
1954 5058 2097 5099 unus

504 5130 643 5177 erat.
681 5124 747 5178 Et
786 5134 892 5180 non
926 5126 1102 5182 solum
1134 5129 1217 5183 vir
1245 5146 1385 5186 unus
1420 5130 1620 5187 dicitur
1648 5134 1761 5199 ille,
1784 5135 1875 5204 qui
1905 5133 2095 5190 firmus

506 5226 841 5287 perseverat,
875 5220 968 5276 sed
1011 5237 1201 5279 omnes
1236 5232 1606 5295 competentes
1632 5242 1773 5282 unus
1816 5226 2091 5295 dicuntur,

414 5310 419 5317 ’
508 5324 670 5364 unam
710 5313 1032 5383 sapientiam
1074 5314 1277 5372 omnes
1310 5317 1593 5383 habentes,
1624 5319 1715 5388 qui
1741 5335 1906 5374 unum
1938 5320 2095 5377 Chri-

507 5412 651 5461 stum
687 5404 872 5463 Iesum
904 5409 1257 5476 conﬁtentur,
1286 5411 1339 5465 in
1380 5426 1489 5468 uno
1523 5410 1724 5483 Spiritu
1747 5412 1844 5469 Dei
1883 5414 2118 5486 replen-'

510 5503 617 5550 tur.
665 5494 1050 5571 Unusquisque
1097 5500 1465 5572 insipientium
1516 5518 1622 5559 non
1666 5512 1748 5561 est
1790 5520 1960 5573 unus,
1998 5507 2093 5563 sed

509 5586 683 5642 multi.
719 5588 869 5646 Unde
896 5590 1178 5662 Scriptura
1209 5609 1222 5646 :
1261 5610 1281 5643 ι
1316 5592 1526 5650 Stultus
1574 5604 1632 5651 ut
1681 5594 1807 5651 luna
1855 5604 2098 5652 mutatur

509 5676 680 5750 (Eccl.
708 5681 903 5754 xxvn).
940 5703 957 5735 ι
989 5682 1142 5739 Luna
1172 5700 1296 5741 cum
1320 5685 1534 5742 videtur
1558 5686 1665 5743 uiia
1695 5703 1817 5743 esse
1848 5703 1945 5758 per
1967 5688 2094 5743 sub-

507 5773 789 5841 stantiam,
819 5789 918 5846 per
950 5778 1307 5836 mutationem
1346 5779 1555 5836 dierum
1596 5797 1813 5853 semper
1842 5782 1958 5852 ipsa
1988 5782 2094 5838 alia

506 5874 593 5925 est
630 5875 688 5924 et
727 5868 958 5927 diversa.
991 5869 1082 5929 Sic
1131 5882 1189 5929 et
1229 5883 1565 5945 peccatores,
1605 5876 1699 5943 qui
1741 5883 2022 5933 mutantur
2061 5892 2093 5934 a

2197 4942 2349 5009 Quod
2382 4940 2582 4997 Paulus
2618 4942 2694 4996 ait
2740 4943 3047 5011 exinanivit,
3082 4946 3185 5001 hoc
3218 4946 3475 5004 Salomon
3524 4950 3681 5013 dixit,
3714 4953 3781 5021 rf-

2197 5035 2353 5104 fttdit.
2393 5035 2496 5103 Qui
2540 5034 2664 5104 iure
2711 5036 3029 5106 Ephratteus
3068 5039 3288 5107 dicitur,
3322 5040 3646 5111 Epitratrens
3677 5046 3781 5115 {ru-

2203 5128 2337 5199 gifer
2361 5127 2768 5198 interpretatur.
2799 5127 2952 5196 Quod
2993 5131 3130 5185 bene
3169 5131 3344 5187 eidem
3376 5134 3657 5205 unigenito
3696 5138 3779 5191 Dei

2202 5221 2339 5276 Filio
2385 5222 2637 5278 convenit
2670 5240 2682 5276 :
2713 5222 2827 5291 ipse
2871 5224 3016 5278 enim
3043 5225 3297 5281 omnibus
3344 5227 3500 5284 donis
3550 5228 3781 5319 Spiritus

2203 5317 2373 5373 sancti
2418 5324 2472 5371 et
2509 5316 2798 5373 virtutibus
2846 5317 3128 5375 abundans
3172 5318 3421 5376 habetur.
3455 5316 3599 5379 Hinc
3620 5324 3781 5379 Isaias

2203 5412 2278 5467 ait
2305 5430 2318 5465 :
2351 5431 2369 5464 ‹
2400 5410 2686 5481 chuievit
2710 5424 2872 5480 super
2895 5426 3018 5466 eum
3048 5412 3271 5481 spiritus
3298 5412 3534 5481 Domini,
3565 5415 3779 5487 spiritus

2201 5504 2478 5576 sapientiae
2509 5513 2560 5560 et
2593 5503 2918 5573 intellectus,
2951 5505 3175 5576 spiritus
3213 5507 3424 5564 consilii
3466 5516 3521 5564 et
3566 5509 3779 5566 fortitu-

2199 5596 2340 5651 dinis
2369 5594 2507 5667 (Ira.
2537 5596 2623 5669 ιι),
2662 5615 2680 5648 ι
2722 5604 2778 5651 et
2812 5595 3040 5668 reliqua.
3083 5594 3345 5667 Sequitur
3374 5616 3445 5667 ιι
3481 5598 3779 5671 Habuitque

2198 5702 2396 5743 uxores
2440 5689 2596 5755 duas,
2645 5704 2837 5745 nomen
2883 5690 2977 5744 uni
3026 5689 3341 5757 Phenenna,
3366 5700 3419 5747 et
3456 5709 3653 5749 nomen
3699 5710 3778 5749 se-

2199 5781 2389 5837 cundae
2414 5782 2590 5837 Anna.
2624 5782 2969 5854 Fueruntquc
2989 5782 3295 5839 Phenen'naa
3326 5783 3441 5840 filii.
3476 5787 3647 5841 Anna:
3693 5802 3775 5840 au.

2164 5893 2182 5917 τ
2200 5882 2310 5931 tem
2338 5888 2446 5931 non
2474 5883 2634 5931 erant
2661 5873 2842 5937 liberi.
2872 5893 2891 5928 ι
2916 5882 2973 5931 et
3000 5875 3228 5936 relicua.
3260 5875 3381 5933 Ista:
3409 5877 3528 5933 dua:
3558 5892 3774 5937 uxores.
