3970 6332
100 418 247 476 283

1075 417 1332 479 ENARR.
1374 418 1441 473 IN
1480 416 1728 473 LIBROS
1770 414 2033 475 REGUM.
2076 450 2139 460 —-
2176 419 2242 475 ΙΝ
2282 418 2410 475 LIB.
2452 420 2492 476 l.

3316 424 3425 480 254

104 536 295 591 Anna
322 536 597 605 videlicet,
624 551 742 607 quae
780 515 1164 608 interpretatur
1192 538 1386 608 gratia,
1411 544 1465 591 et
1491 534 1736 591 Pbeneu-
1762 538 1813 595 Α
1843 542 1985 591 tatur
2024 538 2372 593 discalceatus
2400 540 2517 594 sine
2545 538 2756 594 insania
2786 540 3136 595 conversionis
3163 553 3182 593 .‘
3210 549 3265 596 et
3293 541 3422 598 Phi-

106 644 191 682 na
206 670 227 694 ,
254 644 383 701 quae
405 628 908 695 dicitur-conversio,
932 629 1161 700 geminae
1181 629 1373 700 plebis,
1406 628 1508 687 hoc
1530 635 1611 683 est
1634 627 1737 687 Ec-

108 719 321 776 clesia:
357 720 599 792 gentium
646 729 703 775 et
744 718 1061 792 Synagogee,
1093 720 1498 790 praetenderunt
1538 718 1735 790 imagi-

110 830 287 869 nem.
324 813 619 870 Phenenna
650 829 885 891 namque
928 813 1229 887 Syuagogm
1272 822 1456 887 typum
1487 813 1737 884 praeliba-

112 907 230 963 l:at
262 924 391 978 qum
420 907 651 963 fecunda
695 908 930 980 primum
962 907 1014 963 in
1043 906 1170 963 ﬁliis
1200 909 1429 975 exstitit,
1463 924 1598 979 quos
1628 907 1767 981 Deo.

112 1011 233 1065 per
268 996 721 1069 praedicationem
775 997 909 1071 legis
962 1013 1226 1071 generare
1276 1000 1581 1057 videbatur.
1630 997 1737 1054 Sed

112 1090 261 1159 quia
303 1106 571 1147 conversa
618 1101 754 1147 esta
796 1091 902 1147 ﬁde
946 1093 1381 1163 patriarcharum
1420 1103 1474 1150 et
1505 1094 1737 1169 prophe-

111 1189 321 1241 tarum
372 1185 440 1239 ad
490 1183 884 1251 infidelitatem,
917 1184 1207 1242 infecunda
1246 1196 1546 1258 permanet.
1578 1186 1735 1245 Anna

110 1289 266 1331 vero
316 1276 555 1345 sterilis,
602 1294 722 1349 quae
764 1278 1152 1350 interpretatur
1195 1282 1393 1352 gratia,
1434 1281 1734 1337 Ecclesiam

106 1365 489 1435 signiﬁcabat
536 1368 796 1445 gentium,
831 1385 950 1442 qua:
993 1372 1165 1443 gratia
1214 1374 1389 1429 sancti
1436 1373 1736 1430 Salvatoris

105 1461 489 1531 cognoscitur
539 1478 660 1518 esse
710 1463 1009 1535 redempta.
1052 1463 1211 1520 Juxta
1254 1467 1398 1538 quod
1446 1466 1735 1539 Apostolus

104 1551 195 1606 ait
231 1570 249 1604 :
291 1570 312 1604 ι
344 1551 533 1608 Gratia
561 1553 705 1609 enim
732 1552 829 1609 Dei
865 1555 999 1610 salvi
1029 1554 1157 1611 facti
1183 1557 1314 1613 estis
1336 1573 1436 1631 per
1470 1557 1649 1620 ﬁdem,
1680 1567 1735 1613 et

106 1658 229 1698 non
284 1659 361 1700 ex
404 1644 580 1713 vobis,
615 1646 813 1705 donum
848 1646 945 1702 Dei
990 1656 1074 1703 est
1122 1645 1336 1720 (Ephes.
1370 1649 1453 1719 ιι).
1493 1669 1511 1703 ι
1543 1649 1609 1705 Ει
1635 1650 1733 1705 ἱιε-

1843 644 1970 685 nees
2000 646 2233 702 quoque,
2264 632 2353 702 qui
2387 631 2586 688 dicitur
2615 649 2671 688 os
2699 643 2925 700 mutum,
2953 634 3160 691 scribas
3205 634 3421 690 etPha-

1840 720 2029 777 riszeos
2057 721 2362 794 signiﬁcant
2391 722 2719 781 Iudaeorum.
2752 723 2856 792 Qui
2894 725 3032 780 bene
3073 724 3167 781 ﬁlii
3196 724 3313 782 Heli
3344 727 3422 781 di:

1839 818 2057 879 cuntur,
2105 815 2197 885 qui
2247 823 2434 887 typum
2496 816 2714 871 tenebat
2773 818 3060 873 sacerdotii
3115 817 3423 876 Judaeorum

1824 915 2059 977 .propter
2104 907 2369 963 sacriﬁcia
2398 906 2638 964 carnalia
2684 908 2817 981 legis
2857 917 2912 965 et
2957 910 3245 965 sacerdotii
3282 911 3425 982 ipso-

1839 1013 1981 1052 rum.
2006 997 2111 1069 lpsi
2140 999 2286 1054 enim
2324 999 2516 1056 scriba:
2542 1010 2595 1056 et
2623 1000 2884 1056 Pharisaei
2909 1000 3037 1056 dum
3064 1017 3241 1070 suam,
3267 1002 3424 1073 juxta

1836 1088 2151 1159 Apostolum
2184 1088 2362 1163 (Rom.
2408 1091 2488 1165 χ),
2530 1091 2818 1148 voluerunt
2858 1100 3093 1150 statuere
3129 1092 3422 1166 justitiam,

1837 1190 1891 1239 et
1929 1180 2154 1251 iustitiae
2198 1184 2292 1239 Dei
2344 1193 2774 1251 contemnentes,
2804 1185 3093 1241 noluerunt
3135 1201 3255 1242 esse
3297 1186 3424 1243 sub-

1829 1271 1980 1343 jecti,
2005 1290 2107 1330 nec
2133 1276 2307 1345 ipsum
2331 1276 2572 1347 recipere
2594 1291 2755 1347 quem
2785 1277 2871 1332 lex
2898 1288 2952 1335 et
2980 1280 3257 1351 prophetae
3279 1296 3423 1353 pra:-

1836 1364 2091 1421 dixerunt
2111 1380 2231 1422 esse
2250 1376 2562 1435 venturum,
2587 1364 2975 1440 degenerantes
2996 1385 3025 1424 a
3055 1369 3162 1426 ﬁde
3198 1372 3427 1441 patriar-

1836 1458 2062 1513 charum
2110 1467 2165 1514 et
2204 1458 2620 1533 prophetarum,
2671 1463 2738 1518 ad
2784 1462 3050 1519 insaniam
3088 1463 3426 1521 inﬁdelitatis

1834 1551 2106 1617 conversi,
2138 1566 2200 1606 os
2240 1559 2449 1607 mutum
2493 1561 2811 1608 meruerunt
2856 1554 3079 1619 habere,
3110 1570 3141 1610 a
3164 1570 3294 1610 vero
3331 1570 3421 1610 sa—

1833 1641 2076 1697 cerdotio
2116 1639 2318 1697 Christi
2357 1649 2414 1698 et
2454 1642 2795 1700 confessione
2840 1644 2953 1698 veri
2999 1645 3319 1712 sacerdotis,
3357 1646 3425 1702 de

106 1751 247 1789 rum
281 1754 295 1789 :
339 1756 358 1788 ι
394 1735 610 1794 vocabo
651 1753 759 1794 non
797 1738 1009 1813 plebem
1048 1755 1245 1809 meam,
1276 1741 1484 1812 plebem
1531 1757 1729 1812 meam,
1833 1748 1942 1803 quo
1969 1732 2227 1803 scriptum
2259 1741 2378 1789 est:
2414 1753 2434 1785 ‹
2464 1731 2673 1789 Iuravit
2714 1735 2980 1791 Dominus
3012 1744 3069 1791 et
3099 1751 3206 1790 non
3244 1736 3422 1808 paeni-

102 1835 164 1881 et
230 1843 350 1882 non
407 1827 843 1886 misericordiam
905 1840 1253 1889 consecutam
1298 1833 1730 1889 misericordiam
1838 1824 1970 1881 ιθδὶῑ
2012 1840 2159 1891 eum,
2192 1836 2249 1880 ῑιι
2311 1842 2370 1882 es
2415 1827 2669 1883 sacerdos
2716 1827 2771 1883 in
2818 1840 3081 1884 mlemum
3129 1830 3420 1885 secundum

104 1926 491 1973 consecutam
522 1917 703 1989 (Rom.
733 1918 835 1993 ιχ),
874 1940 892 1974 ι
934 1929 1040 1977 etc.
1074 1920 1205 1990 Qua:
1251 1923 1452 1978 sterilis
1507 1923 1727 1991 dicitur,
1758 1903 1805 1964 Β
1832 1916 2078 1972 ordinem
2101 1915 2804 1992 Melchisedeh‘(Psal.c1x).
2829 1939 2849 1973 ι
2881 1919 2949 1977 Ει
2977 1920 3102 1991 quia
3126 1918 3423 1976 Eeclesiam

97 2008 277 2078 juxta
308 2009 461 2081 quod
486 2010 746 2079 scriptum
774 2019 891 2067 est:
920 2030 937 2063 t
961 2011 1190 2081 Laetare,
1224 2014 1446 2081 sterilis,
1474 2032 1594 2087 qum
1623 2032 1733 2073 non

106 2100 319 2168 paris;
361 2116 588 2172 erumpe
631 2111 685 2156 et
735 2102 932 2171 clama,
961 2121 1081 2175 qua:
1123 2120 1231 2160 non
1282 2106 1558 2177 parturis,
1606 2110 1733 2181 quia

102 2192 281 2249 multi
326 2194 426 2249 ﬁlii
473 2196 722 2267 desertae,
752 2198 924 2269 magis
955 2215 1114 2270 quam
1153 2197 1271 2267 ejus
1307 2215 1428 2271 quae
1459 2200 1622 2258 habet
1654 2204 1733 2259 vi-

106 2302 243 2340 rum
274 2285 421 2357 (lca.
453 2286 589 2362 Liv).
627 2307 645 2341 ι
677 2287 753 2344 De
783 2305 888 2361 qua
918 2291 1082 2345 etiam
1113 2280 1402 2349 Psalmista
1434 2293 1510 2347 ait
1537 2312 1549 2348 :
1581 2312 1599 2345 ι
1631 2295 1731 2363 Qui

104 2377 387 2435 habitare
436 2378 569 2434 facit
613 2380 853 2439 sterilem
904 2381 957 2435 in
1009 2382 1187 2447 domo,
1222 2390 1450 2439 matrem
1496 2383 1732 2441 ﬁliorum

106 2468 407 2525 laetantem
442 2469 615 2541 (Psal.
652 2470 805 2545 cxu).
839 2494 857 2525 ι
894 2472 1023 2543 Qua:
1063 2474 1190 2528 olim
1235 2475 1438 2531 sterilis
1469 2492 1499 2531 a
1539 2475 1730 2535 fecun-

103 2562 302 2617 ditate
344 2562 516 2634 prolis
564 2564 885 2634 spiritualis,
914 2581 1060 2621 nunc
1088 2560 1209 2622 Deo‘
1247 2567 1556 2639 spirituales
1592 2570 1731 2627 ﬁlios

102 2668 216 2722 per
266 2651 477 2709 fontem
522 2650 886 2727 baptismatis,
929 2663 983 2711 et
1018 2658 1248 2729 gratiam
1295 2658 1530 2730 Spiritus
1557 2661 1731 2716 sancti

103 2746 357 2818 gignere
388 2762 495 2801 non
524 2746 754 2803 desistit.
780 2746 858 2803 De
887 2764 991 2820 qua
1031 2748 1084 2804 in
1111 2748 1351 2807 Canticis
1393 2753 1731 2808 canticorum

108 2836 384 2907 Apostoli
438 2835 671 2893 dicunt:
713 2857 733 2890 ι
769 2838 939 2895 Soror
989 2850 1177 2896 nostra
1226 2841 1450 2911 parvula
1505 2849 1622 2911 est,
1678 2850 1734 2898 et

106 2928 297 2984 ubera
345 2944 455 2983 non
494 2928 659 2986 habet
691 2929 869 3003 (Cant.
917 2930 1059 3003 νιιι).
1100 2951 1118 2981 ι
1159 2930 1297 2998 Quid
1334 2930 1598 2991 faciemus
1637 2949 1727 2988 so-

107 3020 228 3075 rori
264 3029 494 3086 nostrae,
524 3021 579 3076 in
612 3021 698 3077 die
725 3012 941 3093 quando
968 3022 1290 3094 alloquenda
1321 3031 1406 3079 est
1431 3040 1446 3080 :
1472 3022 1725 3091 Parvula,

105 3113 406 3183 inquiunt,
438 3120 519 3168 est
556 3113 681 3184 quia
708 3115 1027 3186 mysterium
1057 3116 1460 3188 praedicationis
1490 3115 1727 3171 nondum

106 3204 326 3261 sufﬁcit
360 3204 565 3271 subire,
598 3213 659 3259 ut
687 3204 826 3261 ﬁlios
854 3222 1120 3278 generatis
1160 3208 1230 3263 ab
1275 3207 1483 3263 intimis
1521 3216 1726 3279 myste-

1837 2005 1963 2069 sibi,
1992 2007 2209 2081 proprie
2244 2023 2363 2079 quae
2394 2008 2611 2064 Christo
2640 2009 2955 2077 debebatur,
2986 2010 3078 2082 qui
3109 2017 3229 2066 erat
3262 2024 3426 2066 verus

1836 2113 2085 2168 sponsus,
2117 2107 2372 2170 tanquam
2396 2101 2668 2172 propriam
2712 2102 2990 2159 vindicare
3022 2103 3331 2170 voluerunt,
3369 2110 3427 2159 et

1837 2189 2122 2246 noluerunt
2157 2193 2418 2248 suscitare
2447 2208 2631 2248 semen
2680 2192 2803 2249 ﬁdei
2841 2193 2894 2249 in
2935 2194 3155 2251 nomine
3187 2192 3427 2252 defuncti

1836 2283 2040 2351 fratris,
2074 2284 2128 2341 id
2155 2295 2239 2342 est
2281 2285 2505 2353 Christi,
2530 2285 2688 2356 juxta
2726 2287 2871 2359 quod
2915 2289 2969 2343 in
3012 2275 3132 2357 lege
3164 2287 3424 2359 scriptum

1834 2384 1974 2441 erat,
2000 2392 2104 2431 non
2136 2386 2454 2432 meruerunt
2482 2391 2603 2434 esse
2629 2377 2687 2432 in
2716 2385 2865 2434 sorte
2891 2392 3100 2433 eorum.
3130 2378 3207 2433 De
3231 2378 3429 2449 quibus

1834 2467 1911 2521 ait
1940 2464 2229 2538 Apostolus
2259 2486 2272 2521 :
2305 2486 2325 2520 ι
2356 2468 2425 2523 Ει
2464 2467 2691 2525 calceati
2733 2469 2899 2539 pedes
2938 2470 2994 2524 in
3030 2470 3426 2540 praeparatione

1835 2561 2111 2633 Evangelii
2134 2564 2285 2630 pacis
2304 2559 2522 2633 (Ephes.
2538 2560 2635 2635 vi).
2652 2581 2671 2615 ι
2690 2560 2757 2615 Ει
2777 2560 2845 2617 de
2867 2560 3062 2632 quibus
3082 2576 3185 2631 per
3202 2559 3429 2632 prophe—

1836 2666 1945 2710 tam
1968 2654 2198 2711 dicitur:
2228 2672 2245 2706 ι
2268 2656 2439 2722 Quam
2463 2654 2690 2725 speciosi
2708 2655 2873 2726 pedes
2896 2669 3085 2711 eorum
3107 2654 3197 2725 qui
3221 2669 3428 2709 annun-

1836 2746 1974 2800 tiant
2008 2745 2146 2799 bona
2176 2744 2349 2818 (Rom.
2382 2745 2462 2816 χ).
2495 2764 2514 2796 ι
2560 2745 2627 2799 Ει
2660 2746 2783 2801 ideo
2814 2746 2943 2800 nudi
2973 2753 3027 2801 et
3055 2745 3362 2801 discalceati
3392 2760 3424 2801 a

1834 2840 1960 2893 vera
1997 2835 2103 2892 ﬁde
2134 2844 2190 2891 et
2228 2836 2487 2909 dignitate
2515 2836 2804 2892 sacerdotii
2846 2845 3242 2892 remanserunt.
3269 2835 3427 2904 Quod

1833 2927 2255 2999 pertimescebat
2302 2942 2464 3000 agere
2502 2925 2740 2984 Joannes
2794 2927 3012 2999 quando
3057 2927 3273 2984 dicebat
3311 2926 3422 2994 eis,

1838 3037 1857 3070 ι
1882 3016 1999 3075 Non
2017 3034 2135 3073 sum
2151 3033 2249 3092 ego
2262 3017 2541 3075 Christus:
2558 3019 2706 3075 venit
2718 3018 2863 3074 enim
2878 3018 3070 3075 fortior
3082 3034 3168 3074 me
3180 3026 3303 3090 post
3314 3032 3422 3085 me,

1832 3112 1986 3182 cujus
2015 3126 2121 3168 non
2149 3128 2268 3168 sum
2312 3112 2507 3184 dignus
2549 3121 2609 3168 ut
2647 3112 2853 3169 solvam
2881 3113 3171 3186 corrigiam
3202 3114 3413 3171 calcea-

1832 3206 2002 3261 menti
2023 3206 2140 3278 ejus
2163 3204 2344 3273 (Joan.
2377 3205 2439 3277 ι).
2480 3226 2498 3258 ι
2527 3206 2607 3261 Ac
2631 3206 2677 3262 si
2706 3202 2947 3262 diceret:
2973 3206 3086 3278 Ego
3108 3206 3421 3278 redempto-

106 3300 239 3368 riis,
279 3299 372 3355 vel
422 3307 482 3353 ut
530 3314 595 3355 ex
646 3277 902 3356 uberibus
954 3301 1163 3356 nutrire
1206 3301 1398 3371 possit.
1427 3277 1729 3375 Quidiergo
1756 3277 1802 3342 Ο
1834 3296 1910 3353 ris
1938 3298 2161 3370 vestigia
2195 3298 2467 3355 denudare
2500 3313 2606 3354 non
2646 3298 2831 3365 valeo,
2858 3299 2986 3370 quia
3012 3315 3209 3356 nomen
3235 3300 3421 3372 sponsi

106 3391 211 3447 tibi
265 3390 508 3455 videtur,
547 3406 578 3445 ο
616 3390 920 3466 Synagoga,
955 3391 1021 3449 de
1056 3407 1245 3448 sorore
1289 3398 1474 3449 nostra
1518 3393 1725 3448 facien-

104 3482 277 3545 dum,
320 3482 541 3551 quando
561 3481 879 3553 alloquenda
910 3490 1008 3547 est,
1044 3483 1096 3537 id
1123 3492 1206 3539 est
1230 3500 1328 3555 per
1357 3484 1502 3540 verbi
1527 3493 1727 3557 myste-

107 3568 268 3629 rium
295 3572 542 3629 ducenda
581 3574 649 3629 ad
691 3572 874 3641 ﬁdem,
902 3583 963 3629 ut
987 3590 1105 3645 quae.
1135 3575 1294 3630 modo
1337 3575 1538 3631 sterilis
1572 3575 1720 3631 vide-

108 3678 205 3723 tur
237 3666 419 3738 possit
450 3665 674 3723 fecunda
702 3664 1056 3739 spiritualiter
1084 3667 1223 3724 ﬁlios
1255 3668 1550 3741 generare?
1580 3668 1724 3741 Syn-

106 3775 295 3832 agoga
351 3768 586 3826 tacente,
619 3760 733 3833 ipse
779 3776 1011 3832 sponsus
1038 3762 1151 3816 sive
1176 3761 1416 3833 Apostoli
1445 3762 1576 3834 quid
1602 3761 1719 3817 ﬁeri

106 3848 345 3918 debeat,
372 3852 735 3922 respondent:
763 3851 821 3908 Si
848 3868 1038 3908 murus
1066 3862 1169 3921 est,
1198 3853 1528 3909 aadiﬁcemus
1550 3868 1719 3925 super

106 3961 245 4001 eum
290 3945 697 4016 propugnacula
732 3954 1012 4018 argentea,
1052 3945 1105 3999 id
1136 3954 1221 4001 est
1259 3944 1542 4001 scientiam
1583 3944 1723 4025 divi-

107 4052 323 4094 narum
355 4036 786 4108 Scripturarum,
822 4045 880 4092 ut
906 4036 1078 4107 possit
1104 4052 1208 4092 non
1234 4037 1407 4092 solum
1438 4043 1726 4107 protegere

109 4132 397 4197 inﬁrmos,
435 4129 528 4185 sed
559 4129 724 4185 etiam
753 4131 948 4185 docere
980 4129 1244 4194 indoctos,
1280 4145 1349 4185 ne
1373 4142 1590 4199 semper
1618 4136 1724 4183 ste-

111 4222 241 4279 rilis
300 4230 642 4293 permaneat.
691 4220 796 4278 Ista
847 4223 991 4277 enim
1044 4237 1353 4292 quanquam
1406 4230 1534 4277 tunc
1587 4235 1727 4277 uxor

109 4322 268 4371 esset
315 4314 371 4369 in
420 4313 897 4384 pmdestinatione
925 4313 1120 4368 divinae
1153 4313 1361 4385 gratiae,
1387 4310 1542 4382 juxta
1580 4313 1723 4383 quod

110 4420 365 4478 sponsus
408 4402 650 4475 loquitur
681 4405 747 4459 de
779 4419 841 4459 ea
875 4423 888 4458 :
935 4422 953 4456 ι
987 4402 1266 4475 Equitatui
1300 4418 1419 4461 meo
1460 4404 1512 4459 in
1550 4405 1723 4462 curri-

112 4499 222 4554 bus
246 4494 553 4551 Pharaonis
573 4494 864 4551 assimilavi
891 4503 961 4561 te,
988 4494 1159 4549 amica
1187 4510 1306 4551 mea
1332 4493 1508 4567 (Cant.
1536 4494 1600 4569 ι),
1621 4514 1639 4548 ι
1667 4496 1721 4551 id

110 4600 228 4657 est,
261 4599 318 4645 tu
364 4589 543 4645 adhuc
580 4589 635 4644 in
686 4588 938 4644 curribus
973 4587 1278 4644 Pharaonis
1315 4589 1566 4645 subintus
1606 4604 1718 4645 ser-

112 4654 334 4749 viebas,
363 4682 615 4738 subintus
640 4682 899 4737 currebas
926 4682 979 4736 in
1010 4682 1340 4754 gentilitate,
1383 4683 1474 4737 sed
1504 4698 1603 4753 ego
1631 4691 1714 4737 at-
1742 4654 1794 4716 θ

114 4777 273 4836 tendi
300 4776 432 4847 quid
461 4776 527 4831 de
545 4783 600 4831 te
628 4790 727 4844 per
754 4774 1283 4845 praedestinationem
1308 4774 1435 4830 fecit
1461 4792 1474 4830 ι
1510 4795 1528 4825 ι
1556 4774 1719 4846 Equi—

117 4868 263 4925 tatui
284 4883 409 4922 meo
433 4875 485 4922 te
507 4864 824 4932 assimilavi,
864 4884 882 4917 ι
915 4866 966 4921 id
996 4874 1081 4922 est
1106 4865 1293 4922 electis
1320 4867 1455 4923 meis
1486 4876 1540 4923 te
1570 4867 1717 4923 simi-

116 4960 229 5015 lem
256 4957 486 5013 attendi.
518 4957 720 5012 Tamen
747 4958 872 5029 quia
904 4957 1144 5014 nondum
1182 4973 1413 5027 sponsus
1441 4974 1560 5014 eam
1588 4972 1717 5030 pro-

114 5051 245 5121 prio
294 5050 560 5121 sanguine
609 5049 936 5116 redemerat,
984 5062 1084 5106 nec
1117 5050 1557 5121 desponsavcrat,
1607 5058 1717 5105 ste-

118 5143 243 5200 ritis
288 5142 613 5210 habebatur,
655 5142 780 5214 quia
831 5142 881 5198 ei
930 5156 1026 5211 per
1081 5140 1241 5198 ﬁdem
1283 5139 1568 5211 conjuncta
1608 5156 1714 5196 non

117 5246 270 5304 erat,
299 5236 393 5292 sed
422 5234 707 5309 SyuagOga
730 5237 779 5292 ei
803 5234 1202 5306 quodammodo
1232 5234 1370 5291 ﬁlios
1394 5249 1493 5306 per
1521 5234 1714 5306 legem,

120 5341 183 5386 ιιι
228 5330 487 5395 diximus,
518 5344 708 5401 parere
750 5330 1054 5386 videbatur.
1108 5329 1235 5387 Haec
1282 5330 1426 5385 enim
1478 5329 1719 5386 breviter

121 5423 431 5493 tangendo,
468 5430 527 5478 ut
563 5422 817 5488 diximus,
848 5422 942 5479 sed
988 5424 1042 5478 in
1090 5423 1544 5495 consequentibus
1595 5430 1718 5494 post

120 5516 309 5588 aliqua
340 5532 461 5587 qua:
496 5515 819 5586 interpolata
849 5516 1124 5583 videntur,
1153 5516 1205 5571 in
1243 5516 1466 5572 historia
1504 5515 1714 5586 prolata

121 5608 340 5679 plenius
419 5606 726 5663 describere
787 5608 1123 5665 conabimur.
1186 5608 1353 5663 Erant
1408 5606 1532 5662 alibi
1606 5608 1714 5663 duo

125 5698 225 5756 ﬁlii
273 5696 423 5765 Heli,
465 5699 680 5772 Hophni
730 5711 785 5757 et
832 5699 1084 5766 Phincos,
1118 5701 1427 5757 sacerdotes
1478 5700 1711 5755 Domini.

124 5790 266 5859 Quia
301 5790 531 5847 historia
559 5790 679 5847 luce
702 5792 901 5847 clarius
928 5801 1095 5864 patet,
1128 5794 1193 5848 ad
1224 5792 1517 5864 spiritalem
1558 5792 1716 5848 intel-

124 5882 330 5942 lectum
352 5884 775 5942 transducimur.
808 5883 1019 5959 Βοιώιυὶ
1052 5900 1302 5959 namque,
1319 5886 1409 5959 qui
1440 5885 1712 5961 interpre-

1830 3390 1961 3446 mihi
2011 3390 2317 3446 immeritus
2367 3406 2474 3447 non
2520 3406 2744 3463 usurpo.
2780 3391 2935 3459 Quod
2974 3392 3103 3464 quia
3143 3392 3336 3448 scriba:
3366 3399 3422 3447 ct

1826 3480 2088 3537 Pharisazi
2122 3482 2359 3538 indebite
2386 3498 2654 3553 usurpare
2684 3482 2863 3537 conati
2887 3490 3014 3538 sunt
3043 3482 3294 3538 videlicet
3328 3496 3418 3537 no—

1829 3572 1955 3629 men
1986 3574 2166 3646 sponsi
2197 3574 2300 3629 sibi
2332 3583 2386 3630 et
2415 3590 2521 3629 non
2546 3573 2765 3630 Christo
2801 3575 3076 3639 tribuere,
3109 3582 3165 3630 et
3195 3574 3419 3645 insuper

1826 3683 1857 3724 e
1879 3660 2154 3724 contrario
2179 3677 2639 3738 contempserunt,
2670 3666 2780 3722 imo
2806 3668 2860 3722 in
2889 3665 3085 3723 faciem
3114 3680 3417 3736 conspuere

1826 3776 1932 3817 non
1970 3762 2391 3817 dubitaverunt:
2418 3759 2542 3833 jure
2582 3775 2780 3815 nomen
2824 3759 3038 3816 illorum
3085 3761 3285 3815 dicitur
3321 3758 3418 3815 do-

1825 3856 1940 3908 m'us
1960 3852 2281 3919 discalceati,
2299 3852 2438 3908 sicut
2457 3852 2511 3907 in
2534 3852 2649 3924 lege
2673 3852 2932 3923 scriptum
2956 3860 3041 3907 est
3063 3850 3240 3924 (Deut.
3264 3846 3415 3920 xxv).

1824 3939 1903 4002 Ac
1930 3962 2028 4019 per
2053 3945 2154 4002 hoc
2186 3945 2312 4000 nudi
2341 3952 2722 4000 remanserunt
2752 3945 2820 3999 ab
2851 3943 3001 4000 omni
3032 3943 3328 4015 dignitate,
3358 3946 3416 3997 et

1825 4034 2137 4094 discalceati
2169 4037 2238 4092 ab
2275 4036 2541 4107 exemplis
2568 4037 3002 4108 patriarcharum
3030 4044 3086 4091 et
3121 4037 3416 4108 propheta-

1824 4146 1967 4186 rum.
1996 4129 2147 4186 Unde
2170 4128 2283 4183 Silo
2306 4129 2524 4199 quidem
2555 4128 2635 4183 eis
2665 4128 2952 4200 congruit,
2984 4129 3074 4183 ubi
3107 4128 3417 4184 sacerdotes

1824 4220 1994 4276 fuisse
2032 4220 2303 4290 leguntur.
2340 4218 2452 4275 Silo
2480 4234 2715 4289 namque
2761 4218 2997 4273 dimissio
3042 4219 3158 4290 ejus
3178 4260 3191 4285 ,
3218 4218 3299 4272 vel
3329 4235 3416 4288 pe-

1824 4313 1939 4367 titio
1970 4312 2363 4383 interpretatur
2389 4330 2401 4366 :
2426 4312 2555 4382 quia
2585 4311 2730 4366 enim
2764 4310 2867 4381 ipsi
2895 4310 3244 4381 expetierunt
3272 4309 3417 4364 Pila-

1825 4394 1956 4470 tum,
1984 4412 2045 4459 ut
2075 4390 2372 4460 dimitteret
2398 4402 2702 4459 Barabham
2723 4444 2737 4469 ,
2765 4411 2820 4458 et
2846 4401 3032 4458 Jesum
3063 4402 3300 4458 traderet
3336 4403 3417 4459 eis

1822 4490 2038 4561 (Matth.
2068 4495 2263 4567 xxvn).
2295 4492 2451 4552 Unde
2479 4495 2547 4551 ad
2585 4493 2854 4552 insaniam
2900 4493 3241 4550 crudelitatis
3279 4510 3413 4551 con-

1822 4588 1983 4655 versi,
2012 4586 2319 4644 clamahant
2347 4589 2590 4645 dicentes
2615 4607 2628 4643 :
2665 4606 2682 4640 ι
2721 4586 2776 4644 Si
2800 4588 3031 4645 dimittis
3052 4604 3196 4655 eum,
3224 4603 3331 4643 non
3355 4604 3413 4645 es

1825 4684 2033 4738 amicus
2060 4680 2292 4738 Caesaris
2322 4682 2504 4752 (Joan.
2534 4682 2669 4754 xix).
2712 4702 2731 4735 ι
2766 4682 2834 4738 Et
2854 4682 3025 4738 item:
3059 4702 3076 4734 ι
3112 4682 3410 4755 Cruciﬁge,

1824 4774 2080 4847 cruciﬁge
2101 4788 2225 4830 eum
2251 4773 2404 4847 (Luc.
2438 4773 2620 4845 χχιιι).
2660 4794 2677 4827 ι
2710 4770 2899 4829 Merito
2928 4774 3137 4830 dimissi
3173 4776 3409 4835 fuerunt,

1824 4876 1879 4921 et
1919 4867 2160 4923 derelicti
2195 4882 2225 4922 a
2253 4864 2399 4931 Deo,
2431 4867 2578 4922 exuti
2616 4867 2686 4922 ab
2725 4867 2872 4924 omni
2916 4867 3192 4932 bonitate,
3226 4864 3409 4922 traditi

1825 4965 1947 5013 sunt
1970 4957 2242 5032 gentibus,
2272 4967 2327 5013 et
2358 4958 2657 5013 amiserunt
2686 4959 3053 5015 sacerdotium
3077 4966 3133 5015 et
3153 4971 3405 5028 regnum,

1822 5056 1879 5107 et
1912 5060 2130 5121 torpore
2158 5050 2494 5107 inﬁdelitatis
2524 5052 2673 5116 nudi,
2701 5050 3001 5124 frigescunt
3030 5054 3171 5107 inter
3198 5058 3405 5122 gentes.

1826 5142 2119 5215 Sequitur:
2152 5163 2170 5194 ι
2208 5144 2367 5201 Dedit
2408 5158 2538 5217 ergo
2582 5144 2784 5201 Eleana
2833 5144 3141 5200 Phenennm
3186 5151 3240 5197 et
3286 5142 3410 5197 ﬁliis

1823 5237 1940 5311 ejus
1973 5244 2030 5291 et
2081 5234 2292 5291 ﬁliabus
2330 5242 2535 5306 partes.
2568 5233 2741 5292 Annae
2785 5242 2968 5291 autem
3013 5231 3160 5287 dedit
3200 5240 3407 5302 partem

1824 5345 1984 5385 unam
2015 5329 2216 5397 tristis,
2245 5328 2369 5399 quia
2394 5326 2604 5384 Annam
2635 5327 2916 5401 diligebat.
2950 5345 2969 5377 ι
2997 5322 3115 5379 Jam
3141 5325 3285 5378 enim
3318 5339 3409 5379 su-

1821 5422 2004 5493 perius
2051 5420 2442 5477 incnicavimus
2485 5422 2628 5491 quod
2664 5420 2954 5475 Phenenna
2988 5423 3197 5487 'typum
3237 5418 3408 5473 tenuit

1825 5512 2154 5585 Synagogze,
2199 5528 2320 5589 quae
2359 5528 2388 5567 a
2422 5510 2533 5568 Deo
2571 5511 2790 5581 quidem
2826 5515 3013 5578 partes
3038 5522 3161 5562 cum
3192 5507 3315 5564 ﬁliis
3350 5516 3406 5564 et

1819 5603 2030 5659 ﬁliabus
2056 5604 2344 5675 (quantum
2363 5604 2520 5675 juxta
2545 5606 2824 5671 anagogen
2853 5598 3112 5671 pertinet)
3139 5601 3400 5670 percepit,

1818 5696 2068 5755 videlicet
2100 5690 2412 5768 temporalia
2449 5696 2589 5753 bona
2624 5701 2785 5748 terra:
2815 5684 3210 5764 promissionis.
3239 5691 3401 5747 Juxta

1817 5793 1961 5863 quod
2008 5806 2104 5862 per
2140 5789 2485 5845 Psalmistam
2533 5786 2769 5843 dicitur:
2799 5806 2815 5837 ι
2851 5785 3008 5843 Dedit
3034 5787 3115 5842 eis
3155 5786 3403 5858 regiones

1818 5888 2059 5964 gentium
2079 5894 2136 5943 et
2154 5885 2371 5942 labores
2392 5881 2712 5957 pepulerum
2734 5881 3115 5957 possederunt,
3138 5886 3200 5935 ut
3217 5885 3402 5935 casto-
