3970 6332
625 361 726 419 255

1647 364 2000 424 ANGELOMI
2037 355 2504 421 LUXOVIENSIS
2546 361 2852 420 MONACHI

3736 384 3800 440 956

620 479 1207 549 diantjustiﬁcationes
1251 486 1388 556 ejus,
1437 496 1492 542 et
1540 487 1710 559 legem
1757 487 1872 556 ejus
1922 490 2190 559 requirant

2306 475 2427 532 Noli
2458 494 2544 533 me
2583 479 2891 551 despicere,
2925 497 2957 536 0
2986 481 3270 555 Synagoga
3290 524 3305 550 ,
3348 487 3468 556 quia
3499 490 3541 544 si
3584 492 3706 564 nigra
3729 513 3800 554 sum

622 567 796 642 (Paul.
829 573 938 644 ειν)
964 589 978 626 :
1012 594 1029 625 ι
1058 583 1114 629 et
1152 575 1273 644 quia
1300 577 1536 646 primum
1565 578 1770 633 credita
1797 587 1923 633 sunt
1949 579 2053 634 illis
2090 581 2198 637 elo-

621 662 746 731 quia
779 663 894 729 Dei,
927 672 983 718 et
1007 664 1295 737 legislatio,
1328 675 1383 721 et
1413 675 1812 734 testamentum,
1839 677 1894 724 et
1916 672 2205 741 repromis-

622 755 726 820 sio,
775 765 832 811 et
879 757 1109 827 reliqua.
1157 757 1474 829 Quanquam
1523 760 1735 831 ingrata
1783 759 1990 826 fuisset,
2035 762 2206 819 Anna

622 855 801 901 autem
829 847 974 902 dedit
1001 849 1226 918 'partem
1268 865 1432 904 unam
1485 851 1674 906 tristis.
1727 850 1862 906 Pars
1907 852 2053 907 enim
2101 853 2203 909 ista

619 951 783 1006 quam
813 938 1062 992 conditor
1089 953 1270 994 rerum
1311 939 1502 1006 Anna,
1529 940 1635 996 hoc
1660 950 1746 996 est
1785 941 2040 998 Ecclesia
2068 957 2199 1012 gen-

621 1028 753 1083 tium
784 1029 1032 1096 contulit,
1054 1030 1299 1085 naturale
1325 1030 1601 1102 ingenium
1623 1047 1914 1102 possumus
1934 1034 2199 1104 accipere,

618 1135 717 1192 per
743 1121 885 1192 quod
914 1121 1081 1178 Deum
1111 1138 1406 1195 agnoscere
1434 1133 1665 1196 poterat.
1699 1127 1776 1182 De
1801 1142 1907 1198 quo
1934 1129 2200 1198 pradica-

621 1222 710 1269 tor
735 1214 980 1286 egregius
1020 1215 1088 1270 ad
1122 1215 1394 1272 Romanos
1427 1200 1738 1274 describens
1766 1219 1843 1274 ait
1870 1237 1882 1272 :
1912 1239 1930 1271 ‹
1963 1219 2204 1275 Invisibi-

621 1307 692 1363 lia
721 1309 862 1364 enim
893 1309 1060 1378 ipsius
1096 1325 1126 1364 a
1155 1319 1408 1366 creatura
1439 1311 1645 1378 mundi,
1688 1325 1786 1382 per
1813 1326 1876 1366 ea
1914 1327 2034 1382 qua
2059 1310 2201 1367 facta

621 1412 747 1458 sunt
772 1401 1042 1457 intellecta
1069 1404 1478 1473 conspiciuntur
1499 1403 1672 1475 (Rom.
1698 1404 1758 1475 ι).
1794 1424 1814 1457 ι
1853 1403 2194 1475 Sempiterna

619 1507 834 1564 quoque
863 1492 981 1563 ejus
1017 1494 1191 1549 virtus
1234 1509 1298 1549 ac
1343 1495 1596 1550 divinitas
1623 1513 1635 1547 :
1668 1494 1812 1550 unde
1842 1495 1908 1550 de
1939 1495 2199 1565 sapienti-

617 1586 719 1642 bus
762 1586 923 1655 hujus
965 1588 1151 1642 mundi
1194 1588 1474 1659 praemisit,
1528 1590 1714 1647 dicens
1759 1607 1821 1646 ε(
1880 1591 2015 1660 Quia
2057 1593 2200 1664 quod

617 1685 804 1732 notum
827 1684 910 1732 est
936 1677 1053 1740 Dei,
1085 1678 1431 1736 manifestum
1476 1689 1560 1736 est
1581 1682 1696 1738 illis
1731 1683 1943 1756 (Ibid.).
1985 1705 2003 1738 ›
2059 1686 2199 1740 Deus

615 1768 760 1822 enim
793 1767 896 1824 illis
928 1769 1309 1836 manifestavit,
1333 1771 1427 1827 sed
1450 1771 1587 1828 bene
1610 1775 1706 1839 ait,
1730 1775 1914 1840 tristis,
1947 1775 2075 1846 quia
2097 1777 2202 1832 Do-

617 1858 797 1913 minus
827 1859 1170 1915 concluserat
1200 1860 1414 1916 vulvam
1441 1863 1578 1934 ejus.
1609 1863 1851 1935 Denique
1877 1867 2002 1938 quia
2039 1867 2202 1937 spiri—

617 1947 838 2002 tualiter
859 1947 968 2004 Deo
1003 1965 1265 2020 generare
1295 1952 1434 2009 ﬁlios
1477 1969 1583 2008 non
1628 1964 1842 2025 poterat
1866 1957 2026 2013 anxie
2055 1957 2199 2034 fere-

615 2035 730 2102 bat,
747 2038 956 2093 scilicet
976 2041 1102 2110 quia
1118 2043 1354 2097 nondum
1369 2043 1662 2100 advenerat
1682 2054 1895 2118 tempus
1912 2048 2201 2104 miserendi

615 2127 755 2199 ejus,
782 2137 840 2182 ut
866 2143 895 2183 a
925 2146 1021 2185 sua
1051 2131 1335 2188 sterilitate
1359 2137 1682 2204 aperiretur,
1712 2145 1767 2192 et
1787 2125 2200 2211 spirituali'gra-

617 2221 690 2276 tia
719 2219 1121 2278 fecundaretur.
1155 2223 1320 2296 Cujus
1341 2226 1730 2284 fecunditatem
1767 2229 1924 2302 longe
1947 2232 2200 2288 conside-

612 2327 739 2368 rans
761 2313 941 2380 Isaias,
992 2315 1299 2372 clamabat:
1338 2337 1356 2370 ι
1411 2317 1644 2386 Laetare,
1677 2321 1899 2390 sterilis,
1938 2338 2060 2394 qua
2088 2339 2198 2380 non

609 2406 758 2475 paris
786 2406 922 2478 (Isa.
948 2410 1082 2480 uv),
1114 2429 1132 2462 ι
1175 2421 1228 2465 et
1250 2411 1478 2483 reliqua.
1504 2413 1632 2470 Post
1660 2415 1801 2470 hanc
1831 2415 2196 2485 sterilitatem,

613 2500 784 2555 tristis
813 2509 933 2556 erat
973 2502 1234 2570 Ecclesia,
1283 2505 1412 2576 quia
1459 2523 1568 2562 non
1606 2508 1778 2564 solum
1819 2523 1926 2565 non
1949 2509 2199 2580 pariebat

611 2587 770 2655 ﬁlios,
794 2606 982 2646 verum
1011 2593 1173 2648 etiam
1201 2610 1232 2648 a
1262 2597 1435 2666 gratia
1463 2595 1754 2654 Dominica
1781 2599 2193 2666 incarnationis,

608 2688 663 2734 et
691 2681 758 2736 ab
783 2683 1074 2742 amissione
1093 2685 1228 2757 legis
1249 2687 1492 2742 sterilem
1523 2703 1580 2744 se
1607 2689 1846 2745 videbat.
1877 2690 1983 2746 Sed
2011 2698 2071 2744 ut
2089 2691 2194 2747 hoc

608 2777 937 2845 perpendere
962 2779 1245 2849 potuisset,
1274 2795 1373 2850 per
1421 2782 1664 2836 naturale
1707 2782 1985 2853 ingenium
2032 2782 2192 2837 intel-

609 2863 757 2919 lexit.
809 2865 946 2934 Quia
989 2869 1163 2938 ipsam
1208 2870 1470 2926 Dominus
1514 2857 1788 2944 diligebat,
1834 2873 2041 2928 scilicet
2085 2887 2195 2928 non

498 3013 508 3018 η
609 2955 784 3024 qualis
809 2965 937 3012 tunc
951 2966 1090 3024 erat,
1105 2960 1200 3014 sed
1233 2961 1406 3029 qualis
1435 2963 1489 3016 in
1515 2962 1984 3032 pradestinatione
2007 2962 2189 3018 futura

609 3055 744 3100 erat.
803 3046 908 3103 Sed
950 3051 1076 3118 quia
1103 3052 1243 3107 hanc
1285 3055 1808 3123 pradestinationem
1858 3066 1913 3112 et
1954 3057 2194 3112 futuram

610 3139 838 3208 gratiam
870 3138 1156 3214 Synagoga
1201 3144 1504 3216 ignorabat,
1547 3149 1903 3218 gentilitatem
1934 3149 2195 3218 despicie-

610 3229 727 3296 bat,
759 3240 812 3286 ct
841 3233 1062 3303 insuper
1083 3235 1250 3290 etiam
1270 3237 1395 3303 ,odio
1423 3238 1828 3310 insequebatur.
1855 3239 1989 3294 Nam
2013 3241 2192 3312 sequi-

612 3331 735 3378 tur:
779 3343 797 3376 ε
839 3323 1120 3398 Alliigebat
1144 3343 1358 3398 quoque
1385 3343 1504 3386 eam
1535 3331 1728 3387 amula
1758 3331 1895 3402 ejus,
1943 3343 1997 3387 et
2025 3333 2194 3388 vehe-

609 3423 820 3470 menter
875 3418 1128 3488 angebat,
1184 3419 1481 3484 intantum,
1533 3430 1594 3477 ut.
1645 3423 2001 3493 exprobraret
2048 3423 2193 3494 quod

609 3508 966 3564 conclusisset
993 3511 1252 3568 Dominus
1275 3512 1489 3568 vulvam
1525 3513 1661 3584 ejus.
1693 3535 1713 3568 ι
1748 3513 1889 3570 Nulli
1923 3515 2086 3586 igitur
2115 3516 2194 3571 le-

609 3601 753 3670 genti
780 3601 1002 3657 dubium
1031 3612 1133 3670 est,
1163 3607 1306 3674 quod
1349 3605 1632 3682 Synagoga
1671 3608 1980 3666 Judaorum
2012 3610 2194 3666 Eccle-

610 3691 758 3746 siam.
783 3694 1024 3763 gentium
1058 3705 1339 3764 persecuta
1369 3707 1468 3764 est,
1515 3709 1571 3756 et
1610 3710 1829 3772 propter
1872 3701 2188 3758 idololatria

616 3781 817 3836 cultum
848 3787 1224 3841 contemnebat
1252 3795 1308 3842 et
1341 3790 1719 3860 exprobrabat.
1753 3793 1994 3862 Denique
2022 3791 2187 3847 etiam

614 3870 728 3941 ipsa
748 3873 1022 3942 primitiva
1047 3875 1286 3934 Ecclesia
1307 3879 1559 3951 ignorans
1587 3883 1902 3954 mysterium
1931 3883 2184 3938 salvatio-

614 3965 699 4020 nis
724 3965 909 4035 ipsius,
935 3967 1153 4025 Petrum
1177 3973 1499 4042 redarguere
1519 3974 1754 4044 volebat,
1784 3991 1954 4047 quare
1974 3975 2184 4048 ingres-

612 4070 705 4110 sus
731 4065 873 4112 esset
900 4059 968 4113 ad
996 4059 1302 4117 Cornelium
1333 4073 1386 4120 et
1415 4067 1768 4123 manducaret
1813 4083 1938 4123 cum
1965 4069 2182 4140 gentili-

611 4145 729 4202 bus.
763 4147 869 4204 Sed
897 4149 1088 4208 Petrus
1118 4169 1241 4210 cum
1269 4156 1504 4213 divinam
1527 4160 1755 4232 gratiam
1786 4162 1865 4217 eis
1888 4162 2178 4229 retulisset,

609 4237 1043 4310 gloriﬁcaverunt
1070 4245 1237 4303 Deum
1268 4248 1408 4319 (Act.
1441 4253 1526 4316 ll).
1562 4251 1641 4308 De
1672 4267 1778 4322 qua
1801 4254 1966 4308 etiam
1996 4253 2184 4324 despe-

609 4331 786 4388 ctione
833 4333 1163 4405 idololatria,
1197 4339 1439 4398 Ecclesia
1485 4357 1552 4398 ex
1599 4345 1848 4415 gentibus
1878 4344 2180 4418 Synagoga

607 4427 897 4495 respondit,
931 4429 1117 4487 dicens
1141 4450 1155 4487 :
1186 4452 1204 4485 ι
1234 4433 1352 4490 Noli
1383 4451 1470 4491 me
1490 4437 1839 4495 considerare
1859 4439 2002 4510 quod
2027 4439 2181 4496 fusca

2312 581 2411 636 per
2452 570 2709 625 meritum
2730 611 2746 638 ,
2775 570 3012 627 formosa
3040 589 3161 628 sum
3192 589 3289 646 per
3317 577 3504 633 divina
3537 585 3800 650 praedestina-

2311 658 2478 715 tionis
2500 661 2753 731 gratiam.
2782 660 2890 719 Sed
2927 663 3048 719 ideo
3077 663 3364 738 Synagoga
3391 674 3662 729 contemnit
3677 675 3801 735 Eccle-

2311 749 2470 816 siam,
2505 752 2633 822 quia
2660 755 2974 810 attendebat
2993 755 3169 826 qualis
3199 767 3340 824 erat,
3392 763 3483 816 sed
3511 762 3750 835 ignorabat.
3768 785 3802 826 ut
3872 779 3873 792 ‘

2311 840 2566 909 diximus,
2599 845 2773 914 qualis
2801 845 2980 902 futura
3019 858 3160 904 erat.
3194 849 3395 907 Verum
3423 863 3599 924 postea
3625 865 3800 919 conside-

2310 948 2440 988 rans
2460 934 2756 992 Ecclesiam
2783 953 2882 1009 per
2911 941 3158 996 naturale
3184 942 3458 1014 ingenium
3497 958 3731 1017 ornatam,
3757 957 3802 1010 di-

2268 1012 2284 1036 '
2309 1022 2435 1076 vina
2481 1025 2690 1080 scilicet
2717 1027 3045 1084 illustratam
3076 1012 3462 1103 gratia—venire
3488 1037 3553 1093 ad
3577 1012 3800 1109 Christum,

2311 1116 2426 1172 ait:
2464 1138 2481 1169 ‹
2516 1118 2646 1186 Qua
2675 1131 2760 1177 est
2786 1123 2914 1190 ista,
2933 1140 3052 1194 qua
3079 1129 3328 1185 ascendit
3348 1146 3445 1202 per
3479 1134 3712 1191 desertum
3740 1143 3800 1194 sic-

2309 1217 2372 1265 ut
2418 1213 2626 1284 virgula
2671 1213 2828 1283 fumi,
2860 1233 2929 1274 ex
2957 1221 3294 1278 aromatibus
3334 1225 3559 1295 myrrha
3585 1235 3634 1283 et
3662 1229 3800 1296 thuris.

2310 1316 2366 1361 et
2393 1309 2634 1365 universi
2667 1312 2905 1382 pulveris
2932 1315 3320 1388 pigmentarii?
3350 1339 3367 1372 ι
3399 1319 3566 1392 (Cant.
3587 1325 3698 1392 cxi.)
3721 1323 3801 1378 Nam

2311 1401 2611 1458 admiratur
2639 1408 2912 1474 quomodo
2940 1409 3181 1479 gentium
3213 1411 3472 1482 populus,
3503 1413 3635 1469 nullo
3651 1415 3802 1471 circum

2311 1490 2533 1547 cisionis
2558 1497 2820 1566 mysterio
2850 1499 3199 1566 emundatns,
3224 1501 3387 1557 nullis
3410 1504 3740 1574 prophetarum
3753 1509 3803 1558 ad-

2313 1586 2701 1645 munitionibus
2731 1591 3030 1648 instructus
3053 1635 3068 1660 ,
3097 1595 3280 1651 subito
3309 1596 3378 1651 ab
3419 1595 3609 1651 inﬁmis
3633 1597 3802 1667 volupta~
3872 1659 3873 1662 η

2313 1673 2458 1730 tibus
2477 1691 2574 1746 per
2595 1677 2871 1735 desertum
2895 1683 3220 1752 gentilitatis
3242 1693 3300 1740 et
3329 1685 3654 1751 idololatria,
3674 1691 3722 1741 ad
3739 1689 3802 1740 alla
3872 1675 3873 1752 1

2311 1765 2576 1821 virtutum
2608 1769 2845 1824 culmina
2869 1811 2883 1837 ,
2916 1779 2971 1826 et
3001 1773 3068 1827 ad
3105 1774 3389 1844 amplexus
3414 1775 3586 1845 sponsi
3617 1777 3805 1830 ascendis-

2310 1865 2410 1911 set.
2438 1858 2504 1912 Et
2531 1858 2669 1916 bene
2693 1861 2770 1915 ait
2797 1879 2811 1917 :
2848 1881 2866 1913 ‹
2898 1863 3055 1919 Sicut
3084 1866 3296 1936 virgula
3317 1865 3446 1921 fumi
3470 1882 3530 1922 ex
3563 1867 3804 1921 aromatibus

2308 1953 2546 2023 myrrha
2567 1963 2622 2009 et
2643 1956 2842 2023 thuris,
2871 1965 2926 2012 et
2953 1960 3196 2017 universi
3225 1961 3462 2030 pulveris
3487 1962 3799 2033 pigmentarii,»

2309 2040 2364 2096 id
2386 2052 2467 2097 est
2493 2043 2616 2115 igne
2645 2048 2847 2103 amoris
2878 2064 3142 2117 accensa,
3183 2051 3272 2106 vel
3308 2053 3453 2107 omni
3489 2053 3599 2108 nisu
3624 2051 3801 2106 virtutum

2307 2133 2376 2188 ad
2403 2134 2642 2191 coelestia
2683 2138 2874 2193 tendit.
2904 2139 3010 2195 Per
3039 2143 3353 2214 myrrham,
3398 2143 3703 2199 mortiﬁcatio
3722 2159 3795 2197 car-

2307 2227 2509 2282 nalium
2541 2228 2896 2300 voluptatum.
2926 2233 3032 2289 Per
3057 2237 3184 2292 thus
3203 2277 3219 2303 ,
3243 2237 3450 2308 puritas
3471 2238 3800 2294 orationum:et

2307 2316 2362 2372 in
2393 2318 2620 2375 diversis
2648 2321 2963 2392 pulveribus
2997 2325 3346 2397 pigmentarii
3374 2311 3601 2384 omnium
3624 2329 3798 2382 virtutum

2306 2412 2442 2467 odor
2467 2414 2757 2484 accipitur.
2792 2415 2948 2474 Unde
2974 2419 3100 2474 alibi
3145 2428 3372 2491 stupens
3413 2420 3667 2494 Synagoga
3693 2422 3797 2482 dicit,

2257 2547 2266 2553 .
2313 2522 2330 2555 ι
2366 2503 2577 2560 Nescivi
2603 2547 2618 2572 ,
2649 2508 2828 2563 anima
2850 2525 2970 2564 mea
2997 2513 3348 2568 conturbavit
3371 2529 3485 2578 me,
3511 2523 3700 2584 propter
3716 2528 3797 2581 qua-

2305 2594 2486 2666 drigas
2525 2597 2827 2654 Aminadab
2855 2599 3032 2671 (Cant.
3076 2602 3173 2674 vi).
3234 2625 3252 2656 ι
3297 2606 3375 2660 Ac
3419 2607 3462 2661 si
3505 2602 3798 2668 dixisset,Ne-

2306 2686 2460 2752 scivi,
2485 2702 2518 2741 ο
2541 2687 2783 2744 Ecclesia
2809 2691 3052 2761 gentium
3079 2734 3093 2758 ,
3126 2693 3272 2749 dona
3303 2697 3486 2766 gratia
3510 2696 3744 2767 spiritualis
3767 2697 3795 2747 in

2308 2783 2361 2830 te
2390 2791 2526 2842 esse,
2563 2779 2658 2834 sed
2681 2779 2864 2834 anima
2890 2797 3009 2837 mea
3038 2784 3390 2842 conturbavit
3431 2803 3513 2842 me
3541 2795 3720 2858 propter
3749 2787 3796 2838 in-

2308 2867 2615 2924 ductionem
2638 2867 2772 2925 Novi
2795 2870 3148 2942 Testamenti,
3175 2884 3234 2931 et
3259 2875 3570 2948 evangelica
3589 2865 3793 2946 quadriga}

2306 2960 2610 3019 Aminadab
2639 2966 2837 3036 quippe
2875 2967 3274 3038 interpretatur
3297 2969 3514 3041 populus
3550 2985 3671 3023 meus
3699 2983 3794 3034 spon-

2305 3063 2521 3122 taneus,
2571 3057 2624 3112 id
2669 3066 2754 3113 est
2796 3057 3046 3114 Christus
3094 3062 3188 3130 qui
3239 3070 3426 3132 sponte
3461 3061 3660 3134 gratiam
3693 3071 3790 3112 suam

2306 3153 2535 3208 contulit
2560 3154 2838 3222 Ecclesia,
2869 3157 2961 3227 qui
2991 3172 3088 3227 per
3116 3167 3292 3214 totum
3309 3160 3421 3230 jam
3443 3161 3635 3215 vehitur
3652 3158 3790 3212 orbem.

2306 3244 2412 3301 Sed
2440 3247 2567 3316 quia
2596 3249 2842 3304 eamdem
2870 3251 3100 3320 gratiam
3138 3253 3383 3308 nondum
3433 3254 3591 3308 adhuc
3624 3263 3793 3321 percepe-

2302 3346 2386 3391 rat
2410 3336 2674 3406 Ecclesia,
2713 3341 2808 3396 sed
2841 3341 3039 3397 sterilis
3068 3346 3428 3414 permanebat
3464 3353 3516 3400 et
3547 3342 3790 3399 tristabatur.

2299 3443 2447 3488 recte
2475 3434 2812 3492 subinfertur
2845 3454 2858 3490 :
2897 3457 2914 3489 ι
2951 3436 3124 3494 Porro
3159 3440 3252 3496 illa
3279 3441 3466 3508 ﬂebat,
3489 3450 3541 3496 et
3565 3454 3654 3495 non
3679 3436 3792 3505 capie-

2296 3525 2391 3582 bat
2416 3526 2616 3582 cibum.
2639 3528 2785 3584 Dixit
2804 3542 2934 3601 ergo
2963 3532 3012 3588 ei
3037 3532 3246 3590 Eleana
3279 3536 3364 3591 vir
3388 3550 3512 3592 suus
3534 3550 3548 3588 :
3571 3533 3711 3590 Anna.
3732 3543 3790 3582 cur

2297 3615 2429 3672 ﬁes?
2459 3627 2514 3674 et
2540 3634 2708 3690 quare
2736 3638 2842 3678 non
2873 3625 3150 3680 comedis?
3173 3635 3234 3681 et
3258 3627 3597 3698 quamobrem
3619 3621 3791 3692 alliigiwr

2299 3723 2392 3765 cor
2421 3719 2570 3766 tuum
2600 3732 2612 3766 :
2641 3713 2896 3786 Nunquid
2939 3732 3049 3773 non
3083 3734 3182 3789 ego
3221 3721 3414 3777 melior
3440 3735 3551 3777 sum
3579 3717 3657 3772 tibi
3687 3724 3790 3783 quam

2298 3799 2484 3855 decem
2510 3802 2642 3858 ﬁlii?
2680 3824 2698 3856 ›
2729 3804 2821 3859 Ait
2858 3807 3004 3862 enim
3037 3825 3050 3862 :
3085 3827 3104 3859 ι
3137 3809 3314 3867 Porro
3361 3812 3450 3867 illa
3487 3810 3631 3867 ﬁebat
3665 3814 3789 3860 etnon

2297 3892 2542 3962 capiebat
2563 3895 2765 3952 cibum.
2799 3918 2818 3952 ι
2847 3897 2962 3956 Hoc
2987 3910 3072 3956 est
3097 3904 3246 3973 quod
3267 3904 3456 3961 beatus
3482 3902 3572 3958 Job
3592 3917 3647 3956 ex
3665 3894 3788 3952 eadem

2296 3983 2540 4040 Ecclesia
2590 3989 2865 4058 gentium,
2896 4008 3017 4062 qua
3049 3994 3348 4052 adventum
3385 3997 3464 4053 sui
3511 3985 3788 4061 Redemptoris

2295 4075 2641 4134 desiderabat
2666 4080 2930 4152 loquitur,
2957 4085 3144 4142 dicens
3171 4105 3183 4141 :
3229 4108 3249 4141 ‹
3284 4088 3528 4161 Nunquid
3549 4085 3789 4156 rugietona-

2293 4183 2390 4240 ger
2412 4185 2536 4226 cum
2557 4173 3084 4233 halmeritherbam?
3103 4200 3120 4232 ι
3149 4181 3295 4253 (Job.
3326 4183 3424 4254 vr.)
3457 4182 3582 4250 Quid
3604 4194 3682 4250 per
3709 4185 3789 4229 ona-

2293 4276 2470 4332 grum,
2502 4263 2555 4318 id
2583 4273 2667 4320 est
2691 4275 2960 4338 agrestem
2990 4270 3205 4326 asinum
3226 4315 3242 4340 ,
3284 4275 3387 4329 nisi
3419 4272 3615 4344 gentilis
3636 4261 3788 4340 populus

2292 4354 2642 4427 designatur?
2667 4375 2827 4430 quem
2870 4363 3011 4418 sicut
3054 4375 3253 4422 natura
3281 4378 3436 4424 extra
3475 4365 3656 4425 stabula
3687 4357 3788 4415 disci-

2290 4443 2452 4514 plina
2471 4447 2664 4516 edidit,
2706 4451 2779 4506 ita
2805 4468 2973 4524 vagus
2999 4455 3055 4511 in
3085 4457 3419 4530 voluptatum
3447 4471 3640 4516 suarum
3657 4461 3786 4517 ωηψο

604 4516 727 4584 sim,
753 4521 878 4588 quia
903 4523 1231 4580 decoloravit
1259 4543 1344 4582 me
1371 4528 1450 4584 sol
1479 4527 1657 4599 (Cant.
1684 4530 1746 4603 ι).
1774 4550 1792 4582 ι
1818 4531 1896 4587 Ac
1922 4531 1968 4586 si
1993 4540 2180 4602 aperte
2213 4564 2264 4625 ι)
2291 4542 2743 4609 permansit.Vita
2756 4516 2988 4618 namque
3000 4549 3142 4607 beati
3155 4516 3258 4610 Job
3272 4540 3786 4620 attestante,cognosci-

603 4609 829 4666 dixisset
861 4632 872 4666 :
903 4613 1028 4671 lude
1058 4616 1206 4673 fusca
1237 4635 1378 4686 sum,
1421 4623 1562 4678 unde
1585 4623 1882 4694 peccatrix,
1930 4625 2055 4694 quia
2094 4639 2180 4679 me

604 4695 678 4751 sol
707 4697 1069 4770 decoloravit,
1099 4703 1153 4759 id
1183 4713 1269 4761 est
1296 4715 1514 4764 creator
1546 4725 1700 4768 meus
1739 4713 1793 4766 in
1823 4728 2010 4769 errore
2037 4717 2182 4786 posi-

600 4803 708 4842 tam
754 4805 841 4846 me
879 4792 1157 4862 deseruit,
1187 4804 1243 4852 et
1271 4799 1455 4855 radios
1499 4816 1611 4857 sua
1656 4803 2012 4862 districtionis
2039 4799 2184 4864 'sub-

600 4884 782 4938 traxit.
804 4884 916 4956 Ego
937 4887 992 4941 in
1021 4901 1264 4944 errorem
1285 4890 1435 4961 lapsa
1459 4909 1598 4961 sum,
1627 4896 1768 4953 unde
1787 4907 1844 4952 et
1867 4898 2178 4972 subjungit:

601 4993 635 5066 «7
655 4974 776 5031 Filii
804 4980 993 5036 matris
1022 4996 1156 5037 mea
1183 4997 1558 5056 pugnaverunt
1589 4999 1781 5046 contra
1807 5007 1894 5048 me
1919 4992 2132 5066 (Ibid.).
2158 5016 2176 5047 ›

598 5065 721 5122 Filii
752 5072 961 5139 matris,
994 5073 1259 5131 immundi
1287 5077 1662 5152 intelliguntur
1690 5084 1933 5154 spiritus,
1963 5065 2099 5156 quia?
2115 5089 2184 5144 ab

598 5175 702 5215 una
729 5164 903 5233 gratia
932 5165 1282 5236 benignitatis
1305 5178 1360 5225 et
1383 5174 1638 5242 potentia
1663 5175 1780 5242 Dei,
1807 5192 1908 5240 nos
1927 5187 1982 5233 et
2007 5180 2180 5252 angeli

597 5258 800 5313 conditi
827 5275 1034 5317 sumus.
1061 5262 1126 5318 Et
1143 5279 1208 5320 ex
1231 5281 1297 5322 eo
1318 5269 1461 5338 quod
1485 5273 1778 5330 rationales
1800 5281 2182 5349 sumus,quasi

597 5353 887 5421 quamdam
925 5356 1244 5414 societatem
1289 5360 1648 5422 fraternitatis
1699 5368 1963 5425 habemus
2003 5389 2015 5424 :
2055 5373 2183 5442 quia

599 5450 778 5500 tamen
809 5448 1066 5506 cadentes
1092 5453 1290 5524 angeli,
1314 5464 1369 5510 et
1390 5465 1516 5514 ante
1540 5459 1831 5517 adventum
1857 5460 2178 5532 Salvatoris,

596 5543 654 5590 et
672 5539 907 5624 quotidie
928 5553 1118 5599 contra
1142 5545 1441 5604 Ecclesiam
1465 5551 1706 5622 gentium
1732 5554 1931 5611 bellum
1961 5568 2179 5630 gerunt,

597 5633 746 5690 dicat
773 5654 785 5690 :
821 5655 840 5688 ι
869 5637 988 5694 Filii
1018 5642 1209 5698 matris
1238 5659 1371 5701 mea
1395 5658 1772 5718 pugnaverunt
1802 5659 1991 5706 contra
2015 5669 2121 5708 me.
2155 5674 2172 5704 ι

594 5728 676 5785 Ac
701 5729 746 5786 si
783 5731 946 5798 dicat,
976 5734 1103 5803 quia
1138 5745 1354 5792 creator
1381 5753 1534 5794 meus
1566 5740 1618 5795 in
1649 5741 1954 5812 gentilitate
1978 5760 2064 5798 me
2086 5745 2180 5800 de-

595 5825 796 5884 seruit.
826 5844 844 5878 r
887 5825 982 5880 ﬁlii
1007 5828 1196 5884 matris
1221 5844 1356 5885 mea
1385 5843 1763 5903 pugnaverunt
1794 5844 1982 5890 contra
2010 5851 2116 5892 me.
2153 5859 2170 5891 ι

2289 4649 2411 4690 mus
2432 4647 2778 4708 exspectasse
2797 4641 3178 4714 Redemptoris
3199 4649 3483 4706 adventum
3507 4636 3784 4701 multosetiam

2290 4742 2354 4782 ex
2384 4729 2695 4798 gentilibus.
2718 4731 2895 4812 Herba
2919 4750 3050 4808 ergo
3071 4741 3263 4810 onagri
3287 4749 3370 4796 est
3399 4741 3506 4795 hac
3529 4738 3627 4808 ipsa
3650 4725 3787 4786 media-

2290 4818 2425 4874 toris
2451 4820 2774 4888 incarnatio,
2807 4840 2907 4896 per
2939 4843 3106 4899 quam
3136 4831 3253 4901 ipsa
3281 4831 3546 4904 gentilitas
3565 4827 3660 4898 jam
3681 4815 3785 4875 satia-

2292 4919 2399 4968 tur.
2427 4912 2564 4981 Quia
2585 4917 2732 4971 enim
2753 4933 2850 4988 per
2870 4922 3190 4992 prophetam
3218 4925 3415 4981 dicitur
3444 4943 3456 4978 :
3485 4941 3503 4976 ι
3533 4915 3690 4977 Omnis
3705 4919 3784 5005 cato

2289 5005 2473 5062 fenum
2496 5047 2510 5070 ,
2545 5007 2912 5066 universitatis
2955 5015 3207 5071 conditor
3251 5031 3320 5070 ex
3355 5023 3532 5071 nostra
3566 5006 3784 5064 substanlla

2288 5112 2507 5154 carnem
2527 5115 2748 5156 sumens
2767 5101 2950 5158 fenum
2975 5104 3092 5161 ﬁeri
3114 5107 3302 5174 voluit,
3344 5124 3410 5164 ne
3437 5113 3606 5162 nostra
3639 5099 3680 5151 in
3704 5103 3783 5162 Pe"

2287 5195 2507 5258 petuum
2532 5188 2715 5245 fenum
2737 5207 2865 5248 caro
2888 5207 3196 5253 remaneret
3223 5198 3356 5270 (lsa.
3381 5200 3488 5268 XL}.
3520 5214 3537 5247 ι
3564 5191 3687 5246 Tunc
3701 5189 3784 5246 οτκο

2289 5281 2513 5337 herbam
2553 5297 2746 5356 onage.
2798 5286 3034 5357 invenit,
3065 5306 3190 5347 cum
3238 5291 3450 5364 gentilis
3489 5283 3679 5360 populus
3707 5284 3783 5343 πη·

2289 5372 2420 5427 tiam
2449 5374 2645 5431 divina
2671 5376 3062 5438 incarnationis
3092 5384 3321 5455 accepit.
3355 5383 3456 5439 Sed
3480 5380 3591 5452 quia
3612 5375 3684 5430 diu
3702 5371 3782 5421 vota

2288 5463 2584 5519 electorum
2615 5466 2894 5538 gentilium
2935 5471 3100 5528 dilata
3130 5485 3255 5529 sunt
3276 5515 3290 5540 ,
3336 5474 3490 5544 longo
3519 5464 3783 5536 tempore”

2287 5556 2652 5627 demptiouem
2682 5575 2836 5616 suam
2880 5567 3242 5634 exspectando
3290 5566 3617 5636 gemuerunt,
3645 5561 3687 5608 et
3715 5555 3782 5599 που

2289 5660 2602 5706 meruerunt
2622 5652 2867 5709 eamdem
2896 5658 3128 5726 gratiam
3157 5659 3449 5729 percipere,
3479 5668 3573 5724 qua
3598 5636 3783 5740 fecumltt‘

2287 5752 2476 5799 rentur
2497 5753 2552 5800 et
2579 5756 2955 5803 saturarentur
2983 5750 3075 5806 illo
3099 5754 3223 5809 cibo
3257 5753 3322 5807 de
3355 5766 3456 5822 quo
3479 5738 3782 5801 Dominusaili

2294 5857 2311 5889 ι
2349 5836 2450 5906 Qui
2483 5839 2772 5896 manducat
2802 5856 3025 5898 carnem
3054 5861 3261 5915 meam,
3293 5853 3346 5901 et
3373 5842 3500 5899 bibit
3543 5828 3781 5903 sanguine!"

3872 1731 3873 1780 1

3872 5299 3873 5338 1

3872 5349 3873 5418 1

3872 5681 3873 5766 1

3871 5841 3873 5908 1
