3970 6332
127 396 246 451 257

1065 402 1322 459 ENARR.
1359 403 1427 460 ιΝ
1466 403 1715 462 LIBROS
1751 404 2020 462 REGUM.
2060 437 2130 448 —-
2164 407 2232 463 ΙΝ
2269 407 2397 466 LIB.
2438 411 2479 467 Ι.

3309 424 3414 481 258

127 527 354 576 meum,
378 511 433 566 in
463 527 550 568 me
576 521 779 580 manet,
805 523 864 570 et
891 528 992 588 ego
1029 517 1084 572 in
1113 533 1178 575 eo
1208 517 1503 592 (Joan.vr).
1535 539 1554 573 ι
1587 520 1732 577 Bene
1757 523 1812 584 Α
1833 529 1919 576 est
1959 541 1978 574 ι
2013 521 2276 592 perfectio
2303 525 2452 594 pacis
2480 525 2704 591 intimae,
2754 530 2821 583 ad
2851 544 3014 600 quam
3057 547 3180 590 cum
3219 552 3412 609 perve-

127 603 353 660 dictum
372 612 494 659 est:
525 623 544 656 ι
568 604 738 662 Porro
758 607 914 664 Anna
935 608 1098 684 ﬁebat
1113 652 1128 678 ,
1159 619 1214 668 et
1252 627 1360 668 non
1383 614 1631 684 capiebat
1651 615 1727 670 ci-

126 696 290 750 bum.
326 715 345 749 )
367 695 435 751 Et
457 697 587 768 quia
607 698 850 756 Ecclesia
869 705 1238 772 perseveravit
1264 705 1318 760 in
1339 721 1501 777 prece
1518 723 1618 778 pro
1635 722 1728 764 ea-

124 784 262 839 dem
291 785 674 858 Bedemptoris
694 791 891 862 gratia,
916 795 1132 850 tandem
1153 796 1271 866 ipse
1289 811 1387 867 per
1405 799 1722 870 mysterium

126 890 246 931 sua
265 876 664 938 incarnationis
677 884 1103 943 consolationem
1120 888 1384 946 adhibuit.
1404 891 1558 948 Unde
1575 901 1632 948 et
1651 894 1728 950 di-

124 967 281 1022 citur
308 985 323 1023 :
353 986 373 1020 ι
397 969 577 1038 Anna,
601 988 700 1030 cur
723 974 858 1032 ﬂes?
879 979 1123 1050 nunquid
1162 997 1270 1037 non
1291 997 1394 1054 ego
1410 985 1602 1041 melio'r
1627 987 1725 1043 tibi

123 1076 302 1132 quam
329 1063 522 1120 decem
547 1066 683 1122 ﬁlii?
709 1087 730 1122 ι
754 1070 955 1127 Verum
975 1081 1080 1141 est,
1106 1074 1346 1146 inquam,
1371 1093 1561 1134 verum
1581 1081 1724 1151 quod

123 1153 378 1224 loquitur
403 1172 585 1216 sermo
613 1161 809 1219 divina
841 1166 1267 1225 consolationis:
1299 1170 1491 1228 melior
1517 1181 1601 1228 est
1629 1173 1724 1230 Ec-

121 1244 316 1302 clesia
345 1250 430 1304 vir
467 1265 633 1319 suus,
680 1253 942 1313 Dominus
980 1257 1192 1316 scilicet
1232 1261 1514 1331 Christus,
1557 1281 1722 1336 quam

121 1336 322 1394 decem
367 1339 485 1396 filii.
523 1343 720 1400 Decem
763 1361 1000 1419 namque
1047 1350 1143 1407 ﬁlii
1196 1351 1273 1407 illi
1325 1355 1718 1427 signiﬁcantur,

119 1443 266 1497 quos
297 1445 402 1501 per
427 1431 604 1504 legem
646 1433 929 1510 Synagoga
957 1440 1070 1497 Deo
1101 1443 1261 1499 edere
1293 1444 1598 1513 videbatur,
1626 1449 1724 1504 sed

118 1520 410 1580 multoties
439 1524 561 1594 plus
588 1541 714 1583 eum
747 1529 955 1603 diligit,
986 1533 1096 1590 imo
1119 1535 1349 1605 gratiam
1385 1536 1722 1610 Evangelica

115 1612 534 1679 pradicationis
555 1657 570 1684 ,
599 1634 718 1689 qua
745 1635 845 1691 per
869 1623 1048 1695 ipsum
1083 1625 1208 1682 data
1250 1638 1363 1696 est,
1405 1645 1569 1701 quam
1598 1631 1721 1688 illos

115 1717 256 1771 quos
285 1707 588 1764 carnaliter
613 1712 878 1782 pariebat.
921 1715 1105 1788 Diligit
1147 1718 1264 1789 ipse
1290 1719 1586 1777 Ecclesiam
1607 1764 1622 1790 ,
1663 1732 1720 1780 et

114 1794 390 1866 diligitur.
434 1799 708 1872 Scriptum
754 1820 988 1878 namque
1033 1817 1117 1866 est
1155 1828 1167 1864 :
1215 1829 1235 1862 ‹
1276 1811 1519 1870 Dilectus
1561 1829 1717 1872 meus

1830 611 2072 668 nerimus
2095 653 2110 680 ,
2139 614 2272 669 nihil
2300 617 2605 674 remanebit
2633 619 2864 690 amplius
2899 625 3044 693 quod
3082 642 3410 697 quaramus.

1829 698 2042 758 Et'ideo
2067 704 2324 762 debemus
2349 706 2404 762 in
2428 709 2616 766 eadem
2643 712 2818 783 gratia
2843 720 3272 788 compunctionis
3293 732 3412 780 tan-

1828 806 1994 861 quam
2019 792 2175 850 Anna
2209 812 2562 868 permanere,
2601 811 2658 858 et
2689 819 2796 860 non
2839 807 3045 864 vultum
3092 811 3147 866 in
3197 813 3412 872 diversa

1828 893 2062 952 mutare,
2093 887 2267 945 donec
2308 894 2690 960 perveniamus
2721 897 2788 952 ad
2813 899 3020 967 prolem
3057 903 3252 960 divinae
3280 923 3411 964 con-

1831 976 2342 1046 templationis.Nos
2362 984 2626 1042 hactenus
2649 987 2752 1043 ista
2779 989 2846 1045 de
2869 991 3091 1060 Elcana,
3113 1004 3170 1051 et
3194 998 3404 1056 duabus

1827 1069 2088 1127 uxoribus
2112 1071 2249 1142 ejus,
2279 1090 2344 1130 ac
2371 1078 2615 1146 partibus
2642 1095 2854 1148 earum,
2882 1091 2936 1140 et
2958 1095 3154 1144 catera
3180 1104 3300 1159 qua
3326 1093 3408 1148 in-

1825 1162 2113 1230 seruimus,
2146 1175 2308 1236 prout
2360 1168 2663 1240 intelligere
2689 1174 2964 1243 potuimus
2981 1219 2996 1244 ,
3022 1188 3078 1234 et
3097 1196 3129 1236 a
3149 1184 3411 1242 traditore

1824 1254 2128 1324 didicimus,
2155 1260 2462 1317 describere
2481 1264 2660 1319 conati
2698 1281 2905 1324 sumus.
2937 1269 3067 1338 Qua
3093 1273 3138 1329 si
3167 1276 3253 1332 cui
3288 1276 3400 1334 dis-

1825 1346 2112 1418 plicuerint
2130 1391 2146 1417 ,
2167 1360 2223 1406 et
2241 1351 2434 1410 melius
2456 1354 2702 1412 invenire
2717 1361 2993 1429 potuerit:
3015 1379 3116 1421 nos
3135 1371 3409 1439 sequenda

1817 1441 2199 1513 judicavimus,
2229 1447 2354 1517 quia
2382 1449 2556 1522 magis
2577 1451 2918 1512 decrevimus
2940 1457 3164 1516 alterius
3189 1476 3409 1519 sensum

1822 1534 2000 1604 sequi,
2031 1551 2194 1606 quam
2222 1539 2538 1608 pertinacia
2571 1545 2866 1603 deservire.
2886 1547 3172 1620 Caterum,
3198 1555 3284 1611 his
3308 1557 3405 1614 de-

1819 1627 2069 1696 scriptis,
2121 1631 2189 1685 ad
2237 1646 2302 1686 ea
2349 1649 2472 1704 qua
2520 1647 2842 1708 sequuntur,
2884 1642 3112 1702 Domino
3161 1647 3407 1718 favente,

1821 1717 2023 1788 stylum
2046 1728 2261 1776 vertere
2285 1725 2604 1781 conabimur
2631 1745 2646 1782 :
2677 1729 2771 1784 sed
2791 1730 2941 1802 prius
2963 1737 3257 1792 notandum
3279 1717 3406 1810 quia

1820 1808 2063 1864 nonnulli
2085 1809 2242 1880 juxta
2271 1814 2509 1870 ethicam
2549 1817 2885 1888 disciplinam
2906 1863 2920 1888 ,
2950 1822 3005 1878 id
3025 1834 3114 1881 est
3145 1808 3409 1886 moralem

114 1886 288 1953 mihi,
323 1896 386 1944 et
415 1905 517 1962 ego
547 1893 624 1948 illi
661 1891 838 1966 (Cant.
870 1896 954 1970 ιι).
992 1919 1012 1953 ι
1050 1900 1201 1958 Adeo
1247 1903 1422 1977 diligit
1467 1906 1708 1965 Ecclesia
1738 1893 1789 1954 B
1816 1911 1982 1967 quam
2013 1899 2168 1956 aliter
2197 1904 2550 1977 tropolosiam
2575 1886 2877 1980 noniinam.
2900 1886 3175 1985 Elcanam.
3202 1921 3296 1990 qui
3323 1922 3406 1977 in-

113 1978 426 2050 Christum,
459 1994 522 2040 ut
549 2002 656 2044 non
686 1990 860 2048 solum
888 1996 1069 2051 omnia
1104 2007 1417 2057 contemnat
1444 2018 1545 2073 pro
1573 2005 1712 2076 ipso,

114 2071 355 2128 adversa
377 2075 586 2133 scilicet
607 2087 664 2136 et
683 2096 942 2155 prospera
967 2089 1173 2156 mundi,
1198 2071 1556 2150 verumetiam
1575 2071 1716 2152 mori

112 2176 224 2254 non
255 2161 522 2223 formidet
548 2184 648 2240 pro
673 2171 961 2231 dilectione
987 2177 1123 2248 ejus.
1149 2179 1228 2236 De
1248 2183 1404 2254 cujus
1424 2185 1715 2244 dilectione

114 2249 462 2324 (quanquam
507 2257 665 2316 aliter
714 2262 1069 2340 intelligatur)
1115 2269 1166 2323 in
1197 2249 1434 2329 Canticis
1476 2277 1716 2334 cantico-

113 2356 232 2396 rum
293 2343 522 2415 dicitur,
561 2367 581 2400 ε
615 2350 796 2408 Fortis
827 2364 914 2411 est
953 2364 1014 2411 ut
1071 2374 1221 2417 mors
1277 2361 1496 2420 dilectio
1534 2363 1710 2437 (Cant.

114 2433 256 2505 vni),
301 2454 328 2488 ι
362 2439 458 2494 sed
499 2441 627 2510 quia
654 2441 896 2501 Ecclesia
935 2447 993 2502 in
1029 2450 1217 2507 eadem
1247 2454 1422 2525 gratia
1444 2433 1608 2527 atque
1636 2457 1716 2514 di-

117 2529 361 2586 lectione
402 2548 565 2603 quam
619 2540 888 2610 percepit,
937 2547 1342 2614 perseveravit,
1395 2557 1545 2605 recte
1597 2552 1715 2622 qui-

118 2621 356 2678 busdam
394 2624 728 2698 interpositis
761 2631 829 2687 de
869 2633 989 2704 ipsa
1025 2636 1240 2705 dicitur,
1278 2640 1564 2712 vultusque
1601 2621 1716 2712 ejus

117 2727 222 2768 non
275 2723 416 2770 sunt
460 2719 694 2789 amplius
743 2722 798 2778 in
842 2723 1055 2783 diversa
1109 2730 1321 2785 mutati.
1363 2731 1716 2804 Nequaquam

117 2805 258 2860 enim
303 2805 556 2865 Ecclesia
600 2827 632 2866 a
680 2815 991 2885 cognitione
1036 2818 1192 2888 ﬁdei,
1221 2829 1278 2876 et
1317 2823 1604 2881 dilectione
1631 2825 1715 2881 sui

117 2899 507 2972 Redemptoris
553 2905 840 2963 immutata
870 2919 987 2977 est,
1010 2927 1187 2982 neque
1224 2914 1378 2970 evelli
1415 2915 1471 2970 in
1502 2915 1714 2973 diversa

117 2990 448 3050 declinando
478 2996 686 3066 potuit,
728 2999 797 3055 ab
842 3001 960 3070 ipsa
1003 3002 1302 3060 devotionis
1331 3006 1507 3077 gratia
1551 3021 1715 3077 quam

118 3085 385 3156 percepit.
430 3085 699 3144 Caterum
740 3101 1004 3161 quantum
1037 3095 1106 3150 ad
1135 3095 1376 3152 historia
1406 3095 1568 3152 ﬁdem
1592 3111 1715 3168 per-

1819 1995 2154 2058 terpretatur
2182 1993 2396 2049 Domini
2422 2001 2699 2068 possessio,
2741 2012 2989 2060 sanctum
3017 2010 3314 2078 quemlibet
3349 2021 3408 2069 et

1816 2083 2115 2152 perfectum
2143 2088 2556 2156 pradicatorem
2581 2093 2808 2166 intelligi
2832 2098 3039 2166 volunt,
3068 2101 3225 2172 cujus
3253 2121 3406 2162 men-

1817 2184 1929 2232 tem
1965 2176 2228 2236 Dominus
2251 2183 2510 2251 possidet.
2541 2185 2650 2240 Per
2672 2187 2810 2244 duas
2837 2205 2970 2247 vero
2995 2209 3216 2263 uxores,
3258 2197 3402 2256 Phe-

1815 2281 2049 2324 nennam
2081 2270 2334 2328 videlicet
2360 2281 2415 2330 et
2445 2274 2658 2332 Annam
2683 2319 2696 2344 ,
2727 2280 2960 2338 activam
2987 2292 3044 2338 et
3073 2289 3404 2358 contempla-

1817 2358 1984 2416 tivam
2019 2363 2184 2446 vitam
2212 2364 2526 2434 designant,
2563 2368 2858 2425 Phenenna
2899 2389 3134 2446 namque
3169 2375 3402 2434 fecunda

1816 2451 1874 2507 in
1903 2443 2052 2520 ﬁliis,
2085 2473 2206 2527 qua
2234 2457 2442 2535 dicitur
2462 2465 2728 2518 conversio
2749 2505 2764 2530 ,
2799 2466 3062 2534 activam;
3086 2468 3239 2526 Anna
3273 2487 3402 2530 vero

1816 2545 2040 2612 sterilis,
2069 2562 2190 2618 qua
2219 2548 2608 2621 interpretatur
2631 2556 2805 2625 gratia
2843 2558 2989 2628 ejus,
3022 2565 3399 2635 contemplati-

1815 2652 1939 2693 vam
1971 2639 2218 2712 designat
2246 2643 2432 2699 vitam.
2473 2645 2664 2703 Activa
2702 2649 2864 2705 enim.
2890 2652 3002 2708 vita
3047 2665 3158 2722 est,
3200 2672 3394 2727 panem

1816 2731 2074 2786 esurienti
2109 2733 2382 2800 tribuere,
2413 2735 2581 2792 verbo
2609 2740 2887 2810 sapientia
2929 2745 3258 2803 nescientem
3304 2750 3398 2805 do-

1816 2835 1960 2887 cere,
1989 2832 2261 2878 errantem
2289 2826 2582 2898 corrigere,
2603 2829 2672 2883 ad
2702 2830 3024 2888 humilitatis
3045 2835 3187 2890 viam
3216 2853 3396 2909 super-

1813 2913 2052 2971 bientem
2077 2917 2383 2986 proximum
2409 2933 2666 2976 revocare
2683 2962 2697 2987 ,
2729 2922 3053 2982 inﬁrmantis
3085 2943 3274 2984 curam
3303 2946 3395 3002 ge-

1815 3021 1938 3062 rere
1955 3048 1970 3074 ,
1999 3025 2120 3080 qua
2148 3010 2374 3083 singulis
2399 3014 2702 3086 quibusque
2727 3017 3033 3087 expediant,
3063 3020 3394 3090 dispensare.

1814 3097 1944 3166 Qua
1979 3117 2088 3158 non
2125 3103 2398 3160 immerito
2440 3106 2774 3177 signiﬁcatur
2813 3122 2912 3178 per
2937 3109 3288 3168 Phenennam
3318 3113 3396 3170 fe—

117 3173 281 3241 tinet,
315 3176 464 3232 bene
487 3179 600 3233 ait:
631 3197 651 3230 ι
680 3177 979 3254 Vultusque
1005 3182 1122 3253 ejus
1164 3201 1271 3242 non
1316 3195 1440 3242 sunt
1480 3188 1711 3259 amplius
1740 3255 1781 3275 ﬂ
1814 3193 2066 3262 cundam,
2111 3211 2232 3266 qua
2273 3173 2660 3269 interpatatur
2703 3203 2967 3258 conversio
2992 3245 3006 3269 ,
3055 3205 3180 3275 quia
3221 3207 3396 3263 activa

117 3279 164 3316 ID
187 3263 415 3321 diversa
437 3268 649 3322 mutati.
685 3289 706 3321 ι
734 3271 999 3328 Videlicet
1015 3274 1142 3344 quia
1162 3277 1308 3345 quod
1332 3276 1402 3332 ad
1428 3255 1596 3333 Deum
1617 3293 1710 3349 po-
1737 3255 1782 3318 C
1812 3284 2011 3342 multas
2030 3255 2194 3344 habet
2222 3255 2463 3362 actiones
2483 3292 2680 3363 quibus
2699 3255 3193 3368 subveniretpoIt—est

117 3355 370 3423 stulavit,
400 3372 471 3414 ex
507 3359 613 3416 ﬁde
638 3362 889 3432 credens,
915 3365 1141 3438 adipisci
1170 3383 1231 3424 se
1261 3383 1370 3424 non
1401 3370 1702 3427 dubitavit:

119 3449 222 3504 sive
260 3450 406 3521 quia
447 3451 502 3508 in
528 3468 658 3510 vero
683 3454 880 3514 affectu
918 3461 1347 3531 compunctionis
1373 3464 1703 3534 permansit,

117 3555 282 3612 asque
334 3543 464 3600 dum
505 3545 698 3619 adepta
740 3557 886 3606 esset
923 3553 1067 3622 quod
1093 3554 1402 3624 postulavit.
1435 3554 1535 3612 Hic
1561 3557 1706 3612 enim

117 3633 272 3691 latur
343 3640 651 3710 exemplum
700 3645 925 3712 orandi,
981 3647 1109 3717 quia
1157 3647 1410 3705 videlicet
1461 3650 1706 3722 quisquis

117 3727 370 3783 exaudiri
396 3729 688 3801 desiderat,
724 3734 846 3791 talis
873 3736 1033 3793 debet
1057 3753 1426 3808 perseverare,
1453 3741 1630 3812 qualis
1649 3743 1726 3798 in"

119 3820 364 3876 aratione
394 3822 627 3880 inveniri
661 3841 718 3882 se
759 3837 995 3900 exoptat.
1043 3831 1109 3885 Et
1141 3832 1188 3886 si
1239 3834 1404 3888 semel
1443 3850 1706 3906 compun-

118 3913 314 3970 ctionis
354 3918 584 3988 gratiam
608 3921 838 3991 percipit
861 3937 961 3993 per
982 3925 1273 3995 puritatem
1300 3928 1518 3995 mentis,
1545 3929 1706 3985 debet

119 4019 166 4058 In
189 4007 392 4063 eadem
421 4011 688 4068 munditia
726 4014 925 4071 mentis
945 4017 1268 4086 persistere,
1296 4030 1351 4074 et
1378 4035 1409 4074 a
1438 4021 1586 4077 nullo
1614 4023 1707 4078 de-

119 4096 263 4152 viare
305 4114 411 4170 per
451 4100 767 4172 lasciviam,
797 4109 970 4164 donec
999 4108 1066 4164 ad
1092 4109 1344 4168 allectum
1379 4113 1701 4182 voluntatis,

119 4192 256 4261 quod
275 4194 440 4262 petit,
465 4199 770 4266 perveniat.
793 4198 908 4256 lmo
931 4203 1101 4258 donec
1121 4203 1329 4274 prolem
1355 4205 1552 4263 divina
1573 4223 1702 4263 con-

119 4283 491 4354 templationis
539 4301 920 4361 consequatur.
968 4293 1036 4348 Et
1083 4295 1128 4350 si
1171 4295 1274 4351 hoc
1319 4297 1552 4354 voluerit
1595 4315 1702 4356 non

121 4373 316 4431 sufﬁcit
333 4378 502 4433 semel
518 4383 824 4453 compungi,
842 4383 938 4440 sed
952 4385 1138 4442 sedulo
1150 4400 1248 4456 per
1271 4389 1701 4457 compunctionis

121 4469 350 4538 gratiam
381 4473 684 4542 emundari,
706 4472 862 4543 juxta
895 4478 1039 4548 quod
1064 4493 1164 4548 per
1183 4477 1530 4536 Psalmistam
1561 4481 1699 4538 dici-

121 4576 238 4615 tur:
265 4582 287 4615 ι
326 4563 654 4624 Constituite
681 4569 825 4625 diem
856 4569 1150 4627 solemnem
1189 4572 1245 4627 in
1284 4573 1700 4645 confrequenta-

122 4650 296 4720 tione,
331 4669 504 4726 usque
545 4658 614 4713 ad
654 4674 822 4716 cornu
867 4661 1056 4718 altaris
1092 4660 1263 4734 (Psal.
1290 4631 1542 4736 CXVII).-)
1578 4667 1702 4724 Dies
1729 4631 1782 4691 Ι)

123 4742 382 4800 solemnis
409 4756 493 4802 est
522 4747 774 4816 Domino,
806 4754 1150 4822 compunctio
1169 4755 1352 4812 cordis
1376 4757 1566 4812 nostri.
1594 4757 1702 4816 Sed

123 4842 251 4892 tunc
280 4839 339 4892 in
370 4839 913 4912 confrequentatione
950 4845 1066 4902 dies
1091 4849 1453 4916 constituitur,
1486 4867 1608 4906 cum
1635 4853 1702 4907 ad

123 4933 389 5001 lacrymas
415 4949 514 5004 pro
542 4951 734 5000 amore.
753 4937 965 4994 Domini
1005 4941 1223 4998 assidue
1251 4957 1404 4999 mens
1433 4954 1699 5000 movetur.

123 5018 216 5074 Cui
248 5023 399 5079 velut
425 5026 472 5080 si
515 5027 850 5096 diceremus,
879 5032 1153 5102 quandiu?
1179 5035 1488 5108 subiungit,
1519 5039 1704 5094 dicens

129 5132 146 5162 ι
178 5131 356 5187 usque
381 5119 448 5175 ad
469 5136 638 5178 cornu
664 5124 870 5181 altaris.
893 5147 910 5178 ι
929 5127 1109 5184 Cornu
1134 5129 1322 5184 altaris
1342 5139 1425 5185 est
1449 5131 1704 5188 exaltatio

125 5209 378 5265 sacriﬁcii
407 5211 706 5283 interioris,
737 5217 840 5273 hoc
872 5227 956 5283 est
984 5222 1365 5292 contemplatio
1393 5224 1587 5280 divina
1625 5227 1706 5280 vi-

125 5300 312 5358 sionis.
342 5303 470 5361 Inde
497 5317 581 5362 est
608 5311 754 5378 quod
783 5312 965 5367 anima
1008 5329 1128 5384 quae
1165 5315 1277 5386 jam
1326 5332 1426 5386 per
1463 5333 1703 5374 amorem

127 5397 412 5467 compungi
462 5399 771 5470 desiderat,
819 5405 875 5458 in
917 5403 1157 5463 Canticis
1197 5409 1700 5478 canticorum,ait:

132 5502 148 5532 ε
182 5484 470 5544 Osculetur
514 5506 602 5546 me
649 5494 832 5551 osculo
874 5497 986 5552 oris
1025 5499 1107 5553 sui
1159 5498 1333 5570 (Cant.
1376 5501 1438 5573 ι).
1469 5523 1488 5555 ι
1518 5501 1702 5560 Toties

125 5577 272 5630 enim
299 5580 480 5635 anima
508 5584 782 5640 osculatur
808 5587 976 5642 Deum
994 5629 1010 5654 ,
1041 5592 1254 5660 quoties
1283 5593 1336 5648 in
1364 5594 1480 5665 ejus
1518 5610 1703 5652 amore

127 5673 521 5744 compungitur.
552 5676 644 5732 Ait
669 5679 836 5744 enim,
871 5699 889 5731 ι
924 5679 1209 5738 Osculetur
1237 5701 1323 5740 me
1364 5687 1548 5743 osculo
1590 5689 1703 5745 oris

128 5765 232 5818 sui.
267 5789 284 5816 ι
315 5767 394 5823 Ac
431 5770 475 5824 si
521 5779 705 5841 aperte
745 5773 923 5827 dicat:
959 5793 976 5824 ι
1006 5774 1212 5848 Tangat
1237 5793 1323 5832 me
1361 5779 1533 5849 gratia
1556 5795 1704 5835 com-

129 5864 436 5931 punctionis
493 5883 638 5936 suae,
691 5889 708 5922 ι
748 5870 834 5925 vel
879 5879 1049 5939 certe,
1084 5892 1100 5923 ‹
1137 5872 1380 5928 osculum
1425 5874 1536 5929 oris
1586 5872 1700 5941 ejus

1812 3375 1934 3431 mis.
1970 3377 2055 3432 Ad
2099 3393 2235 3449 quas
2264 3395 2486 3437 necesse
2514 3390 2598 3438 est
2621 3423 2636 3448 ,
2671 3392 2734 3438 ut
2769 3384 3000 3442 sollicite
3028 3397 3392 3447 convertatur.

1812 3463 1909 3520 Est
1931 3467 2075 3522 enim
2102 3467 2333 3526 fecunda
2359 3470 2414 3526 in
2443 3471 2570 3528 ﬁliis
2593 3481 2648 3528 et
2666 3471 2900 3542 ﬁliabus,
2933 3477 3058 3547 quia
3081 3477 3243 3536 fortia
3266 3481 3394 3539 licet

1813 3558 2028 3615 inﬁrma
2055 3562 2359 3629 videantur,
2390 3564 2446 3620 in
2476 3568 2883 3637 comparatione
2927 3573 3394 3642 contemplationis

1811 3651 1982 3723 gignit
2025 3668 2190 3723 opera
2232 3655 2440 3725 pariter
2478 3657 2722 3726 inﬁrma,
2754 3675 2874 3730 qua
2900 3662 3274 3734 signiﬁcantur
3297 3682 3394 3736 per

1811 3741 1952 3798 ﬁlios
1978 3750 2034 3798 et
2064 3743 2218 3800 ﬁlias.
2247 3743 2670 3818 Contemplativa
2703 3749 2812 3804 vita
2852 3760 2936 3806 est
2963 3767 3123 3818 vero,
3156 3754 3393 3810 charita-

1811 3842 1922 3889 tem
1947 3834 2044 3890 Dei
2063 3835 2278 3904 quidem
2305 3845 2360 3892 et
2383 3837 2636 3907 proximi,
2667 3847 2778 3895 tota
2807 3850 2990 3898 mente
3018 3843 3277 3911 retinere,
3297 3845 3392 3901 sed

1812 3926 1880 3981 ab
1905 3925 2165 3980 exteriori
2196 3926 2412 3982 actione
2433 3927 2744 3997 quiescere,
2778 3930 2874 3985 soli
2906 3931 3179 3990 desiderio
3207 3937 3392 3992 condi-

1812 4016 1949 4072 toris
1974 4016 2260 4083 inharere,
2293 4027 2352 4073 ut
2377 4018 2511 4075 nihil
2531 4019 2644 4090 jam
2679 4037 2841 4094 agere
2869 4024 3065 4092 libeat,
3096 4029 3194 4084 sed
3216 4030 3392 4086 calca-

1810 4108 1880 4164 tis
1906 4108 2052 4164 curis
2071 4109 2326 4166 omnibus
2349 4110 2418 4165 ad
2447 4111 2733 4168 videndam
2769 4113 2964 4171 faciem
2985 4118 3068 4174 sui
3096 4121 3392 4178 conditoris

1807 4201 2022 4257 animus
2035 4201 2356 4259 inardescat.
2371 4202 2498 4260 Hac
2515 4205 2661 4260 enim
2682 4206 3016 4278 signiﬁcatur
3034 4225 3134 4280 per
3153 4212 3387 4282 Annam,

1807 4310 1926 4364 qua
1953 4295 2345 4364 interpretatur
2385 4298 2584 4369 gratia,
2625 4299 2720 4354 sed
2749 4300 3013 4357 sterilem.
3037 4303 3184 4360 Bene
3211 4306 3392 4377 itaque

1806 4384 2008 4442 sterilis
2054 4386 2282 4452 dicitur,
2323 4387 2454 4458 (quia
2496 4389 2913 4461 contemplativa
2959 4393 3069 4449 vita
3111 4405 3272 4466 prout
3307 4409 3392 4456 est

1803 4478 1983 4534 nullus
2004 4487 2290 4549 penetrare
2318 4479 2480 4535 valet.
2505 4479 2633 4537 Sive
2652 4482 2777 4552 quia
2803 4484 2982 4540 nullus
3008 4501 3129 4542 eam
3150 4489 3389 4559 perfecte

1805 4571 2101 4642 praedicare
2140 4570 2335 4638 sufﬁcit
2382 4573 2523 4642 quod
2567 4575 2769 4641 sentit,
2800 4584 2860 4630 ut
2886 4589 3006 4632 eam
3042 4580 3388 4648 pradicando

1808 4665 1992 4737 plures
2021 4664 2160 4721 filios
2186 4665 2404 4736 gignere
2443 4666 2632 4736 possit.
2668 4666 2820 4723 Unde
2847 4684 2956 4724 non
2991 4669 3264 4728 immerito
3293 4689 3390 4745 per

1808 4759 2050 4824 Annam,
2099 4774 2218 4828 qua
2267 4759 2650 4828 interpretatur
2693 4762 2894 4830 gratia,
2935 4762 3232 4834 ﬁguratur:
3263 4768 3386 4836 quia
3465 4832 3472 4840 ἦ

1815 4866 1977 4908 nemo
2007 4851 2072 4906 ad
2097 4852 2270 4922 ipsam
2303 4853 2588 4922 pervenire
2615 4853 2845 4920 sufﬁcit,
2887 4855 2989 4912 nisi
3022 4873 3121 4928 per
3151 4859 3386 4914 divinam

1811 4944 2062 5015 gratiam.
2083 4941 2189 4998 Sed
2214 4943 2351 4998 bene
2376 4943 2512 4998 duas
2532 4959 2730 5000 uxores
2753 4946 3010 5003 habuisse
3029 4949 3375 5016 describitur,

1811 5035 1937 5105 quia
1951 5033 2222 5105 perfectus
2242 5035 2465 5105 quilibet
2488 5037 2812 5108 praedicator
2824 5055 2930 5096 non
2945 5049 3046 5107 est,
3062 5042 3164 5098 nisi
3185 5050 3384 5099 utram-

1806 5143 1912 5198 que
1932 5127 2096 5182 vitam
2111 5141 2365 5183 exercere
2385 5129 2614 5184 noverit.
2639 5129 2802 5186 Debet
2818 5145 2882 5186 ex
2899 5132 3234 5202 amplexibus
3250 5133 3385 5190 Phe-

1806 5233 1997 5272 nenna
2014 5259 2029 5284 ,
2057 5218 2291 5274 transire
2321 5219 2388 5275 ad
2419 5221 2730 5292 complexus
2758 5223 2928 5278 Anna
2953 5240 2965 5276 :
2988 5223 3114 5292 quia
3141 5224 3302 5281 debet
3325 5242 3383 5282 sc

1806 5315 1956 5385 prius
1977 5329 2232 5372 exercere
2257 5316 2310 5370 in
2339 5315 2516 5372 activa
2537 5357 2552 5381 ,
2581 5324 2644 5372 ut
2667 5317 2796 5373 dum
2826 5317 3022 5372 multos
3051 5315 3190 5375 ﬁlios
3211 5335 3371 5392 gene-

1808 5407 2030 5473 raverit,
2063 5407 2239 5477 possit
2263 5411 2610 5478 postmodum
2635 5408 3190 5480 adicontemplativam
3217 5414 3384 5472 vitam

1813 5499 2014 5554 arctius
2039 5500 2284 5571 accingi,
2309 5508 2364 5556 et
2390 5508 2506 5556 toto
2527 5500 2796 5556 desiderio
2817 5500 2872 5554 in
2899 5498 3017 5569 ejus
3051 5507 3383 5578 contempla-

1813 5592 1957 5650 tione
1992 5593 2291 5660 immorari,
2335 5602 2389 5648 et
2422 5593 2666 5664 perfecta
2711 5608 2874 5663 opera
2911 5593 3153 5664 gignere.
3183 5598 3384 5667 Quibus

1810 5681 2071 5743 uxoribus
2091 5695 2147 5742 et
2169 5686 2294 5744 ﬁliis
2313 5696 2369 5743 et
2389 5685 2602 5741 ﬁliabus
2622 5692 2805 5755 partes
2830 5683 3031 5766 tribuet
3055 5703 3066 5740 .-
3097 5689 3223 5758 quia
3247 5707 3378 5746 sum-

1811 5796 1932 5836 mus
1949 5781 2035 5835 vir
2053 5781 2168 5836 sive
2191 5779 2422 5842 inﬁrma,
2439 5793 2534 5832 seu
2560 5776 2829 5833 creaverit
2849 5774 3010 5832 fortia
3032 5794 3220 5850 opera,
3243 5797 3381 5836 sem-

1809 5887 1906 5942 per
1934 5873 2112 5930 studet
2143 5882 2196 5930 et
2218 5872 2275 5929 in
2297 5872 2468 5928 activa
2493 5869 2622 5927 etin
2647 5869 3061 5941 contemplativa
3090 5873 3201 5927 vita
3224 5872 3382 5928 desu-
