3970 6332
176 403 288 460 261

1119 399 1372 462 ENARR.
1415 405 1484 460 IN
1523 405 1770 464 LIBROS
1811 403 2073 463 REGUM.
2113 439 2184 449 —
2220 407 2288 464 IN
2325 405 2451 465 LIB.
2492 411 2534 465 Ι.

3351 407 3458 468 962

179 533 290 592 per
309 519 546 589 singulos
567 517 936 584 vitulos,duas
958 519 1199 576 decimas
1222 535 1321 592 per
1343 522 1592 589 arietem,
1617 533 1777 577 unam
1805 523 1856 583 Α
1883 525 2210 593 gnoscimus,
2256 541 2406 599 spem
2441 537 2540 584 nos
2584 525 2782 581 inﬁrmi
2809 527 2860 582 in
2894 535 2965 595 te,
3001 529 3068 584 de
3095 530 3250 585 venia
3268 543 3458 600 pecca-

181 613 454 670 decimam
477 625 575 682 per
603 627 822 684 agnum.
846 612 979 669 Haec
1005 629 1135 670 vero
1165 616 1394 682 decima,
1417 617 1625 672 decima
1653 629 1778 686 pars

179 713 310 759 erat
339 704 462 774 ephi
491 722 504 756 :
537 705 679 759 unde
707 704 869 758 datur
899 705 1154 778 intelligi,
1201 709 1343 777 quod
1385 723 1492 762 non
1543 709 1782 777 potuerit

186 805 304 852 tres
349 797 561 851 modios
607 795 798 853 farinae
835 810 961 851 cum
1004 798 1176 854 tribus
1205 799 1388 854 vitulis
1427 799 1656 865 oﬁ‘erre,
1686 801 1780 855 sed

185 905 384 946 novem
413 891 672 956 decimas,
699 892 897 961 quibus
926 893 1226 947 secundum
1249 893 1577 949 Hebraicam
1623 909 1777 948 men-

181 997 374 1039 suram
400 998 542 1039 unus
568 983 798 1038 efﬁcitur
823 985 969 1054 ephi.
1000 983 1268 1039 Cmterum
1299 985 1605 1058 allegorice,
1636 987 1778 1057 quod

181 1079 362 1134 noluit
411 1079 562 1133 illum
593 1080 794 1134 ducere
843 1079 936 1133 ad.
964 1079 1186 1134 domum
1229 1079 1440 1134 Domini
1487 1087 1777 1147 antequam

183 1170 579 1236 ahlactaretur,
609 1171 882 1241 signiﬁcat
908 1178 1138 1224 matrem
1163 1170 1461 1226 Ecclesiam
1487 1168 1782 1239 quemlibet

163 1262 424 1319 "ﬁliorum
447 1277 670 1318 suorum
697 1275 804 1317 non
829 1271 954 1316 ante
975 1261 1042 1315 ad
1073 1263 1434 1317 sacerdotium
1461 1261 1776 1331 provehere,

185 1371 351 1426 quam
383 1355 532 1410 illum
569 1370 600 1409 a
633 1355 773 1410 lacte
802 1354 1043 1409 infantiae
1071 1363 1124 1408 et
1150 1353 1415 1423 parvitate
1439 1369 1630 1408 sensus
1650 1354 1780 1408 edu-

183 1458 391 1513 catum,
427 1447 672 1505 eﬁecerit
699 1463 953 1520 capacem
991 1447 1254 1516 spiritalis
1285 1448 1567 1503 doctrinae.
1599 1467 1616 1496 ι
1652 1443 1780 1502 Om-

181 1542 270 1596 nis
299 1542 474 1607 enim,
501 1551 560 1597 ut
593 1542 669 1596 ait
687 1541 1000 1612 Apostolus,
1031 1542 1121 1610 qui
1166 1539 1324 1596 lactis
1368 1549 1449 1596 est
1481 1539 1775 1610 particeps,

179 1645 385 1704 expers
407 1642 492 1689 est
509 1634 733 1704 justitize
759 1647 1070 1688 sermonum
1090 1631 1274 1704 (Hebr.
1303 1632 1376 1703 v).
1412 1652 1430 1684 ι
1461 1627 1632 1688 Offert
1654 1647 1780 1687 eum

180 1725 235 1778 in
269 1726 450 1780 tribus
479 1726 683 1790 vitulis,
716 1736 772 1781 et
800 1726 982 1780 modio
1023 1723 1236 1790 farinae,
1269 1733 1324 1780 et
1350 1726 1608 1796 amphora
1632 1726 1742 1780 vini
1763 1767 1776 1788 .

181 1816 286 1872 hoc
323 1819 486 1874 estin
516 1818 786 1875 sacriﬁcio
834 1820 935 1890 piae
979 1819 1362 1886 coriiessionis,
1414 1821 1468 1874 in
1519 1821 1780 1876 exercitio

1835 689 1838 692 ἢ
1883 625 2082 686 torum,
2105 622 2386 677 sumimus.
2424 619 2576 677 Unde
2609 628 2754 676 recte
2781 620 3135 690 subinfertur,
3171 641 3191 675 ‹
3221 623 3290 678 Et
3313 624 3463 679 exal-

1883 713 2072 760 tatum»
2099 717 2181 763 est
2223 723 2392 763 cornu
2439 719 2619 763 meum
2657 709 2712 762 in
2758 707 2872 764 Deo
2911 719 3050 766 ineo.
3079 731 3097 763 ›
3133 709 3272 778 Quid
3301 709 3467 784 igitur

1882 811 1978 866 per
1997 813 2166 854 cornu
2195 800 2452 856 Ecclesia:
2493 797 2599 854 nisi
2639 812 2864 870 regnum
2903 801 3070 870 ipsius
3091 801 3338 873 accipere
3367 803 3462 858 de-

1883 886 2105 944 bemus?
2163 889 2312 946 Sicut
2350 893 2492 946 enim
2536 899 2701 948 cornu
2742 907 2961 947 carnem
3002 893 3238 957 excedit,
3274 893 3349 946 ita
3375 906 3463 946 re-

1882 995 2045 1049 gnum
2072 989 2273 1037 sanctaa
2324 982 2577 1039 Ecclesia:
2617 985 2842 1040 adversa
2883 984 3043 1055 huius
3067 984 3253 1040 mundi
3287 992 3346 1040 et
3373 985 3466 1040 de-

1881 1072 2076 1127 sideria
2115 1075 2296 1130 carnis
2321 1078 2674 1132 transcendit.
2707 1077 2814 1132 Sed
2856 1074 2960 1132 hoc
3001 1089 3228 1149 regnum
3264 1079 3320 1134 iu
3358 1079 3466 1135 Do-

1883 1163 2030 1217 mino
2051 1165 2342 1218 exaltatum
2364 1166 2580 1233 dicitur,
2611 1182 2718 1238 quo
2743 1169 2810 1222 ab
2838 1167 2956 1238 ipso
2981 1169 3182 1239 ubique
3210 1167 3468 1226 sublima-

1883 1262 1988 1308 tur.
2023 1254 2175 1322 Quod
2203 1271 2426 1327 regnum
2469 1259 2742 1329 primitiva
2771 1259 3012 1315 Ecclesia
3041 1260 3182 1316 intra
3217 1260 3352 1318 ﬁnes
3372 1257 3468 1317 Ju-

1881 1346 2011 1402 daaa:
2031 1357 2374 1418 angustatqu
2401 1351 2612 1417 habuit,
2632 1351 2728 1406 sed
2757 1349 2871 1420 jam
2903 1344 3188 1408 dilatatum
3221 1367 3320 1422 per
3339 1367 3470 1425 gen-

1883 1449 1964 1496 tes
1985 1451 2146 1512 atque
2186 1443 2534 1499 sublimatum
2579 1445 2825 1501 habetur.
2859 1444 3009 1501 Unde
3032 1459 3128 1516 per
3151 1445 3469 1516 prophetam

1879 1533 2182 1590 ei'dicitur:
2219 1554 2238 1586 ‹
2261 1535 2434 1590 Dilata
2451 1537 2626 1592 locum
2645 1538 2860 1592 tentorii
2886 1538 2984 1604 tui,
3015 1538 3202 1609 longos
3224 1537 3310 1593 fac
3331 1538 3471 1594 funi-

1882 1627 2032 1683 culos
2060 1637 2200 1694 tuos,
2217 1637 2270 1684 et
2299 1630 2479 1686 clavos
2494 1641 2616 1686 tuos
2635 1631 2936 1696 consolida,
2954 1637 3010 1686 et
3024 1631 3190 1702 pelles
3213 1632 3472 1688 taberna-

1882 1721 2355 1793 culorumﬁuorum
2369 1725 2738 1796 extendeUsa.
2755 1723 2885 1794 LIV).
2903 1745 2921 1778 ›
2939 1723 3020 1779 Ad
3034 1726 3312 1780 dexteram
3325 1725 3470 1779 enim

1882 1823 1936 1870 et
1982 1817 2050 1871 ad
2097 1817 2372 1872 sinistram
2421 1819 2754 1888 penetrahis,
2797 1825 2853 1873 et
2876 1819 3054 1873 locum
3093 1829 3244 1874 tuum
3281 1826 3469 1890 gentes

178 1909 346 1966 bona:
377 1909 731 1982 operationis,
764 1922 818 1968 et
842 1915 1013 1984 gratia
1046 1929 1214 1969 sacrae
1235 1914 1574 1978 eruditionis,
1600 1922 1655 1968 et
1676 1914 1780 1969 ﬁde

1892 1905 2301 1964 haereditabunt.
2347 1907 2500 1976 Quod
2536 1923 2633 1978 per
2657 1909 2972 1980 Apostolum
3009 1909 3288 1965 dilatatum
3309 1915 3473 1980 atque

181 2013 394 2059 sancta:
423 2005 706 2062 Trinitatis
737 2007 970 2077 pleniter
995 2008 1335 2063 instructum.
1368 2008 1469 2076 Qui
1500 2017 1681 2078 potest
1707 2009 1781 2065 di-

179 2109 312 2149 cere
365 2109 486 2150 cum
539 2099 844 2166 propheta:
890 2109 908 2150 t
953 2098 1259 2154 Reddemus
1309 2099 1538 2154 Domino
1584 2101 1780 2156 vitulos

181 2187 458 2242 labiorum
475 2195 784 2244 nostrorum
813 2189 986 2259 (Osee,
1018 2190 1153 2260 xw),
1186 2209 1205 2242 ι
1237 2199 1290 2246 et
1323 2191 1590 2262 jugiteriu
1619 2194 1779 2249 domo

182 2279 276 2334 Dei
315 2295 667 2350 permanens,
698 2282 889 2337 oll'erat
917 2283 1076 2353 digne
1101 2293 1504 2341 sacramentum
1539 2287 1780 2358 corporis

180 2380 236 2426 et
261 2373 552 2444 sanguinis
580 2374 816 2429 Domini.
842 2375 1100 2445 Sequitur

264 2481 284 2515 ι
315 2461 706 2529 OravitAnna,
731 2473 785 2519 et
821 2466 898 2520 ait
931 2484 944 2520 :
985 2487 1002 2517 ι

848 2601 1076 2662 CAPUT
1106 2605 1168 2660 II.

264 2754 288 2788 ο
307 2736 619 2792 Exsultavit
638 2754 735 2793 cor
755 2753 933 2795 meum
959 2741 1011 2795 in
1029 2740 1275 2807 Domino,
1300 2745 1355 2798 et
1383 2744 1678 2800 exaltatum
1698 2755 1782 2803 est

188 2849 204 2881 ι
250 2845 432 2886 cornu
453 2845 633 2885 meum
667 2833 720 2886 in
747 2832 858 2888 Deo
878 2848 1019 2888 meo.
1043 2853 1060 2885 ι
1089 2832 1225 2889 Hinc
1245 2836 1390 2890 enim
1407 2835 1520 2904 jam
1549 2838 1780 2894 manife-

183 2923 435 2979 stissime
453 2924 609 2978 Anna
653 2923 706 2977 in
739 2925 956 2979 cantico
989 2941 1088 2981 suo
1121 2927 1498 2986 mutationem.
1523 2929 1662 2984 sicut
1692 2943 1782 2986 sn-

186 3014 382 3083 perius
423 3015 796 3084 praediximus,
839 3015 1053 3072 Veteris
1095 3017 1452 3085 Testamenti,
1482 3019 1569 3075 vel
1603 3035 1781 3076 sacer-

185 3106 352 3171 dotii,
374 3107 429 3160 in
451 3105 660 3162 Novum
697 3107 1106 3162 Testamentum
1143 3109 1228 3165 vel
1263 3110 1650 3177 sacerdotium,
1690 3111 1782 3182 qui

184 3209 269 3254 est
320 3198 602 3264 Christus,
647 3201 972 3271 prophetare
1015 3201 1269 3256 videtur:
1301 3217 1611 3274 quanquam
1649 3217 1784 3262 non-

1881 2006 2166 2055 extensum
2197 2010 2299 2056 est.
2343 2000 2704 2072 Sed.regnum
2736 2001 3034 2075 Synagogaa
3067 2003 3304 2060 ECcIesia
3336 2019 3472 2076 geu-

1881 2093 2014 2147 tium
2042 2094 2304 2164 percepit,
2354 2107 2474 2164 quae
2505 2096 2570 2150 de
2596 2096 2710 2150 suis
2747 2096 3193 2164 praedicatoribus
3223 2095 3465 2167 gratula-

1881 2185 2058 2241 bunda
2084 2185 2138 2239 in
2182 2187 2532 2256 sequentibus
2562 2186 2818 2256 loquitur,
2852 2188 3036 2242 dicens
3066 2205 3079 2240 :
3119 2205 3140 2237 ‹
3176 2185 3466 2241 Dilatatum

1881 2285 1964 2332 est
1985 2291 2047 2333 os
2075 2294 2253 2334 meum
2299 2293 2462 2349 super
2484 2267 2730 2335 inimicos
2757 2279 2893 2348 ejus.
2932 2299 2950 2331 ι
2997 2280 3182 2350 Itaque
3215 2261 3471 2336 Ecclesia:

1881 2372 2266 2442 praedicatores
2312 2371 2484 2427 sancti
2515 2371 2905 2442 intelliguntur,
2942 2385 3178 2442 quorum
3209 2371 3470 2442 praedica-

1882 2463 1960 2518 tio
1988 2461 2072 2517 vel
2093 2463 2225 2519 ﬁdes
2253 2463 2476 2518 dilatata
2504 2471 2588 2519 est
2607 2478 2769 2534 super
2797 2465 3044 2519 inimicos
3067 2463 3204 2534 ejus,
3241 2465 3366 2533 quia
3399 2465 3473 2518 vi-

1883 2549 2078 2612 delicet
2101 2557 2334 2612 excessit
2361 2557 2643 2612 scientiam
2673 2559 2972 2614 scribarum
2995 2558 3468 2625 ethaereticoruur,

1882 2656 1939 2704 et
1986 2651 2222 2705 maxime
2254 2657 2683 2722 persecutorum,
2726 2649 2880 2719 juxta
2923 2653 3068 2722 quod
3117 2667 3214 2723 per
3241 2653 3474 2722 prophe-

1884 2751 1994 2797 tam
2025 2743 2160 2814 (Isa.
2195 2745 2307 2816 Liv)
2323 2746 2372 2799 ei
2405 2745 2792 2814 repromissum
2807 2744 2982 2798 fuerat
3004 2763 3015 2798 :
3039 2761 3058 2795 ι
3081 2745 3148 2798 Ει
3173 2744 3354 2814 lingua
3389 2759 3475 2798 rc-

1883 2835 2188 2890 sistentium
2231 2836 2326 2890 tibi
2365 2836 2418 2890 in
2451 2835 2656 2905 judicio
2701 2837 3001 2906 superabis.
3044 2857 3063 2889 r
3092 2835 3206 2892 Non
3243 2837 3387 2892 enim
3417 2837 3471 2892 in

1886 2928 2149 2998 angustiis
2169 2941 2570 2998 pressurarum,
2589 2927 2744 2997 juxta
2765 2929 3080 2999 Apostolum
3109 2929 3194 3000 (Il
3217 2929 3352 2984 Tim.
3383 2930 3469 3000 tt),

1887 3033 2064 3074 sermo
2097 3019 2192 3073 Dei
2235 3027 2319 3074 est
2370 3019 2652 3090 alligatus,
2697 3018 2964 3085 videlicet,
3009 3021 3133 3090 quia
3165 3019 3343 3074 laetata
3393 3027 3478 3074 est

1887 3110 2128 3166 Ecclesia
2168 3111 2221 3166 in
2259 3110 2494 3166 salutare
2549 3109 2664 3166 Dei.
2699 3109 2950 3172 Salutare
2984 3110 3079 3166 Dei
3108 3152 3123 3177 ,
3152 3107 3348 3164 Filium
3379 3107 3474 3166 Dei

1889 3203 2045 3269 dicit,
2075 3203 2140 3258 de
2178 3219 2287 3273 quo
2315 3202 2554 3267 Simeon,
2610 3203 2912 3272 suscipiens
2953 3203 3006 3257 in
3048 3202 3222 3267 ulnas,
3259 3217 3430 3258 ovans
3456 3242 3473 3270 ,

187 3291 327 3346 nulli
358 3307 464 3347 non
511 3269 865 3362 prophetasse
902 3293 1104 3359 dicant,
1141 3296 1235 3351 sed
1261 3269 1633 3354 tantum—modo
1653 3313 1780 3368 pro-
1811 3269 1858 3335 ο
1890 3296 2068 3351 aiebat
2103 3315 2116 3349 :
2155 3315 2172 3347 ι
2195 3269 2362 3352 Nunc
2391 3295 2642 3363 dimittis,
2675 3269 2920 3360 Domine,
2963 3309 3178 3350 servum
3229 3304 3378 3350 tuum
3405 3295 3472 3350 ‘in

186 3392 315 3453 pter
371 3382 535 3436 ﬁlium
575 3384 940 3454 impetratum,
989 3386 1156 3441 Deum
1189 3387 1478 3442 exsultanti
1517 3390 1783 3458 praedica-

187 3480 352 3533 tione
377 3477 640 3533 laudasse.
671 3479 809 3545 Quid
844 3495 974 3550 ergo
1002 3480 1104 3534 sibi
1130 3480 1242 3536 vult
1269 3484 1412 3552 quod
1448 3481 1543 3547 ait,
1579 3501 1598 3532 ‹
1625 3497 1787 3539 arcus

195 3591 212 3622 ι
248 3571 478 3626 fortium
511 3581 794 3643 superatus
823 3581 928 3639 est,
967 3581 1020 3628 et
1047 3573 1247 3630 inﬁrmi
1284 3572 1510 3632 a‘ccincti
1535 3585 1659 3632 sunt
1684 3579 1789 3633 for-

195 3683 216 3715 ‹
249 3664 512 3729 titudiue,
541 3674 597 3719 et
619 3663 810 3735 repleti
841 3665 993 3735 prius
1007 3679 1104 3736 pro
1117 3667 1348 3737 panibus
1375 3684 1434 3724 se
1451 3669 1783 3737 locaverunt,

196 3778 212 3809 ι
251 3765 311 3812 et
351 3756 582 3812 {melici
625 3758 852 3813 saturati
903 3767 1048 3813 sunt.
1093 3759 1273 3815 Donec
1325 3762 1527 3816 sterilis
1578 3765 1789 3833 peperit

197 3871 215 3905 ι
244 3860 550 3924 septe‘m,et
563 3865 685 3922 qtne
699 3853 896 3908 multos
918 3853 1152 3908 habebat
1181 3855 1340 3921 ﬁlios,
1361 3856 1631 3911 inﬁrmata
1647 3867 1780 3913 est.)

193 3945 473 4016 Numquid
499 3948 612 4016 ipsa
641 3946 852 4016 peperit
871 3954 1076 4016 septem
1099 3947 1349 4016 quamvis
1375 3949 1574 4003 sterilis
1603 3948 1804 4015 fuerit,“

193 4039 422 4094 unicum
453 4039 686 4094 habebat
711 4040 927 4108 quando
953 4039 1054 4093 ista
1084 4040 1316 4105 dicebat,
1347 4042 1442 4096 sed
1472 4056 1572 4096 nec
1602 4040 1789 4112 postea

195 4139 408 4202 septem
437 4133 664 4203 peperit,
703 4133 815 4188 sive
853 4148 967 4199 sex,
1001 4134 1197 4204 quibus
1235 4136 1493 4204 septimus
1511 4147 1654 4191 esset
1687 4137 1790 4192 Sa-

195 4223 372 4288 muel,
399 4224 494 4278 sed
535 4232 647 4279 tres
694 4237 875 4278 mares
911 4232 966 4279 et
1005 4223 1144 4278 duas
1191 4224 1440 4280 feminas.
1493 4226 1694 4282 Deinde
1736 4228 1790 4282 in

196 4313 291 4370 illo
319 4315 518 4384 populo
546 4329 669 4370 cum
695 4315 871 4369 adhuc
898 4329 1058 4369 nemo
1081 4323 1354 4386 regnaret,
1371 4316 1516 4384 quod
1545 4325 1792 4370 extremo

195 4408 409 4479 posuit,
465 4408 557 4463 dat
613 4407 868 4461 virtutem
919 4407 1158 4478 regibus,
1217 4415 1273 4461 et
1309 4405 1567 4461 exaltabit
1622 4421 1792 4462 cornu

199 4500 408 4557 Christi
435 4500 538 4554 sui.
577 4499 726 4555 Unde
751 4499 985 4564 dicebat,
1016 4499 1058 4554 si
1094 4514 1199 4554 non
1226 4499 1620 4569 prophetabat?
1647 4498 1791 4554 Con-

201 4594 622 4662 ticescantcrgo
650 4589 844 4656 Judaei,
889 4598 1105 4645 taceant
1147 4591 1322 4656 multi,
1367 4592 1458 4661 qui
1508 4593 1608 4647 hoc
1632 4591 1786 4662 juxta

199 4687 490 4742 historiam
511 4701 610 4756 pro
628 4695 852 4755 accepto
865 4685 974 4740 [ilio
990 4685 1192 4740 dictum
1215 4694 1424 4755 putant.
1456 4686 1608 4741 Dicat
1633 4687 1787 4742 Anna

201 4776 593 4848 prophetaudo,
636 4778 970 4848 prospiciens
1008 4778 1060 4832 in
1096 4792 1154 4831 se
1185 4776 1568 4832 fecunditatem
1606 4777 1790 4834 Eccle-

203 4870 286 4924 sia
314 4869 481 4923 dicat.
513 4869 668 4924 Dicat
695 4869 858 4924 etiam
898 4869 1140 4924 Ecclesia
1163 4868 1396 4934 Christi,
1433 4870 1625 4926 civitas
1647 4873 1790 4942 regis

205 4963 392 5032 magni
426 4963 598 5034 gratia
625 4961 816 5032 plena,
841 4961 991 5031 prole
1022 4960 1282 5028 fecunda,
1325 4963 1510 5018 dicat:
1545 4983 1560 5010 ι
1600 4963 1794 5018 Exsul.

208 5055 344 5110 tavit
367 5071 460 5110 cor
486 5069 665 5111 meum
698 5054 1016 5125 in‘Domino.
1043 5074 1061 5108 ι
1087 5055 1193 5110 Cor
1215 5054 1358 5109 enim
1381 5063 1582 5110 sanctae
1610 5055 1794 5112 Eccle-

209 5149 306 5202 sia:
333 5161 440 5202 non
471 5149 523 5202 in
567 5150 729 5203 rebus
771 5145 1103 5201 transitoriis
1139 5144 1413 5200 exsultat:
1456 5147 1581 5216 quia
1618 5157 1797 5217 potest

211 5242 336 5310 quis
369 5244 602 5312 gaudere
635 5243 689 5297 in
729 5240 1052 5304 carnalibus,
1101 5254 1206 5294 non
1230 5240 1493 5311 gloriatur
1513 5257 1580 5296 ex
1608 5240 1800 5310 jucun-

213 5338 382 5392 ditate
406 5345 745 5394 terrenarum
769 5351 970 5401 rerum,
995 5334 1090 5390 sed
1113 5335 1164 5388 in
1200 5335 1455 5401 Domino;
1472 5335 1625 5406 juxta
1651 5338 1795 5406 quod

212 5431 412 5486 Paulus
428 5437 734 5488 comulonet
757 5431 944 5486 dicens
975 5450 986 5484 :
1026 5430 1156 5497 «Qui
1182 5429 1466 5498 gloriatur,
1495 5431 1547 5483 in
1569 5430 1796 5487 Domino

214 5523 472 5592 glorietur
495 5522 546 5594 (1
570 5521 692 5577 Cor.
719 5523 780 5593 ι).
815 5543 832 5574 ι
860 5520 995 5576 Hinc
1026 5522 1168 5575 enim
1213 5521 1265 5574 in
1293 5520 1536 5576 Canticis
1563 5523 1798 5578 cantico-

213 5633 356 5685 rum,
393 5631 458 5674 ex
491 5629 622 5674 voce
659 5618 954 5673 electorum
981 5616 1180 5672 dicitur
1214 5635 1225 5671 :
1265 5635 1282 5667 ι
1314 5615 1715 5674 Exsultabimus
1745 5631 1802 5676 et

215 5712 520 5768 laetabimur
533 5714 585 5767 in
603 5720 654 5767 te
671 5711 845 5782 (Cant.
869 5711 967 5782 1).»
985 5711 1064 5765 Ac
1076 5712 1118 5765 si
1141 5719 1327 5780 aperte
1344 5711 1556 5765 dicatur
1573 5726 1587 5764 :
1603 5709 1720 5768 Non
1745 5715 1800 5768 in

218 5805 371 5860 nobis
391 5807 486 5862 sed
523 5806 576 5861 in
601 5815 652 5860 te
673 5805 1066 5861 exsultabimus
1081 5813 1136 5859 et
1159 5802 1484 5869 laztaliimur,
1501 5807 1627 5874 quia
1671 5807 1795 5862 dum

222 5894 469 5955 fortiores
509 5900 574 5955 ad
615 5897 1023 5968 contemplanda
1074 5897 1326 5953 sublimia
1365 5899 1677 5969 pervenisse
1709 5917 1800 5956 co-

1887 3403 2040 3460 pace,
2075 3389 2368 3444 secundum
2386 3388 2611 3444 verbum
2639 3395 2787 3442 tuum
2818 3407 2831 3443 :
2879 3387 3013 3455 Quia
3050 3388 3305 3442 viderunt
3331 3385 3474 3443 oculi

1890 3481 1996 3535 mei
2025 3480 2264 3558 salutare
2297 3489 2448 3536 tuum
2489 3495 2503 3533 :
2545 3479 2698 3547 Quod
2729 3480 2952 3550 parasti,
2980 3487 3107 3534 ante
3139 3480 3332 3536 faciem
3361 3495 3478 3536 om-

1889 3574 2038 3628 nium
2066 3572 2385 3644 populorum
2411 3571 2562 3644 (Luc.
2591 3572 2674 3639 ιι).
2707 3593 2725 3627 ›
2762 3572 2826 3628 Et
2849 3573 2913 3629 de
2934 3588 3041 3643 quo
3058 3573 3365 3644 patriarcha
3391 3573 3482 3629 .Ia-

1893 3666 1993 3720 cob
2019 3665 2358 3736 loquebatur,
2376 3665 2563 3720 dicens
2589 3683 2601 3718 :
2635 3683 2653 3716 σ
2687 3664 2936 3720 Salutare
2955 3673 3102 3719 tuum
3123 3665 3473 3738 exspectabo,

1895 3756 2124 3812 Domine
2154 3755 2311 3828 (Gen.
2339 3755 2509 3827 xmx).
2548 3775 2566 3806 ι
2605 3753 2770 3826 Cujus
2805 3755 3261 3826 magniﬁcentiam
3295 3767 3358 3810 ac
3387 3771 3483 3826 p0-

1893 3851 2118 3906 teutiam
2147 3849 2518 3914 considerans,
2551 3848 2627 3902 ait
2661 3866 2674 3900 :

1970 3963 1988 3993 ι
2021 3941 2137 3998 Νοη
2187 3950 2271 3997 est
2315 3947 2558 4005 sanctus,
2592 3947 2650 3993 ut
2697 3947 2781 3995 est
2811 3939 3090 4006 Dominus,
3126 3945 3302 4010 neque
3334 3939 3480 3994 enim

1902 4053 1920 4085 ι
1958 4041 2042 4088 est
2067 4032 2207 4086 alius
2238 4039 2391 4085 extra
2421 4040 2493 4096 te,
2527 4039 2582 4086 et
2609 4045 2712 4086 non
2755 4041 2841 4085 est
2863 4030 3021 4086 fortis
3047 4032 3188 4087 sicut
3214 4031 3354 4087 Deus
3377 4045 3475 4086 uo-

1902 4145 1920 4177 ι
1950 4137 2081 4191 ster,
2114 4145 2132 4177 ι
2164 4134 2218 4180 et
2233 4124 2460 4194 reliqua.
2495 4125 2638 4180 Bene
2664 4125 2867 4179 dictum
2897 4133 2980 4180 est
3005 4143 3018 4178 :
3054 4142 3072 4176 ο
3093 4124 3212 4180 Non
3242 4133 3325 4180 est
3351 4139 3479 4179 san-

1896 4230 2038 4287 ctus,
2074 4228 2130 4274 ut
2161 4228 2244 4274 est
2275 4219 2539 4274 Dominus
2568 4257 2583 4283 ,
2625 4238 2646 4270 ι
2677 4219 2802 4288 quia
2835 4218 3016 4272 nullus
3061 4217 3182 4288 ejus
3207 4217 3484 4272 sanctitati

1897 4329 1956 4370 se
1975 4328 2292 4384 comparare
2319 4312 2483 4368 valet.
2519 4311 2878 4367 Distinctioue
2910 4311 3100 4378 utitur,
3137 4320 3194 4366 ut
3221 4309 3358 4364 dixit
3383 4310 3483 4364 Do-

1899 4411 2096 4472 minus,
2143 4409 2238 4463 sed
2301 4406 2476 4461 nullus
2523 4412 2608 4460 est
2659 4405 2800 4461 sicut
2844 4405 3126 4468 Dominus,
3181 4412 3402 4459 sanctus
3431 4411 3485 4459 et

1899 4500 2270 4564 sanctiﬁcans,
2302 4497 2484 4566 justus
2510 4507 2564 4552 et
2587 4495 2910 4566 justiﬁcans.
2945 4495 3079 4554 Nam
3109 4496 3213 4550 hoc
3239 4496 3486 4550 conside-

1899 4596 2053 4650 rabat
2082 4592 2368 4648 Psalmista
2418 4590 2636 4660 quando
2669 4589 2882 4644 dicebat
2911 4604 2923 4640 :
2959 4607 2976 4638 ‹
3010 4586 3142 4654 Quis
3166 4587 3221 4641 in
3255 4587 3488 4642 nubibus

1899 4688 2207 4760 aequabitur
2248 4685 2498 4749 Domino,
2545 4692 2639 4738 aut
2666 4683 2790 4753 quis
2818 4681 3011 4737 similis
3039 4683 3148 4736 Deo
3190 4683 3330 4737 inter
3351 4683 3490 4736 ﬁlios

1902 4785 2000 4839 Dei
2028 4781 2204 4856 (Psal.
2230 4777 2535 4845 Lxxxvm)?
2565 4797 2582 4828 ι
2615 4776 2767 4846 Unde
2797 4785 2852 4831 et
2885 4777 3078 4831 merito
3108 4775 3445 4831 subinfertur
3474 4794 3485 4829 :

1908 4896 1928 4929 ι
1965 4875 2152 4944 Neque
2192 4873 2337 4928 enim
2367 4879 2449 4926 est
2499 4869 2636 4924 alius
2685 4877 2837 4923 extra
2879 4875 2931 4922 te
2972 4877 3025 4922 et
3059 4883 3162 4923 non
3205 4875 3290 4922 est
3333 4865 3489 4920 fortis

1905 4970 2048 5025 sicut
2077 4969 2222 5022 Deus
2253 4974 2454 5021 noster.
2489 4983 2505 5013 ι
2537 4963 2671 5030 Quia
2700 4977 2859 5018 nemo
2899 4963 2956 5016 [lt
3005 4970 3245 5024 sanctus,
3289 4959 3391 5014 nisi
3422 4958 3489 5014 ab

1908 5064 2026 5133 ipso
2053 5061 2425 5117 san'ctiﬁcatus
2464 5057 2644 5116 fuerit.
2697 5061 2764 5115 Et
2791 5075 2896 5115 non
2923 5063 3096 5116 solum
3121 5065 3368 5122 sanctus,
3396 5056 3492 5110 sed

1907 5171 2008 5212 nec
2037 5155 2336 5210 consistere
2369 5154 2528 5220 valet,
2574 5167 2674 5208 nec
2720 5153 2956 5223 aliquam
3004 5147 3370 5206 fortitudinem
3397 5149 3493 5204 ha-

1907 5250 2058 5312 bere,
2104 5247 2208 5301 nisi
2239 5248 2306 5299 ah
2338 5247 2456 5316 ipso
2488 5245 2810 5316 perceperit.
2838 5244 2974 5298 Hinc
2995 5241 3194 5296 Pacius
3217 5241 3492 5312 apostolus

1906 5341 2020 5395 ait:
2059 5359 2076 5390 ι
2111 5339 2376 5406 Quoniam
2419 5339 2470 5392 in
2520 5339 2638 5408 ipso
2672 5337 2927 5398 vivimus,
2978 5349 3280 5400 movemur,
3325 5343 3380 5390 et
3405 5349 3494 5389 su-

1905 5449 2026 5487 mus
2057 5432 2194 5504 (Act.
2231 5430 2384 5502 xvu).
2422 5449 2440 5480 ι
2485 5428 2621 5482 Hinc
2663 5429 2774 5483 suis
2805 5426 3080 5496 discipulis
3109 5426 3226 5495 ipsa
3277 5424 3496 5482 Veritas

1909 5532 1986 5586 ait
2022 5551 2033 5584 :
2071 5547 2090 5580 ι
2121 5529 2251 5583 Sine
2283 5543 2367 5581 me
2396 5524 2779 5595 niltilpotestis
2805 5521 2988 5578 facere
3015 5521 3194 5593 (Joan.
3227 5523 3338 5594 xv).
3380 5544 3397 5576 ι
3431 5521 3498 5578 Et

1910 5627 1954 5682 si
1987 5625 2112 5680 su‘n‘t
2139 5623 2230 5694 qui
2259 5621 2513 5676 dicuntur
2538 5619 2611 5675 dii
2645 5615 2798 5672 multi
2844 5625 2896 5670 et
2924 5615 3124 5672 domini
3167 5617 3344 5683 multi,
3377 5613 3497 5671 nul-

1913 5724 1996 5771 tus
2017 5724 2195 5770 tamen
2223 5723 2412 5768 eorum
2440 5720 2547 5775 est,
2599 5705 2921 5764 naturaliter
2955 5709 3020 5764 id
3038 5711 3178 5779 quod
3227 5711 3366 5766 Deus
3393 5711 3494 5763 est.

1912 5808 2051 5875 Quid
2079 5816 2163 5861 est
2209 5805 2351 5859 enim
2381 5799 2568 5856 umbra
2623 5801 2690 5854 ad
2723 5801 3184 5871 comparationem
3231 5801 3496 5872 corporis,

1909 5911 1966 5955 et
1996 5899 2178 5954 fumus
2204 5899 2271 5953 ad
2311 5894 2765 5966 comparationem
2799 5895 2980 5967 ignis?
3021 5894 3132 5952 Hoc
3165 5895 3504 5966 perpendens
