3970 6332
594 361 700 419 265

1636 361 1992 419 ANGELOMI
2028 361 2490 420 LUXOVIENSIS
2531 363 2837 424 MONACHI
3701 382 3771 440 ξω

589 474 888 540 Abraham,
919 474 1139 545 quando
1161 489 1289 530 cum
1329 473 1560 530 Domino
1597 473 1921 545 loquebatur
1945 514 1961 541 ,
1994 473 2125 530 dicit
2156 491 2170 528 :
2202 478 2255 538 Α
2282 474 2335 530 in
2355 476 2472 549 lege
2513 476 2723 547 gloriati
2773 487 2931 545 sunt,
2961 485 3016 534 et
3039 493 3105 534 ea
3133 480 3520 551 quodammodo
3552 485 3771 552 defendere

599 582 620 617 α
657 565 874 636 Loquar
900 566 970 622 ad
1017 566 1306 622 Dominum
1354 577 1714 632 meum,'cum
1752 566 1853 621 sim
1897 565 2078 636 pulvis
2124 575 2179 622 et

590 661 764 720 ciuis?
787 661 939 734 (Gen.
963 661 1145 735 xvm.)
1168 681 1186 714 ι
1215 662 1275 717 1η
1297 662 1702 733 comparatione
1724 668 1888 716 tantae
1923 660 2176 731 majesta-

592 757 683 822 tis,
713 772 838 814 cum
867 758 1017 813 dives
1039 764 1216 823 esset,
1241 756 1376 812 nihil
1403 755 1546 811 aliud
1575 755 1680 811 nisi
1720 755 1964 812 cinerem
1986 764 2041 813 et
2059 757 2176 828 pul-

590 865 776 906 verem
823 865 883 906 se
923 865 1046 907 esse
1088 849 1360 920 cognovit.
1391 847 1546 916 Quod
1583 847 1776 904 scribae
1801 857 1858 904 et
1886 848 2172 915 Pharisaei,

587 944 880 1015 exterique
913 945 1267 1015 reproborum
1314 943 1555 998 humana
1600 942 1896 1013 sapientes,
1927 941 2176 999 conside-

591 1049 716 1092 rare
739 1043 1111 1092 contemnunt.
1137 1033 1291 1090 Unde
1329 1033 1397 1089 de
1417 1034 1499 1090 eis
1529 1033 1875 1106 subiungitur
1905 1050 1920 1090 :

663 1145 682 1178 ε
722 1124 899 1182 Nolite
938 1123 1298 1193 multiplicare
1336 1123 1485 1194 loqui
1529 1124 1806 1192 sublimia,
1853 1127 2169 1198 gloriantes.

592 1235 612 1268 ε
641 1215 919 1273 Becedant
945 1225 1130 1271 vetera
1181 1215 1246 1271 de
1288 1230 1385 1272 ore
1426 1224 1642 1282 vestro,
1682 1236 1702 1269 ι
1735 1225 1842 1274 etc.
1876 1217 2174 1290 Redarguit

583 1315 772 1362 sancta
803 1305 1045 1362 Ecclesia
1083 1303 1304 1362 Iudaeos
1341 1315 1397 1362 et
1420 1308 1693 1377 sapientes
1739 1308 1900 1380 hujus
1944 1308 2166 1372 saeculi,

581 1398 900 1454 extollentes
928 1412 988 1453 se
1015 1406 1208 1454 contra
1249 1399 1535 1454 scientiam
1583 1400 1700 1466 Dei,
1737 1416 1804 1456 ne
1827 1401 2058 1472 superbe
2082 1415 2168 1457 sa-

580 1489 750 1559 piant,
787 1504 888 1546 nec
914 1505 1084 1561 prave
1127 1489 1195 1546 de
1239 1489 1352 1547 Deo
1396 1491 1655 1557 sentiant,
1703 1492 1797 1547 sed
1845 1491 2068 1548 humilia
2113 1498 2169 1546 et

575 1581 787 1650 sapiant
813 1588 869 1636 et
895 1580 1204 1652 loquantur.
1253 1581 1531 1652 Scriptum
1576 1598 1813 1653 namque
1838 1591 1922 1638 est
1957 1603 1970 1636 :
2013 1602 2032 1634 ι
2063 1585 2168 1639 Do-

583 1670 762 1726 minus
790 1671 846 1726 in
871 1672 1032 1739 caelo,
1062 1679 1120 1727 et
1143 1681 1199 1727 tu
1241 1688 1404 1744 super
1439 1683 1641 1729 terram
1671 1673 1758 1745 (II
1787 1673 1965 1730 Μασιι.
1989 1675 2103 1745 xv).
2140 1694 2161 1728 ›

574 1758 698 1815 [deo
749 1761 910 1831 pauci
949 1763 1062 1818 sint
1095 1777 1379 1820 sermones
1423 1765 1520 1820 tui.
1567 1765 1862 1833 Recedant,
1917 1767 2160 1836 inquam,

2281 571 2512 639 superbe
2537 570 2844 638 voluerunt,
2893 569 3154 627 inﬁrmati
3203 583 3347 640 sunt,
3388 583 3441 630 et
3466 577 3642 634 malum
3671 590 3768 654 quod

2281 661 2349 715 de
2369 663 2624 731 pharetra
2656 665 2739 719 sui
2769 663 2956 719 livoris
2985 663 3269 721 intendere
3299 665 3583 736 voluerunt,
3607 672 3650 728 in
3677 675 3772 746 ipsos

2279 770 2599 814 conversum
2624 767 2729 823 est,
2751 756 2907 828 juxta
2929 759 3074 830 quod
3095 759 3220 814 alibi
3250 761 3502 832 scriptum
3523 775 3626 820 est:
3650 787 3664 818 ι
3684 769 3772 827 Con.

2277 851 2420 906 versi
2449 852 2642 908 suntin
2663 867 2848 909 arcum
2860 869 3086 926 pravum
3104 854 3220 926 (Ps.
3246 856 3432 928 vau).
3456 876 3473 910 ι
3498 859 3646 918 Arcus
3674 868 3770 922 enim

2279 955 2309 994 a
2334 957 2443 1012 quo
2471 941 2791 1012 intenditur,
2805 945 2874 1000 ad
2897 945 3070 1016 ipsum
3087 947 3448 1004 convertitur:
3471 951 3584 1019 quia
3602 957 3771 1022 pravitas

2279 1033 2526 1106 malignae
2548 1036 2880 1103 intentionis,
2933 1026 3093 1110 quam
3140 1039 3209 1094 de
3254 1041 3498 1112 pharetra
3547 1045 3619 1100 sui
3645 1045 3770 1105 livoris

2277 1139 2500 1181 exerere
2520 1126 2745 1185 Iudaica
2766 1129 2994 1200 perﬁdia
3023 1131 3215 1199 voluit,
3241 1133 3296 1187 in
3319 1149 3434 1190 eam
3463 1150 3682 1193 conversa
3703 1153 3769 1206 est,

2275 1217 2402 1286 quia
2434 1232 2529 1274 sua
2569 1219 2772 1276 malitia
2821 1221 3155 1280 inﬁdelitatis
3212 1226 3459 1284 damnata
3509 1231 3710 1298 exstitit,
3739 1253 3770 1290 et

2275 1315 2507 1379 gratiam
2537 1313 2876 1372 fortitudinis
2895 1332 3000 1387 qua
3029 1318 3362 1390 gloriabatur
3382 1338 3530 1394 posse
3551 1325 3650 1381 sine
3669 1328 3769 1395 adju-

2275 1405 2417 1461 torio
2459 1405 2643 1464 divino
2695 1410 2930 1466 humana
2985 1410 3305 1469 sufﬁcientia
3376 1413 3538 1486 legem
3583 1417 3767 1488 implere,

2274 1497 2476 1566 amisit,
2520 1509 2577 1556 et
2608 1503 2856 1559 eamdem
2907 1505 3137 1576 gratiam
3192 1506 3510 1565 valetudinis
3543 1511 3768 1574 credentes,

2271 1603 2340 1643 ex
2384 1591 2632 1659 gentibus
2669 1593 2762 1664 qui
2799 1596 2950 1665 prius
2981 1597 3185 1653 inﬁrmi
3239 1599 3550 1658 videbantur
3569 1603 3770 1668 esse,l)o-

2271 1683 2420 1738 mino
2447 1684 2728 1756 largiente,
2760 1701 3142 1760 perceperunt,
3166 1692 3308 1749 sicut
3329 1695 3640 1753 subnectitur
3665 1716 3675 1750 :
3699 1699 3769 1752 «Et

2271 1773 2471 1832 inﬁrmi
2493 1779 2724 1836 accincti
2752 1791 2880 1836 sunt
2904 1783 3120 1840 robore.
3155 1804 3174 1836 ι
3214 1785 3474 1844 Videlicet
3505 1789 3660 1859 populi
3683 1804 3764 1859 gen-

576 1859 765 1904 νθιθτθ
812 1851 947 1923 legis
977 1852 1044 1907 de
1072 1867 1167 1908 οΐθ
1203 1853 1463 1923 ipsorum.
1496 1863 1552 1911 ει
1593 1865 1789 1911 επιϐνᾶ
1834 1873 1954 1928 quae
1979 1858 2049 1913 ad
2073 1873 2164 1914 νϐ·
2194 1853 2242 1913 Β
2271 1870 2429 1936 tium,
2455 1872 2548 1942 qui
2577 1874 2644 1929 de
2670 1873 2784 1930 suis
2811 1875 3103 1932 virtutibus
3142 1877 3279 1933 nihil
3329 1851 3705 1949 praesumentes,
3734 1884 3765 1935 in

572 1949 748 1998 terem
775 1945 1047 2000 hominem
1087 1947 1380 2016 pertinent,
1413 1949 1469 2004 id
1507 1957 1592 2006 est
1628 1950 1697 2006 ad
1731 1952 2004 2008 carnalem
2035 1967 2164 2008 con-

573 2035 960 2092 versationem.
995 2036 1105 2094 Sed
1152 2039 1438 2095 scientiam
1466 2056 1588 2111 quae
1607 2057 1676 2098 ex
1704 2041 1817 2098 Deo
1839 2052 1944 2110 est,
1979 2045 2160 2116 inqui-

574 2140 696 2181 rere
722 2136 992 2198 satagant,
1027 2144 1134 2184 non
1166 2131 1275 2186 sint
1325 2131 1562 2188 humana
1609 2143 1666 2188 et
1695 2135 1903 2191 carnali
1931 2137 2161 2192 scientia

571 2215 707 2287 legis
753 2217 1068 2290 gloriantes,
1110 2230 1166 2277 et
1207 2237 1318 2278 non
1367 2233 1524 2278 exeat
1561 2225 1930 2297 vaniloquium
1979 2229 2045 2284 de
2067 2243 2162 2286 ore

573 2310 834 2381 ipsorum,
867 2322 923 2369 et
971 2315 1148 2370 sciant
1195 2316 1318 2386 quia
1377 2333 1538 2374 nemo
1567 2328 1748 2389 potest
1790 2321 2013 2389 habere,
2056 2323 2160 2378 nisi

571 2404 641 2460 ab
662 2405 782 2474 ipso
826 2410 1152 2480 perceperit,
1180 2411 1464 2468 scientiam
1501 2415 1744 2470 veritatis
1777 2434 1790 2470 :
1835 2436 1854 2468 ‹
1888 2418 2016 2488 quia
2046 2418 2160 2489 ipse

587 2516 606 2548 ‹
641 2506 726 2554 est
755 2500 1102 2558 scientiarum
1132 2504 1413 2572 Dominus,
1458 2515 1513 2562 et
1553 2507 1678 2577 ipsi,
1715 2524 1938 2565 necesse
1965 2519 2071 2577 est,
2100 2520 2160 2566 ut

592 2607 613 2640 ι
648 2595 1204 2662 ρτωρθνθηιυνὺοηω
1236 2596 1608 2668 cogitationes.
1651 2618 1670 2650 ›
1705 2599 1841 2666 Quia
1894 2601 2164 2671 scriptum

566 2689 649 2738 est
695 2700 711 2738 :
765 2703 786 2736 ‹
813 2684 1049 2756 Spiritus
1100 2688 1247 2742 enim
1303 2699 1526 2745 sanctus
1582 2689 1882 2762 disciplinae
1937 2690 2160 2764 effugiet

566 2773 776 2841 ﬁctum,
805 2785 861 2833 et
893 2776 1106 2834 auferet
1146 2794 1204 2834 se
1256 2795 1286 2834 a
1337 2781 1757 2851 cogitationibus
1785 2822 1800 2848 ,
1860 2797 1980 2852 quae
2029 2791 2157 2837 sunt

564 2865 682 2922 sine
711 2867 1009 2925 intellectu.
1033 2869 1299 2938 Quoniam
1330 2872 1386 2927 in
1411 2872 1734 2929 malevolam
1763 2873 2001 2929 animam
2045 2889 2154 2930 non

565 2952 811 3011 introibit
838 2960 1127 3030 sapientia,
1160 2975 1263 3016 nec
1289 2961 1557 3017 habitabit
1597 2963 1652 3018 in
1682 2979 1908 3034 corpore
1935 2964 2154 3020 subdito

560 3048 798 3114 peccatis
828 3049 983 3120 (Sap.
1015 3050 1076 3120 1).
1115 3070 1134 3104 ›
1167 3051 1232 3106 Ει
1257 3053 1480 3123 spiritus
1501 3064 1776 3110 scrutatur
1805 3057 1971 3112 etiam
2021 3073 2150 3127 pro-

559 3135 726 3192 funda
758 3137 854 3194 Dei
881 3138 933 3208 (I
965 3137 1087 3194 Cor.
1134 3140 1220 3212 ιι).
1255 3141 1453 3198 Verum
1489 3145 1617 3216 quia
1657 3145 1823 3202 Judaei
1853 3147 2149 3217 gloriantes

561 3228 618 3284 in
662 3229 798 3301 lege,
848 3231 1038 3286 altiora
1089 3248 1147 3288 se
1182 3211 1524 3303 quaerentes,—
1551 3245 1607 3291 et
1662 3211 1970 3295 nescientes
2020 3241 2148 3310 quia
2176 3211 2220 3274 Ο

560 3321 704 3378 Deus
732 3331 818 3378 est
840 3324 1210 3401 scientiarum,
1245 3334 1299 3381 et
1338 3327 1545 3384 arbiter
1587 3331 2069 3398 conscientiarum,
2093 3341 2152 3387 et

559 3413 852 3470 carnaliter
893 3417 1184 3487 sapientes,
1230 3421 1306 3472 ita
1347 3433 1510 3490 agere
1535 3420 1916 3491 despexerunt,
1945 3439 1978 3478 a
2006 3424 2150 3481 fastu

559 3523 672 3566 suae
716 3510 984 3581 superbiae
1021 3520 1361 3578 corruentcs,
1411 3513 1680 3570 humiliati
1727 3524 1872 3572 sunt.
1899 3515 2034 3572 Nam
2063 3533 2149 3574 se-

558 3600 741 3672 quitur
764 3619 778 3657 :

639 3714 658 3747 ι
691 3677 868 3752 Ατὲιιε
898 3697 1120 3755 fortium
1143 3709 1428 3772 superatus
1457 3713 1563 3770 est,
1596 3714 1652 3760 et
1675 3706 1876 3761 inﬁrmi
1916 3709 2146 3765 accincti

563 3804 582 3838 ι
611 3795 739 3842 sunt
770 3789 984 3845 robore.
1018 3811 1036 3842 ι
1064 3791 1242 3852 Arcus
1278 3794 1426 3850 enim
1465 3799 1717 3865 nomine,
1747 3800 1800 3855 iu
1843 3818 2001 3858 sacro
2038 3803 2149 3859 elo-

558 3878 708 3949 quio,
762 3880 1054 3951 aliquando
1084 3886 1200 3941 dies
1242 3885 1454 3956 iudicii,
1479 3889 1639 3960 juxta
1688 3894 1831 3963 quod
1873 3910 1970 3965 per
1997 3895 2147 3952 Psal-

557 3972 779 4028 mistam
817 3971 1054 4034 dicitur:
1084 3996 1102 4030 ι
1137 3978 1432 4037 Ostendisti
1458 3985 1656 4055 populo
1687 3994 1777 4041 tuo
1816 3988 1972 4054 dura,
1996 3997 2147 4057 pota—

556 4066 629 4122 sti
658 4083 757 4124 nos
776 4069 904 4126 vino
931 4077 1390 4144 compunctionis.
1425 4079 1634 4137 Dedisti
1675 4086 2046 4143 metuentibus
2093 4097 2146 4144 te

555 4161 1100 4237 signiﬁcationem,ut
1121 4170 1330 4243 fugiant
1362 4187 1395 4227 a
1422 4173 1561 4232 facie
1583 4191 1742 4233 arcus
1771 4177 1944 4250 (Psal.
1970 4181 2136 4246 nx)»

555 4253 860 4326 Aliquando
887 4271 1020 4314 vero
1045 4276 1200 4316 sacra
1235 4263 1450 4336 eloquia
1476 4267 1846 4340 designantur,
1882 4271 2023 4327 sicut
2049 4286 2144 4342 per

555 4347 804 4404 eumdem
830 4349 1158 4422 Prophetam
1185 4356 1382 4412 dicitur
1404 4376 1416 4411 :
1451 4375 1471 4410 ι
1499 4359 1700 4416 Arcum
1726 4379 1884 4418 suum
1912 4365 2142 4422 tetendit

554 4445 611 4494 et
657 4440 870 4510 paravit
919 4441 1092 4510 illum,
1142 4455 1198 4501 et
1245 4447 1298 4501 in
1351 4449 1467 4518 ipso
1505 4454 1717 4520 paravit
1757 4471 1887 4511 vasa
1947 4464 2140 4518 mortis

555 4529 732 4640 (Paul.
761 4535 882 4606 vn),
913 4555 932 4588 ι
957 4539 1064 4594 etc.
1094 4538 1398 4611 Aliquando
1411 4555 1592 4600 autem
1609 4547 1876 4605 malorum
1906 4551 2137 4620 insidiae,
2166 4582 2220 4641 Β

551 4635 608 4682 et
654 4627 981 4689 intentiones
1031 4634 1336 4706 ﬁgurantur
1383 4656 1766 4710 perversorum
1798 4687 1813 4713 ,
1871 4649 2012 4704 sicut
2078 4651 2133 4706 in

550 4718 768 4778 Psalmo
808 4723 1072 4795 legimus:
1120 4749 1137 4779 ‹
1167 4729 1519 4790 lntenderunt
1544 4752 1730 4796 arcum
1778 4755 1968 4809 suum,
2019 4758 2132 4800 rem

550 4828 793 4868 amaram
827 4815 1000 4887 (Psal.
1051 4822 1261 4892 xxxvr).
1291 4842 1309 4875 ι
1347 4824 1502 4880 Unde
1526 4836 1582 4883 et
1633 4830 1686 4884 in
1714 4831 1816 4887 hoc
1857 4832 1978 4888 loco
2005 4834 2135 4890 dici-

553 4914 640 4960 tur
671 4923 685 4960 :
725 4925 743 4958 ι
785 4907 960 4966 Arcus
985 4911 1206 4968 fortium
1234 4929 1519 4986 superatus
1547 4931 1650 4976 est.
1689 4943 1707 4975 ι
1747 4923 1987 4996 Denique
2007 4930 2134 4998 quia

549 4993 721 5051 Judaei
744 4997 1008 5054 duritiam
1039 4995 1191 5073 legis,
1221 5005 1366 5062 velut
1392 5024 1593 5064 cornua
1623 5027 1782 5070 arcus
1814 4993 1977 5072 corda
1999 4993 2134 5075 Novi

552 5084 908 5158 Testamenti,
929 5091 1151 5150 flectere
1166 5095 1474 5166 noluerunt,
1503 5104 1599 5158 sed
1614 5107 1909 5165 carnaliter
1924 5125 2133 5182 sapere,

551 5188 606 5234 et
632 5182 1068 5249 praedicationem
1119 5186 1418 5247 Salvatoris
1455 5198 1636 5252 conati
1677 5209 1802 5255 sunt
1857 5203 1970 5258 suis
2012 5221 2135 5276 per-

549 5273 721 5328 versis
756 5275 1148 5336 intentionibus
1173 5296 1455 5353 superare,
1485 5297 1540 5342 et
1573 5307 1739 5361 prave
1770 5295 1838 5350 de
1864 5297 1981 5368 ipso
2011 5273 2135 5356 sen-

551 5366 673 5432 tire,
731 5377 892 5439 atque
921 5371 1221 5454 Ecclesiam
1266 5376 1432 5447 ipsius
1463 5392 1830 5455 contemnere,
1861 5366 1916 5446 et
1939 5408 2131 5462 parare

550 5475 736 5516 arcum
763 5479 920 5519 suum
965 5483 1080 5523 rem
1104 5485 1368 5540 amaram,
1393 5483 1448 5530 et
1474 5488 1762 5548 propterea
1784 5482 1976 5552 dejecti
2006 5497 2134 5542 sunt

549 5557 712 5619 atque
753 5553 1038 5612 humiliati.
1069 5557 1214 5616 Bene
1249 5562 1452 5620 dictum
1493 5577 1576 5622 est
1610 5588 1623 5622 :
1667 5590 1688 5623 ‹
1711 5571 1887 5628 Arcus
1910 5574 2128 5632 fortium

550 5653 836 5711 superatus
859 5655 961 5702 est.
997 5668 1014 5702 ι
1057 5649 1116 5707 ld
1144 5661 1229 5709 est
1259 5656 1488 5713 intentio
1515 5659 1822 5718 Judzeorum
1854 5681 2125 5734 perversa,

549 5734 676 5804 quia
705 5750 870 5805 prave
892 5753 1200 5811 senserunt,
1226 5761 1292 5801 ex
1315 5746 1498 5804 Veteri
1522 5751 1873 5811 Testamento
1901 5757 2126 5826 prolata,

547 5828 602 5883 in
635 5826 782 5886 Novo
807 5830 1082 5890 inﬁrmata
1111 5846 1212 5892 est.
1263 5839 1404 5906 Quia
1442 5859 1509 5898 ex
1538 5844 1640 5901 hoc
1663 5846 1809 5916 quod
1839 5850 2132 5907 carnaliter

2265 1960 2480 2019 Domini
2509 1973 2635 2020 sunt
2648 1965 2859 2037 justitia
2880 1967 3142 2023 roborati.
3169 1968 3252 2023 Ex
3275 1985 3496 2040 quorum
3524 1987 3639 2027 voce
3661 1971 3762 2026 Psal-

2266 2054 2426 2110 mista
2481 2055 2722 2126 loquitur
2759 2058 2948 2114 dicens
2981 2076 2994 2112 :
3045 2078 3065 2111 ι
3100 2059 3360 2118 Miserere
3401 2063 3522 2129 mei,
3566 2063 3761 2128 Domine,

2265 2145 2520 2214 quoniam
2541 2147 2790 2206 inﬁrmus
2815 2165 2934 2207 sum
2955 2149 3126 2224 (Psal.
3148 2153 3250 2226 vi).
3283 2174 3302 2207 ι
3336 2154 3403 2209 Et
3419 2154 3596 2236 iterum
3621 2174 3632 2209 :
3659 2175 3674 2205 ι
3705 2156 3764 2210 lli-

2263 2253 2445 2296 serere
2474 2242 2604 2308 mei,
2631 2243 2799 2310 Deus,
2829 2245 3091 2302 miserere
3113 2247 3242 2312 mei,
3269 2249 3516 2317 quoniam
3543 2249 3592 2303 in
3615 2258 3658 2304 te
3673 2264 3761 2304 cono

2263 2331 2381 2387 ﬁdit
2418 2333 2598 2390 anima
2623 2350 2744 2391 mea
2778 2335 2950 2407 (Psal.
2981 2337 3111 2410 Lvt).
3155 2359 3176 2392 ι
3205 2339 3454 2396 Inﬁrmus
3477 2350 3583 2396 erat
3601 2341 3762 2412 populus

2261 2424 2480 2494 gentilis
2504 2467 2518 2492 ,
2574 2427 2792 2496 quando
2818 2428 3023 2486 alienus
3067 2445 3098 2485 a
3143 2440 3466 2490 testamento
3497 2435 3582 2490 Dei
3623 2434 3758 2489 fuerat.

2260 2513 2396 2570 Hinc
2441 2515 2697 2574 Salomon
2741 2519 2810 2576 de
2842 2522 3032 2578 eadem
3081 2525 3325 2594 gentium
3372 2526 3654 2581 inﬁrmitate
3679 2526 3758 2579 ait:

2265 2627 2282 2660 ι
2318 2608 2649 2680 Lepusculus
2691 2612 2844 2684 plebs
2874 2614 3110 2671 invalida
3135 2656 3150 2682 ,
3183 2633 3304 2688 quae
3325 2619 3544 2675 collocat
3579 2619 3625 2674 in
3652 2626 3756 2687 petra

2259 2702 2432 2759 cubile
2460 2719 2620 2760 suum
2651 2703 2833 2778 (Prov.
2882 2708 3038 2779 xxx).
3082 2728 3100 2760 ι
3134 2708 3299 2766 Plebs
3323 2719 3405 2766 est
3432 2710 3638 2766 invalida
3657 2708 3758 2763 natio

2257 2797 2496 2868 gentium
2527 2797 2733 2864 ﬁdelis,
2764 2815 2884 2870 quae
2923 2801 2976 2854 in
3001 2803 3115 2857 suis
3163 2803 3371 2860 viribus
3401 2804 3470 2859 nil
3506 2801 3758 2866 ﬁdens,sed

2256 2885 2313 2941 in
2340 2888 2543 2943 auxilio
2581 2889 2664 2943 sui
2721 2890 3100 2962 Redemptoris
3146 2909 3370 2964 sperare
3409 2895 3596 2952 didicit.
3622 2893 3675 2948 Et
3691 2895 3758 2948 hoc

2257 2987 2340 3034 est
2371 2978 2444 3033 illi
2473 2981 2525 3035 in
2555 2989 2710 3052 petra
2735 2981 3004 3039 collocare
3039 2985 3242 3042 cubile.
3281 3006 3301 3038 ‹
3335 2987 3488 3042 Petra
3523 2985 3756 3049 autem,in-

2255 3072 2372 3142 quit
2405 3073 2696 3143 Apostolus
2721 3115 2736 3140 ,
2779 3083 2901 3130 erat
2955 3075 3209 3133 Christus
3263 3078 3314 3150 (Ι
3348 3077 3465 3134 Cor.
3498 3078 3567 3148 x).
3596 3096 3611 3129 ι
3647 3072 3757 3141 Cujus

2253 3165 2506 3236 praesidio
2546 3175 2605 3220 ut
2657 3181 2880 3224 aversos
2907 3169 3044 3224 vitet
3089 3170 3358 3238 incursus,
3390 3170 3598 3227 Domino
3633 3167 3755 3223 dicere

2255 3257 2406 3312 novit
2431 3272 2553 3312 cum
2598 3257 2883 3314 Psalmista
2915 3278 2929 3313 :
2969 3279 2988 3310 ‹
3026 3261 3157 3316 Esto
3189 3263 3322 3317 mihi
3363 3263 3416 3317 in
3463 3261 3662 3332 lapidem
3682 3257 3752 3312 ior-

2256 3336 2555 3414 tissimum,
2607 3358 2665 3403 et
2709 3349 2764 3404 in
2795 3351 3015 3405 domum
3071 3353 3361 3421 munitam,
3417 3361 3472 3407 ut
3518 3349 3662 3407 salves
3701 3358 3754 3399 me

2254 3439 2426 3511 (Paul.
2460 3444 2610 3510 Lxx).
2643 3459 2661 3492 ι
2699 3441 2853 3496 Unde
2879 3441 3017 3498 bene
3037 3443 3103 3498 de
3129 3445 3433 3516 abjeCtione
3452 3443 3707 3499 Judzeorum
3721 3445 3753 3491 et

2253 3532 2427 3588 salute
2455 3533 2694 3604 gentium
2724 3533 3058 3590 subinfertur
3089 3554 3102 3588 :

2331 3643 2350 3674 ι
2383 3623 2596 3693 Repleti
2626 3624 2780 3695 prius
2807 3641 2906 3696 pro
2940 3627 3168 3696 panibus
3213 3643 3272 3684 se
3309 3628 3616 3690 locaverunt,
3639 3631 3680 3678 et
3703 3620 3754 3674 fa-

2259 3737 2276 3769 ι
2317 3717 2492 3773 melici
2543 3717 2769 3773 saturati
2827 3726 2972 3773 sunt.
3007 3739 3026 3771 ι
3083 3719 3139 3772 ln
3195 3718 3386 3777 Graeco
3439 3719 3510 3774 ita
3556 3717 3752 3773 habetur:

2258 3828 2276 3860 ‹
2305 3808 2454 3864 Pleni
2479 3809 2707 3878 panibus
2732 3808 2987 3864 minorati
3021 3819 3166 3875 sunt,
3197 3820 3256 3867 et
3283 3810 3568 3868 esurientes
3586 3802 3753 3868 transi?

2251 3911 2377 3956 runt
2401 3909 2622 3956 terram.
2657 3921 2676 3954 ι
2707 3901 2921 3972 Repleti
2969 3902 3141 3973 prius,
3179 3919 3278 3960 seu
3319 3904 3457 3976 pleni
3483 3901 3675 3974 panibus
3689 3894 3751 3948 Ju-

2249 3993 2348 4048 daai
2390 3992 2780 4065 intelliguntur,
2810 3993 2903 4063 qui
2935 3993 3191 4050 minorati
3238 4005 3404 4052 sunt:
3429 3995 3548 4067 quia
3568 3987 3752 4048 videlicet

2249 4089 2453 4144 credita
2483 4097 2611 4145 sunt
2653 4089 2759 4144 illis
2790 4088 3003 4159 eloquia
3053 4091 3183 4158 Dei,
3216 4107 3338 4162 qua:
3366 4106 3462 4164 per
3483 4101 3631 4178 panes

2247 4190 2498 4252 guantur,
2525 4181 2723 4252 quibus
2755 4181 2947 4236 satiari
2980 4181 3307 4239 videbantur
3341 4183 3502 4255 prius.
3533 4176 3626 4235 Sed
3666 4176 3749 4242 quia

2246 4275 2566 4346 Spiritaliter
2592 4275 2914 4346 intelligere,
2961 4290 3062 4330 nec
3092 4277 3260 4331 etiam
3293 4277 3483 4348 ipsum,
3509 4270 3590 4342 qui
3620 4270 3672 4322 de
3693 4275 3749 4316 se-

2246 4369 2475 4438 metipso
2499 4369 2616 4422 ait:
2672 4387 2690 4418 ‹
2721 4367 2836 4438 Ego
2885 4383 3005 4422 sum
3050 4367 3208 4437 panis
3253 4369 3434 4434 vivus,
3467 4364 3552 4435 qui
3577 4361 3633 4416 de
3655 4353 3750 4413 coelo

2247 4463 2500 4519 descendi
2531 4463 2715 4535 (Joan.
2742 4463 2843 4534 vi),
2883 4483 2901 4516 ι
2933 4464 3181 4534 recipere
3229 4465 3511 4521 noluerunt
3529 4459 3608 4532 qui
3633 4451 3748 4511 multa

2244 4555 2506 4611 beneﬁcia
2536 4555 2814 4626 signorum
2845 4567 3007 4627 atque
3053 4559 3438 4615 miraculorum
3464 4557 3538 4613 eis
3564 4545 3746 4610 contulit.

2245 4658 2298 4702 et
2325 4647 2571 4718 ingratus
2593 4647 2862 4717 apparuit.
2889 4648 3122 4719 Ideoque
3155 4649 3284 4704 dum
3315 4651 3369 4705 hi
3394 4641 3748 4736 superbirettw?l

2245 4749 2299 4795 et
2325 4748 2542 4794 terrena
2591 4750 2868 4810 saperent,
2913 4741 2979 4796 de
3028 4743 3324 4814 majoribus
3361 4742 3578 4797 minores
3603 4731 3745 4790 ὤθουν

2243 4849 2341 4904 pro
2363 4834 2564 4889 eisdem
2589 4833 2820 4903 panibus
2842 4833 3060 4900 elocati,
3103 4851 3134 4889 a
3180 4835 3411 4906 propriis
3445 4829 3638 4888 sedibus
3658 4825 3744 4876 sunt

2243 4923 2436 4980 evulsi.
2478 4923 2614 4992 Quia
2659 4925 2786 4980 dum
2839 4926 3134 4981 carnaliter
3180 4927 3350 4999 legem
3395 4923 3648 4980 voluerunt
3684 4910 3746 4964 άε·

2239 5017 2486 5084 fendere,
2521 5026 2576 5072 et
2603 5033 2660 5074 se
2695 5019 3083 5073 subtraxerunt
3130 5035 3198 5075 ne
3238 5018 3512 5076 crederent
3537 5004 3746 5103 iuASallt'ft'

2241 5120 2437 5174 torem,
2466 5118 2519 5164 et
2558 5111 2612 5165 in
2653 5110 2785 5179 ipsis
2823 5111 3076 5180 panibus,
3117 5112 3168 5166 id
3209 5121 3294 5166 est
3329 5109 3514 5166 divinis
3555 5101 3741 5167 eloquiis,

2240 5210 2458 5258 terrena
2485 5211 2692 5257 tantum
2728 5215 2918 5272 sapere
2947 5202 3236 5258 voluerunt
3265 5245 3278 5268 ,
3303 5213 3356 5257 et
3382 5201 3565 5261 locum,
3589 5200 3634 5247 et
3655 5198 3742 5257 ἔθη·

2239 5306 2368 5364 tem,
2407 5306 2464 5352 et
2489 5298 2604 5368 ipsa
2653 5297 2866 5367 eloquia
2912 5297 3008 5354 Dei
3058 5298 3432 5369 perdiderunt,
3471 5292 3604 5362 juxta
3641 5273 3742 5350 (ιυοδ

2239 5389 2499 5446 Dominus
2535 5391 2616 5446 eis
2663 5391 3025 5446 comminatus
3070 5399 3174 5457 est,
3205 5391 3428 5448 dicens:
3472 5404 3490 5438 ‹
3515 5378 3742 5479 Auferelttt'

2239 5499 2268 5538 a
2295 5484 2448 5538 vobis
2497 5499 2725 5554 regnum
2757 5484 2891 5550 Dei,
2921 5492 2976 5539 et
3012 5484 3228 5540 dabitur
3265 5483 3406 5554 genti
3446 5463 3738 5558 facienti

2240 5583 2360 5630 ctus
2387 5573 2505 5643 ejus
2529 5553 2746 5646 (Matth.
2776 5575 2913 5647 XXI).
2950 5595 2969 5628 ›
3008 5575 3147 5633 Hinc
3169 5553 3408 5648 Apostoli
3437 5570 3651 5665 aiunti.‘

2238 5668 2323 5724 bis
2337 5639 2553 5740 quidem
2583 5639 3124 5740 oportebat'primum
3146 5639 3292 5742 loqui
3319 5668 3528 5724 verbum
3552 5654 3651 5716 Dei.
3675 5639 3739 5701 Sed

2239 5759 2364 5829 quia
2393 5759 2666 5829 repulistis
2690 5759 2840 5828 illud,
2867 5769 2922 5817 et
2950 5761 3199 5834 indignos
3232 5779 3328 5838 vos
3347 5751 3604 5830 judicaslis

2241 5868 2324 5908 na:
2351 5852 2494 5919 vitae,
2549 5868 2616 5909 ex
2648 5854 2751 5912 hoc
2791 5855 2989 5912 ibimus
3015 5830 3090 5914 ad
3108 5833 3296 5927 gerims
3322 5856 3450 5927 (Act.
3490 5844 3611 5913 χιιι)
3651 5830 3738 5888 ’De
