3970 6332
149 343 271 400 265

1087 339 1342 395 ENARR.
1383 339 1451 392 IN
1489 338 1737 393 LIBROS
1771 337 2034 393 REGUM.
2075 371 2145 381 -—
2180 339 2249 396 IN
2289 339 2416 396 LIB.
2457 339 2494 392 I.

3311 343 3422 399 266

150 458 362 530 quibus
407 455 773 528 subjungitur,
818 475 837 506 ‹
893 463 947 511 et
995 453 1229 512 famelici
1269 455 1496 511 saturati
1540 463 1684 509 sunt.
1722 474 1740 506 ›
1777 456 1820 516 Α
1851 456 1989 523 pari,
2021 456 2072 510 id
2101 465 2185 512 est
2210 456 2449 512 ternario
2471 456 2892 525 etquateruario
2917 469 3141 512 numero
3167 465 3421 528 tanquam

147 549 418 605 Famelici
461 548 605 602 enim
634 547 862 619 gentiles
899 547 1302 618 intelliguntur,
1333 548 1423 617 qui
1449 547 1600 617 prius
1621 562 1742 602 esu-

147 642 380 696 riebant
403 656 597 712 panem
628 641 781 695 verbi
805 639 922 695 Dei.
965 639 1072 696 Sed
1100 641 1225 710 quia
1260 639 1429 696 Judaei
1453 656 1481 694 a
1509 641 1741 710 propriis

145 732 378 787 sedibus
405 731 600 787 elocati
643 739 790 798 sunt,
837 740 895 786 et
930 731 1166 788 esuriem
1215 733 1552 796 sustinuere,
1589 731 1742 801 juxta

145 824 302 894 quod
331 839 430 893 per
471 824 788 894 prophetam
826 822 956 878 olim
987 822 1185 879 dictum
1225 822 1436 878 fuerat:
1484 842 1502 874 ι
1537 823 1742 878 Mittam

143 914 208 969 in
245 916 403 970 vobis
448 914 668 980 famem,
725 930 830 971 non
881 914 1079 971 famem
1132 915 1316 985 panis,
1371 930 1546 985 neque
1595 905 1740 970 sitim

142 1019 344 1074 aquae,
389 1005 486 1060 sed
535 1004 783 1060 audiendi
831 1003 1052 1060 verbum
1093 1004 1187 1058 Dei
1211 1004 1392 1073 (Amos
1424 1005 1572 1075 VIII),
1619 1025 1636 1055 ι
1674 1020 1741 1059 ex

140 1093 346 1148 eodem
367 1094 490 1149 cibo
508 1093 826 1164 spiritaliter
846 1094 1078 1148 saturari
1102 1102 1405 1163 coeperunt.
1438 1093 1588 1149 Unde
1610 1102 1664 1149 et
1687 1094 1740 1148 in

141 1184 350 1240 Graeco
374 1186 448 1240 ita
475 1185 737 1240 habetur:
775 1204 794 1236 ε
837 1186 903 1241 Et
931 1187 1233 1242 esurientes
1274 1186 1603 1242 transierunt
1631 1198 1740 1241 ter-

139 1289 268 1328 ram
298 1291 312 1328 :
357 1293 376 1326 ι
404 1274 530 1345 quia
556 1282 765 1345 gentes,
794 1274 861 1329 ad
889 1289 1028 1345 quas
1064 1275 1178 1344 ipsa
1199 1275 1412 1346 eloquia
1436 1277 1530 1330 Dei
1564 1286 1741 1332 trans-

146 1366 360 1431 ierunt,
384 1369 620 1422 multum
655 1367 973 1432 esuriendo,
1007 1383 1111 1423 non
1162 1375 1400 1432 terrena,
1445 1377 1502 1422 ut
1526 1367 1694 1423 Judaei
1722 1410 1736 1435 ,

139 1459 244 1514 sed
273 1458 518 1514 coelestia
543 1467 856 1530 sapuerunt.
889 1458 1027 1514 Hinc
1057 1459 1110 1512 in
1143 1458 1283 1514 libro
1309 1459 1453 1514 beati
1479 1457 1580 1514 Job
1606 1459 1740 1515 seri-

137 1555 301 1617 ptum
353 1557 440 1603 est
471 1565 484 1602 :
538 1567 557 1600 «ι
585 1548 751 1619 Cujus
799 1563 1034 1604 messem
1074 1547 1354 1603 famelicus
1387 1549 1650 1613 comedet,
1683 1558 1738 1605 et

138 1655 331 1710 Ipsum
376 1641 553 1712 rapiet
587 1648 852 1706 armatus,
901 1650 956 1696 et
1008 1640 1195 1695 bibent
1241 1640 1485 1696 sitientes
1522 1640 1737 1698 divitias

136 1730 266 1799 ejus
298 1730 446 1802 (Job.
466 1730 542 1801 v).
577 1749 596 1783 ι
627 1730 839 1786 Judaici
877 1730 1023 1785 enim
1063 1729 1244 1800 populi
1281 1731 1492 1795 messis,
1521 1730 1736 1788 fuerant

1845 561 1910 601 ex
1939 548 2171 615 diverso,
2207 551 2386 605 unitas
2423 557 2534 604 tota
2582 549 2884 604 conﬁcitur.
2931 550 2996 604 Et
3046 550 3166 606 ideo
3209 567 3306 621 per
3345 553 3424 624 ip~

1847 651 1965 693 sum
1996 638 2294 708 ﬁgurantur
2322 639 2578 706 universi,
2604 655 2738 708 quos
2767 640 2817 694 in
2851 641 3053 695 unitate
3083 641 3206 696 ﬁdei
3236 654 3421 698 sancta

1845 727 2088 783 Ecclesia
2127 745 2222 800 per
2266 740 2498 801 quatuor
2526 739 2709 800 partes
2750 731 2935 786 mundi
2966 730 3194 787 Domino
3216 735 3419 804 genuit.

1844 820 1923 876 De
1945 822 2056 890 ipsa
2074 822 2264 876 iterum
2289 838 2380 893 per
2396 824 2641 878 eumdem
2657 823 2975 893 prophetam
2996 824 3198 879 dicitur
3223 843 3235 879 :
3264 843 3282 875 ι
3311 825 3426 881 Lze-

1844 919 1978 974 tare,
2003 911 2225 974 sterilis,
2259 927 2376 981 quae
2394 927 2498 966 non
2521 912 2667 981 paris
2695 930 2706 964 :
2739 925 2960 982 erumpe
2987 921 3042 971 et
3073 913 3267 980 clama,
3303 931 3420 985 qua:

1841 1018 1947 1057 non
1965 1004 2220 1073 parturis,
2237 1005 2489 1074 quoniam
2513 1005 2664 1059 multi
2688 1004 2777 1059 ﬁlii
2794 1005 3040 1071 desertae,
3056 1009 3230 1079 magis
3256 1025 3418 1080 quant

1843 1092 1958 1162 ejus
1977 1110 2096 1164 quze
2115 1096 2278 1150 habet
2304 1096 2474 1150 virum
2508 1094 2705 1168 (Galat.
2728 1097 2822 1168 tv).
2849 1117 2866 1148 ›
2907 1097 3127 1154 Deserta
3151 1101 3238 1155 diu
3264 1101 3366 1157 fuit
3394 1120 3420 1156 a

1840 1197 2027 1240 sancto
2072 1185 2272 1255 Spiritu
2315 1188 2552 1255 gentium
2582 1196 2755 1242 mater
2785 1187 3046 1243 Ecclesia.
3085 1190 3195 1245 Nec
3237 1192 3426 1246 habuit

1842 1276 1978 1331 ﬁlios
2002 1285 2128 1333 ante
2148 1277 2378 1348 gratiam
2405 1280 2843 1348 regenerationis,
2884 1295 3003 1349 quae
3023 1290 3205 1350 postea
3236 1292 3425 1352 gentes

1840 1376 1893 1424 et
1913 1369 2160 1438 populos,
2176 1369 2286 1423 Deo
2305 1369 2356 1422 in
2377 1384 2456 1436 se,
2474 1369 2799 1432 ut‘diximus,
2819 1379 3098 1440 operante.
3116 1374 3420 1442 generavit:

1838 1460 1979 1514 unde
2015 1461 2376 1530 subjungitur,
2413 1479 2431 1511 r
2472 1462 2640 1532 magis
2678 1477 2837 1530 quam
2863 1463 2978 1532 ejus
3005 1478 3124 1532 qua:
3155 1464 3317 1519 habet
3346 1466 3424 1519 vi-

1838 1561 1975 1600 rum.
1991 1567 2008 1598 ι
2041 1547 2153 1602 Hoc
2174 1557 2256 1602 est
2279 1549 2559 1620 Synagoga
2585 1565 2704 1619 quae
2725 1551 2869 1605 velut
2893 1551 3023 1622 jugo
3043 1553 3165 1615 viri,
3197 1554 3267 1606 ita
3292 1553 3423 1624 legis

1836 1654 2002 1694 onere
2042 1641 2408 1711 premebatur.
2441 1643 2548 1696 Aut
2593 1651 2743 1698 certe
2784 1643 3126 1699 referendum
3172 1655 3275 1710 est,
3303 1662 3422 1716 qum

1837 1737 2128 1799 antequam
2170 1731 2460 1800 ejiceretur
2482 1732 2657 1786 virum
2689 1747 2747 1787 se
2795 1734 2995 1789 habere
3029 1736 3304 1800 credebat,
3327 1739 3422 1791 sed

136 1837 320 1878 sacrae
342 1822 480 1894 legis
517 1823 751 1893 eloquia,
796 1838 863 1878 ex
892 1821 1086 1892 quibus
1123 1822 1395 1892 sapienter
1431 1823 1616 1878 satiari
1646 1824 1737 1879 de-
1765 1809 2122 1892 B'postquam
2168 1821 2378 1891 abjecta
2401 1832 2484 1878 est
2513 1832 2566 1878 et
2591 1823 2766 1877 virum
2797 1825 3050 1894 perdidit.
3077 1825 3316 1881 Ecclesia
3341 1828 3422 1881 fe-

136 1925 362 1982 nuerat,
388 1931 495 1970 non
527 1916 763 1972 comedit
787 1933 800 1968 :
831 1916 956 1985 quia
977 1915 1148 1986 legem
1169 1915 1383 1986 quidem
1406 1917 1731 1973 verbotenus

133 2008 339 2073 tenuit,
368 2008 464 2062 sed
485 2023 583 2080 per
611 2007 875 2064 fatuitatis
890 2005 1186 2071 fastidium,
1205 2009 1272 2062 ab
1304 2007 1420 2076 ejus
1460 2008 1729 2064 intellectu

125 2097 430 2169 jejunavit.
481 2099 651 2171 Hujus
688 2114 819 2172 ergo
881 2113 1118 2155 messem
1152 2098 1433 2154 famelicus
1476 2101 1730 2163 comedit,

128 2191 562 2262 quia'nimirum
601 2193 819 2264 gentilis
863 2192 1093 2262 populus
1133 2192 1296 2247 verba
1350 2192 1484 2264 legis
1535 2192 1733 2247 intelli-

130 2283 319 2352 gendo
346 2283 535 2349 edidit,
568 2299 598 2337 a
628 2284 826 2353 quibus
853 2281 1075 2338 Judaica
1127 2283 1278 2353 plebs
1313 2285 1430 2338 sine
1458 2284 1730 2338 intellectu

128 2369 434 2428 laboravit.
495 2373 605 2430 Hos
658 2373 933 2428 famelicos
976 2373 1101 2429 ﬁdei
1140 2374 1402 2430 Dominus
1445 2375 1728 2446 praevidit,

127 2478 266 2518 cum
297 2478 393 2534 per
425 2464 776 2536 EVangelium
806 2465 941 2518 dixit
972 2484 983 2517 :
1033 2483 1052 2516 ι
1091 2466 1239 2520 Beati
1278 2467 1370 2536 qui
1402 2467 1648 2521 esuriunt
1675 2476 1730 2523 et

129 2555 337 2608 sitiunt
368 2555 656 2626 justitiam,
681 2555 936 2626 quoniam
967 2557 1062 2626 ipsi
1095 2558 1480 2611 saturabuntur
1506 2556 1723 2627 (Matth.

127 2647 221 2716 v).
268 2665 288 2697 ›
327 2646 430 2701 Sed
480 2646 608 2716 quia
651 2644 907 2702 Judaicus
939 2647 1167 2717 populus
1206 2662 1437 2702 messem
1474 2648 1724 2716 perdidit,

133 2745 300 2806 recte
329 2736 674 2809 subiungitur
709 2737 947 2808 qualiter
972 2738 1086 2809 ipse
1115 2738 1308 2808 periit,
1330 2740 1458 2794 dum
1492 2738 1726 2794 dicitur:

134 2847 155 2881 ι
190 2817 264 2886 Et
288 2829 466 2900 ipsum
495 2829 672 2900 rapiet
699 2837 958 2884 armatus.
997 2849 1015 2881 ›
1041 2830 1310 2900 Antiquus
1341 2830 1514 2886 hostis
1549 2828 1731 2884 Judai-

126 2936 266 2977 cum
288 2919 546 2991 populum
569 2927 810 2975 armatus
829 2921 1026 2990 rapuit,
1041 2921 1166 2992 quia
1189 2922 1242 2976 in
1258 2936 1382 2976 eum
1403 2922 1564 2976 vitam
1584 2921 1727 2987 ﬁdei,

125 3013 500 3068 fraudulentae
522 3012 883 3085 suggeStionis
899 3013 1093 3082 jaculis
1113 3015 1396 3080 exstinxit,
1418 3022 1477 3069 ut
1507 3016 1646 3070 unde
1672 3029 1731 3070 se

125 3105 412 3160 inhzerere
451 3105 562 3160 Deo
610 3105 885 3176 crederet,
941 3105 1066 3160 inde
1101 3104 1219 3174 ejus
1263 3105 1604 3161 ordinatione
1639 3121 1729 3161 re-

1835 1911 2010 1966 cunda
2037 1911 2156 1966 fuit.
2181 1911 2317 1967 Hinc
2341 1929 2439 1984 per
2481 1912 2828 1968 Salomonem
2855 1913 3054 1968 dicitur
3081 1931 3094 1968 :
3129 1933 3146 1966 ε
3181 1915 3422 1972 Florebit

1833 2004 2196 2076 amygdalum,
2220 2005 2645 2076 impinguabitur
2664 2007 2893 2072 locusta,
2917 2007 3268 2077 dissipabitur
3290 2025 3416 2079 eap-

1832 2101 1980 2170 paris
2014 2101 2181 2174 (Eccl.
2220 2102 2342 2173 xu).
2379 2122 2397 2154 ι
2435 2102 2785 2174 Amygdalum
2833 2103 3032 2174 quippe
3057 2103 3241 2158 ﬂorem
3273 2107 3423 2174 prius

1833 2195 2043 2249 cunctis
2071 2195 2354 2250 arboribus
2378 2195 2644 2260 ostendit;
2669 2203 2722 2250 et
2765 2196 2895 2266 quid
2920 2196 2972 2251 in
3004 2195 3136 2253 flore
3168 2199 3420 2270 amygda-

1831 2282 1892 2349 li,
1923 2285 2023 2339 nisi
2051 2294 2252 2341 sanctae
2279 2285 2532 2341 Ecclesia:
2567 2285 2860 2355 primordia
2891 2285 3278 2356 designantur?
3303 2303 3422 2358 quae

1833 2377 1886 2432 in
1907 2377 2351 2448 praedicatoribus
2367 2379 2500 2444 suis,
2523 2377 2826 2448 primitivos
2841 2378 3098 2432 virtutum
3115 2377 3274 2433 flores
3296 2395 3424 2450 ape-

1832 2470 1960 2535 ruit,
1994 2477 2048 2525 et
2079 2471 2144 2524 ad
2169 2470 2450 2525 inferenda
2495 2485 2652 2541 poma
2689 2471 2951 2526 bonorum
2991 2486 3211 2540 operum
3236 2481 3425 2527 ventu-

1832 2577 1922 2616 ros
1964 2573 2200 2627 sanctos,
2239 2563 2393 2630 quasi
2448 2563 2667 2617 arbusta
2721 2563 3001 2632 sequentia
3043 2564 3323 2632 praevenit,
3367 2564 3419 2618 in

1833 2667 1938 2722 qua
1985 2668 2110 2708 mox
2147 2661 2230 2706 est
2257 2652 2467 2707 locusta
2494 2652 2826 2725 impinguata
2853 2694 2866 2718 ,
2897 2653 3070 2724 gratia
3107 2653 3312 2708 ctelesti
3340 2655 3422 2709 in-

1834 2741 1952 2797 fusa
1985 2761 1997 2795 :
2024 2743 2116 2797 sed
2157 2743 2340 2798 statim
2373 2743 2624 2813 capparis
2650 2744 2962 2814 dissipatur,
2991 2745 3116 2813 quia
3149 2746 3272 2799 dum
3305 2761 3426 2815 gra-

1833 2834 1906 2887 tia
1963 2833 2317 2905 gentilitatem
2369 2835 2606 2907 attingit,
2660 2834 2842 2890 Judaea
2891 2837 2944 2890 in
2993 2851 3092 2891 sua
3134 2837 3420 2892 sterilitate

1835 2940 2142 2990 remanens,
2175 2926 2312 2980 bene
2335 2927 2549 2980 vivendi
2579 2927 2822 2981 ordinem
2853 2929 3054 2982 amisit.
3094 2929 3171 2983 De
3191 2944 3296 2998 qua
3324 2930 3419 2984 ad-

1833 3015 1940 3070 huc
1961 3015 2210 3070 subditur
2245 3035 2256 3070 :
2295 3034 2314 3067 ι
2349 3016 2416 3071 Ει
2441 3031 2559 3085 quae
2592 3017 2789 3072 multos
2820 3018 3052 3074 habebat
3081 3019 3237 3086 ﬁlios,
3271 3021 3418 3077 inﬁro

1834 3114 1980 3160 mata
2008 3115 2109 3161 est.
2134 3126 2152 3157 ι
2187 3105 2405 3162 Scilicet
2440 3108 2722 3178 Synagoga
2747 3107 3077 3175 Judaeorum,
3111 3119 3166 3166 et
3201 3119 3415 3168 terrena

125 3206 430 3266 pugnaret.
483 3195 561 3250 De
611 3209 719 3266 quo
759 3204 813 3250 et
843 3195 1046 3250 dicitur
1080 3213 1093 3250 :
1131 3216 1149 3248 ι
1189 3195 1256 3252 Et
1275 3197 1464 3253 bibent
1483 3198 1732 3256 sitientes
1757 3181 1802 3245 (ί
1833 3195 2152 3262 Jerusalem,
2194 3214 2314 3268 qme
2357 3199 2553 3254 multos
2610 3200 2747 3255 ﬁlios
2797 3203 3088 3258 carnaliter
3123 3218 3219 3274 per
3245 3205 3415 3275 legem

128 3288 364 3342 divitias
388 3286 526 3356 ejus.
561 3306 580 3340 ›
614 3287 785 3359 Hujus
822 3287 965 3342 enim
998 3289 1248 3344 sitientes
1267 3289 1488 3345 divitias
1513 3291 1724 3358 bibunt,

127 3381 269 3450 quia
301 3378 522 3434 fluentis
567 3394 740 3434 sacra:
778 3379 1088 3445 locutionis,
1131 3395 1252 3452 quae
1276 3379 1535 3437 Judaicus
1561 3398 1730 3453 popu-

127 3475 223 3531 lus
257 3474 316 3528 in
365 3475 627 3545 superbia:
665 3475 1032 3530 ostentatione
1071 3477 1410 3546 possederat,
1456 3492 1730 3533 conversae

129 3557 431 3639 gentilium
463 3575 670 3623 mentes
691 3568 1006 3639 irrigantur.
1035 3568 1110 3624 De
1133 3569 1330 3640 quibus
1361 3570 1726 3625 benedicitur:

136 3679 153 3709 ι
188 3657 385 3714 Donec
422 3658 623 3714 sterilis
671 3659 882 3730 peperit
927 3660 1192 3730 plurimos
1218 3702 1234 3727 ,
1276 3670 1332 3716 et
1372 3677 1492 3731 quae
1535 3661 1732 3717 multos

129 3752 380 3808 habebat
407 3752 546 3807 ﬁlios
592 3752 862 3808 inﬁrmata
899 3762 1002 3808 est.
1033 3773 1050 3805 ›
1083 3754 1140 3808 1η
1169 3753 1396 3810 Hebraeo
1417 3765 1472 3810 et
1501 3753 1733 3827 Septua-

129 3845 290 3915 ginta
325 3859 436 3898 non
487 3842 736 3914 plurimi,
767 3845 861 3900 sed
905 3855 1098 3915 septem
1149 3845 1441 3918 leguntur:
1469 3848 1609 3902 unde
1637 3845 1733 3902 Ju-

132 3938 242 3992 dzei
284 3936 643 3992 deliramenta
682 3936 908 4009 ﬁngunt,
960 3937 1211 3994 videlicet
1259 3939 1404 4008 quod
1453 3947 1579 3993 nato
1628 3939 1732 3993 Sa-

132 4031 326 4088 muele
349 4030 600 4100 inquiunt
625 4038 868 4086 mortuus
893 4031 966 4086 sit
1001 4031 1142 4087 ﬁlius
1176 4031 1570 4103 primogenitus
1597 4031 1732 4087 Phe-

131 4141 360 4191 nenuae,
388 4135 445 4180 et
471 4125 700 4193 singulis
750 4125 921 4181 Anna:
964 4126 1089 4182 ﬁliis
1134 4126 1506 4189 nascentibus,
1533 4124 1730 4196 singuli

134 4219 236 4274 ﬁlii
262 4218 573 4273 Phenennze
600 4219 800 4274 mortui
829 4218 957 4274 sint.
1009 4218 1117 4274 Sed
1148 4218 1274 4289 quia
1311 4226 1456 4272 stare
1495 4233 1600 4272 non
1632 4233 1730 4286 po-

135 4318 271 4374 test,
319 4310 824 4380 praatermittimus,
875 4319 930 4365 et
985 4311 1051 4365 ad
1107 4308 1436 4365 intellectum
1483 4310 1730 4365 altiorem

133 4401 579 4471 properabimus.
603 4401 738 4456 Nam
775 4411 829 4457 et
871 4401 922 4456 in
957 4401 1166 4468 Graeco,
1190 4409 1268 4456 ut
1299 4402 1471 4467 aiunt,
1502 4403 1574 4456 ita
1602 4403 1732 4475 legi-

137 4501 232 4546 tur
262 4508 278 4544 :
310 4510 330 4543 ι
371 4490 584 4547 Sterilis
617 4494 829 4562 peperit
865 4501 1096 4562 septem,
1128 4501 1183 4548 et
1217 4492 1385 4547 multa
1418 4493 1473 4546 in
1499 4479 1625 4548 ﬁliis
1655 4495 1734 4547 in-

1833 3289 1995 3344 edere
2022 3290 2324 3355 videbatur,
2357 3307 2476 3362 quae
2491 3291 2613 3361 quia
2647 3292 3006 3348 viviﬁcantem
3033 3294 3292 3364 Spiritum
3327 3312 3414 3351 re-

1833 3379 2014 3450 cipere
2045 3379 2233 3444 noluit,
2294 3382 2345 3435 in
2390 3382 2672 3437 occidente
2706 3383 2887 3438 littera
2928 3384 3197 3440 inﬁrmata
3241 3397 3323 3442 est
3354 3390 3419 3444 de

1833 3485 1940 3541 qua
1970 3469 2172 3526 Paulus
2205 3473 2481 3540 apostolus
2503 3473 2580 3528 ait
2609 3491 2621 3527 :
2667 3492 2685 3524 ί
2714 3473 2920 3530 Littera
2944 3477 3164 3542 occidit,
3196 3479 3419 3549 spiritus

1835 3569 2014 3617 autem
2054 3562 2296 3616 vivﬁieat
2342 3562 2426 3634 (II
2461 3561 2581 3618 Cor.
2623 3564 2728 3637 ιιι).
2767 3585 2785 3618 ι
2823 3565 2888 3619 Et
2915 3567 3041 3636 quia
3081 3570 3418 3639 superﬁciem

1832 3651 2029 3710 Iitter:e
2063 3656 2213 3725 sequi
2249 3655 2440 3720 voluit,
2479 3657 2782 3726 spiritalem
2822 3659 3240 3732 intelligentiam
3263 3664 3316 3718 in
3342 3667 3421 3718 in-

1833 3744 2067 3800 credulis
2097 3745 2297 3809 amisit,
2323 3755 2378 3800 et
2408 3745 2622 3801 inﬁrma
2645 3751 2976 3817 permansit:
3003 3753 3146 3821 quod
3169 3753 3220 3808 in
3244 3753 3420 3810 Evan-

1833 3839 1972 3909 gelio
1998 3839 2397 3910 praeﬁguratum
2427 3850 2543 3906 est,
2577 3841 2666 3896 ubi
2709 3842 2905 3900 Petrus
2933 3846 3230 3902 auriculam
3271 3851 3416 3905 servi

1831 3929 2092 4000 principis
2142 3932 2485 3986 sacerdotum
2544 3935 2839 4003 amputavit
2889 3934 3038 4007 (Luc.
3082 3937 3242 4010 χχιι).
3284 3939 3422 4008 Quia

1833 4020 2084 4077 videlicet
2137 4022 2366 4093 populus
2406 4023 2718 4080 Judteorum
2769 4029 3028 4100 principis
3074 4034 3423 4088 sacerdotum

1835 4113 2082 4169 indebito
2110 4115 2450 4186 mancipatus
2471 4117 2902 4187 obsequio,adeo
2931 4129 2990 4176 ut
3015 4137 3176 4177 suasu
3208 4123 3420 4180 illorum

1833 4203 2126 4259 Barrabam
2178 4206 2408 4271 dimitti,
2455 4206 2638 4263 Jesum
2691 4225 2822 4265 vero
2877 4221 3123 4281 peterent
3175 4215 3421 4287 cruciﬁgi

1835 4297 2048 4371 (Matth.
2078 4301 2272 4371 xxvu).
2315 4301 2368 4355 In
2415 4289 2625 4357 Domini
2669 4304 2918 4373 passione
2948 4305 3225 4361 dexteram
3269 4310 3417 4362 auri-

1834 4389 2032 4457 culam,
2063 4391 2114 4446 id
2144 4401 2226 4447 est
2253 4394 2549 4463 spiritalem
2579 4393 2711 4464 legis
2738 4394 3146 4466 intelligentiam
3168 4399 3422 4467 perdidit,

1835 4490 1895 4536 ut
1924 4490 2090 4537 totam
2142 4483 2334 4537 littera:
2379 4483 2786 4554 intelligentiam
2839 4487 3020 4540 audiat
3064 4488 3116 4542 in
3177 4489 3418 4545 sinistra.

138 4587 364 4641 ﬁrmata
411 4594 513 4641 εει,
554 4605 573 4638 ,
612 4585 826 4641 sim-nis
871 4587 1015 4641 enim
1073 4602 1193 4657 qua;
1250 4585 1514 4657 plurimos
1543 4628 1557 4652 ,
1618 4587 1732 4642 sive
1758 4557 1810 4617 Ῑ)
1837 4573 1974 4628 Hinc
1998 4574 2313 4630 inCanticis
2343 4577 2676 4630 canticorum
2705 4591 2935 4648 Sponsus
2960 4578 3234 4644 Ecclesia,
3252 4597 3415 4652 quam

137 4686 356 4748 septem
397 4677 638 4748 peperit.
683 4676 925 4733 Ecclesia
974 4693 1042 4734 ex
1099 4678 1347 4750 gentibus
1393 4679 1729 4750 intelligitur,

137 4787 264 4843 qua:
307 4770 506 4826 multos
533 4769 674 4826 ﬁlios
705 4785 804 4841 per
825 4769 1026 4826 fontem
1055 4771 1417 4840 baptismatis,
1451 4779 1505 4824 et
1529 4771 1730 4826 donum

139 4863 386 4933 Spiritus
446 4861 664 4927 sancti,
708 4861 800 4931 qui
867 4861 1195 4931 septiformis
1260 4861 1456 4916 dicitur
1508 4869 1730 4932 propter

138 4952 512 5023 septenariam
562 4953 936 5023 operationem
991 4952 1096 5017 sui,
1148 4951 1200 5005 id
1239 4960 1323 5006 est
1371 4953 1651 5022 sapientiae
1675 4961 1731 5008 et

141 5045 476 5110 intellectus,
500 5044 735 5109 consilii,
768 5051 822 5098 et
859 5041 1212 5107 fortitudinis,
1245 5043 1506 5108 scientite,
1532 5052 1586 5098 ct
1617 5043 1732 5120 pie—_

140 5137 292 5200 tatis,
324 5144 380 5191 et
417 5136 629 5192 timoris
675 5135 770 5190 Dei
804 5135 1025 5206 gignere
1062 5149 1168 5189 non
1205 5141 1401 5190 cessat.
1432 5134 1562 5202 Quae
1582 5135 1734 5205 prius

141 5229 350 5285 sterilis
386 5238 506 5284 erat
538 5228 593 5282 in
632 5228 904 5299 gentibus,
945 5226 1039 5282 sed
1076 5243 1219 5283 nunc
1241 5225 1469 5282 fecunda
1490 5227 1729 5298 gratula-

142 5331 234 5376 tur
263 5321 318 5376 in
354 5318 599 5382 Domino,
637 5317 793 5387 juxta
823 5317 964 5387 quod
995 5317 1124 5372 olim
1169 5316 1338 5373 Isaias
1362 5318 1687 5388 prmdixerat
1713 5335 1728 5373 :

148 5432 166 5466 ι
203 5413 510 5470 Laetabitur
529 5411 748 5468 deserta
778 5417 832 5466 et
878 5411 1042 5476 invia,
1085 5420 1142 5466 et
1160 5410 1728 5476 exsultabitsolitudo,

142 5517 199 5562 et
225 5506 443 5561 ﬂorebit
461 5505 616 5575 quasi
644 5503 814 5559 lilium
841 5503 974 5575 (Isa.
1002 5504 1189 5573 xxxv).
1222 5523 1240 5556 ι
1275 5504 1381 5560 Ista
1407 5504 1552 5560 enim
1580 5505 1732 5575 prius

145 5604 365 5657 deserta
426 5615 492 5656 ac
551 5601 787 5656 solitudo
845 5603 1053 5672 peperit
1123 5609 1348 5671 septem.
1411 5600 1732 5672 Septenario

148 5700 352 5769 quippe
404 5713 630 5752 numero
681 5697 860 5751 unitas
895 5712 960 5751 ac
1015 5696 1341 5752 universitas
1385 5694 1734 5766 perfectionis

148 5791 289 5854 solet
321 5789 683 5846 demonstrari
710 5829 725 5855 ,
753 5805 817 5844 eo
858 5790 999 5859 quod
1041 5790 1217 5860 primo
1245 5791 1461 5860 impari,
1485 5799 1537 5844 et
1557 5788 1736 5863 primo

558 5884 830 5944 ΡΔτιιοι.
883 5882 1076 5944 CXV.

1838 4665 2098 4735 mysterio
2143 4664 2334 4720 Crucis
2363 4667 2613 4730 redemit,
2657 4681 2724 4721 ex
2769 4667 3088 4725 inﬁdelitate
3118 4670 3416 4743 Synagogae

1834 4753 2094 4824 loquitur,
2153 4755 2380 4810 dicens:
2435 4775 2453 4806 α
2490 4755 2602 4810 Sub
2641 4759 2835 4813 arbore
2884 4760 3025 4814 malo
3067 4762 3324 4817 suscitari
3370 4773 3421 4816 te

1835 4842 2015 4913 (Cant.
2047 4844 2192 4910 vm),
2240 4864 2258 4896 ι
2311 4854 2367 4900 et
2400 4845 2645 4914 reliqua;
2691 4862 2754 4902 ac
2785 4848 2829 4901 si
2859 4849 3084 4906 dixisset
3118 4867 3132 4905 :
3165 4851 3277 4906 Sub
3324 4869 3414 4906 ar-

1832 4935 1967 4991 bore
1988 4938 2166 4992 crucis
2203 4953 2234 4992 a
2279 4947 2538 5008 perpetua
2566 4949 2738 4995 morte
2776 4940 3000 4997 liberavi
3033 4953 3103 5000 te.
3139 4943 3244 4999 Sed
3295 4962 3314 4995 ‹
3343 4945 3418 4999 ibi

1842 5040 2092 5100 corrupta
2124 5039 2206 5085 est
2227 5039 2402 5084 mater
2432 5039 2541 5095 tua,
2575 5031 2646 5086 ibi
2677 5032 2875 5087 violata
2896 5043 2982 5090 est
3003 5035 3237 5107 genitrix
3267 5043 3415 5099 tua,»

1841 5122 1896 5176 id
1925 5130 2007 5176 est
2053 5122 2224 5192 major
2261 5135 2389 5191 pars
2421 5120 2594 5190 plebis
2616 5161 2630 5186 ,
2663 5137 2749 5177 me
2775 5125 3022 5193 negando
3046 5133 3102 5178 et
3122 5123 3420 5181 Barrabam

1838 5214 2102 5286 eligendo,
2160 5230 2193 5270 a
2242 5231 2327 5270 me
2367 5216 2653 5286 reprobata
2689 5224 2774 5271 est
2809 5225 2971 5286 atque
3009 5215 3301 5272 inﬁrmata.
3344 5219 3422 5275 De

1840 5323 1945 5378 qua
1979 5317 2123 5364 recte
2152 5307 2487 5364 subinfertur
2512 5327 2525 5363 :

1915 5441 1933 5474 ιι
1964 5423 2222 5480 Dominus
2253 5425 2544 5482 mortiﬁcat
2586 5435 2641 5480 et
2677 5423 2950 5488 viviﬁcat,
2989 5423 3202 5480 deducit
3230 5427 3296 5482 ad
3337 5428 3420 5485 in-

1846 5534 1864 5566 ‹
1893 5514 2036 5571 feros
2066 5525 2119 5571 et
2141 5517 2366 5572 reducit.
2409 5536 2427 5570 ι
2469 5516 2756 5572 Mortiﬁcat
2785 5513 3009 5569 multam
3061 5516 3114 5571 in
3158 5517 3282 5576 ﬁliis
3317 5519 3419 5592 Sy-

1841 5621 2104 5677 nagogam
2139 5607 2369 5672 scilicet,
2394 5607 2631 5662 viviﬁcat
2654 5603 2915 5670 sterilem,
2955 5605 3248 5662 Ecclesiam
3282 5627 3414 5680 gen-

1841 5699 1996 5756 tium.
2043 5701 2302 5768 Quamvis
2332 5701 2502 5770 possit
2549 5698 2884 5753 commodius
2925 5699 3146 5773 intelligi
3198 5705 3415 5760 eosdem

1841 5791 2135 5858 viviﬁcare,
2159 5809 2295 5863 quos
2321 5789 2747 5856 mortiﬁcaverit,
2767 5791 2905 5846 idem
2936 5795 3132 5864 repetit
3151 5795 3374 5857 dicendo
3400 5813 3415 5860 ;

2945 5891 2984 5949 9
