3970 6332
620 348 736 441 ειν

1650 347 1997 404 Απιειοιιι
2036 345 2297 403 ιιιιιυγι
2310 350 2330 398 i'
2349 346 2501 403 NSIS
2543 347 2851 404 MONACHI
3736 370 3805 427 353

626 494 645 528 ι
684 472 917 533 Deducit
966 478 1034 536 ad
1082 479 1288 537 inferos
1337 488 1395 535 et
1446 477 1674 535 reducit.
1714 498 1732 530 ι
1783 476 1895 532 Hoc
1937 486 2020 531 est
2061 473 2206 547 quod
2232 476 2282 539 Α
2308 472 2571 529 Dominus
2600 472 2794 529 solium
2833 471 3023 545 gloriae
3048 472 3248 530 retinet
3284 489 3391 531 non
3433 476 3595 535 solum
3620 482 3806 544 videlicet

622 566 915 639 Apostolus
950 570 1026 626 ait
1056 589 1069 626 :
1107 590 1127 623 ι
1162 570 1360 628 Mortui
1391 570 1538 626 enim
1569 569 1721 637 estis,
1770 578 1826 624 ct
1868 567 1977 623 vita
2026 575 2210 622 vestra

622 662 938 718 abscondita
987 672 1074 720 est
1114 680 1236 720 cum
1285 662 1501 718 Christo
1555 663 1609 718 in
1662 659 1930 732 Deo(Col.
1959 659 2035 733 v).
2082 680 2103 712 ι
2142 658 2212 719 Et

622 749 819 806 iterum
857 770 868 805 :
916 769 935 803 ι
970 749 1029 808 Si
1056 752 1473 808 consurrexistis
1513 767 1632 807 cum
1664 749 1898 817 Christo,
1937 767 2057 822 qua
2083 767 2208 808 sur-

623 859 743 899 sum
779 852 904 899 sunt
935 844 1162 915 quaerite
1188 841 1375 917 (Ibid.)
1394 882 1410 908 ,
1440 863 1458 893 ι
1487 852 1542 899 et
1579 841 1806 913 reliqua.
1833 842 1937 898 Sed
1968 842 2210 915 nunquid

621 938 839 993 eosdem
886 936 1106 993 deduxit
1146 935 1213 991 ad
1243 935 1444 991 inferos
1482 945 1540 991 et
1574 934 1822 990 reduxit?
1852 933 1959 991 Sed
2002 935 2107 990 hoc
2152 934 2207 990 in

623 1029 800 1100 capite
826 1029 1103 1096 Ecclesiae,
1146 1028 1200 1083 id
1227 1034 1309 1082 est
1333 1025 1572 1093 Christo,
1601 1025 1757 1096 cujus
1804 1025 2047 1083 membra
2083 1033 2210 1081 sunt

622 1121 825 1185 ﬁdeles,
854 1123 1058 1192 absque
1086 1119 1197 1175 ulla
1226 1120 1595 1175 controversia
1628 1128 1806 1191 potest
1850 1119 2046 1190 accipi,
2082 1134 2208 1173 cum

620 1231 728 1286 quo
750 1216 914 1271 vitam
934 1223 1177 1269 nostram
1198 1211 1488 1283 Apostolus
1506 1212 1645 1269 dixit
1666 1212 2062 1269 absconditam.
2088 1211 2206 1283 Ipse

619 1306 895 1361 descendit
946 1304 1014 1359 ad
1055 1302 1278 1367 inferos,
1324 1311 1378 1358 ct
1423 1318 1527 1358 non
1557 1311 1640 1358 est
1679 1302 1856 1357 anima
1886 1300 2004 1371 ejus
2040 1302 2093 1355 in
2125 1300 2208 1355 in-

618 1396 773 1452 ferno
800 1394 1079 1460 derelicta,
1114 1394 1209 1448 sed
1238 1394 1347 1449 cito
1383 1392 1677 1447 resurrexit
1708 1408 1738 1446 a
1767 1391 1996 1448 mortuis
2032 1398 2088 1445 et
2129 1404 2208 1445 re-

617 1486 769 1540 duxit
818 1501 883 1541 eo
927 1484 1090 1540 Pater
1125 1483 1191 1538 ad
1242 1482 1592 1552 semetipsum
1624 1480 1796 1549 (Paul.
1846 1481 1958 1554 xv).
1991 1480 2066 1535 De
2096 1496 2204 1551 quo

614 1575 896 1629 inferendo
934 1575 1135 1629 dicitur
1932 1624 1943 1631 .

691 1684 709 1717 ι
752 1665 1009 1720 Dominus
1052 1680 1343 1736 pauperem
1392 1663 1522 1721 facit
1568 1672 1623 1719 et
1652 1664 1819 1731 dicat,
1850 1663 2101 1719 humiliat
2149 1671 2206 1719 et

618 1776 637 1807 ι
667 1756 941 1811 sublimat.
982 1775 1000 1806 ι
1034 1753 1315 1813 Manifesta
1346 1762 1431 1808 cst
1464 1754 1692 1810 historia
1733 1769 1857 1810 eum
1904 1754 2007 1811 hoc
2047 1753 2204 1811 nobis

2311 567 2365 623 in
2422 567 2729 639 aequalitate
2776 565 2975 633 Patris,
3027 566 3266 622 sedendo
3314 568 3383 624 ad
3414 569 3666 629 dexteram
3689 580 3806 649 maje-

2310 656 2467 714 statis
2495 674 2508 712 :
2531 655 2688 727 juxta
2713 655 2858 730 quod
2892 653 3185 726 Apostolus
3212 656 3344 712 dicit
3373 676 3386 710 ε
3417 677 3436 710 ι
3472 657 3621 716 Sedet
3644 665 3700 719 ad
3721 668 3806 725 du.

2313 758 2481 805 teram
2518 750 2816 823 majestatis
2854 751 2909 806 in
2950 749 3182 807 excelsis
3218 748 3404 822 (Hebr.
3436 752 3496 824 1);
3527 774 3545 808 ι
3574 755 3806 818 Tantome.

2308 839 2413 897 lior
2430 840 2636 912 angelis
2659 839 2905 908 ell'ectus,
2934 848 3138 913 quanto
3162 839 3619 914 ditl‘crentins’pra
3643 846 3726 904 illis
3740 867 3804 905 no-

2309 949 2432 989 men
2465 932 2822 1000 hareditavit,
2865 933 3225 991 verumetiam
3254 933 3446 989 solium
3474 934 3643 1007 gloria
3665 942 3805 999 tenebit

2308 1024 2605 1079 secundum
2652 1024 2794 1095 quod
2819 1024 2935 1097 ipse
2960 1025 3077 1081 ait:
3108 1043 3126 1075 ι
3158 1022 3322 1080 Pater
3341 1039 3448 1079 non
3472 1024 3660 1097 judicat
3680 1046 3805 1101 quem-

2309 1132 2493 1187 quam,
2516 1116 2610 1172 scd
2632 1132 2795 1173 omne
2816 1117 3082 1188 judicium
3098 1115 3395 1172 deditFilio
3410 1116 3652 1193 (Ianum).
3667 1141 3683 1173 ι
3701 1142 3715 1174 ι
3730 1125 3805 1195 Ipse

2307 1207 2452 1262 enim
2492 1208 2546 1262 in
2580 1206 2751 1280 gloria
2783 1206 2962 1263 Patris
2983 1207 3066 1263 sui
3092 1215 3357 1263 venturus
3397 1217 3480 1264 est
3516 1210 3578 1266 ad
3596 1211 3804 1285 judicium,

2308 1312 2430 1353 cum
2461 1298 2667 1370 angelis
2688 1306 2742 1353 et
2767 1297 3127 1370 archangelis,
3156 1313 3283 1353 cum
3319 1297 3521 1355 thronis
3545 1309 3597 1356 et
3619 1302 3801 1358 domina-

2308 1389 2564 1453 tionibus,
2592 1397 2643 1445 et
2675 1384 2884 1444 sedebit
2930 1388 2986 1445 in
3037 1386 3166 1445 sede
3213 1387 3399 1460 gloria
3432 1390 3801 1462 majestatissua,

2301 1479 2553 1555 judicans
2575 1479 2763 1534 orbem
2788 1478 2841 1534 in
2869 1478 3125 1549 aquitate
3147 1476 3347 1551 (Marc.
3364 1478 3502 1548 vnt).
3527 1499 3545 1532 ι
3565 1499 3583 1532 ι
3601 1479 3803 1537 Sedebant

2306 1571 2470 1627 etiam
2499 1579 2554 1625 et
2578 1568 2852 1643 principes
2882 1584 3045 1641 super
3074 1568 3363 1625 duodecim
3387 1570 3557 1638 sedes,
3574 1569 3802 1641 judicantes

2307 1662 2593 1719 duodecim
2621 1661 2793 1717 tribus
2814 1661 2981 1717 Israel
2999 1660 3217 1734 (Matth.
3245 1660 3383 1736 ιιι).
3406 1683 3425 1715 ι
3453 1662 3581 1719 Hinc
3607 1664 3738 1721 Isaias
3750 1666 3800 1722 di-

2307 1754 2381 1810 cit
2411 1773 2423 1808 :
2452 1773 2470 1807 ι
2504 1752 2768 1810 Dominus
2806 1752 2875 1808 ad
2909 1744 3172 1823 judicium
3202 1753 3387 1809 veniet
3424 1770 3540 1811 cum
3579 1756 3802 1814 senioribus

613 1849 978 1905 certissimum
1027 1856 1130 1913 est,
1161 1846 1412 1902 videlicet
1457 1847 1583 1917 quia
1632 1845 1880 1902 bumiliat
1921 1847 2203 1918 superbos,
2236 1850 2284 1914 Β
2308 1844 2489 1919 populi
2524 1845 2606 1900 sui
2638 1843 2771 1916 (Isa.
2807 1847 2912 1915 ιιι).
2949 1866 2968 1897 ι
3009 1842 3147 1901 Hinc
3177 1842 3434 1901 Salomon
3478 1846 3588 1900 ait:
3621 1864 3637 1897 ι
3664 1845 3801 1902 Nobilis

612 1948 667 1993 et
702 1938 905 1995 exaltat
927 1938 1159 1993 humiles
1189 1937 1339 2009 (Luc.
1384 1939 1446 2009 ι).
1477 1936 1582 1994 Sed
1628 1938 1809 1994 altiori
1847 1936 2201 2013 intelligentia

610 2031 679 2086 de
728 2030 957 2085 Domino
986 2038 1164 2099 potest
1192 2029 1400 2102 accipi,
1440 2030 1532 2101 qui
1588 2038 1812 2102 propter
1858 2045 1956 2086 nos
2000 2045 2204 2101 pauper

611 2123 789 2179 factus
827 2132 912 2178 est
948 2122 1225 2179 voluntate
1268 2122 1445 2179 Patris
1487 2142 1498 2178 :
1530 2124 1656 2194 quia
1709 2123 1790 2180 sic
1828 2123 1974 2181 Deus
2017 2123 2205 2180 dilexit

611 2216 894 2275 mundum.
946 2222 1004 2270 ut
1059 2215 1233 2286 ipsum
1290 2214 1640 2289 Unigenitnm
1689 2217 1842 2273 daret
1892 2232 1993 2288 pro
2045 2217 2202 2277 nobis

611 2308 792 2379 (Joan.
820 2306 924 2381 ιιι).
951 2304 1107 2363 Sicut
1132 2306 1332 2364 Paulus
1352 2308 1430 2363 ait
1465 2323 1480 2362 :
1518 2328 1536 2359 ι
1566 2307 1667 2377 Qui
1696 2308 1915 2381 proprio
1940 2307 2082 2364 Filio
2103 2324 2201 2364 suo

611 2417 718 2455 non
753 2400 1019 2471 pepercit,
1061 2399 1154 2456 sed
1186 2416 1287 2472 pro
1330 2399 1487 2455 nobis
1523 2400 1775 2456 omnibus
1803 2399 2023 2455 tradidit
2050 2398 2203 2455 illum

608 2492 788 2565 (Rom.
816 2491 954 2564 vm).
986 2511 1003 2543 ι
1039 2492 1150 2547 [mo
1171 2493 1336 2548 etiam
1367 2498 1425 2547 et
1449 2507 1545 2549 sua
1582 2492 1876 2559 voluntate,
1902 2500 1964 2547 ut
1986 2507 2085 2547 nos
2105 2506 2201 2547 sua

609 2592 950 2656 paupertate,
990 2591 1044 2639 et
1076 2583 1167 2638 hic
1197 2583 1395 2639 divites
1416 2582 1623 2639 faceret
1654 2584 1708 2638 in
1731 2582 1928 2651 ﬁdc,et
1952 2582 2061 2639 illic
2092 2584 2202 2638 ha-

610 2676 768 2731 rcdes
802 2674 971 2746 regni,
1000 2674 1146 2746 quod
1193 2674 1507 2747 repromisit
1545 2674 1688 2729 Deus
1726 2673 2071 2746 diligentibus
2119 2689 2196 2730 se.

606 2767 727 2839 Ipse
740 2767 886 2824 enim
903 2767 1104 2823 ditatus
1124 2775 1205 2822 est
1218 2766 1617 2838 magniﬁcentia
1634 2764 1954 2835 majestatis,
1967 2784 1983 2817 ι
2007 2765 2131 2837 quia
2144 2766 2201 2827 in

607 2860 728 2932 ipso
748 2860 1017 2916 habitavit
1033 2862 1213 2916 omnis
1238 2860 1518 2932 plenitudo
1537 2860 1837 2917 divinitatis
1849 2861 2203 2932 corporaliter

611 2951 749 3023 (Col.
789 2953 872 3024 ιι).
898 2973 916 3005 ι
953 2953 1029 3007 De
1049 2953 1167 3024 ipso
1197 2953 1361 3009 etiam
1390 2953 1560 3010 Isaias
1581 2955 1658 3009 ait
1688 2972 1700 3009 :
1738 2973 1757 3006 ι
1792 2953 2078 3025 Requievit
2108 2970 2200 3010 su-

604 3062 701 3117 per
723 3061 846 3101 eum
881 3045 1115 3116 Spiritus
1154 3046 1363 3103 Domini
1392 3087 1407 3114 ,
1456 3046 1691 3117 Spiritus
1716 3048 1996 3119 sapientia
2022 3057 2077 3104 et
2117 3048 2203 3105 in-

607 3137 877 3199 tellectus.
919 3136 1156 3208 Spiritus
1205 3138 1417 3193 consilii
1461 3146 1517 3195 et
1569 3138 1923 3206 fortitudinis,
1964 3139 2201 3212 Spiritus

2307 1938 2363 1993 in
2414 1936 2586 2009 portis
2634 1935 2722 1991 vir
2756 1934 2896 2005 ejus,
2954 1935 3172 2008 quando
3231 1936 3430 1993 sederit
3457 1952 3572 1993 cum
3616 1939 3802 1993 senatori-

2308 2026 2411 2083 bus
2437 2024 2621 2100 (Prov.
2657 2026 2831 2101 xxxt).
2880 2046 2898 2080 ι
2948 2024 3157 2083 Nobilis
3194 2041 3327 2100 ergo
3365 2028 3466 2083 erit
3497 2028 3728 2091 Dominus,
3750 2029 3801 2084 rit

2305 2129 2506 2177 saneta
2532 2118 2808 2188 Ecclesia,
2858 2120 2911 2175 in
2954 2120 3129 2192 portis
3162 2134 3278 2179 sua
3320 2122 3567 2187 civitatis,
3591 2120 3668 2193 qui
3705 2120 3799 2177 ride

2306 2214 2466 2269 batur
2510 2213 2780 2286 ignobilis,
2810 2224 2939 2270 ante
2969 2214 3203 2271 tribunal
3230 2215 3496 2287 praesidis.
3535 2215 3654 2284 Quia
3689 2216 3798 2272 etiam

2304 2288 2449 2362 nunc
2471 2321 2502 2362 a
2535 2306 2716 2362 multis
2742 2308 3170 2363 contemnendus
3197 2316 3442 2379 putatur,
3486 2308 3601 2379 quia
3632 2307 3703 2364 ubi
3733 2324 3796 2363 sa-

2304 2399 2411 2455 euli
2441 2398 2563 2454 finis
2607 2399 2910 2467 advenerit,
2958 2400 3049 2455 ubi
3083 2401 3279 2472 patria
3326 2401 3553 2457 cmlestis
3579 2403 3796 2473 ingressum

2304 2490 2581 2561 aperuerit
2621 2489 2829 2557 electis,
2866 2489 2980 2560 jam
3013 2492 3228 2548 cunctis
3254 2493 3466 2565 parebit
3512 2492 3732 2549 sublimis.
3756 2490 3797 2547 Et

2305 2580 2497 2638 solium
2526 2579 2710 2651 gloria
2740 2581 2947 2637 tenebit
2970 2581 3089 2645 sine
3140 2580 3271 2651 ﬁne,
3299 2585 3424 2657 quia
3451 2583 3593 2656 regni
3622 2583 3795 2655 ejusnoa

2303 2672 2408 2728 erit
2435 2670 2559 2728 ﬁnis
2581 2671 2732 2745 (Luc.
2759 2673 2821 2747 ι).
2850 2671 2986 2730 Nam
3018 2672 3303 2747 sequitur:
3335 2694 3353 2727 σ
3398 2675 3528 2744 Quia
3564 2671 3793 2747 ipsedomi-

2304 2762 2521 2819 nabitur
2548 2778 2579 2819 ιι
2615 2762 2752 2821 mari
2800 2780 2973 2836 usque
3021 2767 3089 2822 ad
3128 2784 3283 2824 mare
3313 2765 3482 2839 (Paul.
3509 2764 3660 2839 ιιιι),
3688 2785 3703 2817 ι
3727 2772 3792 2818 etc.

2309 2876 2327 2908 ι
2361 2856 2574 2911 Domini
2595 2856 2739 2911 enim
2786 2866 2913 2913 sunt
2937 2858 3189 2916 cardines
3220 2870 3398 2927 terra,
3440 2869 3493 2915 et
3516 2858 3671 2932 posuit
3691 2868 3794 2924 super

2301 2960 2398 3002 eos
2423 2947 2633 3002 orbem.
2673 2966 2691 2999 ι
2723 2945 2984 3006 Cardines
3014 2957 3174 3007 terra
3202 2960 3438 3023 quatuor
3462 2950 3655 3007 climata
3670 2943 3794 3002 mund

2304 3036 2699 3113 intelliguntur,
2728 3037 2982 3095 videlicet
3019 3040 3228 3109 oriens,
3256 3040 3521 3109 occidens,
3558 3034 3792 3110 septentrio.

2302 3138 2466 3199 atque
2494 3128 2765 3195 meridies,
2812 3146 2976 3204 super
3002 3146 3122 3203 qua
3145 3133 3330 3203 posuit
3356 3134 3555 3197 orbem,
3579 3129 3680 3201 quia
3701 3124 3794 3180 ride-

610 3227 853 3283 scientia
901 3235 957 3282 et
1006 3227 1242 3298 pietatis,
1276 3227 1504 3298 replevit
1542 3243 1665 3283 cum
1717 3227 1951 3299 Spiritus
1988 3230 2200 3286 timoris
2225 3214 2271 3279 C
2302 3221 2430 3277 licet
2457 3222 2659 3294 ubique
2705 3222 2952 3280 dilatavit
2998 3223 3305 3282 Ecclesiam
3334 3241 3503 3287 suam.
3533 3223 3654 3280 Hinc
3687 3216 3790 3275 Psal-

610 3319 821 3376 Domini
844 3319 978 3389 (lsa.
1010 3321 1094 3387 ιι).
1132 3340 1150 3373 ι
1190 3319 1309 3391 Ipse
1340 3321 1505 3377 etiam
1534 3321 1851 3379 humiliatus
1870 3331 1951 3379 est
1978 3333 2199 3394 propter

610 3425 710 3465 nos
733 3417 893 3481 atque
917 3409 1241 3466 sublimatus
1256 3450 1269 3475 ,
1298 3410 1442 3466 sicut
1460 3410 1754 3481 Apostolus
1777 3412 1882 3469 ait:
1903 3430 1923 3465 ι
1945 3411 2198 3472 Christus

606 3502 781 3557 factus
825 3502 1086 3558 obedicns
1126 3517 1299 3572 usque
1345 3503 1415 3557 ad
1458 3510 1710 3569 mortem,
1742 3511 1972 3559 mortem
2016 3513 2197 3561 autem

608 3594 789 3650 crucis
834 3591 1004 3667 (Phil.
1037 3592 1120 3664 ιι).
1160 3612 1177 3644 ι
1209 3592 1351 3649 Ecce
1399 3592 1707 3648 audivimus
1751 3589 1868 3660 ejus
1913 3593 2194 3651 humilita-

606 3694 749 3753 tem,
788 3686 1072 3742 audiamus
1102 3694 1156 3742 et
1183 3684 1596 3741 sublimitatem.
1633 3705 1650 3737 ι
1702 3686 1932 3757 Propter
1971 3686 2114 3758 quod
2141 3697 2198 3745 et

604 3777 749 3832 Deus
799 3778 951 3832 illum
999 3776 1373 3844 exaltavit,et
1421 3777 1641 3832 donavit
1675 3778 1751 3833 illi
1805 3793 2002 3835 nomen
2051 3779 2196 3850 quod

604 3879 687 3925 est
736 3885 901 3942 super
927 3884 1091 3926 omne
1125 3886 1348 3939 nomen,
1396 3878 1456 3927 ut
1499 3870 1555 3926 in
1596 3870 1986 3929 nomine-Iesu
2032 3887 2197 3929 omne

609 3978 747 4033 genu
780 3962 1058 4028 ﬂectatur,
1102 3961 1427 4029 ealestinm,
1470 3963 1832 4028 terrestrium,
1860 3970 1915 4018 et
1952 3962 2194 4019 inferno-

604 4072 722 4110 rum
770 4054 1000 4128 (Ibid.).
1035 4075 1053 4108 ι
1080 4056 1157 4113 De
1193 4057 1349 4127 cujus
1378 4056 1543 4113 etiam
1592 4055 1925 4113 sublimitate
1970 4056 2196 4128 subjun-

602 4147 747 4219 gitut‘
776 4166 787 4201 :

697 4258 713 4288 ι
754 4237 1041 4296 Suscitans
1079 4239 1146 4296 de
1190 4239 1412 4312 pulvere
1464 4254 1695 4312 egenum
1736 4248 1793 4294 et
1835 4239 1902 4295 de
1952 4247 2194 4297 stercore

616 4349 634 4380 ι
678 4331 891 4403 erigens
920 4348 1233 4404 pauperem.
1271 4354 1289 4386 ι
1322 4333 1487 4389 Pater
1514 4332 1764 4389 videlicet
1793 4332 1859 4389 de
1889 4341 2046 4390 terra
2070 4333 2192 4405 pul-

605 4439 732 4479 vero
761 4424 956 4480 Filium
981 4433 1092 4481 tam
1120 4426 1229 4481 cito
1256 4425 1560 4492 suscitavit,
1594 4425 1752 4497 juxta
1784 4426 1925 4496 quod
1955 4426 2066 4497 ipse
2092 4442 2193 4497 per

604 4510 943 4571 Psalmistam
975 4517 1233 4589 postulat,
1266 4518 1454 4573 dicens
1485 4534 1500 4571 :
1535 4535 1554 4569 ι
1592 4515 1876 4573 Resuscita
1906 4533 1993 4572 me
2022 4526 2078 4573 et
2106 4534 2190 4575 re-

605 4607 838 4662 tribuam
882 4608 984 4674 eis,
1016 4618 1076 4663 ut
1099 4624 1230 4664 caro
1252 4606 1370 4676 ejus
1410 4623 1518 4663 non
1547 4608 1758 4663 videret
1786 4608 2187 4680 corruptionem

605 4696 782 4769 (Psal.
824 4699 913 4771 XL)
936 4740 952 4765 ,
996 4720 1015 4752 ι
1040 4700 1335 4756 secundum
1366 4701 1511 4770 quod
1536 4715 1635 4771 per
1667 4701 1915 4758 eumdem
1962 4700 2192 4758 Psalmi-

601 4797 744 4844 stam
787 4790 1031 4846 dicitur:
1067 4808 1086 4841 ι
1124 4790 1243 4846 Non
1284 4789 1625 4863 derelinques
1655 4792 1891 4848 animam
1923 4807 2096 4848 meam
2134 4794 2188 4851 in

602 4877 841 4944 inferno,
873 4893 973 4935 nec
1002 4880 1155 4935 dabis
1181 4877 1443 4936 Sanctum
1476 4889 1626 4937 tuum
1651 4882 1836 4939 videre
1884 4885 2190 4956 corruptio-

601 4986 727 5026 nem
780 4967 953 5043 (Psal.
987 4970 1083 5042 tv).
1142 4990 1160 5023 ι
1206 4970 1323 5043 Ipse
1353 4973 1542 5053 etiam,
1590 4974 1734 5031 sicut
1770 4991 1936 5048 supra
1980 4977 2184 5034 dictum

600 5072 707 5130 est,
728 5079 851 5119 cum
874 5078 1080 5135 pauper
1116 5066 1476 5135 apparuisset,
1517 5077 1679 5138 atque
1714 5083 1918 5140 egenus
1942 5068 1996 5124 in
2025 5085 2189 5126 carne

600 5162 662 5207 ut
696 5169 858 5225 supra
896 5162 1217 5225 paupertate
1241 5165 1404 5227 atque
1427 5157 1735 5214 humilitate
1762 5167 2047 5232 superaret
2060 5160 2189 5216 -dia-

600 5244 783 5300 bolum
824 5246 1138 5317 superbum,
1161 5248 1251 5317 qui
1293 5263 1389 5303 rex
1409 5247 1612 5303 dicitur
1632 5263 1797 5321 super
1830 5265 2021 5329 omnes
2050 5251 2188 5309 ﬁlios

599 5337 888 5408 superbia,
941 5345 1124 5394 tamen
1172 5337 1429 5408 majestas
1468 5338 1563 5396 Dei
1605 5336 1805 5409 Patris,
1835 5342 1901 5399 de
1945 5352 2186 5401 stercore

600 5436 725 5478 eum
757 5424 1074 5482 sublimavit
1102 5425 1468 5493 ineli'ahiliter,
1500 5436 1556 5483 et
1604 5429 1707 5485 hoc
1734 5430 1938 5501 quare?
1973 5432 2187 5499 Quaris

602 5517 975 5586 quare'lAudi
1022 5534 1230 5590 quare:
1268 5539 1287 5573 ι
1328 5520 1399 5578 Ut
1424 5521 1633 5591 sedeat,
1674 5540 1692 5576 ι
1742 5523 1937 5595 inquit,
1991 5545 2010 5578 ι
2065 5542 2188 5583 cum

602 5608 938 5680 principibus
963 5620 1019 5667 et
1045 5613 1237 5670 solium
1280 5614 1465 5687 gloria
1498 5622 1680 5672 teneat
1721 5616 1937 5692 (Matth.
1984 5616 2122 5691 ιιι).
2162 5638 2181 5673 ι

602 5696 910 5773 Principes,
957 5707 1127 5760 sancti
1182 5708 1408 5780 apostoli
1459 5706 1848 5783 intelliguntur,
1883 5711 1977 5784 qui
2025 5710 2183 5770 sede-

602 5790 737 5853 bunt
811 5812 933 5851 cum
992 5798 1208 5854 Christo
1273 5815 1436 5867 super
1507 5801 1789 5859 duodecim
1838 5805 2014 5861 sedes.
2079 5804 2186 5863 Sed

2301 3316 2462 3371 mista
2492 3316 2571 3372 ait
2604 3335 2617 3370 :
2656 3336 2674 3368 ι
2725 3315 2810 3373 Ab
2835 3325 2957 3373 ortu
2988 3318 3119 3375 solis
3168 3332 3341 3392 usque
3368 3319 3434 3376 ad
3472 3311 3791 3379 occasum.“-

2299 3408 2478 3463 tlabile
2509 3425 2706 3465 nomen
2758 3409 2968 3466 Domini
3012 3409 3185 3483 (Psal.
3239 3412 3389 3485 οιιι).
3424 3430 3442 3463 ι
3496 3410 3617 3466 Hinc
3659 3406 3789 3461 iterum

2300 3502 2561 3572 scriptum
2588 3511 2674 3557 est
2705 3520 2717 3556 :
2768 3520 2786 3553 ι
2840 3501 2886 3556 Α
2916 3501 3116 3560 ﬁnibus
3149 3513 3311 3561 terra
3353 3492 3633 3579 audivimus
3666 3493 3789 3550 laudes

2291 3592 2425 3666 justi
2459 3591 2594 3665 (Isa.
2630 3590 2780 3665 ιιιν)
2816 3616 2828 3647 ς
2864 3610 2883 3644 ι
2916 3590 2985 3648 Ει
3010 3594 3209 3650 iterum
3242 3591 3535 3651 desanctis
3553 3584 3786 3662 praedicato-

2296 3684 2483 3740 ribus:
2522 3705 2539 3736 ι
2569 3682 2627 3739 ln
2660 3699 2876 3740 omnem
2904 3692 3105 3740 terram
3128 3685 3300 3741 exivit
3331 3698 3493 3742 sonus
3511 3670 3787 3742 eorum,etil

2300 3775 2434 3831 ﬁnes
2464 3775 2614 3832 orbis
2638 3784 2798 3832 terra
2832 3776 2996 3832 verba
3022 3792 3210 3833 eorum
3237 3775 3411 3855 (Paul.
3438 3772 3598 3845 XVIII).
3629 3789 3645 3822 ι
3670 3765 3788 3855 Qui“:

2298 3884 2460 3941 quam
2511 3870 2761 3926 cardines
2820 3879 3006 3938 terrae,
3043 3879 3106 3927 ut
3160 3850 3478 3943 quibusdam
3524 3866 3686 3940 placet.
3725 3850 3786 3925 ilNi

2296 3956 2682 4030 praedicatores
2708 3959 3102 4034 intelligantur,
3138 3978 3306 4034 super
3329 3974 3546 4033 quorum
3573 3953 3700 4010 tidem
3717 3955 3784 4034 sla:

2295 4049 2450 4105 bilita
2481 4061 2563 4107 est
2591 4050 2851 4107 Ecclesia.
2882 4030 2960 4108 De
2990 4052 3185 4124 quibus
3204 4030 3493 4125 _scriptum
3515 4052 3623 4104 est:
3664 4057 3679 4090 ⁴

2296 4158 2405 4213 quo
2430 4153 2748 4211 curvantur,
2776 4145 2867 4218 qui
2905 4154 3127 4217 portant
3164 4148 3356 4205 orbem
3395 4142 3530 4218 (Job.
3562 4134 3656 4205 ιιι)
3682 4151 3696 4183 ι
3718 4128 3782 4227 lvii

2296 4237 2515 4309 quidem
2545 4246 2672 4294 sunt
2701 4239 2795 4311 qui
2822 4236 2949 4296 alibi
2978 4240 3246 4296 columna
3274 4240 3534 4302 dicuntur,
3563 4231 3678 4288 sicut
3697 4234 3784 4277 scn-

2294 4339 2446 4401 ptnm
2475 4340 2559 4388 est
2592 4351 2605 4386 :
2639 4351 2658 4384 ι
2694 4330 2969 4389 Columna
2996 4333 3119 4391 cali
3146 4332 3562 4392 contremiscunt
3580 4334 3627 4379 et
3646 4318 3779 4391 parem

2296 4422 2363 4477 ad
2397 4431 2585 4478 nutum
2610 4422 2728 4496 ejus
2757 4422 2898 4493 (Job.
2928 4422 3099 4497 xxvi),
3136 4445 3155 4478 ι
3198 4424 3451 4483 videlicet
3488 4412 3635 4476 sancti
3661 4403 3782 4465 ECd”

2301 4515 2395 4569 sia
2426 4512 2659 4585 pradica
2670 4524 2834 4583 tores,
2866 4532 3030 4588 super
3053 4532 3191 4590 quos
3219 4516 3433 4575 fabrica
3457 4505 3675 4569 Ecclesiae
3689 4505 3781 4553 slm'

2296 4614 2449 4661 ctura
2465 4607 2762 4679 consurgit,
2790 4608 2934 4664 sicut
2949 4609 3055 4666 alia
3081 4608 3362 4683 Scriptura
3386 4612 3614 4664 testatur,
3628 4592 3777 4683 ἀίοεξεξ

2298 4718 2318 4750 ι
2351 4698 2452 4768 Qui
2477 4677 2690 4767 vicerit,
2720 4700 2917 4757 faciam
2944 4702 3095 4759 illum
3123 4677 3428 4761 columnam
3466 4696 3518 4754 in
3545 4677 3777 4757 templo”

2291 4792 2397 4849 mei
2430 4791 2615 4865 (Apoc.
2658 4791 2763 4864 ιιι).
2803 4815 2823 4849 ι
2850 4790 2990 4850 Nam
3024 4796 3270 4868 quisquis
3294 4795 3350 4852 in
3382 4780 3473 4848 Dei
3508 4776 3778 4873 operari“?

2289 4883 2592 4941 intentione
2622 4883 2890 4953 ﬁrmatur,
2938 4866 3187 4944 columna
3231 4888 3288 4944 in
3327 4889 3584 4944 structura
3624 4866 3776 4953 labrist

2290 4974 2551 5049 spiritalis
2574 4976 2820 5050 erigitur,
2846 4949 2907 5034 ut
2934 4976 2987 5033 in
3012 4977 3116 5035 hoc
3143 4979 3361 5052 templo,
3398 4966 3531 5047 quod
3565 4971 3637 5052 etii

2290 5038 2371 5122 sia
2396 5066 2623 5137 positus,
2655 5038 2714 5122 ’ἐκ
2753 5038 2985 5125 utilitate
3033 5071 3228 5143 prosit,
3250 5038 3318 5127 let
3346 5038 3562 5123 decore.
3602 5038 3776 5111 Undede

2290 5166 2601 5214 sanctorum
2629 5158 3014 5231 pradieatione
3041 5160 3413 5219 subinfertur:
3605 5236 3614 5240 Α
3691 5226 3714 5240 ν
3741 5221 3749 5240 ,

2363 5269 2382 5300 ι
2419 5248 2592 5306 Pedes
2635 5260 2948 5308 sanctorum
2986 5268 3211 5312 suorum
3238 5248 3485 5332 servabit.
3525 5251 3574 5301 ει
3602 5234 3771 5332 W1

2294 5361 2313 5393 ι
2359 5338 2600 5403 tenebris
2621 5344 3010 5415 conticescent,
3042 5348 3169 5420 quia
3202 5362 3310 5406 non
3344 5346 3397 5401 in
3428 5326 3768 5420 fortitudine-5'?

2291 5452 2310 5485 ι
2344 5431 2689 5491 roborabitur
2730 5436 2828 5492 vir.
2865 5456 2883 5490 ι
2916 5410 3079 5495 Licet
3093 5439 3259 5509 pedes
3298 5434 3397 5508 ipsi
3441 5428 3658 5488 tlme
3673 5410 3770 5508 de?

2285 5534 2538 5601 gnentur,
2573 5528 2714 5587 sicut
2739 5544 2837 5601 per
2864 5529 3101 5604 Moysem
3129 5530 3354 5589 dicitur:
3390 5545 3408 5580 ι
3443 5518 3536 5591 Qui
3557 5509 3770 5604 ⁸ΡΡ⁹⁰Ρ¹Ϊ

2285 5596 2454 5691 quant
2479 5622 2709 5693 pedibus
2732 5596 2845 5680 suis
2886 5596 3163 5697 accipiunt
3186 5624 3255 5681 de
3278 5617 3507 5681 doctrina
3540 5596 3769 5697 illius

2283 5680 2545 5771 Dominus
2616 5715 2759 5771 inter
2826 5680 3079 5774 scandala
3146 5718 3538 5791 persecutorum
3599 5680 3769 5791 “ml”

2284 5804 2465 5871 (Deut.
2494 5807 2690 5873 ιιιιι).
2729 5829 2748 5862 ι
2774 5782 3166 5867 Verumtamen
3205 5809 3365 5877 pedes
3413 5794 3676 5860 sanctorum
3712 5782 3765 5827 w-
