3970 6332
161 400 274 458 269

1089 401 1346 458 manu.
1389 401 1454 457 IN
1495 401 1740 458 uanos
1779 381 2041 460 REGUM.
2086 439 2156 449 —
2193 408 2262 467 lN
2297 409 2425 468 LIB.
2461 409 2503 465 ι.

3332 375 3442 482 iro

160 529 358 570 cessus
379 512 609 569 actionis
628 520 683 567 et
705 512 881 583 ipsum
905 525 1040 582 opus
1058 511 1482 582 praedicationis,
1505 512 1748 583 accipere
1775 511 2110 578 ADominus
2181 519 2386 574 tonavit
2407 561 2422 584 ,
2477 521 2694 590 quando
2750 535 2849 594 per
2898 528 3171 596 apostolos
3223 534 3440 606 perﬁda

157 623 476 680 possumus,
515 607 660 676 quod
701 605 961 660 Dominus
1001 606 1059 662 in
1099 606 1242 660 viam
1274 604 1499 675 justitize
1547 607 1750 685 dirigit.

157 699 239 754 De
265 700 464 770 quibus
497 697 762 753 Dominus
803 697 936 766 ipsis
968 697 1416 768 praedicatoribus
1447 697 1522 752 ait
1567 714 1583 750 :
1639 715 1656 749 ι
1693 695 1753 757 in

152 806 549 862 quamcunque
593 791 814 846 domum
865 790 948 846 vel
998 790 1278 848 civitatem
1311 790 1665 856 intraveritis,
1697 799 1753 846 et

157 903 269 944 non
303 885 609 956 receperint
658 901 774 952 vos,
817 896 1080 941 exeuntes
1115 887 1182 941 de
1230 886 1472 952 civitate,
1515 886 1778 980 excutite'

147 975 438 1048 pulverem
467 977 532 1032 de
559 976 789 1046 pedibus
814 977 1016 1032 vestris
1041 976 1256 1049 (Matth.
1291 994 1356 1043 x;
1395 977 1564 1033 Marc.
1589 978 1688 1051 vt).
1716 997 1744 1032 μ)

151 1065 348 1124 Pulvis
374 1068 519 1123 enim
545 1068 740 1123 levitas
768 1077 852 1123 est
899 1077 1127 1124 terrenae
1172 1070 1534 1141 cogitationis,
1567 1085 1598 1126 a
1642 1085 1750 1141 quo

153 1158 262 1230 ipsi
319 1159 485 1215 etiam
529 1160 724 1214 summi
767 1160 1150 1230 praedicatores
1197 1161 1464 1218 immunes
1493 1177 1613 1217 esse
1655 1177 1750 1220 ne-

151 1261 385 1322 queunt,
427 1268 547 1307 cum
581 1268 682 1322 pro
733 1253 1072 1308 auditoribus
1121 1255 1235 1309 suis
1268 1255 1484 1310 solliciti
1515 1256 1746 1311 salubri-

145 1341 258 1398 bus
284 1340 434 1398 curis
464 1341 800 1397 inceSsanter
830 1342 1139 1410 intendunt,
1163 1354 1218 1400 et
1247 1347 1402 1414 quasi
1429 1347 1744 1418 peritinera

145 1435 343 1493 mundi
401 1435 512 1490 imo
540 1421 633 1490 vix
683 1436 940 1491 calcaneo
987 1446 1145 1492 terrae
1176 1437 1452 1507 pulverem
1507 1439 1740 1510 lingant,

143 1529 244 1586 sed
275 1529 420 1583 hunc
445 1528 721 1600 pulverem
751 1527 986 1583 levitatis
1027 1528 1268 1599 quotidie
1299 1544 1394 1599 per
1423 1524 1742 1586 effusionem

139 1621 403 1676 doctores
447 1620 666 1675 abluere
713 1619 979 1676 festinant
1021 1620 1404 1692 lacrymarum.
1462 1623 1601 1680 Hinc
1660 1632 1744 1680 est

139 1713 292 1783 quod
318 1713 375 1767 in
405 1710 650 1767 Canticis
687 1712 1024 1767 canticorum
1075 1728 1195 1768 cum
1244 1713 1485 1768 Ecclesia
1533 1714 1600 1769 ad
1629 1713 1742 1769 olli-

137 1806 290 1862 cium
348 1804 753 1875 praedicationis
804 1818 1026 1876 surgere
1068 1805 1486 1876 praeciperetur,
1539 1821 1739 1878 sponso

1851 622 2058 701 eorum
2088 612 2250 668 corda
2287 615 2497 670 terruit.
2545 616 2822 674 (Sosiorum
2858 619 3024 690 igitur
3059 626 3299 696 nomine,
3333 630 3438 701 ipsi

1833 699 2082 770 .apostoh'
2135 702 2528 776 intelliguntur,
2578 709 2643 764 de
2693 709 2891 781 quibus
2937 728 3035 783 per
3087 699 3434 778 Psalmistam

1843 791 2052 848 dicitur
2073 811 2092 848 :
2123 812 2142 846 ι
2174 795 2309 853 ϐωιὶ
2329 808 2590 854 enarrant
2611 800 2840 871 gloriam
2862 803 2956 858 Dei
2993 802 3165 875 (Ρεαι.
3199 812 3374 882 xvm).
3407 832 3429 866 ι

1839 883 1957 944 τΡει·
1982 887 2221 946 tonitrua
2251 905 2397 955 vero,
2439 892 2895 950 comminationes
2933 897 3340 966 miraculorum,
3373 912 3435 962 et

1839 985 2091 1038 terrores
2143 984 2420 1054 signorum
2461 985 2824 1056 accipiuntur,
2873 1003 2994 1058 qua:
3031 991 3253 1062 expleta
3304 1005 3438 1054 sunt

1851 1073 2065 1140 quando
2093 1074 2323 1146 apostoli
2353 1085 2639 1146 eruperunt
2683 1078 2738 1132 in
2769 1078 2855 1133 die
2885 1079 3237 1140 Pentecostes
3266 1087 3435 1144 variis

1849 1162 2047 1234 linguis
2086 1163 2233 1234 loqui
2259 1166 2525 1236 magnalia
2566 1167 2682 1233 Dei,
2711 1169 2930 1238 quando
2955 1169 3192 1241 Spiritus
3213 1183 3437 1232 sanctus

1845 1254 1904 1312 in
1930 1255 2070 1326 ignis
2100 1257 2306 1314 visione
2331 1273 2493 1328 super
2521 1273 2616 1314 eos
2649 1261 2918 1332 apparuit.
2951 1262 3018 1318 Et
3053 1263 3214 1322 Petro
3240 1266 3436 1336 praedi-

1843 1354 2026 1410 cante,
2071 1345 2239 1402 Judaei
2285 1357 2539 1418 tanquam
2591 1351 2794 1406 tonitru
2832 1353 3088 1422 perculsi,
3119 1359 3430 1428 compuncti

1845 1437 2102 1494 dixerunt
2150 1459 2161 1494 :
2218 1462 2236 1493 ί
2278 1429 2392 1497 Viri
2439 1442 2656 1508 fratres,
2689 1445 2815 1512 quid
2865 1445 3160 1503 faciemus?
3210 1468 3228 1500 ι
3282 1449 3478 1504 Tunc‘

1845 1529 2040 1586 Petrus
2066 1534 2340 1602 apostolus
2366 1535 2482 1590 ait:
2519 1554 2538 1586 ι
2573 1535 2916 1606 Ptenitemini
2954 1539 3137 1609 igitur,
3167 1551 3222 1596 et
3258 1541 3434 1611 bapti-

1843 1634 1999 1680 zetur
2021 1628 2390 1698 unusquisque
2411 1639 2592 1685 vestru
2603 1646 2672 1695 ill,
2704 1639 2762 1686 et
2779 1630 3069 1686 deleantur
3096 1641 3276 1688 vestra
3306 1647 3434 1702 pec-

1841 1725 1966 1772 cata
1994 1717 2130 1788 (Act.
2165 1719 2252 1787 ll).
2298 1739 2316 1771 ι
2351 1719 2488 1774 Hinc
2533 1720 2585 1774 in
2621 1719 2944 1793 Apocalypsi
2985 1723 3248 1793 scriptum
3293 1735 3382 1781 est
3413 1745 3428 1781 :

1849 1826 1868 1860 ι
1899 1809 1966 1864 Ει
1989 1809 2056 1865 de
2077 1811 2272 1866 throno
2302 1811 2666 1880 procedebant
2695 1811 2905 1881 fulgura
2934 1821 2988 1869 et
3017 1830 3176 1872 voces
3205 1825 3263 1873 et
3285 1818 3427 1874 toni-

138 1895 450 1967 respondit,
479 1895 704 1951 dicens:
735 1915 752 1946 ι
784 1894 1206 1966 Exspoliavi-me
1232 1897 1416 1952 tunica
1436 1913 1575 1964 mea,
1607 1915 1741 1970 quo-
1769 1886 1816 1946 B
1845 1911 1961 1957 trua
2006 1901 2189 1974 (Apoc.
2225 1904 2321 1973 tv);
2362 1925 2380 1956 )
2435 1904 2538 1958 hoc
2575 1912 2660 1959 est
2705 1907 2850 1974 quod
2895 1905 3109 1962 Marcus
3145 1907 3222 1962 ait
3254 1926 3269 1963 :
3303 1927 3321 1962 ι
3353 1909 3435 1966 Illi

137 1990 305 2043 modo
335 1987 536 2048 induar
563 1987 690 2042 illa?
720 1987 852 2042 Lavi
881 1988 1045 2059 pedes
1069 2004 1241 2056 meos,
1263 1991 1532 2060 quomodo
1565 1991 1740 2060 inqui-

1841 2001 2020 2048 autem
2054 1993 2284 2064 profecti
2329 1995 2766 2065 praedicaverunt
2798 1995 3000 2066 ubique
3045 1995 3277 2052 Domino
3304 2012 3435 2054 coo-

135 2081 284 2136 nabo
325 2079 451 2134 illos
482 2079 657 2150 (Cant.
693 2079 770 2151 vi)
795 2080 816 2134 ?
843 2100 860 2132 ι
896 2080 976 2137 Ac
1006 2081 1053 2136 si
1076 2091 1267 2152 aperte
1302 2083 1447 2138 dicat
1473 2100 1488 2159 :I
1514 2083 1736 2138 Deserui
1835 2093 2086 2154 .perante,
2125 2093 2179 2139 et
2215 2100 2520 2140 sermonem
2571 2085 2952 2151 conﬁrmante,
2981 2088 3334 2158 sequentibus
3359 2091 3436 2145 si-

134 2171 360 2242 negotia
385 2171 668 2226 saecularia
699 2171 776 2225 tui
803 2186 990 2238 causa,
1024 2173 1296 2243 quomodo
1326 2182 1566 2244 repetam
1607 2173 1739 2229 illa?
1839 2177 1981 2248 guis.
2017 2196 2036 2228 ι
2067 2176 2276 2244 Quibus
2309 2177 2516 2233 scilicet
2551 2178 2866 2234 tonantibus
2895 2179 3142 2235 exterriti
3173 2187 3301 2236 sunt
3321 2180 3431 2236 ini-

131 2265 317 2320 Etiam
351 2272 560 2320 secreta
587 2265 1356 2335 compunctionibus,ﬂetibus
1382 2267 1549 2333 ablui,
1583 2267 1740 2337 quid—
1837 2268 1989 2334 mici,
2018 2283 2084 2323 ex
2111 2269 2310 2339 quibus
2341 2269 2495 2324 multi
2523 2269 2769 2325 conversi
2795 2279 2923 2325 sunt
2951 2271 3018 2326 ad
3049 2271 3211 2328 ﬁdem
3241 2287 3257 2327 :
3275 2273 3434 2344 juxta

131 2355 267 2426 quid
311 2355 368 2410 in
400 2355 619 2411 incessu
673 2355 1098 2427 praedicationis,
1144 2366 1199 2412 et
1228 2357 1283 2413 in
1319 2359 1738 2430 cogitationibus

131 2447 376 2505 terrenis
412 2447 627 2517 reliqui,
673 2448 947 2518 quomodo
1000 2449 1297 2505 immundis
1337 2451 1588 2507 sordibus
1632 2451 1735 2507 ite-

131 2553 261 2592 rum
291 2537 540 2608 polluar?
577 2536 688 2592 Sed
717 2537 847 2593 licet
873 2538 976 2594 hoc
1008 2539 1398 2609 pertimescant
1436 2541 1614 2608 electi,
1643 2556 1736 2612 pe-

129 2631 236 2687 des
259 2645 447 2686 eorum
470 2645 500 2684 a
527 2629 637 2686 Deo
652 2638 961 2698 servantur,
981 2632 1114 2686 utin
1138 2632 1289 2686 nulla
1312 2632 1444 2688 faece
1467 2632 1735 2688 haeretica:

126 2723 425 2797 pravitatis
461 2723 738 2780 tradentur
767 2739 944 2796 neque
973 2724 1040 2780 ad
1083 2738 1310 2795 pravum
1337 2725 1553 2795 aliquod
1599 2742 1735 2796 opus

127 2814 449 2869 dilabantur
502 2814 648 2869 unde
697 2814 902 2872 sanctis
931 2814 1219 2872 animabus
1254 2831 1352 2888 per
1393 2817 1734 2874 Ezechieiem

126 2907 378 2963 dicitur:
429 2925 447 2957 ι
500 2905 675 2962 Pedes
724 2920 912 2961 eorum
942 2907 1107 2976 pedes
1149 2909 1283 2963 recti
1327 2907 1546 2979 (Ezech.
1593 2909 1655 2979 ι).
1707 2928 1729 2964 ι

125 2998 306 3055 Pedes
335 3006 656 3054 sanctorum
682 2998 851 3070 pedes
883 3000 1020 3055 recti
1065 2999 1338 3067 dicuntur,
1369 3001 1495 3072 quia
1544 3016 1734 3058 eorum

124 3107 296 3162 opera
321 3092 389 3147 ad
429 3091 764 3162 sequendam
795 3092 1141 3162 iniquitatem
1171 3108 1279 3148 non
1329 3102 1456 3149 sunt
1487 3101 1729 3160 retorta;

123 3187 260 3258 quia
287 3187 434 3243 inter
454 3186 651 3241 ﬂuctus
680 3184 840 3254 huius
877 3185 1059 3241 saeculi
1095 3195 1383 3254 servantur
1421 3201 1451 3240 a
1481 3186 1728 3241 Domino.

1834 2361 1983 2430 quod
2007 2361 2182 2417 Lucas
2205 2363 2281 2416 ait
2309 2377 2325 2416 :
2363 2382 2382 2414 ι
2431 2363 2498 2418 Et
2542 2362 2709 2418 multa
2749 2364 2909 2419 turba
2932 2365 3280 2421 sacerdotum
3303 2366 3435 2422 obe—

1833 2451 2021 2507 diebat
2045 2453 2202 2519 ﬁdei;
2246 2474 2266 2507 ι
2295 2469 2393 2526 per
2418 2453 2518 2510 hos
2535 2455 2738 2511 etenim
2761 2455 2931 2511 oculos
2959 2456 3069 2512 imo
3101 2471 3202 2528 per
3237 2459 3433 2526 nubes,

1837 2561 1976 2616 quas
1995 2545 2202 2618 Spiritu
2233 2557 2422 2603 sancto
2443 2548 2694 2618 replevit,
2720 2563 2842 2604 cum
2868 2549 3205 2604 ascendisset
3234 2551 3288 2604 in
3312 2564 3430 2606 cte-

1834 2635 1970 2702 lum,
2004 2652 2166 2708 super
2210 2639 2549 2694 adversarios
2591 2639 2865 2694 intonuit:
2895 2655 3210 2710 quanquam
3241 2641 3308 2695 de
3335 2631 3425 2694 fu-é

1835 2733 1961 2780 turo
2003 2725 2209 2795 judicio
2255 2729 2493 2784 nonnulli
2540 2729 2711 2784 velint
2754 2730 3000 2801 intelligi,
3037 2731 3129 2786 ubi
3182 2730 3432 2788 inﬁdeles

1829 2817 2009 2872 Judaei
2055 2819 2147 2888 qui
2198 2834 2351 2874 suam
2403 2819 2490 2874 hic
2539 2819 2832 2874 voluerunt
2869 2828 3112 2875 statuere
3133 2821 3428 2891 justitiam,

1831 2909 2134 2979 gloriantes
2184 2911 2250 2966 de
2289 2911 2634 2966 observantia
2683 2911 2838 2981 legis,
2883 2913 3004 2967 sine
3048 2911 3156 2968 ﬁde
3200 2913 3428 2984 Christi,

1829 2985 2059 3070 justitia:
2102 3001 2220 3072 ejus
2279 3001 2570 3057 noluerunt
2626 3018 2747 3058 esse
2801 3001 3029 3072 subjecti
3081 3020 3094 3058 :
3144 3002 3429 3073 iudicandi

1832 3101 1983 3160 sunt,
2035 3109 2142 3149 non
2187 3095 2360 3151 solum
2412 3111 2441 3149 a
2495 3097 2722 3152 Domino
2754 3112 2914 3167 quem
2959 3105 3428 3169 contempserunt,

1835 3203 2023 3242 verum
2062 3189 2224 3244 etiam
2253 3189 2322 3244 ab
2352 3189 2626 3259 Apostolis
2679 3190 2769 3260 qui
2799 3189 2922 3245 cmli
2965 3190 3186 3246 nomine
3219 3191 3426 3248 intelli-

125 3279 240 3335 Sed
265 3281 397 3336 dum
435 3279 509 3334 illi
538 3287 849 3346 servantur,
887 3279 1086 3350 impiie
1109 3281 1386 3334 contrario
1422 3279 1514 3350 qui
1541 3294 1730 3334 eorum
1760 3260 1806 3324 Ο
1835 3289 2059 3352 guntur,
2087 3281 2379 3336 damnandi
2421 3289 2548 3336 sunt
2575 3281 2716 3336 sicut
2746 3280 3006 3337 Dominus
3032 3283 3109 3336 ait
3147 3300 3161 3338 :
3197 3303 3216 3335 ι
3255 3282 3427 3340 Sede-

119 3373 611 3444 praedicationibus
632 3371 892 3428 contrarii
934 3371 1172 3438 fuerunt,
1197 3372 1250 3426 in
1294 3372 1530 3427 tenebris
1561 3371 1732 3426 conti-

121 3472 379 3530 cescent,
404 3464 651 3520 scilicet:
696 3463 890 3531 Judaei,
934 3465 1028 3535 qui
1074 3464 1314 3520 tenebris
1347 3463 1649 3519 inﬁdelitati
1678 3471 1734 3518 et

123 3559 459 3630 ignorantia
483 3558 848 3625 involvuntur,
881 3566 935 3614 et
980 3558 1161 3614 lumen
1202 3557 1448 3613 veritatis
1487 3569 1732 3612 contem-

121 3649 272 3720 plari
307 3660 412 3703 non
441 3659 740 3716 merentur,
788 3651 916 3705 dum
965 3649 1084 3705 sine
1116 3650 1297 3704 divino
1327 3649 1596 3719 adjutorio
1625 3647 1730 3702 sibi

123 3754 294 3810 posse
317 3739 565 3796 sufﬁcere
587 3741 953 3806 crediderunt,
984 3741 1126 3795 unde
1147 3747 1204 3794 et
1235 3740 1501 3809 sequitur.
1541 3759 1560 3790 ι
1591 3737 1729 3805 Quia

123 3847 242 3887 non
275 3831 332 3885 in
361 3829 683 3886 fortitudine
721 3846 817 3886 sua
865 3830 1211 3886 roborabitur
1243 3829 1346 3884 vir.
1402 3849 1420 3881 ι
1467 3827 1732 3884 Videlicet

125 3924 382 3996 propria,
439 3925 535 3980 sed
575 3924 773 3978 virtute
807 3923 988 3978 divina
1035 3931 1230 3992 potens
1276 3931 1360 3977 est
1409 3921 1512 3988 vir,
1553 3920 1607 3975 id
1647 3928 1732 3974 est

123 4015 358 4086 gentilis
383 4015 634 4086 populus;
668 4015 754 4071 vel
772 4023 951 4084 potest
979 4013 1306 4084 generaliter
1329 4010 1576 4082 intelligi,
1600 4010 1730 4080 quia

123 4108 316 4164 nullus
361 4109 476 4164 suis
500 4108 710 4163 viribus
737 4107 878 4163 bona
910 4107 1126 4178 Operari
1171 4105 1333 4172 valet,
1370 4119 1470 4160 nec
1513 4103 1730 4160 diabolo

124 4202 418 4267 resistere,
453 4202 560 4258 imo
600 4201 645 4257 si
672 4216 732 4258 se
761 4210 951 4257 contra
983 4200 1271 4256 Dominum
1310 4199 1521 4269 erigere
1558 4205 1730 4252 tenta-

125 4293 298 4358 verit,
330 4292 533 4348 bonum
562 4293 609 4348 si
643 4291 787 4362 quod
835 4293 1037 4348 habere
1081 4291 1296 4346 videtur
1325 4288 1548 4354 amittit,
1586 4287 1728 4357 quod

127 4384 182 4439 in
225 4384 351 4453 ipso
376 4383 553 4454 primo
591 4383 802 4455 angelo,
835 4391 892 4437 et
931 4389 1122 4452 postea
1170 4380 1224 4434 in
1252 4377 1470 4433 homine
1501 4377 1728 4432 demon-

125 4489 372 4536 stratum
403 4488 507 4535 est.
543 4477 820 4548 Scriptum
848 4489 1084 4546 namque
1111 4482 1193 4530 est
1221 4490 1234 4528 :
1271 4492 1289 4524 ι
1321 4471 1440 4527 Non
1470 4471 1730 4542 glorietur

126 4571 377 4642 prudens
409 4571 464 4625 in
509 4569 799 4640 prudentia
843 4582 963 4632 sua,
1000 4581 1100 4620 nec
1126 4565 1344 4635 sapiens
1373 4565 1426 4618 in
1453 4562 1724 4633 sapientia

1833 3371 1963 3426 bitis
1996 3387 2161 3442 super
2179 3372 2340 3428 sedes
2359 3373 2664 3438 duodecim,
2691 3372 3000 3441 iudicantes
3023 3375 3308 3432 duodecim
3331 3376 3428 3432 tri-

1833 3463 1935 3517 bus
1961 3462 2125 3518 Israel
2170 3462 2384 3534 (Matth.
2425 3465 2566 3536 xix).
2618 3483 2636 3516 ι
2688 3465 2824 3522 Hinc
2852 3467 2919 3520 ad
2947 3467 3164 3522 eosdem
3211 3467 3429 3526 Iudaeos

1833 3554 2096 3610 Dominus
2145 3555 2278 3610 dicit
2319 3574 2330 3609 :
2383 3575 2402 3606 ι
2440 3557 2497 3612 Si
2527 3573 2626 3629 ego
2662 3557 2717 3612 in
2753 3559 2998 3629 principe
3036 3561 3427 3617 daemoniorum

1831 3647 1992 3717 ejicio
2039 3649 2331 3715 daemonia,
2373 3649 2466 3704 ﬁlii
2522 3652 2689 3706 vestri
2737 3651 2792 3706 in
2843 3667 2951 3724 quo
2998 3654 3264 3724 ejiciunt?
3301 3653 3425 3710 ideo

1827 3739 2038 3810 judices
2068 3741 2234 3794 vestri
2267 3748 2426 3794 erunt
2476 3739 2689 3812 (Matth.
2736 3745 2858 3814 xu).
2911 3763 2930 3794 ι
2966 3744 3103 3800 Hinc
3134 3745 3300 3802 etiam
3327 3759 3426 3816 per

1830 3832 2152 3902 prophetam
2185 3833 2421 3887 dicitur:
2457 3851 2476 3884 ι
2515 3831 2743 3890 Vocabit
2775 3835 3037 3891 Dominus
3061 3836 3323 3908 judicium
3353 3838 3423 3893 ad

1831 3924 2014 3992 ignem
2063 3931 2120 3978 et
2159 3924 2444 3980 devorabit
2494 3926 2748 3996 abyssum
2781 3926 3029 3989 multam,
3079 3935 3136 3981 et
3178 3927 3430 3983 comedet

1830 4023 2041 4086 partem
2087 4015 2280 4070 domus
2325 4014 2538 4088 (Amos,
2565 4017 2679 4086 vn).
2743 4035 2760 4068 ι
2813 4016 3081 4072 Iudicium
3112 4017 3312 4088 quippe
3355 4018 3425 4072 ad

1833 4109 2013 4180 ignem
2056 4110 2361 4175 vocabitur,
2394 4125 2516 4165 cum
2562 4110 2615 4164 in
2647 4109 2852 4181 judicio
2890 4109 3108 4177 iustitiae
3156 4111 3428 4166 sententia

1833 4200 1900 4256 ad
1923 4217 2138 4272 poenam
2149 4201 2263 4272 jam
2288 4211 2504 4258 aeterna:
2526 4202 2982 4258 concremationis
3003 4202 3344 4268 ostenditur;
3371 4212 3427 4260 et

1833 4298 2087 4369 abyssum
2141 4298 2444 4364 devorabit,
2486 4298 2609 4368 quia
2655 4297 2870 4367 iniquas
2915 4306 3078 4367 atque
3114 4297 3423 4368 incompre-

1833 4388 2128 4448 hensibiles
2157 4389 2436 4444 hominum
2463 4397 2672 4443 mentes
2712 4387 3108 4452 concremabit,
3131 4401 3253 4457 quae
3281 4402 3430 4442 nunc

1835 4497 1893 4536 se
1923 4481 2232 4536 hominibus
2267 4481 2432 4535 etiam
2478 4481 2580 4535 sub
2615 4480 2892 4549 signorum
2942 4478 3220 4534 miraculis
3245 4477 3428 4534 occul-

1836 4582 1974 4640 tant,
2001 4573 2089 4644 qui
2120 4574 2172 4627 in
2206 4572 2411 4642 judicio
2436 4573 2631 4627 dicturi
2653 4581 2807 4627 sunt:
2843 4590 2860 4622 ‹
2897 4571 3144 4635 Domine,
3173 4570 3421 4636 Domine,
3465 4599 3468 4602 ~

128 4677 258 4728 sua,
287 4677 390 4718 nec
417 4662 568 4718 dives
598 4662 652 4716 in
672 4660 875 4716 divitiis
905 4660 1018 4714 suis
1053 4676 1066 4713 :
1096 4657 1192 4714 sed
1236 4657 1328 4727 qui
1361 4656 1644 4728 gloriatur,
1670 4656 1726 4710 in
1752 4659 1806 4720 D
1833 4679 2012 4723 nonne
2048 4667 2102 4720 in
2129 4666 2348 4720 nomine
2372 4674 2464 4720 tuo
2493 4664 2934 4735 prophetavimus
2973 4663 3190 4736 (Matth.
3217 4663 3352 4734 vn)?
3391 4681 3419 4716 ο

129 4757 369 4816 Domino
405 4757 670 4830 glorietur
703 4755 838 4830 (Jer.
889 4755 988 4826 ιχ).
1039 4773 1058 4807 ι
1100 4752 1238 4809 Hinc
1264 4753 1458 4807 iterum
1487 4749 1614 4805 alibi
1647 4751 1726 4806 (Ιί-
1833 4770 1887 4814 et
1912 4759 2140 4830 reliqua.
2173 4758 2280 4814 Sed
2315 4765 2444 4814 tunc
2471 4758 2689 4813 audient
2718 4774 2748 4812 a
2791 4758 3062 4814 Domino:
3093 4777 3112 4810 ‹
3151 4755 3428 4812 Discedite

129 4852 280 4906 citur
312 4867 328 4903 :
385 4867 406 4901 ι
463 4849 692 4904 Perdant
739 4847 1064 4919 sapientiam
1106 4845 1455 4917 sapientium.
1508 4852 1564 4898 et
1599 4859 1732 4913 pru-
1834 4867 1862 4906 a
1893 4867 1999 4915 me,
2032 4850 2270 4921 cperarii
2295 4849 2617 4919 iniquitatis,
2642 4850 2828 4906 nescio
2855 4850 2946 4920 qui
2978 4850 3164 4906 estis.»
3185 4849 3322 4905 Cum
3339 4847 3428 4902 his

131 4944 380 4998 dentiam
423 4942 792 5013 prudentium.
819 4939 1121 5010 reprobabo
1153 4937 1209 5010 (1
1237 4936 1360 4992 Cor.
1395 4935 1456 5007 ι).
1511 4955 1531 4988 ι
1578 4934 1733 5002 Quod
1829 4943 1997 4998 etiam
2017 4957 2148 5012 pars
2172 4943 2366 4997 domus
2389 4941 2738 5009 comedetur,
2759 4942 2883 5012 quia
2899 4940 3114 4997 Judaeos
3131 4938 3466 5011 gloriantes}

129 5037 547 5092 evidentissime
589 5044 870 5092 ostensum
915 5042 999 5088 est
1049 5033 1104 5088 in
1151 5029 1372 5097 Iudaeis,
1425 5029 1493 5084 de
1535 5028 1732 5098 quibus
1833 5036 1899 5092 de
1929 5050 2040 5090 sua:
2063 5033 2399 5089 caeremoniis
2429 5033 2562 5104 legis
2581 5043 2746 5104 atque
2771 5035 2839 5090 de
2869 5034 3164 5089 electorum
3194 5043 3422 5085 numero

133 5123 391 5178 subditur
422 5141 436 5178 :

215 5234 235 5266 ι
275 5215 564 5271 Dominum
596 5215 965 5272 formidabunt
988 5212 1284 5270 adversarii
1313 5211 1451 5283 ejus,
1485 5218 1543 5266 et
1570 5225 1735 5280 super

141 5325 159 5357 ι
183 5307 334 5377 ipsos
361 5309 416 5362 in
443 5309 596 5364 cmlis
630 5309 854 5364 tonabit.
879 5329 898 5361 ι
920 5305 1130 5362 Domini
1159 5320 1395 5375 namque
1409 5303 1729 5371 adversarii,

136 5397 284 5454 idem
315 5397 488 5456 Judaei
519 5400 915 5470 intelliguntur,
945 5399 1038 5470 qui
1064 5398 1320 5454 dixerunt
1352 5415 1366 5452 :
1405 5416 1424 5449 ι
1458 5395 1732 5452 Mittamus

135 5489 348 5563 lignum
403 5494 456 5548 in
503 5509 698 5566 panem
737 5495 874 5566 ejus,
913 5503 969 5552 et
997 5494 1290 5550 eradamus
1322 5505 1447 5548 eum
1472 5492 1540 5547 de
1582 5501 1726 5547 terra

135 5586 460 5654 viventium,
503 5598 558 5644 et
591 5595 789 5646 nomen
819 5591 937 5661 ejus
969 5605 1074 5644 non
1119 5597 1450 5644 metueretur
1499 5585 1728 5656 amplius

137 5678 280 5749 (ha.
309 5682 408 5750 xl).
455 5702 472 5733 ι
505 5681 634 5736 inde
661 5691 744 5738 est
764 5684 905 5754 quod
927 5692 1110 5752 postea
1127 5682 1519 5747 clamaverunt,
1543 5680 1728 5735 dicen-

141 5780 259 5826 tes:
281 5794 297 5824 ‹
321 5774 879 5847 Cruciﬁge,crucitige
901 5773 1218 5846 cum(Joan.
1241 5774 1416 5846 χιχ).›
1440 5773 1731 5843 Superbos

139 5865 292 5925 enim
320 5868 400 5930 (ut
451 5869 772 5930 quibusdam
803 5867 1036 5936 videtur)
1069 5866 1429 5932 adversarios,
1461 5865 1525 5920 de
1576 5864 1730 5922 caelis

1838 5143 1897 5183 se
1921 5141 2042 5182 esse
2064 5126 2365 5197 jaCtantes,
2417 5127 2560 5182 unde
2584 5135 2640 5182 et
2669 5125 2941 5182 dixerunt.
2995 5144 3015 5176 ι
3059 5123 3168 5180 Nos
3203 5130 3417 5192 patrem

1836 5219 2098 5274 habemus
2125 5218 2398 5273 Abraham
2439 5217 2621 5289 (Joan.
2650 5217 2804 5290 vni),
2844 5235 2864 5271 ο
2923 5216 3014 5285 qui
3045 5214 3174 5270 olim
3225 5213 3421 5268 domus

1836 5310 1935 5366 Dei
1977 5311 2106 5366 dicti
2146 5319 2296 5376 sunt,
2321 5319 2448 5365 tunc
2483 5311 2745 5382 gehennae
2783 5309 3001 5364 ﬂamma
3023 5305 3417 5362 concremabit.

1841 5403 1992 5460 Unde
2015 5417 2123 5458 non
2139 5402 2414 5458 immerito
2443 5403 2510 5458 de
2545 5402 2794 5471 utrisque
2818 5398 3091 5469 sequitur:
3113 5415 3132 5448 ι
3157 5394 3421 5454 Dominus

1831 5492 2098 5563 judicabit
2111 5492 2247 5548 ﬁnes
2261 5499 2440 5549 ter-rte.
2454 5509 2474 5543 ι
2493 5490 2647 5559 Quod
2669 5489 2920 5560 quamvis
2944 5486 3098 5556 juxta
3133 5484 3419 5542 lvi'stOriam

1833 5585 2007 5654 possit
2036 5585 2280 5656 intelligi,
2301 5583 2427 5655 quia
2463 5583 2576 5652 ipse
2594 5581 2802 5652 judicat
2843 5593 3034 5634 omnes
3069 5578 3206 5634 ﬁnes
3237 5587 3418 5632 terra.

1835 5676 1996 5732 Juxta
2019 5675 2160 5746 quod
2201 5689 2297 5745 per
2327 5674 2666 5730 Psalmistam
2696 5670 2894 5727 dicitur
2924 5688 2936 5723 :
2968 5689 2985 5720 ‹
3017 5668 3155 5737 Quia
3178 5669 3231 5724 in
3253 5682 3419 5722 manu

1837 5772 1953 5843 ejus
1973 5785 2164 5826 omnes
2195 5769 2330 5824 ﬁnes
2351 5777 2508 5822 terrae
2531 5764 2707 5837 (Psal.
2742 5764 2946 5830 xcxtv),
2979 5783 2997 5816 ›
3027 5761 3274 5818 videlicet
3321 5775 3421 5814 sua

1840 5873 2106 5936 potestate
2151 5870 2342 5918 cuncta
2393 5860 2708 5926 decernens,
2754 5868 2931 5914 tamen
2983 5856 3046 5912 de
3099 5857 3296 5926 futuro,
3363 5859 3423 5917 ut
