3970 6332
586 316 747 385 ,ιιι

2530 199 2596 214 Ι⁴¹⁶ι

1660 384 1665 387 _
1686 298 2038 390 AEGELOMI
2075 294 2537 354 LUXOVIENSIS
2575 293 2882 353 MONACHI
3736 313 3800 371 πθ

643 429 902 493 diximus,
926 424 1190 501 accipitur
1205 419 1407 493 indicio
1430 419 1523 477 ubi
1548 419 1698 491 iuxta
1727 416 2010 474 retributio
2038 412 2221 469 futura
2246 414 2302 476 Α
2326 420 2439 469 stas
2473 420 2697 478 aeterna,
2727 427 2847 483 quae
2875 428 2984 469 non
3015 411 3311 480 auferetur,
3341 424 3395 493 et
3422 430 3627 491 regnum
3648 396 3802 495 εξυέη.

618 520 729 578 ἐει
751 536 780 575 a
810 514 1039 574 Domino
1062 530 1225 587 super
1246 513 1386 571 ﬁlios
1406 513 1554 579 Adin,
1583 510 1674 566 ubi
1691 509 1845 579 juxta
1876 506 2222 579 Apostolum:

651 629 673 663 ι
708 609 910 667 Omnes
952 614 1175 678 oportet
1207 603 1525 676 praesentari
1570 610 1696 656 ante
1748 598 1984 655 tribunal
2032 597 2224 669 ipsius,

536 754 541 767 ,
646 712 708 758 ιιι
759 702 949 757 reddat
1005 697 1374 770 unusquisque
1420 695 1682 750 rationem
1744 700 1904 771 prout
1953 690 2121 763 gessit
2167 702 2228 747 se

628 790 731 865 ‘(Il
763 790 886 847 Cor.
917 790 996 864 ν.)
1019 809 1036 843 ι
1061 789 1213 846 Unde
1234 797 1289 843 et
1310 785 1594 842 Psalmista
1622 801 1675 838 ει
1700 782 1900 838 Reddet
1933 779 2227 849 unicuique

645 884 942 941 secundum
997 896 1159 953 opera
1208 894 1302 936 sua
1351 875 1523 949 (Psal.
1572 874 1706 948 LXI).
1744 893 1764 926 ι
1813 873 1965 929 Tunc
2018 871 2227 929 scilicet

644 971 864 1044 quando
899 970 1369 1043 congregabantur
1397 974 1524 1020 ante
1550 980 1672 1020 eum
1721 978 1911 1019 omnes
1936 972 2125 1031 gentes
2166 968 2225 1016 et

644 1061 953 1134 segregabit
990 1074 1179 1116 omnes
1204 1059 1272 1113 ab
1300 1057 1553 1134 invicem,
1577 1067 1833 1126 tanquam
1859 1062 2108 1125 segregat
2131 1067 2226 1124 pa-

643 1131 762 1208 stiir
778 1131 909 1208 oves
931 1152 997 1207 ab
1018 1150 1186 1206 haedis
1207 1146 1422 1221 (Matth.
1445 1131 1597 1212 xxv).
1617 1145 1757 1201 Hinc
1781 1160 1878 1217 per
1899 1134 2225 1215 Prophetam

618 1243 847 1299 'dicitur
875 1238 914 1296 ε’
940 1260 959 1293 ι
1004 1240 1223 1296 Paravit
1243 1239 1297 1293 in
1314 1238 1521 1310 iudicio
1546 1239 1800 1293 thronum
1823 1250 2000 1299 suum,
2028 1242 2084 1290 et
2112 1236 2226 1304 ipse

640 1331 904 1395 iudicabit
927 1320 1116 1386 orbem
1163 1338 1323 1385 terrae
1352 1329 1405 1383 in
1437 1329 1713 1398 aequitate,
1746 1325 2013 1397 iudicabit
2055 1341 2226 1396 popu-

642 1422 720 1478 los
765 1424 818 1478 in
864 1421 1076 1491 iustitia
1129 1420 1304 1493 (Psal.
1346 1421 1456 1488 ix).
1498 1441 1516 1472 ι
1551 1420 1669 1491 Ipse
1718 1420 1907 1489 u’tique
1968 1418 2225 1472 Dominus

641 1513 889 1571 Chrisms
912 1515 1006 1585 qui
1034 1513 1379 1570 adversarios
1416 1527 1573 1577 .suos,
1604 1527 1670 1567 ac
1718 1526 1905 1566 eorum
1936 1508 2223 1579 iniustitia,

644 1602 731 1658 hic
777 1602 1029 1674 patiendo
1082 1600 1338 1672 pertulit,
1372 1601 1445 1655 ibi
1489 1599 1669 1670 impiis
1715 1598 1982 1654 veraciter
2029 1597 2227 1653 dicitur

642 1692 1018 1749 demonstrare
1058 1690 1345 1763 justitiam.
1396 1689 1593 1745 Orbem
1624 1698 1803 1753 terrae,
1836 1696 2054 1743 sanctos
2079 1686 2226 1742 viros

2327 519 2490 575 gnum
2520 506 2907 578 sempiternum
2928 546 2944 571 ,
2987 504 3130 576 quod
3174 521 3284 562 non
3315 522 3660 580 corrumpetur
3695 514 3798 585 (Dan.

2324 597 2446 669 vii).
2479 617 2500 652 ι
2549 597 2665 653 Hoc
2702 607 2788 654 est
2826 597 2971 668 quod
2999 597 3290 669 Apostolus
3318 600 3389 654 ait
3423 619 3435 654 :
3473 620 3489 653 ι
3520 602 3611 670 Qui
3646 621 3738 663 cum
3768 612 3800 667 ii

2326 686 2501 747 forma
2525 690 2621 746 Dei
2651 701 2814 757 esset,
2840 707 2948 747 non
2975 691 3220 762 rapinam
3246 692 3532 751 arbitratus
3561 708 3634 754 est
3659 714 3746 755 esse
3766 720 3801 760 se

2310 776 2587 855 'aequalem
2618 782 2748 849 Deo,
2782 785 2877 839 sed
2927 786 3279 857 semetipsum
3308 786 3610 856 exinanivit,
3646 790 3801 853 formam

2326 876 2467 933 servi
2517 875 2819 946 accipiens,
2859 875 2911 931 in
2959 876 3371 934 similitudinem
3397 880 3649 936 hominum
3674 883 3798 953 Iactus,

2325 977 2381 1024 et
2411 967 2597 1023 habitu
2623 968 2873 1024 inventus
2901 978 2961 1023 ut
2990 969 3154 1026 homo
3204 971 3502 1026 humiliavit
3526 976 3801 1048 semetipsum,

2327 1060 2501 1117 iactus
2525 1069 2610 1117 est
2632 1060 2891 1117 obediens
2932 1076 3106 1133 usque
3138 1063 3207 1118 ad
3254 1072 3502 1128 mortem,
3534 1075 3720 1122 mortem
3747 1084 3802 1125 au-

2329 1165 2433 1214 tem
2463 1156 2682 1212 cruris:
2714 1154 2943 1226 Propter
2991 1157 3133 1226 quod
3163 1165 3222 1211 et
3250 1157 3391 1212 Deus
3437 1156 3574 1212 illum
3609 1160 3800 1228 exaltant,

2327 1257 2384 1304 et
2417 1248 2637 1304 donavit
2663 1246 2736 1301 illi
2776 1261 2970 1303 nomen
3014 1247 3157 1318 quod
3186 1262 3272 1303 εει
3304 1263 3464 1319 super
3496 1264 3637 1304 omne
3660 1268 3800 1319 nomen,

2327 1348 2388 1396 ut
2416 1341 2470 1395 in
2499 1340 2714 1395 nomine
2741 1337 2868 1395 Iesu
2893 1353 3054 1395 omne
3082 1354 3221 1410 genu
3248 1337 3491 1395 ﬂectatur
3514 1337 3799 1412 (Philip.u),i

2327 1436 2384 1485 et
2420 1430 2646 1500 reliqua.
2700 1428 2839 1485 Hinc
2877 1428 3049 1485 Isaias
3076 1430 3153 1486 ait
3188 1447 3204 1484 :
3255 1448 3276 1481 ι
3327 1428 3802 1502 Multiplicabiturejus

2328 1521 2645 1592 imperium,
2676 1528 2732 1576 et
2768 1520 2919 1590 pacis
2959 1536 3065 1576 non
3114 1520 3223 1577 erit
3272 1522 3396 1578 ﬁnis
3420 1521 3546 1593 (lsa.
3571 1523 3803 1595 ix).ii5n-

2326 1630 2427 1687 per
2454 1614 2668 1671 'solium
2708 1614 2876 1670 David
2909 1655 2924 1682 ,
2975 1623 3029 1670 et
3066 1631 3232 1687 super
3288 1631 3508 1688 regnum
3544 1616 3644 1689 ejus
3672 1620 3803 1673 sedebit

2310 1706 2351 1779 ‘(
2374 1706 2500 1762 Luc.
2528 1706 2607 1778 ι).
2646 1727 2665 1760 ι
2689 1706 2827 1762 Hinc
2848 1706 3083 1779 Angelus
3108 1707 3177 1763 ad
3202 1707 3426 1763 Mariam
3455 1709 3527 1764 ait
3547 1724 3561 1763 :
3580 1728 3597 1761 ι
3623 1709 3741 1764 Dabit
3761 1710 3802 1764 illi

636 1783 901 1873 debemus
928 1783 1198 1873 accipe"?!
1228 1781 1318 1851 (Ιυί
1349 1781 1416 1835 de
1453 1780 1749 1873 υηίνθνεθξί
1791 1779 2037 1873 ﬁdem
2065 1776 2221 1873 (ζυθδί
2249 1783 2297 1844 Β
2326 1776 2585 1856 Dominus
2614 1799 2756 1856 Deus
2779 1776 2964 1856 sedem
2992 1800 3163 1855 David
3190 1801 3363 1871 patris
3389 1801 3488 1866 sui,
3506 1808 3556 1857 et
3580 1801 3801 1873 regnabitin

636 1872 706 1927 de
757 1874 972 1928 cortinae
1000 1871 1205 1928 circulo
1248 1879 1665 1942 congregantur.
1710 1869 1803 1925 Isti
1854 1870 1911 1924 in
1965 1868 2222 1939 aequitate

616 1961 912 2033 iudicandi
942 1972 1088 2031 sunt,
1133 1962 1330 2033 quibus
1373 1971 1597 2033 propter
1642 1960 1766 2016 ﬁdei
1796 1969 1853 2016 et
1899 1959 2221 2017 humilitatis

614 2068 751 2110 sua:
784 2055 1005 2121 bonum,
1035 2053 1404 2111 misericordia
1457 2052 1673 2122 copiosa
1714 2050 2084 2123 praestabitur,
2126 2050 2222 2120 qui

635 2146 874 2201 audituri
900 2156 1027 2202 sunt
1057 2163 1072 2201 :
1108 2165 1128 2199 ‹
1163 2144 1378 2211 Venite,
1408 2143 1675 2200 benedicti
1704 2144 1884 2199 Patris
1936 2144 2072 2209 mei,
2097 2158 2223 2213 pos-

634 2237 809 2293 sidete
844 2244 1094 2308 paratum
1142 2234 1362 2310 (Matth.
1406 2239 1560 2306 xxv),
1605 2244 1712 2290 etc.
1750 2254 1769 2288 ι
1814 2233 2004 2305 Populi
2041 2241 2220 2290 autem

614 2328 833 2385 debent
856 2328 1030 2398 accipi
1051 2334 1387 2398 peccatores,
1403 2326 1496 2397 qui
1522 2327 1776 2397 operibus
1806 2324 2087 2381 diabolieis
2113 2340 2223 2381 non

634 2418 891 2475 videntur
909 2419 1093 2489 exuti;
1126 2418 1228 2483 isti,
1247 2413 1890 2485 cumiustitiaiudicandi
1915 2424 2064 2481 sunt,
2093 2415 2221 2486 quia

620 2525 734 2580 pro
773 2508 1043 2565 factorum
1080 2523 1304 2565 suorum
1341 2507 1546 2564 scelere
1574 2508 1996 2571 damnabuntur,
2023 2506 2221 2577 quibus

630 2602 921 2658 dicendum
947 2610 1034 2657 est
1061 2619 1075 2656 :
1104 2622 1126 2671 ι,
1151 2602 1250 2667 Ite,
1272 2599 1564 2665 maledicti,
1592 2600 1645 2655 in
1673 2600 1853 2671 ignem
1878 2609 2215 2669 aeternumui

618 2692 726 2751 .Sic
755 2695 964 2751 duobus
993 2693 1306 2751 nominibus
1332 2692 1601 2762 aequitatis
1634 2704 1692 2748 et
1712 2692 1956 2764 iustitiae,
1990 2692 2221 2764 qualita-

620 2788 744 2845 .tem‘
772 2785 919 2840 illam
936 2782 1152 2855 iudicii,
1169 2782 1403 2840 mirabili
1418 2783 1683 2839 brevitate
1707 2782 2017 2855 descripsit.
2031 2783 2091 2839 In
2112 2799 2221 2855 quo

622 2877 852 2951 iudicio,
891 2879 1238 2945 ut‘diximus,
1262 2877 1450 2948 iniqui
1477 2875 1650 2933 Judaei
1678 2876 1859 2932 acrius
1887 2876 2222 2932 damnabun-

628 2981 736 3038 tur,
784 2972 910 3044 quia
945 2971 1207 3027 Dominus
1238 2969 1506 3041 iudicabit
1545 2968 1680 3025 ﬁnes
1714 2973 1907 3024 terrm.’
1948 2967 2218 3025 Caeterum

628 3073 890 3137 quantum
936 3065 1004 3118 ad
1033 3063 1291 3119 moralem
1341 3063 1576 3133 pertinet
1610 3061 2053 3132 intelligentiam,
2083 3060 2220 3116 ﬁnes

630 3166 792 3214 terra
808 3156 1057 3213 ‘extr‘enia
1086 3155 1366 3210 hominum
1391 3162 1554 3223 atque
1583 3154 1913 3209 intentiones
1933 3153 2217 3224 designan-
2242 3142 2288 3206 C

629 3256 743 3313 tur,
796 3261 916 3317 quae
970 3244 1232 3301 Dominus
1272 3243 1518 3315 indicare
1569 3242 1789 3297 dicitur.
1838 3240 1960 3313 Ipse
1998 3242 2214 3312 quidem

629 3335 752 3407 pius
778 3335 1037 3391 Conditor
1063 3341 1279 3395 noster,
1308 3330 1575 3387 facturam
1611 3345 1767 3385 suam
1802 3345 1909 3386 non
1937 3331 2215 3397 deserens,

540 3432 544 3436 ’
629 3431 773 3487 mala
816 3430 1096 3486 hominum
1141 3436 1198 3483 et
1225 3441 1327 3497 per
1349 3441 1502 3481 suam
1548 3424 1867 3495 patientiam
1921 3423 2133 3487 tolerat,
2163 3431 2219 3477 et

629 3539 729 3596 per
752 3538 939 3580 eorum
983 3519 1310 3592 quandoque
1347 3517 1761 3574 conversionem
1812 3512 2042 3597 relaxat.
2081 3514 2217 3572 Cum

628 3616 795 3672 duras
820 3622 985 3686 atque
1030 3610 1373 3668 insensibiles
1417 3617 1627 3664 mentes
1662 3606 1905 3678 respicit,
1941 3605 2104 3661 modo
2124 3620 2219 3662 eas

628 3707 812 3770 minis,
844 3704 1003 3760 modo
1029 3701 1361 3760 verberibus.
1380 3699 1541 3755 modo
1572 3696 1996 3753 revelationibus
2026 3704 2216 3761 terret,

629 3808 691 3854 ut
713 3811 834 3868 qua:
856 3800 1095 3868 pessima
1123 3795 1418 3850 securitate
1446 3791 1758 3851 duruerant,
1791 3788 1995 3845 salubri
2025 3788 2218 3844 timore

628 3888 970 3944 mollescant.
1000 3885 1117 3942 Scit
1158 3884 1304 3940 enim
1337 3881 1628 3945 Dominus,
1668 3880 1796 3951 quia
1822 3887 2070 3935 extrema
2090 3878 2219 3934 vitm

628 3989 850 4044 nostrai,
881 3976 1000 4049 plus
1025 3976 1234 4047 iudicat
1259 3993 1272 4029 :
1307 3982 1364 4030 et
1407 3973 1621 4029 idcirco.
1643 3971 1848 4028 electos
1869 3985 1998 4026 suos
2028 3971 2084 4025 in
2110 3969 2216 4027 ﬁne

630 4071 917 4129 sollicitius
941 4076 1156 4141 purgat.
1192 4067 1333 4123 Ilinc
1366 4074 1451 4123 est
1477 4064 1621 4135 quod
1658 4064 1748 4120 hic
1775 4064 2035 4134 scriptum
2066 4069 2152 4118 est
2198 4081 2213 4118 :

637 4182 659 4216 ι
688 4163 947 4219 Dominus
975 4160 1244 4231 iudicabit
1275 4158 1411 4215 ﬁnes
1435 4167 1611 4221 terrae,
1636 4176 1655 4210 ι
1682 4158 1811 4227 quia
1838 4164 1989 4211 tanto
2011 4154 2219 4211 ultimis

632 4256 835 4312 nostris
855 4255 1118 4326 invigilat,
1145 4262 1350 4324 quanto
1370 4252 1427 4309 in
1454 4250 1587 4321 ipsis
1618 4249 1771 4305 initia
1791 4249 2068 4319 sequentis
2087 4263 2219 4319 pene

633 4354 739 4402 sat.
773 4345 841 4400 Et
882 4346 1009 4415 quia
1040 4353 1222 4401 nostra
1271 4357 1437 4414 opera
1482 4352 1648 4411 atque
1680 4340 2010 4394 intentiones
2036 4338 2215 4393 diver-

632 4439 712 4494 sis
738 4438 932 4503 modis,
959 4439 1101 4494 sicut
1137 4439 1338 4495 dictum
1366 4446 1481 4501 est,
1532 4438 1588 4492 in
1634 4437 1980 4493 extremitate
2007 4435 2215 4492 exami-

2323 1890 2485 1946 domo
2501 1889 2668 1946 Iacob
2696 1890 2749 1946 in
2789 1898 3075 1956 aeternum,
3100 1898 3156 1946 et
3188 1888 3479 1963 regni'eius
3509 1906 3603 1945 non
3631 1891 3710 1945 erit
3731 1890 3802 1943 finis

2326 1979 2514 2051 (Mich.
2546 1980 2643 2053 tv).
2684 2001 2703 2035 ι
2736 1981 2811 2037 De
2842 1997 2951 2054 quo
2991 1982 3154 2036 etiam
3192 1982 3334 2038 bene
3380 1981 3454 2036 ait
3491 2000 3510 2033 ι
3548 1990 3597 2037 et
3617 1981 3726 2036 dabit
3743 1980 3802 2034 im-

2320 2073 2530 2145 perium
2557 2074 2668 2144 regi
2693 2089 2812 2141 suo,
2846 2093 2865 2125 ι
2896 2074 2997 2145 ipsi
3026 2074 3283 2131 videlicet
3308 2072 3537 2138 Christo,
3564 2072 3637 2128 cui
3662 2071 3803 2125 tradidit

2322 2166 2485 2222 Pater
2505 2167 2684 2222 omnia
2710 2166 2764 2222 in
2790 2182 3015 2233 manus;
3041 2181 3135 2222 seu
3164 2165 3319 2222 dabit
3347 2165 3456 2237 regi
3482 2178 3572 2219 suo
3590 2161 3799 2232 imperium,

2322 2259 2427 2315 hoc
2455 2266 2540 2316 est
2587 2260 2786 2332 populo
2818 2258 3149 2315 Christiano.
3202 2260 3307 2316 Dat
3352 2258 3432 2315 eis
3467 2259 3702 2319 virtutem,
3726 2254 3799 2323 quia

2322 2364 2484 2420 super
2509 2366 2749 2419 carnem,
2783 2352 2924 2408 sicut
2956 2366 3143 2423 reges,
3188 2358 3457 2422 regnant:
3489 2348 3612 2403 etin
3651 2343 3799 2411 illo,qui

2319 2449 2544 2512 propter
2571 2457 2666 2499 eos
2719 2440 2858 2497 fudit
2903 2443 3224 2514 sanguinem
3267 2457 3444 2506 suum,
3495 2438 3708 2495 mundum
3728 2436 3797 2489 tino

2321 2541 2470 2589 cunt.
2505 2551 2523 2585 ι
2546 2533 2615 2588 Ει
2645 2533 2961 2589 sublimabit
3005 2549 3174 2589 cornu
3226 2531 3423 2589 Christi
3452 2533 3546 2587 sui.
3569 2550 3586 2582 i
3619 2527 3721 2596 Quid
3745 2540 3800 2596 per

2320 2640 2491 2681 cornu
2510 2624 2740 2691 Christi,
2770 2625 2874 2680 nisi
2906 2624 3276 2680 ﬁrmissimam
3308 2640 3371 2679 ac
3391 2622 3575 2679 celsam
3597 2617 3797 2691 potentiam

2320 2731 2473 2772 suam
2502 2716 2761 2772 debemus
2807 2714 3134 2788 intelligere,
3166 2731 3291 2787 qua:
3319 2724 3507 2771 cuncta
3534 2710 3798 2783 superemth

2319 2807 2386 2861 de
2452 2806 2570 2876 ipso
2619 2826 2633 2861 :
2684 2820 2919 2876 namque
2972 2805 3270 2885 Zacharias
3329 2804 3572 2876 loquitur,
3637 2801 3794 2857 dicens:

2324 2915 2344 2950 ι
2382 2897 2565 2953 Erexit
2595 2913 2761 2954 cornu
2792 2897 2982 2953 salutis
3009 2898 3167 2953 nobis
3195 2896 3350 2966 (Luc.
3377 2913 3394 2952 r
3424 2898 3464 2968 ).
3500 2914 3518 2949 ι
3547 2892 3660 2951 Ossa
3694 2890 3797 2958 siqui-

2318 2988 2438 3044 dem
2486 2988 2687 3053 omnia,
2733 3002 2900 3043 carne
2949 2986 3193 3043 involuta
3248 2995 3414 3054 sunt;
3472 3000 3620 3041 cornu
3662 2976 3797 3036 excedit

2318 3095 2572 3148 carnem,
2611 3088 2664 3137 et
2691 3081 2813 3136 ideo
2861 3095 3032 3136 cornu
3084 3080 3280 3138 salutis
3339 3094 3551 3151 regnum
3594 3070 3797 3131 Salvator-ii

2318 3175 2519 3230 Christi
2553 3183 2797 3241 vocatur,
2831 3176 2973 3246 quod
3026 3184 3226 3232 cuncta
3272 3171 3477 3249 gaudia'
3510 3171 3646 3242 huius
3683 3163 3795 3224 seculi

2317 3278 2559 3338 superat,
2588 3268 2643 3323 in
2674 3269 2829 3339 cuius
2862 3266 3298 3338 signiﬁcatione,
3330 3267 3490 3323 David
3514 3265 3586 3320 vel
3609 3261 3794 3319 Salomon.

2318 3375 2487 3415 cornu
2513 3358 2615 3414 olei
2647 3367 2776 3413 sunt
2804 3359 2856 3413 in
2892 3360 3042 3429 regni
3071 3346 3306 3431 gloriam
3333 3356 3629 3415 consecrati.
3654 3351 3794 3406 Venuli.

2315 3462 2376 3506 ut
2405 3449 2726 3522 quihusdam
2756 3449 2951 3520 placet,
2976 3463 3073 3521 per
3102 3452 3390 3522 imperium
3413 3448 3546 3520 quod
3563 3462 3589 3501 a
3612 3445 3729 3499 Patre
3745 3436 3795 3491 ii

2316 3541 2421 3596 lius
2450 3541 2677 3611 accepit,
2728 3540 3037 3612 specialiter
3064 3542 3311 3599 Ecclesia
3364 3535 3690 3597 tantummodo
3711 3526 3793 3586 desi-

2317 3644 2531 3706 gnatur.
2562 3635 2639 3689 De
2667 3650 2775 3705 quo
2803 3648 2903 3706 per
2949 3633 3298 3693 Psalmistam
3344 3635 3501 3691 Pater
3525 3628 3726 3700 loquitur,
3749 3619 3795 3673 di-

2319 3740 2448 3780 cens
2476 3744 2490 3779 :
2518 3746 2537 3777 ‹
2566 3724 2787 3782 Postula
2815 3741 2847 3781 a
2876 3741 2986 3793 me,
3010 3735 3066 3782 et
3092 3727 3237 3784 dabo
3265 3729 3360 3784 tibi
3402 3734 3574 3798 gentes
3605 3713 3795 3775 heredita-

2317 3826 2428 3872 tem
2478 3826 2625 3873 tuam
2683 3827 2738 3873 et
2782 3819 3182 3890 possessionem
3240 3829 3388 3876 tuam
3442 3814 3665 3874 terminos
3699 3814 3795 3859 tem

2319 3905 2492 3980 (Paul.
2529 3908 2611 3978 ti).
2648 3929 2667 3961 ι
2716 3907 2883 3979 Cuius
2914 3909 3178 3965 terminos
3210 3910 3431 3979 indicat,
3463 3908 3590 3962 sicut
3632 3893 3795 3966 superius

2319 3999 2521 4054 dictum
2550 4007 2678 4055 est:
2724 4020 2743 4052 i
2793 3999 3056 4056 Dominus
3093 3999 3362 4070 iudicabit
3399 3999 3527 4055 ﬁnes
3560 4003 3701 4049 terra.
3726 4003 3796 4035 i—

2325 4105 2343 4139 α
2375 4087 2542 4144 Pater
2560 4104 2667 4146 non
2685 4087 2895 4158 iudicat
2920 4104 3274 4161 quemquam,
3302 4091 3474 4160 inquit
3496 4088 3544 4142 in
3580 4070 3794 4161 Evangelia.

2319 4181 2412 4236 sed
2437 4195 2598 4237 omne
2614 4180 2881 4252 judicium
2904 4182 3055 4238 dedit
3082 4160 3221 4238 Filio
3264 4183 3442 4258 (Joan.
3473 4178 3544 4251 v).
3574 4196 3590 4229 ›
3620 4173 3672 4226 Et
3690 4160 3794 4261 illm:

2325 4288 2348 4324 ί
2377 4271 2711 4329 Potestatem
2757 4273 2906 4330 dedit
2947 4274 2997 4329 ei
3041 4274 3223 4331 facere
3266 4255 3539 4348 iudicium,
3568 4263 3668 4336 quia
3691 4255 3795 4348 Fili“s

2320 4362 2558 4419 hominis
2609 4372 2693 4420 est
2742 4362 2916 4437 (Psal.
2966 4365 3052 4436 ιι).
3090 4385 3108 4418 ι
3142 4366 3218 4422 De
3249 4344 3358 4439 quo
3401 4364 3554 4419 etiam
3595 4349 3694 4408 alibi
3722 4344 3796 4439 ipse

2319 4455 2490 4512 Filius
2518 4457 2651 4512 dicit
2683 4476 2696 4512 :
2729 4436 2759 4509 «ν
2782 4458 2893 4529 Ego
2923 4466 3103 4514 autem
3130 4436 3455 4515 constitutus
3473 4465 3581 4510 sum
3604 4459 3678 4502 rex
3698 4436 3796 4492 ab“

634 4540 751 4598 nat,
793 4532 943 4621 bene
986 4532 1190 4586 dictum
1233 4540 1357 4596 est,
1395 4549 1414 4582 ι
1448 4530 1710 4621 Dominus
1757 4528 2021 4621 iudicabit
2082 4515 2294 4621 ﬁnesD
2321 4562 2486 4617 super
2516 4546 2647 4603 είοη
2679 4515 2916 4605 ,ηοηιξιη
2959 4558 3208 4606 sanctum
3234 4550 3352 4621 eius
3392 4544 3587 4620 (mai.
3614 4556 3630 4589 ι
3661 4533 3794 4621 θεειαῇ

622 4629 837 4687 terrae;
874 4640 893 4674 ι
934 4620 987 4677 id
1015 4631 1100 4678 est
1120 4629 1366 4678 extrema
1394 4620 1651 4685 hominis,
1679 4619 1934 4690 quoniam
1960 4634 2067 4674 non
2093 4619 2219 4676 inde

630 4713 1038 4786 iudicabuntur,
1078 4729 1198 4785 quae
1242 4714 1300 4768 in
1347 4713 1543 4769 melius
1590 4711 1676 4768 vel
1718 4712 1773 4767 in
1830 4711 2068 4768 deterius
2111 4727 2220 4768 me-

633 4804 724 4860 dio
753 4810 994 4874 tempore
1041 4810 1470 4867 commutantur,
1514 4803 1610 4859 sed
1642 4801 1696 4857 in
1735 4801 1932 4872 quibus
1960 4801 2219 4858 extremis

574 4928 585 4957 -_
635 4894 889 4949 inventus
936 4890 1101 4948 fuerit
1151 4893 1244 4962 qui
1298 4892 1653 4964 iudicabitur.
1700 4892 1958 4962 Sequitur
2004 4909 2018 4946 :
2081 4911 2101 4944 ι
2153 4893 2220 4948 Et

635 4985 791 5041 dabit
845 4985 1132 5055 imperium
1182 4984 1297 5055 regi
1347 4998 1466 5040 suo.
1530 5005 1549 5037 ι
1605 4984 1864 5039 Dominus
1906 4985 2000 5040 dat
2049 4985 2221 5055 impe-

638 5072 779 5143 rium
822 5088 935 5159 regi
966 5103 1086 5152 suo,
1139 5089 1269 5158 quia
1315 5089 1460 5143 Deus
1485 5087 1647 5143 Pater
1674 5087 1872 5156 ubique
1900 5095 2222 5159 potestatem

618 5188 787 5242 idedit
840 5187 1121 5259 nnigenito
1173 5186 1312 5242 Filio
1361 5202 1461 5242 suo
1504 5205 1518 5240 :
1557 5185 1710 5254 iuxta
1754 5188 1896 5257 quod
1949 5189 2134 5244 Daniel
2167 5190 2223 5244 in

638 5277 848 5332 visione
883 5292 981 5333 sua
1030 5277 1295 5347 loquitur,
1325 5276 1556 5333 dicens:
1595 5296 1615 5329 ι
1660 5276 2004 5349 Aspiciebam
2045 5280 2099 5335 in
2149 5279 2223 5335 vi-

614 5362 793 5423 .sio'ne
819 5367 1017 5435 noctis,
1044 5374 1101 5421 et
1124 5382 1255 5424 ecce
1282 5383 1407 5424 cum
1434 5368 1669 5425 nubibus
1712 5369 1860 5436 coeli,
1887 5372 2041 5440 quasi
2079 5371 2222 5428 ﬁlius

642 5453 880 5538 hominis
905 5457 1072 5524 venit,
1098 5465 1157 5514 et
1191 5471 1365 5530 usque
1387 5457 1454 5513 ad
1481 5456 1781 5529 Antiquum
1808 5459 2018 5515 dierum
2043 5474 2230 5531 perve-

644 5549 726 5601 nit
750 5555 808 5603 et
836 5548 890 5604 in
917 5558 1208 5622 conspectu
1235 5547 1353 5619 eius
1379 5548 1693 5607 obtulerunt
1734 5566 1879 5616 eum,
1917 5562 1975 5607 et
2005 5553 2151 5607 dedit
2175 5553 2227 5609 ei

645 5646 970 5709 pntestatern
997 5651 1055 5699 et
1078 5644 1338 5701 honorem
1363 5654 1421 5700 et
1448 5659 1699 5716 regnum,
1730 5654 1786 5699 et
1813 5660 2004 5701 omnes
2022 5647 2228 5717 populi,

650 5728 825 5789 tribus
849 5739 901 5787 et
941 5733 1152 5807 lingnitg
1196 5734 1296 5795 insi
1335 5736 1589 5797 servient.
1625 5736 1875 5795 Potestas
1923 5737 2042 5803 eius
2071 5747 2228 5798 Dote-

2266 4680 2275 4687 .
2325 4614 2491 4692 etiam
2546 4638 2797 4710 imperio
2824 4641 3084 4706 annectit,
3140 4614 3330 4699 dicens
3369 4614 3437 4696 ε’(
3490 4636 3552 4692 Ει
3580 4614 3796 4688 sublimabii

2324 4746 2493 4787 cornu
2522 4729 2722 4787 Christi
2759 4732 2860 4788 sui.
2900 4752 2919 4786 ι
2954 4732 3068 4789 Hoc
3097 4735 3165 4789 ad
3204 4748 3408 4804 corpus
3453 4729 3581 4801 eius,
3609 4713 3717 4791 quod

2324 4821 2596 4889 Ecclesia,
2636 4821 2830 4878 referri
2860 4823 3067 4879 volunt.
3102 4824 3303 4882 Omnes
3327 4824 3515 4895 quippe
3552 4806 3797 4895 “new?”

2325 4913 2620 4969 chrismate
2653 4922 2802 4969 recte
2825 4915 3064 4971 christos
3091 4892 3378 4986 possumus
3405 4892 3589 4971 dicere,
3613 4892 3797 4986 (ιιιοίυῒ

2308 5021 2453 5061 οιιιειι
2487 5014 2653 5060 totum
2685 5022 2808 5062 cum
2839 5022 2938 5063 suo
2967 4974 3162 5078 capite,
3191 5023 3407 5080 corpus,
3436 5017 3565 5059 unus
3601 4974 3794 5080 εει-θξπῗ

2329 5103 2466 5150 stus.
2495 5093 2659 5164 Cuius
2689 5094 2893 5151 Christi
2925 5067 3173 5169 regnum,
3201 5099 3252 5153 id
3282 5067 3363 5154 est
3385 5067 3608 5161 corporis
3629 5073 3706 5134 sui,

2304 5184 2369 5239 'F
2374 5184 2500 5240 ilius
2548 5184 2880 5253 sublimavit,
2912 5164 3177 5256 quantum
3219 5190 3413 5258 ubique
3452 5170 3675 5237 dilatavit,
3696 5164 3737 5258 (ῖί
3764 5164 3794 5258 ¹¹ξ

2329 5278 2435 5334 ﬁde
2467 5279 2694 5336 ﬁrmiter
2731 5250 3012 5347 stabilivit,
3041 5290 3098 5337 et
3126 5297 3292 5354 regna
3317 5250 3490 5336 mundi
3529 5250 3796 5354 εοηΐτεείιτέ

2330 5374 2576 5443 superari
2609 5388 2674 5429 ea
2704 5373 2851 5431 fecit.
2885 5375 3044 5432 Juxta
3079 5349 3217 5447 quid
3255 5391 3352 5448 per
3391 5349 3794 5455 Psalmistamui“:

2335 5486 2357 5521 ι
2390 5433 2458 5523 Et
2483 5469 2665 5524 omnia
2686 5483 2886 5525 cornua
2915 5433 3612 5543 peccatorumlconfrinﬁam’
3641 5467 3657 5500 ’
3684 5440 3722 5497 id

2330 5575 2497 5632 regna
2523 5601 2537 5625 ,
2565 5580 2584 5614 ι
2608 5570 2664 5618 et
2691 5530 3073 5621 exaltabuntur
3097 5564 3301 5622 cornua
3316 5560 3441 5635 iusti
3456 5530 3608 5613 (Paul.
3624 5530 3793 5635 uti")?

2331 5625 2545 5706 Cornua
2578 5653 2733 5723 iusti,
2765 5668 2993 5726 regnum
3027 5664 3113 5713 est
3135 5625 3336 5728 populi
3376 5643 3541 5706 electi.

2333 5758 2496 5805 quam
2536 5746 2795 5817 impolitc,
2822 5716 2882 5803 ὗι
2906 5716 3204 5813 intelligere
3225 5716 3507 5807 bonam“.
3529 5743 3578 5790 ει
3608 5716 3706 5782 mihi
3725 5716 3793 5763 ιη·
