3970 6332
113 373 242 436 273

1049 375 1304 436 ENARR.
1347 381 1412 436 IN
1453 381 1700 440 LIBROS
1737 379 2000 442 REGUM.
2041 415 2114 426 —
2145 383 2212 440 IN
2251 377 2376 440 LIB.
2421 383 2460 442 Ι.

3287 395 3392 456 ΞΗ

119 491 246 544 dita
275 489 514 554 fuerant,
547 487 934 544 inculcavimus
959 491 1190 560 qualiter
1209 491 1358 546 Anna
1389 493 1454 546 de
1477 491 1714 560 Christo,
1745 499 1796 558 Α
1821 495 1980 552 vilem
2019 497 2218 560 cibum,
2263 499 2316 554 id
2355 509 2438 554 est
2479 497 2802 566 lenticulam,
2859 509 3182 579 concupivit.
3221 511 3396 580 Quam

117 589 302 650 atque
331 581 398 636 de
427 579 668 636 Ecclesia
701 581 964 652 gentium,
1003 591 1058 638 et
1087 583 1390 654 repulsione
1423 585 1718 658 Synagogae

119 673 590 744 prophetaverat)
613 673 858 746 expletis,
883 675 1110 732 Domino
1133 675 1366 742 faVente,
1385 677 1450 732 ad
1473 675 1576 732 alia
1601 687 1720 734 tan-

119 765 258 820 dem
283 765 484 838 stylum
509 775 722 822 vertere
747 781 1026 822 conamur.

211 881 230 914 ι
279 861 494 916 Interea
527 859 746 916 Samuel
777 869 900 916 erat
941 859 1258 918 ministrans
1291 861 1346 916 in
1395 861 1590 932 templo
1617 863 1720 916 Do-

123 971 148 1006 ‹
203 953 346 1008 mini
391 953 667 1008 accinctus
713 951 908 1022 ephod,
954 973 973 1004 ι
1015 953 1120 1008 hoc
1163 961 1248 1010 est
1291 953 1716 1024 superlmmerali

117 1045 312 1110 lineo,
361 1045 504 1116 quod
545 1045 712 1102 distat
753 1045 822 1100 ab
867 1045 956 1101 illo
994 1047 1199 1116 ephod,
1247 1063 1356 1118 quo
1399 1049 1721 1104 induebatur

117 1137 412 1209 pontifex;
439 1153 504 1194 ex
527 1147 760 1208 quatuor
783 1139 1055 1196 coloribus
1082 1149 1136 1196 et
1157 1157 1474 1198 concessum
1499 1143 1720 1197 minori-

115 1225 230 1284 bus
261 1229 522 1302 gradibus
543 1237 682 1294 erat,
719 1227 786 1284 ad
801 1229 1076 1284 utendum.

207 1339 226 1372 ι
277 1321 346 1376 Et
383 1321 622 1376 tunicam
657 1335 878 1392 parvam
916 1321 1152 1378 faciebat
1177 1323 1224 1378 ei
1255 1333 1428 1380 mater
1457 1339 1574 1386 sua,
1615 1345 1632 1377 ι
1667 1333 1720 1380 et

119 1411 364 1482 reliqua.
391 1411 596 1468 Tunica
619 1413 763 1468 enim
787 1429 976 1484 parva,
1001 1431 1160 1484 quam
1185 1413 1418 1470 faciebat
1445 1417 1494 1470 ei
1523 1427 1718 1482 mater,

115 1505 406 1574 significat
453 1505 756 1562 doctrinam
803 1505 1036 1570 facilem,
1085 1523 1246 1576 quam
1297 1509 1548 1563 induendi
1597 1519 1720 1563 sunt

113 1595 294 1652 rudes
347 1595 515 1652 animi
571 1595 948 1664 credentium;
999 1597 1246 1666 qualibus
1301 1597 1498 1654 Paulus
1549 1599 1715 1654 dicit:

119 1703 140 1738 ι
197 1685 320 1740 Lac
359 1685 516 1742 vobis
555 1693 738 1756 potum
783 1685 902 1742 dedi
955 1685 1002 1758 (Ι
1050 1685 1174 1742 Cor.
1217 1687 1294 1758 v),
1331 1708 1350 1740 ›
1397 1697 1452 1744 et
1493 1689 1734 1768 reliqua.

113 1777 592 1850 Superhumerale
633 1793 762 1835 vero
807 1779 1010 1834 lineum
1077 1781 1348 1852 signiﬁcat
1412 1783 1716 1838 castitatem

1815 585 1940 644 ’cum
1981 591 2212 646 venditis
2251 591 2413 646 etiam
2457 593 2826 666 primogenitis
2875 601 3160 678 praetulit,
3189 619 3296 676 quo
3341 607 3394 662 in

1819 681 1964 736 illam
1995 685 2232 756 appetitu
2273 685 2572 754 anhelat-et,
2597 687 2884 760 indicavit.
2928 692 3112 764 Neque
3143 697 3288 752 enim
3317 699 3396 754 ci-

1817 769 1938 838 bus,
1983 777 2076 830 sed
2123 777 2392 848 appetitus
2437 779 2490 832 in
2535 779 2666 834 vitio
2703 777 2805 836 'est.
2849 783 3002 840 Unde
3040 793 3098 842 et
3137 785 3398 844 lautiores

1819 867 1968 924 cibos
1995 869 2308 942 plerumque
2337 873 2456 928 sine
2481 873 2636 944 culpa
2677 877 2962 944 sumimus,
2987 887 3046 934 et
3071 879 3400 948 abiectiores

1819 975 1926 1016 non
1961 963 2078 1018 sine
2113 971 2266 1018 reatu
2302 965 2646 1020 conscientia:
2677 967 3042 1038 degustamus.
3081 971 3180 1026 llic
3201 973 3402 1043 quippe

1821 1051 2014 1122 (quem
2064 1053 2324 1126 diximus)
2373 1055 2548 1122 Esau,
2601 1057 2894 1128 primatum
2943 1075 3043 1130 per
3089 1061 3400 1118 lenticulam

1819 1141 2075 1212 perdidit,
2107 1149 2162 1196 et
2181 1143 2328 1198 Elias
2365 1143 2418 1198 in
2447 1159 2632 1200 eremo
2655 1147 2908 1202 virtutem
2935 1151 3179 1220 corporis
3207 1167 3404 1208 carnes

1821 1231 2030 1286 edendo
2060 1233 2316 1286 servavit.
2367 1233 2521 1288 Unde
2551 1243 2606 1288 ct
2643 1236 2898 1306 antiquus
2927 1239 3098 1294 hostis
3121 1241 3248 1310 quia
3293 1257 3402 1296 non

1821 1321 2026 1388 cibum,
2061 1323 2152 1378 sed
2185 1323 2290 1378 cibi
2330 1323 2820 1394 concupiscentiam
2848 1343 2966 1384 esse
2989 1345 3208 1386 causam
3249 1331 3404 1394 dam-

1823 1413 2056 1468 nationis
2099 1413 2396 1478 intellexit,
2449 1423 2506 1468 et
2567 1417 2938 1490 primumlsibi
2973 1421 3246 1478 hominem
3295 1437 3402 1478 non
3453 1423 3468 1442 ‘

1823 1517 2008 1566 carne,
2036 1503 2128 1556 sed
2159 1519 2318 1572 pomo
2345 1503 2606 1570 subdidit,
2651 1517 2706 1562 et
2735 1509 3028 1564 secundum
3065 1527 3172 1566 non
3209 1527 3396 1578 carne,

1823 1593 1916 1648 sed
1953 1609 2092 1662 pane
2133 1601 2377 1648 lentavrt.
2449 1593 2586 1652 Ilmc
2626 1605 2710 1652 est
2743 1599 2884 1668 quod
2921 1599 3236 1672 plerumque
3275 1603 3408 1658 Adae

1823 1682 1978 1752 culpa
2019 1683 2378 1738 committitur
2423 1687 2586 1740 etiam
2633 1703 2754 1742 cum
2799 1689 3007 1758 abjeeta
3047 1701 3100 1746 et
3143 1693 3266 1748 vilia
3307 1711 3404 1750 su-

1826 1783 2064 1830 muntur.
2109 1773 2294 1846 Neque
2337 1777 2480 1832 enim
2521 1777 2692 1832 Adam
2739 1779 2912 1840 solus.
2967 1791 3024 1836 ut
3069 1797 3100 1838 a
3139 1785 3306 1840 vetito
3345 1803 3406 1842 se

111 1879 172 1924 et
203 1871 602 1926 continentiam
630 1887 754 1928 cum
791 1871 947 1926 bonis
987 1873 1258 1942 operibus.
1307 1873 1442 1942 Quia
1473 1875 1718 1946 quisquis
1745 1853 1794 1915 Β
1821 1883 1982 1938 pomo
2011 1867 2382 1938 suspelldcmt,
2409 1879 2732 1940 praeceptum
2761 1871 3140 1942 prohibitionis
3167 1877 3424 1946 accepit:

115 1960 314 2016 divino
343 1962 650 2018 ministerio
691 1961 838 2034 fungi
878 1963 1100 2034 appetit,
1147 1981 1370 2022 necesse
1403 1977 1486 2020 est
1521 1975 1580 2022 ut
1609 1969 1720 2038 pri-

117 2073 278 2110 mum
327 2067 476 2112 caste
523 2059 968 2130 continenterque
1011 2061 1188 2128 vivat,
1235 2077 1298 2118 ac
1343 2063 1423 2118 sic
1467 2063 1520 2118 in
1565 2063 1722 2120 bonis

115 2151 387 2222 cperihus
419 2153 768 2222 semetipsum
794 2163 1068 2208 exerceat.

199 2261 220 2292 ι
271 2239 444 2302 Porro
485 2241 578 2296 ﬁlii
619 2241 756 2306 Ilcli,
799 2249 854 2296 et
897 2241 992 2297 ﬁlii
1029 2243 1234 2308 Belial,
1275 2245 1578 2300 nescientes
1619 2245 1722 2300 Do-

125 2349 146 2382 ι
199 2331 416 2386 minum
455 2349 628 2402 neque
673 2333 906 2388 ollicium
957 2335 1298 2390 sacerdotum
1351 2337 1418 2390 ad
1441 2337 1718 2408 populum,

125 2441 146 2476 ε
197 2427 298 2480 sed
343 2427 650 2496 quicunque
713 2427 1044 2483 immolasset
1091 2429 1408 2494 victimam,
1471 2429 1724 2484 veniebat

125 2535 148 2568 ε
195 2533 342 2588 puer
385 2517 684 2574 sacerdotis
719 2519 844 2572 dmn
888 2529 1252 2590 coquerentur
1295 2537 1508 2588 carnes,
1543 2531 1598 2576 et
1625 2523 1724 2578 ba-

127 2625 150 2658 α
203 2605 374 2662 bebat
407 2609 726 2664 luscinulam
765 2611 1050 2666 tridentem
1087 2611 1140 2666 in
1177 2627 1340 2668 manu
1369 2629 1488 2678 sua,
1519 2623 1572 2669 et
1601 2615 1744 2676 mit-,

123 2717 146 2752 ι
197 2699 356 2754 tebat
397 2715 516 2756 eam
555 2701 606 2756 in
645 2687 896 2768 lebetem',
923 2703 1008 2758 vel
1043 2703 1096 2758 in
1137 2705 1456 2772 caldariam,
1491 2725 1508 2758 ι
1536 2715 1590 2762 et
1635 2723 1744 2768 rex

119 2791 302 2862 liqua,
333 2807 610 2864 usquequo
638 2794 730 2858 ait,
765 2813 782 2844 σ
813 2793 944 2848 Erat
968 2809 1098 2866 ergo
1123 2805 1404 2866 peccatum
1431 2813 1724 2868 puerorum

127 2903 146 2934 ι
201 2883 416 2954 grande
463 2885 627 2940 nimis
675 2901 858 2940 coram
903 2885 1152 2952 Domino,
1201 2887 1328 2960 quia
1367 2889 1724 2946 detrahebant

129 2993 150 3026 ι
199 2989 400 3030 omnes
442 2975 710 3032 sacriﬁcio
745 2977 978 3032 Domini.
1020 2997 1038 3030 ι
1081 2977 1182 3034 llic
1219 2980 1364 3034 enim
1401 2981 1538 3034 nihil
1579 2981 1754 3052 aliud.

115 3067 284 3138 juxta
337 3083 612 3140 anagogen
680 3069 862 3124 dicere
913 3055 1200 3142 possumus
1255 3073 1360 3128 nisi
1421 3075 1720 3129 secundum

121 3159 400 3214 moralem
457 3160 898 3234 intelligentiam,
953 3179 1116 3232 quam
1167 3163 1340 3220 solers
1395 3165 1718 3236 sapientium

121 3253 384 3308 doctrina
411 3255 642 3309 ethicam
671 3263 842 3320 vocat,
871 3237 1102 3326 qualiter
1129 3257 1280 3312 multi
1309 3273 1402 3328 per
1429 3259 1723 3328 appetitum

121 3343 294 3416 gulae,
329 3353 384 3400 et
415 3361 668 3400 mucrone
711 3347 1163 3416 concupiscentia:
1199 3357 1446 3418 pereunt.
1485 3349 1726 3416 Quorum

123 3435 472 3508 qualitates,
513 3447 574 3491 ut
617 3437 868 3508 liquidius
927 3437 1098 3494 lector
1154 3455 1484 3512 cognoscere
1537 3425 1754 3510 possit,l

125 3527 382 3596 quinque
409 3527 616 3592 modos,
645 3527 944 3582 divinarum
967 3527 1370 3598 Scripturarum
1403 3531 1728 3586 auctoritate

123 3615 286 3684 freti,
325 3617 634 3674 describere
677 3620 1014 3686 conabimur,
1069 3621 1206 3676 sicut
1253 3619 1398 3692 Papa
1429 3621 1726 3692 Gregorius

125 3709 302 3762 etiam
353 3709 466 3762 suis
505 3709 665 3765 dictis
705 3709 956 3764 asseruit.
1017 3709 1320 3780 Aliquando
1371 3725 1604 3780 namque
1646 3711 1728 3766 in-

125 3799 392 3872 digentige
431 3809 674 3870 tempora
713 3801 989 3872 praevenit,
1033 3801 1320 3870 aliquando
1351 3817 1478 3858 vero
1518 3811 1730 3873 tempus

127 3909 246 3948 non
277 3893 556 3962 praevenit,
585 3893 678 3948 sed
711 3893 860 3948 cibos
893 3893 1152 3948 lautiores
1183 3893 1396 3964 quaerit.
1422 3893 1728 3965 Aliquando

127 3983 422 4054 quaelibet,
461 4001 584 4056 quae
615 3985 874 4040 sumenda
909 3995 1068 4050 sunt,
1099 3985 1390 4058 praeparari
1427 3987 1730 4042 accuratius

129 4077 362 4148 expetit.
377 4075 681 4146 Aliquando
695 4085 872 4132 autem
889 4077 1200 4148 qualitatem
1216 4079 1480 4146 ciborum,
1501 4079 1728 4148 tempori

131 4167 414 4240 congruit,
437 4169 528 4224 sed
560 4167 614 4222 in
649 4169 760 4240 ipsa
789 4169 1088 4238 quantitate
1119 4169 1383 4234 sumendi,
1418 4183 1730 4224 mensuram

134 4257 456 4313 refectionis
484 4257 716 4314 excedit.
763 4257 1156 4328 Nonnunquam
1185 4273 1314 4314 vero
1343 4258 1610 4328 abiectum
1647 4265 1731 4312 est

131 4349 282 4418 quod
327 4349 618 4416 desiderat,
659 4359 716 4406 et
749 4359 928 4406 tamen
975 4349 1090 4422 ipso
1129 4359 1262 4406 aestu
1295 4351 1546 4404 immensi
1582 4351 1730 4404 desi-

131 4441 278 4496 derii
305 4441 546 4496 deterius
575 4451 784 4512 peccat.
831 4441 1018 4499 Mortis
1042 4443 1240 4514 quippe
1266 4442 1588 4496 sententiam
1631 4457 1726 4512 pa-

1821 1975 1946 2014 nam
1977 1975 2100 2014 cum
2129 1959 2386 2016 alimenta
2417 1961 2660 2030 quaedam
2695 1961 2854 2016 saluti
2891 1973 3090 2020 nostra:
3117 1965 3256 2022 Deus
3281 1983 3410 2024 con-

1823 2053 1990 2130 traria
2021 2053 2240 2118 indicat,
2271 2055 2338 2108 ab
2367 2054 2452 2108 his
2475 2070 2574 2110 nos
2595 2055 2748 2124 quasi
2773 2071 2870 2126 per
2891 2059 3214 2114 sententiam
3239 2069 3406 2128 vetat,

1731 2215 1738 2222 τ
1821 2145 1890 2202 Ει
1932 2163 2054 2202 cum
2095 2147 2544 2220 concupiscentur
2575 2149 2760 2218 noxia,
2807 2151 3124 2224 attingimus
3161 2152 3406 2222 profecto

1821 2239 1964 2308 quod
1977 2239 2140 2308 aliud
2167 2255 2326 2310 quam
2357 2242 2520 2296 vetita
2551 2243 2936 2314 degustamus?
2981 2247 3056 2300 Ea
3097 2247 3280 2318 itaque
3311 2263 3404 2304 su-

1821 2331 2014 2384 menda
2057 2339 2200 2390 sunt.
2237 2347 2355 2400 quae
2393 2339 2596 2388 natura:
2627 2335 2926 2390 necessitas
2959 2325 3172 2406 quierit,
3205 2349 3260 2392 et
3301 2355 3412 2394 non

1823 2437 1944 2492 qum
1965 2421 2154 2476 edendi
2183 2423 2350 2478 libido
2377 2425 2636 2496 suggerit.
2665 2423 2802 2480 Nam
2833 2427 2878 2482 si
2901 2428 3022 2496 quis
3047 2429 3410 2500 voluptatibus

1825 2516 1964 2586 gula:
1997 2515 2312 2572 inell'rcnate
2351 2517 2626 2574 deservire
2659 2521 2944 2586 studuerit,
2984 2521 3052 2576 ad
3079 2520 3290 2576 foveam
3331 2523 3410 2578 vi-

1825 2607 2020 2662 tiormn
2063 2607 2278 2678 gravius
2310 2609 2630 2678 prolabitur.
2672 2611 2740 2664 Et
2773 2611 2934 2666 etiam
2971 2613 3040 2678 ab
3073 2621 3216 2668 statu
3245 2615 3409 2668 recti-

1825 2699 2026 2772 tudinis
2069 2699 2286 2764 cadens,
2331 2701 2398 2754 ad
2439 2711 2668 2756 mortem
2709 2705 2906 2758 anima:
2949 2699 3312 2772 pertrahitur,
3353 2713 3408 2758 et

1823 2787 2022 2842 bonum
2063 2789 2208 2858 quod
2247 2788 2458 2844 videtur
2503 2789 2702 2846 habere
2745 2791 2966 2844 amittit.
3011 2789 3166 2858 Quod
3211 2793 3278 2848 de
3323 2793 3440 2848 bis:

1827 2877 1954 2932 ﬁliis
1985 2877 2104 2932 Ileli
2137 2879 2190 2932 in
2219 2878 2570 2948 sequentibus
2613 2879 3034 2946 demonstratur,
3065 2881 3156 2952 qui
3189 2889 3440 2952 propter;

1825 2969 2104 3024 libidinem
2131 2969 2266 3040 gulze
2297 2971 2362 3026 ad
2391 2969 2566 3040 majus
2593 2981 2874 3042 peccatum
2911 2973 2992 3028 sui
3024 2971 3442 3046 cumulandum.

1825 3069 2210 3132 pervenerunt,
2239 3069 2298 3116 ut
2320 3061 2620 3116 dormirent
2643 3077 2766 3116 cum
2799 3061 3112 3118 mulieribus
3145 3071 3200 3118 et
3235 3071 3444 3132 transi-3

1829 3153 1978 3224 gredi
2033 3151 2278 3208 facerent
2323 3151 2574 3224 populum
2615 3151 2846 3210 Domini.
2885 3153 3040 3208 Unde
3089 3169 3198 3209 non
3235 3153 3446 3214 solum:

1831 3263 1860 3300 a
1896 3247 2198 3302 sacerdotio
2239 3246 2398 3316 ejecti
2427 3255 2572 3312 sunt,
2613 3245 2708 3302 sed
2747 3247 2908 3300 etiam
2941 3255 3114 3302 morte
3143 3245 3408 3302 mulctati.

1831 3337 1966 3394 Nam
1995 3339 2270 3408 sequitur:

1905 3447 1922 3480 ι
1969 3429 2088 3484 Heli
2131 3439 2310 3486 autem
2349 3445 2518 3486 senex
2555 3439 2672 3485 erat
2699 3429 2874 3494 valde,
2911 3437 2968 3485 et
3001 3429 3204 3486 audivit
3231 3431 3442 3488 omnia.

1833 3541 1854 3576 ι
1899 3539 2020 3594 qua:
2059 3521 2332 3578 faciebant
2371 3523 2464 3578 ﬁlii
2507 3523 2590 3578 sui
2633 3523 2884 3578 universo
2933 3521 3142 3588 lsraeli,
3187 3533 3242 3578 et
3281 3537 3450 3592 quo-,

1835 3635 1853 3668 ‹
1899 3617 2059 3670 modo
2100 3615 2438 3672 dormiebant
2477 3631 2600 3671 cum
2641 3615 2978 3680 mulieribus,
3015 3633 3034 3668 ι
3065 3623 3174 3670 etc.
3230 3613 3448 3682 Quane.

1831 3695 1992 3780 quam
2027 3709 2344 3780 simpliciter
2395 3709 2636 3764 nonnulli
2689 3725 2848 3780 super
2879 3707 3146 3764 adulterio
3187 3707 3414 3778 intelligi

1831 3801 2020 3866 velint,
2051 3809 2112 3856 ut
2153 3799 2416 3872 Josephus
2459 3815 2674 3870 quoque
2715 3801 2864 3864 dicit,
2919 3799 3234 3854 mulieribus
3283 3797 3448 3876 reli-I

1831 3891 2006 3964 gionis
2033 3907 2198 3946 causa
2227 3891 2672 3946 convenientibus
2705 3891 3058 3946 contumelias
3087 3889 3412 3946 inferebant.

1831 3981 1952 4036 aliis
1995 3981 2214 4050 quidem
2243 3979 2528 4036 violentias
2565 3979 2844 4048 facientes,
2877 3981 2998 4036 aliis
3029 3997 3158 4036 vero
3191 3997 3414 4050 persua-

1831 4075 2022 4130 dentes
2049 4075 2224 4130 donis.
2265 4074 2514 4146 Nihilque
2541 4091 2728 4132 eormn
2765 4077 2872 4132 vita
2905 4093 2934 4131 a
2969 4077 3252 4148 tyrannide
3293 4093 3416 4148 pes-

1831 4169 1966 4224 sima
2015 4167 2320 4232 differebat,
2367 4167 2508 4237 quod
2549 4177 2606 4223 et
2635 4169 2804 4224 nostri
2845 4169 3096 4224 doctores
3129 4177 3410 4224 asserunt:

1833 4267 2014 4316 tamen
2051 4259 2314 4316 dormisse
2352 4275 2446 4314 eos
2477 4261 2662 4314 dicunt
2691 4259 2900 4314 Hebraei
2941 4275 3064 4314 cum
3097 4259 3416 4316 mulieribus

1835 4367 1956 4422 quae
1985 4351 2344 4406 observabant
2375 4351 2442 4404 ad
2465 4351 2660 4405 ostium
2687 4349 3020 4406 tabernaculi
3043 4365 3110 4404 co
3131 4349 3274 4420 quod
3295 4359 3418 4420 post

1833 4445 2102 4500 menstrui
2135 4453 2346 4514 tempus
2375 4451 2468 4498 aut
2491 4451 2700 4512 partus,
2729 4457 2832 4498 non
2869 4441 3092 4512 impleto
3119 4441 3414 4498 secundum

133 4533 244 4588 tris
269 4545 368 4586 ore
385 4529 656 4588 Jonathan
699 4533 914 4600 meruit,
957 4535 1050 4606 qui
1094 4533 1148 4588 in
1191 4541 1350 4606 gustu
1387 4533 1560 4588 mellis
1599 4549 1728 4590 con-
1759 4575 1808 4634 Β
1835 4537 1970 4608 legis
2009 4547 2338 4608 prmceptum
2377 4533 2669 4598 sacriﬁcio,
2719 4533 3018 4590 suadebant
3061 4533 3140 4588 eis
3170 4533 3238 4588 ad
3267 4533 3416 4588 viros

135 4621 396 4678 stitutum
437 4621 626 4678 edendi
669 4629 880 4694 tempus
919 4623 1228 4680 antecessit.
1269 4623 1334 4678 Et
1355 4621 1588 4694 Egypto
1635 4641 1730 4694 po-

135 4713 306 4784 pulus
357 4713 584 4792 eductus
645 4713 696 4768 in
751 4729 938 4770 eremo
979 4715 1252 4782 occubuit,
1296 4717 1444 4786 quia,
1471 4715 1728 4787 despecto

137 4819 366 4870 manna,
399 4805 550 4860 cibos
572 4807 814 4860 carnium
847 4807 1026 4876 petiit,
1055 4823 1192 4878 quos
1219 4807 1476 4864 lautiores
1495 4809 1726 4880 putavit.

139 4893 206 4948 Et
243 4895 420 4964 prima
445 4893 610 4966 (sicut
641 4895 732 4950 hic
765 4903 942 4950 textus
975 4895 1216 4952 historiae
1253 4897 1464 4968 edocet)
1499 4897 1730 4952 ﬁliorum

141 4985 266 5040 Ileli
301 4985 460 5066 culpa
491 4985 714 5042 suborta
749 4995 852 5054 est,
889 4987 1034 5056 quod
1067 5001 1134 5042 ex
1171 5003 1357 5042 eorum
1383 4997 1510 5044 voto
1549 5003 1730 5043 sacer-

141 5081 290 5136 dotis
323 5095 480 5152 puer,
515 5095 622 5138 non
657 5081 880 5152 antiquo
923 5095 1076 5136 more
1113 5091 1318 5160 coctas,
1345 5079 1505 5136 vellet
1537 5081 1602 5134 de
1641 5095 1730 5134 sa-

143 5167 456 5228 criﬁcio'et
495 5187 688 5228 carnes
727 5173 1002 5244 accipere,
1055 5169 1150 5227 sed
1195 5173 1392 5242 crudas
1435 5179 1732 5241 quaneret,

145 5279 288 5334 quas
324 5265 632 5322 accuratius
681 5265 982 5322 exhiberet.
1037 5263 1106 5320 Et
1149 5281 1270 5320 cum
1325 5265 1392 5320 ad
1434 5263 1732 5320 Jerusalem

147 5355 388 5412 dicitur:
419 5375 438 5408 ς
475 5355 604 5414 Haec
645 5355 764 5412 fuit.
787 5358 1044 5428 iniquitas
1083 5355 1332 5414 Sodomae
1375 5357 1580 5414 sororis
1611 5367 1730 5422 tuae,

147 5449 444 5518 superbia,
507 5451 766 5506 saturitas
815 5449 1012 5520 panis,
1075 5459 1132 5506 et
1191 5447 1520 5506 abundantia
1583 5463 1736 5518 aqua:

149 5539 370 5612 (Ezech.
397 5541 520 5612 vn),
549 5561 568 5596 ι
619 5551 802 5614 aperte
831 5541 1152 5608 ostenditur,
1181 5541 1324 5614 quod
1356 5541 1562 5596 idcirco
1594 5541 1737 5595 salu-

151 5643 264 5690 tem
303 5635 564 5706 perdidit,
607 5639 734 5708 quia
773 5651 896 5692 eum
937 5635 1200 5705 superbiae
1241 5635 1374 5690 vitio
1425 5647 1734 5688 mensuram
1785 5647 1788 5650 ·

151 5729 448 5786 moderata:
493 5729 802 5787 refectionis
843 5731 1096 5786 excessit.
1151 5729 1218 5784 Et
1251 5727 1734 5800 primogenitornm

1833 4645 1960 4686 suos
2001 4629 2178 4684 redire
2217 4627 2404 4698 eisque
2441 4625 2872 4682 adeommisceri.
2919 4625 2986 4680 Et
3013 4625 3250 4680 dormire
3293 4623 3414 4680 ideo

1835 4723 2110 4784 dicuntur,
2159 4721 2286 4790 quia
2325 4735 2418 4774 eas
2463 4719 2698 4774 dormire
2745 4733 2866 4772 cum
2897 4717 3030 4790 viris
3081 4717 3192 4772 suis
3225 4723 3418 4772 contra

1833 4811 1968 4882 legis
2019 4819 2348 4882 praeceptum
2403 4809 2694 4864 faciebant.
2745 4807 2898 4866 Unde
2949 4809 3088 4864 idem
3135 4805 3252 4864 Heli
3293 4813 3416 4876 post

1835 4903 2052 4976 paulum
2081 4903 2186 4956 ait:

1913 5013 1930 5046 ι
1977 4991 2094 5048 Non
2129 5001 2212 5048 est
2245 4991 2388 5046 enim
2423 4991 2564 5048 bona
2605 4991 2746 5046 fama
2790 5007 2950 5062 quam
2989 5007 3090 5064 ego
3129 4989 3318 5052 audio,
3355 4997 3416 5042 ut

1841 5105 1860 5136 ι
1899 5085 2206 5160 transgredi
2239 5081 2452 5138 faciatis
2487 5087 2738 5154 populant
2771 5083 3004 5140 Domini.
3035 5103 3052 5136 ι
3093 5081 3416 5152 Transgres-

1835 5177 2044 5232 sionem
2087 5191 2217 5246 ergo
2255 5173 2484 5246 populus
2525 5173 2788 5240 faciebat,
2836 5175 2960 5244 quia
3003 5169 3268 5226 sacriﬁcio
3307 5185 3418 5224 non

1835 5269 1938 5322 rite
1975 5275 2194 5336 peracto
2235 5267 2492 5320 uxoribus
2533 5265 2646 5320 suis
2687 5265 3032 5336 jungebalur.
3083 5259 3234 5316 Sicut
3271 5259 3418 5314 enim

1837 5361 2230 5430 extorquebaut
2257 5375 2450 5416 carnes
2477 5359 2544 5414 ab
2575 5357 2902 5418 immolante,
2933 5355 3006 5408 ita
3037 5353 3200 5408 etiam
3231 5363 3416 5408 extor-

1841 5451 2080 5522 quebant
2109 5451 2430 5506 sacriﬁcium
2461 5451 2526 5504 ab
2557 5447 2833 5504 offerente.
2868 5445 2934 5498 Et
2963 5443 3166 5498 idcirco
3195 5441 3332 5498 sicut
3363 5441 3418 5498 in

1839 5543 2129 5600 offer-endis
2187 5544 2442 5600 carnibus
2503 5541 2776 5596 faciebant
2833 5537 3078 5592 homines
3135 5533 3420 5590 detrahere

1841 5635 2108 5692 sacriﬁcio
2169 5635 2404 5700 Domini,
2443 5635 2516 5688 ita
2561 5647 2776 5702 quoque
2815 5628 3165 5684 nihilominus
3203 5627 3256 5680 in
3293 5641 3421 5682 con-

1835 5729 2036 5800 jungcn
2079 5729 2124 5784 is
2173 5727 2432 5782 uxoribus
2481 5723 2778 5794 transgredi
2829 5721 3098 5776 faciebant
3143 5719 3420 5792 populum.

155 5821 380 5886 gloriam
409 5805 562 5880 Esau
611 5823 820 5886 amisit.
867 5823 990 5880 uuia
1039 5835 1232 5886 magno
1275 5829 1406 5876 testu
1453 5819 1732 5882 desiderii,
1841 5817 2012 5884 Quam
2053 5817 2458 5880 intelligentiam
2499 5817 2544 5870 si
2577 5815 2698 5874 uuis
2737 5815 2888 5872 senui
2931 5811 3180 5878 voluerit,
3215 5825 3314 5866 suo
3335 5807 3426 5884 ju-
