3970 6332
177 325 280 379 277

174 531 416 587 cundum
447 535 694 594 ordinem
730 537 934 596 Aaron.
988 543 1056 598 Et
1077 546 1385 618 quicunque
1422 566 1490 608 ex
1523 552 1640 622 ejus
1669 569 1761 626 ge-

172 637 309 678 nere
339 632 422 680 est
457 624 644 694 homo,
675 645 798 716 cum
823 633 972 688 videt
1010 639 1392 706 sacerdotium,
1417 643 1526 700 imo
1555 624 1762 702 sacriﬁ-

170 715 318 770 cium
350 717 803 788 Christianorum,
849 733 965 781 toto
1009 729 1142 785 orbe
1181 731 1384 801 pollere
1405 743 1460 790 et
1503 752 1564 794 se
1607 738 1758 807 abje-

169 817 346 875 ctum,
393 810 652 868 deﬁciunt
697 815 838 872 oculi
883 819 1022 889 ejus,
1072 831 1128 876 et
1172 825 1352 879 anima
1400 829 1520 898 ejus
1554 830 1758 900 defluit,

166 914 284 970 prae
313 902 592 960 nimietate
620 909 892 964 maeroris.
925 910 1076 967 Unde
1109 921 1166 969 et
1200 918 1478 986 sequitur:

245 1014 264 1046 ι
304 994 371 1050 Et
415 997 690 1054 suscitabo
736 1001 870 1056 mihi
917 1005 1255 1062 sacerdotem
1303 1009 1514 1066 ﬁdelem
1566 1027 1761 1070 secun-

172 1105 190 1136 ι
237 1086 368 1142 dum
404 1103 499 1144 cor
527 1105 730 1148 meum.
772 1113 790 1144 ι
845 1093 1000 1162 Quod
1029 1097 1103 1153 ait
1134 1099 1408 1172 Propheta
1436 1105 1504 1159 ad
1530 1105 1649 1161 Heli
1678 1108 1760 1164 Io-

164 1192 346 1248 quens
374 1194 442 1234 ex
468 1196 700 1251 persona
727 1184 848 1250 Dei,
885 1204 904 1236 ι
940 1187 1006 1241 Ει
1035 1190 1310 1248 suscitabo
1348 1194 1482 1250 mihi
1511 1197 1764 1254 sacerdo-

165 1277 278 1324 tem
313 1271 546 1339 fidelem,
575 1275 666 1344 qui
692 1276 847 1347 juxta
876 1293 971 1334 cor
997 1295 1178 1336 meum
1205 1293 1263 1338 et
1293 1285 1536 1342 animam
1583 1304 1760 1346 meam

165 1359 356 1426 faciet,
385 1372 441 1419 et
465 1364 747 1422 :ediﬁcabo
774 1369 824 1424 ei
853 1369 1071 1426 domum
1116 1373 1349 1442 ﬁdelem,
1383 1387 1438 1434 et
1464 1381 1770 1438 ambulabit

162 1469 356 1508 coram
380 1455 598 1514 Christo
629 1475 751 1516 meo
777 1463 988 1520 cunctis
1015 1465 1236 1534 diebus;
1275 1489 1293 1521 ι
1328 1472 1428 1527 sub
1458 1472 1629 1544 ﬁgura
1661 1474 1761 1531 Sa-

160 1547 366 1603 muelis
413 1549 480 1604 de
516 1549 746 1610 Domino
787 1553 1088 1624 Salvatore,
1139 1574 1354 1618 summo
1397 1564 1764 1648 videliceﬁac

156 1654 297 1696 vero
343 1642 616 1712 pontiﬁce,
652 1646 813 1702 debet
855 1649 1100 1722 intelligi.
1123 1652 1278 1720 ,Quia
1322 1656 1580 1713 nimirum
1619 1642 1770 1717 sicut

160 1732 391 1790 Samuel
430 1736 683 1794 defuncto
710 1739 827 1796 Heli
862 1745 1128 1799 successit
1158 1747 1210 1800 in
1230 1751 1617 1819 sacerdotium,
1645 1768 1758 1810 non

157 1827 226 1882 de
257 1828 436 1898 stirpe
453 1829 640 1886 Aaron
669 1833 762 1888 sed
789 1834 854 1889 de
881 1835 985 1896 alia
1013 1836 1146 1893 Levi
1167 1826 1372 1896 familia
1400 1843 1605 1901 electus
1625 1864 1638 1899 :
1662 1845 1763 1901 fuit
1789 1831 1836 1891 B

155 1921 308 1976 enim
337 1921 481 1979 filius
499 1923 724 1992 Eleans,
752 1925 844 1982 ﬁlii
867 1926 1146 1996 Jeroham,
1176 1931 1267 1988 ﬁlii
1290 1934 1430 2001 Elin,
1459 1936 1555 1992 ﬁlii
1583 1938 1764 2007 Thau,

158 2011 254 2067 ﬁlii
286 2011 464 2085 Suph,
495 2015 590 2087 ﬁlii
613 2016 834 2086 Eicana,
865 2021 958 2077 ﬁlii
984 2021 1122 2091 Joel,
1150 2025 1245 2082 ﬁlii
1268 2027 1500 2096 Azariae,
1533 2030 1628 2087 ﬁlii
1661 2030 1762 2088 So-

153 2106 396 2176 phoniae,
428 2107 523 2164 ﬁlii
563 2108 754 2179 Taath,
799 2113 896 2168 ﬁlii
925 2114 1082 2182 Aser,
1112 2116 1208 2172 ﬁlii
1239 2120 1438 2191 Asaph,
1473 2121 1569 2178 ﬁlii
1600 2123 1760 2192 Core,

154 2195 250 2252 ﬁlii
286 2197 457 2267 Isaar,
487 2200 584 2256 ﬁlii
619 2201 810 2270 Caath,
845 2205 940 2262 lilii
969 2207 1122 2273 Levi,
1157 2209 1251 2265 ﬁlii
1288 2211 1475 2281 Israel,
1506 2222 1566 2270 ut
1589 2217 1758 2276 verba

155 2289 375 2346 dierum
418 2303 684 2362 narrant;
735 2297 810 2352 ita
841 2297 1104 2356 Mediator
1131 2301 1227 2358 Dei
1271 2313 1326 2360 et
1361 2306 1660 2376 hominum,
1698 2317 1760 2366 ut

153 2394 306 2442 esset
337 2388 495 2443 nobis
525 2389 770 2459 pontifex
805 2408 914 2450 non
940 2394 1006 2451 de
1031 2395 1182 2465 Levi,
1219 2398 1314 2454 sed
1341 2401 1407 2454 de
1435 2401 1539 2457 alia
1570 2403 1760 2474 utique

155 2478 332 2566 tribu,
361 2479 416 2534 id
444 2489 529 2538 est
549 2480 712 2550 Juda,
741 2500 959 2543 carnem
995 2490 1247 2561 sumpsit.
1296 2492 1582 2564 Aliamque
1609 2496 1757 2568 lega-

156 2559 288 2624 liter
323 2572 554 2627 hostiam
601 2575 770 2645 ipsam
802 2591 956 2636 suam
1004 2559 1223 2636 carnem
1256 2583 1454 2638 obtulit
1481 2559 1628 2640 Patri
1656 2559 1758 2657 pro

155 2662 343 2717 nobis.
395 2663 652 2734 Aliosque
703 2666 1018 2739 degenere
1053 2669 1234 2727 Aaron
1278 2673 1628 2743 pontiﬁcatus
1673 2675 1758 2732 sui

152 2753 383 2825 reliquit
423 2756 669 2816 haeredes
699 2758 858 2827 ﬁlios,
890 2761 1141 2820 videlicet
1183 2765 1372 2837 gratia:
1400 2766 1534 2823 Novi
1563 2767 1754 2824 Testa-

150 2847 332 2902 menti
365 2862 514 2930 :non
537 2857 745 2906 tantum
780 2866 847 2906 ex
875 2851 1098 2922 ludatis,
1135 2857 1231 2912 sed
1251 2857 1320 2913 de
1343 2858 1596 2915 universa
1625 2875 1757 2935 gen-

1093 331 1349 392 ENARR.
1392 338 1460 395 IN
1499 341 1745 401 LIBROS
1783 346 2051 408 REGUM.
2096 387 2166 398 —
2205 358 2269 412 IN
2311 361 2441 417 LIB.
2485 363 2522 416 I.

169 441 286 511 jam
321 440 466 496 enim
505 453 808 502 venerunt:
841 447 1019 505 nullus
1057 451 1202 508 enim
1255 457 1509 514 sacerdos
1554 471 1639 516 est
1677 477 1760 518 se-
1785 467 1840 526 Α
1870 486 1888 518 ι

3339 381 3446 448 278

1935 471 2094 527 domo
2140 484 2247 540 tua,
2291 484 2349 530 ut
2388 489 2572 534 oretur
2607 496 2708 551 pro
2739 499 2805 541 eo
2840 495 2891 541 et
2936 487 3126 546 oll‘erat
3170 509 3445 554 nummum

1869 579 1887 610 ι
1934 573 2248 631 argenteum
2299 575 2356 620 et
2403 575 2600 624 tortam
2650 573 2824 642 panis.
2867 595 2885 628 ι
2960 576 3078 633 Non
3122 584 3339 653 proprie
3383 586 3448 642 de

1863 650 2022 707 domo
2067 654 2264 710 dicitur
2311 657 2472 727 hujus
2498 658 2640 727 Heli,
2693 664 2787 718 sed
2837 664 2980 722 illius
3014 650 3313 736 Aaron,vde
3343 690 3450 744 quo

1863 755 2060 811 genere
2103 747 2267 801 etiam
2297 748 2578 820 hucusque
2630 769 2736 808 non
2776 754 2992 824 desunt,
3025 762 3113 828 qui
3147 764 3364 821 veniant
3393 774 3454 821 et

1863 843 2266 893 convertantur.
2309 841 2386 896 De
2415 842 2610 911 quibus
2637 844 2835 900 dicitur
2864 866 2878 902 ;
2909 867 2926 898 ι
2963 849 3223 922 Reliquiae
3254 869 3450 911 secun-

1863 925 1990 980 dum
2021 927 2339 987 electionem
2369 936 2557 1006 gratiae
2571 937 2900 994 salvarfactae
2931 953 3056 998 sunt
3079 944 3253 1015 (Rom.
3288 951 3386 1020 χι).
3423 971 3443 1002 ι

1862 1017 1938 1074 De
1953 1020 2144 1076 talibus
2157 1024 2304 1079 enim
2317 1025 2557 1096 reliquiis
2570 1030 2709 1084 bene
2727 1031 3042 1105 intelligitur
3055 1038 3197 1106 quod
3211 1017 3449 1096 dicitur:

1868 1127 1888 1162 ς
1927 1110 2028 1178 Qui
2055 1117 2378 1170 remanserit
2405 1119 2458 1172 in
2509 1120 2669 1175 domo
2698 1130 2808 1187 tua,
2837 1127 3020 1180 veniet
3051 1136 3108 1182 ut
3139 1139 3324 1186 oretur
3352 1149 3452 1203 pro

1863 1216 1958 1267 eo;
1995 1224 2012 1256 ι
2053 1204 2298 1274 profecto
2322 1209 2413 1277 qui
2440 1211 2616 1272 credit
2649 1213 2704 1266 in
2737 1215 3010 1272 Christum
3049 1220 3187 1274 sicut
3221 1230 3274 1278 et
3317 1231 3453 1279 tem-

1861 1295 2083 1363 poribus
2132 1299 2516 1368 apostolorum,
2559 1312 2614 1358 et
2655 1305 2708 1359 in
2755 1309 3009 1376 praesenti
3059 1320 3300 1382 tempore
3353 1315 3453 1371 ali-

1863 1398 2121 1458 quantum
2171 1393 2306 1448 solet
2351 1394 2585 1464 impleri,
2638 1406 2692 1451 et
2738 1400 2792 1454 in
2844 1401 2950 1458 ﬁne
2993 1407 3175 1460 mundi
3213 1410 3454 1476 perfecte

1861 1483 2238 1552 complebitur.
2271 1484 2406 1540 Nam
2435 1487 2536 1543 etsi
2565 1491 2741 1560 pauci,
2779 1501 2964 1548 tamen
2989 1495 3178 1566 aliqui,
3213 1500 3453 1568 quotidie

1861 1573 2247 1632 exJudaeorum
2269 1594 2376 1633 non
2406 1587 2614 1635 tantum
2637 1597 2701 1637 ex
2727 1583 2881 1654 plebe
2908 1587 3002 1642 sed
3029 1603 3094 1644 ex
3125 1593 3450 1648 sacerdotali

1861 1668 2030 1738 stirpe
2059 1670 2126 1724 ad
2151 1670 2450 1728 Ecclesiam
2476 1675 2813 1747 confugiunt.
2871 1699 2890 1730 ‹
2925 1680 2990 1734 Ει
3015 1699 3137 1737 cum
3167 1685 3451 1742 intraverit

1860 1760 2138 1831 plenitudo
2181 1766 2444 1834 gentium,
2495 1777 2620 1824 tunc
2679 1774 2857 1827 omnis
2907 1773 3076 1829 Israel
3131 1778 3309 1834 salvus
3356 1781 3451 1836 ﬁet

1867 1852 2078 1924 (Ibid.).
2116 1874 2134 1907 ι
2181 1857 2503 1930 Quicunque
2549 1873 2729 1917 autem
2772 1880 2838 1919 ex
2883 1866 2966 1921 his
3007 1869 3298 1926 salvandus
3346 1881 3447 1937 est,

1863 1943 2134 2014 ipseenim
2161 1949 2625 2034 qui'remansurus
2657 1969 2774 2011 esse
2806 1959 3022 2023 dicitur,
3052 1961 3106 2015 in
3138 1962 3299 2018 domo
3327 1980 3452 2033 per-

1862 2047 2027 2094 eunte
2091 2044 2390 2099 sacerdotis
2440 2045 2554 2101 Hcli
2617 2063 2838 2106 necesse
2887 2061 2970 2106 est
3019 2053 3086 2107 ad
3156 2044 3452 2112 Ecclesiam

1863 2129 2174 2204 confugiat,
2213 2144 2268 2191 et
2310 2136 2504 2194 oﬂ'erat
2552 2155 2651 2210 pro
2701 2159 2760 2199 se
2821 2147 3092 2202 sacerdoti
3138 2147 3452 2208 Christiano

1861 2239 2140 2281 nummum
2190 2227 2549 2286 confessionis
2593 2231 2685 2288 Dei
2733 2234 2924 2291 devote
2973 2224 3093 2308 quae
3126 2239 3178 2293 in
3207 2241 3452 2312 symbolo

1862 2318 2210 2375 continetur:
2247 2321 2465 2378 brevem
2497 2324 2716 2395 quidem
2744 2329 2927 2396 verbo,
2965 2332 3058 2386 sed
3087 2332 3284 2387 virtute
3313 2349 3451 2422 prae-

1861 2407 2098 2477 cipuam.
2153 2409 2380 2467 Constat
2423 2423 2649 2485 argento
2681 2416 2982 2477 claritatem
3014 2423 3160 2477 verbi
3195 2407 3446 2489 coele'stis,

1862 2501 2001 2556 sicut
2052 2501 2392 2572 splendorem
2441 2509 2719 2578 sapientia:
2769 2511 3064 2582 spiritualis
3125 2531 3256 2570 auro
3307 2532 3450 2586 saepe

1861 2592 2153 2663 designari.
2217 2593 2421 2651 Dll'erat
2451 2606 2502 2652 et
2530 2615 2721 2669 panem
2753 2601 3002 2658 sacriﬁcii
3036 2603 3290 2662 salutaris
3349 2608 3448 2661 ab-

1854 2684 2018 2755 jectis
2035 2689 2290 2744 carnibus
2311 2690 2562 2762 legalium
2592 2693 2958 2762 victimarum,
2987 2697 3229 2769 dicatque
3253 2714 3271 2751 :
3305 2717 3325 2750 ι
3356 2699 3449 2754 Di-

1860 2775 2016 2829 mitte
2040 2791 2148 2843 me,
2177 2779 2428 2846 obsecro,
2457 2781 2525 2835 ad
2560 2798 2720 2836 unum
2748 2793 2955 2853 partem
2985 2788 3400 2854 sacerdotalem,
3424 2809 3443 2841 ι

1860 2866 1916 2922 id
1943 2876 2045 2934 est,
2086 2871 2154 2925 ad
2197 2871 2367 2940 ipsam
2413 2872 2624 2942 plebem
2661 2873 2878 2931 Christo
2913 2878 3194 2933 sacerdote
3227 2880 3450 2948 prmcla-

152 2939 292 2994 tium
347 2941 570 2998 natione
617 2943 893 3000 collectos.
946 2945 1098 3013 Quod
1142 2963 1270 3006 vere
1319 2951 1472 3022 quasi
1518 2951 1756 3009 humano
1861 2971 1997 3011 ram.
2048 2957 2147 3013 Cui
2177 2939 2372 3016 Petrus
2405 2939 2518 3015 ait:
2573 2981 2590 3012 ι
2624 2961 2732 3017 Vos
2787 2965 2929 3019 enim
2976 2981 3145 3036 genus
3193 2967 3445 3041 electum,

151 3045 314 3086 more
363 3030 592 3102 loquens
616 3033 760 3090 Deus
805 3035 938 3092 dicit
964 3051 978 3090 :
1003 3036 1105 3106 Qui
1140 3037 1294 3107 juxta
1340 3056 1434 3096 cor
1478 3057 1660 3100 meum
1700 3051 1762 3100 et
1860 3049 2042 3120 regale
2068 3052 2430 3108 sacerdotium
2460 3051 2512 3124 (ι
2536 3052 2680 3107 Petr.
2713 3054 2796 3124 ιι).
2831 3075 2846 3106 ι
2878 3030 3032 3122 Quod
3065 3066 3244 3112 autem
3275 3036 3444 3124 addit,

150 3120 404 3174 aliimam
431 3137 612 3178 meam
639 3122 822 3190 faeiet.
851 3128 918 3182 de
942 3125 1194 3185 Samuele
1230 3130 1450 3199 quidem
1485 3142 1634 3187 recte
1658 3148 1752 3204 po-
1789 3209 1826 3218 _
1866 3158 1884 3191 (
1907 3149 1967 3196 ιιι
1997 3142 2277 3198 comedam
2309 3143 2604 3199 huccellam
2635 3146 2810 3215 panis,
2839 3166 2854 3198 ι
2883 3149 3045 3201 etiam
3077 3149 3251 3218 ipsum
3281 3151 3450 3204 sacri-

151 3219 260 3266 test
313 3212 543 3286 intelligi
593 3217 735 3286 quod
787 3217 841 3272 in
887 3220 1137 3277 omnibus
1166 3220 1284 3292 eius
1312 3223 1577 3281 voluntati
1615 3225 1754 3284 sicut
1781 3209 1828 3275 Ο
1861 3232 1966 3288 ﬁcii
2005 3245 2174 3304 genus
2202 3233 2480 3305 eleganter
2508 3209 2797 3306 expressit.
2853 3237 2928 3292 De
2965 3254 3074 3308 quo
3103 3240 3233 3294 dicit
3263 3256 3446 3295 sacer-

150 3304 324 3384 homo
351 3304 469 3371 Dei,
494 3306 603 3363 Deo
627 3311 893 3379 paruerit.
921 3312 996 3366 De
1015 3311 1243 3370 Domino
1269 3324 1449 3372 autem
1473 3316 1754 3376 Salvatore
1859 3325 1954 3380 dos
1992 3327 2108 3395 ipse
2134 3343 2148 3382 :
2177 3345 2196 3378 ι
2228 3304 2392 3383 Panis
2419 3304 2595 3398 quemﬁ
2609 3342 2710 3398 ego
2737 3330 2894 3393 dabo,
2928 3346 3056 3386 caro
3086 3348 3208 3388 mea
3239 3343 3322 3388 est
3348 3347 3446 3404 pro

145 3404 347 3467 potest
388 3397 552 3454 etiam
591 3401 764 3472 accipi
809 3402 1011 3460 altius:
1040 3406 1167 3476 quia
1197 3405 1338 3462 sicut
1361 3407 1530 3466 Filius
1559 3408 1750 3482 unige-
1857 3414 2046 3468 mundi
2073 3414 2390 3486 vitanan.
2415 3418 2512 3489 vr).
2545 3439 2564 3470 ι
2597 3397 2733 3485 Quia
2763 3421 2906 3474 enim
2936 3421 3148 3476 dixerat
3198 3397 3445 3493 superius

147 3489 308 3544 nitus
345 3496 692 3559 paternorum
725 3493 782 3549 in
819 3495 1073 3552 omnibus
1119 3499 1191 3554 sit
1228 3500 1480 3556 conscius
1525 3516 1754 3558 arcano-
1857 3503 2070 3559 dedisse
2114 3505 2268 3561 cibos
2311 3506 2498 3563 domui
2525 3508 2706 3564 Aaron
2749 3509 2816 3565 de
2843 3511 3079 3568 victimis
3107 3511 3315 3568 Veteris
3343 3513 3446 3570 Te-

148 3595 296 3646 rum,
311 3578 470 3648 juxta
487 3583 632 3652 quod
657 3583 726 3640 de
746 3586 926 3658 seipso
953 3589 1239 3647 manifeste
1267 3599 1514 3658 testatur,
1529 3593 1747 3651 dicens:
1855 3597 2132 3663 stamenti,
2174 3599 2267 3668 qui
2290 3598 2506 3655 fuerant
2532 3603 2802 3658 sacriﬁcia
2833 3603 3166 3672 Iudaeorum,
3198 3608 3318 3663 ideo
3350 3609 3441 3664 hic

153 3693 170 3726 ε
205 3675 276 3730 Et
310 3690 347 3730 a
373 3691 464 3734 me
500 3677 622 3748 ipso
655 3678 798 3736 facio
831 3682 990 3749 nihil,
1021 3684 1115 3740 sed
1145 3685 1287 3741 sicut
1311 3687 1494 3742 docuit
1531 3701 1622 3742 me
1647 3687 1751 3744 Pa-
1855 3689 1992 3744 dixit
2016 3691 2397 3759 postulandum
2429 3693 2498 3747 ad
2523 3695 2912 3752 comedendum
2934 3697 3234 3755 buccellam
3263 3702 3441 3771 panis,

148 3774 254 3833 ter,
297 3769 422 3824 hac
447 3768 642 3840 loquor
687 3771 872 3844 (locu.
901 3774 1004 3846 vi).
1039 3795 1057 3827 ι
1107 3773 1174 3831 Et
1207 3793 1219 3828 :
1251 3795 1270 3829 ι
1302 3777 1406 3845 Qui
1451 3795 1538 3834 me
1581 3781 1748 3847 misit,
1853 3781 2002 3850 quod
2027 3790 2114 3838 est
2151 3783 2218 3839 de
2249 3782 2402 3840 Novo
2425 3785 2778 3844 Testamento
2824 3790 3154 3848 sacriﬁcium
3181 3768 3446 3848 Christia-

150 3875 374 3915 mecum
421 3867 528 3928 est,
572 3871 628 3918 et
674 3879 783 3920 non
825 3865 1048 3936 reliquit
1094 3882 1181 3924 me
1227 3867 1399 3924 solum
1427 3887 1440 3923 :
1468 3871 1594 3940 quia
1632 3887 1752 3942 qum
1854 3887 2069 3929 norum.
2130 3942 2134 3946 ι

145 3952 360 4023 placita
389 3962 517 4018 sunt
547 3955 622 4024 ei,
653 3955 796 4013 facio
827 3971 1043 4029 semper
1069 3959 1250 4031 (Joan.
1276 3961 1417 4032 vm).
1455 3982 1475 4015 ι
1533 3961 1630 4019 Cui
1657 3965 1752 4019 do-

147 4062 304 4102 mum
357 4046 572 4104 ﬁdelem
616 4049 846 4112 aediﬁcat
895 4051 1078 4117 Pater,
1127 4067 1248 4122 quae
1300 4054 1496 4110 domus
1563 4069 1762 4112 sumus

151 4155 272 4208 nos,
309 4139 364 4194 si
386 4139 640 4198 ﬁduciam
670 4150 726 4198 et
747 4143 978 4214 gloriam
1005 4145 1118 4215 spei
1149 4161 1320 4216 usque
1361 4147 1415 4201 in
1443 4145 1628 4212 ﬁnem,
1660 4145 1756 4201 ﬁn»
1930 4166 1948 4198 σ
1981 4146 2124 4202 Puer
2153 4155 2333 4203 autem
2364 4147 2585 4205 Samuel
2614 4151 2960 4206 ministrabat
2989 4151 3220 4208 Domino
3256 4169 3440 4210 coram

150 4253 300 4294 mam
344 4237 694 4296 retineamus.
734 4239 804 4294 Et
845 4240 962 4296 haec
999 4241 1192 4296 domus
1230 4240 1526 4296 ambulabit
1564 4255 1752 4297 coram
1859 4259 1876 4290 ι
1910 4239 2306 4306 Heli,etsermo
2327 4242 2540 4297 Domini
2566 4243 3025 4316 eratpretiosus.)
3044 4243 3190 4301 Bene
3218 4245 3312 4313 ait,
3344 4267 3362 4298 ‹
3387 4255 3471 4353 ει(

151 4329 374 4353 (πιμε-.-
413 4330 522 4353 -2..-
573 4333 688 4353 ι---
718 4332 966 4353 ..ΠηλΑΙέ-ΑΑ
997 4349 1198 4353 -uﬂ,_-
1231 4349 1257 4353 μ
1278 4334 1482 4353 ,ΔΑεη-Α
1550 4349 1634 4353 ---Α
1657 4335 1752 4353 -42..
1866 4350 1879 4353 _
1913 4347 2087 4353 ..-.._._-
2120 4333 2331 4353 n-_-9‘2
2375 4343 2482 4353 -.μμ
2509 4335 2778 4353 ---.ο--ημ
2886 4333 2930 4353 τι
2952 4336 3060 4353 νΑι·μ
3083 4352 3090 4353 ,
3125 4352 3156 4353 η
3252 4351 3258 4353 .
3347 4352 3352 4353 ,

151 4329 381 4387 Christo
408 4330 543 4400 ejus,
573 4333 693 4404 ipso
718 4332 968 4391 videlicet
993 4349 1206 4391 summo
1230 4334 1505 4406 pontiﬁce,
1540 4335 1752 4390 cunctis
1859 4350 1879 4384 ι
1913 4347 2100 4390 sermo
2119 4333 2335 4389 Domini
2367 4343 2486 4390 erat
2509 4335 2800 4405 pretiosus.
2839 4354 2858 4387 ι
2886 4333 3166 4391 Pretiosus
3203 4351 3442 4408 namque

151 4423 373 4489 diebus,
405 4423 532 4494 quia
565 4426 830 4482 nimirum
859 4439 1032 4497 usque
1069 4426 1136 4481 ad
1165 4426 1332 4482 ﬁnem
1372 4425 1578 4492 smcuii,
1627 4441 1756 4482 suo-
1853 4424 2070 4491 dicitur,
2111 4425 2238 4495 quia
2279 4441 2536 4496 perrarus
2559 4433 2699 4491 erat,
2738 4435 2793 4480 et
2839 4442 2938 4498 per
2965 4427 3282 4498 prophetam
3313 4443 3441 4483 raro

151 4531 273 4572 rum
334 4519 776 4589 augmentatione
842 4521 1214 4578 membrorum
1261 4521 1505 4578 Ecclesia
1560 4528 1748 4578 sancta
1775 4575 1822 4589 ﬁ
1855 4514 2035 4571 ﬁebat
2081 4516 2254 4572 Omne
2297 4519 2442 4573 enim
2471 4517 2617 4588 (ιυοά
2645 4532 2832 4572 “imm
2860 4525 2964 4583 θεῖν
3005 4519 3303 4588 Ρτθῑίοδυηι
3337 4526 3440 4584 εει,

150 4575 437 4678 proﬁcere
456 4575 727 4682 numnum
757 4575 1012 4669 cessabit
1041 4575 1077 4668 :v
1097 4575 1644 4686 alioquin‘quomodo
1772 4575 1828 4637 Β
1853 4607 1978 4678 quia
2004 4610 2238 4680 amplius
2261 4575 2622 4666 desideratur.
2656 4609 2812 4666 Unde
2841 4619 2895 4666 et
2920 4575 3264 4682 subjungitur
3290 4629 3302 4665 :
3330 4631 3346 4663 ε
3385 4610 3442 4665 In

151 4699 420 4757 Samuele
449 4710 630 4772 potest
669 4704 864 4775 accipi,
898 4705 1041 4776 quod
1078 4705 1343 4761 aediﬁcata
1375 4705 1445 4760 sit
1475 4706 1524 4761 ei
1554 4705 1754 4762 domus
1853 4699 2043 4755 diebus
2076 4700 2180 4755 illis
2214 4716 2326 4756 non
2348 4709 2469 4757 erat
2492 4701 2636 4758 visio
2676 4701 2984 4759 manifesta.
3019 4721 3037 4754 ι
3083 4702 3218 4770 Quia
3249 4703 3442 4758 videli-

2467 3991 2696 4050 CAPUT
2733 3991 2817 4049 III.

152 4792 340 4852 ﬁdelis
363 4809 484 4865 qua!
528 4811 709 4853 coram
733 4797 948 4853 Christo
977 4798 1212 4865 Domini,
1245 4799 1298 4853 id
1342 4807 1445 4866 est,
1499 4800 1613 4871 ipso
1649 4799 1746 4856 Sa-

151 4887 340 4945 muele
365 4889 574 4946 cunctis
603 4889 877 4946 incederet
906 4891 1124 4958 diebus;
1155 4908 1278 4947 cum
1308 4892 1549 4964 legamus
1577 4894 1633 4947 in
1662 4906 1750 4948 se-

153 4979 456 5048 quentibus
499 4982 644 5052 quod
673 4981 768 5036 lilii
815 4982 959 5038 illius
1001 4976 1181 5038 aversi
1223 4983 1292 5038 de
1333 4983 1436 5039 viis
1470 4981 1586 5053 ejus
1623 4989 1750 5054 post

152 5072 448 5127 avaritiam
492 5073 896 5130 declinaverunt
943 5083 999 5131 et
1043 5077 1404 5147 perverterint
1465 5076 1749 5146 judicium,

153 5164 260 5220 nisi
292 5162 438 5220 forte
460 5165 654 5223 domus
699 5166 820 5238 ejus
844 5168 949 5222 hoc
998 5167 1118 5224 loco
1143 5168 1351 5239 plebem
1399 5169 1756 5226 Israeliticam-

155 5255 549 5327 intelligamus,
578 5273 699 5330 qua:
731 5258 944 5315 cunctis
976 5260 1168 5316 diebus
1189 5261 1474 5316 sacerdotii
1496 5260 1614 5330 ejus
1640 5261 1754 5317 Do-

157 5347 314 5402 mino
359 5347 644 5404 servierit?
692 5348 770 5404 De
808 5365 914 5420 qua
960 5351 1219 5422 scriptum
1249 5362 1332 5407 est
1353 5351 1405 5424 (Ι
1437 5351 1562 5424 Reg.
1612 5352 1748 5422 vn):

164 5455 184 5490 ι
215 5435 288 5493 Et
311 5439 577 5510 requievit
599 5443 778 5498 omnis
797 5441 960 5497 Israel
991 5450 1111 5514 post
1135 5444 1438 5498 Dominum.
1456 5464 1473 5496 ι
1501 5444 1567 5498 Et
1589 5443 1752 5514 paulo

158 5537 331 5598 post:
361 5547 384 5582 ι
409 5531 764 5589 Abstulerunt
803 5545 934 5604 ergo
962 5533 1056 5587 ﬁlii
1093 5533 1258 5590 Israel
1290 5533 1472 5588 Baalin
1513 5542 1568 5589 et
1592 5535 1754 5590 Asta-

158 5621 312 5685 roth,
343 5629 402 5677 et
422 5624 724 5681 servierunt
763 5623 994 5682 Domino
1034 5624 1153 5680 soli.
1193 5643 1211 5677 ι
1256 5625 1407 5694 Quod
1452 5641 1582 5682 vero
1625 5627 1753 5683 sub-

159 5710 314 5767 ditur
334 5728 350 5764 :

239 5823 268 5860 ς
317 5803 582 5865 Futurum
606 5817 692 5867 est
717 5816 896 5866 autem
926 5817 985 5864 ut
1010 5810 1320 5883 quicunque
1347 5811 1670 5868 remanserit
1696 5811 1751 5871 in

1853 4799 1942 4848 cet
1988 4793 2270 4862 prophetia
2314 4808 2421 4848 non
2474 4793 2636 4864 plena
2681 4793 3150 4851 manifestabatur.
3215 4795 3444 4865 Propter

1852 4895 2077 4955 peccata
2119 4886 2490 4957 enimpopuli,
2537 4897 2592 4944 et
2619 4903 2808 4945 eorum
2836 4890 2930 4960 qui
2975 4889 3307 4960 praefuerunt
3345 4903 3442 4958 po-

1854 4979 2002 5052 pulo,
2027 4979 2140 5049 jam
2167 4997 2274 5036 non
2306 4979 2796 5039 manifestabantur
2822 4983 3084 5048 visiones,
3115 4982 3254 5038 sicut
3276 4979 3444 5050 patri-

1854 5076 1958 5132 bus
2001 5091 2210 5132 eorum.
2260 5076 2402 5134 Ecce
2433 5077 2590 5149 juxta
2637 5078 2942 5138 historiam.
2986 5077 3253 5134 Caeterum
3285 5073 3441 5143 juxta

1853 5170 2188 5241 spiritualem
2215 5169 2627 5243 intelligentiam
2651 5174 2790 5230 bene
2803 5173 3022 5229 dicitur.
3054 5190 3072 5222 ι
3093 5170 3235 5225 Puer
3255 5177 3440 5223 autem

1857 5259 2072 5316 Samuel
2099 5262 2439 5318 ministrabat
2466 5264 2691 5320 Domino
2717 5279 2901 5320 coram
2934 5262 3069 5318 Heli.
3103 5280 3121 5312 ι
3153 5259 3289 5327 Quia
3313 5259 3432 5314 uni-

1855 5354 2068 5425 genitus
2088 5353 2256 5410 Filius
2286 5354 2379 5410 Dei
2404 5355 2604 5423 Patris,
2631 5371 2790 5426 quem
2816 5369 2914 5426 per
2939 5351 3245 5409 Samuelem
3269 5350 3437 5423 signi-

1861 5443 2012 5502 ﬁcari
2042 5446 2298 5514 diximus,
2343 5448 2434 5519 qui
2482 5449 2870 5518 interpretatur
2897 5461 3081 5500 nomen
3123 5443 3237 5514 ejus
3272 5442 3437 5510 Deus,

1860 5539 1915 5594 in
1969 5540 2224 5595 omnibus
2259 5540 2590 5595 voluntatem
2632 5539 2810 5594 Patris
2851 5551 3117 5608 apparens
3160 5535 3214 5589 in
3277 5548 3443 5590 carne

1860 5631 2124 5686 exhibuit.
2167 5630 2320 5686 Sicut
2347 5632 2462 5702 ipse
2496 5633 2607 5686 ait:
2641 5650 2658 5682 ‹
2689 5629 2805 5686 Νοη
2834 5628 2956 5684 veni
2987 5626 3166 5684 facere
3194 5627 3444 5683 volunta-

1859 5729 1972 5779 tem
2001 5736 2209 5790 meam,
2229 5724 2322 5780 sed
2343 5723 2457 5794 ejus
2485 5725 2574 5793 qui
2607 5723 2755 5778 misit
2779 5738 2866 5780 me
2895 5721 3075 5796 (Joan.
3109 5723 3204 5793 iv).
3237 5741 3254 5774 ι
3287 5719 3442 5775 Unde

1860 5815 1999 5872 bene
2047 5816 2242 5886 agitur,
2277 5834 2294 5866 ‹
2323 5829 2504 5870 coram
2546 5813 2686 5882 Heli,
2721 5835 2738 5867 ι
2772 5815 2897 5887 quia
2945 5812 3307 5870 sacerdotium
3349 5807 3444 5864 Ju-
