3970 6332
513 414 622 475 279

1477 415 1831 472 ANGELOMI
1868 410 2333 470 LUXOVIENSIS
2371 409 2684 468 MONACHI

3661 406 3782 464 280

473 536 713 592 (laborum
740 545 871 588 mox
897 529 1075 589 noluit
1101 533 1406 606 destruere,
1437 538 1724 597 antequam
1751 541 1939 581 verum
1967 540 2055 580 sa-
2086 535 2137 592 Α
2163 523 2318 591 Quod
2341 523 2544 578 dictum
2565 529 2650 577 est
2675 522 2740 576 de
2770 515 3041 606 Samuele,
3072 526 3360 589 postquam
3389 519 3555 575 verba
3592 519 3780 576 divini

473 627 777 684 cerdotium
833 635 1162 696 appareret;
1216 625 1358 680 unde
1407 629 1460 676 et
1511 620 1891 690 subiungitur,
1962 639 1980 670 ‹
2011 627 2066 673 et

479 737 665 778 sermo
691 722 807 791 ejus
837 727 959 778 erat
990 720 1282 791 pretiosus,
1313 738 1330 767 ›
1362 715 1487 785 quia
1511 711 1824 784 praedicatio
1845 709 1961 779 ejus
1999 711 2063 764 ﬁo

476 812 687 867 delibus
714 809 966 868 amabilis
989 823 1153 880 atque
1178 807 1413 880 pretiosa
1437 812 1575 869 erat,
1605 802 1911 858 inﬁdelibus
1935 816 2067 856 vero

475 900 752 971 despecta.
776 899 855 972 De
877 901 1073 972 quibus
1099 913 1196 970 per
1217 894 1670 968 signiﬁcationem
1692 891 2062 963 subiungitur:

377 979 382 986 ’
500 1036 502 1038 τ
554 1013 572 1045 ι
610 994 836 1051 Factum
865 1003 949 1050 est
970 1009 1100 1064 ergo
1132 992 1187 1045 in
1225 991 1311 1045 die
1340 987 1597 1058 quadam,
1629 985 1747 1041 Heli
1765 984 1983 1054 iacebat
2012 985 2066 1038 in

478 1105 496 1136 ι
532 1085 652 1144 loco
695 1104 809 1150 suo,
847 1095 898 1142 et
939 1084 1082 1140 oculi
1120 1083 1237 1153 eius
1285 1081 1673 1152 caligaverant,
1717 1093 1820 1132 nec
1854 1087 2069 1148 poterat

479 1196 498 1230 ‹
535 1183 726 1236 Videre
760 1180 1032 1233 lucernam
1065 1175 1162 1230 Dei
1209 1182 1502 1243 antequam
1553 1171 2010 1242 exstingueretur.
2043 1190 2060 1220 ι

473 1273 596 1325 Prae
645 1270 808 1324 nimia
850 1274 1129 1322 senectute
1181 1264 1324 1318 oculi
1370 1261 1488 1330 eius
1531 1261 1922 1331 caligaverant,
1967 1274 2068 1312 nec

475 1369 689 1432 poterat
714 1360 894 1413 videre
922 1358 1202 1412 lucernam
1233 1355 1350 1418 Dei,
1383 1369 1506 1408 cum
1538 1353 1754 1406 arderet
1785 1351 1840 1405 in
1883 1353 2066 1405 taber-

475 1451 671 1507 naculo
705 1457 1000 1518 antequam
1049 1447 1139 1500 lux
1175 1444 1372 1500 diurna
1403 1443 1578 1508 ﬁeret,
1624 1441 1844 1511 quando
1873 1441 2067 1495 eadem

475 1540 868 1610 exstinguenda
895 1546 1016 1593 erat
1045 1536 1292 1599 lucerna,
1333 1534 1475 1589 sicut
1503 1546 1600 1603 per
1627 1531 1845 1604 Moysen
1871 1531 2065 1602 przeci-

473 1633 641 1704 pitur,
669 1640 729 1684 ut
750 1629 938 1685 eadem
969 1628 1187 1682 lucerna
1213 1625 1422 1680 luceret
1444 1638 1614 1692 usque
1654 1637 1832 1686 mane,
1860 1621 2069 1692 legibus

473 1725 646 1780 Exodi
692 1722 892 1795 (Exod.
941 1718 1135 1788 xxvu).
1190 1718 1316 1773 Sive
1348 1718 1449 1772 hoc
1493 1714 1779 1786 signiﬁcat,
1822 1715 1965 1785 quod
2015 1715 2066 1768 in

476 1821 725 1875 caecitate
768 1832 864 1872 sua
902 1816 1018 1885 ipse
1049 1813 1166 1868 Heli
1212 1819 1580 1884 permaneret,
1622 1809 1796 1865 donec
1825 1810 2068 1864 funditus

2165 612 2389 678 oraculi,
2438 627 2560 682 qua:
2608 618 2768 666 nocte
2811 603 3113 680 acceperat,
3143 623 3324 680 .riane
3372 609 3489 665 Heli
3535 610 3780 665 retulit:

2172 724 2189 757 ι
2223 704 2290 759 Et
2316 719 2424 759 non
2453 703 2651 759 cecidit
2675 717 2738 757 ex
2771 701 3024 757 omnibus
3048 701 3230 756 verbis
3255 701 3372 770 eius
3395 701 3449 756 in
3478 710 3722 767 terram,
3754 721 3776 752 ι

2166 796 2456 867 signiﬁcat,
2486 796 2614 866 quia
2635 795 2770 850 nihil
2802 811 2866 850 ex
2894 794 2980 850 his
3009 810 3129 864 quo:
3160 793 3373 849 locutus
3399 802 3484 850 est
3528 793 3764 849 irritum

2166 890 2288 957 fuit,
2315 891 2407 947 sed
2433 889 2615 945 omnia
2647 896 2775 944 sunt
2809 887 2972 942 rebus
3017 887 3284 959 completa
3312 901 3434 957 quae
3462 885 3622 942 dixit.
3654 886 3774 941 Ca-

2166 984 2298 1038 dunt
2339 996 2577 1052 namque
2599 981 2654 1035 in
2692 988 2892 1034 terram
2919 979 3085 1035 verba
3129 993 3486 1050 supervacua,
3515 994 3638 1049 quae
3667 995 3782 1049 pro

2167 1073 2338 1128 nihilo
2369 1072 2642 1136 habenda,
2685 1078 2742 1126 et
2783 1071 3164 1126 universorum
3203 1079 3328 1124 sunt
3371 1069 3634 1125 calcanda
3679 1071 3783 1124 de-

2167 1173 2376 1233 spectu.
2407 1162 2496 1218 Sic
2521 1170 2574 1217 et
2604 1162 2798 1217 beatus
2824 1161 2925 1217 Job
2950 1161 3090 1216 dixit
3117 1179 3131 1215 :
3163 1180 3182 1213 ε
3211 1160 3279 1216 Ει
3314 1161 3408 1216 lux
3441 1159 3628 1216 vultus
3655 1159 3780 1216 mei

2166 1270 2272 1308 non
2309 1254 2536 1309 cadebat
2579 1252 2634 1307 in
2664 1260 2867 1307 terram
2892 1251 3034 1321 (Job.
3064 1251 3241 1322 xxxx).
3278 1270 3300 1304 ι
3333 1250 3470 1318 Quia
3506 1251 3781 1305 nimirum

2167 1345 2223 1400 in
2274 1353 2421 1400 tanta
2467 1345 2735 1416 gravitate
2786 1343 2994 1398 vultum
3043 1351 3229 1399 tenere
3279 1351 3666 1407 consueverat,
3717 1350 3784 1396 ut

2167 1451 2443 1506 nunquam
2471 1425 2888 1504 contemptibili'
2917 1433 3100 1488 laetitia
3130 1433 3452 1489 solveretur.
3489 1431 3602 1488 Sed
3630 1447 3780 1502 quo-

2166 1529 2486 1598 tiescunque
2511 1527 2824 1582 hilariorem
2846 1542 2906 1582 se
2927 1525 3285 1597 praesentibus
3308 1525 3598 1580 exhiberet
3618 1533 3783 1580 certa

2168 1636 2383 1692 semper
2409 1621 2514 1678 hoc
2544 1635 2710 1677 causa
2734 1619 2986 1675 utilitatis
3007 1631 3202 1676 eorum
3223 1617 3450 1675 faceret.
3477 1619 3554 1675 De
3587 1634 3705 1690 quo
3725 1627 3781 1674 et

2169 1715 2478 1772 annectitur
2503 1732 2516 1768 :
3777 1768 3782 1769 ,

2245 1826 2265 1859 ι
2297 1807 2364 1861 Εῑ
2391 1807 2644 1876 cognovit
2669 1807 2957 1863 universus
2983 1807 3167 1872 Israel,
3197 1823 3229 1864 a
3268 1807 3382 1864 Dan
3419 1823 3596 1879 usque
3631 1807 3780 1863 Ber-

475 1926 599 1966 cum
627 1909 775 1979 prole
807 1923 903 1962 sua
945 1907 1406 1976 exstingueretur,
1441 1905 1544 1958 hoc
1585 1903 1826 1979 est,_vita
1856 1911 2071 1958 careret
2097 1886 2144 1944 Β
2177 1918 2198 1952 ι
2227 1901 2410 1964 sabee,
2426 1899 2567 1970 quod
2585 1899 2762 1956 ﬁdelis
2783 1899 3003 1956 Samuel
3029 1886 3292 1972 propheta
3317 1910 3460 1957 esset
3476 1900 3726 1956 Domini.
3760 1920 3780 1952 ι

475 1997 764 2068 corporali.
797 1996 1018 2068 lllystice
1059 2003 1239 2048 autem
1273 1993 1492 2048 caecitas
1525 1992 1644 2048 Heli
1673 1973 1942 2063 signiﬁcat
1971 2009 2070 2048 ca:-

435 2157 440 2159 _
475 2092 698 2148 citatem
726 2089 906 2145 cordis
929 2087 1257 2143 Iudaeorum.
1300 2087 1546 2142 Lucerna
1585 2087 1784 2157 quippe
1813 2087 1944 2148 llei,‘
1965 2086 2069 2141 Do—

475 2181 658 2237 minus
685 2189 868 2235 noster
898 2177 1278 2248 intelligendus
1301 2185 1404 2233 est.
1437 2175 1654 2231 Scimus
1678 2175 1822 2230 enim
1855 2175 1982 2246 quia
2013 2177 2067 2230 in

474 2272 702 2328 lucerna
743 2279 880 2326 testa
930 2270 1189 2332 exterius,
1241 2278 1296 2323 et
1333 2268 1514 2323 lumen
1552 2269 1782 2323 interius
1809 2277 1913 2323 est.
1951 2268 2068 2339 Ipse

477 2377 714 2432 namque
760 2377 856 2429 per
895 2360 1224 2430 PrOpbetam
1249 2359 1416 2414 dicit:
1459 2380 1476 2408 ι
1509 2359 1735 2414 Exaruit
1757 2360 1906 2414 velut
1931 2369 2070 2415 testa

475 2453 652 2506 virtus
688 2467 807 2506 mea
834 2447 1006 2521 (Psal.
1032 2449 1168 2520 xxi).
1205 2469 1224 2501 ι
1260 2448 1400 2516 Quid
1432 2464 1528 2518 per
1563 2457 1780 2513 testam,
1815 2449 1919 2505 nisi
1951 2465 2086 2508 cor-,

475 2559 578 2614 pus
613 2543 782 2614 ipsius
825 2542 1122 2612 accipitur?
1151 2543 1207 2597 in
1233 2557 1340 2612 qua
1381 2550 1517 2596 testa
1542 2541 1724 2597 lumen
1760 2540 2069 2595 Divinitatis

475 2637 708 2702 exstitit,
745 2646 800 2691 et
838 2636 1052 2690 ﬂamma
1078 2636 1338 2690 virtutum
1371 2644 1535 2704 atque
1574 2635 1956 2690 miraculorum
1987 2635 2069 2689 ef-

475 2726 646 2782 fulsit.
681 2725 846 2796 Cujus
877 2728 1063 2797 utique
1093 2728 1322 2782 virtutes
1355 2736 1520 2796 atque
1555 2726 1838 2791 miracula,
1868 2724 2068 2796 princi-

473 2833 571 2887 pes
595 2835 688 2874 seu
719 2819 1030 2875 sacerdotes
1059 2817 1388 2884 Judaaorum,
1426 2819 1552 2873 dum
1585 2817 1808 2873 credere
1833 2825 2047 2872 contem
2083 2832 2086 2834 ‘

473 2919 719 2982 pserunt,
767 2911 1012 2966 veritatis
1057 2911 1237 2966 lumen
1271 2911 1324 2965 in
1371 2911 1452 2965 eis
1497 2910 1826 2964 exstinctum
1857 2917 1959 2963 est.
2002 2908 2070 2962 Et

477 3005 734 3066 beneait,
770 3024 786 3054 ι
821 3014 1110 3072 antequam
1135 3005 1594 3074 cxstingueretur,
1630 3023 1646 3054 ›
1683 3002 1808 3072 quia
1834 3017 1935 3057 nec
1961 3000 2066 3056 ful-

439 3135 446 3140 .
479 3108 609 3160 gere
634 3092 1040 3157 miraculorum,
1067 3107 1185 3162 qua:
1215 3094 1283 3146 ab
1313 3107 1378 3147 eo
1417 3091 1716 3162 fulgebant,
1747 3090 2066 3164 intelligere,

478 3199 579 3238 nec
613 3183 914 3239 doctrinam
943 3184 1062 3253 eius
1091 3183 1253 3239 corde
1282 3183 1494 3238 intento
1515 3198 1710 3253 capere
1749 3191 2068 3254 potuerunt,

475 3277 651 3331 .lonec
675 3276 848 3346 ipsum
880 3277 1243 3332 sacerdotium
1289 3276 1450 3330 simul
1481 3292 1604 3331 cum
1651 3276 1850 3346 templo
1875 3285 1932 3330 et
1966 3291 2064 3346 po-
2097 3243 2142 3308 Ο

477 3366 606 3435 pulo
636 3365 875 3423 funditus
904 3375 1260 3423 everteretur.
1289 3367 1364 3437 De
1388 3369 1584 3437 quibus
1611 3369 1774 3423 etiam
1805 3369 1983 3424 adhuc
2015 3370 2068 3423 in

479 3470 712 3525 persona
758 3457 876 3513 Heli
906 3458 1148 3512 dicitur:
1183 3477 1201 3510 ι
1231 3457 1438 3513 Idcirco
1483 3456 1665 3527 iuravi
1707 3459 1888 3513 domui
1925 3458 2068 3526 Heli,

481 3551 625 3620 quod
653 3566 760 3605 non
795 3551 1044 3622 expietur
1083 3551 1341 3620 iniquitas
1368 3551 1560 3614 domus
1601 3549 1718 3620 ejus
1747 3552 1985 3608 victimis
2015 3561 2070 3608 et

488 3643 826 3706 muneribus,
859 3657 1034 3713 usque
1056 3643 1110 3698 in
1137 3651 1421 3708 aeternum,
1457 3661 1474 3694 ι
1504 3642 1632 3712 quia
1661 3652 1944 3714 peccatum
1983 3659 2070 3700 sa-

477 3735 759 3788 cerdotum
806 3731 1118 3788 Iudaeorum
1161 3733 1305 3802 quod
1343 3733 1398 3787 in
1438 3731 1656 3788 Christo
1709 3733 2066 3802 admiserunt,

476 3825 728 3880 videlicet
756 3825 880 3894 quia
909 3839 1016 3879 non
1065 3824 1239 3880 solum
1278 3833 1741 3895 contempserunt,
1777 3825 1872 3880 sed
1903 3825 2068 3880 etiam
2097 3881 2100 3885 ,

476 3917 888 3982 cruciﬁxerunt,
917 3916 1152 3972 victimis
1175 3925 1338 3986 atque
1379 3915 1666 3972 sacriﬁciis
1688 3915 1950 3988 legalibus
1978 3931 2069 3972 us-

476 4025 583 4080 que
612 4008 666 4062 in
697 4008 1086 4079 sempiternum
1111 4008 1319 4078 expiari
1344 4023 1451 4063 non
1478 4016 1678 4078 potest.

555 4123 573 4154 ς
604 4101 822 4157 Samuel
847 4111 1026 4157 autem
1054 4103 1359 4158 dormiebat
1383 4103 1437 4157 in
1478 4102 1680 4172 templo
1713 4101 1950 4170 Domini,
1977 4101 2070 4157 ubi

482 4216 500 4246 ι
533 4203 653 4248 erat
691 4210 816 4248 arca
863 4191 978 4249 Dei.
1023 4194 1088 4249 Et
1116 4194 1333 4252 vocavit
1380 4194 1644 4251 Dominus
1689 4191 1930 4250 Samuel.
1965 4191 2070 4260 Qui

481 4309 501 4340 ι
535 4288 887 4357 respondens,
927 4288 1039 4342 ait:
1069 4287 1208 4344 Ecce
1247 4303 1368 4359 ego,
1400 4296 1520 4367 ret
1545 4287 1748 4356 reliqua
1789 4300 2072 4358 usquequo

476 4381 574 4446 ait,
607 4398 625 4431 ι
651 4394 814 4450 porro
843 4379 1062 4435 Samuel
1101 4381 1330 4454 necdum
1375 4381 1586 4436 sciebat
1629 4380 1942 4446 Dominum,
1977 4395 2069 4436 nc-

483 4491 500 4521 ι
535 4487 641 4540 que
667 4471 936 4526 revelatus
977 4470 1154 4524 fuerat
1194 4470 1246 4525 ei
1273 4486 1455 4525 sermo
1485 4471 1720 4526 Domini.
1753 4490 1772 4522 ι
1809 4471 1964 4538 Quod
1987 4479 2072 4526 ter

478 4564 739 4620 Dominus
793 4564 1099 4618 Samuelem
1142 4565 1380 4630 vocavit,
1422 4565 1872 4635 przeﬁgurabatur
1924 4565 2069 4634 quod
2094 4599 2148 4661 Β

478 4658 594 4726 ipse
640 4673 774 4727 puer
801 4657 1016 4712 futurus
1048 4665 1167 4711 erat
1198 4657 1486 4726 propheta,
1517 4657 1648 4722 dux,
1693 4663 1748 4711 et
1789 4655 2064 4712 sacerdos.

476 4747 700 4803 Nescire
729 4748 1039 4812 .Dominum
1078 4748 1278 4803 dicitur
1323 4746 1564 4811 Samuel,
1609 4747 1737 4818 quia
1769 4747 2069 4819 prophetiae

475 4839 796 4910 mysterium
824 4840 1055 4894 necdum
1097 4839 1171 4906 ei,
1208 4839 1292 4894 vel
1320 4855 1500 4914 sermo
1544 4840 1754 4895 Domini
1798 4839 2068 4896 revelatus

474 4930 672 4983 fuerat.
704 4927 838 4982 Nam
870 4929 1232 4986 communiter
1258 4940 1318 4986 ut
1350 4931 1533 4986 caeteri
1564 4932 1788 4989 sciebat.

554 5040 571 5070 ι
611 5021 866 5089 Dixitque
913 5021 1174 5077 [lo-.uinus
1221 5022 1288 5078 ad
1327 5023 1548 5080 Samuel
1576 5041 1588 5077 :
1616 5024 1754 5079 Ecce
1780 5038 1881 5094 ego
1924 5023 2067 5080 facio

481 5133 499 5164 ς
537 5114 759 5168 verbum
805 5113 857 5168 in
901 5112 1067 5168 Israel
1093 5133 1105 5168 :
1130 5115 1272 5184 quod
1314 5116 1626 5186 quicunque
1669 5114 1926 5180 audierit,
1959 5114 2065 5170 tin—

483 5222 501 5254 ι
541 5205 693 5258 nicnt
726 5206 900 5260 ambae
930 5223 1092 5261 aures
1119 5207 1254 5278 eius.
1291 5227 1308 5258 ι
1337 5195 1449 5261 Hoc
1485 5207 1537 5260 in
1564 5206 1682 5261 loco
1715 5207 2067 5263 comminatio

479 5293 575 5347 Dei
615 5304 699 5350 est
727 5310 890 5365 super
921 5296 1059 5361 Heli,
1101 5306 1156 5352 et
1201 5313 1364 5368 super
1389 5296 1608 5351 domum
1636 5297 1752 5366 eius
1780 5315 1791 5350 :
1819 5313 1883 5352 eo
1923 5298 2067 5367 quod

479 5385 534 5440 in
561 5398 786 5456 peccato
809 5389 1038 5443 ﬁliorum
1071 5391 1186 5446 Heli
1213 5405 1339 5444 arca
1373 5390 1466 5444 Dei
1497 5400 1804 5457 caperetur,
1829 5400 1882 5446 et
1901 5391 2066 5447 Israel

480 5487 685 5542 rueret,
715 5481 914 5550 eteius
940 5482 1032 5537 ﬁlii
1079 5483 1385 5546 interirent,
1425 5490 1479 5536 ct
1510 5482 1701 5537 domus
1739 5482 1857 5538 Heli
1884 5500 2062 5540 sacer-

482 5568 631 5621 dotio
678 5571 871 5628 donms
911 5573 1124 5629 Domini
1167 5573 1500 5642 privaretur;
1539 5581 1596 5626 et
1633 5573 1702 5627 ob
1746 5574 1797 5629 id
1835 5573 2062 5642 factum,

479 5659 810 5716 audientium
842 5680 1001 5717 aures
1029 5663 1286 5718 tinnirent
1313 5676 1530 5732 stupore
1563 5664 1886 5719 vehementi.

557 5768 574 5799 ι
612 5751 794 5807 Crevit
817 5764 994 5808 autem
1025 5755 1264 5820 Samuel,
1291 5766 1343 5810 et
1383 5758 1642 5812 Dominus
1666 5767 1783 5823 erat
1823 5775 1944 5812 cum
1975 5777 2062 5824 eo,

487 5860 507 5900 ι
539 5850 593 5898 et
616 5859 723 5901 nou
759 5845 955 5902 cecidit
975 5861 1043 5901 ex
1073 5847 1323 5906 omnibus
1347 5850 1525 5906 verbis
1558 5849 1673 5924 eius
1699 5850 1753 5906 in
1785 5859 2006 5908 terram.
2040 5872 2058 5908 ›

2168 1993 2273 2048 Per
2302 1995 2562 2051 terminos
2587 2005 2746 2050 terrae
2768 1991 2968 2049 Iudaeae
2995 1994 3317 2064 descriptos,
3351 1994 3780 2049 universitatem

2167 2083 2341 2152 plebis
2389 2084 2596 2154 pariter
2653 2084 3085 2154 comprehendit.
3146 2084 3261 2140 Dan
3316 2084 3526 2140 viculus
3576 2092 3677 2140 est
3725 2085 3782 2139 in

2169 2183 2364 2244 quarto
2394 2175 2649 2230 milliario
2670 2191 2703 2230 a
2738 2175 2986 2231 Paneade
3021 2175 3274 2231 euntibus
3303 2175 3527 2247 Tyrum,
3553 2175 3660 2244 qui
3691 2189 3784 2230 us-

2170 2283 2276 2338 que
2311 2269 2471 2324 hodie
2499 2267 2767 2324 terminus
2795 2276 2878 2323 est
2906 2267 3106 2324 Iudaeae
3129 2267 3422 2337 provinciae
3449 2277 3654 2322 contra
3699 2281 3785 2322 εει

2167 2359 2554 2430 ptentrionem.
2586 2359 2662 2416 De
2683 2359 2872 2428 quoet
2897 2357 3148 2414 Iordanis
3175 2357 3375 2414 ﬂumen
3416 2373 3726 2427 erumpens
3754 2373 3784 2413 ι

2170 2449 2288 2507 loco
2323 2451 2550 2506 sortitus
2579 2458 2663 2506 est
2687 2465 2903 2505 nomen.
2931 2449 3201 2506 Bersabee
3225 2449 3475 2505 similiter
3504 2450 3670 2505 vicus
3701 2460 3786 2506 est

2170 2543 2226 2598 in
2260 2543 2404 2598 tribu
2434 2541 2586 2599 Iudae
2617 2543 2670 2598 in
2705 2543 2979 2599 tricesimo
3001 2542 3069 2598 ab
3097 2541 3315 2598 Hebron
3339 2542 3614 2601 milliario.
3647 2559 3784 2598 ver-

2175 2651 2308 2707 gens
2341 2637 2408 2691 ad
2457 2647 2724 2691 austrum.
2760 2657 2778 2687 ι
2805 2636 2872 2690 Ει
2911 2636 3094 2691 evenit
3117 2625 3300 2692 sermo
3329 2635 3597 2692 Samuelis
3645 2637 3781 2691 uni-

2170 2743 2328 2784 verso
2349 2729 2552 2784 lsraeli.
2588 2749 2606 2782 ›
2649 2727 2842 2784 Sermo
2870 2728 3015 2784 enim
3061 2728 3180 2799 eius
3224 2727 3328 2784 fuit
3357 2729 3424 2783 ad
3449 2729 3782 2784 universum

2169 2819 2356 2885 Israel,
2384 2821 2527 2890 quod
2555 2820 2888 2890 percutiendi
2912 2829 3097 2876 essent
3125 2835 3156 2874 a
3185 2819 3516 2876 Philisthzeis
3541 2829 3784 2891 propter

2170 2921 2391 2983 peccata
2427 2913 2660 2968 ﬁliorum
2690 2911 2830 2967 Heli.
2877 2911 2945 2966 Et
2984 2913 3088 2968 hoc
3115 2927 3181 2968 ex
3212 2913 3393 2968 divina
3435 2912 3781 2968 revelatione

2171 3002 2505 3058 clarescehat
2533 3003 2636 3059 sibi
2677 3003 2845 3060 fuisse
2877 3003 3200 3069 revelatum,
3233 3003 3376 3058 sicut
3407 3003 3484 3058 rei
3512 3003 3780 3074 probavit

2172 3103 2416 3158 eventus,
2451 3106 2505 3149 et
2535 3095 2657 3150 ideo
2687 3109 2848 3151 verus
2873 3095 3136 3166 propheta
3166 3094 3583 3167 praedicabatur.

2763 3227 2992 3284 CAPUT
3028 3226 3120 3282 IV.

2210 3407 2214 3409 .
2246 3381 2264 3415 ι
2303 3362 2565 3434 Egressus
2589 3371 2674 3417 est
2719 3376 2954 3432 namque
2996 3361 3162 3417 Israel
3188 3363 3404 3420 obviam
3433 3362 3772 3420 Philisthiim

2123 3463 2126 3466 ’
2178 3474 2196 3506 ι
2234 3455 2288 3510 in
2314 3453 2584 3525 przelium,
2612 3461 2668 3509 et
2685 3462 3106 3510 castrametatus
3133 3463 3218 3516 est
3231 3453 3389 3525 iuxta
3417 3455 3653 3526 lapidem
3676 3458 3774 3512 ad—

2175 3566 2194 3599 i
2223 3545 2433 3616 iutorii.
2461 3545 2634 3601 Porro
2650 3545 2980 3602 Philisthiim
3001 3556 3268 3604 venerunt
3287 3548 3342 3604 in
3364 3547 3572 3618 Aphec,
3606 3558 3663 3604 et
3688 3551 3774 3605 in-

2176 3660 2195 3692 ι
2229 3647 2546 3695 struxerunt
2573 3638 2747 3694 aciem
2774 3646 2964 3694 contra
2993 3639 3177 3695 Israel.
3205 3639 3344 3696 Inito
3371 3649 3556 3696 autem
3582 3649 3794 3696 certat

2176 3747 2195 3779 ί
2230 3727 2400 3794 mine,
2426 3736 2577 3800 terga
2613 3727 2779 3782 vertit
2819 3727 2990 3784 Israel
3009 3727 3360 3792 Pbilisthaais.
3384 3737 3440 3785 et
3464 3725 3608 3786 casa
3639 3741 3774 3786 sunt

2175 3838 2194 3871 ι
2231 3821 2286 3874 iu
2317 3818 2409 3875 illo
2449 3817 2746 3875 certamine
2773 3819 2971 3889 passim
3011 3834 3111 3890 per
3139 3834 3319 3890 agros,
3345 3821 3504 3892 quasi
3527 3829 3773 3891 quatuor

2175 3931 2194 3963 ι
2226 3910 2394 3966 millia
2429 3912 2690 3967 virorum.
2722 3931 2739 3962 ›
2767 3910 2925 3966 Patet
2941 3910 3096 3982 juxta
3119 3910 3360 3967 litteram
3396 3927 3614 3980 sensus,
3641 3913 3772 3982 quia

2171 4000 2277 4056 ista
2305 4011 2528 4072 propter
2555 4011 2780 4072 peccata
2807 3999 3190 4058 ﬁliorumHeli
3214 4003 3456 4072 perpessi
3504 4011 3635 4058 sunt
3669 4003 3770 4059 ﬁlii

2170 4093 2358 4149 Israel.
2386 4093 2542 4150 Unde
2567 4095 2720 4172 bene.
2736 4093 2923 4164 Aphec
2950 4093 3104 4163 furor
3132 4109 3315 4159 novus,
3341 4094 3457 4149 sive
3482 4095 3771 4165 apprehen-

2171 4185 2301 4240 dens
2331 4186 2745 4258 interpretatur,
2785 4185 2930 4258 quod
2976 4185 3173 4243 merito
3194 4186 3451 4242 convenit
3489 4186 3654 4242 rebus
3679 4200 3771 4255 εει

2173 4280 2294 4336 stis.
2327 4278 2430 4348 Qui
2459 4280 2608 4336 enim
2634 4280 2774 4336 iram
2817 4279 3031 4334 Domini
3073 4287 3397 4356 meruerunt
3419 4278 3490 4334 ab
3519 4278 3770 4335 hostibus

2173 4369 2500 4441 apprehensi
2537 4377 2682 4426 sunt.
2716 4369 2917 4426 Verum
2944 4367 3100 4439 juxta
3127 4384 3412 4441 anagogen
3437 4369 3570 4439 quid
3596 4369 3770 4440 signi-

2174 4461 2321 4529 ﬁcet,
2350 4462 2593 4517 breviter
2619 4461 3012 4518 enucleandum
3041 4462 3332 4529 est.Porro
3351 4461 3542 4528 Israel,
3566 4461 3659 4531 qui
3687 4461 3771 4516 in-

2175 4565 2504 4626 terpretatur
2531 4556 2611 4611 vir
2632 4556 2809 4611 videns
2845 4555 3008 4612 Deum
3037 4558 3150 4612 sive
3175 4557 3328 4626 [ortis
3357 4573 3476 4614 cum
3517 4554 3654 4621 Deo,
3695 4555 3770 4610 si—

2173 4649 2396 4718 gniﬁcat
2449 4648 2730 4706 credentes
2778 4648 2833 4703 in
2879 4649 3047 4704 Deum
3075 4689 3090 4714 ,
3120 4647 3449 4704 Philistbiim
3476 4662 3631 4712 vero,
3674 4646 3766 4717 qui

2173 4740 2603 4810 interpretantur
2659 4739 2900 4795 cadentes
2945 4739 3167 4810 poculo,
3213 4739 3524 4795 immundos
3561 4736 3769 4809 signiﬁ-

2172 4843 2302 4890 cant
2327 4835 2569 4904 spiritus,
2610 4833 2701 4903 qui
2738 4831 2930 4911 poculo
2960 4832 3228 4902 superbia:
3258 4831 3539 4896 inebriati,
3566 4841 3625 4886 et
3665 4830 3767 4901 ipsi

2174 4928 2239 4983 de
2266 4926 2580 4983 coelestibus
2625 4926 2967 4990 ceciderunt,
2999 4933 3054 4980 et
3087 4924 3289 4979 multos
3316 4923 3563 4994 quotidie
3592 4923 3768 4978 homi-

2170 5035 2301 5075 num
2324 5028 2636 5091 pervertere
2672 5019 2950 5084 festinaut,
2993 5019 3186 5088 poculo
3214 5032 3312 5074 suo
3341 5015 3583 5072 malitia.
3616 5015 3762 5073 Con-

2175 5118 2260 5164 tra
2297 5126 2433 5180 quos
2464 5111 2650 5177 Israel,
2698 5109 2884 5167 ﬁdeles
2924 5111 3152 5174 scilicet,
3199 5125 3267 5165 ne
3291 5109 3424 5164 victi
3468 5108 3764 5164 immundis

2174 5202 2456 5273 spiritibus
2477 5206 2692 5268 cedant,
2725 5203 2822 5258 sed
2850 5211 2911 5258 ut
2938 5216 3197 5272 superare
3221 5200 3453 5279 possint,
3481 5198 3642 5270 iuxta
3687 5197 3764 5254 la-

2176 5294 2354 5366 pidem
2385 5295 2636 5366 adiutorii
2679 5303 3158 5351 castrametantur.
3185 5295 3347 5366 Lapis
3375 5294 3522 5350 enim
3553 5293 3763 5364 adiutoo

2178 5386 2276 5441 riis
2319 5387 2491 5459 legem
2532 5387 2806 5458 signiﬁcat
2850 5388 3074 5452 Christi,
3105 5389 3196 5443 ubi
3242 5387 3378 5458 lapis
3407 5401 3572 5442 verus
3601 5386 3764 5441 Chri-

2175 5491 2293 5537 stus
2347 5482 2650 5548 invenitur,
2703 5483 2770 5538 de
2819 5496 2928 5551 quo
2987 5482 3250 5551 scriptum
3297 5489 3419 5536 est:
3452 5500 3470 5531 ι
3501 5479 3761 5549 Lapidem

2173 5587 2332 5641 quem
2359 5572 3133 5643 reprobaveruutaediﬁcantes
3163 5569 3336 5643 (Psal.
3358 5586 3536 5637 cxvn;
3565 5568 3756 5625 Matth.
3789 5615 3794 5620 .

2173 5670 2316 5735 xxi),
2350 5685 2368 5717 ι
2399 5675 2503 5720 etc.
2535 5665 2692 5720 Juxta
2735 5681 2893 5734 quem
2944 5673 3227 5718 morantur
3257 5662 3463 5727 ﬁdeles,
3497 5671 3558 5716 ut
3603 5661 3790 5717 Chri-.

2175 5769 2317 5815 stum
2365 5761 2610 5816 invenire
2655 5761 2892 5831 possint,
2958 5774 3022 5813 ac
3067 5760 3279 5824 dicere,
3335 5778 3352 5808 ι
3385 5758 3451 5812 Et
3501 5758 3660 5812 nobis
3703 5758 3755 5812 in

2175 5852 2406 5922 lapidem
2440 5857 2689 5923 adiutorii
2716 5871 2729 5920 ;
2771 5865 2824 5909 et
2853 5854 2906 5908 in
2938 5860 3148 5919 petram
3180 5851 3393 5924 refugii.
3426 5870 3444 5906 ο
3478 5849 3547 5912 Et
3581 5849 3712 5910 illud
3736 5889 3755 5922 ι
