3970 6332
145 450 255 503 Ξδι

1081 449 1338 499 hmanh.
1381 451 1446 498 IN
1489 452 1735 499 ιιιδιιυδ
1772 450 2036 502 Imbuat.
2076 478 2149 491 -
2186 451 2250 503 IN
2291 450 2418 506 LIB.
2457 451 2498 506 Ι.

3327 461 3435 521 989

152 582 174 614 ‹
206 562 554 632 Adjutorium
617 569 857 616 nostrum
914 559 969 614 in
1021 559 1238 614 nomine
1293 558 1508 614 Domini
1555 556 1739 630 (Paul.
1771 561 1825 623 Α
1847 563 2152 617 cerdotium
2179 562 2484 620 Judzeorum
2519 565 2760 623 funditus
2790 567 2952 624 ﬁnem
2978 573 3206 644 accepit,
3231 582 3288 630 et
3317 577 3434 631 exi-

145 655 375 728 cxxui).
411 674 429 706 ι
478 653 586 710 Sed
613 655 740 709 dum
780 653 880 724 ipsi
911 653 1068 724 juxta
1101 653 1334 724 lapidem
1359 662 1664 718 versantur,
1694 653 1748 707 id
1848 655 2100 722 gentibus
2144 659 2381 726 peccatis
2419 659 2844 716 exterminatum
2873 671 2974 730 est,
3020 675 3076 720 et
3113 664 3214 736 ipsi
3252 683 3432 724 sacer-

147 755 262 810 est,
284 745 617 800 meditantur
641 746 694 799 in
721 744 836 814 lege
860 743 1072 798 Domini
1095 743 1182 798 die
1203 759 1267 797 ac
1291 753 1469 808 nocte,
1497 752 1554 796 ut
1577 743 1749 797 salva-

148 845 336 890 torem
374 835 605 904 amplius
654 835 897 890 invenire
940 834 1155 889 valeant
1199 835 1523 905 adjutorem,
1574 833 1743 889 Phili-

1847 747 1999 803 dotes
2027 764 2058 802 a
2089 750 2338 819 gentibus
2362 751 2632 808 interfecti
2662 763 2806 810 sunt.
2834 754 2972 812 Hinc
3003 757 3070 811 ad
3094 758 3432 817 Ezechielem

1846 836 2106 894 Dominus
2129 840 2202 892 ait
2228 858 2242 894 :
2269 861 2286 891 ι
2317 840 2385 894 Ει
2411 852 2488 907 tu,
2508 842 2581 897 ﬁli
2613 844 2865 909 hominis,
2893 861 3046 901 sume
3073 847 3168 902 tibi
3195 849 3432 919 gladium

146 929 349 982 sthiim
382 927 436 982 in
467 927 653 996 Aphec
679 927 920 992 veniunt,
951 935 1002 980 et
1028 928 1199 981 aciem
1234 935 1423 982 contra
1466 927 1632 982 Israel
1671 929 1748 982 in-
1846 939 2062 984 acutum
2103 933 2378 988 radentem
2409 935 2570 1004 pilos,
2609 944 2665 992 et
2718 953 2966 996 assumas
2999 956 3123 995 eum
3171 950 3226 996 et
3266 943 3432 1000 duces

145 1029 397 1075 struunt.
422 1019 607 1089 Aphee
635 1019 834 1090 quippe
862 1019 1014 1088 furor
1043 1036 1205 1074 novus
1241 1019 1648 1090 interpretatur.
1676 1021 1744 1075 Et

145 1112 292 1166 bene
335 1110 487 1165 furor
517 1125 686 1166 novus
735 1111 1144 1180 interpretatur,
1192 1111 1317 1181 quia
1358 1127 1465 1182 quo
1511 1113 1744 1182 amplius

143 1203 342 1258 ﬁdeles
402 1203 664 1258 immundi
720 1203 946 1274 spiritus
1003 1202 1169 1257 divini
1227 1202 1432 1274 legibus
1490 1204 1742 1259 insistere

143 1297 518 1366 conspiciunt,
549 1305 603 1351 et
649 1311 799 1367 spem
848 1313 1000 1352 suam
1034 1297 1088 1351 in
1127 1296 1401 1353 Christum
1452 1298 1740 1366 collocare,

142 1403 216 1443 eo
244 1390 460 1444 acriora
489 1404 554 1444 ac
580 1405 718 1445 nova
748 1389 1044 1445 certamina
1077 1389 1199 1446 felle
1238 1405 1350 1445 suae
1390 1391 1609 1446 malitiae
1641 1392 1740 1446 ab-

139 1480 255 1533 acti
275 1489 601 1535 construere
628 1495 733 1534 non
757 1488 994 1536 cessant.
1022 1479 1174 1536 Unde
1201 1480 1398 1535 multos
1427 1482 1516 1550 qui
1548 1482 1600 1536 in
1629 1483 1742 1538 suis

136 1572 446 1627 virtutibus
479 1571 780 1637 conﬁdunt,
830 1582 887 1627 et
931 1573 984 1627 in
1038 1572 1271 1626 humana
1321 1573 1580 1642 sapientia
1625 1574 1740 1644 glo-

137 1663 384 1729 riantur,
411 1671 502 1718 aut
530 1662 704 1733 legem
732 1663 916 1734 (prout
945 1661 1117 1717 Judaei
1144 1664 1408 1735 sentiunt)
1443 1664 1739 1720 carnaliter

134 1756 397 1826 accipere
438 1755 686 1827 cupiunt,
722 1764 777 1810 et
807 1755 1042 1826 gratiam
1080 1757 1356 1826 Evangelii
1387 1767 1736 1813 contemnere

133 1863 248 1902 non
293 1856 565 1912 metuunt,
597 1847 862 1902 immundi
913 1847 1138 1917 spiritus
1168 1847 1326 1903 facile
1357 1858 1731 1918 prosternunt.

1843 1037 1940 1092 per
1969 1032 2130 1092 caput
2170 1035 2319 1078 tuum
2367 1034 2422 1079 et
2457 1027 2684 1082 barbam
2731 1035 2873 1082 tuam
2917 1028 3134 1101 (Bacch.
3157 1031 3234 1103 v),
3263 1052 3283 1085 ι
3319 1042 3427 1088 etc.

1844 1114 1982 1181 Quid
2011 1130 2107 1184 per
2131 1115 2366 1186 gladium
2412 1128 2651 1185 acutum,
2681 1120 2784 1174 nisi
2823 1123 3180 1176 vastationem
3216 1125 3428 1195 signiﬁ-

1843 1207 2272 1275 catJudworum,
2297 1226 2416 1278 qua:
2443 1212 2542 1265 sub
2569 1210 2904 1282 Vespasiano
2927 1221 2981 1267 et
3001 1213 3126 1289 Tito
3147 1213 3286 1269 facta
3308 1215 3430 1271 est?

1843 1300 1981 1368 Quid
2011 1315 2141 1355 vero
2176 1316 2272 1371 per
2299 1302 2577 1357 etesariem
2607 1303 2802 1372 capitis
2827 1313 2881 1358 et
2907 1302 3152 1369 barbam,
3187 1306 3291 1360 nisi
3316 1322 3430 1360 om-

1841 1407 1965 1446 nem
1996 1392 2461 1463 jpulchritudinem
2503 1401 2560 1449 et
2588 1393 2907 1462 virilitatem
2957 1395 3198 1465 ejusdem
3245 1398 3428 1468 populi

1841 1483 2219 1538 demonstrat?
2249 1485 2378 1552 Quae
2419 1486 2600 1541 omnia
2647 1485 2814 1542 Judzei
2862 1489 3191 1556 amittentes,
3227 1471 3428 1560 quique

1839 1590 1906 1631 ex
1939 1576 2071 1647 ipsis
2102 1577 2244 1631 fame
2278 1593 2341 1633 ac
2369 1579 2677 1648 pestilentia
2712 1588 2767 1634 et
2812 1580 2990 1651 gladio
3027 1591 3425 1651 remanserunt,

1839 1667 1939 1721 sub
1968 1666 2139 1738 ﬁgura
2184 1669 2504 1738 capillorum
2547 1669 2602 1724 in
2651 1674 2862 1726 cunctis
2890 1673 3140 1748 gentibus
3177 1674 3328 1743 quasi
3370 1675 3426 1729 in

1838 1772 2055 1812 omnem
2102 1767 2325 1813 ventum
2376 1761 2608 1831 dispersi
2664 1770 2809 1817 sunt.
2862 1763 2929 1816 Et
2988 1773 3046 1816 nt
3087 1763 3427 1822 manifestius

1831 1851 1987 1922 juxta
2036 1848 2371 1918 superiorem
2421 1849 2827 1920 intelligentiam
2879 1851 3230 1922 intelligatur,
3277 1853 3426 1908 dica-

133 1939 276 1994 Nam
303 1940 594 2010 sequitur:
623 1957 641 1990 ‹
671 1939 808 1995 Inito
847 1949 1027 1996 autem
1061 1941 1380 2006 certamine,
1400 1952 1550 2012 terga
1575 1943 1734 1998 vertit
1767 1937 1811 1998 Β
1838 1954 1959 1994 mus
2003 1938 2180 1994 aliter.
2228 1939 2321 1994 Ait
2375 1939 2519 1995 enim
2552 1959 2565 1994 :
2595 1961 2614 1992 ι
2645 1941 2712 1995 Et
2741 1951 2822 2008 tu,
2849 1941 2920 1996 ﬁli
2970 1943 3227 2010 hominis,
3271 1958 3426 1999 sunto

138 2033 357 2089 «Israel
400 2032 746 2098 Philisthzeis,
775 2043 830 2088 et
877 2049 1014 2089 caesa
1039 2045 1164 2090 sunt
1209 2035 1391 2091 inillo
1427 2037 1728 2093 certamine

127 2126 344 2197 passim
384 2141 482 2196 per
507 2140 696 2197 agros,
739 2125 893 2194 quasi
943 2134 1172 2194 quatuor
1209 2126 1374 2181 millia
1409 2128 1670 2182 virorum.
1703 2148 1722 2181 ι

128 2218 385 2286 Quatuor
413 2219 557 2273 enim
584 2218 685 2272 ista
716 2217 884 2272 millia
913 2217 1151 2273 virorum
1180 2219 1232 2273 in
1273 2226 1573 2276 certamine
1601 2221 1730 2276 Phi-

126 2308 449 2364 listinorum
496 2325 603 2378 quo
640 2309 921 2379 congressi
971 2318 1097 2365 sunt
1126 2309 1220 2364 ﬁlii
1261 2311 1449 2377 Israel,
1480 2313 1730 2368 videlicet

125 2403 426 2458 credentes
452 2418 520 2457 ex
549 2402 819 2472 primitiva
844 2402 1106 2469 Ecclesia,
1129 2404 1426 2473 perierunt,
1463 2405 1538 2459 illi
1570 2406 1728 2462 intel-

125 2495 378 2565 liguntur
423 2494 514 2564 qui
545 2503 778 2564 quatuor
805 2493 1094 2565 Evangelia
1138 2495 1380 2565 recipere
1415 2497 1722 2552 noluerunt.

212 2606 231 2639 ι
267 2587 411 2642 Misit
439 2601 567 2658 ergo
586 2587 816 2657 populus
855 2588 909 2642 in
940 2588 1071 2654 Silo,
1117 2597 1172 2643 et
1204 2589 1443 2644 tulerunt
1480 2591 1603 2646 inde
1633 2607 1724 2645 ar-

126 2698 148 2731 ι
193 2694 322 2736 cam
363 2679 584 2735 fmderis
625 2679 839 2734 Domini
883 2680 1238 2746 exercituum,
1283 2683 1520 2737 sedentis
1564 2699 1726 2754 super

125 2794 144 2826 ι
179 2771 504 2828 Cherubim.
539 2771 602 2826 Et
635 2780 1004 2841 cognoverunt
1041 2771 1366 2828 Philisthiim
1416 2773 1557 2844 quod
1599 2791 1724 2830 arca

126 2885 148 2919 ι
189 2863 408 2920 Domini
424 2865 657 2920 venisset
681 2864 733 2918 in
749 2873 950 2919 castra.
973 2865 1422 2934 'l‘imueruntque,
1440 2867 1682 2922 dicentes
1707 2884 1719 2921 :

127 2975 148 3008 ι
189 2955 356 3011 Venit
403 2956 546 3011 Deus
591 2955 646 3009 in
698 2963 897 3011 castra.
946 2975 964 3006 ›
1033 2954 1173 3010 Area
1225 2957 1368 3011 enim
1421 2973 1580 3025 quam
1627 2958 1720 3012 lilii

119 3051 294 3107 Israel
333 3051 402 3106 de
437 3049 550 3106 Silo
593 3051 646 3103 in
691 3049 934 3119 praelium
963 3049 1215 3112 tulerunt,
1247 3050 1350 3105 duo
1378 3049 1722 3106 Testamenta

121 3143 425 3210 signiﬁcat,
458 3159 576 3214 qua:
604 3142 788 3197 ﬁdeles
826 3158 892 3198 ex
931 3141 1156 3198 Judaico
1196 3144 1393 3214 popqu
1441 3146 1506 3201 ad
1537 3156 1722 3218 gentes

122 3234 546 3290 transtulerunt.
598 3232 728 3302 Quae
777 3234 913 3289 bene
967 3235 1165 3289 dicitur
1207 3255 1224 3287 ι
1258 3236 1470 3290 Domini
1519 3239 1722 3293 exerci-

1838 2030 1932 2085 tibi
1962 2028 2198 2100 gladium
2243 2039 2458 2084 acutum
2504 2031 2782 2087 radentem
2839 2032 2998 2104 pilos,
3031 2055 3050 2086 »
3081 2044 3185 2089 etc.
3225 2034 3282 2088 In
3320 2034 3423 2091 hoc

1833 2141 2066 2195 namque
2093 2125 2237 2180 facto
2258 2126 2524 2194 judicium
2551 2128 2930 2199 Redemptoris
2957 2130 3305 2202 exprimitur,
3325 2130 3421 2201 qui

1833 2215 1887 2270 in
1913 2231 2078 2270 carne
2109 2231 2376 2286 apparens
2399 2227 2561 2288 caput
2585 2219 2740 2284 rasit,
2764 2220 2888 2289 quia
2915 2218 3142 2275 Judaico
3171 2221 3424 2277 sacerdo-

1833 2308 1909 2363 tio
1939 2321 2335 2380 praeceptorum
2368 2327 2590 2367 suorum
2619 2323 2959 2370 sacramenta
3001 2316 3240 2370 abstulit.
3269 2315 3423 2372 Unde

1829 2414 1929 2469 per
1954 2399 2164 2456 decisos
2192 2402 2434 2472 capillos,
2475 2413 2940 2459 sacramentorum
2985 2406 3421 2477 subtilitas;per

1831 2501 1992 2561 caput
2028 2507 2178 2559 vero,
2234 2509 2446 2549 summa
2486 2496 2776 2551 sacerdotii
2809 2497 3144 2568 designatur.
3186 2499 3422 2556 Barbam

1830 2583 1984 2646 rasit,
2017 2584 2145 2652 quia
2181 2600 2408 2655 regnum
2447 2587 2804 2643 Israeliticum
2835 2589 3115 2657 deserens,
3164 2590 3418 2646 decorem

1829 2675 2043 2730 virtutis
2077 2680 2394 2747 amputavit.

1905 2786 1922 2816 ‹
1955 2766 2191 2823 Cui-rens
2235 2780 2413 2825 autem
2442 2771 2525 2824 vir
2572 2771 2638 2826 de
2676 2772 2976 2843 Benjamin,
3026 2775 3102 2828 ait
3149 2774 3215 2828 ad
3256 2773 3415 2829 Heli:

1834 2877 1852 2910 ‹
1886 2859 2046 2929 Fugit
2067 2860 2232 2915 Israel
2257 2879 2440 2916 coram
2471 2862 2822 2929 Philisthiim,
2848 2874 2901 2918 et
2931 2867 3086 2919 ruina
3117 2881 3312 2936 magna
3337 2865 3418 2921 fa-

1835 2968 1853 3001 c
1889 2959 1974 3005 cta
1998 2961 2082 3006 est
2121 2952 2174 3005 in
2225 2953 2440 3024 populo.
2476 2955 2700 3025 Insuper
2723 2965 2778 3010 et
2827 2957 2932 3011 duo
2974 2957 3066 3012 ﬁlii
3101 2959 3176 3012 tui
3217 2959 3418 3014 mortui

1833 3061 1852 3095 ι
1889 3055 2037 3110 sunt,
2081 3045 2256 3114 Ophni
2303 3055 2358 3100 ct
2407 3045 2678 3115 Phinees;
2721 3057 2775 3103 et
2813 3063 2940 3103 arca
2969 3049 3062 3103 Dei
3099 3058 3254 3119 capta
3309 3057 3414 3105 est.

1833 3158 1850 3189 (
1881 3137 2123 3206 Cumque
2168 3138 2258 3193 ille
2309 3140 2644 3196 nominasset
2690 3157 2871 3195 arcam
2922 3140 3059 3205 Dei,
3111 3141 3304 3196 cecidit
3351 3141 3417 3197 de

1833 3250 1850 3282 ε
1885 3230 2018 3286 sella
2045 3238 2340 3285 retrorsum
2356 3229 2510 3299 juxta
2539 3233 2759 3297 ostium,
2779 3240 2852 3298 et,
2881 3231 3068 3288 fractis
3088 3232 3412 3299 cervicibus,

126 3349 146 3381 ι
187 3339 348 3384 tuum
373 3327 610 3382 sedentis
639 3341 800 3395 super
839 3326 1156 3382 Cherubim.
1192 3346 1210 3378 ι
1242 3327 1536 3382 Cherubim
1568 3345 1719 3384 nam-
1747 3325 1793 3389 C
1831 3341 1848 3374 ι
1891 3331 2136 3377 mortuus
2165 3331 2268 3377 est.
2301 3342 2317 3373 ι
2356 3321 2510 3376 Sicut
2536 3323 2783 3394 superius
2810 3338 2957 3378 mors
2988 3324 3218 3378 filiorum
3251 3322 3416 3378 ﬁnem

120 3436 234 3491 que
267 3419 541 3489 plenitudo
567 3419 796 3472 scientia:
833 3417 1242 3488 interpretatur,
1277 3433 1398 3488 quae
1426 3418 1479 3472 in
1511 3419 1719 3475 duobus

121 3507 498 3566 Testamentis
533 3507 823 3573 invenitur,
848 3522 1157 3578 quanquam
1198 3506 1266 3561 ad
1311 3507 1585 3564 Christum
1635 3526 1722 3566 re-

122 3603 259 3658 ferri
289 3601 482 3673 possit,
512 3601 564 3654 in
591 3615 696 3670 quo
721 3608 847 3654 sunt
875 3614 1062 3654 omnes
1087 3599 1325 3654 thesauri
1365 3600 1644 3670 sapientiae
1665 3611 1720 3658 et

122 3693 368 3750 scientia:
399 3691 662 3748 reconditi
695 3690 830 3761 (Col.
855 3690 937 3760 ιι).
968 3691 1098 3758 Qute
1128 3690 1456 3746 Philisthiim
1491 3693 1717 3748 audien-

124 3796 232 3850 tes,
251 3785 506 3840 videlicet
524 3784 796 3854 sapientes
819 3783 975 3838 istius
1005 3782 1212 3848 smculi,
1227 3797 1320 3838 seu
1337 3784 1435 3852 ipsi
1454 3785 1717 3842 immundi

122 3877 352 3948 Spiritus
377 3876 468 3947 (de
491 3876 686 3946 quibus
724 3874 972 3945 superius
997 3875 1252 3946 diximus)
1284 3885 1713 3954 extremuerunt,

123 3970 334 4026 scilicet
383 3970 510 4039 quia
553 3976 836 4039 coeperunt
879 3967 1126 4036 Apostoli
1175 3968 1356 4022 verbis
1394 3968 1601 4037 pluere,
1649 3985 1716 4025 ex

120 4063 355 4120 scientia
379 4062 659 4131 utriusque
682 4060 1014 4114 Testameuti
1043 4059 1317 4115 miraculis
1331 4076 1637 4126 coruscare,
1659 4072 1718 4117 et

119 4156 281 4228 quasi
312 4155 548 4210 tonitrua
577 4155 842 4218 intonare,
889 4171 908 4204 ι
944 4153 1182 4207 clamore
1209 4152 1420 4223 grandi,
1455 4161 1507 4208 et
1529 4169 1716 4224 perso-

123 4269 142 4302 ι
175 4249 300 4304 nuit
326 4255 470 4302 terra
499 4265 519 4298 ›
544 4261 574 4300 a
597 4259 729 4299 voce
757 4243 1157 4314 praedicationis
1185 4241 1326 4314 (Act.
1352 4243 1436 4314 ιι),
1463 4254 1517 4298 et
1539 4245 1714 4300 credi-

117 4339 325 4395 derunt
354 4351 414 4392 se
445 4336 800 4406 superandos.

196 4449 216 4483 ι
253 4431 741 4502 Ingemueruntque
771 4427 1012 4482 dicentes
1039 4445 1051 4482 :
1079 4426 1172 4483 Va:
1195 4428 1382 4484 nobis!
1415 4420 1714 4483 Non'enim

119 4540 143 4575 ι
175 4517 286 4574 fuit
316 4527 467 4572 tanta
491 4516 780 4571 exsultatio
817 4516 933 4571 heri
964 4525 1019 4570 et
1046 4517 1458 4573 nudiustertius.
1495 4516 1587 4572 Vae
1620 4532 1714 4571 no-

121 4633 142 4666 ι
179 4611 301 4667 bis!
337 4592 469 4676 Quis
501 4623 598 4664 nos
622 4607 849 4686 salvabit
871 4608 936 4661 de
961 4623 1119 4661 manu
1149 4609 1372 4664 deorum
1401 4609 1712 4665 sublimium

1823 3413 2095 3484 significat
2133 3414 2425 3468 sacerdotii
2451 3413 2782 3478 Iudaeorum,
2815 3423 2891 3468 ita
2919 3415 2971 3468 in
2994 3414 3099 3469 hoc
3127 3415 3247 3468 loco
3269 3427 3416 3468 mors

1823 3506 1995 3576 patris
2023 3505 2272 3576 designat
2297 3505 2670 3575 pontiﬁcatum
2697 3504 3006 3561 Iudaeorum
3049 3503 3414 3575 irreparabili.

1824 3611 1906 3654 ter
1932 3606 2286 3668 prostratmn,
2337 3598 2630 3667 sedemque
2673 3597 2874 3653 habere
2917 3612 3164 3661 vacuam,
3195 3604 3251 3650 et
3295 3594 3412 3667 glo-

1820 3691 1956 3744 riam
1988 3688 2279 3756 sacerdotii
2327 3688 2586 3757 regnique
2607 3688 2956 3751 exstinctam,
2991 3688 3131 3742 sicut
3163 3685 3414 3756 superius

1819 3780 1980 3852 paulo
2021 3781 2236 3850 plenius
2265 3780 2514 3850 exemplo
2544 3781 2960 3836 ineulcavimus.
3004 3780 3070 3834 Et
3109 3780 3212 3834 hoc
3239 3778 3415 3833 estde

1820 3873 1947 3929 sella
1975 3882 2271 3929 retrorsum
2302 3874 2565 3928 cecidisse
2589 3883 2642 3930 et
2689 3883 2960 3929 mortuum
2999 3887 3141 3928 esse.
3173 3870 3414 3940 Denique

1819 3976 1944 4038 post
1985 3968 2315 4022 exstinctum
2368 3968 2731 4022 sacerdotium
2781 3982 2848 4022 ac
2910 3966 3101 4039 sedem
3147 3973 3413 4019 vastatam

1818 4058 2162 4128 pontificatus
2211 4056 2540 4124 .Iudteorum,
2594 4057 2830 4114 carnalis
2877 4057 3041 4111 etiam
3097 4054 3410 4128 Synagoga.

1818 4151 2108 4208 earnaliter
2147 4151 2219 4205 illi
2253 4153 2562 4216 adluerens,
2613 4167 2740 4207 mox
2771 4151 2996 4206 interiit.
3031 4147 3110 4202 De
3145 4147 3300 4218 cujus
3339 4148 3414 4203 si-

1816 4244 2161 4317 gniﬁcatione
2191 4241 2534 4312 subjungitur
2567 4257 2581 4296 :
3100 4313 3103 4316 _

1892 4357 1911 4388 ι
1949 4335 2126 4390 Nurus
2157 4345 2336 4390 autem
2359 4333 2497 4404 ejus,
2529 4349 2666 4389 uxor
2705 4332 2958 4398 Phinees,
2988 4345 3272 4404 praegnans
3295 4336 3416 4385 erat

1822 4450 1839 4481 ε
1879 4430 2163 4498 vicinaque
2191 4429 2391 4498 partui.
2429 4427 2493 4481 Et
2521 4427 2706 4481 audito
2741 4425 2930 4480 nuntio
2968 4424 3110 4494 quod
3140 4432 3296 4493 capta
3323 4435 3411 4476 es-

1821 4540 1839 4572 ‹
1876 4527 1958 4574 set
1987 4534 2115 4574 arca
2159 4518 2274 4584 Dei,
2309 4526 2364 4572 et
2409 4525 2655 4572 mortuus
2695 4527 2839 4572 esset
2882 4531 3038 4571 socer
3081 4529 3212 4569 suus
3241 4521 3296 4568 et
3330 4512 3414 4567 vir

1769 4640 1778 4647 -
1824 4633 1841 4665 ι
1879 4627 2030 4676 suus,
2076 4611 2382 4664 incurvavit
2417 4625 2474 4664 se
2509 4618 2563 4663 et
2608 4609 2838 4680 peperit.
2865 4607 3143 4662 Irrnerant
3183 4604 3327 4660 enim
3356 4604 3412 4658 in

120 4725 140 4757 ι
177 4687 457 4758 istorum?
485 4700 868 4770 Pugnaveruut
902 4715 1030 4771 ergo
1059 4697 1408 4766 Philisthiim,
1451 4710 1505 4755 et
1546 4715 1720 4776 caesus
1742 4693 1794 4754 D
1825 4722 1844 4755 ι
1882 4718 2002 4757 eam
2036 4702 2249 4755 dolores
2275 4701 2436 4754 subiti
2463 4740 2477 4764 ,
2510 4701 2561 4754 in
2598 4701 2716 4769 ipso
2749 4708 2929 4753 autem
2967 4705 3242 4752 momento
3268 4711 3412 4750 mor—

119 4816 140 4847 ι
177 4805 266 4850 est
290 4793 494 4858 Israel,
534 4801 587 4847 et
626 4791 762 4862 fugit.
799 4795 1171 4864 unusquisque
1210 4794 1264 4848 in
1303 4794 1712 4848 tabernaculum

118 4909 137 4940 ι
175 4901 364 4942 suum.
396 4906 415 4937 ι
450 4885 517 4939 Et
539 4885 625 4939 hic
668 4884 810 4938 enim
852 4885 903 4940 iu
948 4887 1051 4942 hoc
1093 4888 1237 4957 quod
1275 4888 1342 4942 ab
1395 4887 1714 4958 alienigenis

111 4993 246 5033 arca
277 4984 437 5046 capta
459 4975 681 5041 dicitur,
727 4977 1108 5048 praeﬁgurabat
1135 4995 1165 5032 a
1191 4979 1443 5050 gentibus
1469 4979 1576 5033 duo
1611 4977 1714 5032 Te—

111 5079 396 5130 stamenta
423 5071 731 5141 accipienda
757 5087 900 5139 esse,
933 5088 1053 5142 qua:
1080 5088 1179 5144 per
1207 5089 1391 5129 arcam
1414 5071 1712 5145 signiﬁcari

110 5165 380 5219 diximus.

193 5275 212 5306 ι
249 5255 368 5309 Duo
389 5269 601 5324 quoque
628 5254 721 5308 ﬁlii
759 5253 876 5310 Heli
903 5255 1102 5309 mortui
1130 5263 1275 5320 sunt,
1307 5253 1483 5324 Ophni
1503 5266 1554 5310 et
1581 5255 1713 5310 Phi-

117 5367 135 5398 ε
174 5362 333 5402 nees.
382 5365 401 5397 ι
428 5345 532 5400 Per
557 5345 735 5416 Ophni
761 5347 940 5410 enim,
987 5347 1079 5416 qui
1105 5345 1489 5413 discalceatus;
1521 5357 1578 5402 et
1619 5362 1714 5416 per

109 5434 388 5500 Phinees,
422 5435 515 5504 qui
544 5436 744 5490 dicitur
778 5453 836 5490 os
864 5446 1088 5502 mutum,
1119 5452 1215 5508 per
1253 5452 1392 5507 quos
1417 5436 1714 5508 signiﬁcari

113 5528 361 5581 diximus
381 5526 540 5597 longe
570 5527 818 5596 superius
858 5527 1581 5593 sacerdotiumJudaeorum,
1620 5529 1713 5598 qui

111 5622 282 5675 modo
327 5621 526 5674 mortui
569 5621 897 5686 referttntur,
933 5621 1100 5692 ipsius
1130 5621 1423 5676 sacerdotii
1470 5620 1596 5675 ﬁnis
1629 5622 1716 5674 in-

116 5712 403 5782 telligitur.
438 5712 538 5778 Qui
576 5713 710 5765 bene
743 5721 1028 5782 postquam
1073 5729 1202 5767 arca
1237 5723 1394 5782 capta
1425 5722 1532 5774 est,
1573 5729 1716 5766 IIIUI"

115 5805 189 5859 tui
245 5803 555 5858 referumur
585 5822 597 5856 :
625 5805 749 5873 quia
795 5813 1078 5873 postquam
1131 5805 1236 5857 duo
1258 5802 1606 5858 Testamenta
1649 5800 1716 5857 ad

111 5897 395 5974 sapientes
441 5896 598 5954 istius
630 5896 810 5955 sxculi
843 5905 896 5953 et
943 5896 1170 5972 gentiles
1204 5906 1582 5972 pervenerunt,
1629 5912 1716 5954 sa-

1827 4816 1844 4847 ι
1884 4797 1950 4850 tis
1982 4795 2099 4864 ejus
2129 4795 2385 4849 dixerunt
2425 4793 2472 4846 ei
2503 4793 2592 4862 qui
2621 4793 2837 4847 stabant
2865 4792 3009 4848 circa
3047 4806 3165 4845 eam
3193 4808 3205 4842 :
3231 4788 3308 4843 Ne
3341 4789 3409 4841 ti-

1827 4909 1845 4940 ι
1880 4904 2052 4953 meas,
2085 4887 2210 4958 quia
2254 4885 2422 4938 tilium
2448 4883 2724 4954 peperisti,
2761 4903 2778 4935 ι
2809 4895 2914 4940 etc.
2947 4883 3141 4940 Omnia
3169 4881 3314 4935 enim
3342 4877 3410 4931 ad

1821 4981 2100 5052 superiora
2133 4977 2376 5032 tendunt.
2416 4974 2572 5040 Nam,
2615 4974 2756 5029 sicut
2783 4974 3040 5038 diximus,
3072 4984 3241 5026 nurus
3267 4966 3406 5031 Heli,

1821 5089 1958 5128 uxor
1989 5071 2238 5134 Phinees,
2281 5067 2554 5122 carnalem
2579 5066 2791 5136 plebem
2818 5065 3100 5121 Iudaicam
3153 5059 3406 5127 designa-

1818 5166 1932 5228 bat,
1964 5179 2084 5233 qute
2112 5160 2316 5216 carnali
2365 5161 2668 5215 sacerdotio
2709 5159 2979 5230 copulata,
3022 5171 3143 5211 cum
3192 5153 3309 5223 ipso
3341 5150 3412 5238 ﬁ-l

1819 5270 1943 5310 nem
1970 5253 2198 5322 accepit,
2223 5260 2386 5322 atque
2417 5252 2674 5306 divinitus
2704 5251 2930 5306 interiit.
2975 5247 3080 5302 Sed
3112 5245 3406 5299 notandum

1816 5358 1917 5410 est,
1961 5347 2087 5416 quia
2108 5361 2213 5400 non
2245 5353 2402 5399 antea
2436 5345 2952 5413 interiitantequam
2992 5339 3171 5393 vivum
3213 5344 3402 5406 partu-
3489 5343 3492 5348 '

1820 5441 1970 5494 riret.
2001 5438 2080 5492 Ita
2107 5445 2160 5492 et
2191 5435 2474 5507 Synagoga
2509 5434 2817 5490 Iudaeorum
2845 5447 2909 5487 ex
2945 5438 3056 5484 toto
3098 5444 3204 5482 non
3234 5426 3405 5480 inter-

1819 5532 1914 5596 iit,
1954 5539 2243 5598 antequam
2272 5530 2375 5582 vivi
2419 5543 2481 5581 ex
2527 5527 2642 5596 ipsa
2677 5531 3052 5586 nascerentur,
3086 5521 3138 5575 id
3168 5528 3253 5575 est
3290 5518 3407 5588 ipsa

1818 5623 2091 5695 primitiva
2121 5620 2381 5683 Ecclesia,
2411 5635 2530 5687 qua:
2560 5634 2624 5672 ex
2653 5618 2766 5686 ipsa
2799 5613 2952 5684 plebe
2977 5612 3222 5668 credidit.
3254 5609 3408 5665 Unde

1817 5723 1871 5767 et
1903 5713 2094 5767 merito
2138 5709 2560 5766 consolationem
2616 5722 2720 5760 nun
2756 5705 3022 5774 recipiens
3065 5704 3133 5758 ab
3175 5702 3259 5756 his
3286 5713 3407 5770 qua

1819 5804 2216 5862 consolabatur,
2253 5801 2302 5855 id
2335 5809 2418 5854 est
2451 5798 2735 5870 Synagoga
2768 5799 3066 5867 desperans
3096 5797 3164 5852 ab
3187 5790 3407 5848 humili-

1819 5898 1918 5966 bus
1947 5896 2290 5954 credentibus
2323 5892 2397 5946 ait
2423 5910 2435 5946 :
