3970 6332
622 350 729 408 285

1664 346 2013 406 ANGELOMI
2051 348 2210 406 LUXi

2308 348 2517 406 lENSIS
2554 348 2861 407 MONACHI
3729 362 3795 419 ξεί

703 484 723 518 ‹
757 458 1042 521 Translata
1096 471 1181 519 est
1211 461 1383 535 gloria
1423 461 1490 518 de
1523 459 1708 527 Israel,
1750 461 1876 531 quia
1918 470 2077 532 capta
2122 472 2207 519 est
2232 470 2285 531 Α
2309 478 2556 534 magnam
2597 462 3069 536 signiﬁcationem,
3112 461 3168 518 in
3209 460 3324 533 ipsa
3361 465 3507 521 ruina
3552 466 3702 542 Dagon
3728 478 3793 545 sui,

631 572 655 613 ι
688 573 816 615 arca
847 557 966 614 Dei.
997 576 1017 610 ι
1049 555 1163 613 Hoc
1205 563 1290 612 est
1318 554 1461 626 quod
1493 553 1753 610 Dominus
1789 552 1902 608 ait:
1927 571 1947 606 ι
1979 554 2208 611 Aufere-

624 659 718 707 tur
761 665 792 705 a
843 650 998 705 vobis
1041 663 1267 720 regnum
1301 647 1416 713 Dei,
1463 653 1518 703 et
1564 645 1777 701 dabitur
1814 646 1961 718 genti
1990 646 2212 704 facienti

562 762 575 773 ·
623 739 835 798 fructus
862 739 981 812 ejus
1012 738 1228 812 (Matth.
1256 737 1374 812 ιιι).
1407 757 1427 791 ›
1460 737 1610 794 Unde
1631 736 1928 794 notandum
1949 746 2054 805 est,
2083 740 2210 810 quia

625 849 856 908 puerum
880 833 1096 890 vocavit
1121 830 1370 889 lchabod.
1403 828 1625 886 Chabod
1651 829 1798 886 enim
1845 831 2033 903 gloria,
2060 831 2212 887 lclia-

625 923 732 981 bod
761 941 891 984 vero
919 925 1104 981 cecidit
1132 922 1301 995 gloria
1321 921 1389 976 ad
1418 920 1540 977 illos
1580 919 1815 978 refertur
1846 923 1937 993 qui
1970 938 2037 978 ex
2072 921 2211 994 Syn-

631 1030 807 1087 agoga
850 1031 958 1071 non
995 1013 1281 1070 credentes
1301 1012 1634 1083 prodierunt,
1659 1012 1752 1082 qui
1782 1012 1839 1067 in
1865 1011 2123 1069 decorem
2152 1022 2211 1070 et

624 1108 851 1183 gloriam
879 1123 999 1164 esse
1036 1112 1288 1177 poterant
1332 1104 1435 1175 ipsi
1469 1102 1788 1176 Synagogte,
1817 1104 1863 1160 si
1898 1105 2123 1162 credere
2153 1107 2209 1162 in

621 1196 814 1268 Deum,
842 1210 896 1256 et
922 1216 1109 1258 eorum
1139 1196 1953 1272 praedicationibusyoluissent.
1984 1198 2050 1253 Et
2081 1200 2209 1269 quia

621 1295 728 1351 hoc
763 1307 923 1366 agere
960 1299 1426 1362 contempserunt,
1449 1289 1676 1362 gloriam
1720 1288 1969 1345 eamdem
2016 1290 2212 1344 amise-

623 1385 937 1465 runt:guia
984 1385 1369 1457 praedicatores
1413 1384 1606 1452 sancti,
1655 1383 1736 1444 eis
1761 1385 2108 1457 contemptis,
2141 1383 2211 1440 ad

622 1486 810 1551 gentes
832 1485 1214 1549 pervenerunt.
1250 1474 1404 1531 Unde
1423 1485 1478 1532 et
1506 1475 1697 1533 iisdem
1729 1476 1958 1549 apostoli
1988 1477 2207 1533 dicunt:

626 1587 649 1623 ι
682 1568 846 1626 Vobis
895 1569 1113 1641 quidem
1165 1570 1448 1640 oportebat
1499 1569 1736 1642 primum
1784 1570 1933 1641 loqui
1982 1570 2208 1626 verbum

621 1662 740 1720 Dei.
772 1661 881 1720 Sed
913 1664 1037 1735 quia
1077 1662 1352 1734 repulistis
1392 1662 1544 1729 illud,
1587 1670 1642 1720 et
1671 1662 1919 1733 indignos
1942 1678 2039 1719 vos
2063 1661 2211 1734 judi-

619 1756 789 1812 Castis
830 1763 1050 1812 aeterna:
1076 1755 1224 1822 vitae,
1259 1770 1329 1810 ex
1369 1754 1474 1811 hoc
1501 1754 1700 1812 ibimus
1743 1756 1811 1812 ad
1851 1764 2039 1830 gentes
2066 1756 2202 1829 (Act.

619 1846 765 1920 xm).
800 1867 822 1902 ι

1237 1980 1467 2040 CAPUT
1514 1980 1581 2038 ν.

695 2131 721 2168 r
750 2101 1077 2171 Philisthiim
1102 2125 1285 2172 autem
1308 2118 1544 2174 tulerunt
1570 2133 1756 2175 arcam
1793 2118 1911 2185 Dei,
1935 2128 1991 2176 et
2018 2134 2208 2192 aspor-

624 2224 644 2259 ‹
684 2215 934 2264 laverunt
960 2225 1081 2265 eam
1129 2226 1158 2266 a
1191 2209 1393 2283 Lapide
1433 2210 1685 2282 adjutorii
1717 2214 1772 2270 in
1814 2213 2065 2269 Azotum.
2100 2212 2209 2269 Tn-

625 2314 649 2350 r
678 2298 966 2372 leruntque
984 2300 1309 2359 Philisthiim
1330 2320 1510 2361 arcam
1542 2306 1661 2365 Dei.
1694 2314 1751 2362 et
1777 2306 2206 2362 intulerunteam

625 2410 649 2445 r
679 2392 734 2448 in
766 2393 1025 2465 templum
1068 2395 1267 2467 Dagon,
1302 2407 1355 2453 et
1402 2406 1710 2454 statuerunt
1746 2414 1868 2455 eam
1891 2399 2047 2471 juxta
2098 2397 2209 2453 Da-

625 2500 647 2538 t
682 2502 808 2559 gon.
840 2508 860 2540 ι
893 2488 1060 2560 Lapis
1083 2489 1335 2561 adjutoril
1358 2491 1561 2547 dicitur
1581 2492 1733 2549 locus
1762 2491 1875 2557 ille,
1902 2492 1957 2548 in
1977 2508 2085 2564 quo
2107 2507 2206 2562 po-

619 2576 726 2632 suit
767 2576 987 2636 Samuel
1016 2580 1250 2652 lapidem
1296 2597 1485 2650 unum,
1521 2583 1668 2640 inter
1695 2582 1943 2656 Masphat
1986 2592 2040 2639 et
2068 2587 2210 2640 inter

604 2666 766 2739 _Sem.
813 2669 1124 2741 Azotusqne
1167 2679 1222 2726 et
1253 2671 1391 2728 Azot
1421 2673 1639 2737 dicitur,
1671 2683 1757 2730 est
1803 2690 1908 2729 una
1939 2674 2003 2730 de
2043 2674 2207 2745 quin-

618 2778 723 2835 que
772 2765 1083 2823 civitatibus
1119 2765 1550 2840 Allophylorum,
1598 2768 1988 2839 interpretatur
2029 2776 2209 2824 autem

619 2854 921 2910 incendium
949 2857 1135 2928 patris.
1178 2856 1247 2912 Et
1276 2857 1414 2914 bene
1454 2857 1764 2914 incendium
1787 2859 1958 2929 patris
1986 2858 2205 2926 dicitur,

617 2947 713 3004 ubi
752 2949 952 3005 idolum
984 2949 1169 3021 Dagon
1219 2950 1572 3017 consistebat,
1620 2951 1749 3022 quia
1778 2951 2041 3007 adventus
2068 2964 2210 3006 arcte

620 3036 719 3092 Dei
741 3038 794 3092 in
820 3038 1050 3093 Azotum
1074 3039 1382 3095 incendium
1411 3050 1530 3095 erat
1551 3040 1747 3097 diaboli
1780 3041 1949 3112 patris
1966 3042 2209 3098 omnium

620 3124 984 3183 inimicorum.
1015 3127 1201 3198 Dagon
1234 3129 1628 3200 interpretatur
1652 3132 1813 3202 piscis
1846 3133 2092 3199 tristitia,
2137 3133 2210 3189 si-

621 3218 844 3292 gniﬁcat
864 3221 1074 3277 hostem
1109 3221 1415 3292 antiquum,
1448 3224 1540 3293 qui
1576 3223 1630 3278 in
1668 3223 1810 3279 mari
1838 3222 1996 3281 istius
2023 3224 2212 3282 mundi
2239 3214 2287 3279 C

622 3309 851 3381 positus,
883 3311 1110 3369 devorat
1139 3320 1473 3384 peccatores.

701 3436 721 3468 ι
757 3416 1000 3488 Cumque
1028 3419 1396 3476 surrexissent
1423 3418 1662 3477 diluculo
1702 3420 1859 3477 Azoti
1895 3421 2065 3479 altera
2103 3423 2212 3492 die,

631 3526 649 3560 ι
682 3523 813 3567 ecce
860 3509 1046 3583 Dagon
1073 3510 1291 3583 jacebat
1318 3527 1522 3583 pronus
1553 3512 1607 3568 in
1661 3522 1808 3570 terra
1855 3521 1983 3571 ante
2029 3530 2215 3571 arcam

632 3620 650 3655 ι
684 3600 920 3670 Domini,
951 3621 970 3654 ι
1006 3610 1062 3658 et
1091 3603 1320 3674 reliqua.
1350 3602 1469 3660 Jam
1501 3604 1752 3676 superius
1781 3605 2019 3663 diximus
2069 3607 2215 3678 quod

628 3710 760 3751 arca
789 3694 898 3751 duo
930 3694 1203 3766 signiﬁcat
1229 3695 1594 3753 Testamenta.
1620 3696 1947 3755 Pbilisthiim
1983 3716 2116 3757 vero
2156 3701 2212 3757 in

626 3785 731 3842 hoc
748 3785 867 3842 loco
895 3786 1124 3859 gentiles
1146 3787 1585 3860 prmﬁgurantur.
1641 3788 1748 3846 Sed
1773 3791 1900 3845 dum
1922 3807 2105 3848 arcam
2145 3791 2219 3849 ad

630 3877 890 3948 templum
931 3894 1089 3935 suum
1117 3877 1389 3948 deferunt,
1435 3880 1619 3954 Dagon
1667 3881 1882 3938 illorum
1929 3882 2064 3939 deus
2091 3899 2216 3940 cor-

626 3968 758 4036 ruit,
784 3977 949 4041 atque
987 3970 1107 4027 dua:
1151 3970 1341 4042 palma:
1379 3980 1436 4028 et
1462 3980 1625 4045 caput
1663 3972 2037 4029 absciduntur.
2073 3974 2217 4044 Quid

627 4068 713 4117 est
751 4060 896 4116 enim
940 4061 1066 4129 hoc,
1097 4062 1240 4133 quod
1267 4061 1392 4118 dum
1424 4079 1549 4120 arca
1588 4064 1747 4137 juxta
1789 4065 1972 4138 Dagon
2009 4067 2213 4124 consti-

628 4151 823 4219 tuitur,
853 4167 979 4209 mox
1029 4153 1084 4208 in
1124 4160 1327 4210 terram
1366 4157 1746 4226 prosternitur,
1788 4156 1891 4212 nisi
1931 4159 2116 4214 statim
2155 4167 2217 4216 ut

628 4253 951 4303 testamenta
994 4247 1089 4305 Dei
1139 4249 1207 4305 ad
1255 4257 1444 4323 gentes
1493 4259 1878 4321 pervenerunt,
1925 4251 2215 4309 confestim

626 4334 770 4392 idola
811 4351 931 4408 qua:
969 4338 1251 4412 deceptum
1301 4338 1651 4410 possidebant
1702 4342 1890 4397 orbem
1938 4341 2214 4399 destructa

626 4443 777 4503 sunt,
817 4436 1101 4511 omnisque
1151 4453 1307 4495 error
1349 4436 1763 4494 simulacrorum
1813 4440 2038 4507 corruit,
2075 4455 2216 4511 prae-

628 4529 862 4587 sentiam
891 4528 986 4586 Dei
1009 4528 1152 4586 ferre
1181 4546 1287 4587 non
1317 4531 1607 4590 sustinens.
1638 4529 1746 4587 Sed
1778 4532 2073 4589 notandum
2105 4541 2210 4601 est,

2311 562 2477 626 atque
2506 553 2745 611 fractura
2776 554 2940 622 illius,
2973 552 3150 609 solum
3188 554 3505 613 invenerunt
3542 559 3696 618 fractis
3720 567 3794 636 ejus

2310 646 2563 705 omnibus
2597 647 2855 707 membris
2900 647 3148 705 dorsum.
3193 647 3421 704 Dersum
3466 651 3640 722 quippe
3674 653 3813 726 lugam'

2312 738 2604 811 signiﬁcat,
2644 739 2698 794 id
2741 746 2824 796 est
2857 738 3209 796 abolitionem
3251 738 3526 795 idolorum.
3560 742 3795 815 Quicunque

2310 833 2455 889 enim
2487 831 2712 904 fugiunt,
2756 832 3210 904 persequentibus
3238 831 3450 887 dorsum
3473 832 3607 888 dant.
3630 832 3744 892 Unde
3761 846 3794 894 ei

2311 924 2378 981 de
2417 924 2666 979 hostibus
2701 924 2967 995 scriptum
3004 935 3129 979 est:
3158 939 3180 975 ι
3206 920 3308 990 Qui
3336 936 3498 992 pones
3529 937 3613 980 eos
3642 927 3792 984 dorsum

2312 1012 2485 1088 (Psal.
2512 1014 2681 1087 xxvi).
2711 1034 2730 1067 ι
2758 1014 2863 1071 Ubi
2890 1015 3036 1071 enim
3066 1023 3194 1070 sunt
3230 1013 3407 1070 idola?
3437 1016 3692 1086 perierunt,
3712 1020 3794 1075 etsi

2310 1110 2489 1181 aliqua
2517 1116 2644 1165 sunt
2666 1109 2998 1165 remanentia
3034 1108 3103 1165 ab
3129 1107 3398 1179 aliquibus
3423 1106 3726 1175 abscondunt,
3743 1110 3794 1165 lu-

2309 1202 2481 1273 giunt.
2514 1199 2649 1256 Nam
2676 1201 2921 1271 sequitur
2944 1219 2958 1256 :

2386 1311 2406 1343 ι
2438 1292 2742 1364 Aggravata
2765 1299 2850 1346 est
2873 1300 3056 1348 autem
3094 1306 3288 1347 manus
3313 1290 3516 1348 Domitii
3546 1307 3682 1363 super
3700 1293 3792 1351 Διο-

2308 1400 2337 1435 ,ι
2374 1391 2477 1449 ιοε,
2504 1391 2559 1439 et
2585 1382 2874 1439 demolitus
2902 1391 3123 1451 esteos,
3149 1391 3199 1438 et
3230 1384 3493 1455 percussit
3518 1384 3566 1438 in
3593 1384 3794 1441 secretiori

2316 1495 2337 1529 ι
2369 1485 2524 1547 parte
2568 1475 2777 1531 natium
2803 1474 3037 1531 Azoturn
3084 1482 3139 1531 et
3187 1475 3323 1531 lines
3350 1475 3488 1547 ejus;
3521 1493 3538 1528 ι
3570 1482 3617 1529 et
3632 1484 3794 1545 quatuor

2309 1568 2550 1641 reliquas
2600 1568 2870 1624 civitates.
2927 1566 3027 1623 Hic
3074 1567 3239 1623 etiam
3295 1566 3460 1638 ﬁgura
3512 1566 3792 1636 praetenditur.

2309 1656 2462 1728 Quod
2498 1668 2675 1715 autem
2704 1658 2951 1731 percussi
2997 1667 3124 1714 sunt
3160 1657 3215 1712 in
3244 1657 3533 1728 posteriora
3574 1657 3620 1712 hi
3643 1656 3712 1728 qui
3740 1671 3795 1710 ar-

2310 1767 2430 1808 cam
2464 1751 2557 1806 Dei
2598 1752 3031 1823 captivaverunt,
3072 1750 3176 1806 hac
3218 1764 3379 1822 poena
3409 1747 3668 1818 signiﬁcari
3699 1748 3795 1803 ride-

2231 1833 2283 1895 B
2311 1851 2416 1908 tur,
2443 1843 2570 1914 quia
2595 1843 2642 1899 si
2672 1844 2763 1915 qui
2792 1843 3128 1915 susceperint
3158 1849 3533 1898 testamentum
3560 1839 3659 1907 Dei,
3682 1849 3796 1913 etpo-

2309 1938 2595 1995 steriorem
2642 1937 2812 1994 vitam
2861 1938 3166 2005 dilexerint,
3219 1952 3288 1994 ex
3334 1937 3465 2008 ipsis
3496 1942 3544 1991 et
3589 1950 3669 2007 pro
3696 1936 3793 2007 ipsis,

2300 2031 2605 2105 justissime
2636 2032 2785 2104 justo
2803 2029 3009 2102 judicio
3025 2031 3133 2106 .Dei
3159 2032 3215 2087 in
3244 2029 3539 2104 posteriora
3560 2028 3795 2085 cruciaber-

2311 2136 2419 2194 tur,
2436 2143 2574 2198 qum,
2610 2128 2752 2184 sicut
2773 2127 2850 2181 ait
2875 2125 3185 2198 Apostolus,
3203 2123 3503 2181 existimari
3527 2122 3691 2179 debent
3711 2122 3798 2176 sicut

2309 2229 2552 2277 stercora
2581 2218 2751 2294 (Phil.
2781 2219 2887 2293 ιιι).
2912 2206 3014 2288 Qui
3036 2220 3182 2275 enim
3203 2219 3284 2275 sic
3306 2223 3573 2274 assumunt
3596 2221 3799 2270 testamen-

2313 2320 2425 2367 tum
2457 2312 2717 2379 divinum,
2743 2319 2803 2367 ut
2833 2311 2888 2367 in
2917 2311 3223 2382 posteriora
3262 2309 3598 2382 respicientes
3620 2304 3746 2361 veteri
3764 2316 3799 2357 te

2311 2405 2549 2460 vanitate
2579 2418 2688 2459 non
2734 2410 2954 2469 exuant,
2986 2401 3195 2459 similes
3214 2407 3359 2456 ‘snnt
3401 2398 3626 2454 hostibus
3648 2392 3797 2463 illisqni

2311 2512 2496 2554 arcam
2538 2495 2847 2553 testamenti
2878 2494 3145 2566 captivam
3185 2491 3344 2565 juxta
3389 2488 3522 2546 idola
3563 2502 3645 2542 sua
3674 2495 3799 2556 posue-

2312 2601 2460 2648 runt.
2492 2589 2572 2659 _Et
2619 2588 2711 2645 illa
2760 2587 2979 2659 quidem
3012 2594 3198 2641 vetera
3253 2583 3417 2640 etiam
3458 2577 3716 2637 nolentibus
3745 2588 3798 2628 ca-

2313 2686 2486 2740 dunt:
2513 2682 2639 2754 quia
2675 2700 2692 2733 ι
2720 2680 2897 2737 omnis
2939 2693 3067 2735 caro
3113 2676 3323 2743 fenum,
3366 2682 3419 2731 et
3443 2692 3462 2726 ›
3500 2666 3800 2726 claritudo-

2313 2777 2495 2841 minis.
2536 2774 2713 2831 utﬁos
2737 2772 2867 2830 feni.
2898 2771 3058 2828 Aruit
3088 2770 3300 2837 fenum,
3330 2767 3427 2824 llos
3460 2764 3650 2823 cecidit.
3678 2759 3799 2814 »Δια

2318 2891 2336 2923 ι
2371 2879 2551 2926 autem
2575 2868 2788 2924 Domini
2833 2873 3016 2923 manet
3045 2866 3098 2921 in
3128 2874 3394 2922 aeternum
3435 2859 3564 2935 (Isa.
3586 2862 3680 2929 ιι).
3704 2874 3718 2905 υ
3738 2850 3799 2906 Se-

2314 2969 2524 3018 cretum
2572 2960 2783 3017 scilicet
2809 2966 3196 3015 testamentum
3245 2966 3567 3028 regnumque
3604 2946 3798 3009 calorum.

2314 3054 2405 3112 ubi
2444 3062 2529 3111 est
2553 3061 2818 3110 aeternum
2840 3052 2937 3109 Dei
2958 3051 3204 3109 verbum.

2931 3207 3159 3266 CAPUT
3199 3206 3291 3266 Vl.

2394 3346 2413 3379 ι
2448 3324 2577 3382 Fuit
2604 3338 2736 3398 ergo
2757 3337 2888 3379 arca
2899 3320 3114 3379 Domini
3136 3321 3195 3377 in
3218 3320 3439 3394 regione
3459 3312 3802 3375 Pbilisthinom

2321 3440 2341 3475 ι
2378 3430 2587 3494 septem
2646 3419 2945 3475 mensibus.
3006 3438 3026 3472 ι
3078 3414 3194 3475 Hoc
3240 3418 3387 3473 enim
3432 3423 3623 3484 tempus
3660 3409 3804 3480 μωρία

2313 3512 2725 3571 universitatem
2752 3519 3056 3583 temporum
3084 3524 3206 3580 quae
3222 3508 3526 3580 septenario
3544 3511 3723 3558 numero
3735 3494 3802 3548 ἀίε-

2316 3605 2489 3665 currit
2518 3604 2788 3677 signiﬁcat
2812 3603 3222 3660 Testamentum
3250 3600 3464 3658 Domini
3487 3610 3639 3669 usque
3660 3590 3712 3648 ad
3727 3598 3805 3677 cur

2317 3675 2733 3756 summationem
2759 3694 2943 3752 szeculi
2966 3696 3020 3751 in
3050 3694 3309 3767 gentibus
3329 3696 3716 3766 permansurum.
3742 3675 3805 3731 De

2318 3791 2443 3846 inde
2500 3788 2747 3859 sequitur
2796 3785 3031 3858 qualiter
3062 3784 3196 3840 inito
3225 3782 3473 3848 consilio,
3512 3774 3805 3859 quinque»!

2318 3896 2533 3947 aureos,
2562 3858 2716 3952 juxta
2746 3893 3034 3935 numerum
3076 3878 3357 3935 civitatum
3408 3886 3630 3933 suarum,
3667 3858 3805 3952 obluit:

2318 3982 2447 4029 runt
2470 3946 2629 4028 arcae.
2675 3967 2829 4026 Patet
2861 3970 3010 4027 enim
3058 3969 3260 4028 litterae
3280 3982 3491 4031 sensus,
3511 3946 3806 4023 lanienam!“

2318 4067 2733 4139 signiﬁcationis
2779 4066 2943 4122 habet
2977 4064 3143 4136 :quia
3190 4063 3453 4135 quosdam
3497 4051 3721 4128 signiﬁcat
3751 4038 3806 4113 qd

2318 4167 2443 4231 post
2472 4157 2613 4213 idola
2637 4156 3016 4229 paenitentiam
3039 4164 3259 4227 gerunt.
3294 4154 3371 4210 Illi
3398 4151 3539 4208 enim
3552 4156 3711 4203 aureos
3726 4142 3807 4231 and.

2319 4221 2482 4321 atque
2513 4262 2697 4305 mures
2717 4262 2934 4313 aureos,
2965 4250 3037 4303 ad
3062 4261 3245 4303 arcam
3283 4244 3491 4302 Domini
3533 4221 3807 4298 oli'eruuhi‘l

2318 4355 2418 4414 per
2434 4339 2641 4410 ﬂagella
2656 4340 2852 4412 agnita
2879 4339 3080 4395 virtute
3102 4340 3242 4411 ejus,
3272 4353 3370 4411 pro
3398 4328 3661 4393 transactis
3692 4328 3808 4395 μεθ’
3878 4328 3879 4381 1

2319 4430 2410 4498 tis,
2436 4440 2493 4487 et
2531 4430 2795 4487 idolorum
2824 4429 3035 4486 cultura
3064 4429 3457 4503 ptenitudinem
3494 4419 3809 4515 gerentes,

2320 4536 2503 4578 veram
2529 4521 2925 4580 confessionem
2958 4502 3073 4580 Deo
3107 4523 3337 4596 gloriam
3379 4519 3611 4578 reddunt.
3655 4509 3707 4567 Et
3733 4502 3808 4559 Ιὶαα

626 4617 754 4688 quia
796 4618 853 4674 bi
879 4617 971 4689 qui
996 4634 1180 4701 arcam
1222 4620 1557 4676 constituunt
1579 4618 1735 4690 juxta
1772 4620 1977 4694 Dagon,
2001 4631 2057 4679 ut
2086 4638 2214 4681 arca
2239 4607 2294 4670 D
2321 4614 2495 4673 coacti
2526 4615 2764 4672 studium
2788 4615 2913 4672 vitae
2935 4632 3047 4672 suae
3073 4616 3142 4672 ad
3169 4616 3397 4673 meliora
3432 4610 3728 4671 convertunt.
3753 4608 3808 4701 αἶ’
3878 4620 3879 4701 ξ

623 4708 722 4785 Dei
747 4708 964 4766 subdita
992 4694 1073 4766 illi
1096 4709 1308 4777 fuisset,
1333 4710 1559 4784 ﬁguram
1584 4723 1869 4786 gesserunt
1889 4716 2212 4788 sapientium

621 4801 787 4873 hujus
812 4802 1023 4872 mundi,
1053 4804 1144 4875 qui
1190 4813 1513 4861 testamenta
1544 4805 1638 4862 Dei
1674 4807 1910 4864 subdere
1929 4809 2215 4866 voluerunt

620 4896 723 4952 sub
762 4910 987 4952 suorum
1022 4895 1272 4953 scientia.
1308 4892 1389 4952 illi
1428 4914 1558 4955 vero
1601 4899 1695 4970 qui
1732 4899 1916 4974 Dagon
1961 4902 2212 4958 restitue-

621 4996 748 5043 runt
775 4987 831 5043 in
873 4987 1052 5045 locum
1086 5004 1265 5057 suum,
1298 4988 1526 5062 ﬁguram
1569 5003 1857 5066 gesserunt
1896 5009 2087 5051 eorum
2116 4994 2211 5066 qui

619 5078 940 5138 defensores
978 5080 1202 5138 fuerunt
1222 5082 1540 5141 idololatria:
1578 5085 1775 5143 cultus.
1811 5086 1945 5143 Nam
1990 5089 2045 5142 in
2094 5104 2211 5144 ma-

617 5173 781 5231 nibus
818 5173 1004 5247 Dagon
1046 5174 1289 5247 przecisis
1314 5191 1449 5249 opus
1485 5177 1803 5235 idololatriae
1848 5189 2207 5252 amputatum,

619 5264 675 5320 in
708 5266 885 5337 capite
927 5281 1058 5323 vero
1085 5266 1201 5338 ejus
1228 5268 1478 5341 superbia
1518 5269 1718 5326 diaboli
1757 5270 1969 5327 abscisa
1997 5272 2207 5344 signiﬁ-

594 5356 871 5427 ‘cabatur,
901 5375 935 5414 a
971 5374 1079 5430 quo
1123 5360 1336 5417 initium
1370 5361 1577 5433 peccati
1609 5360 1729 5417 fuit.
1774 5360 1927 5430 Quod
1974 5380 2104 5420 vero
2152 5366 2210 5422 in
2284 5410 2293 5417 κ

620 5448 810 5508 limine
837 5452 1204 5519 inveniuntur,
1236 5465 1447 5527 gestum
1487 5464 1594 5523 est,
1641 5466 1701 5512 ut
1739 5452 1948 5512 scilicet
1975 5457 2211 5528 praeﬁni-

625 5548 740 5597 tum
766 5557 879 5599 suae
905 5545 1221 5603 idololatria:
1248 5546 1409 5601 ﬁnem
1437 5558 1810 5618 agnoscerent.
1836 5547 2029 5604 Limen
2059 5549 2206 5604 enim

620 5632 787 5691 linem
844 5636 1053 5693 itineris
1103 5637 1403 5711 signiﬁcat,
1448 5638 1500 5694 id
1548 5648 1628 5695 est
1684 5641 2210 5698 consummationem

618 5724 770 5789 idoli.
804 5725 913 5785 Seu
937 5728 1103 5787 limen
1141 5731 1413 5803 signiﬁcat
1451 5731 1637 5801 ﬁdem,
1666 5749 1764 5805 per
1796 5749 1959 5805 quam
1986 5733 2210 5792 idolola-

620 5819 740 5884 tria:
763 5821 941 5883 cultus
976 5825 1287 5885 destructus
1327 5832 1433 5885 est.
1477 5824 1660 5887 Etiam
1688 5827 1821 5890 illud
1865 5833 2102 5907 pertinet
2139 5832 2210 5893 ad

2319 4717 2642 4785 gnoscentes
2672 4726 2731 4767 se
2761 4708 2970 4783 ﬂagella
3000 4711 3215 4768 Domini
3237 4719 3400 4782 atque
3420 4698 3808 4794 plagasjusie

2316 4803 2427 4874 peti
2456 4819 2488 4858 a
2517 4802 2766 4860 Domino.
2802 4800 2955 4860 Unde
2981 4802 3222 4875 quinque
3271 4802 3515 4860 civitates
3557 4786 3809 4875 Ριιίῐὶειιιὶιιξι⁵
3878 4796 3879 4849 l

2316 4910 2462 4966 mm:
2486 4894 2727 4967 quinque
2752 4895 2998 4967 corporis
3022 4911 3239 4961 sensus,
3296 4895 3351 4950 id
3377 4900 3460 4950 est
3510 4867 3808 4978 visum,_3ldl:

2317 4996 2454 5055 tum,
2477 4997 2716 5062 gustum,
2745 4988 3052 5055 odoratum,
3075 4999 3134 5046 et
3150 4996 3378 5054 tactum,
3404 4970 3810 5058 iiguram'italltlisse

2320 5097 2428 5138 non
2456 5081 2679 5137 dubium
2710 5090 2812 5138 est.
2852 5080 2955 5138 Per
2980 5082 3081 5139 hos
3110 5080 3253 5137 enim
3292 5082 3475 5145 homo,
3500 5082 3589 5163 put
3611 5068 3805 5163 bene“?

2318 5173 2489 5229 rando
2510 5182 2778 5245 praecepta
2798 5172 2894 5229 Dei
2916 5172 3195 5245 adimplet,
3222 5181 3317 5228 aut
3335 5149 3718 5243 prave'vivendo
3736 5149 3808 5205 dir

2317 5262 2444 5322 bolo
2471 5264 2752 5322 satisfacit.
2777 5262 3071 5338 Sequitur:

2397 5378 2417 5411 ι
2448 5356 2601 5414 Nunc
2624 5373 2755 5430 ergo
2781 5358 3007 5430 arripite
3043 5366 3098 5414 et
3146 5356 3311 5414 facite
3355 5353 3634 5429 plaustrum
3676 5340 3809 5441 niti“?

2325 5474 2343 5507 ι
2378 5469 2544 5509 unum
2562 5461 2617 5507 et
2633 5454 2766 5509 duas
2780 5468 2972 5509 vaccas
2984 5451 3145 5521 fetas,
3161 5452 3355 5524 quibus
3370 5465 3472 5506 non
3492 5452 3571 5502 est
3584 5433 3807 5509 imposilum

2320 5567 2339 5600 ι
2368 5545 2554 5620 jugum
2566 5589 2580 5612 ,
2596 5544 2809 5619 iungite
2832 5547 2883 5602 in
2899 5546 3211 5619 plaustro'et
3230 5543 3485 5602 recludite
3497 5533 3667 5595 vitulos
3682 5524 3809 5620 θιξυη

2321 5657 2341 5692 ι
2370 5613 2533 5696 dolui.
2578 5613 3108 5711 'l'olietisque'arcam
3136 5638 3348 5695 Domini
3367 5645 3420 5693 et
3435 5629 3626 5706 ponetis
3651 5613 3809 5712 ιιιΡί²ξ¹ξ

2321 5753 2339 5786 ι
2369 5741 2505 5800 stro,
2551 5752 2569 5787 ι
2607 5742 2663 5789 et
2710 5710 2936 5804 reliqua.
2962 5732 3091 5789 Haec
3116 5732 3301 5806 igitur,
3328 5736 3627 5812 quanquam
3641 5710 3809 5812 his"?

2294 5829 2510 5895 .Seriem
2534 5790 3018 5908 praetermittamus
3042 5790 3453 5891 emicleandam,
3477 5813 3592 5895 quia
3616 5807 3712 5864 luce
3738 5790 3809 5853 ἀι·
