3970 6332
139 323 252 370 εδδ

1070 307 1328 362 ENABR.
1371 307 1438 362 IN
1477 305 1724 364 LIBROS
1763 305 2028 364 REGUM.
2069 337 2140 348 -—
2175 305 2243 362 IN
2279 307 2408 362 LIB.
2447 307 2486 362 l.

3313 309 3420 366 286

135 427 258 482 rius
279 433 448 496 patet,
481 431 664 480 tamen
693 439 760 480 ne
787 421 946 480 alicui
982 423 1140 478 ludus
1159 437 1294 478 esse-
1307 421 1569 486 videatur,
1601 421 1730 492 quid
1755 431 1808 492 Α
1835 437 2024 478 norum
2059 421 2294 492 quinque
2321 421 2564 492 corporis
2585 435 2776 478 sensus
2805 437 2836 478 a
2866 421 3190 493 quibusdam
3217 425 3417 482 intelli-

133 519 562 592 signilicationis
601 517 824 590 gerebat
858 517 1160 582 moraliter,
1191 531 1258 572 ex
1283 523 1594 572 sanctorum
1649 515 1730 570 di-

131 613 264 676 ctis,
325 625 434 666 non
467 619 654 666 nostra
681 619 968 680 ponentes,
1013 609 1328 680 pandamus.
1383 607 1526 676 Quid
1569 607 1732 678 igitur

131 717 324 758 vaccae
353 699 758 776 Allophylorum
789 715 974 756 arcam
1019 699 1114 755 Dei
1163 705 1462 772 gestantes,
1509 697 1614 752 nisi
1667 695 1732 750 li-

131 811 336 868 guram
361 803 676 852 sanctorum
701 809 766 850 ac
790 793 1028 850 ﬁdelium
1059 791 1484 850 renuntiandum
1533 789 1732 846 sreculo

131 887 600 962 praeﬁgurabant?
637 885 728 958 qui
761 885 966 940 nullum
999 885 1180 940 delicti
1199 883 1386 954 iugum
1425 889 1728 948 traxerunt,

131 995 318 1050 neque
363 981 472 1036 ullo
517 979 810 1050 pare'ntelte
853 979 1034 1034 studio
1063 993 1094 1034 a
1133 977 1410 1048 proposito
1455 973 1732 1048 religionis

131 1075 568 1146 praepediuntur,
603 1089 780 1144 neque
805 1069 988 1144 opere,
1018 1074 1158 1128 sicut
1189 1089 1286 1144 per
1315 1071 1532 1144 Moysen
1557 1072 1622 1126 de
1649 1079 1730 1124 ta-

129 1169 280 1226 libus
315 1169 550 1224 dicitur:
587 1189 606 1220 ι
637 1169 738 1236 Qui
762 1169 946 1224 dicunt
969 1168 1110 1238 patri
1135 1179 1234 1222 suo
1255 1173 1308 1220 et
1329 1165 1508 1232 matri,
1535 1163 1728 1220 Nescio

127 1275 254 1326 vos,
281 1271 340 1316 et
367 1261 684 1316 nescierunt
713 1259 892 1334 (Deut.
925 1261 1144 1332 χχχιιι).
1179 1279 1200 1312 ι
1255 1257 1396 1326 Quid
1427 1257 1496 1312 ab
1523 1257 1728 1312 eisdem

127 1355 320 1410 vaccis
351 1355 652 1410 vehebatur
679 1373 692 1408 :
717 1371 886 1411 sacrm
911 1353 1206 1424 Scriptura:
1241 1351 1612 1423 praetendebat
1644 1365 1730 1406 sa-

127 1453 496 1510 cramentum,
533 1445 622 1500 cui
659 1459 852 1502 omnes
881 1446 1054 1501 sancti
1093 1445 1426 1508 obedientes,
1479 1443 1604 1498 dum
1629 1441 1726 1496 ob-

125 1545 442 1606 temperant
463 1537 618 1607 quasi
651 1537 1124 1607 superimpositum
1151 1551 1336 1592 arcam
1369 1533 1580 1590 Domini
1600 1547 1726 1603 por-

123 1635 264 1682 tant.
307 1627 616 1684 Planstrum
651 1643 780 1684 vero
805 1627 960 1694 illud,
993 1629 1048 1683 in
1075 1643 1184 1700 quo
1215 1643 1342 1682 arca
1387 1627 1724 1698 gestabatur,

119 1721 310 1776 crucis
335 1721 538 1776 Christi
583 1720 842 1776 innuebat
865 1721 1202 1794 mysterium.
1245 1719 1396 1776 Unde
1419 1727 1475 1774 et
1511 1717 1724 1774 Veritas

1833 523 2052 586 gnntur.
2087 513 2160 568 Ex
2195 513 2387 584 quibus
2421 515 2560 568 bene
2585 513 2788 570 Azotus
2817 515 3206 586 interpretatur
3255 521 3414 590 ignis,

1833 607 1984 662 illum
2015 605 2226 662 scilicet.
2259 605 2592 678 signiﬁcans,
2617 623 2722 676 quo
2749 609 2916 662 corda
2947 597 3270 664 miserorum
3295 627 3420 668 suc-

1832 695 2150 754 cenduntnr.
2207 695 2284 750 De
2327 695 2522 766 quibus
2571 696 2830 766 scriptum
2855 705 2976 752 est:
3011 717 3030 750 ι
3057 697 3260 756 Omnes
3311 701 3410 756 ad-

1831 787 2129 842 ulterantes
2161 785 2310 842 velut
2353 785 2596 840 clibanus
2621 787 2784 842 corda
2837 803 3024 846 eorum
3056 788 3202 862 (Ose.
3235 789 3352 862 vn).
3389 811 3408 846 ι

1831 879 1897 934 Et
1921 879 2086 948 Gaza,
2115 895 2234 950 quae
2261 879 2460 934 dicitur
2487 879 2744 948 fortitudo
2765 880 2899 950 ejus,
2923 881 3050 952 quia
3081 883 3250 938 fortes
3291 891 3419 938 sinit

1831 971 2200 1028 adulterantes
2227 971 2284 1026 in
2309 971 2538 1036 malum;
2569 971 2684 1026 sive
2715 971 2948 1038 εἰει-ξύων
2977 973 3044 1028 de
3073 975 3272 1044 quibus
3315 973 3420 1030 Do-

1829 1065 2010 1120 minus
2037 1065 2216 1119 dicit:
2269 1083 2288 1116 ι
2337 1063 2738 1120 Sollicitudines
2785 1065 3096 1120 divitiarum
3149 1065 3419 1123 sulfucant

1829 1141 2050 1210 verbum
2077 1153 2292 1224 (Matth.
2321 1153 2386 1222 ι),
2427 1175 2445 1206 ι
2505 1153 2846 1224 accipiuntur
2897 1155 2950 1210 in
3004 1155 3200 1226 quibus
3255 1159 3420 1214 conli-

1827 1243 1964 1300 dunt
1993 1244 2184 1314 iniqui.
2213 1243 2280 1298 Et
2307 1244 2562 1310 Ascalon,
2613 1259 2732 1314 quae
2777 1245 3068 1316 ponderata
3119 1255 3298 1316 sonat,
3331 1249 3416 1304 vel

1827 1337 1960 1408 ignis
1991 1336 2274 1402 homicida,
2325 1335 2545 1390 malitizu
2599 1337 2832 1406 pondus,
2882 1353 2990 1408 quo
3042 1339 3418 1410 deprimuntur

1827 1429 2064 1498 reprobi.
2097 1428 2174 1484 De
2199 1443 2304 1499 qua
2347 1427 2546 1482 dicitur
2575 1447 2588 1482 :
2613 1428 2874 1498 iniquitas
2895 1431 2948 1484 in
2979 1431 3180 1486 talento
3211 1433 3416 1502 plumbi

1825 1523 1996 1586 sciet,
2025 1520 2150 1590 quia
2183 1520 2464 1590 iniquitate
2495 1521 2762 1588 succensi,
2791 1531 2850 1576 ut
2893 1523 3096 1578 divitiis
3137 1525 3416 1580 abundare

1824 1609 2056 1682 possint,
2079 1609 2368 1664 homicidia
2391 1619 2726 1680 perpetrant.
2787 1611 2942 1668 Unde
2983 1611 3122 1668 Geth
3155 1613 3278 1682 jure
3329 1629 3416 1670 se-

1825 1705 2028 1774 quitur,
2057 1719 2176 1774 qute
2207 1703 2444 1758 torcular
2471 1705 2864 1774 interpretatur
2891 1723 2904 1760 :
2933 1704 3214 1776 Signiﬁcat
3233 1717 3414 1764 autem

119 1811 200 1866 ait
225 1826 242 1866 ε
269 1830 294 1864 ε
329 1811 388 1868 εί
417 1813 540 1884 quis
565 1813 678 1868 γυιι
717 1823 840 1884 post
877 1793 964 1868 me
991 1813 1200 1880 venire,
1257 1812 1486 1884 abneget
1517 1819 1718 1868 semel-
1747 1795 1796 1854 B
1825 1793 2198 1852 tribulationes
2227 1797 2512 1866 praesentis
2553 1797 2700 1866 vitae,
2759 1799 2852 1854 ubi
2891 1807 3216 1870 torquentur
3258 1801 3415 1858 electi

119 1901 322 1972 ipsum,
375 1913 432 1958 et
449 1903 602 1960 tollat
619 1919 836 1958 crucem
863 1919 1016 1958 suam
1039 1911 1096 1959 et
1113 1911 1372 1972 sequatur
1387 1917 1474 1958 me
1501 1899 1716 1972 (Matth.

125 2007 256 2060 xv];
287 1991 464 2048 Marc.
517 1999 654 2066 vm).
687 2015 706 2048 ι
761 1995 868 2050 Sed
897 1993 1192 2050 notandum
1221 1995 1472 2064 estquod
1517 1995 1720 2048 eaedem

117 2097 306 2140 vaccae
333 2084 458 2142 fette
489 2085 658 2142 fuisse
687 2093 1076 2152 memorantur,
1125 2085 1250 2156 quia
1279 2093 1406 2140 sunt
1438 2085 1530 2154 qui
1556 2085 1722 2156 pleri-

121 2191 232 2247 que
263 2177 322 2232 in
349 2177 440 2232 via
465 2177 558 2232 Dei
585 2178 912 2234 intrinsecus
941 2177 1102 2249 positi
1131 2176 1264 2232 loris
1285 2177 1594 2234 carnalibus
1639 2175 1720 2230 af-

119 2267 362 2324 fectibus
385 2269 646 2342 ligantur,
683 2271 778 2326 sed
807 2287 916 2326 non
945 2271 1220 2326 declinant
1247 2286 1278 2324 a
1307 2279 1458 2326 recto
1503 2271 1716 2336 itinere,

117 2361 252 2430 quia
281 2377 468 2418 arcam
499 2361 594 2418 Dei
623 2375 844 2433 portant
873 2365 924 2418 in
951 2373 1152 2418 mente.
1205 2363 1346 2420 Ecce
1373 2364 1516 2418 enim
1541 2377 1720 2418 vaccae

113 2453 432 2510 Bethsamis
453 2463 704 2526 pergunt.
737 2455 1044 2511 Bethsamis
1071 2457 1266 2526 quippe
1297 2457 1496 2512 dicitur
1529 2455 1718 2510 domus

115 2549 280 2616 solis,
321 2559 376 2606 et
399 2549 668 2620 Pr0pheta
719 2551 834 2606 ait:
871 2571 890 2600 ο
917 2549 1084 2606 Vobis
1133 2559 1314 2606 autem
1359 2551 1452 2622 qui
1515 2551 1718 2606 timetis

113 2641 298 2696 Deum
325 2643 530 2698 orietur
553 2643 634 2700 sol
677 2643 902 2714 iustitiae
943 2645 1100 2718 (Mal.
1141 2647 1241 2718 tv).
1273 2667 1292 2698 ι
1327 2647 1386 2701 Si
1433 2647 1598 2717 igitur
1649 2647 1716 2703 ad

109 2737 312 2790 :cterni
349 2737 476 2793 solis
517 2739 908 2794 habitationem
951 2741 1241 2806 tendimus,
1290 2741 1508 2813 dignum
1539 2741 1720 2810 profe-

111 2835 206 2882 cto
229 2835 337 2894 est,
365 2835 426 2882 ut
454 2829 520 2884 de
541 2827 638 2884 Dei
687 2829 882 2884 itinere
941 2845 1040 2900 pro
1083 2831 1390 2886 carnalibus
1439 2829 1720 2888 aﬂ'ecﬂbus

111 2931 224 2973 non
251 2917 606 2974 declinemus.
665 2919 799 2976 Tota
823 2921 968 2978 enim
1013 2923 1214 2979 virtute
1243 2924 1576 2994 pensandum
1611 2931 1714 2990 est,

109 3009 262 3080 quod
295 3023 474 3064 vaccze
515 3007 610 3064 Dei
637 3009 882 3080 plaustro
922 3013 1212 3082 supposita:
1265 3019 1498 3084 pergunt
1533 3021 1588 3067 et
1625 3027 1720 3082 ge-

109 3107 296 3164 munt,
325 3099 454 3154 dant
475 3101 544 3156 ab
569 3101 775 3156 intimis
801 3103 1058 3171 mugitus,
1088 3115 1142 3158 et
1175 3111 1354 3158 tamen
1401 3103 1470 3160 de
1521 3103 1716 3158 itinere

109 3205 228 3246 non
259 3189 552 3246 deﬂectunt
595 3209 834 3264 gressus.
889 3191 981 3250 Sic
1031 3195 1288 3250 nimirum
1327 3195 1712 3266 praedicatores

109 3283 320 3350 sancti,
353 3283 434 3340 sic
463 3285 648 3341 ﬁdeles
691 3287 893 3358 quique
939 3287 1084 3342 intra
1113 3295 1356 3342 sanetam
1413 3286 1712 3342 Ecclesiam

105 3373 324 3431 debent
345 3383 408 3429 ut
433 3387 835 3447 compellantur
857 3379 1122 3450 proximis
1153 3393 1252 3450 per
1277 3379 1622 3444 charitatem,
1657 3385 1712 3434 et

105 3473 310 3522 tamen
342 3467 412 3522 de
437 3469 524 3522 via
559 3467 652 3524 Dei
683 3485 788 3524 non
819 3471 1126 3526 cxorbitent
1165 3485 1264 3542 per
1293 3471 1708 3527 confessionem.

191 3581 212 3614 ι
251 3559 364 3618 Sed
387 3569 442 3618 et
469 3571 700 3634 satrapae
727 3563 1174 3620 Philisthinorum
1226 3567 1594 3636 sequebantur
1617 3581 1712 3622 us-

111 3669 140 3706 (
169 3667 284 3724 que
327 3653 397 3708 ad
429 3655 690 3711 terminos
741 3655 1078 3714 Bethsames.
1143 3657 1314 3714 Porro
1365 3659 1714 3716 Bethsamitae

115 3765 136 3798 ι
173 3745 454 3802 metebant
497 3749 734 3805 triticum
773 3751 830 3806 in
875 3751 1032 3808 valle.
1097 3753 1164 3808 Et
1215 3752 1488 3810 elevantes
1528 3755 1714 3810 oculos

115 3855 136 3890 σ
173 3853 330 3904 suos,
351 3839 608 3894 viderunt
633 3857 838 3908 arcam,
878 3849 936 3898 et
973 3843 1144 3914 gavisi
1200 3853 1324 3900 sunt
1381 3861 1506 3900 cum
1549 3845 1714 3902 vidis-

117 3949 138 3984 ι
175 3939 324 3986 sent.
365 3931 433 3986 Et
451 3933 754 4004 plaustrum
777 3933 928 3990 venit
957 3935 1010 3990 in
1041 3951 1228 4008 agrum
1279 3937 1443 3992 Josne
1491 3935 1716 3993 Bethsa-

117 4047 134 4078 ι
179 4027 354 4092 mitte,
381 4035 436 4082 et
463 4029 614 4082 stetit
643 4027 734 4084 ibi.
767 4029 898 4084 Erat
935 4037 1116 4086 autem
1157 4031 1230 4086 ibi
1277 4029 1416 4102 lapis
1463 4047 1712 4104 magnus.

117 4141 136 4172 ι
177 4121 248 4176 Ει
277 4121 634 4176 conciderunt
665 4121 809 4194 ligna
849 4123 1098 4194 plaustri,
1137 4145 1154 4178 ι
1203 4133 1259 4180 et
1305 4125 1532 4197 reliqua.
1595 4125 1716 4182 Jam

109 4215 262 4268 enim
287 4215 540 4282 superius
585 4215 788 4272 dictum
833 4227 938 4286 est,
991 4219 1133 4288 quod
1175 4211 1478 4276 Bethsamis
1528 4221 1716 4276 domus

109 4303 242 4356 solis
269 4303 746 4374 interpretaretur.
797 4305 904 4364 Sed
949 4323 1094 4364 nunc
1135 4323 1256 4378 quae
1299 4309 1403 4364 alia
1445 4319 1624 4380 potest
1661 4311 1714 4366 in

113 4393 222 4448 hoc
245 4393 368 4448 loco
397 4409 520 4450 esse
547 4397 740 4454 domus
771 4399 918 4466 solis,
974 4399 1080 4454 nisi
1135 4415 1320 4456 saneta
1369 4401 1636 4472 Ecclesia,
1683 4419 1716 4460 a

111 4483 246 4540 Sole
265 4485 494 4555 iustitiae
523 4487 826 4546 illustrata?
855 4493 922 4547 Et
945 4493 1076 4564 quid
1123 4503 1207 4550 est
1237 4495 1618 4554 Bethsamitas.
1653 4497 1710 4554 in

113 4579 260 4636 valle
291 4579 562 4638 frumenta
587 4593 811 4652 metere,
838 4587 942 4642 nisi
967 4587 1218 4644 doctores
1257 4589 1514 4646 Ecclesia:
1539 4607 1712 4648 anno-

115 4687 246 4726 nam
275 4671 426 4728 verbi
461 4673 554 4730 Dei
581 4673 636 4729 in
661 4675 966 4734 humilitate
997 4685 1236 4736 tractare
1259 4681 1282 4735 ἲ
1303 4681 1436 4750 Quis
1465 4691 1548 4739 est
1575 4683 1712 4756 lapis

117 4763 174 4818 in
207 4777 346 4834 agro
365 4761 548 4832 Josue,
593 4765 698 4822 nisi
741 4767 994 4826 Christus
1049 4770 1307 4830 Dominus
1361 4775 1418 4830 in
1469 4775 1714 4834 Ecclesia

115 4855 258 4910 sua?
295 4853 468 4928 Ligna
489 4871 620 4914 vero
649 4857 738 4914 illa
769 4861 1016 4931 plaustri,
1047 4863 1216 4936 ipsius
1241 4865 1440 4924 Christi
1463 4869 1713 4944 praeﬁgu-

117 4963 276 5006 rasse
295 4951 480 5008 crucis
509 4955 824 5024 mysterium
853 4971 960 5012 non
983 4957 1202 5014 dubium
1225 4970 1326 5017 est.
1357 4965 1562 5020 Vaccas
1585 4979 1714 5022 vero

117 5055 292 5113 super
335 5041 562 5114 lapidem
603 5045 903 5114 immolare,
958 5057 1040 5104 est
1079 5067 1370 5111 conversos
1427 5068 1642 5114 sanctos
1681 5073 1712 5114 a

121 5135 326 5192 satculo
351 5135 408 5190 in
437 5135 640 5192 Christi
673 5139 974 5197 imitatione
999 5145 1354 5202 mortilicare.

203 5247 224 5282 ι
263 5229 328 5284 Hi
355 5241 484 5286 sunt
507 5239 686 5286 autem
715 5233 804 5288 ani
831 5235 982 5292 aurei
1013 5253 1150 5308 quos
1194 5239 1540 5296 reddiderunt
1581 5241 1712 5298 Phi-

127 5343 146 5376 ε
187 5323 416 5377 listhiim
445 5337 546 5394 pro
587 5323 804 5392 delicto,
831 5325 1058 5384 Domino
1083 5350 1096 5384 ;
1125 5331 1330 5388 Azotus
1351 5351 1536 5402 unum,
1568 5315 1716 5392 Gaz'a

129 5437 146 5468 ι
181 5433 372 5482 unum,
395 5417 628 5474 Ascalon
649 5435 836 5488 unum,
863 5421 998 5478 Beth
1023 5427 1470 5494 unum,Accar0n
1489 5447 1728 5486 unum.»

121 5517 332 5574 Azotus
359 5519 502 5576 enim
532 5521 920 5594 interpretatur
945 5525 1102 5596 ignis,
1128 5525 1272 5582 Gaza
1303 5541 1432 5582 vero
1459 5527 1714 5598 fortitudo
1765 5525 1772 5530 ’

122 5609 262 5700 ejus,
289 5611 406 5668 sive
435 5611 652 5668 divitias.
673 5613 906 5700 Ascalon
951 5618 1148 5690 quippe
1195 5619 1428 5692 pondera
1468 5623 1552 5676 vel
1581 5623 1716 5694 ignis

121 5699 414 5770 homicida,
443 5703 580 5761 Gcth
613 5707 868 5776 torcular,
895 5709 1140 5766 Accaron
1163 5725 1292 5767 vero
1329 5713 1578 5770 sterilitas
1633 5717 1718 5772 vel

123 5795 418 5854 eradicatio
449 5797 666 5858 dicitur.
709 5799 956 5878 Quinque
983 5803 1130 5862 enim
1169 5805 1420 5866 civitates
1471 5809 1714 5874 Palzcsti-

1819 1907 1884 1947 ac
1925 1889 2160 1960 reprobi.
2191 1889 2260 1944 Et
2291 1891 2538 1946 Accaron
2563 1905 2713 1958 vero,
2751 1907 2872 1962 quae
2901 1893 3148 1948 sterilitas
3189 1893 3275 1950 vel
3295 1909 3418 1949 era-

1819 1983 2014 2038 dicatio
2045 1981 2264 2049 dicitur,
2313 1983 2682 2054 reproborum
2729 1983 3002 2056 signiﬁcat
3047 1985 3414 2054 sterilitatem,

1819 2076 1910 2146 qui
1937 2075 2024 2130 his
2051 2073 2196 2130 vitiis
2229 2075 2484 2130 insistunt
2525 2091 2540 2142 ;
2581 2085 2635 2132 et
2663 2077 2708 2132 si
2737 2077 2788 2130 in
2815 2077 2898 2132 his
2925 2079 3414 2148 perseveraverint,

1819 2163 2244 2226 erailicabuntur
2286 2187 2316 2225 a
2345 2180 2492 2226 terra
2529 2171 2846 2228 viventium.
2899 2171 3006 2228 Sed
3047 2173 3130 2228 hae
3175 2173 3416 2244 quinque

1819 2263 2072 2318 civitates
2097 2277 2318 2318 munera
2349 2279 2514 2320 aurea
2535 2263 2788 2328 offerunt,
2823 2267 3042 2336 quando
3071 2281 3206 2322 auro
3251 2265 3412 2338 Spiri-

1821 2353 1946 2410 talis
1973 2353 2342 2424 intelligentiae
2379 2355 2653 2424 instructi,
2706 2357 2888 2412 abhis
2913 2358 3060 2414 vitiis
3107 2373 3206 2428 per
3243 2357 3417 2430 poeni-

1819 2449 2046 2502 tentiam
2079 2447 2433 2514 declinantes,
2479 2463 2600 2520 quae
2627 2447 2682 2504 in
2715 2451 2954 2522 quinque
3003 2451 3250 2507 sensibus
3299 2465 3415 2508 cor-

1817 2539 1967 2610 poris
1999 2541 2358 2596 admittuntur
2387 2541 2586 2598 divinis
2631 2541 2998 2598 Testamentis
3047 2559 3106 2600 se
3153 2545 3410 2600 subdunt.

1825 2630 1976 2686 Ilnde
2007 2645 2230 2686 necesse
2275 2639 2362 2687 est
2388 2639 2450 2686 ut
2471 2633 2756 2688 attendant
2781 2633 2848 2688 ad
2877 2643 3128 2702 mortem,
3185 2635 3276 2690 ubi
3331 2645 3418 2692 est

1819 2723 2044 2776 tristitia
2071 2737 2196 2776 vera
2225 2731 2280 2778 et
2303 2723 2566 2778 sterilitas
2591 2735 2853 2794 perpetua
2883 2733 2940 2780 et
2969 2725 3048 2780 sie
3075 2741 3134 2780 se
3185 2725 3412 2782 cohibe-

1819 2813 1955 2868 bant
1980 2813 2050 2868 ab
2075 2813 2472 2884 iniquitatibus.
2499 2813 2604 2870 Sed
2637 2817 2780 2886 quod
2811 2817 2887 2870 ait
2901 2815 3056 2886 juxta
3083 2817 3366 2872 historiam
3397 2837 3411 2874 :

1897 2924 1918 2956 ι
1953 2905 2034 2960 Ab
2063 2907 2196 2962 urbe
2219 2913 2428 2960 murata
2449 2923 2622 2978 usque
2651 2909 2720 2962 ad
2745 2907 2926 2964 villam
2961 2925 3082 2980 quae
3129 2917 3250 2964 erat
3281 2911 3412 2998 abt-

1827 3013 1848 3048 ι
1875 3011 1978 3066 que
2007 3013 2162 3052 muro
2185 3005 2240 3052 et
2267 3011 2440 3068 usque
2461 2999 2528 3054 ad
2563 2997 2696 3054 Abel
2749 3015 3004 3072 magnum
3055 3015 3218 3072 super
3249 2997 3414 3072 quem

1829 3105 1848 3138 ι
1885 3097 2184 3158 posuerunt
2214 3103 2398 3142 arcam
2431 3089 2666 3144 Domini.
2703 3109 2722 3144 ι
2761 3091 2894 3146 Abel
2939 3105 3196 3164 magnum
3221 3091 3416 3148 civitas

1741 3161 1786 3226 Ο
1818 3187 1902 3234 est
1923 3179 1976 3233 in
2003 3179 2236 3234 termino
2255 3179 2438 3236 Israel.
2469 3181 2602 3236 Abel
2623 3199 2874 3252 magnum
2913 3161 3116 3240 idcirco
3159 3193 3409 3250 vocatur,

1817 3289 1940 3328 cum
1965 3281 2126 3328 antea
2147 3271 2454 3328 Bethsamis
2483 3283 2670 3330 vocata
2693 3275 2782 3339 sit,
2809 3275 2922 3331 sive
2955 3285 3178 3348 propter
3203 3277 3408 3332 luctum

1819 3381 1980 3437 super
2001 3365 2130 3422 viris
2157 3365 2508 3423 Bethsamitis
2543 3367 2616 3422 ita
2645 3367 2874 3434 factum,
2905 3369 3018 3424 sive
3051 3379 3276 3440 propter
3297 3369 3410 3426 dis-

1819 3459 2138 3514 tinctionem
2181 3459 2421 3516 civitatis
2449 3459 2584 3514 Abel
2615 3459 2968 3528 Bethmacha,
2997 3463 3064 3518 de
3093 3477 3200 3532 qua
3233 3461 3415 3518 excla-

1817 3553 1988 3608 mavit
2015 3551 2212 3608 mulier
2243 3553 2462 3622 sapiens
2505 3553 2572 3606 ad
2624 3551 2776 3618 Joab,
2803 3553 2987 3608 dicens
3019 3573 3030 3606 :
3075 3573 3094 3605 ‹
3121 3553 3222 3620 Qui
3247 3553 3414 3608 inter-

1817 3653 2032 3716 rogant,
2063 3645 2400 3714 interrogent
2429 3645 2484 3698 in
2509 3643 2678 3700 Abela
2707 3643 2794 3716 (II
2822 3643 2950 3716 Reg.
2977 3649 3113 3717 xvt).
3145 3665 3164 3698 ι
3201 3645 3292 3701 Sic
3319 3645 3414 3700 ita-

1817 3749 1922 3804 que
1953 3733 2360 3806 intelligendum
2389 3741 2504 3798 est,
2533 3735 2678 3806 quod
2706 3737 2774 3791 ab
2803 3735 2936 3790 urbe
2979 3743 3192 3791 murata
3243 3751 3414 3806 usque

1819 3827 1886 3882 ad
1913 3825 2096 3882 villam
2145 3843 2266 3898 quae
2291 3837 2378 3884 est
2410 3829 2616 3898 absque
2653 3845 2828 3893 muro,
2871 3839 2926 3884 et
2961 3845 3133 3900 usque
3182 3831 3248 3886 ad
3279 3827 3414 3884 Abel

1817 3935 2072 3992 magnum
2099 3919 2365 3975 dederunt
2401 3935 2602 3974 mures.
2643 3939 2662 3972 ι
2695 3919 2872 3992 Super
2913 3935 3096 3990 quem,
3131 3941 3149 3974 ι
3201 3921 3254 3976 id
3305 3931 3410 3988 est,

1819 4027 1980 4084 super
2007 4011 2210 4068 luctum
2241 4029 2260 4064 t
2293 4019 2592 4082 posuerunt
2611 4028 2794 4068 arcam
2837 4014 3072 4080 Domini,
3127 4030 3250 4084 quae
3295 4022 3414 4070 erat

1823 4125 1844 4158 ι
1877 4119 2049 4174 usque
2081 4107 2136 4160 in
2169 4105 2314 4160 illam
2343 4105 2486 4160 diem
2511 4105 2564 4160 in
2595 4119 2726 4174 agro
2751 4105 2916 4162 Josue
2947 4105 3316 4172 Bethsamitis,
3358 4115 3414 4162 et

1825 4217 1844 4251 ι
1879 4199 1980 4256 fuit
2007 4201 2082 4256 ibi
2109 4201 2280 4256 donec
2302 4201 2354 4255 in
2375 4199 2762 4256 Cariathiarim
2787 4202 2946 4256 ducta
2969 4209 3070 4256 est.
3102 4201 3170 4256 Et
3193 4215 3413 4271 percus-

1827 4307 1846 4342 ι
1881 4291 1952 4348 sit
1979 4291 2046 4347 de
2073 4291 2271 4364 populo
2319 4293 2662 4364 septuaginta
2700 4293 2872 4360 viros,
2923 4301 2978 4348 et
3023 4295 3412 4367 quinquaginta

1825 4405 1844 4438 ι
1883 4385 2048 4442 millia
2077 4386 2273 4456 plebis,
2311 4407 2330 4440 ι
2372 4395 2428 4442 et
2449 4387 2656 4458 reliqua
2683 4401 2966 4460 usquequo
3006 4387 3083 4443 ait
3113 4405 3129 4442 :

2427 4559 2656 4617 CAPUT
2695 4559 2804 4614 V11.

1897 4713 1916 4748 ι
1945 4693 2012 4750 Ει
2033 4694 2235 4750 factum
2259 4701 2434 4750 estex
2459 4711 2566 4766 qua
2591 4695 2680 4752 die
2707 4695 2908 4752 mansit
2929 4709 3054 4752 arca
3101 4693 3318 4750 Domini
3355 4695 3410 4752 in

1827 4811 1846 4846 ι
1881 4791 2290 4856 Cariathiarim,
2335 4789 2678 4862 multiplicati
2717 4799 2846 4846 sunt
2883 4791 3000 4847 dies
3037 4789 3180 4864 (erat
3211 4791 3410 4862 quippe

1827 4905 1846 4940 ι
1879 4903 2056 4942 annus
2073 4885 2408 4955 vicesimus),
2439 4895 2494 4942 et
2521 4885 2788 4956 requievit
2815 4887 2992 4942 omnis
3013 4885 3194 4956 Israel,
3217 4887 3410 4940 domus

1827 4997 1846 5032 ι
1881 4987 2004 5050 post
2029 4977 2338 5034 Dominum.
2375 4997 2393 5028 ιι
2435 4975 2590 5044 Quod
2611 4977 2756 5032 enim
2779 4976 2980 5034 dictum
3005 4985 3112 5044 est,
3139 4975 3264 5048 quia
3289 4989 3412 5044 pcr-

1823 5069 1992 5126 cussit
2023 5069 2090 5125 de
2117 5067 2312 5140 populo
2344 5067 2436 5138 qui
2477 5083 2586 5124 non
2626 5077 2784 5124 erant
2831 5069 2898 5124 de
2939 5069 3108 5140 stirpe
3147 5067 3408 5134 Levitica,

1821 5163 2164 5234 septuaginta
2189 5161 2358 5228 viros,
2385 5169 2440 5216 et
2465 5161 2856 5234 quinquaginta
2879 5161 3046 5216 millia
3079 5159 3276 5232 plebis,
3305 5174 3404 5230 pro

1823 5267 1932 5308 una
1953 5253 2256 5323 eademque
2289 5269 2350 5308 re
2381 5251 2748 5310 indili‘erenter
2785 5255 3068 5324 accipitur.
3109 5251 3244 5306 Nam
3265 5261 3320 5308 et
3341 5267 3412 5308 ex

1823 5359 1932 5400 uno
1964 5343 2156 5400 Graeco
2175 5345 2320 5416 quod
2345 5356 2429 5400 est
2449 5346 2566 5408 λαός
2595 5345 2736 5402 solet
2763 5353 3054 5414 utrumque
3099 5343 3404 5398 transferri.

1827 5433 1936 5491 Sed
1968 5436 2024 5490 in
2067 5437 2172 5493 hoc
2207 5437 2422 5494 videtur
2461 5453 2586 5494 esse
2626 5437 2906 5500 distantia,
2955 5435 3083 5506 quia
3135 5437 3190 5490 in
3229 5435 3414 5506 priore

1825 5539 2100 5586 commate
2149 5531 2420 5598 versiculi,
2478 5533 2720 5588 additum
2773 5537 2887 5586 cst'
2923 5529 3028 5584 viri
3071 5531 3411 5602 septuaginta

1825 5633 1954 5680 sunt
1979 5627 2244 5696 percussi.
2285 5627 2362 5682 De
2393 5627 2510 5698 ipsa
2529 5635 2712 5682 autem
2749 5625 2906 5680 turba
2931 5625 3136 5700 vulgari
3165 5627 3411 5686 homines

1825 5717 2214 5791 quinquaginta
2270 5717 2454 5784 millia,
2505 5715 2646 5788 quod
2673 5733 2742 5772 ne
2775 5725 3052 5788 pateretur
3093 5717 3292 5792 (Exod.
3315 5721 3412 5794 xx)

1824 5813 2050 5888 populus
2079 5827 2108 5868 a
2133 5811 2290 5882 longe
2325 5809 2580 5866 stabatet
2611 5811 2826 5880 oraliat,
2872 5809 3018 5872 talus
3069 5813 3280 5880 Moyses
3317 5823 3412 5872 ω.
