3970 6332
628 361 815 420 ἳ87’

1700 356 2051 416 ANGELOMI
2088 354 2549 416 LUXOVIENSIS
2587 348 2888 412 MONACIII
3691 384 3759 445 :88

628 477 899 537 cenditad
929 476 1233 532 Dominum.
1264 474 1416 533 Unde
1455 475 1510 530 in
1552 473 1775 528 Hebraeo
1816 473 1890 526 ita
1932 472 2200 527 habetur:
2230 471 2461 533 Ateste,
2514 467 2743 537 majores
2784 464 2978 519 animae
3029 470 3152 518 sunt
3183 481 3197 530 ;
3228 466 3387 524 colles
3431 488 3548 532 vero
3585 483 3763 544 minores.

637 591 656 624 ‹
691 571 759 626 Et
781 570 1052 641 percussit
1078 568 1144 624 de
1173 568 1369 639 populo
1407 565 1741 635 septuaginta
1768 564 1930 627 viros,
1961 572 2017 618 et
2044 563 2205 633 quin-

630 660 885 731 quaginta
916 658 1081 715 millia
1105 658 1287 722 viros;
1314 657 1440 711 shos
1459 653 1797 724 septuaginta
1821 653 1966 708 viros
1976 650 2206 720 iudices,

632 751 975 822 septuaginta
1003 748 1214 805 Hebraei
1242 746 1631 817 intelliguntur,
1664 759 1893 814 quorum
1916 744 2109 799 merita
2154 749 2210 798 et

632 842 798 913 gloria
824 841 1207 912 quinquaginta
1237 838 1399 894 millia
1418 837 1548 892 viris
1566 846 1975 905 comparantur:
1992 837 2130 893 sicut
2155 842 2212 890 et

636 933 702 987 de
747 931 915 986 David
943 931 1141 985 dicitur
1167 926 1218 999 (1
1243 926 1373 997 Reg.
1394 925 1574 998 mu).
1636 947 1655 977 ι
1685 924 1822 993 Quia
1847 934 1904 980 tu
1931 941 2070 980 unus
2112 939 2211 995 pro

635 1022 821 1077 decem
880 1021 1118 1076 millibus
1160 1016 1511 1088 computaris.
1551 1035 1570 1068 ι
1621 1015 1774 1083 Quod
1825 1015 2026 1070 dictum
2075 1022 2205 1069 est:

642 1139 658 1166 ι
696 1114 830 1182 Quia
854 1130 921 1168 ex
952 1128 1055 1182 qua
1077 1112 1162 1167 die
1192 1111 1391 1166 mansit
1416 1126 1542 1165 arca
1573 1108 1786 1165 Domini
1808 1107 2209 1173 Cariathiarim,

634 1201 971 1272 multiplicati
993 1207 1119 1254 sunt
1138 1200 1252 1255 dies
1271 1218 1284 1253 :
1304 1208 1421 1254 erat
1444 1200 1642 1269 quippe
1669 1213 1843 1252 annus
1868 1197 2207 1261 vicesimus,»

632 1302 690 1348 et
716 1293 945 1362 reliqua,
964 1290 1077 1360 jam
1103 1291 1170 1347 ad
1200 1299 1448 1346 octavum
1474 1304 1644 1361 usque
1667 1305 1868 1344 annum
1909 1289 2061 1361 regni
2110 1288 2215 1343 Da-

631 1383 741 1447 viil,
778 1382 993 1453 quando
1019 1396 1163 1446 eam,
1194 1390 1517 1451 congregata
1566 1379 1746 1451 populi
1777 1378 2101 1450 frequentia,
2158 1378 2214 1435 in

629 1472 931 1528 Jerusalem
961 1470 1208 1536 adduxit,
1233 1471 1341 1527 sint
1376 1470 1558 1543 [anni]
1590 1471 1961 1540 computandi.
2005 1471 2216 1527 Invenio

572 1632 577 1637 .
634 1572 721 1619 tur
749 1578 982 1633 namque
1008 1561 1438 1631 insequentibus
1485 1561 1611 1632 quia
1659 1560 1992 1631 temporibus
2037 1560 2215 1617 Saulis

630 1653 811 1712 fuerat
832 1654 1012 1709 ablata
1043 1653 1108 1708 de
1135 1652 1236 1708 hac
1255 1653 1496 1718 civitate,
1520 1660 1575 1708 et
1605 1651 1764 1707 allata
1794 1654 1849 1707 in
1899 1660 2079 1707 castra
2119 1667 2217 1722 pu-

632 1755 831 1817 gnante
859 1761 925 1801 eo
952 1744 1238 1799 adversum
1262 1742 1623 1799 Philisthaeos.
1690 1743 1783 1798 Sic
1828 1742 2031 1797 etenim
2075 1742 2213 1797 scri-

2310 558 2418 613 Seu
2447 558 2611 614 etiam
2640 555 2848 621 Gabaa,
2886 554 2975 610 ubi
3003 553 3225 610 Eleazar
3254 556 3391 617 ﬁlius
3430 562 3683 628 Aminadab
3713 592 3767 630 sa-

2309 649 2499 705 cerdos
2520 647 2885 713 constituitur,
2915 655 2973 701 ut
2995 646 3263 702 custodiat
3291 664 3465 708 arcam
3504 658 3693 728 Domini,
3722 668 3769 722 in.

2310 747 2639 810 terpretatur
2659 737 2829 803 collis,
2850 737 2935 792 vel
2955 736 3267 794 sublimitas.
3300 726 3767 820 Eleazaredjutoriu

2310 832 2509 889 dicitur
2539 850 2553 886 :
2583 840 2640 888 et
2666 832 2805 887 bene
2827 831 2920 901 qui
2947 831 3182 887 custodit
3206 848 3382 891 arcam
3406 838 3615 907 Domini,
3635 848 3771 916 adjuto-

2311 923 2450 979 rium
2482 923 2883 994 interpretatur,
2923 924 3048 995 quia
3075 926 3248 981 sancti
3297 929 3394 984 viri
3443 934 3662 1004 quidquid
3694 940 3771 998 boni

2310 1014 2531 1081 habent,
2573 1031 2679 1070 non
2728 1015 2796 1069 ad
2838 1030 2932 1093 se,
2978 1015 3073 1071 sed
3122 1017 3191 1071 ad
3232 1016 3500 1077 Dominum
3540 1025 3770 1087 referuntur.

2312 1105 2465 1162 Unde
2489 1107 2774 1178 Apostolus
2820 1125 2833 1162 :
2888 1126 2907 1160 ι
2936 1107 3241 1189 Fiduciam
3288 1112 3442 1167 talem
3478 1114 3691 1173 habemus
3718 1136 3773 1190 per

2311 1195 2586 1252 Christum
2613 1198 2681 1252 ad
2714 1198 2906 1271 Deum,
2930 1214 3035 1253 non
3063 1200 3208 1269 quod
3234 1201 3540 1261 suﬁicientes
3564 1208 3697 1264 simus
3723 1226 3773 1265 oo-

2312 1294 2486 1366 gitare
2507 1294 2706 1364 aliquid
2729 1310 2759 1349 a
2791 1295 2964 1357 nobis,
2981 1295 3133 1366 quasi
3152 1311 3217 1350 ex
3246 1298 3414 1363 nobis,
3442 1301 3529 1354 sed
3551 1300 3774 1359 sollicite-lia

2314 1393 2500 1441 nostra
2529 1399 2594 1439 ex
2626 1383 2741 1440 Deo
2769 1392 2854 1440 est
2878 1383 2931 1454 (1
2958 1384 3080 1439 Cor.
3107 1384 3215 1451 tu),
3247 1405 3266 1438 ο
3315 1395 3370 1442 et
3412 1387 3613 1458 reliqua.
3650 1391 3775 1445 Veron

2314 1473 2718 1539 Cariathiarim,
2746 1489 2868 1544 quae
2910 1474 3298 1543 interpretatur
3338 1476 3455 1530 villa
3492 1476 3709 1543 silvarum,
3737 1480 3776 1532 si-

2314 1567 2536 1639 gniﬁcat
2554 1575 2799 1623 sanctam
2820 1566 3141 1631 Ecclesiam,
3177 1582 3241 1622 ex
3275 1567 3590 1624 multitudine
3622 1570 3778 1640 gentium

2314 1657 2612 1714 collectam.
2664 1657 2718 1712 In
2766 1671 2873 1727 qua
2910 1665 3195 1728 postquam
3225 1654 3601 1712 Testamentum
3634 1659 3776 1723 mansit,

2316 1747 2806 1817 multiplicati'sunt
2828 1747 2984 1818 justi,
3022 1746 3115 1817 qui
3137 1748 3205 1803 ab
3230 1746 3346 1817 ipso
3371 1745 3510 1803 velut
3533 1747 3630 1802 dies
3644 1747 3773 1801 illumi-

632 1846 784 1908 ptum
806 1845 920 1892 est:
960 1856 979 1889 ι
1018 1836 1083 1891 Et
1111 1836 1186 1890 ait
1208 1833 1337 1891 Saul
1359 1836 1427 1891 ad
1447 1834 1674 1891 Achiam
1711 1850 1725 1889 :
1755 1835 1977 1907 Applica
2027 1850 2211 1890 arcam
2240 1831 2290 1895 Β
2317 1838 2427 1893 nati
2451 1846 2594 1892 sunt.
2624 1837 2829 1892 Baalim
2855 1837 3118 1903 habentes,
3146 1838 3262 1894 sive
3287 1838 3610 1901 ascendentes,
3632 1845 3700 1891 aut
3728 1855 3779 1891 n-

633 1926 728 1982 Dei
753 1927 805 1995 (1
830 1925 955 1997 Reg.
983 1926 1080 1997 tv).
1111 1946 1131 1979 ι
1165 1926 1296 1980 Erat
1330 1925 1477 1981 enim
1506 1926 1578 1981 ibi
1611 1941 1734 1981 arca
1758 1925 1853 1981 Dei
1886 1927 1940 1980 in
1969 1926 2058 1981 die
2102 1927 2215 1993 illa,

633 2030 758 2070 cum
784 2013 910 2070 ﬁliis
938 2014 1120 2070 Israel.
1154 2014 1222 2069 Et
1256 2015 1382 2084 quia
1424 2023 1638 2070 constat
1677 2013 1762 2087 (II
1788 2013 1913 2086 Reg.
1944 2018 2046 2086 vr),
2075 2015 2219 2085 quod

635 2110 805 2166 David
825 2125 945 2165 eam
977 2111 1031 2165 iu
1053 2092 1354 2166 Jerusalem
1381 2111 1668 2166 adduxerit
1699 2110 1900 2166 cultam
1949 2111 2016 2166 de
2057 2109 2219 2166 domo

630 2201 955 2268 Aminadab,
984 2204 1039 2257 in
1067 2219 1230 2274 quam
1272 2219 1378 2258 non
1416 2203 1563 2259 illata
1597 2219 1716 2259 esse
1757 2204 2089 2275 perhibetur,
2136 2219 2221 2260 re-

578 2286 587 2293 ’
632 2303 740 2351 stat
771 2294 1015 2367 intelligi,
1045 2295 1170 2366 quia
1202 2295 1258 2350 in
1290 2295 1479 2351 diebus
1507 2295 1683 2352 Saulis
1705 2296 1873 2352 relata
1910 2298 1977 2352 de
2003 2296 2219 2364 castris,

632 2394 687 2441 et
709 2385 763 2441 in
790 2384 1031 2456 praefata
1061 2386 1318 2441 remansit
1367 2385 1514 2441 illata
1546 2387 1787 2453 civitate,
1838 2388 1980 2442 unde
2022 2386 2217 2452 denuo,

635 2483 895 2546 regnante
950 2475 1139 2542 David,
1185 2475 1441 2532 aﬁ'eretur
1478 2476 1534 2531 in
1572 2476 1892 2533 Jerusalem.
1952 2477 2048 2535 Est
2092 2494 2221 2549 ergo

643 2582 839 2624 sensus
867 2576 1181 2624 memorata
1228 2569 1530 2634 sententiae,
1558 2568 1686 2638 quia
1720 2583 1788 2622 ex
1816 2583 1921 2638 qua
1951 2569 2037 2624 die
2070 2584 2223 2624 man-

636 2660 707 2715 sit
734 2674 861 2715 arca
886 2659 941 2714 in
972 2658 1370 2724 Cariathiarim,
1401 2667 1718 2714 erat'annus
1750 2658 2054 2725 vicesimus,
2091 2674 2214 2715 eum

634 2763 757 2805 eam
783 2750 908 2805 inde
937 2747 1221 2805 transferri
1247 2749 1579 2819 temporibus
1605 2747 1735 2804 Saul
1754 2763 1918 2804 causa
1938 2747 2064 2805 belli
2092 2764 2223 2805 con-

637 2843 885 2915 lingeret.
920 2843 1184 2912 Denique,
1214 2842 1478 2898 vicesimo
1502 2850 1720 2914 peracto
1748 2857 1912 2908 anno,
1958 2841 2223 2898 translata

633 2942 718 2990 est
746 2949 777 2988 a
801 2932 1054 2994 Samuele
1084 2933 1138 2988 in
1165 2932 1426 3004 Masphat.
1459 2933 1528 2988 Et
1556 2935 1622 2989 de
1649 2933 1893 3003 Masphat
1934 2929 2225 2989 transtule-

634 3033 761 3080 runt
789 3040 930 3089 eam,
962 3022 1181 3080 Samuel
1209 3032 1265 3079 et
1294 3024 1447 3091 Saul,
1503 3025 1558 3080 in
1600 3023 1845 3096 Galgala.
1889 3023 2020 3081 Inde
2046 3033 2225 3080 trans-

636 3114 747 3171 lata
790 3127 874 3169 est
900 3129 931 3169 a
960 3112 1089 3168 Saul
1104 3113 1164 3168 in
1210 3111 1414 3178 Nohee,
1441 3114 1520 3186 de
1565 3111 1748 3170 Nobee
1796 3114 1851 3169 in
1897 3112 2100 3179 Gabaa,
2157 3113 2263 3173 de.

641 3204 827 3261 Gabaa
849 3205 916 3261 ad
944 3205 1085 3260 Aiud
1111 3205 1330 3260 domum
1353 3204 1665 3261 Obcdedou.
1690 3204 1818 3260 Inde
1865 3205 2141 3261 transtulit
2169 3205 2223 3261 in
2252 3188 2298 3254 Ο

644 3296 794 3353 Sion.
814 3297 892 3353 De
923 3296 1052 3353 Sion
1085 3295 1361 3352 transtulit
1381 3310 1502 3351 eam
1529 3294 1782 3352 Salomon
1798 3297 1851 3352 in
1874 3295 2076 3352 Sancta
2102 3312 2228 3353 san-

643 3395 876 3453 ctorum,
908 3386 993 3442 vel
1022 3395 1172 3444 certe
1202 3385 1488 3442 vicesimus
1521 3397 1640 3442 erat
1667 3401 1863 3453 annus,
1905 3403 2029 3443 cum
2050 3387 2229 3444 adhuc

641 3477 821 3534 omnis
844 3477 1035 3534 domus
1071 3476 1239 3533 Israel
1286 3476 1580 3548 quievisset
1630 3484 1753 3555 post
1795 3478 2106 3544 Dominum,
2134 3479 2231 3534 ab-

634 3570 799 3644 jectis
835 3570 994 3626 idolis
1022 3569 1297 3635 videlicet,
1328 3569 1404 3624 illi
1423 3569 1522 3625 soli
1553 3570 1810 3627 serviens.
1866 3571 2018 3639 Quod
2055 3572 2110 3626 in
2146 3586 2231 3628 se-

639 3663 930 3734 quentibus
952 3661 1186 3719 dieitur:
1220 3682 1238 3715 ‹
1270 3662 1619 3719 Abstulerunt
1641 3662 1735 3719 ﬁlii
1757 3663 1923 3720 Israel
1950 3663 2154 3721 Baalim
2176 3674 2233 3722 et

639 3755 922 3822 Astarotb,
952 3764 1009 3812 et
1030 3756 1339 3812 servierunt
1362 3754 1589 3812 Domino
1610 3756 1731 3812 soli.
1767 3775 1787 3810 ι
1815 3755 1967 3825 Quod
1991 3772 2055 3812 ea
2085 3756 2229 3814 facta

642 3850 716 3905 sit
745 3857 859 3904 toto
886 3857 1127 3920 tempore
1154 3847 1476 3920 praesulatus
1506 3847 1793 3916 Samuelis,
1842 3849 1954 3920 qui,
1995 3848 2231 3921 Josepho

643 3948 800 4008 teste,
827 3939 1111 3996 duodecim
1139 3939 1298 3996 annis
1324 3940 1626 4011 completus
1650 3949 1753 4006 est,
1781 3948 1837 3996 et
1880 3941 2057 4012 primo
2097 3950 2231 3998 tem-

644 4045 777 4101 pore
812 4031 961 4103 regni
1007 4030 1162 4097 Saul,
1194 4031 1307 4102 qui,
1359 4030 1549 4087 eodem
1594 4030 1854 4088 historico
1903 4030 2225 4100 aﬁirmaute,

644 4120 841 4190 viginti
868 4121 1026 4177 annis
1050 4121 1237 4186 tenuit,
1272 4120 1452 4177 nullus
1479 4131 1682 4178 sanctae
1706 4121 1949 4178 historiae
1984 4123 2232 4180 curiosus

646 4211 878 4282 ignorat.
909 4209 1152 4282 Namque
1183 4212 1525 4284 postmodum
1556 4192 1679 4268 eum
1714 4212 2027 4269 recessisset
2064 4212 2234 4286 Spiri-

652 4316 738 4365 tus
789 4307 1004 4367 Domini
1039 4326 1071 4366 a
1105 4308 1290 4378 Saule,
1321 4319 1377 4366 et
1418 4311 1648 4383 agitaret
1701 4328 1827 4369 eum
1874 4314 2098 4384 spiritus
2137 4329 2234 4370 ne-

645 4414 830 4470 quam,
861 4400 1095 4456 maxime
1120 4402 1188 4457 ad
1214 4402 1645 4472 persequendum
1674 4402 1844 4460 David
1873 4404 2154 4460 innoxium
2176 4413 2232 4463 et

639 4489 867 4560 justum,
896 4505 1121 4549 necesse
1148 4499 1268 4548 erat
1299 4502 1510 4565 partem
1537 4494 1742 4551 militiae
1766 4495 1850 4552 vel
1896 4495 2070 4567 plebis
2113 4498 2259 4569 ejus-

648 4581 873 4650 nullam,
897 4582 1115 4640 malitiae
1139 4583 1281 4641 illius
1298 4586 1574 4642 exstitisse
1593 4587 1935 4658 complicem.
1961 4586 2058 4646 His
2072 4588 2229 4660 juxta

647 4673 930 4731 historiam
960 4675 1275 4746 praelibatis,
1304 4676 1433 4748 quid
1482 4679 1708 4750 mystice
1753 4678 2041 4753 signiﬁcet,
2088 4682 2232 4753 quod

628 4768 774 4822 'arca
801 4767 950 4822 venit
973 4768 1029 4823 in‘
1053 4766 1458 4836 Cariathiarim,
1487 4778 1541 4824 et
1568 4768 1868 4826 intulerunt
1896 4786 2018 4826 eam
2051 4771 2106 4827 in
2133 4771 2230 4827 do-

647 4871 796 4911 mum
823 4856 1123 4913 Aminadah
1144 4860 1198 4913 in
1225 4857 1427 4925 Gahaa,
1466 4868 1521 4915 et
1542 4874 1609 4916 ex
1629 4876 1736 4931 qua
1778 4862 1864 4917 die
1907 4863 2107 4918 mansit
2158 4863 2233 4921 ibi

649 4947 994 5018 multiplicati
1022 4956 1151 5004 sunt
1186 4949 1323 5015 dies,
1356 4950 1643 5006 enucleare
1690 4952 2027 5008 conabimur.
2083 4953 2234 5009 Ami-

649 5039 828 5094 nadab
865 5039 1031 5105 enim,
1066 5039 1120 5094 in
1145 5039 1298 5111 cujus
1328 5041 1545 5097 domum
1575 5043 1720 5099 venit
1743 5059 1893 5109 arca,
1922 5052 2073 5115 pater
2091 5060 2236 5100 meus

652 5140 971 5201 spontaneus
1022 5130 1428 5201 interpretatur.
1480 5130 1762 5204 Signiﬁcat
1814 5132 2068 5204 populum
2110 5150 2241 5206 gen-

648 5220 805 5287 tium,
829 5220 916 5276 cui
936 5220 1196 5277 Dominus
1214 5220 1376 5278 Pater
1396 5222 1621 5294 gratiam
1643 5219 1970 5279 Testamenti
1993 5224 2239 5281 contulit.

650 5312 752 5382 Qui
780 5329 904 5370 cum
923 5314 1210 5371 Psalmista
1256 5316 1437 5372 dicere
1487 5325 1703 5386 potest:
1738 5336 1756 5369 ι
1792 5318 2109 5376 Voluntarie
2157 5336 2243 5376 sa-

544 5412 550 5418 ‘
652 5394 909 5462 criﬁcabo
939 5406 1035 5462 tibi
1057 5415 1113 5463 et
1137 5408 1440 5464 conﬁtebor
1468 5410 1671 5464 nomini
1693 5417 1804 5477 tuo,
1835 5411 2082 5480 Domine,
2104 5428 2239 5484 quo-

655 5511 804 5551 neam
857 5497 1059 5553 bonum
1105 5507 1190 5556 est
1230 5489 1413 5573 '(Psal.
1441 5500 1583 5569 uti).
1618 5519 1638 5552 ›
1670 5499 1853 5557 Gahaa
1911 5518 2040 5559 vero
2089 5503 2238 5560 collis

630 5584 894 5653 .dtcitur,
926 5595 982 5642 et
1024 5589 1235 5646 animas
1284 5589 1554 5662 signiﬁcat
1611 5590 1893 5648 humilium
1933 5594 2000 5649 de
2043 5595 2238 5665 quibus

655 5676 853 5733 dicitur
890 5698 903 5734 :
938 5700 958 5732 ι
987 5680 1294 5755 Suscipiant
1323 5692 1533 5741 montes
1560 5699 1746 5756 pacem
1770 5685 1987 5757 populo,
2015 5698 2070 5743 et
2125 5688 2239 5744 col-
2280 5758 2283 5763 Q

656 5767 736 5831 ια.
763 5768 1026 5841 iustitiam
1052 5772 1225 5850 (Paul.
1252 5778 1424 5854 ιιιι).
1472 5797 1492 5832 ι
1526 5778 1735 5838 Montes
1755 5781 1919 5851 enim,
1944 5782 2243 5857 Augustino

2316 1929 2542 2001 perieres
2572 1929 2978 1998 interpretatur,
3013 1942 3174 1997 quem
3195 1926 3289 1982 ﬁlii
3327 1926 3481 1982 Israel
3506 1926 3778 1996 proiecerunt;

2318 2018 2522 2089 pariter
2542 2034 2666 2074 cum
2691 2018 2974 2085 Astaroth,
3000 2017 3143 2074 idola
3170 2018 3406 2088 gentium
3447 2016 3689 2088 signiﬁcat,
3713 2032 3781 2085 qua

2317 2113 2662 2184 proiecerunt
2689 2111 2976 2168 credentes
3001 2127 3065 2167 ex
3099 2110 3371 2183 gentibus,
3424 2117 3537 2180 post
3581 2107 3781 2177 susceptio-

2318 2218 2442 2258 nem
2473 2217 2616 2258 arca:
2639 2201 2997 2258 Testamenti.
3030 2199 3138 2257 Seu
3180 2201 3272 2271 qui
3300 2208 3448 2255 vetus
3494 2197 3634 2253 Israel
3667 2193 3782 2257 estid

2319 2301 2404 2348 est
2432 2292 2508 2348 vir
2534 2291 2711 2347 uidens
2752 2290 2945 2357 Deum,
3004 2289 3187 2346 aufert
3212 2306 3244 2345 a
3272 2303 3331 2345 se
3372 2300 3570 2343 omnem
3610 2283 3783 2339 factum

2320 2384 2677 2454 malignorum
2702 2382 3010 2453 spirituum,
3042 2382 3147 2438 hoc
3166 2381 3311 2438 enim
3335 2381 3675 2457 interpretatur
3690 2373 3783 2428 Asu-

2322 2475 2466 2531 roth.
2497 2473 2689 2529 Aufert
2716 2471 3036 2544 iactantiam
3063 2480 3230 2542 atque
3256 2467 3548 2539 superbiam
3565 2472 3611 2521 et
3638 2463 3694 2518 sic
3715 2475 3783 2517 set-

2320 2567 2399 2623 vit
2421 2568 2529 2622 Deo
2557 2565 2677 2632 soli,
2709 2564 2834 2635 quia
2865 2582 2883 2615 ι
2919 2562 3065 2618 nulla
3092 2563 3328 2619 societas
3350 2569 3432 2616 est
3455 2557 3579 2613 lucis
3611 2554 3663 2610 ad
3697 2562 3784 2607 tene-

2320 2659 2472 2725 bras,
2491 2673 2592 2714 nec
2613 2656 2720 2712 ulla
2735 2656 3021 2713 conventio
3038 2654 3243 2712 Christi
3265 2654 3333 2709 ad
3350 2650 3508 2709 Belial
3531 2648 3577 2722 (Ι
3600 2646 3692 2705 Cor.
3706 2643 3782 2712 u).n

2399 2767 2419 2801 ι
2447 2747 2593 2803 Dixit
2645 2755 2823 2802 autem
2880 2743 3100 2800 Samuel
3146 2763 3160 2799 :
3214 2742 3533 2814 Congregate
3577 2735 3786 2792 universus

2330 2859 2351 2895 ι
2386 2839 2552 2897 Israel
2580 2839 2634 2895 in
2665 2837 2971 2909 Masphath,
3010 2844 3070 2892 ut
3107 2851 3261 2892 orem
3288 2850 3387 2907 pro
3419 2830 3558 2888 vobis
3582 2826 3787 2884 Dominum.

2330 2952 2350 2987 ‹
2384 2933 2830 2989 Etconvenerunt
2854 2930 2908 2985 in
2938 2928 3246 3001 Masphath,
3262 2928 3784 3007 hauseruutqueatlm:

2333 3041 2350 3075 ι
2382 3033 2438 3079 et
2454 3020 2760 3079 cﬁ'uderunt
2806 3021 2863 3076 in
2915 3027 3210 3091 conspectu
3262 3006 3540 3081 Domini,»
3575 3006 3785 3075 etreliqut-

2328 3116 2426 3172 Ilic
2454 3115 2622 3181 enim,
2647 3115 2689 3170 si
2713 3111 3063 3185 praesumptio
3085 3127 3193 3169 non
3225 3111 3465 3168 videatur
3484 3103 3612 3179 (quia
3631 3115 3708 3156 non
3729 3093 3790 3167 ple-

2327 3210 2450 3265 nius
2476 3205 2845 3278 intelligimus)
2877 3205 3007 3277 quid
3047 3213 3150 3270 est,
3188 3205 3334 3277 quod
3379 3216 3564 3273 aquam
3594 3194 3790 3253 hauserunt

2327 3304 2382 3352 et
2405 3294 2707 3377 eﬁ‘uderunt
2732 3295 2788 3350 in
2811 3302 3104 3366 conspectu
3132 3294 3372 3360 Domini,
3413 3290 3533 3363 quid
3554 3287 3791 3377 Hebreum?

2328 3376 2549 3444 traditio
2569 3387 2787 3453 sentiat,
2830 3385 2971 3442 sicut
3000 3385 3055 3440 in
3095 3384 3419 3456 quibusdam
3465 3376 3694 3437 codicibus
3718 3369 3792 3437 lcti-

2331 3496 2471 3547 mus,
2496 3480 2738 3537 inserere
2762 3478 2867 3534 nisi
2888 3494 3097 3535 sumus.
3127 3477 3374 3535 Tradunt
3393 3475 3529 3533 enim
3549 3467 3664 3541 quod
3681 3472 3792 3520 coni

2334 3572 2567 3628 Domino
2596 3572 2651 3628 in
2683 3572 2873 3628 eadem
2898 3587 3036 3643 aqua
3083 3571 3372 3629 maledicta
3419 3573 3642 3639 congesta
3662 3558 3793 3619 sintutl

2331 3662 2473 3719 sicut
2499 3663 2556 3718 in
2585 3661 2701 3735 lege
2722 3661 2919 3719 mulier
2943 3663 3191 3735 zelotypa
3219 3665 3412 3720 hausta
3462 3672 3586 3729 aqua
3623 3645 3794 3735 prohat:

2334 3763 2440 3821 tur,
2474 3757 2551 3811 ita
2576 3731 2748 3812 et'hic
2773 3731 3218 3813 idololatrarvhac
3254 3771 3391 3828 aqua
3418 3747 3610 3826 probati
3637 3747 3739 3800 stult-
3759 3731 3795 3789 Hi
3856 3731 3857 3789 ἓ

2331 3847 2605 3915 videlicet,
2627 3848 2721 3920 qui
2764 3864 2823 3905 se
2850 3847 2992 3905 idola
3033 3848 3269 3907 coluisse
3300 3847 3505 3920 penitus
3549 3831 3794 3907 denegabat

2333 3940 2579 3997 Tradunt
2632 3941 2822 4010 etiam,
2876 3943 3020 4012 quod
3070 3943 3382 4014 quicunque
3433 3933 3677 3994 idololatra
3716 3924 3795 3977 Ιιυί

2333 4042 2531 4106 aquam
2553 4043 2848 4106 gustasset,
2875 4035 3016 4092 labia
3057 4031 3172 4107 ejits
3212 4037 3288 4093 ita
3323 4035 3421 4092 sibi
3456 4025 3742 4115 adhaereant,
3764 4016 3796 4115 tl

2333 4146 2674 4201 nequaquam
2705 4147 2767 4187 ea
2794 4135 2862 4188 ab
2884 4132 3117 4189 invicem
3138 4147 3395 4203 separare
3412 4134 3595 4202 posset.
3620 4116 3704 4176 Hoc
3718 4109 3797 4167 indi-

2333 4220 2418 4276 cio
2464 4221 2764 4281 idololatria
2816 4221 3344 4295 deprebEndehatur,
3384 4230 3439 4280 et
3471 4206 3796 4302 interﬁciellllf"

2334 4313 2489 4382 Quod
2526 4325 2581 4370 et
2629 4317 2911 4386 sequentia
2954 4317 3356 4385 demonstrant,
3405 4316 3458 4372 in
3503 4325 3563 4368 eo
3594 4298 3706 4377 quod
3731 4298 3797 4386 ιίιτ

2340 4427 2359 4461 ι
2387 4406 2760 4482 Judicavitque
2785 4410 3006 4468 Samuel
3030 4412 3169 4470 ﬁlios
3190 4413 3357 4471 Israel
3370 4413 3423 4468 in
3447 4397 3703 4476 uaspbath-
3718 4411 3730 4444 ι
3745 4385 3798 4484 ³ῗ

2333 4490 2518 4558 dieare
2544 4503 2645 4559 hoc
2670 4504 2722 4559 in
2746 4502 2888 4571 loco,
2907 4505 3218 4563 idololatras
3243 4503 3529 4563 secundum
3546 4497 3689 4566 legem
3705 4484 3798 4540 ωοτίί

2333 4594 2549 4650 tradere
2572 4593 2721 4650 dicit.
2755 4595 2951 4652 Dicunt
2993 4598 3157 4654 etiam
3188 4598 3333 4670 quod
3371 4596 3471 4651 hoc
3508 4585 3645 4646 modo
3670 4579 3800 4670 N015?

2334 4685 2668 4753 idololatras,
2691 4687 2785 4758 qui
2808 4687 3033 4743 vitulum
3063 4662 3651 4760 fecerant,-probaverit,
3667 4662 3801 4760 (ιωδῆ

2334 4775 2564 4847 arripuit
2587 4750 2812 4833 vitulum
2837 4787 2894 4834 et
2923 4779 3241 4847 combussit,
3267 4750 3612 4845 conantique
3628 4750 3801 4834 usque“

2330 4858 2630 4939 pulverem,
2651 4878 2708 4926 et
2724 4871 2925 4942 sparsit
2947 4871 3003 4927 in
3026 4887 3248 4943 aquam,
3279 4882 3336 4930 et
3356 4869 3499 4928 dedit
3521 4880 3582 4922 ex
3609 4875 3662 4917 eo
3688 4858 3801 4927 p01Iul

2334 4957 2460 5016 ﬁliis
2486 4960 2665 5017 Israel.
2685 4960 2796 5018 Nos
2808 4963 2923 5034 jam
2955 4963 3172 5020 illorum
3207 4965 3545 5022 deliramenta
3573 4949 3800 5034 omittealcf:

2340 5049 2467 5128 quia
2492 5060 2674 5107 utrum
2700 5025 2889 5108 verum
2928 5053 3001 5110 sit
3032 5054 3360 5127 ignoramus,
3401 5046 3677 5120 simpliciter
3708 5025 3802 5128 Mf“

2340 5117 2578 5212 ιῖεἶωιιε,
2613 5143 2754 5215 quod
2782 5152 2890 5199 tam
2920 5117 3111 5203 sancio
3131 5147 3250 5215 viro
3297 5117 3628 5203 conveniebat
3662 5137 3707 5185 ιιι
3739 5117 3801 5192 ll"

2339 5231 2462 5287 hem
2476 5234 2578 5289 sibi
2590 5237 2955 5304 commissam,
2985 5238 3040 5294 in
3051 5238 3260 5311 justitia
3283 5246 3337 5294 et
3360 5234 3592 5294 veritate,
3611 5230 3655 5281 el

2342 5324 2627 5395 prudentia
2652 5296 3001 5397 gubernaret.
3027 5296 3292 5399 (ἔξιθι-απ]
3334 5325 3461 5398 quid
3489 5321 3637 5392 “8"”
3674 5296 3803 5396 signia.

2341 5426 2446 5484 cet,
2481 5418 2735 5476 intimare
2782 5421 3019 5477 breviter
3066 5398 3423 5493 aggredimur.
3455 5398 3800 5499 MasPha‘hfm:

2342 5525 2446 5581 quo
2480 5522 2838 5585 congregatus
2869 5524 2952 5570 est
2975 5490 3159 5581 Israel,
3186 5514 3278 5570 ubi
3308 5519 3365 5568 et
3391 5519 3571 5578 aquam
3598 5490 3745 5556 hausit.
3772 5490 3802 5585 If

2342 5580 2631 5672 conspectu
2654 5580 2897 5668 Domini,
2946 5605 3337 5676 interpretatur
3384 5594 3600 5660 intentio.
3645 5580 3805 5676 me“?

2342 5693 2651 5763 signiﬁcans
2673 5694 2987 5761 Ecclesiam,
3013 5674 3105 5751 ubi
3126 5712 3254 5754 vera
3274 5703 3357 5751 est
3378 5686 3613 5748 intentio,
3631 5686 3721 5748 qut

2344 5746 2450 5843 iiiis
2477 5746 2654 5859 pias
2673 5746 2965 5859 eam;
2974 5746 3259 5862 manu.
3280 5746 3522 5851 intelligi,
3538 5779 3584 5835 in
3596 5746 3758 5828 ’ωὶίωιι
3772 5746 3809 5803 ι
