3970 6332
161 343 278 402 289

1129 345 1384 402 ENARR.
1429 345 1496 402 IN
1535 345 1782 404 LIBROS
1823 347 2082 404 IiEGUM.
2123 379 2190 390 --
2225 347 2292 404 IN
2333 349 2462 406 LIB.
2505 349 2546 404 I.

3323 347 3432 406 290

157 463 280 526 dei,
307 461 410 518 sub
435 473 576 516 novo
603 459 928 526 sacerdotio,
981 459 1262 516 collectam
1295 479 1306 515 :
1335 476 1504 532 aquas
1559 461 1738 532 lacry-
1771 465 1818 524 Α
1847 471 2054 518 rentur.
2083 464 2234 532 Quod
2263 473 2442 518 autem
2483 463 2560 518 ait
2599 477 2614 517 :
2651 481 2668 514 ε
2705 463 2830 518 Erat
2865 477 2966 534 pax
3009 463 3148 518 inter
3183 463 3347 520 Israel
3377 471 3432 520 et

157 567 380 608 marum
409 551 686 614 hauriens,
717 559 772 606 et
795 565 894 620 per
919 549 1346 608 satisfactionem
1393 551 1746 622 paenitentiae,

153 659 256 700 eas
279 645 334 698 in
365 649 654 712 conspectu
679 641 890 696 Domini
923 641 1224 698 cﬂ'uudcns.
1252 643 1404 712 Quod
1437 653 1616 698 autem
1647 641 1748 698 Sa-

153 733 312 788 muel
333 733 592 804 propheta
621 731 674 786 in
703 731 892 786 eodem
921 731 1064 798 loco,
1101 733 1204 790 hoc
1237 743 1320 788 est
1349 735 1406 788 in
1443 731 1744 804 Masphath,

151 821 422 896 populum
451 821 802 876 lsraeliticum
823 821 1120 892 judicabat,
1151 823 1254 878 hoc
1303 823 1570 878 indicasse
1597 823 1748 878 vide-

151 921 278 978 tur,
333 913 478 986 quod
511 913 688 968 omnis
713 913 1036 982 praedicator
1061 913 1386 984 spiritualis,
1427 929 1522 970 eos
1565 913 1750 968 ﬁdeles

147 1005 400 1060 maxime
427 1005 624 1060 docere
655 1003 852 1068 studet,
893 1019 1030 1074 quos
1051 1003 1104 1058 in
1135 1003 1490 1058 intentionem
1513 1013 1750 1058 contem-

143 1097 416 1170 plationis
441 1106 604 1166 atque
633 1095 702 1150 ad
731 1109 974 1150 amorem
999 1095 1189 1166 patriae
1229 1095 1468 1150 caelestis
1511 1095 1748 1150 intentos

145 1203 280 1244 esse
309 1187 666 1259 perspexerit.

231 1297 254 1332 ε
293 1281 360 1334 Et
373 1279 980 1347 ascenderuntsatrapm
993 1275 1440 1332 Philisthinorum
1467 1277 1532 1332 ad
1561 1277 1739 1332 Israel.

155 1391 178 1424 ε
215 1371 372 1440 Quod
395 1385 518 1428 cum
545 1369 822 1424 audissent
853 1367 948 1422 ﬁlii
979 1367 1169 1434 Israel,
1223 1369 1522 1423 timuerunt
1549 1383 1582 1422 a
1611 1367 1748 1424 facie

153 1483 178 1516 σ
219 1463 696 1526 Philisthinorum,
747 1461 1110 1530 dixeruntque
1155 1459 1224 1514 ad
1270 1459 1576 1516 Samuelem
1624 1459 1748 1516 :Ne

149 1575 172 1606 ¢
213 1571 402 1610 cesses
429 1569 528 1624 pro
553 1553 706 1608 nobis
731 1551 970 1606 clamare
996 1549 1062 1606 ad
1091 1551 1379 1606 Dominum
1433 1551 1600 1606 Deum
1645 1565 1744 1606 no-

149 1669 170 1702 ¢
207 1661 412 1712 strum,
437 1657 498 1702 ut
523 1647 692 1702 salvet
717 1661 814 1700 nos
835 1645 900 1700 de
921 1661 1084 1700 manu
1107 1643 1572 1700 Philisthinorum.
1603 1643 1748 1700 Tulit

147 1761 168 1794 ε
207 1753 398 1796 autem
435 1739 652 1796 Samuel
683 1753 882 1808 agnum
907 1737 1194 1792 lactentem
1229 1753 1418 1800 unttm,
1469 1745 1526 1792 et
1554 1735 1749 1790 obtulit

1859 573 1878 608 ι
1921 557 2318 622 Amorrhacum,
2357 575 2374 606 ι
2421 557 2522 610 hoc
2551 555 2604 610 in
2629 555 2810 610 futuro
2855 555 3151 624 intelligere
3181 557 3428 621 dabatur,

1851 649 1978 720 quia
2015 657 2302 720 postquam
2329 661 2424 718 per
2453 645 2760 718 passionem
2793 645 3004 702 Domini
3056 661 3230 700 aerea:
3275 655 3430 716 pote-

1851 747 2020 794 states
2043 739 2196 794 victae
2221 745 2520 802 cesserunt,
2549 751 2720 806 usque
2749 735 2980 807 populus
3025 751 3092 790 ex
3145 735 3434 790 circumci-

1851 827 2002 882 sione
2021 827 2270 882 videlicet
2307 835 2360 882 et
2389 827 2650 898 praeputio
2677 827 2926 894 credens,
2959 825 3012 880 in
3039 825 3258 880 civitate
3305 825 3430 881 fidei

1849 915 1952 972 sibi
1981 917 2346 972 concordavit.
2377 917 2726 974 Amorrhaeus
2775 919 3166 988 interpretatur
3191 933 3428 984 amarus,

1849 1011 1934 1068 vel
1959 1011 2192 1082 loquens.
2223 1011 2290 1066 Et
2317 1011 2608 1082 Apostolus
2637 1011 2714 1066 ait
2741 1027 2754 1064 :
2791 1031 2810 1062 ς
2835 1011 3224 1081 Vosquieratis
3255 1009 3430 1078 longe,

1849 1103 1976 1160 facti
2005 1103 2138 1158 estis
2163 1117 2329 1174 prope
2357 1103 2412 1156 in
2443 1101 2704 1170 sanguine
2726 1101 3100 1172 Christi..lpse
3156 1109 3238 1156 est
3285 1099 3428 1152 enim

1847 1213 1954 1268 pax
1983 1205 2191 1258 nostra,
2217 1195 2308 1264 qui
2339 1193 2467 1250 fecit
2507 1203 2734 1266 utraque
2801 1209 2966 1248 unum
3015 1193 3174 1264 (Eph.
3205 1193 3286 1264 ιι),
3323 1212 3340 1244 ι
3375 1197 3432 1246 et

1849 1289 2076 1358 reliqua.
2107 1285 2210 1340 Iste
2237 1295 2320 1340 est
2343 1283 2562 1340 Samuel
2605 1285 2694 1354 qui
2747 1284 3020 1340 invocavit.
3055 1283 3248 1350 Deum,
3293 1283 3432 1338 sicut

1849 1379 2282 1450 insequentibus
2317 1379 2528 1450 legitur,
2579 1377 2852 1432 exaudivit
2889 1393 3012 1432 eum
3063 1377 3222 1442 Deus,
3277 1387 3328 1432 et
3379 1377 3432 1432 in

1851 1479 2092 1540 tempore
2127 1469 2320 1524 messis
2345 1467 2582 1538 pluviam
2611 1469 2937 1540 impetravit.
2995 1467 3182 1522 Pluvia
3209 1469 3352 1522 cuitu
3379 1469 3430 1522 iu

1849 1561 2050 1616 sanctis
2075 1559 2373 1628 Scripturis
2403 1559 2568 1616 verba
2597 1569 2722 1614 sunt
2767 1559 3064 1630 Evangelii,
3121 1559 3234 1614 sive
3275 1559 3430 1632 legis.

1849 1651 2002 1708 Sicut
2020 1661 2076 1708 et
2106 1651 2314 1724 Moyses
2335 1651 2500 1706 dicit:
2525 1669 2544 1702 σ
2571 1651 2924 1722 Exspectctur
2951 1651 3089 1708 sicut
3111 1652 3286 1722 pluvia
3316 1653 3432 1708 elo-

1849 1743 2034 1812 quium
2065 1757 2264 1806 meum,
2305 1747 2360 1796 et
2391 1741 2726 1796 descendant
2775 1739 2918 1794 sicut
2961 1755 3052 1796 ros
3099 1739 3262 1796 verba
3309 1755 3432 1796 mea

147 1855 168 1888 ι
207 1835 366 1889 illum
395 1833 770 1888 holocaustum
803 1829 1072 1901 integrum
1099 1829 1348 1884 Domino.
1385 1849 1404 1882 ι
1451 1829 1636 1900 Agnus
1659 1829 1748 1886 hic
1779 1845 1826 1906 Β
1855 1833 2034 1906 (Deut.
2065 1835 2262 1906 xxxu).
2295 1853 2314 1886 ι
2345 1831 2496 1886 Hanc
2547 1833 2710 1902 igitur
2749 1831 2988 1902 pluviam
3039 1831 3188 1886 dedit
3233 1833 3434 1888 mundo

145 1941 202 1980 in
227 1935 360 1996 typo
389 1921 605 1976 oblatus
629 1919 824 1991 populo
850 1917 944 1974 Dei
969 1919 1252 1974 victoriam
1299 1919 1566 1988 praestitit,
1620 1919 1746 1988 quia

149 2017 408 2072 videlicet
435 2031 534 2086 per
567 2014 876 2084 passionem
905 2009 1106 2066 Christi
1143 2011 1434 2066 immundis
1467 2011 1746 2080 spiritibus

147 2107 446 2178 superatis,
477 2123 582 2176 pax
615 2105 822 2160 reddita
847 2113 930 2160 est
953 2103 1218 2158 ﬁdelibus.
1255 2101 1406 2160 Unde
1429 2111 1484 2158 et
1503 2101 1558 2157 in
1589 2117 1746 2159 sacra

145 2199 384 2254 historia
415 2195 758 2268 sulijungitur
787 2213 802 2250 :

225 2309 244 2340 ι
287 2289 514 2344 Factum
543 2297 628 2344 est
655 2303 784 2359 ergo
809 2301 934 2342 cum
961 2285 1182 2342 offerret
1207 2285 1584 2342 holocaustum
1641 2289 1746 2344 Do-

151 2405 172 2436 ι
215 2385 388 2446 mino,
417 2383 746 2438 Philisthiim
777 2381 948 2436 iniere
963 2380 1204 2451 praelium
1229 2389 1416 2436 contra
1441 2381 1626 2436 Israel.
1657 2381 1744 2436 In-

151 2493 174 2524 c
219 2475 400 2528 tonuit
427 2481 606 2526 autem
637 2471 898 2526 Dominus
937 2469 1150 2542 fragore
1175 2487 1370 2542 magno
1409 2471 1462 2526 irt
1515 2471 1600 2524 die
1655 2471 1745 2526 illa

163 2583 186 2614 ι
231 2579 396 2632 super
421 2561 770 2627 I‘hilisthiim,
811 2569 866 2616 et
911 2561 1176 2616 exterruit
1225 2577 1342 2628 eos,
1379 2581 1398 2613 ι
1433 2573 1488 2616 et
1517 2563 1742 2632 reliqua.

147 2655 316 2710 Tunc
345 2657 484 2710 enim
507 2653 768 2708 Dominus
793 2651 1010 2724 fragore
1031 2669 1228 2726 magno
1259 2655 1746 2726 iutonuit,quando

139 2765 254 2820 per
289 2759 506 2804 sanctos
539 2747 810 2816 apostolos
859 2761 1050 2802 sonum
1095 2747 1494 2816 praedicationis
1544 2749 1742 2804 emisit.

141 2839 322 2896 Juxta
357 2841 500 2910 quod
527 2839 788 2908 scriptum
817 2847 896 2892 est
931 2851 990 2890 τι
1035 2837 1272 2893 Intonuit
1325 2840 1390 2894 de
1445 2837 1596 2894 caelis
1643 2839 1750 2894 Do-

141 2931 362 2994 minus,
390 2941 444 2984 et
465 2929 772 2984 Altissimus
799 2926 946 2982 dedit
969 2941 1154 2982 vocem
1179 2943 1331 2984 suam
1355 2927 1526 2999 (Psal.
1557 2927 1744 3000 xvn)»

145 3021 266 3078 Sed
291 3023 420 3076 dum
445 3021 546 3076 ista
561 3019 796 3074 intonuit
817 3019 1102 3084 Dominus,
1117 3021 1382 3076 exterruit
1399 3019 1742 3084 Philisthiim,

143 3123 206 3170 et
239 3113 368 3168 caesi
399 3121 526 3166 sunt
549 3125 580 3164 a
611 3109 734 3166 ﬁliis
761 3109 948 3166 Israel.
1009 3109 1144 3178 Quia
1193 3111 1446 3166 videlicet
1485 3111 1748 3166 immundi

1847 1925 2096 1984 Christus
2130 1927 2182 1980 in
2223 1933 2464 1996 tempore
2509 1925 2723 1990 messis,
2775 1923 2828 1979 id
2871 1931 2954 1978 est
2987 1923 3200 1994 quando
3247 1931 3434 1994 gentes

1848 2018 2026 2090 colligi
2065 2019 2370 2088 oportebat,
2419 2025 2478 2070 ut
2509 2017 2648 2072 sicut
2695 2015 3028 2070 frumentum
3077 2015 3304 2080 horreis,
3353 2013 3434 2069 sic

1849 2113 1992 2168 intra
2028 2111 2284 2166 Ecclesiae
2311 2111 2490 2166 sinum
2515 2107 3008 2180 congregarentur.‘

1925 2223 1942 2254 ι
1973 2199 2492 2258 JudicabatSamuel
2513 2199 2682 2255 Israel
2711 2199 2918 2254 cunctis
2937 2197 3126 2254 diebus
3151 2198 3274 2250 vitae
3299 2211 3432 2262 suae,

1855 2309 1874 2344 ‹
1920 2299 1976 2346 et
2005 2291 2120 2346 ibat
2147 2305 2242 2360 per
2273 2287 2510 2358 singulos
2541 2303 2714 2342 annos
2751 2285 3182 2342 circumveniens
3219 2283 3434 2350 Bethel,

1859 2401 1878 2435 σ
1924 2391 1978 2438 et
2007 2381 2251 2455 Galgala,
2277 2391 2332 2436 et
2379 2381 2680 2452 MaSphath,
2705 2389 2758 2436 et
2775 2381 3054 2450 judicabat
3083 2377 3246 2434 Israel
3271 2377 3324 2432 in
3345 2393 3436 2433 su-

1859 2495 1876 2528 ε
1921 2475 2180 2544 pradictis
2211 2473 2362 2529 locis.
2387 2493 2404 2524 ι
2435 2473 2548 2528 Νοη
2573 2473 2715 2528 enim
2737 2483 2894 2528 vacat
2921 2487 2952 2527 a
2995 2471 3256 2543 mysterio
3291 2469 3436 2542 quod

1851 2565 2070 2622 Samuel
2123 2565 2176 2618 in
2215 2563 2540 2634 supradictis
2593 2563 2728 2618 locis
2779 2561 3110 2618 conveniens
3155 2561 3448 2632 judicabat

1847 2657 2034 2714 Israel.
2069 2657 2126 2712 In
2169 2658 2272 2712 hoc
2311 2657 2456 2712 enim
2485 2665 2669 2728 typum
2709 2655 2882 2710 tenuit
2921 2655 3198 2709 doctorum
3237 2659 3438 2707 sanctae

1849 2749 2122 2814 Ecclesia),
2149 2757 2202 2802 et
2225 2757 2282 2802 ut
2305 2747 2406 2800 hoc
2429 2745 2768 2800 manifestius
2794 2751 2998 2816 pateat,
3023 2741 3436 2798 manifestemus

1849 2844 2050 2900 clarius
2077 2859 2090 2896 :
2113 2839 2298 2920 Bethcl
2329 2839 2494 2904 enim,
2523 2853 2644 2908 quae
2675 2837 3062 2906 interpretatur
3091 2833 3279 2886 domus
3311 2831 3432 2896 Dei,

1851 2947 2095 2996 sanctam
2125 2932 2392 3006 signiﬁcat
2415 2931 2712 3004 Ecclesium
2735 2944 2854 3000 quae
2877 2927 3068 2984 domus
3091 2925 3186 2980 Dei
3211 2924 3434 2992 dicitur,

1853 3027 1906 3082 in
1947 3043 2052 3098 qua
2085 3025 2344 3080 Dominus
2389 3039 2486 3078 sua
2535 3021 2706 3094 gratia
2753 3019 3004 3076 videlicet
3055 3019 3110 3074 in
3159 3017 3434 3074 mentibus

1852 3121 2148 3176 electorum
2195 3117 2444 3174 habitare
2489 3115 2742 3188 dignatus
2784 3123 2884 3170 est.
2936 3111 3098 3168 Juxta
3143 3111 3286 3182 quod
3319 3111 3433 3166 ait:

145 3203 386 3274 spiritus
409 3243 426 3268 ,
457 3201 934 3272 praedicatiombus
961 3209 1272 3256 sanctorum
1315 3201 1587 3268 cedentes,
1615 3217 1646 3256 a
1671 3199 1752 3258 fa-
1777 3209 1822 3272 c
1859 3231 1878 3262 σ
1915 3209 1982 3265 Et
2001 3207 2344 3264 inambulabo
2363 3217 2420 3262 et
2441 3207 2754 3260 inhabitaho
2775 3205 2930 3266 in_eis
2952 3203 3032 3276 (II
3061 3201 3184 3258 Cor.
3209 3219 3284 3270 vt,
3311 3201 3432 3256 Leu.

143 3301 242 3354 cie
263 3313 454 3352 eorum
483 3297 874 3360 discesserunt,
901 3297 1042 3366 quod
1071 3295 1284 3368 plenius
1309 3295 1362 3350 in
1381 3295 1748 3352 ecclesiastica
1849 3301 1960 3374 26).
1987 3321 2006 3352 ι
2035 3299 2186 3356 Unde
2227 3309 2280 3354 et
2315 3297 2558 3370 Galgala,
2588 3311 2706 3367 quae
2747 3295 3132 3366 interpretatur
3163 3283 3430 3360 revelatio,

141 3391 392 3446 historia
423 3387 746 3444 declaratur.
779 3387 934 3444 Unde
961 3389 1250 3454 Bethchar,
1307 3387 1396 3443 ubi
1437 3389 1561 3444 caesi
1603 3397 1748 3454 sunt,
1849 3393 2094 3450 eamdem
2119 3391 2382 3462 signiﬁcat
2405 3389 2726 3456 Ecclesium,
2753 3389 2820 3450 de
2842 3405 2948 3460 qua
2977 3387 3236 3444 Dominus
3263 3387 3432 3442 dicit.

143 3487 558 3556 interpretatur
609 3485 794 3538 domus
843 3483 1146 3552 agnitionis,
1195 3483 1308 3538 sive
1369 3483 1556 3538 domus
1605 3483 1748 3554 agni,

143 3577 462 3634 Ecclesium
493 3575 858 3648 prmﬁguravit
903 3575 1044 3630 illius
1089 3575 1154 3628 de
1203 3589 1312 3644 quo
1347 3573 1582 3629 Joannes
1635 3573 1746 3628 ait:

153 3691 176 3724 ι
221 3671 368 3726 Ecce
391 3669 576 3740 Agnus
623 3669 738 3732 Dei,
785 3681 912 3722 ecce
965 3667 1056 3737 qui
1115 3665 1254 3720 tollit
1301 3677 1522 3736 peccata
1567 3665 1752 3722 muttdi

147 3763 346 3836 (Jonn.
383 3761 444 3826 ι).
481 3780 498 3812 ι
539 3759 596 3815 In
635 3775 762 3830 qua,
813 3767 918 3814 cta
951 3773 1054 3828 qua
1093 3757 1356 3822 Ecclesia,
1407 3757 1630 3812 Domino
1669 3757 1752 3812 fa-

145 3861 346 3914 vente,
381 3851 640 3904 immundi
675 3849 898 3920 spiritus
925 3847 1166 3916 superati
1201 3857 1346 3902 sunt.
1373 3849 1440 3902 Et
1479 3847 1616 3902 bene
1641 3847 1748 3902 ait:

155 3965 176 3996 ‹
207 3945 490 4000 Persecuti
521 3955 646 4000 sunt
673 3957 768 3998 eos
791 3959 964 4012 usque
989 3943 1054 3996 ad
1085 3941 1262 3996 locum
1285 3943 1376 4012 qui
1425 3949 1544 3996 erat
1593 3955 1754 4010 super

151 4037 476 4100 Bethehar,
537 4055 558 4088 ι
611 4049 736 4106 quae
775 4035 1168 4104 interpretatur
1217 4035 1404 4088 domus
1449 4033 1750 4103 agnitionis,

151 4131 284 4202 quia
317 4129 508 4184 tandiu
545 4129 930 4200 praedicatores
963 4127 1232 4198 persecuti
1273 4135 1418 4192 sunt,
1473 4139 1754 4196 quousque

149 4225 340 4280 omnis
367 4239 522 4278 error
555 4229 964 4294 expurgaretur,
1007 4229 1062 4278 et
1097 4235 1224 4274 vere
1255 4219 1398 4274 Deus
1428 4233 1750 4290 agnoscere-

149 4323 262 4374 titr.
305 4317 596 4387 Sequitur:

233 4433 252 4460 ι
291 4409 446 4464 Tulit
465 4421 646 4466 autem
689 4413 908 4464 oamucl
961 4407 1190 4478 lapidem
1243 4421 1428 4470 unum,
1483 4413 1538 4462 et
1576 4409 1756 4476 posuit

157 4525 176 4556 ε
215 4519 348 4560 eum
371 4503 514 4558 inter
535 4503 816 4574 Masphath
839 4509 894 4556 et
917 4501 1060 4556 inter
1077 4499 1214 4566 Sen;
1237 4507 1294 4554 et
1319 4499 1532 4554 vocavit
1557 4513 1752 4554 nomen

1857 3505 1876 3540 σ
1911 3487 2014 3544 Ubi
2037 3487 2234 3542 fuerint
2255 3487 2360 3542 duo
2387 3485 2470 3540 vel
2493 3493 2602 3540 tres
2631 3483 2940 3554 congregati
2966 3483 3020 3536 in
3045 3481 3264 3536 nomine
3291 3495 3434 3548 meo,

1853 3581 1924 3636 ibi
1964 3597 2082 3636 sum
2123 3581 2174 3634 in
2209 3577 2388 3634 medio
2437 3593 2626 3632 eorum
2659 3575 2876 3648 (Matth.
2923 3575 3104 3646 xvm),
3129 3593 3148 3624 ι
3191 3571 3438 3628 videlicet

1849 3687 1948 3742 per
1979 3671 2208 3742 gratiam
2236 3685 2346 3725 suae
2369 3667 2722 3724 revelationis
2749 3681 2812 3722 ac
2837 3665 3136 3736 praesentiae
3163 3679 3272 3720 suae
3293 3663 3440 3718 Divi-

1851 3763 2062 3818 nitatis.
2083 3761 2148 3816 Et
2171 3759 2480 3830 Masphath,
2497 3774 2616 3828 quae
2639 3757 3278 3828 interpretaturintcnlio,
3301 3755 3440 3810 bene

1853 3859 2098 3930 sequitur
2119 3872 2134 3910 :
2157 3857 2284 3928 quia
2306 3853 2554 3910 videlicet
2573 3853 2626 3907 in
2651 3851 2960 3922 supradicta
2981 3848 3224 3904 Ecclesia
3247 3855 3438 3902 sancta

1855 3951 1968 4016 Dei,
2001 3961 2082 4006 est
2117 3967 2248 4020 pura
2287 3949 2340 4002 in
2381 3947 2657 4001 mentibus
2701 3945 3000 4000 electorum
3035 3941 3294 4004 intentio,
3327 3955 3436 4010 qua

1855 4059 2068 4113 semper
2107 4041 2312 4104 esurit,
2347 4047 2400 4092 et
2429 4037 2645 4092 anhelat
2674 4035 2740 4090 ad
2771 4037 2956 4090 Deum.
3001 4033 3056 4087 In
3087 4047 3192 4104 qua
3222 4031 3448 4110 Samuel-

1853 4137 2112 4206 propheta
2131 4133 2340 4202 jutlicat
2365 4129 2502 4186 ﬁlios
2529 4127 2712 4192 Israel,
2743 4127 2990 4182 videlicet
3017 4133 3076 4178 ut
3099 4125 3287 4180 doctor
3311 4123 3440 4178 ﬁde-

1855 4229 1922 4284 lis
1971 4227 2154 4282 ﬁdeles
2189 4225 2242 4280 in
2285 4223 2524 4280 Ecclesia
2561 4221 2822 4278 decernit.
2875 4219 3028 4275 Unde
3057 4219 3192 4274 bene
3217 4217 3436 4284 dicitur,

1854 4318 1994 4390 quod
2035 4325 2312 4372 revertens
2345 4315 2544 4369 habitat
2592 4313 2642 4366 in
2691 4311 2860 4366 Rama
2909 4307 3150 4372 Samuel,
3185 4307 3273 4361 ubi
3322 4315 3440 4362 erat

1855 4413 2048 4466 domus
2091 4409 2240 4480 ejus,
2271 4409 2398 4480 quia
2443 4407 2694 4462 videlicet
2743 4405 2840 4462 hoc
2887 4405 3154 4460 indicasse
3205 4403 3438 4468 videtur,

1857 4503 2000 4574 quod
2043 4503 2218 4558 omnis
2265 4499 2670 4556 ecclesiasticus
2707 4497 2916 4562 doctor,
2957 4495 3043 4550 vir
3085 4493 3348 4566 spiritalis
3385 4495 3440 4550 in

157 4617 178 4650 ς
212 4597 336 4666 ejus
369 4613 382 4650 :
409 4595 573 4666 Lapis
601 4593 874 4664 adjutorii,
907 4611 926 4644 ι
954 4601 1012 4648 et
1031 4591 1256 4661 reliqua.
1281 4589 1444 4660 Lapis
1463 4589 1610 4646 enim
1631 4591 1752 4654 istc,
1785 4565 1834 4626 Β
1859 4565 2120 4660 Ecclesia,
2153 4593 2278 4648 licet
2317 4607 2532 4660 semper
2561 4591 2616 4645 in
2661 4587 2946 4644 altitudine
2971 4565 3440 4656 contemplationis

151 4703 320 4760 quem
355 4685 574 4742 Samuel
605 4687 746 4740 inter
783 4683 1090 4754 Masphath,
1117 4697 1240 4752 quae
1265 4681 1654 4752 interpretatur
1673 4681 1756 4734 in-

153 4783 324 4836 tentia
347 4795 366 4832 :
389 4787 444 4834 et
465 4779 592 4844 Sen,
647 4779 788 4848 quod
823 4777 1020 4832 dicitur
1049 4777 1304 4840 dentiant,
1335 4773 1405 4829 ob
1435 4775 1646 4846 signum
1677 4775 1756 4830 vi-

153 4873 348 4930 ctoriae
371 4873 568 4942 posuit,
599 4885 760 4942 quem
797 4869 962 4924 alium
1013 4867 1114 4922 nisi
1171 4867 1456 4922 Dominum
1507 4873 1752 4920 nostrum

151 4967 346 5023 Jesum
375 4965 650 5020 Christum
677 4961 1078 5034 praeﬁguravit?
1129 4961 1221 5030 qui
1265 4959 1558 5015 secundum
1607 4957 1752 5014 dicta

153 5057 550 5128 prophetarum
579 5055 720 5110 inter
745 5053 1110 5108 inventionem
1157 5049 1368 5104 Veteris
1389 5049 1746 5116 Testamenti,

151 5161 210 5207 et
255 5151 534 5222 Evangelii
583 5149 1020 5222 praedicationem
1061 5147 1294 5218 positus,
1341 5147 1586 5202 ﬁdelibus
1637 5147 1750 5202 suis

153 5251 352 5298 contra
387 5241 728 5298 adversarias
755 5247 1049 5312 potestates
1069 5237 1450 5294 dimicantibus
1487 5237 1750 5292 auxilium

155 5343 406 5406 praestat.
439 5335 558 5406 Ipse
579 5335 724 5390 enim
747 5331 1193 5404 praeﬁgurabatur
1217 5331 1272 5386 in
1305 5329 1500 5401 lapide,
1531 5339 1750 5402 propter

155 5427 476 5482 ﬁrmitatem
511 5441 526 5480 :
555 5427 668 5496 ipse
697 5423 1104 5498 signiﬁcabatur
1123 5423 1176 5478 in
1207 5437 1368 5495 agno,
1415 5431 1635 5492 propter
1669 5419 1752 5476 in-

157 5519 520 5576 nocentiam:
561 5521 690 5582 sive,
749 5519 872 5589 quia
923 5531 1024 5588 pro
1073 5515 1232 5572 nobis
1285 5522 1368 5570 est
1423 5511 1748 5568 immolatus.

155 5615 314 5683 Quod
371 5621 552 5668 autem
585 5613 664 5668 ait
695 5631 708 5666 :
741 5631 758 5662 ‹
789 5611 1080 5682 Hucusque
1133 5609 1424 5664 auxiliatos
1463 5615 1546 5662 est
1593 5607 1754 5662 nobis

161 5725 182 5758 ι
217 5705 504 5768 Dominus,
539 5723 556 5754 υ
589 5703 830 5760 ostendit
851 5701 978 5772 quia
1005 5701 1310 5772 quicunque
1341 5701 1438 5755 hos
1495 5697 1754 5754 terminos

159 5797 578 5862 transcendunt,
611 5795 750 5852 sicut
775 5795 1036 5858 haeretici,
1065 5793 1322 5848 auxilium
1354 5791 1446 5846 Dei
1490 5806 1596 5846 non
1641 5805 1754 5844 me-

1857 4689 1984 4758 (hoc
2013 4687 2158 4756 enim
2179 4683 2450 4758 signiﬁcat
2479 4683 2670 4748 Ruina,
2689 4698 2808 4756 qua:
2831 4683 3220 4752 interpretatur
3237 4679 3442 4738 excelso

1855 4781 2066 4851 mente),
2091 4777 2338 4832 habitare
2359 4775 2680 4840 delectetur,
2707 4791 2804 4846 per
2827 4773 3068 4830 actiones
3089 4781 3270 4827 tamen
3293 4787 3442 4826 com-

1855 4871 2190 4942 passionum,
2213 4869 2280 4922 ad
2311 4866 2524 4922 inﬁrma
2557 4867 2800 4922 membra
2831 4865 3090 4920 Ecclesia:
3115 4863 3442 4918 condescen-

1855 4961 1984 5016 dere
2032 4975 2138 5014 non
2185 4957 2384 5022 renuit,
2413 4965 2470 5012 et
2513 4957 2666 5026 quasi
2705 4955 2958 5028 populum
3007 4953 3172 5010 Israel
3213 4951 3442 5020 judicat,

1855 5055 1982 5110 dum
2035 5049 2294 5104 creditam
2339 5049 2440 5104 sibi
2473 5047 2704 5118 plebem,
2735 5047 2804 5102 ad
2849 5045 3132 5102 tenendam
3179 5041 3442 5096 unitatem

1859 5145 2000 5208 ﬁdei,
2019 5153 2072 5200 et
2095 5151 2321 5198 caeteras
2343 5143 2571 5198 virtutes
2591 5141 2914 5212 operandas,
2944 5155 3044 5194 sua
3067 5135 3446 5193 exhortatione

1855 5239 2092 5296 instituit
2122 5245 2176 5292 et
2207 5237 2364 5292 docet
2389 5253 2402 5288 :
2429 5251 2526 5290 seu
2561 5235 2652 5305 qui
2683 5233 2850 5304 judex
2878 5231 3038 5286 alieni
3071 5228 3250 5285 delicti
3275 5227 3444 5282 cilici-

1859 5339 1968 5396 tur,
1999 5339 2050 5384 et
2067 5327 2330 5398 judicium
2359 5335 2580 5382 exercet
2605 5327 2658 5380 in
2687 5327 2849 5382 domo
2878 5323 3128 5378 Deiznon
3155 5327 3440 5390 propterea

1858 5431 1912 5478 et
1941 5421 2200 5478 malevola
2231 5427 2432 5486 mente,
2464 5419 2558 5474 sed
2603 5417 2900 5474 secundum
2931 5413 3076 5484 quod
3115 5425 3272 5466 sacra
3297 5409 3444 5466 Scri-

1857 5525 2017 5588 plura
2063 5513 2284 5578 revelat,
2315 5527 2476 5584 agere
2521 5507 2812 5566 debetzad
2841 5507 3062 5560 domum
3089 5503 3304 5576 'proprii
3351 5517 3442 5572 pe-

1860 5606 2028 5662 ctoris
2053 5613 2106 5660 et
2131 5603 2480 5674 conscientiae
2507 5601 2722 5654 tandem
2749 5597 2946 5662 redire,
2979 5601 3034 5652 et
3059 5593 3262 5652 hostias
3287 5593 3444 5656 bona:

1859 5699 2152 5756 voluntatis
2183 5697 2292 5752 Deo
2323 5693 2622 5750 immolare.

3075 5849 3174 5890 .1.
