3970 6332
522 378 623 438 291

1116 483 1343 545 CAPUT
1388 482 1522 540 VIII.

602 629 621 663 ι
655 608 983 680 Congregati
1033 621 1164 675 ergo
1200 602 1436 669 universi
1476 613 1711 668 majores
1757 605 1885 652 natu
1920 594 2108 662 Israel,

532 724 553 759 ι
597 710 863 759 venerunt
891 701 958 755 ad
1002 697 1310 755 Samuelem
1352 694 1404 749 in
1436 689 1725 757 Ramatba,
1749 688 2111 758 dixeruntque

532 818 550 850 ι
597 796 647 851 ei
674 813 686 849 :
712 795 854 851 Ecce
891 801 945 847 tu
984 788 1232 850 senuisti,
1263 795 1318 842 et
1362 783 1455 841 lilii
1497 782 1573 839 tui
1611 797 1720 837 non
1749 780 2028 836 ambulant
2055 780 2112 835 iu

532 908 553 940 σ
599 889 700 942 viis
717 885 842 951 tuis,
857 883 1129 939 constitue
1152 879 1306 934 nobis
1327 891 1528 946 regem,
1546 882 1604 929 ut
1612 871 1819 943 judicet
1833 886 1981 937 nos,»
2002 878 2108 926 etc.

528 977 665 1045 Quid
692 976 839 1030 enim
875 968 1217 1044 signiﬁcabat
1260 966 1402 1037 quod
1434 964 1677 1020 seniores
1705 961 1895 1029 Israel,
1922 975 2110 1032 repro-

526 1068 653 1124 bato
695 1064 948 1123 Samuele
988 1060 1270 1133 propheta,
1302 1071 1487 1125 regem
1532 1055 1637 1111 sibi
1672 1055 1962 1127 petierunt,
2006 1051 2112 1108 nisi

526 1157 630 1213 hoc
672 1155 817 1227 quod
854 1154 909 1209 in
940 1152 1174 1208 adventu
1217 1147 1515 1204 Salvatoris
1546 1145 1825 1216 impletum
1855 1159 1978 1201 esse
2019 1157 2114 1199 co-

524 1248 832 1322 gnoscimus
855 1263 868 1301 :
890 1241 1107 1315 quando
1136 1240 1330 1297 scriba:
1364 1247 1419 1293 et
1445 1236 1731 1303 Pharisrei,
1764 1235 1979 1311 repulso
2008 1234 2114 1290 Do-

524 1340 672 1398 mino
697 1338 824 1394 Jesu
867 1335 1084 1393 Christo
1132 1347 1261 1388 vero
1306 1329 1625 1395 sacerdote,
1662 1342 1843 1400 regem
1875 1326 1976 1383 sibi
2004 1325 2113 1383 ele-

522 1440 748 1507 gerunt,
780 1432 1018 1489 clamant
1045 1447 1058 1483 :
1090 1448 1110 1481 ‹
1136 1426 1254 1482 Non
1286 1425 1552 1481 habemus
1583 1435 1765 1497 regem
1794 1419 1899 1476 nisi
1928 1418 2111 1476 Caesa-

523 1541 637 1583 rem
666 1524 850 1597 (Joan.
893 1520 1033 1594 xix).
1054 1539 1074 1573 ι
1110 1517 1266 1577 Unde
1297 1514 1553 1581 Samuel,
1583 1514 1676 1585 qui
1721 1513 2115 1583 interpretatur

522 1634 709 1673 nomen
751 1616 865 1688 ejus
914 1607 1059 1669 Deus
1082 1653 1098 1681 ,
1147 1609 1467 1681 reprobatus
1496 1622 1527 1662 a
1564 1604 1871 1661 senioribus
1910 1602 2112 1669 Israel,

521 1708 810 1767 Dominum
828 1720 896 1761 ac
918 1703 1335 1773 Redemptorem
1358 1696 1649 1770 significat.
1681 1694 1814 1750 Saul
1843 1708 1992 1761 vero,
2017 1692 2111 1766 qui

521 1799 727 1855 dicitur
754 1797 944 1868 petitus
973 1808 1070 1850 seu
1108 1791 1286 1864 petitio
1304 1832 1320 1855 ,
1348 1803 1447 1844 suo
1473 1787 1615 1858 quod
1642 1802 1671 1843 a
1698 1784 1897 1861 popqu
1925 1793 2113 1857 postu-

520 1889 664 1944 latus
683 1888 901 1958 legitur,
927 1883 1198 1941 Barrabas
1220 1879 1561 1952 intelligitur,
1585 1893 1747 1948 quem
1773 1876 1974 1932 dimitti
2004 1875 2109 1932 sibi

520 1983 793 2056 petierunt
817 1998 831 2034 :
855 1979 947 2052 qui
979 1978 1109 2036 Saul
1138 1976 1282 2032 illius
1309 1973 1418 2039 Cis,
1448 1972 1588 2028 illius
1616 1971 1797 2037 Abiel,
1833 1968 2005 2026 fuisse
2034 1969 2110 2024 le-

521 2076 686 2148 gitur.
749 2071 841 2129 Cis
889 2071 1034 2128 enim
1091 2069 1476 2138 interpretatur
1529 2063 1695 2118 durus
1743 2060 1828 2117 vel
1877 2076 2106 2115 vomens.

520 2165 679 2227 Abiel
727 2178 856 2220 vero
900 2170 1051 2234 pater
1096 2174 1242 2215 utens
1291 2154 1521 2221 dicitur,
1554 2166 1787 2225 quorum
1830 2150 2111 2207 nominum

522 2254 1001 2327 interpretationes
1025 2251 1094 2307 ad
1118 2248 1396 2314 duritiem,
1418 2254 1473 2302 et
1499 2245 1568 2300 ad
1597 2243 1863 2301 vomitum
1891 2240 2113 2299 malitiae

521 2349 832 2408 Iudaeorum
858 2344 1153 2418 pertinent,
1176 2340 1291 2412 qui',
1326 2339 1496 2394 Deum
1524 2336 1742 2391 Patrem
1768 2332 2110 2398 conﬁtentes,

522 2442 721 2503 Filium
778 2440 833 2495 in
889 2436 1138 2510 passione
1195 2437 1567 2503 negaverunt,
1617 2427 1860 2483 dicentes
1903 2443 1917 2480 :
1962 2423 2113 2479 Tolle

524 2537 687 2603 hunc,
718 2542 774 2591 et
798 2531 1010 2589 dimitte
1044 2527 1198 2584 nobis
1225 2524 1523 2580 Barrabam
1548 2510 1562 2576 ὲ
1587 2535 1693 2576 non
1727 2518 2110 2591 intelligentes,

523 2627 651 2699 quia
688 2624 785 2697 qui
828 2633 992 2696 negat
1030 2620 1232 2678 Filium
1265 2623 1430 2688 negat
1462 2622 1519 2670 et
1544 2613 1787 2678 Patrem,
1837 2610 1930 2683 qui
1967 2608 2115 2665 misit

526 2720 701 2779 illum.

1056 2825 1258 2883 CAPP.
1298 2822 1371 2879 IX
1409 2830 1465 2879 et
1504 2820 1577 2877 Χ.

597 2986 616 3021 ι
654 2966 801 3023 Tulit
842 2972 1025 3021 autem
1072 2960 1291 3019 Samuel
1336 2956 1647 3016 lenticulam
1675 2953 1805 3022 olei,
1831 2963 1888 3011 et
1926 2950 2116 3009 eil‘udit

528 3081 548 3116 ι
588 3074 751 3130 super
776 3064 939 3127 caput
963 3055 1112 3127 ejus,
1144 3062 1200 3109 et
1230 3050 1576 3108 deosculatus
1608 3056 1692 3105 est
1731 3062 1877 3114 eum,
1908 3055 1965 3102 et
1996 3046 2109 3101 ait:

529 3171 548 3205 ι
591 3149 732 3206 Ecce
764 3146 922 3202 unxit
962 3153 1012 3201 te
1048 3142 1312 3199 Dominus
1352 3157 1515 3213 super
1543 3139 1915 3196 haereditatem
1962 3153 2113 3194 suam

1597 362 1953 425 ANGELOMI
1991 354 2459 417 LUXOVIENSIS
2497 354 2807 415 ΜΟΝΑοΗῖ

2137 478 2190 540 Α
2210 471 2395 539 Israel,
2423 471 2492 528 ob
2519 471 2791 528 unctionis
2820 475 3249 537 sacramentum,
3275 467 3330 525 in
3352 476 3481 543 typo
3504 466 3829 527 Salvatoris

3710 350 3832 411 Μ

2214 564 2403 623 Christi
2442 573 2572 620 sunt
2599 563 2875 636 appellati.
2906 562 3062 620 Unde
3087 569 3144 617 et
3172 561 3342 617 David
3370 561 3447 616 ait
3473 560 3541 626 ad
3569 577 3707 617 eum
3731 563 3831 632 qui

2212 671 2271 712 se
2302 654 2531 711 ﬁnxerat
2561 652 2692 710 Saul
2720 653 2990 712 occidisse
3015 668 3031 709 :
3061 671 3081 705 ι
3112 652 3395 721 Quomodo
3422 668 3530 709 non
3582 653 3829 709 timuisti

2214 764 2435 805 manum
2474 756 2621 805 tuam
2653 751 2873 806 mittere
2916 748 2973 804 in
3017 747 3286 803 christum
3319 745 3531 802 Domini
3567 744 3661 817 (ιι
3686 744 3829 816 Reg.

2211 840 2254 911 ι)
2276 842 2300 896 ?
2319 860 2338 893 ι
2373 839 2481 897 Sed
2502 841 2641 896 bene
2667 840 2766 907 ait,
2788 839 2934 913 quod
2957 837 3025 895 ab
3054 839 3283 894 humero
3314 852 3528 893 sursum
3561 834 3705 891 Saul
3738 850 3835 892 su-

2212 934 2585 1009 percminebat
2628 934 2917 1002 omnibus,
2964 932 3117 1003 juxta
3165 931 3468 1004 spiritalem
3510 931 3835 1003 intelligen-

2213 1029 2369 1096 tiam,
2384 1029 2510 1101 quia
2530 1038 2696 1101 caput
2713 1037 2964 1087 nostrum
2986 1044 3205 1087 sursum
3228 1037 3316 1085 est
3335 1044 3501 1103 supra
3520 1043 3643 1092 nos,
3674 1028 3832 1099 quod

2213 1131 2295 1179 est
2318 1120 2587 1178 Christus.
2620 1122 2689 1177 Et
2712 1123 2853 1179 bene
2873 1122 3107 1179 dictum:
3133 1142 3152 1174 ι
3171 1121 3289 1178 Non
3310 1130 3427 1178 erat
3444 1122 3643 1178 melior
3657 1121 3766 1177 illo
3785 1142 3830 1187 ι,

2213 1224 2270 1275 et
2292 1215 2580 1272 Psalmista
2607 1234 2621 1270 :
2649 1234 2668 1267 ι
2694 1214 2828 1284 Quis
2856 1215 2911 1275 in
2936 1215 3171 1273 nubibus
3215 1214 3543 1285 mquabitur,
3572 1223 3673 1270 aut
3704 1214 3835 1285 quis

2212 1307 2407 1367 similis
2449 1307 2556 1362 erit
2601 1306 2713 1362 Deo
2756 1306 2891 1363 Filio
2922 1305 3060 1361 Dei?
3086 1326 3108 1358 ι
3149 1303 3323 1376 (Psal.
3374 1305 3675 1378 Lxxxmt'.)
3730 1304 3833 1360 llic

2215 1400 2358 1456 enim
2389 1414 2499 1456 non
2527 1399 2724 1455 seriem
2751 1398 2992 1455 historia:
3017 1396 3211 1463 secuti,
3242 1396 3337 1453 sed
3358 1395 3633 1467 spiritalis
3662 1395 3834 1452 intel-

2213 1488 2449 1562 ligentia:
2483 1504 2701 1546 sensum
2743 1489 3102 1544 continuatim
3143 1487 3459 1544 describere
3491 1489 3683 1544 conati
3742 1504 3833 1545 su-

2170 1632 2175 1637 .
2213 1597 2356 1641 mus.
2379 1580 2649 1638 Caeterum
2668 1579 2794 1652 quia
2816 1596 3010 1651 parum
3029 1579 3317 1635 historiam
3338 1580 3832 1650 praetermisimus,

2213 1674 2283 1731 ad
2306 1689 2427 1730 eam
2449 1673 2830 1731 insinuandam
2856 1672 3219 1747 apostrophen
3239 1666 3425 1729 facere
3446 1672 3829 1730 decrevimus.

2212 1767 2306 1827 Ait
2322 1768 2468 1824 enim
2500 1782 2657 1824 sacra
2682 1766 2945 1823 historia:

2140 1838 2192 1905 Β
2292 1877 2313 1911 ‹
2345 1859 2599 1931 Dixitque
2630 1858 2761 1916 Saul
2804 1858 2873 1915 ad
2900 1872 3130 1929 puerum
3160 1873 3355 1923 suum;
3388 1856 3532 1915 Ecce
3576 1857 3831 1914 ibimus:

2214 1969 2237 2004 ‹
2272 1952 2403 2024 quid
2428 1951 2668 2009 feremus
2692 1952 2761 2007 ad
2787 1951 2966 2007 virum
2986 1950 3121 2007 Dei?
3142 1969 3161 2002 ι
3187 1957 3244 2005 et
3264 1949 3499 2021 reliqua.
3527 1949 3657 2005 Non
3682 1952 3833 2007 enim

2208 2045 2437 2127 putabat
2479 2044 2612 2103 Saul
2643 2046 2744 2105 sibi
2774 2045 2959 2102 asinas
2989 2060 3021 2101 a
3051 2042 3305 2100 Samuele
3354 2043 3515 2100 aliter
3558 2044 3831 2107 indicari.

2210 2139 2317 2196 nisi
2344 2138 2523 2210 pretio
2548 2137 2922 2201 divinationis,
2935 2134 3006 2193 de
3029 2150 3138 2207 quo
3158 2150 3296 2211 puer
3320 2136 3416 2202 ait,
3446 2150 3576 2191 cum
3604 2151 3645 2190 a
3669 2135 3833 2191 Saulc

2213 2229 2487 2286 audisset:
2504 2228 2670 2285 Panis
2693 2227 2894 2285 defecit
2918 2228 2976 2285 in
3003 2226 3238 2284 sitarciis
3264 2225 3472 2283 nostris
3496 2245 3513 2281 :

2288 2341 2309 2374 ι
2345 2321 2485 2378 Ecce
2518 2322 2737 2377 inventa
2776 2330 2863 2377 est
2890 2321 2947 2376 in
2977 2336 3139 2377 manu
3169 2335 3293 2377 mea
3309 2327 3512 2392 quarta
3541 2335 3691 2389 pars
3720 2330 3833 2376 sta-

2220 2435 2240 2470 ι
2284 2416 2415 2473 teris
2435 2416 2667 2488 argenti,
2699 2415 2890 2470 demus
2912 2412 3120 2469 homini
3142 2411 3259 2469 Dei.
3282 2432 3305 2467 ι
3339 2411 3462 2468 ideo
3492 2412 3575 2467 ait
3598 2429 3657 2466 ε(
3692 2412 3833 2481 Quid

2214 2507 2449 2565 feremus
2492 2507 2560 2563 ad
2601 2507 2780 2561 virum
2810 2502 2947 2560 Dei?
2974 2523 2995 2557 ι
3027 2503 3181 2572 Quod
3224 2511 3406 2560 autem
3434 2502 3595 2559 Sauli
3645 2504 3831 2576 inqui-

2213 2602 2357 2661 renti
2389 2600 2455 2657 de
2484 2600 2733 2665 Vidente,
2756 2597 3154 2669 responderunt
3179 2595 3447 2653 dicentes:

2292 2715 2311 2747 ι
2346 2693 2565 2751 Festina
2601 2706 2780 2758 nunc,
2812 2689 2975 2746 hodie
3021 2690 3166 2745 enim
3211 2689 3365 2745 venit
3406 2689 3462 2744 in
3510 2688 3829 2754 civitatem.

2222 2807 2241 2841 ι
2282 2788 2413 2860 quia
2440 2785 2770 2844 sacrificium
2795 2792 2880 2841 est
2906 2783 3069 2841 hodie
3093 2782 3279 2855 pepuli
3311 2782 3365 2839 in
3392 2781 3641 2837 excelso.
3670 2801 3693 2835 ι
3736 2782 3831 2838 Sa-

2215 2879 2483 2939 criﬁcium
2513 2878 2567 2933 in
2613 2878 2718 2935 hoc
2767 2876 2908 2943 loco,
2940 2882 3101 2946 prout
3132 2874 3570 2946 aliquiintelligi
3606 2875 3827 2943 volunt,

2216 2972 2502 3049 prandium
2548 2970 2906 3043 intelligitur,
2950 2969 3095 3040 quod
3136 2976 3549 3039 przeparaverat
3592 2966 3831 3025 Samii

2216 3063 2419 3138 populo
2448 3062 2502 3119 in
2530 3061 2806 3126 Kalendis,
2827 3060 2956 3132 quia
2981 3059 3267 3131 sequitur:

2296 3174 2314 3208 ι
2355 3152 2540 3225 Neque
2578 3153 2725 3209 enim
2754 3159 3096 3209 comesturus
3129 3158 3218 3207 est
3238 3149 3496 3222 populus,
3519 3150 3715 3209 donec
3742 3151 3831 3211 ille

530 3259 551 3294 ι
596 3242 649 3296 in
680 3237 1001 3312 principem.
1029 3256 1048 3290 ι
1077 3234 1372 3291 Sciendum
1400 3232 1648 3302 estquod
1676 3230 1804 3286 Saul
1829 3246 1935 3287 non
1957 3228 2118 3286 unius
2144 3222 2192 3290 Β
2226 3265 2245 3301 ι
2291 3222 2472 3302 νθηίαί
2493 3285 2509 3311 ,
2540 3244 2665 3315 quia
2717 3244 2832 3315 ipse
2882 3242 3166 3298 benedioet
3207 3240 3419 3309 hostiae,
3450 3249 3510 3296 et
3554 3240 3831 3314 deinceps

525 3348 739 3405 semper
799 3342 1046 3404 persona:
1097 3326 1331 3400 gestavit
1377 3324 1638 3396 ﬁguram,
1676 3323 1770 3379 sed
1826 3321 2121 3393 aliquando

524 3429 832 3488 Iudaeorum
860 3434 1066 3499 typum,
1099 3421 1172 3479 ob
1205 3419 1536 3491 superbiam,
1568 3425 1625 3473 et
1648 3417 1910 3472 adversus
1949 3414 2120 3470 Deum

525 3519 896 3585 invidentiam,
941 3515 1083 3573 sicut
1131 3511 1380 3585 superius
1427 3509 1721 3582 tetigimus,
1760 3518 1817 3563 et
1842 3508 1899 3564 in
1937 3505 2121 3561 futuro

526 3610 1048 3672 demonstrabimus:
1068 3606 1361 3679 aliquando
1386 3602 1598 3661 Domini
1624 3601 1794 3658 nostri
1818 3599 1945 3658 Jesu
1969 3599 2123 3656 Chri-

524 3708 616 3774 sti,
643 3712 870 3777 propter
894 3702 1207 3758 unctionem
1239 3695 1414 3777 regni,
1446 3704 1610 3767 atque
1635 3694 1976 3750 altitudinem
2005 3701 2120 3749 sta-

528 3806 686 3864 turze,
716 3803 774 3852 et
818 3802 1041 3868 propter
1092 3789 1481 3863 principatum.
1519 3787 1597 3845 De
1646 3802 1755 3858 quo
1802 3785 1970 3841 Isaias
2000 3785 2115 3840 ait:

533 3907 553 3941 ε
587 3884 790 3943 Factus
829 3893 915 3940 est
954 3883 1293 3969 principatus
1334 3878 1454 3951 ejus
1492 3894 1655 3952 super
1681 3879 1969 3934 humerum
2002 3877 2120 3948 ejus

528 3978 665 4054 (Isa.
696 3977 794 4051 Ix).
819 3996 838 4031 ι
880 3966 1191 4046 Aliquando
1218 3987 1351 4028 vero
1375 3971 1676 4043 principem
1723 3968 1905 4025 saeculi
1940 3966 2117 4037 hujus,

527 4080 751 4146 propter
771 4069 1066 4127 elationem
1089 4067 1270 4123 cordis
1295 4074 1353 4123 et
1378 4063 1665 4120 humilium
1689 4061 2118 4134 oppressionem,

530 4162 671 4219 sicut
702 4161 756 4217 in
786 4157 1138 4231 sequentibus
1184 4155 1583 4221 declarabitur;
1612 4154 1707 4210 sed
1743 4153 1799 4209 in
1834 4152 1939 4210 hoc
1977 4152 2117 4220 loco,

529 4256 622 4315 ubi
645 4272 676 4311 a
706 4252 957 4311 Samuele
1001 4261 1200 4308 unctus
1242 4250 1456 4322 legitur,
1486 4248 1661 4321 ipsum
1706 4246 1987 4303 Christum
2015 4247 2121 4303 Do-

531 4349 736 4406 minum
795 4346 1005 4403 scilicet
1053 4344 1392 4402 Salvatorem
1447 4343 1714 4415 designat.
1775 4340 1931 4397 Sicut
1974 4340 2120 4396 enim

534 4436 685 4507 Saul,
714 4454 835 4495 cum
863 4437 1047 4494 asinas
1072 4435 1247 4509 patris
1286 4432 1370 4491 sui
1408 4451 1529 4506 quae
1563 4433 1787 4489 deerant
1828 4440 2118 4504 quaereret,

532 4535 589 4592 in
620 4550 787 4608 regno
817 4540 1126 4603 assumptus
1165 4539 1250 4588 est
1274 4544 1290 4584 :
1313 4527 1477 4585 simili
1506 4542 1721 4598 quoque
1750 4525 1911 4581 modo
1939 4524 2121 4582 Domi-

2226 3359 2246 3392 ι
2293 3338 2578 3395 comedent
2598 3336 2691 3408 qui
2713 3334 2893 3392 vocati
2920 3344 3073 3390 sunt.
3098 3352 3116 3386 ι
3147 3332 3417 3390 Caeterum
3438 3332 3489 3388 si
3519 3337 3658 3404 quis
3690 3335 3828 3392 sin-

2218 3429 2435 3505 pliciter
2452 3429 2519 3485 de
2546 3427 2741 3485 hostiis
2766 3425 3084 3493 immolatis,
3108 3439 3175 3481 ac
3199 3424 3483 3481 sacriﬁciis
3506 3424 3829 3500 intelligere

2220 3524 2476 3589 voluerit,
2510 3536 2613 3579 nos
2658 3537 2768 3578 non
2817 3520 3144 3577 inhibemus.
3197 3519 3450 3590 Dixitque
3495 3517 3739 3577 Samuel
3764 3521 3829 3577 ad

2222 3613 2354 3670 Saul
2381 3632 2395 3665 :

2296 3724 2317 3757 ‹
2352 3704 2599 3761 Ascende
2633 3713 2761 3759 ante
2803 3718 2891 3759 me
2916 3702 2969 3758 in
2999 3700 3295 3769 excelsum,
3326 3710 3389 3758 ut
3414 3701 3682 3759 comedas
3710 3718 3825 3760 me-

2228 3815 2247 3850 ι
2293 3811 2416 3853 cum
2451 3804 2507 3853 et
2540 3795 2810 3851 dimittam
2858 3801 3121 3859 temane,
3155 3800 3212 3848 et
3235 3792 3419 3849 omnia
3454 3807 3579 3865 qua:
3605 3801 3747 3849 sunt
3774 3792 3827 3849 in

2227 3909 2248 3943 ι
2292 3889 2456 3946 corde
2484 3896 2579 3944 tuo
2607 3887 2858 3943 indicabo
2889 3884 3005 3942 tibi.
3044 3902 3063 3936 ι
3100 3883 3201 3938 llic
3221 3883 3373 3940 enim
3398 3884 3447 3939 si
3486 3898 3599 3939 non
3628 3884 3827 3955 displi-

2222 3981 2418 4047 cuerit,
2445 3980 2608 4036 sicuti
2650 3978 2913 4050 scriptum
2961 3974 3294 4043 invenimus,
3340 3973 3701 4033 traditionem
3730 3973 3824 4031 Ja-

2223 4070 2461 4127 daeorum
2492 4070 2733 4125 inserere
2762 4066 3162 4139 praesumimus.
3205 4065 3339 4123 Erat
3375 4065 3521 4121 enim
3560 4066 3621 4121 in
3658 4067 3827 4123 corde

2224 4164 2353 4221 Saul
2377 4165 2542 4239 (sicut
2563 4164 2664 4236 ipsi
2685 4164 2928 4235 tradunt)
2956 4163 3102 4235 quod
3129 4178 3228 4219 rex
3252 4161 3471 4220 futurus
3497 4172 3674 4231 esset,
3700 4166 3826 4237 quia

2223 4258 2436 4314 viderat
2469 4272 2569 4328 per
2611 4256 2786 4312 visum
2834 4270 2894 4311 se
2936 4255 2989 4310 in
3027 4254 3233 4311 vertice
3275 4254 3491 4312 arboris
3512 4254 3822 4325 collocari;

2224 4364 2345 4420 qua:
2370 4347 2510 4404 visio
2537 4347 2749 4419 signum
2782 4345 2961 4418 regale
2990 4353 3130 4403 erat.
3157 4345 3401 4418 Denique
3432 4361 3544 4403 non
3580 4356 3825 4403 tantum-

2225 4440 2385 4496 modo
2414 4439 2482 4495 de
2523 4438 2694 4494 asinis
2719 4453 2854 4508 quas
2894 4437 3208 4508 perdiderat
3243 4437 3298 4493 in
3328 4436 3495 4494 corde
3523 4440 3821 4507 tractabat.

2214 4518 2351 4601 quia
2379 4544 2503 4586 cum
2545 4528 2750 4584 dictum
2780 4527 2888 4584 sit:
2914 4527 2982 4585 Et
3018 4528 3202 4583 omnia
3250 4543 3372 4599 qua:
3412 4529 3625 4585 suntin
3652 4532 3821 4589 corde

533 4642 636 4684 nus
662 4606 717 4682 et
748 4623 998 4682 Salvator
1044 4631 1259 4689 noster,
1292 4629 1579 4693 postquam
1608 4634 1639 4674 a
1666 4617 1829 4674 Patre
1858 4634 1957 4675 suo
1986 4618 2119 4676 mis-
2143 4606 2202 4667 1)
2227 4628 2322 4674 tuo
2374 4617 2624 4673 indicabo
2657 4616 2776 4683 tibi,
2807 4617 2990 4675 statim
3026 4630 3125 4691 per
3164 4627 3376 4689 partem
3414 4619 3825 4691 conjunction's

533 4731 657 4785 sus,
686 4716 754 4772 ad
780 4730 912 4772 oves
948 4730 1071 4786 qua:
1097 4713 1372 4793 perierant
1401 4710 1593 4767 domus
1632 4708 1798 4766 lsrael
1824 4708 2011 4766 venire
2035 4709 2120 4766 di-

532 4819 727 4885 gnatus
757 4817 862 4875 est,
892 4821 1056 4878 super
1090 4814 1345 4862 cunctum
1386 4801 1640 4876 populum
1684 4818 1838 4858 suum
1877 4801 1947 4857 ab
1971 4817 2037 4859 eo
2065 4802 2123 4858 in

533 4917 716 4971 regem
754 4908 970 4955 tantum
998 4898 1326 4954 constitutus
1369 4903 1471 4951 est.
1525 4892 1617 4949 Sic
1656 4892 1772 4964 ipse
1812 4893 1927 4948 ait:
1958 4911 1977 4945 ι
2010 4892 2125 4967 Ego

534 5002 716 5050 autem
750 4992 1075 5049 constitutus
1122 5004 1243 5045 sum
1266 5003 1364 5043 rex
1402 4986 1471 5043 ab
1500 5000 1566 5043 eo
1599 5001 1763 5056 super
1802 4984 1936 5042 Sion
1970 5001 2125 5041 mon-

537 5090 644 5141 tem
674 5090 923 5140 sanctum
947 5081 1065 5153 ejus
1087 5076 1260 5152 (Psal.
1293 5093 1353 5143 ιι,
1380 5076 1550 5133 Marc.
1579 5077 1737 5151 χχιιι)
1764 5097 1777 5132 :
1801 5097 1822 5131 ο
1857 5079 1962 5134 hoc
1979 5077 2126 5137 enim

535 5173 986 5247 prteﬁgurabatur
1028 5186 1128 5243 per
1177 5169 1361 5225 asinas
1411 5176 1634 5241 propter
1677 5168 2081 5240 simplicitatem
2107 5210 2125 5238 ,

538 5267 681 5339 quod
700 5274 757 5323 et
792 5280 891 5339 per
917 5279 1048 5321 oves
1070 5270 1295 5335 propter
1322 5258 1707 5316 innocentiam.
1737 5259 1937 5317 Armus
1964 5277 2126 5334 quem

539 5359 672 5423 Saul
700 5360 927 5431 accepit,
958 5358 1099 5415 sicut
1125 5355 1375 5426 superius
1406 5352 1634 5425 legitur,
1660 5353 2021 5427 principatum
2049 5355 2127 5415 si-

540 5450 764 5524 gniﬁcat
795 5448 1008 5507 Domini
1040 5448 1214 5507 nostri
1238 5462 1398 5519 quem
1422 5446 1653 5518 accepit.
1688 5448 1789 5517 Qui
1818 5464 1851 5503 a
1878 5446 2131 5505 Samuele

542 5552 737 5599 unctus
784 5544 1003 5611 dicitur,
1045 5542 1228 5615 quiaa
1258 5538 1368 5598 Deo
1414 5538 1575 5595 Patre
1623 5540 1933 5613 unigenitus
1959 5539 2132 5601 Filius

544 5632 771 5703 spiritali
808 5634 1066 5691 unctione
1095 5633 1366 5691 delibutus
1410 5630 1643 5703 legitur:
1670 5632 1735 5688 de
1760 5646 1868 5704 quo
1894 5631 2129 5689 Psalmi-

545 5735 664 5782 sta:
697 5743 716 5778 ι
756 5724 1044 5799 Propterea
1089 5726 1246 5782 unxit
1280 5733 1333 5780 te
1378 5723 1541 5790 Deus,
1591 5721 1734 5780 Deus
1779 5732 1902 5778 tuus
1950 5722 2125 5797 (Psal.

544 5818 717 5885 xciv),
748 5842 767 5875 ι
795 5828 850 5876 et
894 5817 1124 5885 reliqua.
1170 5815 1372 5874 Omnes
1418 5815 1561 5871 enim
1607 5821 1754 5872 retro
1799 5815 1929 5873 olim
1975 5832 2131 5891 reges

2230 4707 2612 4779 cepulativam.
2635 4717 2691 4764 et
2709 4708 3093 4781 distinguendo
3120 4709 3395 4780 copulavit
3422 4710 3644 4768 dicens:

2303 4822 2320 4856 ι
2352 4803 2426 4861 Ει
2464 4803 2532 4860 de
2585 4803 2753 4860 asinis
2800 4819 2937 4875 quas
2978 4803 3263 4874 perdidisti
3310 4804 3717 4873 nudiustertius
3758 4824 3821 4867 ne

2229 4918 2249 4952 ι
2294 4898 2557 4955 sollicitus
2603 4897 2703 4965 sis,
2746 4898 2875 4969 quia
2920 4896 3126 4953 inventi
3168 4904 3359 4953 sunt.»
3390 4897 3459 4954 Et
3498 4898 3675 4958 illud:
3710 4922 3729 4955 ι
3760 4901 3823 4959 Et

2230 5007 2250 5041 ι
2293 4986 2449 5058 cujus
2486 4998 2644 5046 erunt
2689 4988 2891 5061 optima
2933 5001 3161 5060 quaeque
3199 4985 3404 5045 Israel?
3431 5004 3619 5048 nonne
3649 4994 3747 5049 tibi
3771 5002 3823 5051 et

2234 5097 2255 5132 ι
2300 5079 2446 5135 οηιηὶ
2475 5078 2656 5135 domui
2685 5079 2859 5150 patris
2886 5078 2983 5134 tui.
3006 5098 3025 5132 ι
3058 5077 3218 5135 Tales
3242 5079 3388 5136 enim
3416 5090 3476 5137 et
3513 5082 3820 5155 hujusmodi

2231 5172 2552 5231 traditiones
2584 5171 2917 5241 Iudaeorum,
2953 5172 3020 5231 de
3060 5173 3388 5245 apocryphis
3431 5174 3590 5233 libris
3633 5192 3819 5233 eorum

2236 5264 2463 5338 prolatae
2476 5274 2623 5331 sunt,
2647 5280 2786 5336 quos
2816 5279 3001 5321 secum
3030 5264 3344 5321 reconditos
3372 5264 3597 5333 habent,
3622 5282 3747 5338 quae
3773 5268 3821 5324 in

2230 5357 2437 5415 nostris
2464 5373 2575 5415 non
2604 5356 2893 5417 habentur.
2916 5357 2986 5417 Et
3004 5357 3126 5415 ideo
3146 5372 3176 5413 a
3198 5356 3525 5427 quibusdam
3554 5360 3821 5432 recipiun-

2231 5457 2340 5516 tur,
2373 5463 2481 5505 non
2529 5458 2818 5522 prapterea
2853 5458 2915 5504 ut
2960 5448 3081 5504 illos
3126 5448 3449 5519 approbent,
3476 5449 3574 5507 sed
3615 5465 3819 5520 eaquz

2231 5540 2541 5599 necessaria
2571 5550 2721 5610 sunt,
2750 5541 2818 5597 ad
2864 5540 3295 5598 confirmandum
3341 5540 3638 5611 recipiunt.
3671 5540 3819 5608 Quod

2231 5641 2287 5689 et
2314 5632 2515 5690 Paulus
2542 5630 2816 5707 apostolus
2864 5632 2919 5689 in
2966 5632 3224 5706 Epistolis
3262 5631 3380 5690 suis
3404 5626 3536 5705 (Tit.
3567 5648 3608 5703 ι,
3636 5632 3669 5688 Ι
3697 5631 3816 5688 Cor.

2233 5729 2348 5802 xv),
2379 5745 2485 5786 non
2534 5729 2705 5787 solum
2749 5728 2817 5785 de
2867 5728 3217 5787 Hebraeorum
3267 5730 3424 5787 libris
3468 5734 3817 5805 apocryphis,

2232 5823 2589 5880 verumetiam
2632 5837 2698 5880 ex
2738 5832 3020 5892 poetarum
3051 5839 3115 5882 ac
3151 5826 3486 5883 comicorum
3521 5826 3817 5889 aemilium.
