3970 6332
138 354 254 418 επ

1081 353 1334 411 ENARR.
1374 352 1441 410 IN
1475 352 1720 410 LIBROS
1758 352 2019 412 REGUM.
2059 386 2129 397 -
2165 354 2230 411 IN
2265 354 2391 411 LIB.
2432 355 2475 411 ι.

3286 340 3392 407 294

136 473 235 530 ubi
259 478 619 546 opportunum
634 466 788 536 vidit,
805 466 1048 539 exempla
1071 466 1312 538 protulit.
1331 464 1447 523 Non
1471 479 1529 522 ut
1545 462 1725 522 omnia
1751 472 1802 531 Α
1834 490 1851 521 ι
1896 471 2061 542 coepit
2085 471 2369 527 adversum
2391 468 2549 526 Jabes
2568 464 2792 525 Galaad.
2820 467 3187 540 Dixeruntque
3211 481 3409 526 omnes

139 582 332 623 eorum
364 570 667 621 commenta
691 560 1036 635 approbaret,
1067 560 1162 616 sed
1181 570 1481 633 opportuna
1512 560 1601 616 ubi
1627 576 1727 616 ne-

138 658 446 715 cessarium
487 655 640 720 vidit,
674 654 922 710 inseruit.
955 653 1092 709 Hinc
1117 664 1200 709 est
1232 654 1377 725 quod
1401 653 1568 709 Judas
1597 668 1729 724 apo-

138 749 317 805 SlUIilS
350 749 403 803 in
452 745 690 818 Epistola
737 760 834 800 sua
878 760 942 800 ex
990 744 1181 801 iisdem
1225 743 1378 799 libris
1422 743 1729 815 exemplum

136 841 349 903 intulit,
378 839 599 895 dicens:
629 857 647 890 ι
680 836 1030 907 Prophetavit
1057 844 1235 891 autem
1262 835 1327 891 de
1354 835 1439 891 bis
1465 834 1728 906 septimus

135 930 210 985 ab
241 931 415 985 Adam
439 928 647 993 Enoch,
673 927 896 984 dicens:
921 928 1059 983 Ecce
1078 927 1224 982 venit
1245 926 1504 985 Dominus
1524 927 1579 981 in
1604 942 1732 982 san-

136 1022 247 1077 ctis
281 1022 518 1077 millibus
535 1020 650 1075 suis
674 1018 853 1076 facere
873 1019 1134 1091 judicium
1158 1026 1345 1075 contra
1370 1035 1560 1076 omnes
1577 1018 1727 1090 (Iud.

134 1114 228 1185 ιι).
257 1133 279 1168 ι
307 1112 461 1183 Quod
487 1122 556 1169 ex
584 1112 856 1186 praedictis
877 1112 1031 1168 libris
1059 1120 1332 1184 sumptum
1355 1121 1460 1178 est,
1487 1112 1579 1169 sed
1604 1111 1733 1183 quia

134 1224 335 1265 verum
365 1215 475 1275 est,
504 1224 611 1263 non
652 1216 735 1263 est
774 1205 1145 1276 rejiciendum.
1188 1204 1306 1262 Non
1343 1215 1523 1261 tamen
1549 1204 1734 1261 omnia

136 1301 499 1374 approbanda
549 1307 709 1367 sunt,
758 1299 852 1355 sed
900 1297 1211 1354 necessaria
1254 1297 1587 1369 accipienda.
1641 1296 1733 1353 Sic

140 1394 316 1449 etiam
368 1391 689 1448 traditiones
732 1390 1002 1447 nonnullae
1049 1398 1351 1462 opportuno
1392 1386 1733 1444 assumendae

140 1494 300 1541 sunt.

219 1596 239 1627 α
283 1574 529 1645 Cumque
575 1573 774 1629 abieris
820 1572 978 1639 inde,
1008 1580 1064 1627 et
1108 1570 1255 1629 ultra
1293 1577 1594 1634 transiens,
1629 1588 1648 1620 ι
1680 1574 1736 1624 et

138 1670 359 1741 reliqua
406 1684 683 1742 usquequo
710 1668 806 1735 ait,
829 1688 846 1719 ε
882 1668 1157 1723 invenient
1198 1675 1250 1722 te
1280 1675 1389 1723 tres
1420 1665 1521 1721 viri
1547 1679 1739 1721 ascen-

1836 580 1854 613 ι
1905 563 2001 617 viri
2026 561 2188 619 Jabes
2214 562 2281 618 ad
2313 560 2454 617 Naas
2479 578 2493 616 :
2523 561 2730 617 Habeto
2753 576 2853 617 nos
2875 558 3188 629 foederatos,
3204 571 3260 618 et
3283 577 3400 618 sero

1835 672 1854 706 ‹
1899 654 2101 710 viemus
2124 655 2240 711 tibi.
2265 654 2332 710 Et
2357 654 2630 725 respondit
2652 654 2719 708 ad
2747 669 2842 709 eos
2866 651 3010 709 Naas
3031 651 3399 710 Ammouites:

1836 767 1853 800 ι
1890 747 1947 804 In
1976 748 2077 805 hoc
2107 750 2299 805 faciam
2330 749 2604 804 vobiscum
2636 746 2834 815 foedus,
2858 756 2918 803 ut
2946 762 3129 803 eruam
3159 746 3401 803 omnium

1834 858 1854 891 ι
1897 850 2136 896 veStrum
2156 841 2341 897 oculos
2365 840 2602 899 dextros.
2623 860 2642 894 ι
2674 840 2873 898 Verum
2896 839 3021 910 quia
3050 839 3275 895 historia
3293 846 3396 906 est,

1831 932 2125 1005 spiritalem
2197 932 2601 1005 intelligentiam
2672 931 2988 989 brevissima
3044 932 3406 991 insinuatione

1831 1024 2117 1082 enucleare
2152 1025 2512 1096 aggredimur.
2545 1024 2686 1080 Naas
2715 1025 2882 1093 enim,
2902 1025 2995 1097 qui
3022 1025 3409 1096 interpretatur

1830 1134 2060 1189 serpens,
2093 1116 2359 1187 signiﬁcat
2386 1116 2656 1173 diabolum
2685 1134 2698 1170 :
2725 1132 2833 1172 non
2879 1115 3048 1172 solum
3078 1132 3204 1187 quia
3234 1116 3406 1173 lubri-

1833 1227 1929 1269 cus
1950 1219 2005 1267 et
2030 1218 2304 1266 tortuosus
2324 1218 2432 1275 est,
2460 1207 2554 1264 sed
2583 1208 2710 1279 quia
2740 1208 2973 1281 primum
3007 1209 3279 1267 hominem
3308 1225 3408 1281 per

1834 1311 2136 1374 serpentem
2162 1302 2391 1373 decepit.
2419 1300 2538 1372 Ipse
2558 1300 2797 1359 ascendit
2820 1300 2890 1357 ad
2908 1301 3259 1373 prazﬁaudum
3279 1317 3410 1359 con-

1834 1405 1919 1452 tra
1968 1395 2153 1462 Jabes,
2185 1390 2277 1467 qui
2326 1394 2709 1465 interpretatur
2760 1411 2973 1459 sensus,
3003 1394 3126 1467 quia
3171 1394 3415 1451 diabolus

1835 1487 2305 1559 semper‘sensum
2353 1487 2548 1542 divina:
2581 1487 2917 1558 cognationis
2952 1498 3008 1543 et
3036 1488 3294 1545 bonitatis
3322 1504 3415 1549 att-

1836 1580 1979 1634 ferre
2005 1578 2071 1633 ab
2094 1578 2401 1633 hominibus
2424 1588 2668 1635 conatur.
2693 1577 2898 1637 Galaad
2923 1594 3071 1645 vero,
3099 1581 3190 1650 qui
3214 1581 3412 1637 dicitur

1837 1686 2048 1724 acervus
2084 1670 2388 1735 testimonii,
2428 1670 2548 1726 illos
2598 1671 2868 1743 signiﬁcat
2901 1671 2992 1742 qui
3043 1673 3237 1728 eruditi
3286 1680 3414 1731 sunt

141 1784 160 1817 ι
214 1763 417 1819 dentes
447 1762 513 1818 ad
548 1761 718 1817 Deum
752 1761 805 1816 in
830 1760 1039 1816 Bcthel.
1064 1781 1082 1814 ι
1112 1758 1175 1815 lii
1200 1759 1302 1815 viri
1337 1774 1503 1815 causa
1534 1756 1738 1815 oratie-
1768 1832 1795 1836 __
1840 1761 1891 1816 iu
1950 1750 2188 1816 Ecclesia
2249 1761 2572 1818 testimoniis
2632 1763 2935 1823 divinarum
2992 1762 3413 1836 Scripturarum.

137 1856 229 1911 nis
264 1855 417 1910 ibant
449 1855 503 1908 in
532 1852 873 1919 Betbel;'ubi
900 1850 1065 1907 Iacob
1097 1848 1331 1922 lapidem
1358 1859 1625 1905 erexerat.

224 1963 241 1996 ι
278 1942 411 2000 Post
436 1945 552 2000 htec
591 1943 812 1999 veniens
850 1942 915 1997 ad
951 1941 1142 1997 collem
1174 1940 1289 2008 Dei,
1318 1940 1408 1996 ubi
1455 1949 1539 1995 est
1575 1938 1738 1994 statio

147 2052 168 2086 α
214 2034 691 2089 Philisthinorum.
707 2053 725 2085 ι
747 2031 909 2088 Collis
922 2030 1014 2085 Dei
1040 2030 1191 2086 locus
1214 2038 1333 2085 erat
1351 2026 1438 2085 ubi
1464 2027 1741 2101 propheta:

138 2126 493 2181 habitabant.
525 2143 544 2176 ι
568 2123 633 2179 Ει
661 2139 784 2179 cum
813 2124 1086 2193 ingressus
1118 2121 1284 2178 fueris
1314 2121 1367 2175 in
1397 2121 1608 2185 urbem,
1643 2118 1741 2175 ob-

146 2237 164 2269 ι
204 2217 362 2271 viam
388 2214 611 2271 habebis
640 2230 857 2287 gregem
887 2213 1270 2285 prophetarum
1296 2210 1741 2268 descendentium

147 2329 166 2361 σ
214 2311 292 2365 de
321 2307 555 2372 excelso,
582 2308 834 2379 ipsosque
854 2307 1266 2378 prophetantes,
1293 2314 1348 2362 et
1377 2304 1577 2361 insiliet
1603 2304 1656 2359 in
1691 2310 1742 2358 te

148 2419 169 2453 ι
213 2399 464 2471 Spiritus
492 2398 724 2466 Domini,
757 2409 811 2453 et
836 2397 1184 2471 prophetabis
1208 2413 1331 2454 cum
1360 2397 1463 2464 eis,
1485 2404 1542 2452 et
1568 2404 1743 2452 muta-

147 2512 168 2545 ι
216 2492 375 2548 beris
400 2492 451 2547 in
474 2492 649 2547 virum
678 2490 860 2549 alium.
897 2490 1120 2559 Quando
1142 2505 1273 2564 ergo
1292 2491 1569 2549 evenerint
1587 2490 1743 2562 signa

150 2605 171 2640 ι
218 2586 352 2642 haec
376 2586 556 2641 omnia
602 2583 720 2651 tibi,
761 2583 847 2640 fac
875 2599 1212 2656 quascunque
1243 2583 1512 2640 invenerit
1550 2597 1745 2638 manus

151 2696 172 2729 ι
218 2684 345 2743 tua,
369 2676 493 2748 quia
520 2676 782 2733 Dominus
813 2684 991 2731 tecum
1014 2684 1098 2731 est
1118 2690 1133 2731 :
1157 2685 1212 2731 et
1239 2675 1440 2731 insiliet
1468 2674 1523 2729 in
1554 2682 1609 2731 te
1630 2672 1747 2744 Spi-

148 2788 168 2822 σ
212 2769 367 2824 ritus
405 2768 637 2835 Domini,
666 2775 719 2824 et
762 2768 1111 2839 prophetabis
1155 2784 1278 2824 cum
1328 2768 1428 2825 eis.
1455 2789 1473 2820 ι
1504 2766 1746 2838 Prophe-

142 2871 302 2917 tasse
346 2876 469 2917 eum
501 2861 577 2916 ibi
602 2860 772 2916 Judaei
801 2861 988 2917 dicunt
1022 2860 1090 2917 de
1132 2856 1317 2916 futuro
1346 2859 1566 2925 sazculo,
1593 2866 1649 2914 et
1677 2860 1746 2916 de

138 2954 262 3023 Gog
298 2964 357 3010 et
382 2954 588 3027 Magog,
621 2964 680 3010 et
697 2954 764 3012 de
789 2954 1030 3024 praemiis
1045 2953 1342 3026 iustorum,
1370 2960 1426 3010 et
1455 2965 1618 3024 paena
1645 2952 1747 3007 im-

139 3047 394 3117 piorum.
426 3044 560 3103 Nam
596 3045 722 3117 quia
749 3043 957 3117 Spiritu
991 3044 1204 3101 Domini
1228 3044 1493 3116 impulsus
1515 3044 1747 3115 prophe-

1762 1832 1811 1896 Β
1838 1852 2077 1919 Quorum
2108 1850 2295 1909 oculos
2322 1854 2575 1909 dcxteros
2603 1870 2795 1911 eruere
2826 1855 2993 1927 cupit,
3018 1832 3266 1913 videlicet
3294 1856 3415 1911 illu-

1840 1944 2189 2000 minationem
2240 1944 2385 2008 ﬁdei,
2414 1952 2468 2001 et
2512 1945 2912 2016 praedicationis
2945 1946 3158 2003 auferre
3198 1947 3415 2019 satagit.

1842 2030 1946 2092 Sed
1985 2036 2083 2092 hos
2109 2034 2258 2104 Sani,
2286 2034 2538 2093 videlicet
2566 2037 2827 2097 Dominus
2856 2053 2921 2095 ac
2958 2039 3290 2112 Redemptor
3312 2057 3415 2099 no-

1840 2138 1973 2193 ster,
1998 2128 2192 2186 liberat
2217 2144 2340 2185 cum
2371 2130 2613 2186 exercitu
2639 2145 2739 2187 suo
2764 2130 2850 2189 :id
2864 2140 2949 2187 est
2972 2131 3174 2189 auxilio
3197 2132 3418 2205 angelo-

1843 2239 1959 2277 rum
1973 2237 2068 2277 seu
2088 2222 2501 2293 praedicatorum
2526 2237 2747 2279 suorum
2763 2223 2924 2296 quiin
2945 2218 3147 2281 Besech
3159 2224 3414 2297 populum

1842 2323 2141 2373 enumerat.
2156 2312 2521 2374 Besechenim
2543 2326 2741 2388 egestas
2773 2317 3177 2389 interpretatur,
3207 2320 3332 2391 quia
3361 2320 3417 2379 in

1842 2417 2084 2480 egestate
2111 2409 2395 2480 praesentis
2414 2409 2539 2465 vitae
2563 2409 2715 2465 novit
2738 2408 2998 2465 Dominus
3015 2409 3107 2483 qui
3133 2418 3261 2465 sunt
3283 2408 3421 2481 ejus.

1842 2498 1909 2557 Et
1936 2501 2078 2572 apud
2122 2500 2297 2572 ipsum
2324 2508 2409 2556 est
2436 2509 2619 2556 certus
2646 2515 2904 2557 numerus
2943 2500 3259 2567 electorum,
3285 2516 3427 2573 quos

1844 2593 1912 2649 ad
1936 2592 2182 2665 praelium
2209 2602 2397 2648 contra
2428 2592 2698 2648 diabolum
2722 2593 2943 2649 excitat.
2967 2591 3103 2648 Nam
3132 2608 3422 2664 possumus

1846 2686 1914 2743 ad
1944 2686 2226 2743 haereticos
2253 2686 2476 2753 referre,
2509 2687 2602 2758 qui
2625 2685 2854 2758 populus
2878 2695 2961 2743 est
2988 2687 3264 2751 mmroris,
3290 2701 3427 2761 quo-

1847 2780 1990 2835 niam
2021 2776 2274 2849 gaudium
2302 2776 2536 2847 Spiritus
2570 2777 2746 2833 sancti
2788 2792 2895 2835 non
2934 2776 3153 2832 habent.
3183 2775 3431 2846 Disponit

1847 2887 2035 2929 eorum
2072 2870 2403 2943 perversitas
2431 2869 2486 2927 in
2514 2869 2618 2925 hoc
2647 2868 2823 2925 foedus
2848 2882 2972 2926 cum
3006 2867 3205 2940 populo
3237 2866 3430 2923 Eccle-

1847 2963 1961 3029 siae,
1984 2969 2041 3017 ut
2070 2970 2226 3018 eruat
2247 2959 2435 3017 oculos
2460 2960 2695 3025 dextros,
2722 2960 2776 3015 id
2797 2967 2882 3017 est
2904 2975 3118 3017 sensum
3144 2958 3230 3015 vel
3252 2959 3428 3015 visum

1849 3068 1996 3109 sana.
2025 3053 2340 3109 orthodoxae
2367 3048 2491 3107 ﬁdei
2538 3048 2768 3105 auferat.
2796 3049 2865 3105 Et
2909 3048 3023 3105 vult
3052 3057 3112 3105 ut
3152 3049 3429 3106 sinistrum

142 3140 309 3206 tavit,
357 3138 423 3195 de
468 3138 700 3195 adventu
738 3134 940 3194 Christi
990 3146 1046 3194 el
1083 3137 1256 3195 salute
1304 3137 1584 3195 hominum
1612 3152 1746 3208 pro-
1775 3192 1816 3212 ,η
1846 3143 2104 3209 habeant,
2123 3142 2178 3197 id
2202 3149 2288 3198 est
2310 3155 2623 3212 perversum
2647 3146 2962 3208 sensum,et
2978 3155 3146 3211 prava
3173 3139 3428 3196 sentiant.

138 3233 414 3304 phetasse
438 3247 547 3290 non
572 3230 797 3288 dubium
824 3240 925 3289 est.

147 3443 166 3474 ε
200 3436 560 3494 quascunque
585 3420 853 3476 invenerit
872 3435 1066 3475 manus
1089 3428 1200 3487 tua,
1227 3418 1351 3492 quia
1382 3418 1526 3477 Deus
1571 3431 1747 3476 tecum

147 3536 167 3569 ι
214 3524 342 3572 est.
367 3534 388 3568 ι
421 3512 498 3571 Ac
525 3515 570 3571 si
596 3515 801 3573 diceret
828 3532 843 3570 :
872 3513 969 3570 His
996 3514 1163 3587 signis
1185 3529 1344 3571 nosse
1365 3514 1570 3586 poteris
1621 3511 1748 3584 quia

146 3608 301 3664 Deus
340 3614 393 3663 te
428 3621 607 3680 regem
649 3606 766 3663 ﬁeri
795 3605 987 3674 voluit,
1014 3614 1071 3662 et
1096 3605 1301 3663 ideirco
1329 3607 1397 3661 ad
1424 3607 1605 3663 omnia
1629 3620 1751 3678 quae

146 3700 249 3755 tibi
295 3698 509 3771 agenda
559 3706 709 3765 sunt,
756 3697 1011 3769 regaliter
1057 3710 1178 3770 age,
1210 3697 1337 3769 quia
1383 3696 1528 3754 Deus
1573 3691 1750 3753 teéum

148 3799 254 3847 est.

226 3902 247 3935 r
283 3881 554 3937 Videntes
596 3890 776 3938 autem
816 3896 1005 3938 omnes
1044 3883 1138 3953 qui
1170 3890 1433 3939 noverant
1460 3896 1584 3935 eum
1635 3880 1753 3935 heri

156 3995 175 4027 ι
221 3984 281 4032 et
320 3972 735 4040 nudiustertius,
767 3970 911 4044 quod
935 3982 1080 4029 esset
1102 3989 1223 4028 cum
1253 3971 1531 4045 prophetis
1551 3979 1606 4026 et
1631 3987 1757 4042 pro-

156 4085 175 4113 ι
224 4067 513 4137 phetaret,
539 4064 796 4119 dixerunt
815 4063 883 4119 ad
912 4064 1142 4120 invicem
1168 4083 1181 4119 :
1205 4062 1462 4131 Quaenam
1491 4079 1578 4119 res
1607 4062 1755 4118 acci-

158 4175 176 4207 ‹
222 4158 307 4211 dit
326 4156 441 4211 filio
460 4154 587 4211 Cis?
610 4155 748 4211 Num
769 4164 824 4211 et
847 4155 978 4211 Sani
998 4157 1141 4212 inter
1160 4154 1492 4229 prephetas?
1518 4155 1760 4225 Res,ion-

160 4270 179 4302 ι
223 4249 425 4319 ditque
472 4248 613 4304 alius
662 4248 729 4304 ad
776 4248 1028 4316 alterum,
1080 4248 1397 4305 dicenszEt
1437 4247 1560 4319 quis
1605 4256 1762 4318 pater

162 4360 182 4396 ς
227 4342 468 4399 eorum?
494 4360 512 4393 ι
542 4349 597 4397 et
626 4341 852 4412 reliqua.
901 4340 1046 4396 Bene
1076 4342 1173 4409 ait,
1197 4338 1359 4396 Saule
1401 4341 1762 4413 prophetaute

158 4446 284 4488 cum
318 4431 560 4497 caeteris,
590 4450 609 4482 ι
637 4430 704 4486 Et
726 4431 848 4501 quis
875 4443 1029 4502 pater
1056 4428 1279 4485 eorum?
1309 4450 1328 4482 ι
1357 4428 1485 4486 Acsi
1507 4429 1711 4485 diceret
1743 4444 1758 4483 :

1770 3192 1828 3257 0
1850 3232 1959 3290 Sed
1982 3192 2214 3305 popilius
2242 3192 2416 3287 ﬁdelis
2443 3246 2696 3286 acervum
2737 3192 3101 3287 testimonium
3126 3228 3432 3285 divinarum

218 3347 240 3377 ι
284 3326 524 3412 Quando
547 3341 677 3399 ergo
717 3326 966 3383 venerint
989 3326 1140 3397 signa
1166 3324 1281 3383 haec
1309 3326 1490 3382 omnia
1522 3325 1638 3393 tibi,
1662 3322 1749 3382 fac
1780 3386 1793 3391 _

1849 3324 2255 3396 Scripturarum
2294 3322 2561 3395 congerit,
2588 3323 2733 3378 unde
2768 3322 2882 3379 suis
2918 3320 3165 3379 hostibus
3192 3322 3432 3387 resistat,

1849 3413 2051 3471 emittit
2078 3414 2132 3468 in
2162 3412 2448 3469 universos
2485 3413 2747 3469 terminos
2784 3411 2972 3481 Israel,
2998 3413 3100 3469 hoc
3133 3421 3217 3469 est
3249 3411 3315 3469 ad
3341 3412 3438 3467 do.

1849 3513 2030 3563 ctores
2058 3503 2337 3569 Ecclesiae,
2367 3511 2634 3573 quatenus
2660 3502 2765 3560 sibi
2802 3519 2960 3577 opem
3006 3501 3208 3571 ferant,
3235 3511 3291 3560 et
3317 3518 3440 3559 seu.

1852 3607 1964 3655 tum
1996 3598 2121 3655 ﬁdei
2145 3607 2333 3655 contra
2363 3597 2549 3653 hostes
2575 3594 2641 3653 e'x
2662 3596 2895 3654 adverso
2929 3605 3216 3670 opponant.

2452 3764 2681 3826 CAPUT
2715 3766 2831 3825 XII.

1931 3921 1950 3954 ι
1985 3903 2132 3958 υἱιιι
2163 3911 2345 3957 autem
2390 3900 2616 3958 Samuel
2642 3901 2712 3957 ad
2736 3901 2993 3974 populum
3021 3920 3037 3958 :
3064 3902 3252 3959 Venite
3268 3911 3329 3959 ot
3352 3918 3446 3959 ea-

1862 4012 1882 4047 ‹
1927 4008 2050 4050 mus
2092 3993 2146 4048 in
2193 3990 2435 4063 Galgala,
2482 4000 2537 4047 et
2572 3993 2893 4049 innovemus
2935 3992 3007 4049 ibi
3058 4007 3305 4066 regnum,
3335 4012 3356 4046 ι
3386 4000 3445 4051 et

1859 4084 2065 4155 reliqua
2113 4097 2395 4153 usquequo
2425 4078 2537 4148 ait,
2572 4100 2591 4135 ι
2629 4082 2773 4139 Misit
2817 4081 3077 4141 Dominus
3110 4081 3364 4139 Jerohaal
3389 4090 3448 4143 et

1865 4194 1885 4228 ι
1930 4172 2113 4230 Bedan
2136 4182 2194 4228 et
2228 4171 2399 4230 Barac
2426 4181 2481 4229 et
2508 4173 2701 4243 Iephte
2726 4180 2783 4231 et
2810 4172 3065 4239 Samuel,
3095 4180 3153 4229 et
3174 4173 3318 4229 eruit
3343 4188 3443 4230 vos

1866 4286 1887 4320 ι
1935 4264 2001 4322 de
2033 4281 2196 4321 manu
2226 4265 2566 4322 inimicorum
2598 4273 2924 4321 vestrorum.
2946 4285 2966 4319 ι
2998 4264 3159 4321 Prius
3182 4265 3327 4321 enim
3350 4281 3450 4323 an-

1865 4371 2083 4433 tequam
2135 4359 2414 4431 superiora
2463 4359 2797 4431 pandamus,
2844 4357 3131 4414 dicendum
3175 4367 3260 4414 est
3325 4358 3453 4429 quis

1864 4451 2028 4509 fuerit
2055 4452 2156 4509 iste
2179 4450 2434 4509 Jerobaal
2461 4459 2518 4507 et
2553 4451 2758 4506 Badau.
2800 4448 3051 4506 Jerobaal
3083 4450 3200 4522 ipse
3231 4458 3315 4509 est
3339 4448 3450 4507 Ge-

160 4524 229 4581 Et
258 4525 394 4597 quis
425 4526 596 4597 major
634 4523 725 4582 illo
752 4525 805 4579 in
853 4524 1114 4594 dignitate
1143 4532 1197 4580 et
1227 4523 1528 4595 sapientia?
1561 4521 1750 4595 optime

165 4620 306 4642 -_2_--
363 4626 535 4642 ..ΑΔΑΑΔ
566 4618 709 4642 2...--
736 4616 1023 4642 .._.....l...o....
1054 4616 1257 4642 -..\........2
1296 4624 1340 4642 ΛΑ
1372 4626 1527 4642 ..-ιιι-
1555 4631 1737 4642 ΛΑ-ι.αι“

1867 4543 2030 4610 deon,
2052 4542 2147 4614 qui
2174 4557 2300 4597 cum
2331 4541 2588 4599 trecentis
2613 4540 2744 4598 viris
2788 4540 3064 4613 superavit
3103 4521 3449 4605 Madiauitas.

160 4620 311 4675 enim
363 4626 542 4688 potest
566 4618 709 4673 inter
736 4616 1027 4690 prophetas
1054 4616 1258 4673 versari
1292 4624 1347 4672 et
1371 4626 1527 4688 pater
1553 4631 1760 4680 eorum,

163 4710 218 4767 id
246 4720 343 4769 est
380 4711 639 4782 magister
684 4710 889 4777 vocari,
922 4710 1016 4781 qui
1058 4717 1166 4764 tam
1209 4710 1401 4766 doctus
1445 4716 1502 4766 et
1549 4708 1767 4780 sapiens

162 4810 268 4858 est.
300 4800 478 4858 Pater
504 4803 762 4874 magister
786 4808 1031 4865 vocatur,
1058 4800 1200 4855 sicut
1224 4798 1435 4856 Eliseus
1472 4796 1641 4854 Eliam
1672 4813 1769 4870 pa-

166 4900 336 4961 trem,
384 4892 437 4949 id
467 4900 551 4949 est
578 4892 899 4966 magistrum
928 4898 1110 4971 νομί,
1143 4884 1308 4946 Pater
1345 4890 1443 4958 mi,
1471 4888 1632 4945 Pater
1658 4888 1764 4956 mi;

166 5000 377 5043 currus
404 4982 570 5041 Israel
592 4994 649 5042 et
682 4984 872 5056 auriga
913 4982 1049 5055 eius.
1094 4982 1165 5037 Et
1192 4983 1245 5037 in
1278 4980 1417 5039 libro
1458 4981 1560 5039 Joh
1586 5001 1598 5037 :
1625 4982 1764 5048 Eliu,

168 5076 408 5150 Elipbaz
433 5088 666 5150 patrem,
690 5078 743 5134 id
784 5085 868 5134 est
899 5078 1217 5148 magistrum
1250 5085 1429 5143 vocat,
1452 5077 1557 5133 hoc
1582 5077 1763 5145 modo,

174 5188 195 5222 ι
240 5168 412 5225 Pater
454 5170 551 5236 mi,
592 5168 857 5242 probetur
904 5166 1007 5226 Job
1058 5183 1231 5241 usque
1281 5168 1351 5226 ad
1397 5169 1564 5226 ﬁnem
1618 5168 1762 5243 (Job.

170 5266 393 5329 xxxrv).
416 5280 437 5314 ι
468 5259 621 5330 Quod
650 5268 829 5318 autem
863 5258 994 5317 Saul
1038 5261 1116 5317 ita
1166 5262 1389 5328 invenit,
1414 5264 1554 5319 sicut
1581 5263 1771 5320 videns

176 5355 532 5426 praedixerat,
546 5354 833 5428 signiﬁcat,
853 5355 977 5427 quia
996 5355 1178 5412 omnia
1201 5355 1276 5412 ita
1301 5365 1599 5412 evenerunt
1615 5355 1771 5413 Chri-

176 5456 289 5513 sto,
317 5449 462 5503 sicut
498 5447 619 5503 lihri
648 5446 783 5520 legis
822 5455 879 5504 et
917 5446 1301 5520 prophetarum
1331 5447 1460 5504 olim
1503 5447 1770 5520 praedixe-

178 5546 335 5606 runt,
360 5538 488 5595 licet
509 5540 576 5596 de
594 5536 797 5597 Iudaeis
820 5538 989 5597 velint
1014 5538 1261 5612 Intelligi,
1289 5540 1485 5611 quibus
1512 5554 1773 5613 prospera

181 5644 281 5687 seu
309 5632 539 5689 adversa
567 5632 643 5688 ita
670 5640 989 5699 evenerunt,
1012 5632 1155 5688 sicut
1183 5632 1525 5705 praedixerat.

799 5740 1026 5801 canor
1071 5744 1160 5799 xr.
1536 5812 1549 5821 κ

256 5856 274 5886 ι
302 5835 575 5894 Ascendit
617 5841 795 5893 autem
848 5833 988 5892 Naas
1036 5835 1408 5900 Atnmonites,
1437 5844 1491 5893 et
1538 5852 1778 5901 pugnare

1866 4632 2051 4692 Badau
2076 4651 2228 4700 vero,
2255 4642 2312 4691 ut
2340 4634 2662 4706 quibusdam
2689 4633 2882 4705 placet,
2914 4633 3028 4705 ipse
3070 4641 3155 4689 est
3198 4631 3450 4691 Samson.

1868 4728 2135 4784 Caeterum
2165 4728 2320 4799 juxta
2353 4727 2599 4784 altiorem
2645 4726 3075 4797 intelligentiam,
3108 4725 3328 4798 Galgala
3360 4725 3451 4781 ubi

1870 4821 2092 4897 Samuel
2120 4821 2396 4876 innovavit
2435 4830 2660 4893 regnum
2688 4832 2755 4877 ee
2792 4820 3068 4893 redarguit
3094 4819 3232 4876 ﬁlios
3264 4817 3451 4885 Israel,

1868 4930 1991 4987 qua:
2030 4914 2417 4984 interpretatur
2465 4911 2714 4968 revelatio
2759 4911 3032 4984 signiﬁcat
3066 4910 3451 4969 nevelationem

1871 5016 1930 5063 et
1954 5004 2400 5062 illuminationem
2428 5003 2553 5060 ﬁdei
2586 5004 2639 5060 in
2668 5002 2818 5061 Novo
2842 5004 3207 5068 Testamento,
3240 5000 3330 5057 ubi
3360 5014 3455 5056 ve-

1874 5107 1965 5156 tus
1992 5112 2217 5171 regnum
2240 5097 2296 5153 in
2322 5111 2519 5153 novum
2547 5105 2937 5155 commutatum
2961 5104 3064 5153 est.
3088 5094 3167 5150 De
3192 5108 3298 5163 qua
3328 5104 3453 5148 nn-

1876 5190 2081 5246 tatione
2105 5189 2354 5263 superius
2375 5188 2489 5260 jam
2511 5190 2766 5257 diximus,
2789 5189 2879 5247 ubi
2901 5189 2970 5247 de
2994 5184 3076 5245 Eli
3096 5196 3153 5243 et
3180 5186 3306 5242 mis
3331 5185 3454 5258 eius

1877 5281 2179 5353 reprobatis
2202 5318 2221 5349 ,
2247 5289 2301 5336 et
2347 5279 2612 5338 electione
2651 5279 2919 5337 Samuelis
2949 5276 3348 5348 descripsimus.
3380 5276 3456 5334 De

1876 5371 2178 5444 abjectioue
2231 5368 2362 5427 Saul
2417 5378 2474 5427 et
2532 5371 2921 5428 constitutione
2960 5367 3127 5425 David
3153 5406 3170 5432 ,
3227 5365 3457 5423 Domino

1875 5463 2114 5533 favente,
2142 5463 2196 5520 in
2224 5476 2500 5537 posterum
2536 5463 2731 5521 dicturi
2766 5477 2974 5519 sumus.
3026 5461 3223 5517 Verum
3262 5460 3317 5517 in
3353 5461 3458 5518 hoc

1876 5559 2021 5633 quod
2049 5558 2268 5616 Samuel
2301 5560 2440 5617 ﬁlios
2470 5558 2762 5630 redarguit,
2783 5557 2940 5629 juxta
2966 5555 3228 5612 moralem
3252 5555 3458 5611 intelli—

1876 5653 2115 5724 gentiam
2146 5662 2330 5725 typum
2372 5652 2545 5708 tenuit
2586 5650 2911 5721 spiritalium
2938 5653 3216 5709 doctorum
3239 5669 3255 5706 ε
3276 5651 3370 5723 qui
3403 5651 3459 5706 in

1877 5748 2184 5817 semetipsis
2228 5747 2421 5801 delicta
2471 5744 2657 5814 gravia
2708 5760 2815 5801 non
2865 5746 3231 5817 haheut,qute
3276 5744 3461 5800 redar-

1879 5847 2078 5902 quant;
2113 5834 2206 5893 sed
2233 5841 2459 5890 altorum
2490 5844 2712 5891 ueccata
2738 5833 2942 5907 absque
2962 5834 3350 5913 detrectatione
3383 5831 3460 5889 fec
