3970 6332
0 3703 4 3914 ι

545 316 652 375 295
1612 300 1966 361 ANGELOMI
2006 290 2470 355 LUXOVIENSIS
2513 277 2822 350 MONACHI
3709 287 3824 352 293

546 433 712 490 riunt.
751 430 824 485 De
861 427 948 484 his
975 425 1120 483 enim
1149 423 1346 480 talibus
1386 437 1484 494 per
1515 419 1856 477 Salomonem
1889 415 2123 470 dicitur:
2157 416 2204 475 Α
2233 407 2600 478 ticipationem
2628 405 2693 460 de
2732 402 2998 468 lsboseth,
3042 417 3109 459 eo
3132 399 3305 473 "quod
3368 402 3422 459 in
3477 405 3843 474 sequentibus

553 541 573 574 ‹
615 519 790 575 Verba
818 517 1142 588 sapientium
1187 513 1342 584 quasi
1383 511 1587 567 stimuli
1625 517 1679 562 et
1723 505 1875 577 quasi
1912 502 2044 559 clavi
2079 501 2133 555 in

550 614 718 670 altum
747 610 910 666 deﬁxi
939 607 1107 682 (Eccl.
1141 606 1260 680 χιι).
1285 625 1302 658 ι
1338 606 1481 659 Bene
1510 603 1587 656 ait
1615 619 1626 654 :
1657 619 1674 651 ι
1709 597 1887 652 Verba
1919 595 2137 664 sapien-

552 707 687 760 tium
739 703 878 758 sicut
923 699 1126 756 stimuli
1156 707 1210 754 et
1237 696 1392 767 quasi
1425 693 1560 749 clavi
1603 692 1656 746 in
1698 690 1865 744 altum
1897 687 2081 749 defixi,
2113 703 2130 735 ι

549 796 678 866 quia
706 801 926 865 peccata
965 790 1244 846 hominum
1289 785 1534 841 nesciunt
1573 781 1815 852 palpare,
1842 793 1942 834 nec
1991 775 2138 832 molli

552 903 715 942 manu
767 892 1059 939 attrectare
1110 879 1368 943 lascivia;
1416 876 1510 931 sed
1559 887 1765 944 asperae
1819 868 2138 924 invectionis

551 976 919 1049 increpatione
948 974 1240 1044 corrigere,
1272 977 1326 1025 et
1356 968 1658 1023 inerrantes
1681 962 2015 1036 ptenitentia:
2045 961 2138 1015 do-

550 1071 721 1127 lorem
757 1078 811 1125 et
841 1068 1034 1123 vulnus
1060 1063 1302 1135 inﬁgere.
1343 1060 1402 1116 Si
1431 1061 1583 1131 cujus
1624 1058 1789 1131 igitur
1814 1070 1994 1111 sermo
2031 1068 2139 1108 non

551 1151 760 1238 pungit,
809 1163 903 1218 sed
948 1156 1296 1217 oblectationi
1340 1162 1424 1212 est
1479 1152 1837 1216 audientium,
1885 1149 1985 1238 iste
2031 1161 2141 1201 non

551 1237 635 1312 est
669 1268 846 1310 sermo
872 1249 1148 1321 sapientis.
1183 1248 1321 1303 Hinc
1361 1254 1445 1302 est
1483 1243 1627 1316 quod
1660 1240 1899 1299 Joannes
1925 1237 2140 1294 Iudaeos

551 1346 846 1417 gloriantes
878 1341 1160 1413 redarguit
1187 1341 1323 1395 dura
1354 1337 1682 1401 invectione,
1713 1334 1900 1391 dicens
1929 1349 1942 1385 :
1977 1351 1995 1383 ι
2036 1329 2141 1386 Ge-

535 1426 755 1494 ~nimina
782 1437 1114 1507 viperarum,
1147 1433 1270 1504 quis
1299 1428 1696 1488 demonstrabit
1722 1426 1874 1482 vobis
1895 1423 2082 1493 fugere
2108 1436 2140 1475 a

549 1539 776 1586 ventura
801 1529 883 1584 ira
915 1526 1132 1600 (Matth.
1160 1525 1280 1597 1n)?
1314 1545 1330 1576 ι
1368 1523 1613 1592 Denique
1640 1532 1931 1591 possumus
1958 1524 2014 1571 et
2042 1515 2142 1570 ali-

550 1631 634 1676 ter
665 1621 806 1676 hanc
835 1619 1156 1676 sententiam
1187 1617 1339 1672 brevi
1384 1613 1733 1686 indagatione
1757 1611 2003 1675 innuere,
2033 1621 2142 1679 quo

547 1714 626 1768 ait
654 1712 880 1768 dicens:
911 1729 930 1762 ‹
958 1707 1139 1766 Verba
1166 1707 1490 1779 sapientium
1524 1705 1665 1760 sicut
1687 1700 1923 1767 stimuli,
1955 1719 1973 1752 ι
2006 1707 2139 1765 etc.,

2241 501 2470 570 legatur,
2513 497 2882 568 Quadraginta
2934 511 3200 552 annorum
3245 506 3366 552 erat
3405 495 3662 552 Isboseth
3714 512 3842 553 cum

2239 607 2469 662 regnare
2515 591 2791 660 cmpisset,
2832 597 2885 643 et
2930 587 3141 642 duobus
3189 589 3348 644 annis
3397 589 3672 660 regnavit,
3729 600 3788 645 et
3815 607 3845 645 a

2239 676 2416 738 morte
2445 681 2562 735 Heli
2593 695 2762 750 usque
2787 680 2853 734 ad
2889 677 3018 734 Saul
3038 694 3201 736 omne
3223 689 3438 751 tempus
3468 681 3846 752 quadraginta

2240 791 2504 831 annorum
2532 784 2637 839 cst,
2662 790 2768 830 non
2801 773 3152 843 prohibemus
3178 774 3305 844 quia
3332 783 3388 830 et
3404 774 3636 846 intelligi
3673 775 3844 830 valet.

2316 887 2335 920 ‹
2373 867 2439 924 Et
2469 867 2739 938 percussit
2771 865 3034 920 Jonathas
3066 867 3358 920 stationem
3383 865 3849 921 Philisthinorum

2229 945 2267 1012 ἰ
2303 975 2421 1031 qua!
2435 969 2552 1014 erat
2575 959 2630 1013 in
2651 958 2854 1014 Gabaa.
2878 957 3031 1026 Quod
3050 973 3170 1013 cum
3188 957 3847 1023 audissentPhilisthiim,

2248 1069 2266 1103 ι
2297 1051 2427 1106 Saul
2453 1050 2650 1106 cecinit
2703 1050 2933 1105 buccina
2979 1049 3034 1103 in
3063 1049 3210 1104 omni
3242 1057 3412 1115 terra,
3459 1050 3653 1105 dicens
3679 1067 3698 1102 :
3745 1049 3854 1104 Au-

2249 1161 2267 1194 ‹
2305 1143 2456 1197 diant
2496 1141 2709 1198 Hebraei
2753 1151 2810 1196 et
2853 1141 3142 1195 universus
3189 1141 3376 1206 Israel,
3419 1161 3438 1194 ι
3493 1150 3549 1197 et
3607 1141 3848 1212 reliqua.

2244 1232 2396 1300 Quod
2409 1233 2553 1288 enim
2577 1233 2682 1288 ait:
2703 1251 2720 1283 ι
2742 1231 2895 1298 Quod
2910 1246 3032 1286 cum
3048 1231 3700 1294 audissentPhilistbiim,
3721 1231 3854 1286 Saul

2259 1340 2278 1373 ε
2317 1323 2517 1378 cecinit
2541 1322 2767 1377 buccina
2800 1340 2818 1372 ι
2849 1330 2980 1385 etc.,
3010 1321 3089 1375 sic
3119 1320 3525 1392 intelligendum
3550 1331 3672 1376 est:
3696 1320 3852 1387 Quod

2243 1428 2366 1469 cum
2437 1411 2718 1467 audissent
2765 1411 3114 1477 Philisthiim,
3167 1411 3491 1470 subauditur
3531 1411 3854 1467 contui-inti

2243 1514 2392 1571 sunt,
2449 1504 2580 1560 Saul
2622 1503 2822 1559 cecinit
2873 1504 3123 1559 buccina.
3169 1503 3294 1558 llaec
3351 1503 3584 1558 buccina
3633 1503 3852 1574 signum

2243 1594 2510 1660 victoriae,
2541 1603 2596 1650 et
2625 1594 3023 1650 exhortationis
3055 1593 3176 1659 fuit,
3227 1602 3289 1648 ut
3340 1594 3619 1659 audirent,
3671 1603 3734 1650 et
3765 1610 3854 1649 no-

2245 1696 2463 1744 scerent
2477 1686 2692 1743 Hebmi
2704 1685 2968 1743 conturba
2976 1686 3013 1742 ti
3045 1696 3331 1758 superatos
3343 1702 3462 1743 esse
3476 1686 3853 1743 Philisthzeos.

549 1805 676 1876 quia
717 1812 773 1859 et
801 1801 868 1858 ad
895 1801 1308 1857 conversionem
1355 1805 1649 1868 provocant
1687 1803 1743 1850 et
1787 1794 1942 1848 ﬁrma
1991 1798 2140 1856 sunt,
2171 1783 2218 1843 B
2246 1779 2858 1876 Proptereagsequitur:

541 1903 608 1951 et
633 1896 686 1950 in
715 1894 860 1950 nullo
883 1895 1160 1959 oberrant,
1185 1892 1311 1962 quia
1335 1902 1523 1948 sancto
1554 1888 1761 1960 Spiritu
1787 1885 2066 1957 prophetis
2086 1890 2144 1939 et

551 1986 809 2059 apostolis
829 1985 1115 2057 inspirata,
1134 1985 1202 2040 ad
1223 1998 1316 2039 eos
1343 1998 1512 2053 usque
1527 1988 1918 2053 pervenerunt,
1941 1984 1996 2032 et
2020 1977 2143 2033 ideo
2167 2008 2170 2012 ι

551 2078 720 2134 solida
757 2077 940 2133 radice
969 2076 1189 2132 fundata
1221 2085 1363 2131 sunt.
1397 2074 1550 2130 Unde
1585 2081 1641 2130 et
1670 2073 1724 2128 in
1755 2072 1948 2128 eodem
1979 2084 2143 2125 versu

541 2169 892 2242 ’subjungitur
922 2189 934 2224 :
969 2169 1099 2238 Quae
1142 2184 1240 2239 per
1269 2167 1654 2236 magistrorum
1701 2164 1985 2220 consilium
2016 2163 2143 2218 data

549 2271 677 2331 sunt
703 2279 733 2316 a
757 2270 973 2332 pastore
1003 2276 1130 2326 uno,
1159 2259 1409 2315 videlicet
1433 2275 1462 2313 a
1485 2257 1764 2328 prophetis
1793 2271 1891 2326 per
1914 2269 2144 2325 quorum

551 2354 835 2409 consilium
858 2359 984 2408 sunt
1012 2350 1316 2421 prolata,’et
1342 2358 1558 2420 pastore
1587 2363 1716 2414 uno,
1747 2347 1799 2401 id
1823 2355 1907 2401 cst
1935 2345 2146 2416 Spiritu

552 2455 760 2510 sancto,
793 2445 1070 2516 inspirata.
1118 2443 1374 2514 Quisquis
1400 2443 1548 2496 enim
1583 2441 1668 2496 his
1697 2452 1780 2496 est
1825 2441 2142 2508 instructus,

551 2545 607 2594 et
648 2536 853 2606 Spiritu
909 2535 1090 2590 divino
1138 2534 1470 2598 illustratus,
1519 2540 1699 2602 potest
1747 2531 2044 2602 corrigere,
2073 2531 2141 2597 si,

553 2631 875 2700 inquantum
899 2628 1133 2682 humana
1158 2625 1424 2703 fragilitas
1460 2641 1564 2685 non
1591 2624 1844 2694 obsistat,
1873 2638 1930 2683 sc
1961 2640 1990 2682 a
2022 2641 2147 2700 pec.

554 2723 690 2778 catis
728 2722 1090 2792 continuerit,
1128 2724 1359 2780 aliorum
1408 2732 1652 2794 peccata.
1686 2711 1821 2792 Quia
1869 2724 1959 2778 ille
1999 2725 2148 2796 juste

551 2814 829 2888 redarguit
864 2819 918 2873 in
941 2819 1156 2874 caeteris
1190 2816 1392 2871 malum
1422 2832 1633 2882 eorum,
1665 2817 1759 2887 qui
1790 2818 2149 2887 spiritualiter

553 2911 762 2978 vivens,
809 2912 876 2966 de
923 2912 1142 2981 proprio
1193 2909 1394 2965 delicto
1446 2909 1768 2980 reprehendi
1807 2925 1837 2963 a
1872 2925 2146 2981 quoquam

553 3018 661 3057 non
690 3010 889 3072 potest.
921 3000 1196 3073 Scriptum
1240 3018 1477 3072 namque
1506 3013 1627 3057 est:
1661 3021 1680 3053 ι
1722 3001 1996 3072 Spiritulis
2024 3019 2145 3058 om-

543 3085 644 3148 nia
669 3093 878 3163 judicat
909 3102 964 3149 et
998 3095 1114 3164 ipse
1146 3109 1177 3148 a
1207 3095 1423 3149 nemine
1463 3095 1741 3165 judicatur
1771 3095 1820 3167 (Ι
1849 3095 1970 3150 Cor.
2003 3095 2087 3166 ιι).
2118 3115 2137 3148 ι

555 3184 819 3240 lnnocens
839 3186 999 3240 'enim
1044 3200 1166 3241 esse
1195 3186 1355 3241 debet
1385 3187 1454 3241 ab
1485 3188 1631 3241 omni
1678 3187 1894 3253 delicto,
1925 3188 2017 3258 qui
2046 3202 2150 3242 cae-

557 3288 706 3335 teros
731 3278 942 3350 judicat
984 3295 1084 3350 pro
1121 3279 1328 3336 scelere
1370 3282 1630 3350 ipsorum,
1664 3280 1805 3336 sicut
1840 3290 1894 3335 et
1934 3280 2150 3336 Samuel

559 3367 753 3426 fecisse
783 3369 980 3441 legitur
1006 3387 1019 3400 ·
1045 3371 1138 3441 qui
1168 3371 1336 3426 etiam
1365 3371 1501 3426 tales
1537 3370 1773 3441 pluviam
1797 3374 1863 3427 de
1892 3371 2066 3437 cmlis,
2095 3373 2152 3428 id

559 3472 640 3520 est
671 3463 952 3519 scientiam
995 3465 1397 3535 prtedicationis
1438 3481 1505 3520 ex
1545 3465 1696 3521 libris
1743 3468 2148 3537 prophetarum,

561 3557 626 3611 de
651 3555 847 3625 quibus
892 3556 1155 3628 scriptum
1195 3564 1278 3612 est
1305 3571 1320 3610 :
1349 3576 1367 3609 ‹
1403 3555 1676 3612 Iudicium
1720 3559 1956 3629 positum
1986 3568 2068 3614 est
2099 3568 2154 3617 et

559 3645 681 3700 libri
708 3645 881 3718 aperti
908 3655 1033 3701 sunt
1076 3646 1236 3719 (Dan.
1269 3646 1372 3720 ιιι),
1411 3667 1428 3699 ι
1465 3647 1748 3718 proferunt
1774 3658 1829 3704 et
1857 3651 2020 3706 corda
2052 3652 2151 3706 ho~

561 3739 795 3806 minum,
815 3746 872 3792 ut
897 3737 1104 3794 fructus
1123 3739 1266 3806 ﬁdei,
1292 3755 1357 3795 ac
1377 3741 1642 3796 bonorum
1672 3758 1894 3812 operum
1931 3744 2154 3816 gignere

562 3831 792 3900 possint,
809 3829 1150 3888 diﬁ‘undunt:
1177 3841 1236 3887 ut
1256 3849 1369 3898 eos,
1394 3835 1521 3906 quia
1545 3835 1746 3890 malum
1778 3852 1837 3891 se
1865 3837 2041 3907 egisse
2061 3853 2154 3892 co-

563 3930 854 3991 gnoscunt,
880 3931 1140 3978 terreant.
1156 3923 1361 3980 Deinde
1387 3925 1633 3996 sequitur
1653 3927 1886 3995 qualiter
1911 3926 2151 3996 Samuel,

563 4013 692 4068 dum
721 4025 1045 4086 quereretur
1087 4017 1153 4072 de
1195 4018 1528 4090 principatu,
1555 4026 1610 4074 et
1631 4019 1862 4089 populus
1889 4020 2152 4092 depreca-

565 4114 736 4174 retur,
761 4107 988 4164 dicens:
1021 4128 1041 4161 ι
1073 4109 1150 4165 Ne
1172 4125 1354 4166 cesses
1378 4125 1538 4164 orare
1563 4127 1662 4181 pro
1691 4112 1866 4177 nobis,
1893 4133 1911 4166 ι
1931 4115 2153 4186 respon-

566 4201 700 4256 dens
725 4201 840 4256 ait:
871 4220 890 4252 ι
923 4201 1079 4259 Absit
1102 4220 1132 4258 a
1159 4220 1245 4260 me
1287 4205 1393 4260 hoc
1443 4213 1722 4276 peccatum
1753 4207 1808 4260 in
1838 4205 2069 4263 Domino
2097 4217 2157 4262 ut

567 4309 774 4350 cessem
822 4309 980 4350 orare
1009 4312 1107 4367 pro
1137 4297 1307 4351 vobis.
1334 4317 1351 4350 ι
1390 4296 1489 4352 Hic
1534 4313 1767 4368 namque
1795 4297 2032 4369 Perfecta
2065 4300 2157 4354 be-

569 4384 802 4455 nignitas
843 4393 1174 4452 sanctorum,
1203 4386 1330 4442 olim
1381 4387 1434 4441 in
1484 4385 1736 4442 Samuele
1787 4388 2155 4444 demonstrata

568 4474 806 4529 estzilla
857 4477 1112 4532 videlicet
1159 4478 1224 4532 de
1268 4493 1374 4547 qua
1419 4477 1681 4531 Dominus
1739 4479 1854 4532 ait:
1884 4498 1901 4531 ι
1943 4479 2157 4549 Diligite

571 4566 837 4633 inimicos,
871 4575 924 4622 et
951 4577 1102 4623 orate
1131 4585 1229 4640 pro
1262 4574 1714 4644 persequentibus
1738 4584 1793 4631 et
1817 4575 2160 4634 calumnian-

571 4657 712 4713 tibus
735 4673 833 4713 vos
860 4657 1078 4730 (Matth.
1114 4661 1190 4732 v).
1219 4679 1236 4712 ι

1153 4813 1381 4872 CAPUT
1417 4816 1554 4872 Xlll.

646 4943 667 4978 ‹
695 4925 870 4982 Filius
894 4926 1054 4982 unius
1084 4928 1212 4982 anni
1247 4939 1366 4985 erat
1393 4929 1524 4986 Saul
1551 4947 1673 4988 cum
1701 4948 1928 5006 regnare
1961 4935 2161 5007 ccepis-

579 5037 598 5070 ι
635 5025 757 5083 set;
799 5019 1008 5073 duobus
1037 5027 1218 5074 autem
1247 5022 1406 5078 annis
1430 5025 1681 5095 regnavit
1725 5041 1888 5097 super
1909 5027 2094 5084 Israel.
2139 5047 2160 5082 ι

573 5107 692 5164 Non
723 5109 791 5164 de
826 5108 1069 5164 lsboseth
1117 5109 1226 5165 ﬁlio
1256 5111 1386 5168 Saul
1437 5124 1647 5171 tantum
1675 5159 1688 5183 ,
1727 5119 1822 5173 sed
1861 5120 1926 5175 de
1975 5123 2165 5177 eodem

577 5199 741 5256 Saule
770 5200 873 5256 hoc
901 5199 1103 5256 dictum
1141 5213 1246 5258 est.
1280 5205 1371 5260 Sic
1412 5207 1555 5262 enim
1587 5218 1706 5265 erat
1730 5211 1990 5268 innocens
2033 5213 2164 5267 Saul

574 5295 792 5366 quando
806 5311 1036 5367 regnare
1064 5307 1324 5368 coeperat,
1360 5301 1500 5356 sicut
1531 5301 1672 5358 ﬁlius
1704 5306 1864 5360 unius
1887 5307 2014 5360 anni
2055 5315 2161 5374 est,

575 5386 707 5440 etin
738 5387 1045 5442 innocentia
1071 5399 1466 5458 perseveraret.
1516 5392 1582 5446 Et
1617 5393 1741 5465 quia
1772 5394 1824 5449 in
1857 5397 2047 5450 eadem
2081 5397 2166 5452 in-

490 5533 492 5535 ,
578 5479 828 5532 nocentia
870 5477 1080 5534 duobus
1117 5481 1274 5535 anuis
1312 5483 1558 5552 regnavit
1583 5493 1638 5539 et
1671 5485 2000 5552 humilitate,
2027 5488 2165 5542 bene

547 5597 552 5602 ε
581 5566 780 5623 dicitur
811 5578 1066 5640 tanquam
1099 5571 1240 5628 ﬁlius
1262 5574 1420 5628 unius
1440 5576 1566 5630 anni
1601 5575 1784 5632 fuisse.
1820 5577 2012 5634 Cteteri
2037 5593 2168 5634 vero

582 5663 778 5734 quibus
826 5668 1072 5737 regnavit
1110 5669 1326 5740 indigne
1369 5671 1576 5727 calculo
1620 5689 1728 5726 non
1781 5673 1872 5726 hic
1924 5687 2171 5743 compre-

584 5754 913 5813 henduntur.
946 5757 1051 5815 Sed
1081 5761 1124 5815 si
1169 5763 1400 5817 voluerit
1443 5762 1566 5832 quis
1613 5761 1912 5834 intelligere
1938 5777 2035 5834 per
2077 5780 2173 5820 an-

2322 1890 2342 1923 (
2379 1872 2446 1927 Ει
2473 1873 2758 1928 universus
2786 1871 2954 1928 Israel
2975 1872 3180 1927 audivit
3200 1872 3579 1944 hujuscemodi
3628 1875 3854 1930 famam.

2251 1962 2574 2019 «Percussit
2623 1961 2754 2018 Saul
2805 1963 3092 2018 stationem
3138 1963 3624 2020 Philisthinorum.
3689 1986 3710 2018 ι
3771 1967 3856 2021 His

2252 2053 2418 2110 rebus
2445 2055 2763 2124 compertis,
2785 2053 3121 2110 confortatus
3150 2063 3232 2110 est
3268 2054 3468 2110 Israel:
3494 2067 3740 2128 prapter
3763 2058 3857 2114 hoc

2263 2151 2320 2199 et
2374 2145 2661 2214 sequitur:
2719 2162 2738 2196 ι
2780 2143 2848 2198 Et
2894 2145 3068 2200 erexit
3097 2160 3156 2200 se
3180 2145 3345 2200 Israel
3390 2147 3670 2203 adversus
3699 2147 3858 2204 Phili-

2255 2254 2276 2288 ι
2309 2236 2530 2290 ειὶιαιοε.
2565 2255 2584 2288 ι
2615 2235 2672 2290 ld
2701 2244 2807 2301 est,
2834 2235 3065 2291 viriliter
3097 2237 3262 2306 coepit
3289 2251 3450 2308 agere
3493 2247 3708 2293 contra
3751 2254 3855 2296 eos.

2326 2346 2346 2379 ε
2383 2326 2536 2394 Quod
2567 2343 2691 2383 cum
2727 2328 2990 2383 vidissent
3016 2328 3117 2382 viri
3167 2328 3329 2384 Israel
3374 2345 3434 2384 se
3480 2330 3536 2384 in
3573 2339 3748 2386 arcto
3774 2348 3859 2402 po-

2253 2437 2272 2471 ι
2311 2420 2448 2475 sitos
2490 2417 2755 2491 (amictus
2794 2429 2878 2475 est
2923 2420 3067 2474 enim
3108 2419 3402 2491 populus),
3443 2422 3858 2477 absconderant

2252 2531 2272 2564 ι
2305 2527 2365 2568 se
2391 2512 2447 2566 in
2478 2511 2776 2582 speluncis,
2808 2520 2864 2566 et
2909 2511 2963 2565 in
2994 2512 3212 2576 abditis,
3247 2513 3302 2566 in
3339 2513 3510 2581 petris
3539 2528 3784 2584 quoque
3812 2524 3859 2567 et

2255 2624 2273 2662 ι
2308 2605 2361 2665 in
2387 2605 2578 2676 antris,
2609 2613 2663 2663 et
2706 2605 2757 2663 in
2787 2605 3060 2675 ciSternis,
3099 2624 3122 2659 ι
3152 2613 3212 2663 et
3243 2605 3468 2680 reliqua.
3502 2608 3559 2665 Si
3613 2609 3775 2666 enim
3805 2624 3856 2663 se

2249 2703 2532 2760 abscondit
2561 2701 2726 2758 Israel
2766 2703 2818 2757 in
2861 2703 3102 2772 praefatis
3150 2702 3306 2770 locis,
3351 2704 3598 2758 animum
3659 2706 3857 2775 pulsat,

2249 2798 2379 2868 quid
2425 2807 2508 2854 est
2535 2797 2678 2867 quod
2705 2796 2934 2851 historia
2958 2796 3238 2867 subjungit
3273 2815 3287 2850 :

2325 2919 2344 2950 ‹
2383 2898 2590 2953 Hebraei
2646 2905 2825 2952 autem
2876 2898 3214 2952 transierunt
3265 2896 3582 2953 Jordanem.
3641 2918 3664 2951 ι
3713 2900 3859 2968 Quod

2251 3007 2349 3046 nos
2377 2990 2534 3045 aliter
2564 2988 2863 3061 intelligere
2905 3006 3013 3044 non
3059 2981 3510 3060 possumus,lnisi
3563 2991 3708 3048 illos
3755 3009 3861 3049 sen-

2251 3081 2453 3135 tiamus
2473 3080 2563 3149 qui
2579 3095 2638 3134 se
2664 3079 3078 3136 substraxerant
3099 3095 3130 3134 a
3153 3079 3313 3135 Saule
3331 3080 3527 3136 timore
3545 3085 3858 3152 perterriti,

2253 3181 2308 3226 et
2345 3173 2412 3226 ad
2459 3170 2786 3226 Philisthiim
2829 3172 3178 3227 transierant.
3217 3171 3324 3228 Sed
3351 3180 3539 3244 postea
3567 3175 3861 3232 audientes

2251 3264 2395 3336 quod
2428 3263 2754 3320 Philisthiim
2791 3263 3093 3334 fugissent,
3127 3266 3474 3322 sociaverunt
3493 3282 3554 3324 se
3575 3283 3718 3324 cum
3756 3273 3862 3326 suis

2254 3359 2308 3413 in
2353 3358 2557 3429 przelio.
2613 3357 2750 3426 Quid
2798 3359 2942 3414 enim
2991 3365 3096 3415 hoc
3137 3360 3407 3432 signiﬁcet
3449 3362 3595 3434 quod
3655 3365 3860 3420 reversi

2254 3447 2464 3521 fugitivi
2491 3450 2836 3505 sociaverunt
2855 3465 2914 3505 se
2936 3466 3062 3505 cum
3091 3452 3203 3507 suis
3218 3452 3270 3507 in
3292 3453 3497 3525 prmlio,
3531 3455 3792 3511 dicemus
3813 3458 3860 3512 in

2252 3549 2570 3609 posterum:
2617 3558 2636 3589 ‹
2675 3537 2919 3610 Cumque
2948 3541 3126 3597 adhuc
3164 3552 3310 3597 esset
3347 3541 3475 3598 Saul
3508 3543 3563 3598 in
3603 3543 3857 3616 Galgala,

2261 3652 2278 3684 ι
2317 3633 2602 3689 universus
2632 3634 2865 3706 populus
2894 3637 3220 3707 perterritus
3260 3647 3363 3704 est,
3389 3639 3479 3708 qui
3522 3641 3860 3710 sequebatur

2261 3747 2278 3779 ι
2315 3743 2461 3784 eum.
2492 3726 2559 3782 Et
2580 3729 2914 3800 exspectavit
2949 3739 3158 3802 septem
3195 3731 3384 3788 diebus
3410 3729 3564 3801 juxta
3589 3735 3859 3805 placitum

2261 3839 2278 3870 ‹
2315 3818 2604 3886 Samuelis,
2630 3829 2684 3900 et
2719 3835 2825 3875 non
2861 3823 3012 3876 venit
3055 3822 3275 3878 Samuel
3317 3824 3374 3878 in
3408 3823 3660 3895 Galgala.
3723 3827 3862 3882 Dilao

2263 3932 2279 3963 ‹
2312 3929 2549 3984 psusque
2578 3920 2659 3968 est
2679 3912 2909 3984 p0pulus
2931 3911 2999 3966 ab
3025 3927 3113 3968 eo.
3148 3913 3240 3968 Ait
3281 3929 3413 3986 ergo
3442 3914 3573 3968 Saul
3606 3929 3622 3969 :
3657 3916 3862 3974 Aﬂ'erte

2263 4025 2281 4057 ι
2317 4006 2832 4061 mihiholocaustum
2857 4015 2911 4062 et
2934 4005 3185 4076 paciﬁca,
3211 4027 3229 4060 ι
3253 4016 3311 4064 et
3338 4008 3552 4079 reliqua
3575 4025 3862 4082 usquequo

2259 4099 2335 4154 ait
2373 4117 2384 4152 :
2423 4118 2441 4150 ι
2475 4098 2730 4168 Dixitque
2771 4098 2991 4155 Samuel
3019 4101 3088 4155 ad
3136 4099 3264 4155 Saul
3295 4119 3308 4156 :
3344 4100 3519 4157 Stulte
3549 4104 3742 4174 egisti,
3769 4121 3862 4162 nec

2265 4209 2282 4241 ι
2318 4189 2598 4246 custodisti
2638 4191 2891 4246 mandata
2923 4191 3135 4246 Domini
3167 4191 3263 4246 Dei
3311 4193 3410 4258 tui,
3446 4209 3571 4264 qua:
3606 4197 3862 4266 pra-epit

2259 4279 2376 4344 tibi,
2414 4299 2432 4331 ι
2487 4287 2593 4335 etc.
2621 4278 2822 4335 Verum
2869 4279 2984 4350 jam
3029 4283 3280 4352 superius
3326 4283 3578 4339 dixerat:
3623 4304 3642 4337 ι
3687 4287 3760 4342 Et
3785 4290 3863 4343 de

2260 4369 2487 4426 scendes
2523 4381 2648 4425 ante
2689 4385 2778 4426 me
2817 4371 2871 4426 in
2902 4369 3144 4444 Galgala.
3198 4373 3309 4444 Ego
3353 4375 3555 4446 quippe
3604 4377 3860 4434 descendi

2261 4463 2328 4518 ad
2361 4469 2442 4528 te,
2479 4471 2538 4516 ut
2587 4462 2786 4519 offeras
2831 4464 3183 4533 oblationem,
3217 4476 3272 4522 et
3321 4467 3576 4524 immoles
3611 4470 3860 4526 victimas

2262 4554 2540 4627 paciﬁcus.
2560 4554 2781 4626 Septem
2805 4557 2997 4613 diebus
3011 4559 3356 4629 exspectabis
3371 4561 3544 4616 donec
3565 4564 3790 4620 veniam
3803 4563 3861 4619 ad

2267 4657 2411 4715 te,et
2428 4649 2710 4705 ostendam
2735 4652 2830 4706 tibi
2857 4667 2978 4722 qua:
3005 4650 3194 4710 facias.
3221 4673 3240 4704 ι
3268 4653 3494 4710 Videtur
3512 4657 3860 4726 quibusdam,

2265 4743 2666 4814 inculpabilitcr
2702 4744 2832 4799 Saul
2871 4745 3134 4802 obtulisse
3167 4731 3565 4816 bolOcaustum,
3610 4767 3744 4808 cum
3775 4752 3862 4808 Sa-

2271 4838 2414 4894 muel
2469 4839 2537 4894 ab
2600 4853 2667 4894 eo
2719 4847 3096 4911 exspectatus,
3153 4840 3308 4910 juxta
3348 4841 3617 4912 placitum
3660 4855 3861 4915 septan

2270 4929 2480 4984 dierum
2518 4943 2625 4984 non
2671 4929 2904 4985 venerit.
2948 4929 3105 4996 Quod
3154 4932 3248 5001 qui
3299 4933 3446 4988 hunc
3500 4932 3686 4989 locum
3739 4937 3863 4992 bene

2267 5021 2599 5088 distinxerit,
2646 5021 2889 5077 inveniet
2935 5035 3060 5078 eum
3113 5039 3221 5078 non
3273 5023 3548 5080 immerito
3589 5026 3862 5099 culpatum

2270 5117 2438 5172 fuisse
2454 5125 2512 5172 et
2537 5117 2939 5172 inobedientem
2966 5117 3341 5190 redargutum.
3372 5117 3550 5175 Locus
3574 5130 3764 5176 autem
3787 5121 3864 5176 hic

2265 5211 2406 5280 apud
2437 5197 2710 5281 quosdam?
2733 5209 2805 5263 ita
2827 5207 3182 5282 distinguitur
3214 5227 3227 5263 :
3263 5228 3280 5261 ι
3321 5209 3390 5264 Ει
3416 5209 3728 5266 descendes
3748 5219 3861 5265 ante

2267 5318 2352 5358 me
2377 5303 2430 5357 in
2459 5301 2700 5373 Galgala.
2725 5301 2838 5373 Ego
2865 5303 3064 5371 quippe
3093 5301 3417 5357 descendam
3446 5302 3514 5356 ad
3544 5311 3618 5357 te.
3650 5321 3670 5354 ι
3698 5302 3770 5357 Et
3787 5317 3862 5373 pa-

2267 5403 2380 5452 stea
2407 5393 2758 5458 subinfertur,
2788 5413 2806 5444 ‹
2826 5392 2893 5448 ad
2913 5392 3220 5449 offerendas
3241 5392 3564 5458 oblationes,
3600 5403 3658 5449 et
3685 5395 3864 5448 immo-

2269 5487 2460 5541 landas
2489 5484 2736 5540 victimas
2752 5484 3026 5556 paciﬁcas,
3062 5494 3268 5556 septem
3307 5485 3498 5541 diebus
3526 5486 3864 5557 exspectabis

2274 5579 2446 5634 donec
2473 5578 2688 5633 veniam
2723 5579 2792 5633 ad
2824 5586 2891 5641 te,
2931 5579 3301 5640 etostendam
3334 5578 3428 5634 tibi
3462 5593 3588 5648 quae
3619 5579 3809 5634 facias.
3843 5597 3861 5628 ι

2275 5671 2393 5725 Νοιι
2419 5686 2552 5742 ergo
2586 5669 2806 5728 Samuel
2843 5685 3000 5725 suum
3045 5671 3345 5742 praestolari
3386 5672 3690 5727 adventum
3724 5669 3865 5727 Sauli

2237 5783 2244 5791 ”
2279 5775 2487 5828 sentem
2514 5768 2720 5824 dierum
2771 5776 3013 5828 tempore
3034 5768 3314 5848 praecepit,
3350 5768 3445 5823 sed
3469 5767 3540 5824 ad
3565 5767 3868 5826 offerendas
