3970 6332
107 344 232 400 ΞΩἸ

1100 357 1359 418 manu.
1399 360 1469 418 m
1509 360 1758 421 uanos
1797 343 2062 422 necum.
2097 397 2168 411 -
2204 369 2272 427 IN
2308 354 2438 430 LIB.
2479 373 2519 429 ι.

3311 392 3418 452 298

104 465 436 526 oblationes
462 477 519 525 et
555 469 914 527 immolandas
938 458 1204 529 .victimas
1241 473 1520 546 paciﬁcas,
1551 491 1612 532 se
1652 477 1720 532 ab
1747 479 1798 540 Α
1823 486 2038 547 pentes,
2074 481 2228 550 quasi
2276 497 2383 538 non
2431 484 2574 550 sint,
2619 487 2747 542 dum
2795 489 3137 553 inexercitati
3190 499 3259 555 ad
3324 502 3415 559 re;

105 572 190 614 eo
228 559 440 616 eisdem
486 570 695 632 septem
748 562 940 620 diebus
987 563 1159 620 voluit
1201 567 1723 638 exspectari;quod

105 648 219 707 ille
252 665 598 724 nequaquam
640 653 801 721 fecit,
847 664 904 712 et
948 655 1071 712 ideo
1115 657 1313 714 merito
1361 659 1630 730 culpatur,
1667 670 1723 716 et

107 741 375 798 stultitiae
389 743 567 816 elogio
579 745 871 803 denotatur
887 748 1182 805 indiscreta
1207 749 1386 807 Saulis
1401 752 1633 818 oblatio;
1651 753 1721 809 ob

105 830 230 888 hoc
255 835 403 906 quod
447 836 768 894 obedientite
809 848 1143 912 prmeeptum
1188 844 1578 914 praevaricatus
1613 855 1716 910 est,

102 943 135 980 a
175 926 298 983 Deo
343 936 567 998 accepta
616 945 726 986 non
767 939 871 987 est.
905 931 1043 1000 Quia
1091 934 1236 990 enim
1265 936 1542 1006 prophetae
1583 952 1758 1008 puer

101 1026 344 1088 ceptum
380 1034 572 1090 parum
619 1021 922 1093 perpendit,
957 1023 1126 1080 Deum
1163 1025 1256 1095 qui
1303 1025 1625 1097 loquebatur
1663 1030 1718 1085 in

99 1109 391 1180 propheta
431 1113 787 1184 contempsit,
835 1115 1048 1172 dicente
1091 1118 1360 1176 Domino:
1417 1139 1436 1172 ε
1477 1121 1579 1190 Qui
1624 1138 1719 1180 vos

100 1200 296 1264 audit,
353 1215 442 1256 me
486 1204 684 1259 audit:
727 1213 782 1261 et
823 1207 916 1276 qui
947 1223 1043 1265 vos
1083 1210 1312 1282 spernit,
1350 1227 1438 1268 me
1485 1215 1713 1284 spernit.

101 1288 275 1358 (Luc.
313 1293 390 1364 ι).
427 1311 448 1347 ι
483 1293 639 1351 Unde
674 1299 920 1355 audivit:

194 1402 215 1435 ι
256 1384 363 1442 Sed
393 1403 738 1461 nequaquam
784 1408 1012 1466 regnum
1046 1405 1196 1452 tuum
1227 1397 1370 1454 ultra
1400 1411 1710 1474 consurget.

105 1497 126 1530 ι
168 1479 442 1546 Quaesivit
471 1483 735 1542 Dominus
765 1487 868 1544 sibi
916 1490 1093 1544 virum
1130 1489 1287 1560 juxta
1317 1509 1415 1549 cor
1447 1510 1630 1562 suum,
1661 1504 1716 1552 et

103 1586 127 1620 ι
169 1572 439 1643 prmcepit
463 1575 512 1629 ei
544 1575 804 1633 Dominus
833 1587 894 1634 ut
924 1591 1072 1637 esset
1099 1582 1208 1636 dux
1251 1599 1414 1656 super
1457 1587 1714 1657 populum

106 1681 122 1714 ι
162 1679 368 1728 suum,
429 1681 494 1722 eo
551 1669 695 1740 quod
749 1687 857 1728 non
915 1675 1222 1732 servaveris
1279 1694 1400 1749 quae
1455 1682 1712 1752 praecepit

99 1774 121 1808 ι
161 1758 457 1816 Dominus.
498 1780 517 1814 ι
569 1761 899 1835 Reprobatio
948 1766 1127 1824 Saulis
1174 1769 1411 1828 futuram
1463 1775 1713 1846 praefigu-

1827 572 2200 660 spondendum
2229 575 2477 633 hostibus
2510 577 2634 634 ﬁdei
2667 582 2843 651 parati
2890 599 3233 660 nequaquam
3265 603 3411 652 sunt.

1825 659 2085 720 Vomeres
2115 681 2244 722 vero
2266 676 2430 738 atque
2458 668 2684 742 ligones,
2712 688 2808 730 seu
2835 685 3032 734 czetera
3060 681 3412 755 ferramenta,

1824 755 2139 824 spiritaliter
2168 761 2494 828 testimonia,
2522 778 2616 818 seu
2642 769 2944 826 sententias
2976 771 3221 832 indicant
3245 792 3418 842 sacra

1822 846 1996 918 legis;
2052 851 2246 920 quibus
2291 855 2612 912 testimoniis
2653 861 2964 919 sacerdotes
3015 864 3302 936 Ecclesiae,
3355 871 3413 930 in

1821 954 1956 1009 pace
1977 939 2217 1009 ejusdem
2247 943 2526 1012 Ecclesiae,
2556 947 2624 1002 ad
2653 949 3012 1009 eruditionem
3043 963 3414 1020 tantummodo

1820 1031 2003 1104 populi
2030 1034 2223 1103 fidelis,
2257 1039 2411 1108 quasi
2456 1040 2525 1096 ad
2554 1042 2965 1113 agriculturam,
2988 1047 3144 1119 juxta
3171 1052 3412 1112 historiae

1821 1127 2244 1197 simplicitatem,
2294 1140 2535 1189 utuntur.
2587 1135 2718 1204 Quae
2773 1129 3108 1212 testimOnia,
3149 1148 3262 1204 acsi
3295 1148 3411 1208 fer-

1822 1227 2063 1274 ramenta
2117 1221 2226 1276 sint
2275 1222 2342 1293 (si
2393 1227 2631 1294 quando,
2667 1230 3016 1298 permittente
3056 1234 3188 1304 Deo,
3237 1240 3413 1298 hatre-

1820 1308 2053 1364 ticorum
2091 1311 2232 1368 bella
2274 1313 2536 1371 adversus
2577 1317 2875 1377 Ecclesiam
2921 1331 3408 1403 consurrexerint),

1819 1399 1888 1454 ad
1936 1404 2270 1460 exercendas
2324 1406 2574 1464 videlicet
2643 1419 2806 1481 atque
2861 1415 3170 1485 probandos
3223 1399 3413 1482 ﬁdeles

1817 1505 1966 1556 suos,
2003 1493 2106 1548 viri
2151 1495 2528 1566 ecclesiastici,
2565 1501 2749 1558 subtili
2791 1486 3144 1576 inquisitione
3181 1529 3244 1569 ea
3280 1529 3411 1586 per-

1818 1583 2132 1650 scrutando,
2174 1593 2229 1640 et
2278 1587 2505 1657 spiritali
2563 1594 2813 1651 acumine
2857 1602 3122 1668 acuendo,
3171 1583 3319 1662 velut
3351 1607 3410 1662 in

1817 1673 2022 1743 gladios
2067 1685 2327 1746 vertunt;
2379 1697 2479 1752 per
2505 1699 2645 1754 quos
2673 1694 2728 1742 et
2781 1689 2964 1756 hostes
2995 1693 3120 1751 ﬁdei
3169 1708 3408 1768 proster-

1817 1775 1972 1832 nunt,
2017 1777 2074 1823 et
2125 1778 2236 1824 tam
2284 1786 2529 1842 sequam
2585 1788 2812 1836 cmteros
2859 1780 3046 1840 ﬁdeles
3098 1787 3166 1843 ab
3217 1805 3410 1846 eorum

95 1855 256 1912 ravit
315 1856 644 1914 ablationem
704 1861 856 1933 regni
917 1860 1246 1919 Judzeorum.
1319 1865 1475 1934 Quod
1526 1878 1705 1925 autem

1814 1860 2212 1928 persecutione,
2245 1863 2361 1919 sive
2390 1868 2744 1936 persuasione
2783 1871 3098 1931 defendunt.
3130 1876 3409 1953 Praecepta

92 1947 282 2003 David
323 1962 600 2021 superstes
626 1953 677 2009 ei
702 1952 909 2021 factus,
942 1955 1044 2012 hoc
1080 1957 1316 2026 indicat,
1343 1961 1486 2030 quod
1527 1960 1712 2017 Domi-

91 2058 213 2098 nus
233 2041 398 2100 Jesus
423 2044 676 2104 Christus
714 2063 815 2119 per
850 2047 1059 2106 Novum
1093 2051 1498 2123 Testamentum
1525 2055 1575 2110 in
1609 2056 1711 2112 Ec-

93 2135 277 2192 clesia
337 2148 668 2210 regnaturus
723 2141 924 2214 populo
982 2142 1291 2201 Judaeorum
1353 2161 1708 2204 successurus

91 2239 200 2282 era
210 2235 250 2280 ι.

181 2335 204 2369 c
237 2316 417 2376 Porro
451 2317 607 2376 faber
634 2319 896 2379 ferrarius
921 2338 1032 2380 non
1061 2324 1443 2383 inveniebatur
1472 2329 1527 2384 in
1557 2329 1708 2394 omni

99 2428 120 2461 ι
163 2417 322 2466 terra
375 2411 567 2469 Israel.
616 2413 886 2471 Caverant
930 2417 1074 2472 enim
1105 2417 1400 2485 Pbilistim,
1451 2436 1521 2476 ne
1567 2421 1708 2479 forte

96 2519 119 2554 ι
159 2501 420 2558 facerent
443 2501 655 2562 Hebraei
667 2505 902 2578 gladium
918 2517 1014 2563 aut
1035 2508 1300 2566 lanceam.
1327 2511 1704 2570 Descendebat

98 2612 120 2646 ι
164 2607 310 2665 ergo
345 2595 519 2651 omnis
546 2596 711 2652 Israel
735 2597 802 2653 ad
830 2597 1121 2666 Pbilistim,
1163 2612 1222 2656 ut
1271 2613 1490 2659 acueret
1531 2620 1702 2662 unus-

95 2704 118 2739 α
148 2689 395 2759 quisque
441 2704 716 2748 vomerem
755 2706 916 2747 suum
959 2701 1015 2747 et
1043 2692 1275 2766 ligonem
1308 2704 1364 2750 et
1391 2698 1626 2752 securim
1649 2707 1705 2754 et

95 2796 118 2832 ι
156 2779 466 2836 sarculum.
511 2782 728 2838 Retusae
775 2783 961 2856 itaque
1006 2796 1166 2842 erant
1207 2788 1354 2846 acies
1396 2805 1702 2862 vomerum,

95 2887 118 2921 α
156 2880 220 2927 et
240 2870 508 2944 ligonum,
549 2882 607 2930 et
632 2874 952 2944 tridentum,
976 2885 1030 2932 et
1043 2879 1370 2948 securium,»
1389 2890 1445 2938 et
1467 2882 1700 2954 reliqua.

87 2961 379 3019 Philistim
401 2965 493 3035 qui
520 2975 576 3052 et
597 2965 887 3041 Allopbyli,
915 2969 1045 3026 licet
1068 2970 1317 3042 plurimis
1339 2973 1394 3029 in
1415 2974 1549 3032 locis
1569 2991 1700 3032 san-

88 3063 318 3110 ctarum
372 3054 782 3128 Scripturarum
812 3100 828 3126 ,
873 3060 1018 3117 aliud
1063 3070 1227 3134 atque
1273 3064 1421 3122 aliud
1448 3107 1464 3132 ,
1517 3068 1704 3126 multis

87 3147 282 3204 modis
331 3148 620 3222 allegorice
666 3152 994 3224 signiﬁcent,
1037 3155 1142 3212 hoc
1185 3157 1240 3214 in
1291 3158 1411 3215 loco
1457 3161 1700 3216 omnium

1817 1949 2017 2021 quippe
2040 1952 2234 2012 divina:
2266 1955 2400 2028 legis
2429 1967 2594 2029 atque
2631 1963 2962 2032 testimonia,
2997 1977 3053 2023 et
3077 1949 3408 2031 ferramenta

1814 2050 1942 2095 sunt
1965 2041 2019 2096 in
2055 2047 2192 2114 paée
2222 2045 2496 2115 Ecclesiae,
2529 2060 2585 2106 et
2629 2067 2779 2107 arma
2813 2055 2868 2110 in
2897 2065 3139 2129 tempore
3161 2061 3310 2118 belli.
3340 2065 3410 2121 Et

1813 2140 1873 2187 ut
1899 2133 2238 2192 manifestius
2269 2138 2364 2194 ﬁat
2423 2142 2566 2212 quod
2605 2145 2882 2214 profertur
2911 2167 2922 2202 :
2963 2149 3022 2204 in
3051 2167 3188 2222 pace
3219 2155 3409 2214 Eccle-

1809 2223 1906 2279 siae
1930 2226 2188 2296 praesules
2233 2228 2350 2298 ejus
2380 2247 2476 2288 seu
2507 2237 2842 2305 sacerdotes,
2883 2240 3118 2313 simplici
3147 2249 3410 2316 praedica-

1813 2318 1962 2374 tione
1981 2321 2241 2392 populum
2277 2325 2380 2382 sibi
2425 2329 2692 2384 creditum
2739 2333 2846 2388 fide
2883 2333 3266 2410 informantes,
3296 2357 3406 2400 non

1813 2409 1922 2467 alta
1947 2414 2012 2469 de
2035 2413 2167 2482 Deo,
2211 2432 2386 2488 neque
2428 2419 2754 2492 incapabilia
2800 2425 2909 2483 illis
2952 2409 3279 2501 proponunt,
3311 2437 3408 2494 sed

1810 2510 1872 2559 ut
1893 2503 2216 2575 simpliciter
2242 2510 2468 2566 credant
2516 2513 2571 2568 in
2609 2513 2826 2572 Patrem
2875 2527 2931 2575 et
2958 2521 3155 2579 Filium
3193 2533 3249 2582 et
3277 2524 3404 2600 Spi-

1807 2595 1972 2650 ritum
2002 2607 2276 2667 sanctum,
2307 2605 2677 2662 essentialiter
2709 2625 2878 2666 unum
2911 2621 2967 2668 et
2992 2629 3182 2672 verum
3213 2595 3405 2689 Deuin,

1806 2687 2008 2742 trinum
2033 2705 2162 2746 vero
2183 2695 2562 2762 personaliter.
2597 2697 2656 2753 Si
2679 2709 2859 2758 autem
2889 2706 3199 2780 quicunque
3227 2687 3406 2767 hzere;

1805 2778 1948 2836 ticus
1984 2782 2295 2840 sabellianae
2321 2788 2496 2857 partis
2517 2799 2761 2847 assertor
2783 2793 2958 2860 dicat,
2989 2778 3130 2868 quia;
3148 2801 3204 2856 in
3231 2802 3402 2860 Deum

1805 2871 1950 2928 sicut
1981 2889 2088 2930 una
2126 2875 2319 2944 deitas,
2353 2879 2429 2935 ita
2467 2889 2524 2936 et
2552 2897 2661 2938 una
2705 2899 2939 2955 persona
2979 2891 3252 2950 credenda
3295 2907 3401 2965 est,

1803 2976 1913 3016 non
1938 2971 2072 3038 tres,
2095 2965 2151 3020 id
2172 2977 2274 3034 est,
2309 2976 2369 3023 ut
2397 2971 2512 3041 ipse
2539 2974 2987 3047 credaturPater,
3005 2983 3098 3054 qui
3119 2993 3176 3040 et
3200 2985 3400 3046 Filius:

1803 3062 1860 3110 et
1889 3055 2004 3126 ipse
2037 3056 2229 3126 Filius,
2257 3061 2350 3131 qui
2377 3061 2562 3131 Pater,
2603 3066 2745 3122 sicut
2771 3067 3041 3128 Sabellius
3080 3077 3244 3147 impie
3265 3095 3405 3150 prte-

1806 3147 2056 3217 dicabat;
2090 3151 2219 3222 quid
2244 3161 2373 3209 tunc
2395 3155 2664 3226 agendum
2701 3159 2806 3214 erit
2835 3161 2968 3218 viris
2987 3147 3402 3237 ecclesiasticis,

88 3239 493 3297 haereticorum
533 3243 887 3317 praeﬁgurant
931 3255 1222 3317 catervas;
1250 3265 1372 3322 quae
1404 3252 1522 3323 pari
1571 3268 1702 3309 οοη-
1727 3242 1778 3310 C
1806 3239 1911 3296 nisi
1939 3249 1997 3296 ut
2033 3250 2089 3298 et
2137 3243 2252 3314 ipsa
2291 3260 2451 3302 sacra
2503 3245 2790 3320 Scriptura
2849 3264 3044 3312 contra
3087 3257 3401 3328 hujusmodi

86 3344 268 3387 sensu
329 3330 652 3404 impietatis,
700 3337 962 3394 adversus
1014 3339 1316 3398 Ecclesiam
1357 3342 1453 3398 Dei
1483 3345 1700 3416 conspi-

87 3429 317 3486 rantes,
375 3432 597 3496 propter
649 3426 1050 3488 multitudinem
1102 3434 1284 3506 populi
1321 3435 1424 3492 sibi
1473 3454 1700 3496 consen-

88 3512 319 3576 tientis,
350 3521 405 3568 et
434 3515 617 3572 mundi
661 3517 822 3589 hujus
849 3525 1212 3592 potestatibus
1249 3525 1502 3595 fidentes,
1551 3536 1701 3586 eam-

88 3601 227 3658 dem
276 3602 580 3661 Ecclesiam
623 3607 722 3666 Dei
751 3625 783 3665 a
813 3611 927 3668 suis
972 3612 1222 3672 ﬁdelibus
1264 3617 1576 3690 depopulari
1609 3638 1702 3679 co-

86 3702 351 3758 nantur;
417 3710 652 3767 quorum
718 3700 1120 3760 multitudinem
1174 3706 1389 3762 inﬁrma
1453 3714 1699 3770 membra

87 3783 365 3842 Ecclesiae
393 3787 859 3860 pertimescentes,
887 3793 1136 3866 plerique
1175 3812 1242 3853 ex
1275 3799 1407 3870 ipsis
1449 3802 1699 3874 abjurata

89 3875 208 3932 ﬁde
233 3877 303 3932 ab
329 3875 585 3936 Ecclesia:
609 3881 819 3941 unitate
832 3884 1193 3955 discedentes,
1206 3890 1412 3948 eisdem
1427 3893 1701 3954 hzereticis

91 3975 410 4032 sociantur.
453 3976 560 4034 Alii
603 3993 735 4036 vero
786 3980 890 4038 sub
919 3981 1135 4041 silentio
1169 4001 1292 4044 sese
1339 3989 1699 4061 occultantes,

90 4072 233 4130 dum
257 4071 420 4128 ﬁdem
445 4089 600 4131 suam
651 4075 828 4148 palam
857 4079 1106 4136 conﬁteri
1149 4091 1422 4152 metuunt,
1449 4087 1605 4157 quasi
1643 4088 1700 4144 in

89 4161 384 4236 Speluncis
409 4174 466 4222 et
504 4169 754 4225 cavernis
781 4178 944 4226 terrae
972 4170 1210 4230 latitant.
1251 4173 1546 4245 Pbilistim,
1569 4193 1706 4249 quo-

93 4272 228 4312 rum
258 4257 452 4328 ingens
474 4275 736 4318 numerus
768 4277 890 4319 esse
926 4264 1266 4334 perhibetur,
1302 4268 1546 4324 omnium
1584 4271 1699 4326 ha:-

93 4349 404 4405 retiwrum
436 4351 725 4424 magistros
767 4353 1032 4426 ﬁgurasse
1061 4370 1170 4412 non
1199 4357 1422 4413 dubium
1465 4369 1570 4416 est.
1597 4360 1701 4428 Qui

91 4451 334 4516 propter
359 4445 540 4502 varias
562 4454 760 4513 sectas,
785 4450 942 4520 quasi
970 4449 1267 4506 discolores
1294 4452 1440 4522 equi,
1470 4469 1578 4510 uno
1605 4454 1703 4510 im-

92 4538 326 4609 pietatis
360 4539 578 4596 vinculo
624 4541 984 4614 colligati,-in
1041 4541 1204 4612 hujus
1249 4545 1437 4601 mundi
1476 4561 1699 4620 campos

1806 3341 2133 3390 assertorem
2178 3337 2412 3406 probare
2450 3350 2675 3410 queant,
2724 3347 2998 3416 quomodo
3039 3348 3182 3406 Deus
3218 3355 3401 3410 omni-

1803 3435 2000 3497 potens
2025 3444 2165 3485 unus
2209 3430 2281 3485 sit
2318 3431 2375 3487 in
2402 3441 2598 3490 natura
2619 3476 2634 3504 ,
2669 3436 2844 3494 trinus
2873 3455 3004 3496 vero
3039 3442 3096 3498 in
3130 3448 3398 3516 personis.

1803 3513 2040 3573 Rursum
2095 3527 2340 3590 tempore
2377 3524 2592 3593 quieto,
2660 3527 2738 3582 nil
2797 3529 3028 3601 amplius
3088 3513 3402 3597 doctoribus

1804 3606 2061 3666 Ecclesiae
2096 3613 2378 3670 catholicae
2399 3616 2650 3686 plebibus
2691 3620 2784 3691 qui
2817 3632 3061 3692 praesunt
3104 3629 3402 3698 praedicare

1803 3704 2091 3771 convenit,
2143 3721 2309 3776 quam
2353 3717 2414 3764 ut
2468 3711 2689 3768 credant
2742 3713 2958 3772 Patrem
2998 3727 3054 3774 et
3097 3719 3294 3778 Filium
3345 3733 3402 3781 et

1805 3793 2069 3866 Spiritum
2105 3809 2351 3856 sanctum
2395 3804 2558 3860 unius
2603 3806 2919 3867 substantiae
2945 3821 3110 3886 atque
3156 3816 3396 3886 deitatis;

1803 3887 2000 3944 Filium
2040 3905 2171 3947 vero
2208 3907 2316 3948 non
2367 3894 2584 3952 aliunde
2631 3914 2793 3970 quam
2830 3901 2897 3959 de
2937 3902 3116 3962 Patris
3146 3908 3402 3966 substan-

1804 3980 1881 4035 tia
1907 3983 2174 4052 genitum,
2213 3985 2331 4040 sine
2381 3986 2557 4054 initio,
2595 4003 2660 4044 ac
2707 4006 2806 4063 per
2855 3996 3037 4052 omnia
3065 3995 3214 4055 Patri
3247 4000 3402 4057 simi-

1803 4070 1912 4128 lem
1979 4083 2035 4129 et
2085 4077 2444 4147 coaaqualem;
2506 4080 2768 4152 Spiritum
2814 4101 2946 4143 vero
2987 4100 3232 4148 sanctum
3259 4135 3275 4160 ,
3329 4109 3400 4152 ex

1803 4163 1966 4221 Patre
1993 4175 2048 4222 et
2078 4167 2219 4225 Filio
2245 4173 2653 4242 procedentem,
2689 4177 2850 4236 unius
2902 4183 3219 4242 substantiae
3271 4202 3398 4245 cum

1805 4255 1874 4312 iis
1897 4272 1928 4311 a
1951 4258 2148 4328 quibus
2190 4263 2453 4330 procedit.
2482 4265 2539 4320 Si
2564 4281 2696 4324 vero
2731 4280 2922 4326 contra
2962 4271 3272 4344 hujusmodi
3307 4293 3399 4335 ve-

1805 4348 2032 4405 ridicam
2058 4353 2500 4422 praedicationem
2524 4361 2838 4429 provenerit
2860 4371 2920 4418 ut
2949 4365 3218 4437 quispiam
3250 4370 3401 4425 aria-

1803 4457 1889 4498 na:
1915 4444 2088 4515 partis
2114 4457 2354 4504 assertor
2374 4449 2520 4506 dicat
2546 4469 2559 4507 :
2591 4451 2708 4509 Non
2738 4453 2811 4510 ita
2842 4465 2925 4512 est
2965 4467 3026 4514 ut
3051 4461 3392 4530 prmdicatis;

1803 4535 1897 4590 sed
1924 4537 2067 4594 sicut
2097 4549 2208 4597 tres
2231 4556 2496 4612 personas
2535 4545 2589 4600 in
2632 4544 2802 4602 Deum
2856 4550 3216 4621 confitemini,
3245 4555 3318 4610 ita
3340 4564 3400 4611 et

95 4633 389 4690 dissolutis
421 4633 668 4702 habenis,
700 4637 769 4692 ad
799 4637 1148 4709 decipiendos
1204 4646 1260 4694 et
1311 4639 1698 4712 opprimendus

1809 4637 1916 4685 tres
1942 4632 2276 4690 substantias
2301 4633 2358 4689 in
2404 4651 2528 4692 eum
2578 4637 2732 4695 vobis
2771 4641 2994 4698 credere
3042 4655 3276 4715 oportet.
3305 4647 3399 4702 Fi-

96 4741 246 4798 qnos
269 4735 521 4795 possunt,
554 4728 888 4785 discurrunt.
921 4731 1031 4786 Sex
1066 4731 1232 4787 millia
1267 4733 1497 4804 equites,
1529 4735 1702 4792 elatos

95 4815 427 4887 exprimunt
459 4819 678 4884 mundi,
709 4820 804 4890 qui
847 4821 916 4876 de
954 4822 1158 4878 carnali
1196 4823 1441 4894 potentia
1484 4826 1700 4896 tumidi,

96 4904 489 4962 haereticorum
516 4907 787 4980 adjutores
825 4910 1084 4968 existunt.
1115 4911 1344 4986 Reliqua
1391 4914 1532 4988 vulgi
1562 4917 1703 4972 mul-

105 4999 294 5055 titudo
340 5000 617 5074 ingentem
664 5004 842 5062 innuit
894 5005 1036 5078 vulgi
1071 5007 1301 5079 plebem,
1330 5024 1494 5081 quam
1537 5010 1704 5067 hatre-

99 5093 198 5149 tici
224 5091 441 5151 callidis
465 5097 910 5167 persuasionibus
939 5101 1220 5170 deceptam
1247 5100 1351 5157 sibi
1380 5111 1694 5174 aggregant.

99 5187 370 5245 Sescenti
395 5189 520 5259 viri,
557 5193 652 5265 qui
699 5208 826 5250 cum
853 5191 987 5250 Saul
1017 5195 1345 5252 remansisse
1386 5205 1700 5266 narrantur,

99 5280 508 5339 catholicorum
532 5283 773 5342 virorum
801 5285 1030 5342 formam
1067 5287 1422 5358 praetendisse
1454 5296 1703 5359 possunt,

100 5373 198 5444 qui
225 5389 329 5445 per
355 5374 622 5432 unitatem
648 5376 770 5434 ﬁdei
813 5376 1034 5434 Christo
1067 5377 1321 5445 Domino,
1355 5379 1506 5436 velut
1548 5379 1701 5448 Saul,

100 5464 482 5533 adharentes,
533 5467 702 5524 nullis
755 5467 1025 5524 malorum
1089 5469 1568 5540 persuasionibus,
1604 5486 1701 5528 seu

101 5559 436 5626 terroribus,
472 5559 543 5616 ab
565 5575 631 5618 eo
660 5563 938 5619 recedunt.
967 5561 1130 5618 Fabri
1159 5561 1376 5620 ferrarii
1415 5562 1703 5635 allegorice

99 5653 255 5711 viros
285 5652 598 5726 signiﬁcant
626 5655 898 5726 spiritales
949 5656 1002 5711 in
1029 5655 1296 5723 Ecclesia,
1327 5656 1419 5728 qui
1458 5665 1703 5729 tempore

99 5745 257 5818 pacis
282 5745 304 5820 (
325 5761 450 5803 cum
486 5747 667 5804 desint
701 5748 792 5820 qui
843 5749 1177 5823 inquietent)
1211 5765 1311 5822 per
1352 5750 1700 5808 securitatem

103 5837 328 5906 mentis,
361 5854 460 5896 seu
499 5838 788 5904 incuriam,
834 5838 904 5894 ab
939 5839 1168 5910 spiritali
1200 5840 1550 5913 inquisitione
1593 5850 1705 5899 tor-

471 5933 751 5998 Pauor.
797 5930 990 5998 CXV.

1805 4721 1936 4777 lium
1966 4739 2183 4794 quoque
2222 4740 2329 4780 non
2377 4727 2444 4782 de
2487 4729 2791 4786 substantia
2840 4731 3018 4790 Patris
3064 4737 3392 4806 substitisse,

1806 4813 1902 4869 sed
1932 4829 2001 4868 ex
2028 4816 2200 4871 nihilo
2245 4829 2528 4885 creatum;
2558 4822 2810 4879 similiter
2856 4835 2913 4884 et
2965 4826 3227 4898 Spiritum
3268 4846 3396 4887 san-

1805 4916 1952 4963 ctum
1995 4923 2102 4964 non
2144 4909 2348 4978 Deum,
2383 4913 2478 4968 sed
2521 4923 2831 4974 creaturam
2889 4921 3114 4978 credere
3157 4932 3393 4994 oportet.

1805 4997 1946 5066 Quid
1987 5009 2179 5057 contra
2225 5001 2532 5074 hujusmodi
2580 5006 2804 5076 impium
2854 5011 3262 5080 prmdicatorem
3311 5014 3398 5068 vir

1806 5089 2213 5148 ecclesiasticus
2262 5091 2506 5152 facturus
2573 5097 2726 5154 erit?
2779 5099 2888 5156 nisi
2935 5110 2997 5156 ut
3041 5116 3108 5157 ex
3163 5109 3397 5174 utroque

1807 5181 2158 5240 Testamento
2193 5186 2436 5258 proferat
2475 5187 2832 5259 documenta,
2877 5200 3042 5264 atque
3091 5191 3242 5248 velut
3287 5193 3375 5250 fer

1806 5285 2050 5332 ramenta
2108 5286 2268 5334 acuat
2309 5277 2489 5336 divina
2520 5282 2848 5350 testimonia,
2887 5297 2987 5354 per
3043 5298 3166 5355 quae
3208 5292 3264 5340 et
3306 5285 3395 5342 illa

1806 5384 1928 5440 quae
1957 5370 2238 5440 praedicat,
2273 5371 2560 5430 defendere
2592 5375 2790 5442 valeat,
2837 5385 2894 5431 et
2954 5376 3400 5437 contradicentes

1807 5460 2065 5518 refutare.
2100 5461 2336 5519 Rursum
2389 5473 2633 5537 tempore
2681 5465 2996 5538 tranquillo,
3046 5465 3124 5522 nil
3165 5469 3400 5540 amplius

1803 5553 1872 5610 de
1894 5551 1990 5610 Dei
2035 5552 2174 5609 Filio
2218 5556 2593 5613 sacerdotibus
2635 5557 2895 5614 Ecclesia:
2919 5561 3219 5630 praedicare
3267 5580 3404 5621 con-

1804 5651 1975 5718 venit,
2007 5665 2169 5722 quam
2219 5660 2280 5707 ut
2314 5655 2572 5708 credatur
2612 5667 2774 5709 verus
2804 5652 2948 5710 Deus
2989 5671 3058 5712 ex
3093 5657 3400 5714 substantia

1803 5744 1983 5802 Patris
2031 5747 2149 5802 sine
2209 5753 2454 5818 tempore
2500 5744 2846 5803 ineﬁ'abiliter
2891 5757 3082 5816 natus,
3139 5760 3197 5808 et
3234 5765 3400 5806 verus

1803 5839 1968 5898 homo
1995 5855 2097 5914 pro
2124 5847 2311 5896 nostra
2350 5838 2722 5911 redemptione
2767 5841 2836 5900 de
2862 5842 3170 5901 substantia
3206 5843 3402 5902 matris

2883 5938 2962 6000 10
