3970 6332
1568 346 1577 357 ’
1665 346 2018 409 ANGILOMI
2055 344 2521 406 LUXOVIENSIS
2566 340 2879 405 MONACFR
3737 362 3800 424 π

647 466 1037 544 temporaliter'
1064 464 1285 526 acutus
1316 476 1374 525 et
1412 477 1598 535 natus,
1648 469 1863 539 gemina
1905 469 2236 534 substantia,
2265 470 2317 531 Α
2343 477 2647 523 conventus
2672 467 2963 535 disturbat,
2994 468 3221 542 dissipat
3257 468 3493 541 atquein
3523 464 3672 546 ὤμω
3689 485 3799 539 rem

646 569 907 642 singulari
933 582 1064 626 vero
1094 580 1361 638 persona;
1408 564 1922 621 consubstantialem
1973 564 2121 620 Patri
2153 580 2238 619 se-

646 664 883 721 cundum
928 660 1291 722 Divinitatem.
1333 656 1850 714 consubstantialem
1902 672 2032 713 vero
2076 658 2236 712 matri

644 760 797 832 iuxta
858 754 1292 817 humanitatem;
1325 765 1491 805 unum
1537 748 1900 821 eumdemqne
1955 751 2009 805 in
2054 750 2234 822 singu-

647 850 867 906 laritate
904 861 1171 919 persona}.
1203 842 1403 900 Contra
1435 856 1599 912 quam
1636 840 1797 897 ﬁdem
1828 843 1873 898 si
1902 858 1933 898 e
1962 841 2238 898 contrario

644 941 849 1002 diversi
887 944 1382 997 occurrantzunus
1425 933 1679 990 videlicet
1707 935 1801 1005 qui
1845 934 1920 989 ita
1971 935 2105 991 duas
2143 948 2239 989 na-

646 1042 797 1094 turas
834 1037 888 1092 in
932 1033 1074 1091 Filio
1112 1032 1206 1088 Dei
1251 1029 1548 1087 confundat
1595 1038 1760 1102 atque
1798 1028 2143 1100 permisceat,
2178 1036 2240 1084 ut

646 1134 790 1188 inter
820 1130 988 1186 Deum
1024 1135 1081 1183 et
1131 1123 1406 1180 hominem
1458 1121 1663 1178 nullam
1710 1136 1831 1177 esse
1876 1119 2238 1177 dili'erentiam

646 1229 875 1282 astruat.
904 1220 999 1275 sed
1024 1219 1128 1273 hoc
1148 1231 1269 1272 esse
1297 1214 1749 1285 Deitatem,quod
1773 1214 2236 1268 ethumanitatem

646 1314 698 1368 in
727 1326 812 1376 eo,
852 1311 997 1366 sicut
1019 1316 1075 1362 et
1096 1305 1418 1369 Euthitiani,
1453 1313 1509 1361 et
1539 1319 1731 1361 eorum
1761 1302 1967 1359 similes
1994 1301 2237 1358 haeretici

644 1403 809 1474 impie
837 1400 1126 1458 defendere
1180 1398 1532 1454 contendunt.
1590 1396 1823 1453 Rursum
1850 1396 1988 1452 alius
2025 1411 2090 1451 ex
2140 1395 2238 1450 ad-

644 1510 800 1551 verso
820 1493 1090 1566 prosiliat,
1120 1492 1213 1564 qui
1260 1492 1403 1547 sicut
1427 1490 1564 1546 duas
1600 1490 1654 1545 in
1693 1504 1759 1545 eo
1806 1498 2053 1556 naturas,
2081 1489 2154 1543 ita
2183 1494 2239 1544 et

642 1589 778 1645 duas
802 1601 1068 1658 personas
1097 1583 1369 1640 alﬁrmare
1386 1584 1542 1650 velit,
1596 1582 1736 1640 sicut
1772 1583 2100 1639 Nestoriani.
2128 1582 2237 1638 lte-

642 1698 764 1739 rum
797 1682 990 1738 tertius
1034 1679 1119 1735 vel
1159 1686 1387 1750 quartus
1440 1687 1741 1743 occurrat,
1770 1690 1912 1732 unus
1962 1675 2233 1740 videlicet,

642 1775 735 1846 qui
764 1772 1014 1829 eumdem
1038 1769 1234 1827 Filium
1260 1768 1357 1824 Dei
1389 1768 1536 1825 dicat
1564 1767 1618 1823 in
1647 1767 1877 1824 veritate
1897 1766 2069 1823 Deum
2090 1780 2233 1831 esse,

2339 560 2597 632 Armiger
2623 570 2804 617 autem
2838 561 2958 633 ejus
2997 576 3183 618 eorum
3206 571 3502 620 sanctorum
3514 566 3709 625 virorum
3726 588 3802 642 pra-

2342 655 2597 729 ﬁguravit
2624 657 2938 728 discipulos,
2964 658 3053 728 qui
3087 657 3304 713 illorum
3350 659 3575 731 exempla
3619 668 3802 734 atquedo

2342 748 2575 804 ctrinam
2639 757 2935 814 sectantes,
2986 757 3043 804 et
3092 747 3367 804 individue
3411 749 3510 805 illis
3553 750 3801 823 adhmrenlrs,

2342 841 2498 912 quasi
2551 854 2740 897 eorum
2776 857 2927 897 arma
2972 851 3210 915 portant.
3241 840 3395 909 Quod
3436 854 3596 898 autem
3626 845 3728 902 idem
3755 847 3803 905 is

2340 932 2539 989 nathas
2569 942 2623 990 et
2647 934 2885 1007 armiger
2930 934 3049 1006 ejus
3080 935 3340 990 adversus
3365 932 3631 999 Philistim,
3655 954 3730 993 non
3752 956 3803 1010 pe

2341 1028 2590 1101 planiora
2623 1029 2878 1101 leniaque
2909 1030 3049 1096 loca,
3076 1031 3169 1087 sed
3192 1046 3291 1103 per
3317 1044 3500 1087 saxosa
3532 1040 3580 1087 et
3611 1034 3733 1088 ardua
3751 1035 3804 1091 iter

2343 1123 2631 1194 arripiunt,
2678 1123 2807 1178 illud
2858 1123 3146 1196 allegorice
3175 1125 3353 1196 signat
3406 1127 3541 1197 quod
3576 1142 3663 1181 non
3687 1127 3802 1182 illisa-

2343 1217 2613 1281 cerdotes,
2657 1218 2747 1288 qui
2798 1218 2939 1272 intra
2970 1218 3292 1281 Ecclesiam,
3344 1219 3500 1273 latam
3540 1220 3803 1289 etspatlosu

2340 1308 2510 1372 viam,
2535 1324 2633 1380 per
2656 1309 2969 1365 dissolutam
2994 1311 3186 1377 vitam,
3213 1310 3504 1375 ambulant,
3526 1309 3721 1367 hostibus
3736 1312 3803 1368 ti-ld

2343 1401 2618 1456 contraire
2665 1410 2892 1471 queunt,
2919 1414 3096 1472 neque
3128 1415 3251 1455 cum
3298 1399 3404 1455 illis
3428 1399 3697 1470 spiritaliter
3714 1400 3804 1457 dini-

2343 1507 2490 1559 care,
2522 1492 2615 1549 sed
2641 1492 2717 1549 illi
2733 1495 2913 1564 potius
2932 1493 3023 1564 qui
3053 1508 3153 1565 per
3184 1501 3389 1549 arctam
3406 1502 3459 1549 et
3485 1495 3803 1565 angustamsian

2343 1584 2675 1657 gradientes,
2694 1586 2835 1641 inter
2859 1597 3150 1658 utrumque
3163 1584 3575 1653 Testamentum,
3592 1595 3713 1657 atque
3725 1588 3805 1642 iniu

2342 1692 2603 1750 prospera
2624 1686 2680 1732 et
2695 1677 2946 1745 adversa,
2970 1679 3128 1751 quasi
3150 1680 3296 1735 inter
3320 1679 3451 1735 duos
3471 1679 3681 1749 scopulos
3694 1680 3805 1735 denu

2344 1769 2587 1840 laevaque
2632 1770 2937 1835 incedunt;
2974 1771 3067 1840 qui
3116 1771 3286 1826 armis
3334 1776 3616 1826 sanctarum
3657 1768 3806 1841 Scriptu-

642 1867 923 1922 hominem
951 1879 1085 1920 vero
1116 1863 1169 1918 in
1216 1861 1502 1932 phantasia
1545 1860 1732 1925 fuisse,
1780 1857 2235 1931 quemadmodum
2268 1850 2319 1913 Β
2343 1874 2525 1915 rarum
2581 1860 2795 1926 muniti,
2850 1875 2956 1915 non
3008 1861 3304 1931 proclivius
3339 1862 3405 1916 ad
3446 1861 3563 1928 ima,
3612 1862 3685 1916 sed
3720 1877 3804 1915 mur

646 1957 928 2014 Manichasi
965 1965 1022 2012 et
1048 1953 1471 2011 Priscillianistze
1510 1952 1690 2009 dicere
1723 1951 1841 2007 ausi
1891 1959 2035 2005 sunt.
2090 1950 2242 2005 Alius

645 2058 826 2105 autem
857 2048 947 2119 qui
976 2047 1124 2102 illum
1142 2061 1334 2118 purum
1356 2044 1630 2100 hominem
1660 2043 1848 2108 fuisse,
1875 2042 2078 2114 absque
2108 2042 2237 2105 Deo,

644 2140 960 2203 contendat,
991 2139 1132 2194 sicut
1158 2135 1486 2193 Photiniani.
1524 2134 1760 2190 Rursum
1805 2133 1893 2188 alii
1946 2142 2106 2204 atque
2149 2132 2239 2188 alii

643 2232 905 2294 existant,
948 2229 1043 2299 qui
1090 2244 1235 2291 eum,
1286 2226 1391 2283 hoc
1436 2234 1521 2283 est
1570 2223 1765 2280 Filium
1815 2223 1932 2290 Dei,
1990 2220 2124 2279 nihil
2175 2225 2241 2278 de

644 2331 822 2381 matre
842 2321 1221 2392 assumpsisse,
1264 2334 1365 2375 nec
1408 2317 1648 2388 ejusdem
1695 2324 1901 2372 naturae
1956 2314 2143 2381 fuisse,
2173 2328 2240 2370 ex

643 2428 751 2486 qua
790 2419 846 2470 et
884 2426 983 2468 nos
1034 2423 1246 2474 sumus,
1286 2408 1381 2464 sed
1429 2407 1613 2463 nescio
1650 2421 1811 2477 quam
1860 2405 2239 2477 imaginariam

647 2521 869 2564 carnem
904 2505 957 2560 in
984 2501 1186 2557 mundo
1210 2506 1452 2573 gestasse
1481 2514 1496 2563 ;
1532 2506 1589 2552 et
1617 2499 1800 2552 caeteri
1831 2495 2067 2567 plurimi,
2104 2508 2243 2565 quos

646 2614 839 2657 omnes
868 2608 1173 2652 memorare
1196 2592 1358 2648 nimis
1384 2589 1655 2662 prolixum
1683 2598 1787 2654 est,
1815 2597 1871 2644 et
1899 2602 2004 2643 non
2046 2604 2224 2643 neces-

646 2693 892 2751 sarium:
920 2695 1110 2746 contra
1148 2701 1286 2757 quos
1322 2698 1514 2739 omnes
1556 2683 1740 2738 hostes
1788 2680 1934 2746 ﬁdei,
1973 2680 2102 2752 quid
2144 2696 2237 2737 ec-

645 2782 967 2843 clesiasticis
1012 2779 1147 2837 viris
1195 2775 1460 2848 agendum
1486 2774 1612 2831 est?
1664 2774 1767 2831 nisi
1814 2782 1874 2828 ut
1906 2788 1973 2829 ex
2007 2781 2247 2844 utroque

646 2875 999 2935 Testamento
1050 2872 1298 2928 diversas
1346 2868 1645 2926 sententias
1691 2876 1856 2937 atque
1903 2866 2234 2933 testimonia,

646 2969 803 3041 quasi
861 2966 1011 3022 varia
1067 2964 1395 3019 ferramenta
1454 2961 1686 3023 liment,
1734 2967 2045 3023 exacuant,
2075 2966 2238 3027 atque

648 3062 944 3125 elucident,
970 3073 1072 3130 per
1099 3072 1221 3126 qum
1248 3065 1304 3111 et
1326 3070 1391 3110 ea
1424 3069 1546 3124 qute
1566 3052 1795 3108 credunt
1826 3066 1892 3106 ac
1937 3049 2238 3122 praedicant

649 3153 938 3212 defendere
979 3157 1201 3221 queant,
1244 3155 1299 3202 et
1336 3145 1680 3202 adversarios
1707 3158 1860 3210 suos,
1901 3152 1996 3199 aut
2045 3140 2234 3198 confo-

2344 1952 2414 2007 tis
2461 1950 2761 2017 alacritate,
2794 1951 2862 2007 ad
2912 1951 3257 2008 altitudinem
3315 1953 3724 2023 contemplationis
3746 1964 3805 2007 toto

2345 2042 2536 2097 adnisu
2582 2042 2949 2098 conscendere
2991 2043 3257 2099 nituntur.
3288 2042 3425 2101 illud
3468 2059 3585 2100 vero
3623 2045 3700 2099 iter
3727 2042 3805 2114 quod

2343 2130 2610 2189 Jonathas
2637 2133 2909 2205 armigero
2940 2148 3038 2189 suo
3066 2133 3369 2206 proposuit,
3398 2142 3452 2189 ut
3504 2133 3595 2189 nisi
3616 2133 3693 2205 ipsi
3722 2133 3805 2204 prius

2343 2225 2412 2281 ab
2451 2225 2695 2281 hostibus
2746 2227 3023 2296 provocati
3076 2225 3291 2293 forent,
3346 2242 3651 2299 nequaquam
3689 2225 3805 2280 adeas

2344 2322 2672 2387 transirent,
2715 2323 2809 2377 sed
2858 2321 3027 2393 quieti
3073 2322 3456 2389 subsisterent,
3496 2321 3587 2377 hoc
3625 2319 3737 2376 nobis
3754 2335 3805 2389 per

2344 2414 2652 2485 hujusmodi
2689 2415 2793 2470 iter
2824 2416 3039 2486 signum
3094 2431 3257 2472 sacra
3301 2414 3565 2487 Scriptura
3607 2416 3736 2487 typice
3763 2414 3805 2467 in-

2344 2505 2501 2560 nuit:
2538 2513 2597 2561 ut
2625 2521 2696 2560 ne
2725 2505 2848 2576 quis
2891 2521 2958 2561 ex
3011 2507 3299 2564 catholicis
3336 2508 3580 2563 adversus
3624 2505 3805 2562 hereticos

2341 2596 2493 2668 prior
2535 2598 2901 2655 contentionis
2929 2614 3083 2655 arma
3133 2608 3487 2665 commoveat,
3522 2598 3610 2654 nisi
3653 2597 3702 2652 ab
3733 2595 3804 2667 ipsis

2349 2693 2503 2762 prius
2540 2693 2606 2747 ad
2641 2702 2915 2747 certamen
2942 2702 3268 2764 provocatus
3297 2692 3484 2757 fuerit;
3513 2692 3620 2765 quia
3664 2703 3806 2759 noan

2347 2781 2671 2848 catholicos,
2701 2783 2797 2839 sed
2844 2782 3027 2853 potius
3075 2798 3173 2854 per
3228 2784 3519 2847 hmreticos,
3566 2778 3805 2837 contentionis

2340 2875 2480 2931 bella
2510 2875 2562 2930 in
2595 2875 2837 2931 Ecclesia
2856 2876 3140 2932 exordium
3180 2885 3418 2933 sumunt.
3448 2874 3585 2944 Quod
3615 2866 3804 2929 anicula

2342 2968 2536 3023 nathas
2559 2976 2615 3022 et
2639 2968 2877 3040 armiger
2908 2969 3027 3040 ejus
3052 2969 3232 3040 prima
3260 2967 3621 3041 congressione
3643 2964 3805 3019 adversus

2340 3061 2633 3128 Philistim,
2664 3077 2771 3118 non
2802 3062 2911 3118 alio
2946 3062 2996 3118 in
3041 3060 3186 3129 loco,
3215 3078 3376 3135 quam
3427 3063 3478 3118 in
3521 3075 3633 3133 agro
3669 3055 3805 3113 culture

2343 3152 2526 3210 dedito
2550 3152 2919 3225 conﬂigentes,
2950 3152 3137 3225 viginti
3176 3169 3402 3210 numero
3440 3154 3598 3225 prima
3635 3148 3806 3205 frontet:

649 3246 847 3304 diendo
872 3246 973 3302 sibi
1000 3216 1372 3309 substernere,
1405 3248 1501 3297 aut
1529 3248 1679 3296 certe
1705 3238 1959 3295 terrendo
1978 3240 2033 3294 in
2056 3238 2236 3309 fugam

2294 3216 2587 3303 bhostibus
2636 3216 3035 3318 prosternunt,"
3068 3245 3201 3304 illud
3269 3216 3555 3318 figuraliter
3607 3240 3807 3315 signiﬁcare

649 3348 986 3398 convertere.
1026 3336 1141 3393 Hoc
1167 3336 1367 3407 quippe
1412 3333 1597 3396 moio,
1654 3341 1712 3389 et
1763 3339 1953 3389 contra
1994 3332 2239 3390 diversas

650 3430 993 3504 qumtiones,
1018 3444 1139 3501 qua:
1165 3428 1222 3483 in
1249 3426 1493 3482 Ecclesia
1522 3439 1622 3496 per
1665 3422 2031 3480 contentionis
2050 3424 2242 3479 vitium

648 3523 919 3587 oriuntur,
972 3520 1065 3577 Dei
1118 3516 1496 3576 sacerdotibus
1546 3515 1694 3571 omni
1754 3512 2242 3587 circumspectione

647 3614 915 3688 agendum
944 3623 1048 3669 est.
1091 3612 1159 3667 Et
1194 3610 1455 3665 adversus
1492 3606 1675 3662 varias
1720 3605 2099 3661 haereticorum
2144 3618 2242 3660 no-

647 3708 848 3763 vitates
882 3704 1033 3761 omni
1061 3703 1243 3760 studio
1282 3698 1639 3773 vigilandum,
1684 3712 1757 3754 ne
1802 3696 1936 3752 fides
1963 3696 2249 3763 Ecclesiae;

648 3794 794 3853 velut
820 3794 1035 3851 adiﬁcii
1082 3792 1527 3857 fundamentum,
1568 3804 1668 3861 per
1707 3788 2022 3845 earumdem
2064 3788 2239 3844 haere-

650 3889 881 3946 ticorum
920 3886 1202 3956 impetum,
1238 3884 1399 3955 quasi
1426 3882 1658 3955 impulsu
1689 3890 1973 3939 ventorum
2024 3882 2245 3939 labatur

651 3986 816 4049 atque
840 3978 1150 4034 subruatur.
1188 3975 1345 4045 Quod
1386 3984 1567 4031 autem
1619 3975 1698 4030 ait
1751 3973 2032 4046 Scriptura
2071 3976 2138 4031 de
2165 3975 2241 4033 [se

648 4072 910 4130 raeliticis
933 4072 1066 4127 viris
1094 4088 1109 4125 :
1143 4089 1162 4122 ι
1192 4069 1568 4125 Descendebat
1607 4082 1738 4139 ergo
1760 4067 1940 4122 omnis
1978 4067 2146 4123 Israel
2170 4068 2245 4124 ad

647 4164 939 4232 Philistim,
974 4173 1033 4219 ut
1073 4170 1296 4219 acueret
1334 4161 1708 4231 unusquisque
1755 4174 2035 4216 vomerem
2082 4172 2245 4216 suum‘

646 4266 704 4317 et
730 4258 964 4331 ligonem
985 4264 1040 4313 et
1066 4255 1320 4317 securim,
1358 4272 1379 4307 ι
1408 4262 1552 4319 etc.;
1589 4254 1692 4308 hoc
1732 4267 1840 4307 non
1895 4250 2127 4307 absurde
2154 4252 2238 4307 in-

648 4348 815 4420 telligi
841 4348 1021 4413 datur,
1060 4345 1189 4416 quia
1228 4344 1601 4401 controversia
1648 4343 2033 4399 haereticorum
2083 4358 2241 4399 excr-

645 4440 775 4498 eitia
846 4446 973 4495 sunt
1030 4436 1465 4502 catholicorum;
1512 4442 1580 4507 oet
1647 4433 1913 4489 malorum
1965 4436 2245 4490 contentio

2344 3343 2578 3409 videtur,
2610 3341 2754 3415 quod
2794 3341 2880 3397 his
2909 3342 3222 3398 doctoribus
3260 3342 3493 3399 harretici
3524 3339 3688 3397 cedunt
3714 3342 3806 3402 :qu!

2343 3435 2723 3499 succumbunt,
2769 3434 2861 3505 qui
2915 3434 3057 3490 intra
3106 3434 3310 3491 limites
3355 3433 3592 3491 Ecclesia:
3646 3424 3806 3503 positi!

2345 3526 2697 3582 meditatione
2714 3524 2871 3597 legis,
2902 3525 3051 3580 velut
3083 3524 3152 3581 ab
3174 3524 3497 3600 agricultura
3518 3538 3609 3583 non
3628 3517 3805 3577 recedim-

2345 3615 2609 3688 Sequitur
2637 3634 2651 3672 :

2421 3727 2439 3760 «
2484 3707 2593 3765 Sed
2617 3717 2672 3766 et
2696 3708 2929 3778 Hebraei,
2960 3709 3053 3781 qui
3104 3709 3325 3775 fuerant
3372 3724 3490 3765 cum
3510 3691 3809 3767 Philistimhtti

2351 3815 2372 3851 ι
2405 3806 2462 3856 et
2502 3798 2919 3867 nudiustertius,
2967 3798 3433 3872 ascenderantque
3468 3814 3579 3855 cum
3607 3794 3669 3851 eis
3704 3790 3740 3845 in
3758 3800 3808 3840 ct-

2350 3906 2372 3944 ι
2410 3892 2559 3958 stris,
2595 3892 2799 3949 reversi
2845 3900 2971 3949 sunt
2999 3900 3061 3948 ut
3111 3900 3302 3949 essent
3347 3907 3464 3948 cum
3492 3884 3809 3953 lsrael,»etrc-

2343 3982 2490 4054 iiqua
2518 3998 2798 4055 usquequo
2825 3984 2903 4039 ait
2926 4001 2940 4038 :
2971 4003 2990 4036 ο
3026 3982 3423 4040 Nuntiaverunt
3441 3991 3603 4039 autem
3628 3964 3809 4035 Sauli,di-

2349 4090 2371 4127 ι
2404 4083 2612 4141 centes,
2651 4074 2794 4145 quod
2825 4074 3056 4148 populus
3082 4084 3367 4146 peccasset
3389 4073 3597 4130 Domino
3620 4060 3809 4125 cotm‘dﬂIs

2350 4184 2375 4220 ‹
2407 4182 2533 4223 cum
2560 4168 2846 4240 sanguine.
2895 4166 2998 4236 Qui
3024 4168 3138 4223 ait:
3165 4166 3507 4224 Praevaricati
3528 4163 3657 4221 estis.
3682 4152 3809 4211 νοιτίιι

2350 4278 2371 4313 ι
2403 4260 2470 4316 ad
2507 4276 2595 4317 me
2629 4259 2745 4330 jam
2766 4275 2911 4317 nunc
2940 4275 3132 4318 saxum
3158 4262 3384 4332 grande.
3425 4281 3443 4315 ι
3468 4258 3589 4315 Nam
3619 4256 3808 4320 anlqu
3868 4242 3869 4247 “

2342 4350 2645 4422 spiritalem
2686 4349 2914 4422 ﬁguram
2945 4351 3328 4423 aggrediamur
3360 4345 3716 4408 enucleandum.
3745 4346 3809 4423 ηιξ·

2344 4421 2839 4499 ιιξῐοείδηόυιηίεει
2871 4443 3004 4514 quid
3024 4421 3129 4498 est
3164 4444 3310 4514 quod
3365 4442 3623 4513 Scriptura
3662 4421 3811 4514 did”?

650 4533 918 4590 bonorum
970 4531 1121 4587 acuit
1168 4544 1389 4585 sensum
1418 4544 1433 4594 ;
1485 4535 1541 4583 et
1597 4526 1901 4582 adversitas
1948 4528 2236 4598 impiorum
2267 4598 2315 4609 _
2341 4535 2576 4592 Jomtha
2605 4555 2618 4591 :
2658 4511 2950 4593 "luminati
2986 4546 3114 4593 sunt
3139 4511 3283 4594 oeuli
3310 4538 3454 4609 ejus,
3485 4511 3549 4590 et
3578 4525 3681 4601 quid
3712 4511 3810 4588 εἰκώ

646 4624 871 4679 sinistra
912 4630 1039 4679 sunt
1079 4636 1234 4677 arma
1253 4620 1546 4690 iustorum.
1576 4616 1731 4686 Quod
1752 4627 1934 4674 tamen
1974 4619 2234 4687 haeretici,
2267 4598 2323 4667 η
2346 4630 2470 4686 licet
2487 4628 2642 4700 juxta
2669 4630 2955 4687 historiam
2990 4630 3137 4702 quod
3171 4632 3322 4698 dicit,
3337 4598 3622 4687 comedisse
3647 4610 3809 4702 populiI

646 4716 795 4773 velut
824 4712 1382 4781 Philistim,omnibus
1408 4711 1586 4767 modis
1599 4719 1813 4777 cavent,
1840 4724 1910 4767 ne
1931 4725 2032 4781 pro
2050 4726 2241 4767 eorum

646 4804 1093 4874 oecasione,-viri
1130 4802 1385 4861 catholici
1422 4818 1575 4860 arma
1610 4803 1822 4874 possint
1847 4802 2046 4859 habere
2076 4804 2241 4874 spiriv

726 4901 739 4914 ο
1226 4908 1233 4917 ρ

647 4901 797 4957 talia.
1086 4934 1093 4941 ι
1144 4920 1161 4943 ι·
1226 4930 1231 4937 -

1246 5037 1478 5119 mm.
1518 5036 1659 5119 1.1V-

721 5196 739 5229 σ
769 5175 839 5232 Et
856 5173 1054 5232 accidit
1074 5172 1311 5244 quedam
1338 5173 1449 5239 die,
1480 5176 1542 5228 ut
1564 5172 1779 5229 diceret
1805 5169 2073 5229 Jonathas
2097 5171 2239 5229 ﬁlius

649 5284 673 5324 ι
710 5268 841 5326 Saul
862 5270 930 5326 ad
958 5256 1365 5325 adolescentem
1384 5252 1713 5339 armigerum
1755 5280 1914 5323 suum
1949 5285 1962 5321 :
1996 5266 2152 5333 Veni,
2184 5266 2241 5324 et

649 5378 673 5414 ι
704 5368 1047 5417 transeamus
1071 5359 1139 5416 ad
1166 5357 1459 5415 stationem
1485 5356 1781 5426 Pbilistim,
1815 5372 1937 5430 quae
1964 5364 2049 5415 est
2086 5368 2243 5418 trans

650 5445 678 5505 ε
704 5452 883 5509 locum
910 5452 1067 5508 illum
1085 5494 1100 5519 ,
1129 5460 1221 5509 etc
1251 5470 1295 5506 ι.
1322 5450 1528 5509 Pendet
1555 5453 1700 5509 enim
1726 5452 1847 5510 haec
1875 5453 2143 5510 sententia
2170 5470 2239 5511 ex

646 5543 1038 5614 superioribus.
1099 5543 1360 5602 Jonsthas
1404 5559 1538 5600 vero
1564 5585 1581 5612 ,
1626 5543 1781 5614 cuius
1827 5559 2025 5602 nomen
2082 5554 2243 5603 sonat

645 5632 905 5691 columbis
940 5636 1166 5702 donum,
1226 5644 1539 5692 sancton
1597 5636 1835 5692 virorum
1890 5634 2237 5707 spiritalium,

646 5726 741 5797 qui
780 5726 836 5782 in
874 5726 1117 5785 Ecclesia
1154 5731 1299 5784 dono
1328 5724 1570 5799 Spiritus
1630 5730 1807 5785 sancti
1851 5729 2042 5800 repleti
2090 5738 2237 5797 sunt,

646 5819 881 5886 Gestavit
918 5818 1149 5891 ﬁgam
1178 5836 1197 5887 ς
1224 5835 1327 5892 per
1376 5835 1516 5893 quos
1564 5820 1825 5879 Dentium!
1857 5823 2244 5882 hereticorum

2344 4730 2468 4776 eum
2497 4720 2777 4793 sanguine.
2816 4720 2956 4790 Quid
2983 4700 3070 4777 est
3107 4723 3250 4792 quod
3291 4735 3445 4778 sacra
3486 4700 3809 4785 Scripturatili

2349 4832 2371 4866 ι
2407 4813 2699 4870 lliuminati
2751 4822 2879 4871 sunt
2913 4814 3057 4871 oculi
3090 4815 3381 4882 ‘Jonathat,
3434 4818 3635 4885 propter
3676 4802 3808 4885 8"“?

2238 4910 2245 4921 '
2344 4903 2563 4960 mellis?
2593 4924 2613 4957 ι
2656 4904 2903 4976 nunquid
2945 4914 3076 4961 ante
3122 4920 3299 4962 caecus
3337 4876 3494 4963 erat?
3524 4876 3717 4955 blinime.
3749 4876 3810 4938 Sd

2344 4994 2636 5053 iiluminati
2664 5004 2791 5052 sunt
2824 4997 3030 5066 utique,
3062 5012 3169 5053 non
3207 4997 3274 5052 ad
3304 4993 3599 5053 videndum,
3625 4983 3720 5055 quia
3738 4978 3809 5029 amt

2354 5086 2590 5155 videbat,
2616 5089 2713 5145 sed
2738 5089 2807 5145 ad
2834 5089 3273 5156 discernendum,
3313 5088 3435 5160 quia
3456 5082 3605 5141 vetita
3632 5068 3808 5140 tetiim"

2349 5179 2503 5239 Sicut
2523 5182 2591 5238 de
2618 5182 2809 5254 primis
2838 5183 3152 5240 hominibus
3184 5180 3398 5256 legitur,
3427 5178 3515 5250 qui
3542 5186 3645 5231 mox
3670 5172 3714 5221 ιιί

2347 5273 2518 5331 hibita
2564 5246 2935 5347 gustaverunt,
2982 5282 3200 5348 apertos
3237 5246 3484 5331 habuisse
3541 5260 3694 5324 οαιιοο
3726 5246 3809 5307 τόθ’

2347 5375 2562 5435 runtur,
2616 5367 2691 5424 ad
2743 5368 3165 5426 discernendum
3213 5366 3461 5425 videlicet
3518 5360 3643 5418 inter
3684 5348 3809 5435 Mf“

2347 5457 2495 5530 quod
2521 5427 2836 5523 amiserant,
2866 5466 2922 5515 et
2950 5458 3152 5515 malum
3185 5459 3255 5514 ad
3276 5456 3418 5529 quod
3452 5444 3727 5510 ceciderant

2346 5510 3157 5622 anaaitrateaagiigi
3178 5510 3375 5607 an;
3383 5510 3573 5603 {nam
3590 5535 3705 5596 επιειιι
3723 5510 3811 5622 qui

2345 5652 2415 5696 σι
2442 5641 2614 5697 nimio
2636 5610 2819 5699 calore
2854 5642 3021 5709 oeuli,
3048 5610 3385 5699 θιὶητοίιῑο
3406 5634 3562 5710 praelii
3582 5643 3638 5686 ac
3656 5610 3811 5680 iam

2348 5733 2679 5791 reverberati
2720 5726 2897 5803 erant,
2924 5742 2982 5793 et
3034 5737 3205 5794 nimio
3245 5732 3447 5804 jejunio
3483 5725 3713 5796 tangam
3746 5712 3813 5804 “°.'.

2346 5786 2535 5886 se;
2546 5786 3013 5902 nasia;
3034 5786 3217 5889 at;
3237 5786 3475 5886 ius...
3498 5786 3734 5879 θείω,
3756 5786 3815 5850 πω
