1985 3166
29 188 95 219 50!

511 171 640 219 mna.
659 188 692 218 iN
713 188 837 217 uanos
856 188 988 218 aeson.
1009 205 1044 211 -
1062 172 1096 219 tu
1115 188 1182 219 LIB.
1201 190 1222 218 ι.
1251 229 1254 232 Δ

1631 174 1691 220 ‘50s
1724 181 1725 185 “

29 258 107 281 5ur.t
119 249 191 278 oculi
206 248 344 277 interioris
364 248 490 277 hominis.
507 247 540 276 Et
555 247 616 278 ideo
628 255 690 276 cum
707 239 843 284 gustasset
855 237 970 280 Alium,
984 251 1012 275 et
1017 247 1150 282 jejunium
1160 247 1315 281 indicentis,
1331 247 1428 276 videns
1435 238 1619 284 superfaciem
1628 251 1689 289 agri

29 304 154 335 gustum
168 296 263 328 mellis,
284 296 451 324 illuminalus
466 296 583 329 dicitur:
597 295 661 331 quia
676 302 728 323 non
752 289 840 334 solum

28 344 157 372 oculiex
173 342 319 370 refectione
332 341 465 377 corporis,
481 341 618 377 inquiunt.
635 339 734 367 clarius
747 339 840 368 videre

28 393 196 424 itu-perant,
221 388 268 416 sed
283 391 310 415 et
331 387 446 416 interius
463 394 539 415 mens
565 386 664 414 clarior
687 385 840 414 eonfortata

28 434 188 463 dulcedine
200 434 298 467 mellis,
313 441 345 461 ac
364 434 514 471 promptior
528 432 674 470 resumptis
687 432 790 460 viribus
806 430 840 473 ad

27 481 264 518 persequendum
296 480 468 521 adversarios
492 480 604 509 exstitit.
631 479 707 523 Unde
730 483 757 508 et
782 479 839 523 ipse

27 528 97 556 ait:
118 538 128 555 ‹
149 527 283 557 Turbavit
308 532 385 562 pater
405 535 482 563 meus
506 531 616 558 terram.
643 520 754 556 Vidistis
775 520 838 562 ipsi,

29 583 42 599 ε
66 574 138 609 quia
162 573 304 604 illuminati
330 577 393 601 sunt
415 573 487 608 oculi
513 573 576 606 mei,
597 581 630 602 eo
651 573 724 609 quod
746 577 840 608 gusta:-

29 629 42 646 ι
64 620 160 648 verim
184 619 322 655 paululum
346 619 379 647 de
401 619 480 655 melle
503 619 576 648 isto:
592 623 694 654 quanto
718 619 840 661 magissi

29 675 42 693 ι
71 665 241 693 comedisset
255 664 369 701 populus
388 664 422 693 de
436 664 527 700 prreda
540 665 714 705 inimicorum
727 672 839 701 suorum

30 720 43 736 ς
64 719 154 745 quam
176 711 304 747 ceperat?
319 721 328 737 ι
346 710 412 741 Nam
427 711 498 746 quod
511 711 566 745 ait,
583 720 592 736 α
611 711 742 740 Turbavit
764 716 840 748 pater

31 765 46 782 ι
70 764 156 784 meus
182 761 293 789 terram,
314 766 323 783 ο
345 756 377 787 de
394 761 501 792 patrata
520 757 634 786 victoria
649 757 790 790 intumuit,
811 762 840 786 et

29 802 102 829 ideo
118 802 155 829 de
178 801 279 829 indicto
295 800 397 836 jejunio
420 807 525 838 patrem
551 811 629 830 suum
654 803 837 842 reprehendit,

30 847 165 883 Denique
177 847 250 882 quod
261 848 385 882 sequitur
401 857 408 876 :
424 858 434 874 ‹
452 848 485 875 Et
498 856 592 877 versus
605 849 639 877 ad
653 850 772 884 praedam
790 850 838 877 de-

32 902 45 919 ι
66 893 204 929 fatigatus
220 893 345 931 populus,
370 894 432 922 tulit
447 902 512 922 oves
529 900 559 923 et
580 894 673 929 boves,
687 901 714 924 et
727 896 836 934 vitulos,

33 950 43 965 I
62 945 96 968 et
107 944 298 968 mactaverunt
313 940 339 968 in
355 945 439 969 terra.
456 941 634 978 Comeditque
647 944 761 979 populus
773 953 837 978 cum
851 935 875 969 Β

33 995 44 1011 ι
79 985 223 1021 sanguine.
243 995 252 1012 ›
266 985 324 1014 Non
344 986 409 1014 fecit
430 987 544 1023 populus
567 987 673 1015 irritum
694 989 836 1025 jtiratnen-

31 1035 107 1058 tum.
120 1031 199 1064 Quod
224 1031 296 1058 enim
314 1030 379 1059 Saul
392 1032 576 1067 adjuraverat,
588 1034 681 1062 dicens
697 1044 703 1061 :
723 1044 732 1060 ‹
757 1035 841 1073 Μθιθτ

34 1088 44 1103 ι
79 1077 172 1106 dictus
186 1078 228 1106 vir
241 1078 288 1114 qui
302 1079 450 1107 comederit
462 1088 560 1116 panem
584 1089 670 1116 usque
689 1082 723 1109 ad
745 1090 839 1119 vespe:

36 1133 47 1150 ε
69 1132 145 1158 ram,
158 1125 244 1154 donec
253 1125 369 1153 ulciscar
384 1126 416 1153 de
431 1126 548 1155 inimicis
562 1128 640 1156 meis.
660 1138 671 1155 ι
686 1128 748 1157 ideo
759 1130 837 1164 dixit,

32 1171 104 1208 quia
122 1171 235 1199 victoria
248 1170 306 1207 jam
321 1172 400 1209 potiti
408 1176 485 1200 erant
495 1181 502 1205 ;
514 1173 561 1200 sed
573 1181 700 1208 peccasse
711 1174 837 1210 Domino,

31 1222 64 1245 et
83 1226 148 1246 cum
161 1218 293 1256 sanguine
306 1218 457 1246 comedisse
471 1219 579 1250 dicitur.
601 1220 664 1255 quia
683 1226 778 1248 contra
801 1221 839 1255 le-

32 1265 81 1300 gis
109 1269 283 1300 prmceptum,
303 1269 448 1300 antequam
466 1260 635 1294 sacrificium
653 1269 837 1303 vespertinum

32 1316 228 1347 perageretur,
254 1312 441 1346 comederunt.
457 1311 516 1346 ,Sie
534 1313 625 1348 itaque
644 1322 710 1343 usus
723 1320 795 1353 erat,
809 1320 839 1343 ut

33 1357 151 1394 quando
171 1359 347 1386 homicidium
361 1359 395 1388 ab
412 1359 460 1391 eis,
482 1364 529 1388 aut
550 1360 577 1387 in
590 1361 657 1393 suis,
679 1366 726 1388 aut
742 1362 768 1389 in
786 1369 835 1400 ex:

34 1405 108 1433 teris
123 1405 218 1438 ﬁebat,
233 1413 288 1433 non
307 1406 481 1436 comederent
499 1410 645 1441 antequam
672 1408 838 1441 sacriﬁcium

34 1451 224 1487 vespertinqu
239 1459 289 1488 pro
302 1451 345 1481 eis
356 1452 442 1480 fieret.
460 1452 556 1485 Aliter,
574 1461 704 1489 peccasse
725 1454 839 1486 Domino

33 1504 63 1526 et
73 1497 229 1526 comedisse
242 1506 303 1529 cum
318 1498 448 1535 sanguine
465 1498 602 1532 dicuntur,
618 1500 698 1535 quia,
713 1500 839 1529 mactatis

35 1544 169 1577 victimis,
197 1552 252 1572 non
266 1544 422 1572 obtulerunt
447 1544 482 1573 ad
500 1545 686 1573 sanctuarium
711 1545 838 1574 sacerdo-

36 1595 124 1626 tibus,
141 1592 220 1627 juxta
232 1592 299 1628 legis
312 1598 490 1628 praeceptum,
505 1593 611 1628 adipem
624 1597 651 1621 et
664 1592 834 1630 sanguinem,

35 1648 101 1668 cum
114 1639 241 1667 videlicet
252 1639 434 1667 sanctum-ium
447 1646 540 1667 secum
556 1638 697 1667 haberent.
723 1638 836 1674 Quando

35 1685 116 1713 locus
138 1684 285 1713 sanctuarii
298 1684 392 1720 procul
406 1688 477 1718 erat.
499 1683 611 1719 jubetur
632 1685 743 1720 sanguis
761 1685 837 1713 victi-

36 1739 150 1759 marum
179 1730 205 1757 in
222 1734 318 1757 terram
336 1729 411 1758 fundi
437 1730 470 1758 de
490 1730 533 1764 his
552 1730 679 1759 videlicet
706 1730 835 1766 victimis,

36 1785 110 1814 quas
125 1776 158 1804 ad
172 1783 235 1803 suos
247 1784 309 1803 esus
332 1771 544 1813 przeparabaut,‘
559 1776 666 1811 quando
685 1784 750 1804 vero
775 1784 837 1804 san-

36 1823 174 1851 ctuarium
186 1829 306 1858 praesens
320 1826 387 1854 erat,
411 1822 521 1858 sanguis
534 1819 683 1849 hostiarum
698 1830 781 1858 super
794 1821 835 1856 al:

36 1873 101 1896 tare
115 1867 220 1896 Domini
235 1867 346 1902 jubetur
358 1866 444 1894 fundi.
474 1866 551 1895 Sicut
575 1871 617 1894 est
639 1866 704 1895 illud
721 1867 747 1894 iu
767 1866 836 1903 libro

37 1913 265 1941 Deuteronomii:
287 1922 296 1938 ε
315 1911 479 1947 Sanguinem
495 1911 644 1940 hostiarum
659 1917 763 1939 tuarum
776 1911 837 1939 fun-

38 1959 89 1986 des
105 1959 131 1985 in
147 1958 237 1990 altari,
255 1958 382 1986 carnibus
401 1961 490 1985 autem
520 1958 577 1993 ipse
601 1958 719 1986 vesceris
745 1958 835 1993 (Deut,

39 2004 103 2039 xu).
120 2013 130 2029 ι
157 2003 233 2037 Quod
249 2002 314 2038 quia
334 2002 462 2038 praefatus
483 2003 598 2039 populus
613 2011 666 2030 non
685 2003 758 2034 fecit,
775 2011 837 2039 pec-

39 2058 119 2078 casse
145 2050 244 2078 dicitur
263 2050 386 2082 Domino,
413 2053 441 2077 et
454 2050 556 2078 idcirco
570 2050 670 2078 dicitur
692 2058 753 2078 cum
773 2058 837 2086 san-

39 2099 123 2135 guine
146 2098 306 2126 comedisse.
336 2097 399 2125 Sive
420 2096 483 2133 quia
508 2101 581 2125 retro
601 2096 665 2124 olim
691 2104 740 2132 per
750 2096 836 2132 legem

39 2145 156 2182 mystice
166 2150 330 2181 perceptum
347 2143 443 2176 fuerat,
459 2147 488 2170 ut
505 2151 539 2171 ne
553 2143 615 2178 quis
629 2142 661 2170 de
675 2141 737 2169 filiis
753 2141 837 2180 israell

39 2199 120 2219 ovem
135 2190 177 2218 vel
193 2190 289 2218 bovem
312 2193 358 2217 aut
370 2196 489 2225 capram,
511 2188 552 2216 vel
577 2187 715 2224 quodlibet
735 2187 837 2214 animal

40 2237 114 2273 quod
139 2236 252 2265 Domino
272 2235 447 2270 ollerebatur,
481 2235 507 2263 in
531 2235 629 2263 castris
653 2234 834 2267 immolarent,

41 2284 89 2315 sed
105 2283 140 2311 ad
151 2284 250 2316 ostium
271 2282 437 2311 tabernaculi
452 2282 578 2310 universa
596 2281 736 2315 ducerent,
756 2286 784 2309 et
799 2281 835 2316 ibi

40 2330 133 2356 omnia
151 2328 317 2358 occiderent.
342 2328 418 2362 Quod
436 2328 498 2364 quia
517 2336 570 2356 non
586 2327 717 2365 fecerant,
747 2336 837 2362 come-

41 2376 114 2404 disse
137 2375 239 2412 passim
257 2375 405 2403 occidendo
434 2374 589 2409 referuntur
607 2382 670 2403 cum
693 2376 835 2415 sanguine,

42 2423 118 2452 Licet
139 2423 194 2457 iste
213 2430 310 2458 sensus
329 2422 464 2459 posterior
484 2421 646 2457 quibusdam
664 2421 774 2457 placere
798 2420 838 2456 vi,-

44 2471 149 2502 deatur,
182 2468 336 2504 superiores
359 2475 436 2500 vero,
471 2475 539 2503 quos
566 2467 716 2503 posuimus,
749 2464 838 2503 magis

44 2515 83 2551 (ut
99 2512 177 2542 nobis
191 2514 308 2550 videtur)
325 2514 445 2542 historiae
457 2518 618 2550 congruunt.
648 2512 707 2541 Non
723 2512 784 2541 ideo
797 2513 838 2552 di,-

43 2563 140 2594 cimus,
163 2565 194 2588 ut
216 2562 298 2589 istum
317 2560 494 2597 refragemus,
521 2565 568 2588 aut
586 2560 759 2589 inhibeamus
773 2569 836 2600 sea-

44 2615 115 2640 sum,
136 2614 198 2634 cum
217 2607 334 2635 maxime
352 2606 466 2643 spiritali
491 2606 595 2642 sensui,
620 2606 654 2634 de
677 2614 731 2642 quo
750 2606 777 2634 in
796 2614 838 2636 se-

44 2653 189 2689 quentibus
208 2653 321 2681 Domino
351 2653 419 2680 duce
442 2652 540 2680 dicturi
562 2660 666 2685 sumus,
693 2650 835 2686 convenit;

45 2699 89 2727 sed
104 2698 231 2734 prudenti
250 2698 344 2726 lectori
360 2697 573 2733 derelinquimus
587 2706 700 2725 sensum
712 2697 837 2727 nostrum

45 2744 217 2777 insinuando,
227 2748 257 2772 ut
264 2744 286 2772 si
297 2743 437 2780 placuerit,
453 2744 518 2771 mihi
526 2744 717 2772 consentiendo
726 2744 833 2780 faveat;

45 2791 105 2827 quia
125 2790 182 2825 hic,
209 2794 238 2817 ut
252 2779 346 2824 annui,
375 2790 407 2817 ad
420 2789 538 2819 radicem
563 2790 686 2820 historim,
706 2779 834 2825 pertinei.

44 2835 112 2865 Ecce
131 2835 335 2865 fundamentum
356 2828 475 2866 historiw
491 2835 638 2876 innuimus,
663 2843 735 2863 nunc
756 2827 835 2876 spiri-

45 2883 123 2911 talem
138 2881 361 2918 signilicatiOnem
380 2872 538 2918 pandamus;
565 2882 617 2909 Sed
631 2882 705 2917 prius
717 2882 783 2922 quid
799 2871 835 2923 si-

45 2930 152 2966 gniﬁcat
167 2930 239 2965 quod
257 2928 388 2958 Jonathas
403 2929 473 2957 ﬁlius
489 2928 553 2957 Saul
566 2929 703 2965 pergentis
718 2928 750 2955 ad
763 2935 832 2964 prae-

892 293 954 326 mel,
968 293 1090 321 extendit
1103 294 1283 333 summitatem
1295 294 1387 330 virgae,
1403 295 1546 323 etintiuxit
1556 295 1582 323 in
1597 296 1690 325 favum

889 339 1026 377 mellis,et
1037 340 1168 376 gustavit,
1181 344 1209 368 et
1222 339 1365 368 illuminati
1378 346 1442 370 sunt
1456 341 1527 371 oculi
1541 343 1609 379 ejus,
1625 352 1690 380 pro-

879 385 1055 433 ‘palabimus,
1077 391 1106 415 ut
1126 383 1306 423 postmodum
1316 392 1414 418 caetera
1427 389 1595 425 conjunctim
1617 390 1687 431 insi-

889 441 974 467 nuare
988 434 1135 474 valeamus.
1151 434 1251 463 Verum
1262 434 1334 472 quod
1350 435 1383 466 ad
1395 440 1501 472 gustum
1514 436 1602 464 mellis
1613 437 1689 465 oculi

888 478 1011 508 Ionatha:
1037 479 1180 509 illuminati
1199 485 1274 522 sunt,
1297 481 1367 510 sicut
1380 482 1506 521 diximus,
1528 491 1581 512 non
1592 484 1626 514 ad
1640 474 1684 512 vi1

890 525 1018 558 dendum,
1046 526 1109 562 quia
1120 532 1199 555 antea
1222 528 1341 561 videbat,
1355 528 1403 556 sed
1419 529 1453 556 ad
1466 529 1687 567 discernendum,

890 573 952 609 quia
960 572 1041 600 vetita
1052 573 1187 609 tetigerat.
1200 573 1274 603 Tunc
1281 574 1352 602 enim
1359 583 1438 604 casus
1449 575 1503 608 ille,
1511 575 1581 604 sicut
1587 576 1686 611 Adam,

890 617 954 647 fecit
973 618 1047 647 illum
1073 624 1216 654 attentum,
1239 621 1409 657 reddiditque
1431 622 1571 651 confusum
1593 631 1601 651 :
1620 624 1686 659 quid

890 665 964 693 aliud
975 666 1149 703 exprimitur,
1170 667 1223 695 nisi
1239 668 1290 695 hoc
1302 667 1374 696 facto
1390 662 1562 704 admonetur,
1589 677 1685 700 omnes

889 710 1032 740 illecebras
1047 712 1214 749 voluptatum
1231 713 1257 740 in
1275 714 1374 753 saeculo
1398 715 1496 744 debere
1511 721 1687 744 contemnere

889 755 913 793 is
925 758 971 793 qui
988 758 1042 785 Deo
1056 758 1150 786 nititur
1172 759 1311 793 militare?
1332 760 1389 798 Non
1401 761 1471 789 enim
1484 765 1572 797 potest
1589 762 1685 790 contra

888 803 1046 844 Allophylos
1059 799 1205 841 spiritales,
1227 806 1252 833 id
1264 811 1304 835 est
1316 807 1445 835 adversus
1459 808 1594 844 principes
1607 814 1684 837 tene-

889 849 1013 882 brarum,
1033 848 1234 879 viribus'animi
1258 860 1430 886 concurrere,
1455 854 1502 888 qui
1526 855 1615 882 adhuc
1632 855 1684 883 hu-

886 893 1142 936 jusmodinegligit
1165 896 1334 935 dulcedinem
1356 897 1501 930 declinare.
1535 899 1586 928 Mel
1610 901 1684 928 enim

889 940 1030 976 distillans,
1051 941 1139 979 inquit
1153 941 1291 977 Scriptura
1306 941 1396 979 (Prov.
1423 943 1461 979 v),
1477 943 1546 971 labia
1562 945 1689 973 meretri-

892 986 940 1028 cis,
962 987 1033 1023 quod
1048 991 1090 1014 est
1106 987 1250 1018 delectatio
1267 981 1415 1024 voluptatis
1428 989 1555 1028 carnalis.
1575 990 1613 1019 De
1632 982 1688 1025 quo

890 1027 1016 1075 putatur,
1034 1033 1110 1070 juxta
1131 1034 1262 1070 mysticos
1280 1035 1443 1068 intellectus,
1471 1036 1542 1066 hunc
1561 1041 1688 1075 gustasse

889 1073 1037 1121 Jodatltatt,
1053 1084 1080 1107 et
1092 1084 1166 1108 sorte
1174 1081 1382 1118 deprehensum,
1397 1083 1442 1121 vix
1453 1073 1580 1120 precibus
1592 1082 1687 1118 populi

890 1120 1048 1154 liberatum.
1069 1125 1141 1166 illud
1160 1135 1225 1156 vero
1243 1128 1314 1162 quod
1329 1120 1455 1163 superius
1479 1130 1688 1165 descripsimus,

889 1172 952 1208 quia
964 1174 1108 1212 postquam
1122 1172 1228 1201 Domini
1250 1174 1399 1210 opitulante
1416 1175 1531 1211 auxilio,
1547 1175 1684 1215 Philislim

889 1218 1043 1255 conturbali
1059 1219 1230 1256 dispersique
1243 1224 1271 1248 et
1285 1220 1311 1248 in
1330 1220 1420 1256 fugam
1432 1222 1502 1249 versi
1518 1226 1595 1255 sunt,
1617 1218 1681 1258 qui-

888 1272 994 1303 clinque
1013 1264 1120 1295 de‘filiis
1135 1265 1217 1294 lsrael
1239 1266 1420 1299 adhicserant,
1445 1275 1551 1296 rursum
1568 1267 1603 1295 ad
1620 1261 1686 1297 suos

887 1309 1051 1350 lsraeliticos
1072 1312 1173 1341 reversi
1188 1316 1260 1346 sunt,
1286 1316 1352 1346 etc.,
1378 1313 1449 1341 hanc
1475 1313 1684 1349 intelligentiam

889 1356 1003 1392 mystice
1027 1357 1129 1384 habere
1140 1356 1309 1392 dignoscitur
1322 1355 1333 1384 :'
1352 1358 1422 1394 quod
1437 1362 1581 1394 postquam
1597 1360 1685 1387 imre-

890 1402 1004 1429 ticorum
1019 1406 1178 1444 conventus,
1205 1402 1318 1431 Domino
1334 1408 1510 1439 cooperante,
1534 1412 1583 1440 per
1597 1395 1685 1432 eccle-

889 1448 1014 1477 siasticos
1037 1439 1219 1477 viros'vietus
1245 1454 1327 1486 atque
1340 1450 1479 1484 dispersus
1501 1455 1529 1479 et
1550 1451 1576 1479 in
1592 1451 1684 1487 fugam

888 1502 984 1522 versus
997 1494 1138 1522 catholicis
1152 1495 1281 1528 cesserit;
1302 1503 1349 1523 eos
1364 1503 1429 1523 vero
1443 1496 1488 1531 qui
1511 1496 1544 1525 de
1563 1496 1686 1526 Ecclesia

889 1543 923 1578 ab
939 1542 1003 1579 ipsis
1021 1542 1155 1570 haereticis
1169 1542 1194 1569 vi
1219 1542 1260 1569 vel
1281 1543 1456 1578 perversione
1472 1543 1604 1572 subtraeti
1625 1543 1684 1572 fue—

889 1593 960 1620 rant,
976 1595 1084 1615 rursum
1099 1588 1132 1614 ad
1155 1587 1302 1615 Ecclesiam
1325 1595 1340 1615 a
1355 1596 1408 1623 qua
1431 1588 1616 1616 discesserant
1641 1597 1686 1620 re.-

850 1622 873 1658 ο
889 1634 1012 1666 deuntes,
1032 1633 1153 1669 plerique
1164 1627 1329 1668 sacerdotes,
1343 1635 1430 1669 adhuc
1446 1635 1552 1663 diversa
1564 1630 1686 1664 sentien-

889 1685 930 1709 tes
946 1685 973 1709 et
989 1681 1017 1715 in
1038 1681 1119 1708 variis
1131 1673 1213 1712 sectis
1232 1675 1348 1714 seducti,
1364 1686 1410 1709 aut
1424 1682 1483 1713 illos
1494 1690 1562 1718 quos
1571 1683 1604 1710 de
1618 1683 1686 1718 ipsis

886 1726 1033 1761 hrercticis,
1050 1727 1127 1762 quasi
1149 1734 1215 1755 oves
1237 1732 1284 1755 aut
1297 1726 1391 1761 boves,
1420 1728 1453 1755 ad
1472 1719 1622 1756 Ecclesiam
1637 1722 1684 1756 ‘re-

888 1773 988 1801 ducere
1020 1773 1169 1808 potuerint,
1197 1773 1375 1808 baptizandus
1397 1772 1486 1800 denuo
1511 1772 1681 1806 decernunt:

885 1817 926 1848 sic
950 1820 1113 1855 quibusdam
1140 1820 1325 1848 sacerdotibus
1343 1819 1407 1847 olim
1426 1820 1514 1847 visum
1532 1819 1630 1853 fuerat,
1654 1821 1685 1848 ut

887 1866 921 1893 de
942 1865 1042 1894 haeresi
1060 1866 1093 1893 ad
1109 1865 1258 1893 Ecclesiam
1279 1858 1413 1898 conversi,
1440 1865 1537 1893 iterum
1559 1865 1683 1902 baptizaL

885 1911 993 1944 rentur,
1008 1911 1080 1940 sicut
1102 1911 1204 1939 faciunt
1222 1908 1370 1940 Donatistae
1383 1912 1521 1940 haeretici:
1540 1911 1612 1948 quod
1627 1910 1682 1940 util

887 1966 939 1994 que
955 1957 1078 1985 illicitum
1093 1961 1144 1990 est,
1170 1965 1217 1986 eos
1232 1959 1276 1993 qui
1291 1958 1374 1986 semel
1389 1958 1472 1986 abluti
1493 1963 1568 1992 sunt,
1594 1954 1683 1988 denuo

886 1996 1037 2040 baptizare,
1054 2008 1100 2031 aut
1112 2008 1187 2031 certe
1203 2004 1340 2031 conversis
1353 2011 1385 2031 ex
1399 2004 1561 2040 gentilitate,
1579 2001 1682 2040 nequai

887 2040 969 2086 quam
1002 2049 1149 2077 secundum
1176 2049 1388 2078 ecclesiasticam
1413 2051 1543 2086 regulam,
1578 2044 1682 2091 rectum

884 2096 1051 2135 [baptismum
1070 2096 1185 2124 tradere.
1202 2095 1276 2130 Quos
1291 2101 1379 2124 tamen
1395 2096 1521 2125 Christus
1534 2097 1681 2134 Dominus,

887 2141 959 2168 velut
972 2141 1047 2174 Saul,
1063 2149 1112 2177 per
1123 2142 1326 2170 ecclesiasticos
1337 2142 1411 2170 viros
1426 2144 1459 2170 ad
1474 2143 1605 2172 unitatem
1620 2143 1683 2173 fidei

887 2191 996 2215 revocat
1017 2187 1044 2215 in
1061 2187 1113 2217 fide
1127 2196 1186 2220 sua,
1205 2187 1282 2222 cujus
1301 2188 1414 2225 ﬁguram
1433 2189 1501 2225 lapis
1514 2190 1559 2218 ille
1571 2192 1683 2227 grandis

885 2227 1079 2268 przetendebat,
1104 2234 1149 2270 qui
1164 2241 1258 2262 omnes
1273 2235 1415 2263 credentes
1428 2235 1565 2271 baptizari
1579 2245 1683 2272 prmce-

887 2279 936 2314 pit.
956 2279 1021 2306 Nam
1035 2280 1105 2314 quod
1121 2285 1285 2315 praeceptum
1301 2284 1370 2313 erat,
1386 2286 1416 2308 ut
1429 2289 1507 2309 ovem
1520 2282 1562 2311 vel
1580 2282 1678 2311 bovem

889 2324 930 2352 vel
945 2324 1084 2360 quodlibet
1097 2325 1207 2360 animal,
1222 2326 1293 2361 quod
1307 2325 1421 2353 Domino
1436 2326 1611 2361 offerebatur,
1628 2336 1685 2357 non

883 2365 915 2398 in
931 2370 1029 2398 castris
1053 2370 1239 2404 immolarent,
1264 2372 1312 2399 sed
1335 2372 1369 2399 ad
1392 2372 1491 2402 ostium
1513 2371 1682 2402 tabernaculi

889 2417 1014 2445 universa
1024 2416 1200 2450 adducerent,
1226 2423 1307 2453 prout
1321 2419 1444 2454 superius
1454 2420 1631 2454 ostendimus,
1655 2426 1684 2449 et

886 2455 926 2501 ibi
952 2463 1042 2491 omnia
1067 2463 1233 2502 occiderent,
1258 2468 1336 2500 typos
1356 2465 1534 2494 adumbrabat
1566 2465 1680 2494 futuros‘.

890 2508 967 2543 Quod
980 2508 1052 2536 enim
1079 2508 1106 2536 in
1118 2508 1176 2545 lege
1199 2509 1311 2543 ostium,
1331 2510 1383 2538 hoc
1405 2511 1449 2538 hic
1464 2511 1559 2547 ingens
1574 2510 1682 2545 saxum,

885 2554 938 2584 hoc
949 2555 1039 2584 unitas
1053 2555 1114 2583 fidei
1127 2556 1152 2583 in
1164 2555 1273 2584 Christo
1288 2557 1431 2593 significat.
1460 2557 1525 2584 Nam
1540 2558 1609 2584 sicut
1633 2566 1683 2593 per

883 2597 951 2631 oves
970 2607 999 2633 et
1011 2603 1092 2630 boves
1105 2607 1133 2630 ct
1143 2603 1242 2630 vitulos
1258 2607 1285 2630 et
1299 2605 1408 2636 arietes,
1425 2604 1545 2631 diversos
1558 2604 1682 2631 homines

882 2649 921 2677 'ad
948 2649 1027 2678 [idem
1050 2649 1190 2679 venientes
1214 2649 1358 2685 signiﬁcat,
1384 2650 1418 2677 ita
1448 2657 1497 2684 per
1517 2648 1682 2677 oecisionem

880 2690 1054 2728 animalium,
1082 2695 1220 2723 lavacrum
1252 2695 1466 2731 regenerationis
1493 2695 1623 2724 insinuat.
1651 2695 1681 2724 in

881 2737 943 2779 'quo
960 2742 1104 2781 baptismo,
1126 2742 1199 2770 velut
1217 2743 1354 2779 quodlibet
1374 2741 1483 2773 animal,
1509 2746 1585 2771 vetus
1600 2743 1682 2771 homo

880 2784 1016 2821 moritur,
1037 2793 1064 2816 et
1078 2797 1163 2816 novus
1176 2789 1302 2824 resurgit.
1332 2788 1369 2815 illi
1392 2789 1464 2815 cnim
1488 2788 1598 2817 eosdem
1621 2797 1681 2817 cre-

889 2835 987 2864 dentes
999 2835 1075 2870 quasi
1088 2835 1163 2862 divcr
1180 2843 1194 2862 a
1213 2826 1351 2865 animalia,
1379 2839 1407 2860 ut
1422 2835 1521 2862 dictum
1537 2840 1587 2869 est,
1609 2827 1682 2875 occi-

882 2874 991 2913 dentes,
1007 2889 1088 2916 super
1102 2885 1201 2908 terram
1212 2888 1273 2907 cum
1285 2888 1414 2914 sanguine
1424 2881 1576 2913 COIllt‘illlil,
1591 2883 1635 2917 qui
1653 2874 1679 2909 in

888 2927 977 2955 varias
988 2931 1075 2954 sectas
1087 2927 1175 2958 divisi,
1188 2927 1214 2952 in
1227 2926 1329 2953 unitate
1344 2928 1357 2952 li
1369 2927 1413 2958 .‘ei,
1427 2927 1493 2953 sicut
1507 2931 1680 2963 opm-(etmo—
