3970 6332
2381 212 2433 226 δ”-
2479 219 2530 232 ...
2543 221 2588 233 -η

657 310 779 380 ωδ
1700 311 2057 373 amoenum
2095 311 2557 373 LUXOVIENSIS
2595 295 2904 377 nossent
2943 324 2946 326 τ
3755 339 3812 404 ω,
3852 349 3853 370 γ

661 435 942 529 quaquam
965 423 1269 529 baptizant.
1295 429 1444 529 Quos
1463 427 1653 503 utique
1669 427 1826 529 quasi
1855 442 1979 483 cum
1997 425 2264 529 sanguine
2289 431 2342 494 Α
2441 445 2468 529 ε
2505 429 2756 529 Dixitque
2803 428 2935 529 Saul
2981 429 3163 529 Cium
3197 451 3212 490 :
3250 433 3428 529 Abite,
3478 446 3692 516 recedite,
3723 463 3813 529 atq.

671 525 996 591 comedunt,
1045 525 1174 583 dum
1211 525 1332 582 illos
1357 523 1562 596 absque
1601 519 1840 596 perfecta
1887 519 2270 592 puriﬁcatione
2372 540 2392 574 ‹
2436 521 2746 580 descendite
2773 523 2843 607 ab
2875 523 3112 607 Amalec,
3148 541 3216 583 ne
3263 527 3402 585 forte
3448 519 3811 607 involvamno}.

665 626 1020 696 peccatorum
1071 619 1174 675 sibi
1203 624 1520 690 aggregant.
1562 614 1708 684 Quos
1760 613 1907 669 velut
1954 613 2254 681 comedunt,

2366 617 2529 696 eeo,
2558 621 2578 655 ι
2639 611 2696 658 et
2720 602 2948 696 reliqua.
3000 603 3213 663 Cinteus
3236 607 3348 680 ipse
3370 619 3449 666 est
3471 611 3634 671 Jethm
3654 602 3812 695 ωειηῷ

671 693 800 762 dum
831 721 891 763 se
925 721 1050 762 cum
1087 706 1192 762 illis
1220 722 1387 762 unum
1422 718 1619 775 corpus
1663 701 1918 758 eﬂiciunt.
1960 701 2220 773 Sequitur
2247 717 2265 758 :
2365 693 2559 768 Moysi,
2581 695 2646 750 de
2665 694 2817 766 cujus
2836 710 3034 768 genere
3054 709 3212 755 erant
3234 699 3423 769 Cinzei,
3446 705 3529 775 qui
3547 693 3811 777 descendenti

747 817 770 853 ι
814 797 1130 858 Ediﬂcavit
1163 810 1344 855 autem
1367 795 1498 855 Saul
1527 795 1700 852 altare
1723 783 1974 850 Domino.
2006 793 2269 864 Tuncque
2364 785 2434 843 ad
2470 786 2711 856 AmaleC.
2738 797 2793 845 et
2814 789 3132 846 habitabant
3160 806 3286 849 eum
3306 808 3391 860 eo,
3422 795 3509 866 qui
3534 799 3809 871 utiqueeomn

674 913 698 950 ε
743 895 976 970 primum
1007 891 1460 969 ccepitaediﬂcare
1477 889 1649 947 altare
1668 888 1918 946 Domino.
1949 907 1968 942 ι
2004 886 2268 944 Hebraeus
2363 883 2803 952 consanguineus
2865 889 3004 949 erat,
3046 891 3101 938 et
3139 883 3502 942 hereditatem
3545 890 3592 946 in
3621 895 3708 964 eius
3735 908 3810 958 tem
3853 900 3855 956 1

604 937 780 1058 ἔνθα
815 985 1000 1054 habet,
1053 987 1306 1058 primum,
1361 984 1589 1042 sicut",
1617 981 1941 1056 quibusdam
1989 981 2266 1038 codicibus
2364 971 2656 1028 habebant.
2718 972 3144 1032 Misericordiam
3199 989 3328 1032 vero
3381 977 3578 1037 Cinaeus
3633 1001 3722 1043 cum
3747 991 3810 1049 ﬁlii
3854 959 3855 972 χ

601 1067 624 1156 ξ
663 1079 918 1157 legimus.
972 1079 1126 1138 Unde
1159 1079 1530 1153 quaerendum,
1569 1093 1695 1136 cum
1737 1085 1862 1134 ante
1888 1075 2100 1148 legatur
2135 1073 2266 1130 :edi-
2362 1063 2770 1157 lsrael__fecisse
2815 1067 3039 1134 dicitur.
3110 1068 3227 1126 sive
3265 1070 3389 1141 quia
3443 1071 3636 1145 Moysen
3669 1079 3810 1141 fmilia

665 1155 863 1233 ﬂcasse
884 1173 1075 1242 altare,
1102 1173 1319 1246 quando
1345 1189 1378 1228 a
1401 1170 1654 1228 Samuele
1692 1171 2005 1240 increpatus
2031 1176 2139 1234 est,
2165 1182 2267 1224 cur
2363 1163 2510 1213 terra
2539 1155 2774 1224 Madian,
2813 1159 2928 1216 sive
2959 1159 3085 1232 quia
3113 1160 3400 1216 consilium
3431 1163 3559 1219 dedit
3587 1165 3730 1240 Moysi,
3749 1187 3812 1240 qu

617 1248 624 1266 τ
663 1269 759 1328 hic
803 1268 1024 1333 dicitur,
1075 1265 1234 1322 Tune
1271 1267 1439 1338 cmpit
1487 1264 1760 1321 aediﬁcare
1803 1262 2038 1335 primum
2091 1259 2254 1316 altare

2359 1247 2491 1305 liter
2518 1249 2916 1306 multitudinem
2947 1249 3128 1323 populi
3169 1251 3490 1322 gubernaret
3535 1254 3809 1330 (Exod.an

619 1419 626 1424 ,
663 1359 932 1416 Ι)οωίηοῖ
975 1358 1083 1415 Sed
1110 1357 1394 1415 sciendum
1425 1363 1511 1412 est
1542 1354 1843 1414 aediﬁcasse
1866 1352 2016 1408 illum
2065 1350 2254 1420 altare,

2438 1357 2460 1392 ι
2499 1338 2818 1396 Nuntiatum
2866 1351 2950 1399 est
2983 1341 3220 1399 Samueli
3255 1357 3322 1400 eo
3360 1345 3496 1415 quod
3532 1348 3721 1404 venisset
3747 1350 3812 1407 Su]

665 1451 761 1509 sed
795 1451 922 1523 quia
949 1449 1330 1506 inobedienter
1373 1447 1504 1504 illud
1533 1445 1844 1512 aediﬁcavit,
1895 1460 2004 1500 non
2032 1442 2264 1500 Domino
2370 1450 2392 1486 ε
2435 1431 2490 1523 ili
2529 1431 2859 1500 Carlnelum.
2909 1443 2966 1490 et
2998 1436 3270 1494 erexisset
3312 1437 3414 1494 sibi
3458 1436 3680 1495 fornicem
3712 1443 3811 1496 trium-

661 1542 962 1600 adiflcasse
994 1539 1333 1614 intelligitur.
1403 1537 1503 1594 Hic
1540 1545 1724 1594 autem
1767 1535 1896 1607 quia
1944 1533 2264 1590 obedienter

661 1642 718 1692 et
745 1641 895 1692 recte
939 1632 1071 1690 illud
1106 1630 1419 1698 adiﬁcavit,
1462 1629 1691 1687 Domino
1743 1625 2043 1685 aediﬁcasse
2078 1624 2262 1698 perhi-

659 1723 844 1783 betur.

2365 1522 2613 1595 phalem.
2654 1543 2674 1577 ι
2730 1524 3079 1584 Consuetudo
3114 1537 3240 1584 erat
3285 1544 3489 1602 regum,
3531 1540 3583 1586 ut
3607 1533 3810 1604 quandovi-

2362 1618 2534 1676 ctoria
2559 1619 2929 1691 potiebantur,
2981 1621 3225 1679 facerent
3262 1637 3465 1690 arcum,
3501 1623 3590 1681 hoc
3611 1636 3691 1692 est,
3720 1626 3811 1683 forni-
3856 1631 3857 1640 ‘

2360 1728 2478 1770 cem
2506 1714 2575 1770 de
2595 1716 2844 1788 myrtetis
2887 1725 2942 1773 et
2970 1717 3166 1789 palmis
3211 1726 3270 1773 et
3294 1715 3472 1785 olivis,
3515 1719 3577 1774 ob
3600 1720 3751 1792 signum
3774 1721 3812 1776 ri-

739 1836 760 1871 a
809 1816 1061 1887 Dixitque
1083 1813 1215 1871 Saul
1241 1813 1308 1870 ad
1335 1812 1594 1887 populum
1624 1826 1642 1868 :
1672 1811 1961 1884 Applicare
1989 1811 2097 1867 huc
2127 1808 2256 1864 uni-
2284 1799 2332 1864 Β
2359 1807 2568 1874 ctorize,
2611 1817 2772 1881 prout
2803 1809 3131 1881 quibusdam
3167 1811 3400 1867 videtur.
3451 1811 3677 1868 Caeterum
3706 1813 3811 1883 siquis

667 1926 688 1963 ι
733 1923 922 1965 versos
943 1906 1168 1981 angulos
1195 1905 1398 1979 populi.
1433 1924 1454 1958 ι
1479 1903 1722 1977 Angulus
1747 1903 1954 1976 populi,
1977 1901 2254 1976 principes

661 2001 851 2075 populi
885 2009 1064 2067 vocat,
1116 1999 1312 2073 quibus
1356 1999 1499 2055 idem
1538 1997 1786 2072 populus,
1831 2006 2088 2070 tanquam
2119 1993 2256 2066 lapi-

663 2095 826 2151 dibus
876 2093 1002 2151 hinc
1049 2091 1176 2148 inde
1219 2093 1460 2166 parietes
1503 2091 1849 2157 inhaererent,
1920 2088 2252 2145 adhaerebat.

657 2185 868 2244 Deinde
892 2185 1139 2257 sequitur
1168 2202 1183 2240 :
1233 2185 1480 2254 Qualiter
1527 2193 1732 2241 sortem
1756 2183 2024 2239 mittendo
2053 2181 2254 2254 depre-

655 2275 863 2336 hensus
885 2286 970 2333 est
1015 2275 1299 2334 lonathas.
1345 2275 1501 2332 Unde
1534 2286 1590 2332 et
1615 2275 1694 2331 ait
1719 2274 1851 2331 Saul
1881 2294 1895 2332 :

734 2389 755 2424 ε
801 2368 932 2426 Haec
959 2369 1126 2426 faciat
1153 2369 1285 2425 mihi
1309 2369 1453 2426 Deus
1472 2377 1529 2425 et
1551 2369 1665 2424 haec
1693 2368 1875 2432 addat,
1917 2367 2046 2439 quia
2077 2378 2256 2426 morte

667 2476 689 2513 ι
730 2459 1003 2524 morieris,
1063 2456 1316 2514 Jonatha.
1381 2458 1634 2529 Dixitque
1671 2457 1904 2530 populus
1961 2458 2029 2514 ad
2078 2457 2251 2514 Saul:

663 2570 686 2604 ι
729 2553 942 2626 Ergone
970 2551 1232 2609 Jonathas
1268 2553 1534 2609 morietur
1579 2553 1671 2624 qui
1705 2551 1832 2608 fecit
1857 2553 2086 2610 salutem
2113 2553 2256 2610 hanc

665 2659 687 2695 ο
733 2643 984 2712 magnam
1014 2641 1068 2698 in
1097 2641 1306 2710 Israel;
1357 2641 1464 2698 hoc
1501 2640 1654 2698 nefas
1681 2650 1786 2697 est.
1826 2640 2102 2698 Liberavit
2125 2657 2256 2710 ergo

669 2752 692 2788 ι
737 2733 965 2808 populus
1015 2733 1306 2790 Jonatbam
1369 2743 1432 2790 ut
1479 2749 1587 2790 non
1637 2743 1961 2790 moreretur.
2031 2753 2050 2787 ι
2117 2732 2254 2789 Nota

658 2833 922 2898 quantum
969 2823 1183 2895 prosint
1235 2832 1509 2880 transacta
1551 2825 1688 2881 bona
1772 2834 1966 2882 contra
2007 2825 2260 2896 quaelibet

657 2910 884 2968 minima
924 2909 1150 2966 offensa.
1193 2909 1308 2967 Nisi
1333 2911 1477 2967 enim
1509 2909 1797 2968 Ionatham
1834 2912 2110 2982 praeterita
2160 2911 2256 2968 ad-

657 2999 956 3073 }uvissent,
1031 3002 1374 3059 imminentia
1427 3002 1568 3058 mala
1625 3018 1966 3073 nequaquam
2021 3003 2254 3060 evadere

657 3088 941 3182 potuisset.
984 3092 1099 3149 Non
1123 3095 1268 3150 enim
1299 3093 1531 3164 iniustus
1553 3103 1637 3151 est
1673 3095 1835 3162 Deus,
1877 3102 1938 3151 ut
1965 3095 2252 3152 oblivisda.

664 3191 754 3239 tur
783 3185 1051 3240 bonorum
1076 3183 1377 3255 cujuspiam
1406 3197 1656 3254 operum.

1255 3274 1484 3332 CAPUT
1523 3275 1638 3331 XV.

657 3353 664 3462 ξ
737 3405 758 3439 ο
806 3385 1059 3458 Dixitque
1097 3385 1325 3442 Samuel
1377 3385 1445 3442 ad
1471 3384 1643 3442 Saul:
1692 3383 1777 3442 Me
1799 3385 1950 3442 misit
1991 3385 2256 3445 Dominus

666 3504 686 3539 ι
733 3494 794 3541 ιιι
815 3497 1073 3558 nngerem
1094 3492 1148 3540 te
1166 3483 1220 3540 in
1244 3497 1426 3558 regem
1448 3498 1614 3554 super
1644 3481 1898 3554 populum
1928 3480 2046 3551 ejus
2071 3482 2251 3539 Israel.

669 3599 690 3634 ι
736 3579 891 3637 Nunc
937 3586 1120 3635 autem
1165 3577 1290 3632 audi
1332 3591 1522 3634 vocem
1551 3576 1760 3632 Domini
1791 3593 1804 3631 :
1835 3575 1962 3632 Haec
1988 3575 2120 3632 dicit
2155 3575 2257 3630 Do-

666 3694 687 3728 c
731 3657 920 3730 minus
964 3671 1301 3728 exercituum
1341 3684 1357 3726 :
1405 3669 1673 3726 Recensui
1725 3683 2061 3741 quaecunque
2125 3668 2256 3724 fecit

664 3779 690 3816 ρ
731 3760 954 3818 Amalec
978 3758 1184 3827 lsraeli,
1212 3768 1344 3824 etc.,
1375 3778 1396 3813 ι
1425 3774 1705 3832 usquequo
1731 3759 1844 3815 ait:
1883 3781 1903 3812 ι
1932 3757 2047 3816 Non
2061 3773 2257 3832 parcas

664 3873 688 3909 c
732 3855 783 3912 ei
810 3861 865 3911 et
886 3869 992 3909 non
1023 3851 1376 3924 concupiscas
1397 3867 1466 3908 ex
1494 3851 1656 3908 rebus
1681 3848 1852 3924 ipsius
1881 3850 2110 3922 aliquid,
2160 3849 2256 3906 sed

664 3963 690 3995 ι
736 3943 986 4002 interfice
1030 3958 1062 3999 a
1091 3942 1208 4000 viro
1237 3956 1409 4014 usque
1433 3941 1499 3997 ad
1530 3942 1830 4008 mulierem,
1882 3950 1938 3998 et
1971 3939 2255 4012 parvulum

667 4054 690 4090 ι
732 4043 898 4107 atque
923 4035 1214 4092 lactentem
1251 4034 1467 4099 bovem,
1515 4041 1571 4088 et
1589 4031 1856 4088 camelum
1880 4041 1936 4088 et
1954 4031 2188 4087 asinum.
2227 4050 2248 4086 ι

657 4126 975 4186 Beeensere
1021 4125 1223 4181 dicitur
1253 4124 1396 4180 Deus
1449 4122 1591 4180 mala
1618 4124 2065 4191 Amalecitarum,
2110 4124 2256 4180 sicut

657 4233 762 4294 per
787 4217 1007 4292 Moysen
1045 4216 1173 4272 olim
1204 4215 1257 4272 in
1279 4215 1396 4288 lege
1421 4215 1841 4288 praenuntiatum
1873 4215 2070 4272 fuerat.
2101 4213 2255 4271 Unde

660 4308 788 4366 ideo
807 4307 1056 4378 iumenta
1076 4307 1296 4364 Amalec
1317 4305 1482 4364 Israel
1521 4307 1780 4363 Dominus
1807 4307 2052 4363 demoliri
2076 4305 2252 4378 jubet,

657 4410 721 4458 ut
745 4417 846 4458 nec
883 4401 936 4458 in
974 4398 1238 4471 iumentis
1281 4400 1539 4456 memoria
1576 4399 1748 4454 ﬂeret.
1799 4399 2058 4456 Dominus
2105 4398 2254 4456 enim

667 4493 888 4550 dixerat
945 4506 1005 4548 se
1048 4491 1354 4548 deleturum
1403 4491 1721 4547 memoriam
1770 4489 1993 4547 Amalec
2042 4490 2109 4546 de
2153 4490 2254 4546 sub

660 4584 806 4644 caelo
833 4603 848 4640 :
880 4581 1082 4641 idcirco
1101 4583 1416 4656 praecipitur
1427 4582 1600 4649 Sauli,
1625 4592 1686 4638 ut
1704 4598 1824 4640 eam
1845 4583 2060 4654 penitus
2073 4584 2140 4639 ab
2163 4583 2256 4638 ho-

658 4677 812 4738 mine
845 4691 1020 4750 usque
1054 4675 1124 4732 ad
1145 4675 1392 4749 iumenta
1425 4673 1651 4732 deleret.
1702 4671 1770 4732 Et
1815 4673 1943 4745 quia
1977 4671 2094 4743 ejus
2139 4689 2256 4730 me-

659 4767 838 4827 moria
865 4767 1084 4841 penitus
1128 4766 1306 4823 deleta
1335 4781 1442 4822 non
1473 4764 1599 4832 fuit,
1651 4763 1833 4822 Saulis
1868 4773 2152 4837 peccatum
2195 4774 2256 4823 et

659 4852 1029 4918 inobedientia
1051 4858 1107 4915 in
1130 4873 1296 4915 causa
1323 4857 1550 4924 exstitit,
1599 4857 1739 4913 sicut
1764 4870 1996 4928 sequens
2021 4855 2252 4914 historia

659 4952 920 5011 ostendit.
965 4951 1045 5008 De
1073 4965 1184 5023 quo
1218 4949 1520 5007 Amalecita
1571 4949 1626 5006 in
1652 4949 1794 5007 libro
1842 4947 2249 5006 Deuteronotnii

661 5044 866 5102 dicitur
893 5059 909 5100 :
942 5042 1276 5102 elemento
1308 5043 1453 5116 quod
1484 5041 1674 5100 fecerit
1709 5041 1805 5099 tibi
1841 5039 2062 5100 Amalec
2086 5041 2138 5098 in
2166 5042 2255 5100 via

662 5135 883 5211 quando
911 5135 1278 5211 egrediebaris
1300 5151 1369 5194 ex
1393 5134 1658 5210 Egypto,
1687 5139 1960 5208 quomodo
1994 5151 2254 5194 oecurre-

667 5229 744 5289 rit
773 5237 833 5287 et
864 5239 1140 5290 extremos
1177 5229 1412 5304 agminis
1455 5230 1559 5297 tui,
1607 5231 1698 5302 qui
1733 5230 1865 5288 lassi
1919 5228 2253 5299 residebant,

648 5311 926 5378 ceciderit
946 5319 1126 5396 (Deut.
1155 5320 1306 5396 xxv).
1356 5340 1377 5375 ι
1426 5319 1630 5380 Lassus
1656 5321 1748 5380 hic
1769 5321 1980 5381 Hebraei
2022 5323 2257 5381 immun-

663 5409 1080 5471 dossecundum
1101 5414 1297 5490 legem,
1339 5423 1497 5472 extra
1529 5425 1712 5473 castra
1743 5424 2027 5475 manentes
2054 5417 2255 5475 intelli-

664 5513 820 5578 gunt.
849 5504 998 5575 Quos
1017 5507 1282 5564 cecidisse
1323 5506 1637 5565 Amalecitaa
1667 5508 1947 5575 dicuntur,
1982 5509 2132 5582 quia,
2179 5509 2254 5566 si-

664 5603 764 5652 cut
790 5595 892 5668 ipsi
934 5599 1171 5666 tradunt,
1206 5615 1393 5658 eorum
1423 5599 1912 5659 circumcisionem'
1942 5609 2254 5675 amputave-

664 5697 833 5806 mi;
859 5692 1005 5750 etin
1053 5695 1556 5806 subsannatiouetu1
1587 5695 1685 5772 Dei
1745 5695 1798 5777 in
1839 5695 2036 5756 caelum
2074 5694 2256 5786 proje-

661 5773 676 5784 ι

2355 1917 2540 1958 arcum
2566 1917 2632 1964 ex
2658 1901 2928 1975 lapidibus
2956 1904 3266 1978 intelligere
3299 1905 3541 1975 voluerit,
3566 1907 3610 1963 in
3630 1924 3708 1979 quo
3723 1909 3811 1963 victo

2354 1994 2493 2052 riam
2519 2010 2672 2050 suam
2713 2011 2864 2052 more
2888 2012 3076 2070 regum
3118 1999 3454 2071 depinxerat,
3479 2015 3572 2055 non
3598 1999 3809 2062 inhibeant.

2355 2089 2452 2145 sed
2496 2088 2837 2160 potissimum
2888 2091 3281 2156 consentimus,
3326 2092 3449 2164 quia
3479 2092 3528 2148 in
3557 2091 3812 2148 Salomonelr

2355 2181 2533 2254 gimus
2559 2201 2574 2237 :
2632 2201 2649 2233 ι
2684 2181 2977 2254 Dissipabit
3007 2184 3202 2256 impios
3232 2201 3326 2241 rex
3359 2186 3580 2256 sapiens,
3602 2194 3645 2243 et
3670 2187 3810 2242 cumbit

2357 2287 2521 2344 super
2546 2286 2646 2328 eos
2674 2269 2942 2328 fornicem
2969 2273 3154 2346 (Prov.
3178 2275 3296 2347 xx).
3335 2296 3354 2331 ι
3402 2276 3546 2345 Quod
3567 2277 3654 2333 alia
3680 2276 3810 2331 transla-

2357 2365 2433 2422 tio
2465 2382 2484 2417 ι
2538 2375 2716 2421 rotam
2758 2365 3021 2424 molarem
3048 2387 3068 2420 ι
3119 2363 3286 2434 dicit;
3337 2368 3391 2425 in
3428 2384 3529 2440 quo
3563 2368 3620 2424 ad
3659 2377 3810 2423 aeternam

2356 2460 2673 2515 memoriam
2728 2460 2916 2517 laudes
2967 2476 3033 2518 ac
3076 2462 3338 2519 victorias
3374 2478 3494 2520 suas
3533 2477 3664 2534 reges
3691 2459 3808 2516 descri-
3857 2459 3859 2522 l

2356 2547 2575 2605 hebant.

2435 2655 2454 2690 ‹
2498 2640 2588 2695 Ait
2627 2650 2807 2697 autem
2840 2641 3060 2700 Samuel
3091 2647 3162 2702 ad
3191 2644 3364 2703 Saul:
3397 2644 3518 2702 Sine
3548 2659 3640 2709 me,
3677 2651 3716 2698 et
3734 2640 3806 2696 indi-

2363 2748 2383 2782 ι
2423 2731 2558 2786 cabo
2587 2731 2681 2787 tibi
2727 2739 2847 2804 quae
2884 2733 3096 2792 locutus
3125 2738 3200 2794 sit
3252 2737 3504 2793 Dominus
3531 2735 3588 2791 ad
3615 2749 3682 2791 me
3713 2741 3808 2787 nocte

2362 2841 2381 2873 ι
2427 2821 2678 2894 Dixitque
2729 2824 2778 2879 ei
2826 2842 2840 2880 :
2886 2824 3155 2898 Loquere.
3199 2828 3265 2884 Et
3302 2828 3379 2884 ait
3429 2825 3665 2884 Samuel:
3706 2821 3809 2877 Nonne

2363 2933 2382 2966 ι
2429 2931 2551 2970 cum
2582 2917 2840 2986 parvulus
2862 2935 3012 2977 esses
3037 2921 3091 2976 in
3128 2923 3305 2980 oculis
3333 2923 3455 2988 tuis,
3509 2919 3702 2992 caputin
3720 2915 3810 2970 tribu-

2363 3022 2382 3055 ‹
2427 3003 2526 3060 bus
2564 3004 2727 3062 Israel
2774 3006 2950 3066 factus
2987 3013 3087 3068 es?
3122 3034 3141 3068 ι
3195 3013 3332 3083 Quid
3371 3029 3465 3086 per
3506 3009 3805 3080 increpatione

2356 3096 2521 3164 hanc,
2571 3099 2674 3156 nisi
2721 3103 2971 3173 superbia
3005 3105 3132 3162 elati
3163 3108 3308 3180 regis
3351 3105 3622 3178 obiicitur?
3649 3099 3751 3172 Quod
3773 3096 3806 3150 ad
3859 3109 3861 3120 '

2281 3172 2330 3238 ο
2362 3192 2760 3249 correctionem
2791 3172 2944 3251 suam
2968 3199 3172 3270 poterit
3205 3172 3430 3272 quisque
3455 3200 3538 3272 qui
3572 3196 3810 3270 praelatum

2359 3294 2696 3342 convertere.
2755 3287 3047 3346 Parvulum
3076 3307 3134 3348 se
3178 3293 3308 3351 Saul
3354 3294 3406 3350 in
3430 3293 3534 3349 suis
3566 3291 3686 3364 prius
3715 3283 3809 3341 oculis

2357 3378 2588 3444 viderat,
2620 3381 2714 3437 sed
2750 3381 2915 3439 fultus
2954 3385 3238 3457 temporali
3282 3387 3534 3461 potentia,
3557 3384 3650 3454 iam
3684 3396 3724 3435 se
3748 3390 3810 3448 Pi"

2356 3469 2539 3526 vulum
2570 3487 2677 3528 non
2709 3474 2946 3532 videbat.
3003 3477 3340 3537 Caeterorum
3388 3491 3601 3550 namque
3639 3480 3810 3538 comp“

2360 3567 2492 3622 tioni
2531 3583 2592 3626 se
2619 3569 2935 3642 praeferens,
2977 3575 3103 3646 quia
3149 3577 3273 3647 plus
3301 3576 3504 3634 cunctis
3538 3576 3716 3646 poterat,
3749 3577 3808 3618 111³·
3861 3567 3863 3638 Ῑ

2356 3675 2520 3730 gnum
2548 3675 2607 3718 se
2635 3677 2745 3736 pra:
2768 3666 3355 3725 omnibusaestimahat.
3388 3667 3515 3724 Miro
3545 3672 3686 3720 autem
3709 3653 3808 3715 modo.

2355 3766 2480 3808 cum
2527 3754 2667 3824 apud
2713 3769 2771 3810 se
2818 3757 3097 3828 parvulus,
3151 3761 3295 3832 apud
3343 3757 3604 3816 Dominum
3639 3759 3802 3820 magnus:

2356 3859 2482 3900 cum
2525 3859 2658 3902 vero
2707 3849 2851 3917 apud
2901 3864 2960 3905 se
3003 3867 3238 3924 magnus
3287 3849 3544 3925 apparuit,
3580 3843 3690 3916 apud
3719 3836 3809 3892 Dem!

2356 3936 2618 4007 parvulus
2647 3936 2768 3994 fuit.
2805 3938 3133 4013 Plerumque
3169 3961 3302 4016 ergo
3336 3943 3457 3998 dum
3479 3956 3541 3996 ex
3567 3931 3809 4001 subjectum

2355 4027 2625 4086 afﬂuentia
2673 4033 2887 4091 animus
2911 4034 3150 4101 inﬂatur,
3203 4039 3256 4094 in
3301 4037 3477 4093 luxum
3511 4026 3719 4102 superbi:
3749 4021 3810 4086 il’so

2355 4123 2610 4194 potentiae
2663 4124 2880 4200 fastigio
2943 4128 3286 4187 lenocinante
3348 4123 3684 4195 corrumpitur.
3726 4105 3809 4178 θυοδ

2356 4214 2506 4272 Sauli
2530 4217 2822 4288 contigisse
2849 4220 3072 4286 dicitur,
3107 4223 3194 4278 cui
3215 4236 3269 4280 et
3284 4222 3507 4278 dicitur:
3544 4236 3561 4269 ι
3593 4210 3808 4288 Nonnewnl

2353 4306 2610 4378 parvulus
2635 4286 2784 4364 esses
2807 4310 2860 4365 in
2880 4312 3052 4369 oculis
3074 4314 3200 4381 tuis,
3238 4323 3395 4386 caput
3415 4314 3465 4367 in
3487 4305 3689 4365 tribubus
3715 4286 3806 4386 Israel

2357 4400 2530 4456 factus
2565 4402 2668 4457 es?
2716 4421 2734 4454 ι
2779 4403 2907 4460 Acsi
2938 4405 3213 4462 diceretur
3255 4381 3423 4462 :Cum
3459 4412 3506 4457 tu
3553 4408 3596 4453 te
3637 4381 3809 4478 Fami"?

2359 4493 2724 4563 conspiceres,
2757 4510 2858 4568 ego
2896 4505 2949 4553 te
2977 4513 3089 4569 prta
3118 4500 3330 4556 caeteris
3360 4505 3595 4565 maguum
3622 4482 3713 4539 τπδ’
3735 4475 3808 4569 ΟΨ

2358 4599 2490 4640 vero
2521 4593 2578 4640 lu
2628 4595 2681 4642 te
2712 4568 3304 4662 magnttntwttspicis,
3351 4606 3380 4644 a
3403 4601 3484 4643 me
3511 4573 3714 4655 parvulus
3730 4568 3808 4662 este

2358 4675 2554 4730 maris.
2601 4675 2753 4733 Unde
2803 4693 2927 4734 cum
2970 4696 3002 4736 a
3035 4660 3290 4738 Samuele
3346 4678 3690 4746 increparetur,
3717 4660 3809 4751 qu"

2355 4783 2546 4826 vocem
2580 4770 2791 4826 Domini
2824 4787 2930 4828 non
2960 4774 3218 4842 audierit,
3268 4789 3333 4830 ex
3361 4773 3472 4843 ipso
3494 4745 3622 4822 lastu
3644 4745 3809 4850 ςιιρεξωξ

2355 4863 2658 4934 re"Pomm.
2705 4862 2935 4920 dicens:
2980 4885 2999 4918 ι
3036 4865 3148 4923 lmo
3179 4835 3355 4922 audivi
3378 4835 3549 4917 vocem
3588 4835 3809 4934 Dominit'd

2354 4951 2626 5009 ambulavi
2657 4954 2711 5012 in
2733 4955 2821 5012 via
2847 4971 2945 5028 per
2969 4974 3130 5028 quam
3164 4959 3309 5014 misit
3349 4970 3432 5011 me
3457 4944 3691 5006 Dominus.
3716 4949 3729 4983 ι
3751 4920 3809 5028 ηιξ

2355 5043 2467 5100 lum
2507 5047 2653 5102 enim
2687 5025 2859 5122 supra
2886 5025 3086 5106 malum
3133 5050 3346 5125 adjecit,
3377 5044 3495 5119 quia
3533 5035 3702 5106 culpam

2356 5155 2464 5196 non
2498 5140 2672 5196 solum
2701 5119 3000 5216 agnoscere
3027 5119 3279 5218 dignatus
3311 5152 3410 5208 est,
3443 5134 3528 5194 sed
3549 5129 3680 5218 etiam

2357 5233 2560 5290 hiendo
2609 5197 3280 5306 defenderestvuducit‘,”ae
3447 5233 3543 5288 hoc
3589 5197 3808 5277 defendeﬁdo

2358 5325 2741 5382 accumulavit.
2777 5325 3018 5399 Denique
3039 5327 3092 5384 in
3115 5329 3217 5386 hoc
3247 5325 3384 5400 quod
3405 5309 3677 5390 subiungi“

2437 5438 2457 5472 ι
2502 5418 2650 5476 'l'ulit
2695 5427 2876 5476 autem
2919 5389 3149 5492 populus
3186 5389 3452 5493 de-pl'iltda
3490 5389 3602 5465 δ”θδ
3625 5389 3807 5493 “Pw:

2366 5527 2388 5566 ς
2430 5510 2702 5585 primitias
2749 5481 2938 5567 eorum
2965 5481 3086 5582 que
3123 5481 3434 5572 casa'sunt.
3464 5509 3518 5557 1η
3547 5481 3729 5596 "PEDO?

2365 5620 2391 5659 ι
2431 5567 2582 5662 ἷηίιιο
2611 5605 2724 5663 Deo
2752 5619 2852 5661 suo
2883 5603 2939 5660 in
2975 5567 3233 5677 eum;
3272 5624 3292 5659 ι
3316 5567 3553 5659 nam
3579 5581 3713 5641 uice:
3741 5567 3808 5677 (ξ

2360 5654 2578 5776 {.083};
2611 5654 3560 5769 uage;;;;.':.1;"i.;.;m,....
3594 5677 3705 5734 sunt.
3748 5654 3806 5710 sv

2364 5797 2550 5870 quitur
2569 5814 2581 5850 τ
