3970 6332
69 313 193 374 305

1021 307 1278 369 ENARII.
1316 304 1383 367 IN
1425 308 1674 368 LIBROS
1706 306 1970 371 REGUII.
2012 339 2080 355 —-
2113 305 2182 368 IN
2220 306 2347 368 ω.
2386 309 2430 368 ι.

3260 306 3371 371 506

160 449 181 484 ι
227 425 303 485 Et
329 426 406 485 ait
426 420 681 483 Samuel:
712 422 965 497 Nunquid
990 424 1103 481 vult
1128 423 1389 481 Dominus
1426 422 1679 481 holocau-
1704 429 1756 490 Α
1782 424 2111 492 venientem,
2156 422 2444 480 Dominum
2489 421 2739 482 videlicet
2792 422 3091 494 Christum,
3128 426 3374 501 nciper

90 542 111 577 ι
157 530 250 578 sta
285 529 341 577 et
380 519 651 585 victimas,
685 526 879 573 etnon
916 517 1096 589 potius
1140 526 1203 573 ut
1237 516 1522 575 obediatur
1560 516 1679 574 voci

87 634 111 671 ι
154 612 422 671 Domini?
450 609 639 667 Melior
678 616 763 666 est
796 609 941 665 enim
970 609 1272 667 obedientia
1319 625 1483 683 quam
1526 609 1681 665 victi-

89 723 111 758 ι
155 719 307 771 mae;
338 712 395 759 et
434 698 741 756 auscultare
788 699 963 770 magis
1012 716 1174 773 quam
1221 699 1417 757 oll‘erre
1466 700 1679 770 adipem

88 815 111 853 s
154 797 417 853 arietum.
465 794 732 864 Quoniam
757 793 916 865 quasi
950 804 1229 864 peccatum
1262 791 1563 848 hariolandi
1593 801 1681 848 est

88 909 110 944 ι
154 903 492 963 repugnare,
544 897 601 944 et
631 886 787 957 quasi
823 885 1002 941 scelus
1043 884 1360 941 idololatriae
1400 884 1542 941 nolle
1581 899 1678 940 ac-

88 1003 107 1037 ι
148 983 461 1054 quiescere.
499 1000 519 1033 ι
566 978 665 1035 IIic
688 978 831 1035 enim
857 993 965 1034 non
995 975 1140 1033 aliud
1163 976 1341 1032 dicere
1369 991 1677 1047 possumus,

82 1074 192 1131 nisi
250 1072 580 1131 sententiam
621 1070 820 1127 summi
858 1069 1168 1126 tractatoris
1210 1085 1361 1141 papa:
1408 1068 1675 1143 Gregorii,

83 1185 255 1242 quam
299 1168 356 1225 in
386 1166 539 1223 libris
569 1164 853 1222 Moralium
902 1162 1180 1219 moraliter
1206 1178 1504 1235 exponens,
1551 1162 1680 1217 dum

80 1264 148 1320 de
178 1263 325 1321 bono
344 1261 664 1319 obedientia:
686 1265 1033 1322 tractaretur,
1072 1257 1320 1313 inseruit.
1352 1256 1443 1311 Ait
1480 1253 1625 1312 enim
1660 1270 1676 1310 :

77 1353 413 1413 Ohedientia
434 1352 669 1409 vietimis
687 1350 814 1423 jure
850 1350 1203 1422 praeponitur,
1250 1349 1377 1420 quia
1403 1363 1499 1421 per
1527 1346 1683 1402 victi-

80 1462 209 1505 mas
260 1445 438 1502 aliena
491 1459 640 1511 caro,
700 1457 799 1514 per
838 1440 1197 1498 obedientiam
1247 1455 1378 1495 vero
1431 1438 1681 1495 voluntas

78 1539 318 1612 propria
342 1546 635 1595 mactatur.
661 1532 836 1591 Tanto
865 1535 1032 1608 igitur
1064 1533 1293 1605 quisque
1321 1533 1483 1589 citius
1511 1533 1681 1589 Deum

77 1632 288 1703 placat,
332 1631 548 1702 quando
594 1637 719 1684 ante
754 1628 872 1699 ejus
916 1628 1121 1696 oculos,
1177 1640 1425 1697 repressa
1465 1625 1679 1683 arbitrii

79 1721 363 1794 superbia,
418 1720 597 1792 gladio
619 1718 873 1791 praecepti
915 1732 973 1774 se
1003 1715 1265 1773 immolat.
1310 1716 1429 1784 Quo
1458 1727 1678 1773 contra-

1778 514 2090 572 noluerunt.

1856 625 1875 660 ι
1917 605 2090 664 Porro
2116 607 2481 678 triumphator
2517 606 2572 662 in
2599 603 2764 665 Israel
2797 623 2906 665 non
2942 618 3134 682 parcet
3165 618 3223 665 et
3246 624 3371 684 pm-

1786 718 1807 755 r
1849 701 2092 756 nitudine
2113 717 2220 755 non
2247 698 2494 756 ﬂectetur
2525 719 2539 755 :
2577 713 2754 770 neque
2784 700 2931 756 enim
2976 701 3140 759 homo
3168 709 3278 770 est,
3314 709 3375 759 ut

1787 814 1807 853 ι
1851 795 2396 867 δεδιραεηίιθηιίςιιη.
2438 814 2458 849 ι
2512 793 2572 850 In
2601 793 2830 851 Hebraeo
2865 795 3101 869 legitur:
3132 814 3153 851 ι
3198 797 3373 855 Porro

1786 904 1806 939 ι
1849 885 2211 956 triumphator
2250 884 2413 941 Israel
2441 901 2546 942 non
2578 886 2890 943 mentietur.
2922 906 2942 941 ι
2985 887 3377 959 Triumphator

1778 964 1884 1036 iste
1918 978 2060 1034 Deus
2103 988 2207 1045 est,
2250 978 2337 1034 cui
2368 979 2548 1035 omnis
2577 981 2804 1035 victoria
2862 988 3012 1037 recte
3052 981 3371 1036 ascribitur.

1779 1068 1897 1126 Non
1922 1068 2232 1134 mentietur,
2282 1069 2408 1139 quia
2440 1084 2503 1124 ea
2532 1085 2653 1141 qua:
2677 1070 2945 1141 promittit
2970 1070 3073 1126 sibi
3100 1068 3376 1127 famulan—

1781 1162 1929 1217 tibus
1972 1161 2218 1233 largitur.
2276 1160 2621 1217 Pmnitudine
2663 1176 2769 1217 non
2793 1161 3049 1230 ﬂectitur,
3101 1163 3227 1235 quia
3258 1177 3373 1221 non

1779 1250 2010 1324 paenitet
2042 1266 2166 1306 eum
2194 1250 2261 1306 de
2288 1249 2446 1305 bonis
2486 1265 2607 1322 qute
2633 1249 2862 1322 largitus
2884 1257 2990 1317 est,
3038 1251 3164 1323 quia
3199 1261 3376 1309 muta-

1780 1343 1906 1401 bilis
1929 1359 2037 1400 non
2065 1350 2167 1409 est,
2216 1342 2310 1399 sed
2331 1344 2629 1399 secundum
2672 1340 2943 1414 justitiam
2994 1354 3051 1402 et
3086 1345 3373 1406 veritatem

1781 1435 2035 1493 universa
2069 1435 2346 1507 diiudicat.

1859 1566 1881 1601 ι
1923 1548 2177 1619 Dixitque
2209 1547 2339 1603 Saul
2367 1565 2382 1604 :
2414 1548 2663 1616 Peccavi,
2705 1549 2801 1607 sed
2838 1566 2983 1608 nunc
3033 1552 3246 1609 honora
3281 1566 3376 1611 me

1788 1657 1809 1693 ι
1852 1655 2035 1696 coram
2068 1640 2375 1696 senioribus
2420 1640 2601 1712 populi
2639 1641 2769 1709 mei,
2819 1650 2875 1697 et
2902 1657 3088 1699 coram
3116 1641 3307 1701 Israel.
3344 1660 3370 1698 s

1782 1731 1908 1789 Acsi
1946 1732 2213 1788 dixisset:
2248 1732 2462 1788 Honora
2512 1748 2601 1789 me
2628 1734 2770 1789 sicut
2798 1749 2980 1806 regem
3014 1743 3074 1790 ut
3111 1750 3216 1808 ego
3235 1750 3374 1807 pra-

78 1817 186 1880 rio,
268 1813 573 1871 hariolandi
619 1819 901 1882 peccatum
955 1809 1318 1865 inobedientia
1363 1809 1585 1875 dicitur,
1614 1820 1675 1865 ut
1702 1800 1751 1862 Β
1782 1822 1971 1879 cedam
1999 1823 2142 1879 sicut
2180 1838 2298 1890 rex.
2351 1832 2407 1880 ει
2434 1832 2489 1879 ιιι
2534 1824 2805 1896 sequaris,
2834 1800 2896 1881 υἱ
2922 1800 3174 1883 ποκα(
3191 1800 3377 1884 Dm.

78 1907 304 1979 quando
338 1906 409 1962 sit
457 1905 630 1960 virtus
663 1901 984 1959 obedientia:
1021 1902 1440 1958 demonstretur.
1474 1900 1553 1956 Ex
1583 1900 1678 1957 ad-

76 2014 245 2055 verso
265 1998 430 2070 {ergo
470 1996 668 2053 melius
714 1995 1019 2050 ostenditur
1078 1995 1208 2065 quid
1264 1994 1329 2051 de
1369 1994 1489 2066 ejus
1520 1993 1678 2051 laude

75 2090 371 2147 sentiatur.
422 2087 482 2143 Si
507 2085 653 2143 enim
694 2084 849 2156 quasi
880 2094 1162 2157 peccatum
1214 2083 1539 2151 hariolandi,
1593 2093 1679 2141 est

78 2200 414 2259 repugnare,
476 2192 531 2240 et
569 2182 724 2254 quasi
773 2181 953 2238 scelus
994 2179 1334 2246 idololatriae,
1402 2179 1545 2235 nolle
1587 2195 1680 2236 ac-

78 2272 418 2354 quiescere:
465 2275 577 2333 sola
618 2284 703 2332 est
745 2273 1051 2331 obedientia
1084 2288 1203 2344 quae
1250 2272 1375 2328 fidei
1422 2272 1678 2328 meritum

75 2368 340 2443 possidet,
382 2383 489 2439 qua
522 2367 640 2423 sine
691 2365 920 2437 quisque
959 2363 1194 2421 inﬁdelis
1231 2365 1498 2420 videatur.
1542 2362 1678 2421 Hinc

79 2475 185 2532 per
235 2458 584 2516 Salomonem
618 2457 672 2512 in
710 2455 1023 2513 ostensione
1068 2454 1387 2513 obedientia:
1432 2456 1674 2513 dicitur:

84 2571 107 2607 s
159 2550 260 2608 Vir
285 2552 541 2608 obediens
568 2549 810 2621 loquitur
829 2548 1090 2606 victorias
1126 2548 1311 2621 (Prov.
1338 2550 1477 2622 xxi).
1517 2569 1535 2604 ι
1582 2547 1680 2606 Vir

77 2643 291 2715 quippe
315 2642 571 2698 obediens
592 2640 848 2696 victorias
881 2637 1122 2710 loquitur
1149 2656 1166 2695 :
1187 2640 1314 2710 quia
1340 2640 1465 2695 dum
1490 2638 1680 2696 aliena:

76 2735 204 2791 voci
251 2734 529 2790 humiliter
574 2731 876 2797 subdimur,
916 2731 1282 2802 nosmetipsos
1310 2731 1364 2786 in
1394 2731 1559 2787 corde
1590 2747 1681 2787 su-

75 2843 363 2903 peramus.
407 2826 548 2896 Quid
573 2827 721 2882 enim
747 2824 971 2897 prodest
999 2824 1291 2881 indiscrete
1336 2823 1448 2880 Deo
1475 2823 1680 2896 aliquid

75 2919 281 2978 oﬂerre
314 2917 475 2987 velle,
529 2927 586 2974 et
609 2919 727 2989 ejus
755 2918 1030 2974 contraire
1052 2916 1382 2989 praeceptis?
1423 2916 1558 2985 Quia
1588 2933 1683 2973 ne-

76 3027 357 3086 quaquam
384 3010 507 3082 quis
532 3009 676 3065 valet
726 3008 792 3064 de
817 3008 1016 3065 oblatis
1052 3009 1369 3065 muneribus
1396 3009 1681 3064 Dominum

78 3104 195 3162 sibi
224 3103 465 3176 placare,
528 3099 622 3172 qui
655 3100 877 3172 negligit
901 3100 1281 3171 obtemperare
1303 3097 1491 3169 jussis.
1543 3097 1679 3167 Quia

76 3196 233 3252 enim
276 3196 545 3251 bonorum
595 3200 907 3248 nostrorum
940 3206 1046 3247 non
1076 3191 1299 3263 indiget,
1354 3198 1542 3247 nostra
1580 3191 1677 3247 da-

77 3292 235 3346 tione
280 3287 505 3343 minime
542 3283 832 3357 pascitur:
878 3292 934 3340 et
973 3284 1044 3340 ob
1082 3283 1186 3340 hoc
1213 3282 1404 3340 melior
1437 3293 1520 3339 est
1548 3283 1679 3340 ohe-

77 3380 295 3438 dientia
325 3392 489 3449 quam
516 3377 775 3433 victimae.
816 3374 895 3432 De
922 3390 1029 3449 qua
1057 3373 1271 3448 plenius
1300 3374 1357 3430 in
1386 3373 1538 3431 libris
1565 3371 1679 3432 Mo-

76 3474 286 3531 ralium
315 3472 498 3543 legere
530 3472 652 3542 quis
675 3468 877 3541 poterit
910 3488 923 3524 :

158 3583 184 3619 s
228 3563 484 3634 Dixitque
511 3559 639 3617 Saul
667 3561 734 3616 ad
762 3559 1025 3617 Samuel:
1067 3558 1319 3627 Peccavi,
1361 3560 1489 3633 quia
1539 3576 1679 3635 prm-

83 3676 106 3710 s
151 3656 429 3710 varicatus
477 3668 598 3709 sum
654 3667 962 3708 sermonem
1013 3650 1249 3717 Domini,
1286 3670 1305 3704 ι
1366 3659 1423 3708 et
1468 3650 1677 3723 reliqua

79 3760 370 3819 usquequo
411 3746 511 3812 ait,
566 3764 585 3798 ι
627 3755 683 3801 et
708 3745 939 3817 projecit
970 3753 1021 3800 te
1078 3744 1339 3800 Dominus
1385 3759 1453 3801 ne
1478 3744 1554 3801 sis
1584 3759 1678 3801 rex

87 3858 119 3912 si
159 3854 325 3912 super
355 3837 541 3895 Israel.
583 3858 603 3891 ι
657 3837 894 3911 Corripit
918 3839 1181 3910 propheta
1212 3852 1394 3909 regem
1421 3853 1519 3909 pro
1552 3837 1678 3895 ino—

80 3911 385 3997 Sedientia,
412 3932 539 4004 quia
568 3932 886 3988 mandatum
914 3931 1135 4003 explere
1157 3946 1263 3987 non
1288 3933 1515 3999 curavit,
1540 3947 1682 4005 prae-

86 4024 335 4095 dixitque
362 4024 410 4080 ei
446 4040 670 4096 regnum
713 4023 1091 4090 dimissurum,
1140 4023 1264 4095 quia
1302 4025 1680 4080 rectitudinem

84 4119 470 4174 mandatorum
496 4118 590 4175 Dei
623 4118 775 4188 sequi
808 4118 996 4174 noluit.
1043 4117 1111 4172 Et
1137 4120 1333 4174 merito
1373 4117 1460 4174 ille
1489 4117 1555 4174 de
1579 4133 1678 4190 po-

85 4210 305 4267 testatis
351 4209 589 4267 culmine
620 4208 890 4280 abjicitur,
944 4210 1036 4281 qui
1074 4209 1177 4266 rite
1214 4211 1457 4281 regimen
1498 4219 1683 4267 tenere

86 4304 286 4360 nescit.
334 4303 452 4375 Ipse
485 4305 630 4359 enim
660 4304 903 4375 regimen
952 4304 1057 4359 rite
1103 4311 1272 4369 tenet,
1318 4303 1498 4374 quise
1525 4318 1683 4374 supe-

88 4394 225 4451 riori
275 4410 372 4466 per
409 4394 780 4452 humilitatem
823 4394 893 4451 ad
938 4394 1298 4451 obedientium
1344 4395 1579 4466 subjicit,
1629 4403 1685 4451 et

91 4484 340 4543 inferiori
387 4501 487 4556 per
507 4486 885 4542 auctoritatem
933 4486 1001 4541 ad
1045 4485 1344 4542 docendum
1381 4487 1681 4559 anteponit.

93 4577 153 4634 Si
191 4578 338 4633 enim
376 4576 508 4633 Saul
561 4578 656 4635 Dei
701 4579 973 4635 mandatis
1022 4578 1291 4645 obediret,
1347 4580 1450 4636 rite
1484 4580 1683 4654 populo

93 4680 375 4745 praeesset.

171 4784 192 4815 ‹
238 4762 307 4819 Et
333 4779 630 4822 conversus
667 4776 750 4822 est
775 4765 995 4823 Samuel
1041 4775 1102 4822 ut
1128 4768 1340 4834 abiret;
1372 4767 1461 4825 ille
1501 4778 1684 4826 autem

100 4860 120 4911 ἃ
163 4858 521 4930 apprehendit
545 4860 912 4917 summitatem
938 4861 1085 4933 pallii
1117 4862 1255 4929 ejus,
1288 4879 1408 4935 quae
1437 4876 1492 4919 et
1512 4864 1686 4921 scissa

102 4968 121 5001 ι
164 4958 269 5015 est,
316 4959 371 5004 et
402 4950 479 5005 ait
511 4951 578 5006 ad
620 4966 745 5007 eum
788 4949 1048 5008 Samuel:
1085 4951 1257 5010 Scidit
1296 4953 1557 5011 Dominus
1602 4971 1691 5012 re-

100 5059 120 5092 ι
163 5056 329 5113 gnum
356 5041 519 5098 Israel
561 5052 676 5099 ate
714 5044 893 5110 hodie,
941 5053 997 5100 et
1022 5046 1245 5101 tradidit
1270 5045 1398 5102 illud
1443 5047 1692 5119 proximo

102 5154 121 5186 s
171 5143 286 5199 tuo,
319 5134 527 5190 meliori
558 5145 630 5191 te.
682 5156 702 5190 ι
750 5135 885 5191 Nota
924 5138 1262 5209 mysterium,
1293 5141 1436 5210 quod
1467 5130 1607 5196 sicut
1635 5140 1692 5196 in

94 5226 351 5297 passione
393 5226 626 5294 Domini,
658 5227 897 5299 pontifex
927 5228 1311 5286 vestimentum
1338 5246 1496 5288 suum
1532 5232 1692 5289 scidit

99 5316 322 5389 (Matth.
368 5316 539 5391 xxvr),
578 5321 653 5375 ita
684 5336 778 5377 rex
829 5319 961 5376 Saul
1000 5329 1205 5377 vestem
1235 5324 1512 5395 prophetae
1546 5339 1690 5381 nunc

93 5410 350 5466 scindere
385 5411 730 5469 describitur.
785 5411 890 5468 Per
924 5423 1213 5484 utramque
1263 5415 1406 5470 enim
1454 5425 1695 5486 potesta-

94 5511 230 5569 tem,
287 5514 343 5561 et
374 5505 608 5577 regalem
660 5506 912 5563 videlicet
951 5518 1006 5564 et
1038 5509 1455 5576 sacerdotalem,
1504 5510 1694 5566 scissio

96 5598 548 5655 vestimentorum
580 5599 722 5656 facta
746 5611 851 5668 est,
903 5611 961 5657 ut
990 5602 1399 5660 demonstretur
1436 5603 1696 5659 stabilita-

98 5700 212 5748 tem
263 5693 414 5765 regni
468 5703 525 5748 et
560 5694 850 5749 sacerdotii
879 5695 931 5750 in
962 5695 1159 5767 populo
1209 5693 1519 5752 Jud:eornm
1572 5697 1685 5752 ﬁeri

94 5798 211 5841 non
242 5801 428 5857 posse,
477 5787 573 5858 qui
601 5786 790 5845 verum
824 5802 1005 5859 regem
1045 5797 1101 5846 et
1144 5791 1483 5848 sacerdotem
1524 5794 1589 5848 ad
1633 5810 1689 5849 se

1778 1930 1909 1977 num
1951 1913 2122 1971 Deum
2153 1924 2327 1972 tuum.
2380 1913 2554 1973 Senes
2598 1924 2781 1973 autem
2830 1916 3014 1989 populi
3061 1916 3167 1982 sui,
3214 1931 3374 1974 suam

1778 1992 2021 2073 tribum;
2048 2015 2105 2062 et
2129 2022 2313 2062 coram
2336 2005 2522 2071 Israel,
2549 2014 2775 2065 canoras
2798 2007 2972 2064 tribus
3002 2006 3191 2074 Israel,
3218 2005 3371 2063 dicit.

1777 2095 1889 2155 Sed
1917 2099 1971 2155 in
2002 2099 2103 2155 hoc
2127 2100 2273 2171 quod
2301 2099 2381 2156 ait
2409 2117 2424 2155 :
2457 2117 2477 2152 ι
2504 2097 2721 2156 Honora
2746 2115 2832 2156 me
2854 2115 3040 2156 coram
3070 2096 3377 2157 senioribus

1784 2208 1804 2243 ε
1848 2190 2028 2263 populi
2071 2192 2199 2258 mei,
2250 2211 2269 2245 ι
2323 2192 2708 2249 verecundiam
2753 2207 2947 2264 passus
3005 2208 3072 2250 ac
3118 2191 3376 2265 superbia

1779 2282 2030 2339 detentus
2076 2282 2289 2340 locutus
2340 2290 2443 2350 est,
2507 2282 2634 2355 quia
2681 2283 2905 2340 timebat
2941 2282 3182 2341 honores
3222 2283 3380 2341 amito

1781 2381 1922 2440 tere,
1988 2384 2043 2431 et
2092 2374 2215 2431 ideo
2264 2390 2373 2432 non
2423 2374 2662 2432 obtinuit
2714 2375 2859 2446 quod
2898 2375 3074 2447 petiit,
3130 2374 3319 2433 dicens
3353 2389 3374 2430 :

1785 2486 1804 2520 ι
1850 2465 2098 2534 Peccavi,
2133 2487 2152 2520 ι
2209 2477 2265 2524 et
2286 2467 2515 2540 reliqua.
2570 2467 2828 2538 Quisquis
2874 2469 3019 2525 enim
3050 2468 3152 2525 sub
3175 2467 3369 2541 specie

1779 2558 2139 2616 confessionis
2160 2559 2428 2617 humanos
2449 2560 2626 2617 adhuc
2656 2560 2891 2617 honores
2911 2562 3167 2618 amittere
3193 2561 3374 2629 timet,

1780 2652 1885 2708 iste
1913 2652 2320 2724 indulgentiam,
2372 2669 2536 2726 quam
2560 2652 2685 2711 [icta
2721 2654 3029 2711 humilitate
3054 2654 3312 2727 postulat,
3339 2671 3375 2712 a

1781 2745 1893 2803 Deo
1918 2747 2143 2817 adipisci
2171 2764 2278 2804 non
2307 2747 2470 2805 valet.
2515 2746 2705 2818 Neque
2737 2748 2885 2803 enim
2930 2758 3114 2819 potest
3151 2750 3208 2806 in
3240 2762 3376 2805 con-

1780 2835 2017 2893 fessione
2057 2837 2393 2910 paenitentia:
2435 2839 2651 2909 assequi
2685 2838 2924 2906 veniam,
2971 2839 3060 2895 ubi
3088 2840 3243 2911 praeit
3269 2837 3375 2895 ela-

1784 2932 1859 2987 tio
1886 2932 2106 2987 mentis.
2156 2931 2291 2988 Nam
2325 2929 2456 3003 quid
2494 2930 2639 2988 aliud
2667 2940 2772 2998 est,
2820 2932 2887 2988 de
2931 2940 3088 2989 reatu
3112 2931 3376 2989 facinoris

1784 3023 1839 3080 in
1865 3033 2156 3095 conspectu
2184 3023 2464 3079 hominum
2489 3024 2815 3095 reprehendi
2840 3022 3114 3094 refugere,
3141 3023 3250 3080 nisi
3270 3038 3368 3079 su-

1706 3140 1751 3230 c
1783 3115 1970 3189 perbia
1987 3115 2188 3180 cordis,
2213 3130 2308 3188 per
2324 3131 2489 3188 quam
2504 3123 2783 3187 peccator,
2810 3116 2941 3171 dum
2959 3113 3251 3186 displicere
3269 3112 3376 3171 ho.

1782 3209 2020 3266 minibus
2043 3207 2263 3281 refugit,
2287 3209 2503 3266 veniam
2529 3224 2692 3280 quam
2717 3226 2747 3263 a
2767 3208 3138 3280 Deoaccipere
3151 3213 3375 3281 poterat

1777 3316 1808 3356 a
1840 3299 2133 3372 semetipso
2171 3299 2455 3356 excludit?
2489 3298 2639 3357 Ficta
2665 3299 2812 3355 enim
2850 3299 3129 3356 humilitas
3158 3298 3376 3356 veniam

1776 3408 1808 3448 a
1837 3390 1949 3448 Deo
1976 3393 2233 3464 consequi
2270 3409 2381 3450 non
2407 3392 2572 3450 valet.
2624 3391 2731 3449 Sed
2760 3392 3059 3450 notandum
3090 3392 3237 3463 quod
3266 3388 3376 3449 alia

1777 3486 1943 3543 editio
2009 3486 2175 3543 habet
2215 3505 2230 3542 :
2279 3505 2299 3539 ι
2340 3484 2459 3543 Non
2513 3495 2760 3543 revertar
2810 3496 3011 3553 tecum,
3064 3485 3239 3558 inquit
3278 3482 3380 3542 Sa»

1777 3575 1942 3642 muel,
1981 3577 2109 3649 quia
2153 3578 2404 3651 sprevisti
2440 3579 2664 3636 verbum
2696 3578 2927 3645 Domini,
2981 3588 3037 3635 et
3084 3577 3294 3651 spernit
3321 3587 3376 3636 to

1778 3668 2038 3726 Dominus
2079 3684 2148 3726 ne
2177 3670 2253 3726 sis
2301 3686 2395 3727 rex
2442 3685 2607 3741 super
2640 3668 2826 3727 Israel.
2865 3670 2932 3726 Et
2967 3670 3238 3727 convertit
3273 3667 3377 3727 8a-

1778 3758 1924 3816 muel
1952 3757 2142 3816 faciem
2174 3775 2329 3816 suam
2354 3770 2414 3815 ut
2438 3760 2633 3817 abiret.
2672 3760 2743 3816 Et
2766 3761 2936 3817 tenuit
2958 3759 3089 3817 Saul
3115 3759 3372 3832 penulam

1780 3850 2057 3922 diploidis,
2084 3861 2139 3908 et
2163 3852 2397 3923 disrupit
2424 3868 2565 3908 eam.
2596 3851 2665 3909 Et
2695 3852 2835 3908 dixit
2860 3852 2929 3909 ad
2949 3869 3074 3909 eum
3106 3851 3370 3911 Samuel:

1782 3940 2025 4013 Disrupit
2052 3941 2315 4000 Dominus
2344 3957 2570 4014 regnum
2592 3941 2758 3998 Israel
2788 3943 2855 4000 de
2876 3959 3040 3998 manu
3070 3952 3160 3999 tua
3189 3941 3372 4011 hodie,

1782 4043 1837 4090 et
1885 4035 2033 4091 dabit
2070 4035 2317 4108 proximo
2358 4043 2450 4092 tuo
2500 4035 2645 4093 bono
2684 4051 2848 4107 super
2889 4045 2974 4103 te;
3004 4044 3061 4092 et
3104 4035 3377 4093 dividetur

1781 4124 1946 4182 Israel
2002 4126 2055 4181 in
2102 4128 2228 4194 duo,
2281 4136 2338 4183 et
2384 4143 2492 4183 non
2538 4136 2815 4183 avertetur
2862 4143 3040 4199 neque
3082 4127 3372 4200 paenitebit

1783 4233 1931 4284 eum,
1968 4218 2223 4289 quoniam
2254 4234 2360 4275 non
2390 4227 2472 4276 est
2492 4218 2634 4275 sicut
2654 4219 2818 4276 homo
2848 4227 2911 4275 ut
2932 4219 3196 4291 poeniteat
3221 4232 3372 4277 eum.

1782 4309 1903 4383 Ipse
1938 4309 2175 4365 minatur
2208 4319 2263 4366 et
2300 4326 2409 4365 non
2442 4318 2746 4383 permanet.
2784 4330 2806 4366 s
2860 4310 2967 4367 Iste
3010 4311 3099 4368 cui
3129 4309 3328 4368 dicitur
3355 4330 3374 4367 :

1790 4421 1810 4456 ι
1855 4402 2063 4474 spernit
2105 4410 2161 4458 te
2208 4400 2470 4458 Dominus
2530 4417 2597 4457 ne
2647 4402 2725 4459 sis
2763 4417 2861 4457 rex
2903 4417 3067 4473 super
3111 4401 3302 4470 Israel,
3346 4423 3369 4457 s

1786 4493 2149 4565 quadraginta
2184 4494 2433 4566 regnavit
2470 4494 2628 4550 annis
2666 4509 2829 4566 super
2851 4492 3042 4560 Israel,
3070 4504 3227 4552 tanto
3265 4496 3377 4553 sci-

1786 4581 1915 4638 licet
1934 4583 2191 4655 temporis
2220 4584 2395 4655 spatio
2415 4592 2619 4655 quanto
2653 4593 2710 4639 et
2740 4586 2852 4656 ipse
2877 4584 3068 4652 David,
3089 4595 3147 4643 et
3169 4586 3379 4645 audivit

1789 4675 1894 4732 hoc
1922 4677 2100 4747 primo
2135 4685 2377 4748 tempore
2406 4678 2559 4750 regni
2590 4678 2696 4735 sui.
2737 4676 3110 4752 Intelligamus
3138 4681 3263 4738 ideo
3292 4681 3379 4754 dio

1791 4775 1961 4833 etum,
2001 4767 2128 4837 quia
2158 4766 2340 4824 nullus
2365 4767 2431 4823 de
2451 4765 2568 4838 ejus
2610 4769 2783 4840 stirpe
2819 4768 3000 4827 fuerat
3029 4782 3376 4845 regnaturus,

1788 4869 1846 4918 et
1873 4861 2226 4933 respiciamus
2251 4860 2319 4915 ad
2358 4860 2584 4932 stirpem
2612 4860 2802 4928 David,
2857 4863 3001 4921 unde
3032 4872 3255 4921 exortus
3293 4874 3379 4923 est

1790 4954 2084 5010 secundum
2135 4966 2352 5009 carnem
2397 4951 2673 5019 Dominus,
2722 4972 2741 5006 ι
2768 4955 3036 5013 mediator
3064 4955 3160 5013 Dei
3199 4962 3256 5011 et
3286 4954 3381 5010 ho-

1793 5046 2019 5112 minum,
2039 5045 2201 5102 homo
2223 5044 2469 5103 Christus
2488 5043 2646 5103 Iesus
2662 5043 2823 5119 (Tim.
2839 5048 2914 5121 i):
2955 5067 2975 5103 ι
3000 5055 3162 5122 prout
3185 5049 3381 5119 beatus

1791 5136 2124 5210 Augustinus
2153 5137 2251 5204 ait,
2291 5147 2347 5193 et
2378 5137 2432 5193 in
2473 5136 2677 5195 Grazcis
2702 5140 3105 5212 exemplaribus
3142 5138 3376 5213 legitur:

1797 5250 1818 5283 ι
1863 5231 2103 5302 Disrupit
2145 5230 2403 5288 Dominus
2442 5245 2666 5303 regnum
2713 5230 2875 5288 Israel
2906 5231 2972 5288 de
3003 5245 3168 5287 manu
3206 5239 3320 5298 tua,
3348 5252 3375 5285 ο

1793 5333 1853 5391 ut
1894 5325 1998 5379 hoc
2046 5321 2378 5396 intelligatur
2416 5342 2435 5377 ι
2472 5323 2539 5379 de
2578 5339 2741 5379 manu
2789 5332 2879 5378 tua
2914 5341 2937 5376 ι
2988 5320 3135 5394 quod
3176 5330 3264 5378 est
3310 5320 3388 5379 ab

1799 5415 1985 5471 Israel.
2037 5415 2214 5487 Ipsius
2251 5430 2489 5487 namque
2521 5414 2704 5487 populi
2744 5414 2969 5489 gerebat
2996 5428 3297 5486 personam
3321 5414 3387 5472 II—

1796 5519 1985 5581 gurate
2004 5509 2166 5565 homo
2192 5508 2315 5573 iste,
2358 5508 2451 5579 qui
2482 5506 2712 5579 populus
2761 5521 2987 5578 regnum
3010 5504 3187 5563 fuerat
3218 5508 3386 5579 amis:-

1794 5619 1979 5669 surus,
2010 5600 2227 5659 Christo
2251 5602 2481 5658 Domino
2503 5609 2691 5657 nostro
2718 5599 3037 5670 spiritaliter
3061 5610 3378 5673 regnatum.

1795 5696 1871 5753 De
1925 5712 2032 5768 quo
2086 5711 2207 5751 cum
2248 5695 2470 5761 dicitur,
2528 5712 2549 5747 ι
2595 5701 2651 5750 et
2688 5693 2907 5751 dabitur
2938 5693 3078 5773 illud
3128 5695 3419 5768 proximo,

1796 5800 1906 5855 tuo,
1947 5776 1966 5842 ἰ
2026 5790 2092 5844 ad
2133 5788 2315 5845 carnis
2345 5784 2689 5859 agnationem
2723 5787 2777 5844 id
2817 5785 3072 5847 refertur.
3106 5787 3184 5844 Ex
3210 5787 3387 5861 ιιῃωι
