3970 6332
135 273 262 336 309
1063 271 1322 330 ENARR.
1365 271 1432 328 IN
1467 271 1716 330 LIBROS
1755 269 2024 330 REGUM.
2065 305 2136 314 —
2171 273 2238 330 IN
2273 273 2404 332 LIB.
2457 275 2498 330 I.
2585 337 2588 340 _
3327 279 3456 344 310,

133 391 400 460 ejusdem
431 389 582 458 Saul,
615 405 742 446 cum
767 389 938 446 David
961 391 1172 448 hastam
1205 399 1258 448 et
1283 391 1544 464 scyphum
1569 391 1750 446 abstu-
1771 389 2042 452 A.sensus
2069 393 2366 462 potentium
2395 407 2488 462 per
2508 391 2794 450 elationem
2821 395 2874 450 in
2907 395 3146 454 furorem
3181 394 3430 462 vertitur,

133 481 312 539 lisset
341 499 372 538 a
425 483 604 554 capite
647 481 988 538 dormientis.
1019 481 1136 538 Non
1173 485 1298 556 quia
1341 499 1504 554 sopor
1535 492 1660 538 tunc
1687 481 1742 554 in_
1847 483 2070 554 dignum
2101 497 2184 540 est
2227 497 2284 542 ut
2323 487 2390 542 ad
2437 487 2662 544 salutem
2705 489 2922 554 mentis,
2963 489 3116 558 quasi
3149 489 3434 546 dulcedine

131 573 388 630 Domino
415 583 534 630 erat
557 615 570 642 ,
605 584 664 630 ut
703 575 818 646 ipse
845 573 1136 640 dormiret,
1173 575 1266 632 sed
1313 575 1440 646 quia
1469 575 1554 630 ille
1583 591 1746 648 sopor
1848 575 2088 642 citharae,
2131 575 2418 634 locutionis
2459 587 2656 634 nostra:
2695 581 3086 650 tranquillitate
3125 591 3432 642 revocetur.

131 663 200 738 (Ι
235 665 368 738 Reg.
401 663 574 736 xxvr),
600 665 692 736 qui
719 673 844 722 tunc
863 665 1110 722 homines
1131 665 1582 738 apprehenderat,
1609 675 1742 722 nutu

133 729 248 812 Dei
287 729 410 812 erat
449 729 684 822 infusus,
727 773 792 812 ne
835 757 1004 814 David
1037 775 1066 812 a
1095 729 1270 814 servis
1305 757 1422 828 ejus
1451 759 1502 810 in
1529 729 1594 812 eo
1623 739 1756 814 loco.
2423 729 2650 788 CAPUT
2687 731 2848 787 xv“-

131 851 442 920 prmsentia
467 851 780 906 sentiretur.
813 851 1020 908 Dicitur
1039 867 1170 924 ergo
1193 852 1414 922 spiritus
1439 851 1610 906 malus
1641 851 1742 906 Do-
1923 885 1940 916 ι
1977 863 2378 936 congregantes
2401 883 2530 922 γειοο
2559 867 2828 924 phimum
2851 869 3068 940 agmina
3091 885 3188 926 sua
3215 871 3273 926 in
3301 887 3434 942 ρι-ευ.

127 943 312 1010 milii.
353 943 456 999 hoc
505 953 590 1000 εει
619 943 866 1000 ωίιιίείεΐ
897 943 1012 1012 Dei.
1063 945 1129 1000 ad
1174 943 1476 1000 faeiendum
1517 945 1568 1000 in
1611 943 1740 1000 Sim!
1853 975 1872 1008 ι
1907 955 2036 1010 lium
2061 960 2506 1016 conveneruntin
2533 959 2798 1026 Sochoth,
2823 969 2914 1016 iet
2939 961 3166 1032 reliqua.
3193 963 3454 1024 Sochoth,

129 1037 294 1106 quod
323 1051 446 1091 eum
481 1039 592 1108 pati
625 1037 821 1094 debere
851 1037 1417 1108 Omnipotentissimus
1439 1037 1692 1108 judicaba

1859 1051 2196 1120 estoppidum
2217 1049 2268 1104 in
2287 1051 2426 1104 tribu
2443 1049 2470 1104 ,Ι
2477 1051 2602 1118 uda,
2621 1063 2678 1106 ut
2695 1053 2748 1108 in
2761 1053 2914 1108 libris
2929 1051 3196 1110 Locorum
3211 1053 3427 1124 legitur.

129 1125 424 1220 Quoniam
467 1129 692 1200 ερίνίῑυε
729 1129 836 1196 me:
881 1139 938 1184 ιιι
967 1129 1170 1186 diem“
1202 1139 1304 1194 θείς
1333 1129 1608 1188 “ilme
1635 1145 1742 1200 qua
1847 1143 2182 1200 Suntautem
2207 1159 2378 1214 usque
2393 1143 2852 1202 hodieviculiduo
2869 1147 3432 1220 pergentihusmliam

129 1219 332 1276 malus
357 1229 498 1288 erat.
527 1237 634 1278 non
663 1229 780 1278 erat
811 1221 902 1278 Dei
939 1239 954 1286 ;
987 1231 1236 1278 creatura
1263 1237 1394 1278 vero
1417 1237 1522 1292 qua
1549 1221 1740 1276 condi-
1845 1237 1912 1292 de
1963 1235 2364 1306 Eleutheropoli
2429 1237 2482 1292 in
2527 1253 2672 1294 nono
2721 1219 3114 1294 milliariovize
3167 1235 3432 1310 ριιιιιίρευε

129 1319 238 1368 ιυε
275 1323 418 1380 erat,
463 1321 518 1368 ει
547 1323 816 1384 Ροῑθείίιιε
843 1331 1006 1386 quam
1039 1331 1144 1370 "0“
1183 1331 1358 1380 suam,
1391 1313 1486 1370 sed
1523 1313 1738 1368 Domini
1845 1347 1986 1386 unus
2017 1330 2070 1384 in
2105 1339 2308 1394 monte,
2349 1339 2402 1384 et
2429 1331 2566 1386 alter
2593 1331 2646 1386 in
2673 1347 2866 1402 campo
2889 1333 3044 1398 situs,
3069 1333 3158 1402 qui
3191 1333 3436 1388 Soclioth

129 1408 397 1462 omnium
421 1409 674 1478 :equitate
701 1419 1006 1480 acceperat,
1025 1409 1240 1464 Domini
1263 1419 1399 1464 erat.
1425 1409 1536 1466 Hoc
1555 1425 1697 1466 seem

1867 1433 2249 1496 nuncupantur.
2283 1425 2676 1496 Interpretatur
2701 1441 2828 1480 vero
2849 1442 3026 1480 ramus
3055 1425 3140 1480 vel
3167 1425 3435 1480 humilitas

129 1493 276 1552 dum
329 1499 614 1554 historiam
665 1501 870 1556 dictum
908 1511 1010 1562 est.
1067 1501 1420 1574 Tropologice
1465 1519 1592 1558 vero
1641 1519 1697 1574 pe

1865 1493 2044 1584 lzeca,
2077 1519 2268 1574 civitas
2295 1493 2724 1574 Cltananzeorum
2773 1519 2824 1572 in
2867 1527 3024 1588 parte
3063 1517 3238 1572 tribus
3263 1517 3433 1582 Judze,

131 1587 304 1656 Saul,
343 1591 572 1662 populus
607 1593 1054 1666 prailigurabatur
1093 1593 1402 1650 Judieorum
1429 1597 1518 1666 qui
1563 1597 1614 1650 in
1643 1599 1699 1650 at

1865 1613 1912 1666 ut
1937 1627 2102 1682 quam
2133 1627 2304 1680 usque
2341 1619 2658 1682 persecutus
2685 1619 2766 1666 est
2797 1587 2954 1666 Jesus
2991 1611 3228 1682 quinque
3259 1623 3433 1680 reges.

131 1693 314 1738 ventu
363 1683 684 1752 Salvatoris,
711 1687 781 1740 ob
823 1685 1154 1756 impietatem
1199 1703 1350 1742 suam
1383 1703 1412 1742 a
1451 1689 1560 1742 Deo
1581 1687 1699 1742 (ιρι-ί

1865 1701 1956 1758 Sed
1983 1710 2038 1758 et
2067 1701 2226 1756 lio-lle
2249 1711 2476 1758 vocatur
2497 1701 2621 1756 villa
2649 1703 2848 1768 Azeca,
2871 1702 3011 1756 inter
3039 1701 3433 1772 Eleutheropo-

131 1777 310 1834 liClllS
355 1789 458 1836 (‘SL
505 1777 768 1851 Spiritum
801 1791 1050 1838 SilliCllllll
1075 1797 1236 1852 quem
1276 1782 1402 1838 οΙίιιι
1435 1791 1736 1852 acceperat,
1769 1757 1816 1818 Β
1843 1793 1938 1848 lim
1969 1803 2024 1848 ei.
2055 1793 2272 1858 [Elian],
2303 1803 2358 1848 οι
2401 1795 2792 1864 interpretatur
2831 1793 3108 1862 fortitudo,
3155 1795 3270 1850 sive
3297 1795 3438 1850 ίιεεί-

125 1873 360 1940 amisit;
421 1883 584 1944 atque
624 1873 692 1930 ab
723 1875 914 1946 spiritu
959 1891 1212 1946 nequam,
1251 1877 1352 1932 hoc
1395 1885 1496 1940 est,
1541 1877 1693 1932 diahe

1869 1887 1988 1940 uda.
2023 1887 2190 1940 Domu
2223 1885 2336 1942 sive
2381 1885 2594 1940 Domim
2633 1886 2686 1940 in
2731 1885 2874 1940 tribu
2913 1883 3050 1940 Juda
3089 1885 3242 1940 vicus
3275 1902 3437 1956 grati-

127 1965 466 2046 mendacio,
499 1983 670 2038 usque
697 1983 840 2022 nunc
867 1967 1122 2040 agitatur.
1843 1977 1930 2032 dis
1961 1987 2062 2042 est,
2103 1979 2154 2032 in
2187 1977 2474 2032 Daromam
2499 2017 2514 2043 ,
2559 1977 2662 2034 hoc
2693 1985 2778 2032 est
2805 1977 2872 2032 ad
2901 1975 3194 2032 australem
3221 1977 3434 2046 plagam

213 2077 232 2108 α
269 2057 444 2130 Igitur
478 2059 910 2130 quandocunque
932 2059 1166 2132 Spiritus
1189 2061 1404 2116 Domini
1443 2061 1742 2134 arripiebat
1843 2071 1898 2124 in
1949 2069 2144 2126 ﬁnibus
2173 2069 2680 2140 Eleutheropoleos,
2723 2069 2910 2126 decem
2951 2079 3006 2124 et
3029 2077 3234 2138 septem
3263 2069 3332 2124 ab
3371 2085 3436 2126 ea

129 2169 148 2200 ι
195 2147 358 2212 Saul,
395 2147 620 2204 tollebat
645 2149 814 2206 David
843 2151 1106 2208 citharam
1135 2161 1190 2208 et
1213 2153 1550 2224 percutiebat
1577 2169 1738 2208 manu
1843 2161 2168 2216 milliaribus
2191 2143 2433 2228 distans,
2469 2169 2526 2216 et
2562 2161 3012 2231 interpretatatur
3031 2161 3292 2216 silentium
3321 2161 3436 2218 sive

129 2257 150 2286 ι
195 2253 340 2302 sua,
389 2247 444 2294 et
489 2237 892 2296 rel'ocillabatur
937 2241 1102 2308 Saul,
1153 2251 1208 2298 et
1253 2243 1426 2300 levius
1485 2244 1734 2298 habebat.
1841 2253 2114 2322 gaudium.

121 2329 455 2386 Recedebat
483 2331 626 2387 enim
652 2333 720 2388 al)
740 2349 806 2390 eo
833 2333 1056 2406 spiritus
1079 2335 1272 2392 malus.
1307 2355 1325 2388 ι
1357 2335 1560 2390 Pendet
1591 2337 1736 2392 enim
1919 2363 1938 2396 ι
1973 2345 2144 2402 Porro
2165 2343 2296 2402 Saul
2317 2355 2372 2402 et
2401 2346 2504 2400 viri
2527 2345 2690 2402 Israel
2713 2346 3028 2420 congregati
3059 2355 3186 2402 sunt
3215 2347 3268 2402 in
3295 2347 3438 2404 valle

121 2437 200 2474 ex
231 2421 630 2492 superioribus.
677 2421 776 2478 Hie
807 2425 970 2479 etiam
1001 2435 1162 2495 prout
1195 2441 1378 2496 supra,
1423 2435 1608 2498 typum
1657 2435 1762 2502 te-l
1847 2455 1866 2486 ι
1905 2435 2240 2492 Terebinthi.
2291 2457 2310 2488 ι
2351 2435 2712 2494 Terebinthus
2759 2447 2844 2492 est
2895 2439 2948 2492 in
3005 2435 3284 2504 Sichimis,
3335 2441 3436 2496 sub

123 2513 264 2567 nuit
293 2511 612 2570 Salvatoris.
663 2513 830 2570 David
869 2515 922 2570 in
959 2517 1188 2572 canticis
1227 2517 1450 2572 musicis
1493 2517 1738 2574 eruditus
1841 2543 1946 2600 qua
1979 2527 2264 2584 abscondit
2289 2525 2456 2582 Jacob
2493 2527 2630 2584 idola
2655 2527 2810 2599 juxta
2845 2528 3144 2602 Neapolim.
3177 2531 3312 2588 Hinc
3341 2547 3430 2586 re-

121 2613 290 2670 erat,
323 2617 374 2662 et
405 2607 664 2662 Dominus
700 2605 854 2664 Iesus
890 2607 1140 2666 Christus
1161 2607 1214 2664 in
1243 2609 1500 2666 Ecclesia:
1529 2611 1762 2696 unitate
1841 2621 1950 2676 fert
1971 2609 2240 2690 Josephus
2261 2621 2404 2692 quod
2433 2621 2711 2678 Palaestini
2739 2625 3106 2680 castrametati
3135 2633 3264 2680 sunt
3295 2625 3434 2680 inter

119 2697 312 2750 variis
335 2699 688 2754 concentibus
715 2699 766 2752 in
791 2699 1130 2770 expositione
1155 2711 1466 2756 sanetarum
1493 2699 1687 2772 Scriptl

1863 2711 2084 2768 ioehoth
2115 2719 2172 2766 et
2193 2713 2392 2768 Azeca.
2421 2711 2622 2768 Contra
2645 2729 2782 2784 quos
2811 2715 2990 2790 denuo
3013 2715 3142 2770 Saul
3181 2715 3431 2786 perduxit

119 2801 332 2842 rarum
363 2789 606 2858 quotidie
635 2797 888 2858 resonat,
915 2799 969 2846 et
999 2791 1264 2848 suavitate
1297 2791 1524 2864 mystica
1551 2793 1687 2848 modi

1863 2805 2166 2878 exercitum,
2185 2813 2412 2874 etsuper
2433 2807 2720 2876 quemdam
2737 2789 2978 2864 utentem
2999 2815 3176 2864 castra
3201 2823 3431 2878 ponens,

119 2885 288 2940 Iatur
317 2903 330 2940 :
363 2883 532 2940 David
571 2885 624 2940 in
657 2883 868 2942 cithara
909 2901 1114 2944 canens
1149 2887 1446 2960 malignum
1485 2887 1760 2968 spiritumr
1839 2895 2016 2968 coegit
2061 2895 2378 2952 Palaestinos
2425 2896 2604 2966 priora
2635 2897 2853 2968 quidem
2891 2908 3066 2966 castra
3103 2899 3429 2968 relinquere,

117 2975 384 3048 fugabat,
417 2987 472 3034 et
501 2979 752 3034 Christus
779 2995 876 3050 per
897 2979 1152 3034 virtutem
1185 2981 1366 3036 crucis
1393 2995 1504 3036 sua:
1535 2967 1762 3036 damno?
1839 2997 1898 3068 et
1915 2967 1984 3044 ei;
2013 2989 2242 3044 adverso
2263 2989 2484 3054 montis,
2505 3005 2666 3060 quem
2697 2987 2828 3060 san]
2855 2967 3304 3062 ειμριιοιιεηαρηιὶ,
3339 2991 3434 3044 ad-

115 3089 236 3128 nes
279 3071 556 3142 oppressit
601 3077 764 3142 atque
807 3071 874 3126 de
919 3073 1084 3128 corde
1127 3073 1460 3128 credentium
1501 3073 1728 3146 fugavit.
1759 3129 1806 3152 η
1839 3081 2044 3138 venire.
2101 3081 2400 3152 Divisitque
2447 3097 2636 3136 eorum
2681 3083 2954 3138 exercitus
2999 3083 3208 3140 medius
3253 3097 3430 3150 mons,

115 3163 255 3218 Non
285 3163 432 3218 enim
463 3163 520 3218 in
543 3163 750 3218 cithara
775 3163 926 3242 illius
949 3173 1098 3218 tanta
1127 3163 1298 3219 virtus
1325 3173 1464 3232 erat,
1491 3165 1586 3220 sed
1615 3181 1732 3238 my-
1755 3163 1808 3194 ν
1835 3175 1930 3246 qui
1957 3183 2076 3228 ριιειι
2099 3173 2308 3244 positus
2335 3173 2476 3228 ίηιοι·
2505 3187 2620 3228 eos.

115 3257 370 3312 sterium
397 3255 574 3310 crucis
615 3255 853 3320 Christi,
893 3273 990 3326 per
1017 3257 1218 3328 lignum
1247 3257 1565 3314 extensione
1607 3275 1734 3314 ner—
1913 3285 1930 3317 ι
1967 3265 2036 3320 Et
2062 3281 2316 3336 egressus
2349 3273 2432 3320 est
2461 3265 2546 3318 vir
2575 3267 2796 3336 spurius
2831 3267 2900 3322 de
2929 3267 3126 3322 castris
3151 3266 3430 3322 Philisthi-

113 3361 334 3403 vorum
364 3387 378 3410 ,
425 3347 654 3417 mystice
701 3347 1032 3418 gerebatur:
1081 3347 1134 3402 in
1193 3365 1298 3418 qua
1337 3349 1500 3404 etiam
1553 3353 1733 3422 passio
1845 3373 2090 3420 quorum
2121 3357 2344 3412 nomine
2371 3355 2610 3422 Goliath,
2643 3377 2662 3408 ι
2701 3365 2756 3412 et
2787 3357 3014 3428 reliqua.
3047 3357 3218 3428 Igitur
3245 3373 3434 3426 quent-

111 3441 350 3500 Christi
393 3443 726 3498 cantabatur.
765 3443 934 3498 David
957 3453 1182 3498 octavus
1209 3452 1264 3498 et
1283 3443 1540 3500 minimus
1563 3437 1768 3502 frater.
1839 3451 2128 3508 admodum
2165 3449 2220 3504 in
2257 3449 2484 3506 exordio
2529 3449 2756 3520 polliciti
2795 3467 3004 3516 sumus,
3045 3451 3308 3522 paulatim
3351 3451 3434 3504 hi-

117 3537 184 3592 in
225 3549 398 3604 regno
423 3535 658 3608 eligitur,
689 3547 742 3592 et
771 3535 1034 3592 Dominus
1059 3535 1214 3592 Jesus
1244 3535 1494 3594 Christus
1525 3547 1730 3594 sen'iet-
1837 3545 2064 3606 storiatn
2095 3551 2318 3612 tangere
2351 3543 2600 3614 cupimus
2631 3549 2692 3596 ut
2717 3543 3064 3612 postmodum
3089 3542 3302 3596 culmen
3327 3543 3432 3612 spi-

117 3629 318 3700 ipsum
361 3627 680 3696 exinanivit,
727 3629 1066 3702 formamque
1109 3631 1252 3686 servi
1295 3631 1590 3702 accipiens,
1635 3647 1734 3704 per
1787 3635 1796 3644 '
1837 3637 2014 3714 ritalis
2079 3635 2450 3706 intelligentiae
2507 3635 2862 3706 deponamus.
2929 3633 3158 3704 Spurius
3203 3633 3430 3698 dicitur,

119 3721 370 3792 gloriam
409 3721 826 3778 resurrectionis
855 3739 990 3788 sum,
1023 3729 1078 3777 et
1111 3721 1490 3794 Iit-angelicam
1531 3725 1730 3796 praedi-
1839 3731 1966 3804 quia
2013 3747 2078 3786 ex
2129 3741 2284 3802 patre
2321 3731 2562 3802 gigante,
2605 3739 2778 3784 matre
2811 3743 2938 3784 vero
2977 3729 3220 3792 Gelliaaa,
3273 3737 3462 3782 natus.

119 3815 418 3872 cntionem
457 3813 586 3888 (hoc
613 3815 757 3872 enim
790 3817 1118 3872 sacramenti
1141 3819 1316 3873 octavi
1355 3820 1566 3874 numeri
1593 3809 1764 3876 ohli-'
1837 3833 1976 3880 erat.
2009 3821 2178 3878 David
2213 3829 2394 3876 autem
2417 3829 2536 3876 erat
2561 3819 2702 3875 ﬁlius
2727 3819 2828 3874 viri
2871 3817 3140 3890 Ephrattei
3173 3819 3240 3874 de
3261 3817 3428 3872 Beth-
3455 3883 3462 3892 ι

119 3911 230 3964 n'et
265 3907 582 3986 arcanum),
617 3923 840 3980 regnum
867 3907 920 3962 in
951 3909 1202 3980 gentibus
1241 3909 1472 3980 adeptus
1497 3919 1600 3966 est.
1629 3911 1734 3968 Da-
1837 3915 2016 3970 leliem
2043 3911 2180 3970 Juda
2201 3953 2216 3978 ,
2247 3911 2330 3966 cui
2369 3925 2562 3966 nomen
2599 3917 2720 3964 erat
2759 3909 2878 3972 lsai,
2921 3909 3010 3980 qui
3043 3907 3276 3964 habebat
3305 3915 3428 3962 octo
3457 3967 3462 3972 ,

119 4003 226 4056 vid
261 4001 486 4074 pulchra
519 3999 658 4058 faeie
696 4019 816 4058 esse
851 4003 1196 4070 describitur,
1231 4005 1360 4076 quia
1389 4013 1444 4058 et
1473 4005 1734 4062 Dominus
1835 4007 1998 4064 ﬁlios.
2033 4005 2305 4074 Quatritur
2357 4019 2454 4060 cur
2483 4003 2572 4058 hic
2625 4011 2750 4058 octo
2789 4001 2928 4056 filios
2953 4001 3158 4056 habere
3197 4000 3432 4066 dicatur,

121 4095 298 4152 Jesus
335 4093 586 4152 Christus
612 4093 890 4166 speciosus
921 4095 1094 4152 forma
1121 4105 1206 4153 est
1257 4113 1370 4168 prae
1401 4097 1526 4152 ﬁliis
1557 4097 1734 4154 homi-
1837 4115 1962 4156 cum
2005 4099 2060 4154 in
2107 4097 2556 4168 Paralipomenon
2601 4111 2706 4150 non
2751 4095 2981 4166 amplius
3023 4109 3184 4164 quam
3223 4101 3432 4164 septem

121 4205 288 4246 ninn.
323 4187 490 4244 David
513 4187 666 4244 rul‘us
685 4205 806 4244 esse
837 4197 1110 4254 narratur,
1143 4189 1288 4244 etde
1327 4189 1610 4246 Salvatore
1637 4203 1736 4244 no-
1837 4191 2126 4262 leguntur?
2165 4189 2316 4258 Quod
2347 4189 2420 4244 ita
2445 4187 2672 4244 solvitur
2699 4203 2714 4241 ε
2743 4187 2952 4242 Nathan
2987 4187 3168 4256 itaque
3203 4185 3436 4256 prophe-

123 4293 254 4338 stro
305 4281 574 4353 Propheta
611 4283 756 4338 canit
789 4301 800 4336 :
841 4301 858 4332 ι
907 4281 1039 4350 Quis
1087 4291 1172 4338 est
1213 4281 1316 4338 iste
1355 4281 1448 4352 qui
1477 4281 1626 4338 venit
1667 4283 1734 4338 de
1841 4293 1972 4350 tam,
2009 4283 2180 4338 (ilium
2207 4281 2402 4338 Samaa
2431 4279 2524 4334 ﬁlii
2549 4279 2653 4344 sui,
2685 4295 2848 4350 quem
2881 4278 3080 4334 inloco
3113 4277 3206 4334 lilii
3235 4279 3435 4334 educa-

123 4375 314 4432 Edem
347 4373 480 4448 (Ita.
515 4373 706 4446 thn)?
755 4395 774 4426 ι
809 4381 864 4430 et
899 4373 1104 4444 reliqua
1125 4415 1138 4440 ,
1167 4375 1310 4446 quod
1347 4375 1734 4446 interpretatur
1763 4359 1766 4364 I
1841 4385 2066 4432 veratet
2087 4375 2372 4438 nutrierat,
2391 4373 2532 4428 inter
2555 4373 2978 4428 ﬁliosnumerat.
3011 4369 3144 4426 Nam
3171 4379 3226 4426 et
3246 4387 3430 4426 coram

125 4453 336 4524 rubens
355 4510 370 4536 ,
409 4469 522 4524 sive
551 4467 888 4540 sanguineus.
917 4467 1182 4524 Caeterum
1215 4467 1496 4522 moraliter
1525 4483 1624 4526 nos
1655 4469 1730 4524 in-
1755 4499 1814 4560 Β
1843 4470 2098 4528 Satnuele
2119 4479 2326 4542 septem
2347 4467 2464 4538 ejus
2485 4467 2580 4522 lilii
2605 4467 2860 4538 leguntur
2881 4465 3120 4532 adducti,
3139 4475 3192 4522 et
3211 4475 3434 4522 octavus

123 4563 328 4628 struit,
359 4559 502 4634 quod
531 4577 650 4616 cum
677 4559 892 4616 Saulem
921 4559 1144 4632 spiritus
1175 4559 1490 4616 immundus
1509 4559 1734 4616 invade.
1756 4557 1798 4560 —
1839 4579 1960 4622 esse
1989 4563 2044 4620 in
2071 4561 2288 4634 pascuis
2321 4579 2334 4616 :
2371 4561 2512 4616 inter
2540 4574 2678 4630 quos
2699 4557 2912 4614 Nathan
2939 4557 3230 4614 adductum
3261 4559 3434 4616 fuisse

127 4665 244 4722 ret,
279 4655 622 4726 apprehensa
653 4653 818 4710 David
859 4653 1066 4710 cithara
1093 4655 1242 4726 ejus,
1271 4655 1544 4710 vesaniam
1577 4655 1736 4712 seda-
1841 4654 2192 4730 manifestum
2238 4661 2338 4718 est,
2391 4653 2482 4722 qui
2527 4659 2582 4708 et
2603 4651 2872 4708 Jonathan
2917 4657 3164 4706 vocatur.
3219 4650 3294 4706 De
3323 4665 3431 4722 quo

125 4749 252 4816 bat.
285 4747 611 4818 Plerumque
643 4747 924 4820 superbus,
955 4747 1126 4814 dives,
1163 4748 1556 4804 exhortationis
1575 4749 1760 4810 blan-,
1839 4749 1898 4812 in_
1921 4755 2170 4806 extrema
2197 4753 2352 4818 parte
2381 4743 2650 4800 Samuelis
2675 4743 2874 4798 dicitur
2907 4759 2920 4796 :
2949 4741 3228 4798 Percussit
3247 4751 3428 4798 autem

127 4831 386 4898 dimento
409 4841 706 4912 placandus
731 4849 814 4896 est
833 4881 846 4906 ,
883 4839 1008 4910 quia
1036 4849 1088 4894 et
1117 4823 1438 4912 plerumque
1461 4841 1594 4896 dura
1619 4839 1736 4896 vul-
1761 4907 1764 4910 _
1839 4855 1964 4896 eum
1995 4837 2262 4896 lonathan
2285 4835 2428 4892 ﬁlius
2459 4821 2689 4900 Samaa,
2721 4833 2908 4892 fratris
2933 4834 3123 4890 David.
3153 4835 3220 4890 Et
3239 4843 3432 4890 notan-

127 4951 294 5000 nera,
321 4951 420 5006 per
437 4933 578 4992 lenia
603 4931 842 4990 fomenta
873 4931 1220 4999 mollescunt,
1251 4939 1306 4988 et
1333 4933 1486 4988 I'uror
1515 4933 1736 4990 insano-
1839 4929 1968 5010 dum
1995 4929 2138 5004 quod
2167 4929 2474 4998 ubicunque
2493 4927 2758 5000 propheta
2783 4935 3030 4996 vocatur,
3059 4927 3274 4982 Nalban
3299 4927 3432 4982 scri-

127 5046 262 5086 rum
285 5043 430 5098 saepe
471 5027 538 5084 ad
565 5025 816 5092 salutem,
852 5025 1032 5080 medio
1057 5025 1390 5092 blandiente,
1427 5025 1728 5082 reducitur.
1839 5023 2006 5090 bitur,
2037 5039 2146 5080 non
2175 5021 2466 5078 Jonathan.

129 5119 388 5190 (Suntque
429 5117 496 5173 ab
523 5117 602 5174 eis
631 5117 686 5172 in
726 5115 1064 5171 dulcedinem
1101 5115 1572 5182 condescenditur,
1609 5115 1734 5172 lan-
1918 5139 1936 5172 ι
1981 5117 2232 5188 Dixitque
2261 5115 2328 5172 ad
2361 5115 2530 5172 David
2557 5123 2713 5186 pater
2751 5129 2882 5170 suus
2915 5131 2926 5167 :
2961 5111 3110 5168 Vade
3137 5111 3204 5166 ad
3230 5107 3460 5170 fratres.

129 5231 280 5288 guor
309 5213 532 5270 insaniae
555 5213 858 5284 mitigatur.
893 5209 1080 5282 Neque
1115 5209 1258 5266 enim
1289 5209 1624 5282 negligenter
1651 5211 1734 5266 in-
1847 5231 1882 5270 ε,
1913 5219 2036 5268 tuos
2059 5253 2074 5280 ,
2107 5209 2350 5264 \‘isitabis
2379 5207 2426 5264 si
2453 5215 2600 5264 recte
2629 5215 2811 5280 agant,
2839 5215 3036 5262 etcum
3067 5203 3262 5274 quibus
3283 5201 3428 5258 ordi-

133 5307 406 5366 tuendum
435 5313 540 5370 est,
587 5305 730 5376 quod
779 5317 904 5358 cum
945 5301 1164 5358 Saulem
1207 5301 1431 5372 spiritus
1471 5303 1734 5360 adversus
1849 5323 1884 5374 ¢_
1921 5305 2034 5360 nati
2076 5311 2224 5370 sunt,
2263 5301 2428 5358 disce.
2471 5321 2490 5356 ι
2531 5299 2592 5356 In
2619 5301 2844 5358 llebraeo
2875 5301 2947 5356 ita
2977 5299 3210 5354 habetur
3249 5315 3262 5350 :
3307 5315 3324 5348 ι
3365 5295 3432 5353 Et

133 5381 448 5464 invaderet,
479 5397 818 5470 apprehensa
855 5395 1026 5450 David
1047 5393 1278 5460 cithara,
1307 5393 1426 5464 ejus
1455 5395 1734 5452 vesaniam
1847 5415 1868 5448 ι
1903 5393 2104 5450 fratres
2149 5403 2270 5450 tuos
2313 5392 2556 5448 visitabis
2597 5393 2642 5446 si
2689 5401 2838 5448 recte
2887 5377 3066 5461 agant,
3107 5396 3164 5444 et
3203 5389 3464 5468 pignora_

133 5473 388 5550 sedabat.
413 5489 552 5558 Quid
574 5489 716 5544 enim
733 5503 830 5560 per
846 5487 1062 5543 Saulem
1085 5485 1188 5542 nisi
1213 5483 1376 5542 elatio
1397 5487 1736 5558 potentium?
1847 5473 2092 5560 (eorum
2117 5485 2388 5540 tollentes.
2421 5503 2440 5536 ι
2469 5483 2702 5554 Pignora
2729 5483 2784 5536 in
2813 5483 2914 5536 hoc
2939 5481 3077 5546 loco,
3119 5477 3330 5535 Hebraei
3349 5473 3430 5534 Ἰε-

133 5567 208 5642 Et
233 5583 369 5658 quid
401 5599 498 5656 per
519 5583 684 5638 David
707 5581 968 5646 innuitur,
993 5580 1096 5636 nisi
1117 5579 1336 5636 humilis
1369 5579 1482 5634 vita
1509 5589 1736 5638 sancto-
1787 5647 1792 5650 _
1843 5577 2036 5634 bellum
2077 5577 2280 5648 repudii
2329 5575 2650 5646 intelligunt.
2698 5571 3004 5628 Secundum
3053 5587 3212 5628 usum
3255 5571 3432 5644 gentis

135 5691 262 5748 rum
287 5675 312 5730 ?
343 5673 480 5732 Cum
517 5689 646 5746 ergo
669 5669 800 5728 Saul
827 5671 894 5728 ab
927 5671 1206 5726 immundo
1237 5669 1432 5742 spiritu
1453 5671 1732 5744 arripitur,
1841 5671 1988 5746 illius
2017 5669 2284 5734 fecerunt,
2321 5677 2380 5722 ut
2407 5667 2626 5738 quando
2663 5665 2844 5720 ibatur
2887 5665 2955 5720 ab
2989 5665 3072 5720 eis
3113 5665 3166 5720 in
3195 5678 3434 5736 pugnam

133 5767 320 5866 David
353 5775 602 5836 canente,
645 5765 760 5840 ejus
797 5765 1018 5822 vesania
1052 5757 1404 5838 temperatur,
1453 5763 1580 5836 quia
1608 5779 1736 5852 cum
1759 5839 1806 5856 ψ
1841 5763 2052 5856 libellos
2083 5763 2290 5852 repudii
2319 5759 2580 5848 uxoribus
2609 5759 2722 5816 suis
2755 5757 2982 5828 darent,
3013 5767 3074 5840 ut
3097 5759 3142 5816 si
3169 5755 3432 5836 contigis-

1759 5839 1806 5856 ιδ-
