3970 6332
546 270 644 328 3H

1580 256 1933 320 ANGELOMI
1970 253 2433 316 LUXOVIENSIS
2471 253 2778 314 MONACHI
3718 261 3790 323 3|!

536 373 627 444 set
666 385 845 441 virum
881 383 939 438 in
992 378 1181 452 prtelio
1219 376 1340 450 capi
1378 388 1432 434 et
1473 376 1528 432 in
1577 375 1944 446 captivitatem
1986 346 2130 440 duci,
2161 375 2212 437 Α
2239 388 2358 443 quae
2403 387 2557 427 arma
2583 369 2912 442 impietatis,
2953 370 3229 450 Dominus
3261 368 3428 428 Jesus
3453 367 3683 433 Christus
3704 379 3790 454 igne

536 481 737 538 mulier
763 477 903 550 ejus,
929 474 1264 548 etSpeetatis
1286 473 1462 529 tribus
1484 470 1662 538 annis,
1688 469 1732 525 si
1759 469 1843 523 vir
1871 465 1988 537 ejus
2021 483 2129 522 non

538 571 814 636 rediisset,
830 569 996 625 alium
1019 565 1471 624 duxissetvirum.
1501 561 1679 633 Eligat
1701 559 1938 631 prudens
1960 558 2132 615 lector

539 663 673 735 quid
695 663 798 719 sibi
827 659 1116 733 placuerit,
1141 673 1241 714 nos
1255 655 1658 726 simplicitatem
1680 653 1920 709 historia:
1932 659 2133 708 nostrae

543 760 733 811 tenere
760 752 1122 810 decrevimus.

622 867 641 900 ι
677 845 935 916 Dixitque
960 844 1008 900 ei
1037 842 1210 897 frater
1245 855 1374 896 suus
1405 857 1418 894 ε
1448 838 1628 906 Quare
1660 837 1857 892 venisti
1883 843 1938 890 et
1967 851 2135 906 quare

547 959 569 995 ι
602 937 940 1010 dereliquisti
962 934 1222 1008 pauculas
1244 948 1374 989 oves
1396 931 1582 987 illasin
1606 931 1853 994 deserto;
1881 945 1980 1000 ego
2011 927 2134 982 novi

542 1033 854 1106 superbiam
887 1039 1058 1096 tuam,
1100 1047 1117 1080 ι
1149 1036 1205 1083 et
1233 1026 1462 1096 reliqua.
1501 1025 1675 1081 Nosse
1717 1039 1774 1080 se
1817 1024 1948 1079 dicit
1995 1023 2138 1078 illius

541 1125 852 1198 superbiam
895 1131 950 1179 et
999 1121 1299 1191 nequitiam
1339 1119 1542 1182 cordis,
1593 1117 1717 1188 quia
1761 1117 1983 1186 putabat
2013 1131 2137 1170 eum

544 1191 959 1275 tumore'cordis
980 1213 1206 1278 elevari,
1227 1227 1293 1267 eo
1313 1212 1456 1282 quod
1483 1209 1701 1266 Samuel
1719 1209 1866 1264 illum
1891 1209 2139 1264 tinxisset

540 1310 598 1366 in
626 1323 828 1381 regem.

619 1418 640 1451 ι
673 1400 974 1454 Assumens
1007 1406 1188 1452 autem
1219 1395 1389 1451 David
1421 1400 1586 1464 caput
1624 1391 1923 1447 Philistbaei
1958 1389 2140 1445 attulit

546 1509 566 1544 ι
621 1489 751 1546 illud
780 1490 835 1545 in
861 1487 1187 1546 Jerusalem.
1233 1486 1398 1540 Arma
1424 1499 1556 1539 vero
1583 1484 1760 1554 posuit
1791 1483 1842 1537 in
1879 1482 2136 1538 taberna-

545 1602 566 1635 ι
621 1580 765 1638 culo.
802 1601 821 1634 ι
849 1579 1003 1648 Quod
1028 1577 1163 1635 dicit
1183 1577 1430 1634 attulisse
1459 1575 1627 1630 David
1653 1583 1816 1644 caput
1837 1572 2137 1628 Philisthaei

539 1677 594 1732 in
617 1671 941 1738 Jerusalem,
966 1671 1282 1741 anticipatio
1296 1679 1398 1733 est,
1424 1667 1566 1739 quod
1580 1675 1766 1736 postea
1791 1663 1936 1720 fecit.
1969 1662 2136 1718 Arma

2237 465 2469 539 Spiritus
2493 465 2577 522 sui
2593 465 2789 532 sancti,
2805 465 2945 522 sicut
2965 463 3444 537 Psalmographus
3465 467 3626 535 canit,
3645 489 3662 523 ι
3685 487 3791 532 com.

2233 556 2410 612 bussit
2453 561 2509 610 et
2555 555 2624 612 ad
2653 553 2878 610 nihilum
2904 570 3075 626 usque
3124 553 3352 626 redegit
3378 551 3552 627 (Ρωι.
3585 559 3697 629 cvi).
3725 583 3789 616 ι..

2239 670 2260 703 ‹
2293 648 2629 705 Procedebat
2656 664 2786 704 vero
2810 647 3168 706 Philisthznus
3201 667 3373 707 mane
3410 660 3464 707 et
3495 668 3698 724 vespere
3727 673 3792 728 per

2235 741 2594 814 quadraginta
2640 741 2778 808 dies,
2845 762 2864 795 ι
2925 750 2980 798 et
3025 743 3270 814 reliqua.
3327 742 3678 818 Quadraginta
3714 751 3792 810 dies

2237 836 2434 908 quibus
2486 834 2703 892 Goliath
2758 835 3018 893 adversus
3075 837 3355 909 populum
3422 837 3584 896 Israel
3634 843 3790 902 stetisse

2238 938 2512 995 narratur,
2535 944 2696 984 omne
2725 937 2936 1000 tempus
2956 929 3077 985 vitae
3103 931 3430 1002 praesentis,
3452 941 3660 1002 propter
3673 933 3792 992 deua-

2238 1023 2304 1079 rii
2339 1024 2547 1079 numeri
2570 1023 2980 1096 perfectionem,
3008 1032 3180 1095 atque
3201 1024 3404 1081 mundi
3425 1034 3648 1096 quatuor
3661 1039 3790 1099 partes

2239 1116 2356 1172 sive
2399 1125 2633 1188 quatuor
2671 1117 2970 1183 elementa,
3005 1133 3036 1174 e
3077 1119 3291 1188 quibus
3343 1118 3578 1175 visibilis
3607 1131 3792 1179 creatura

2241 1217 2479 1275 constat,
2519 1209 2747 1282 figuram
2785 1209 3040 1266 habuisse
3070 1226 3188 1266 non
3220 1210 3458 1266 dubium
3491 1221 3588 1267 est.
3617 1213 3748 1270 David
3771 1231 3792 1271 ι

2240 1313 2395 1377 patre
2428 1319 2526 1358 suo
2553 1303 2620 1358 ad
2651 1303 2979 1359 visitandum
3003 1301 3214 1358 fratres
3235 1302 3448 1359 missus
3468 1312 3552 1358 est
3573 1321 3586 1357 :
3607 1299 3791 1361 similiter

2239 1405 2295 1453 et
2321 1395 2571 1452 Christus
2614 1395 2875 1451 Dominus
2918 1411 2948 1450 a
2992 1395 3103 1452 Deo
3135 1395 3312 1452 Patre
3346 1396 3419 1452 ad
3448 1410 3574 1452 oves
3597 1411 3698 1468 quae
3727 1413 3789 1469 pe.

2241 1487 2856 1554 rierantdomuslsrael,
2885 1503 2944 1544 se
2966 1487 3316 1544 destinatum
3343 1488 3480 1544 dicit
3506 1487 3698 1560 (Matth.
3715 1491 3790 1562 xv).

2242 1581 2412 1637 David
2447 1580 2572 1652 ephi
2609 1579 2860 1651 polentae,
2893 1580 3000 1636 hoc
3026 1589 3114 1635 est
3140 1581 3320 1634 trium
3363 1580 3652 1635 mediorum
3684 1596 3788 1635 men-

2243 1687 2426 1728 suram
2461 1670 2722 1726 fratribus
2751 1671 2865 1726 suis
2894 1671 3116 1738 detulit,
3155 1680 3216 1728 et
3245 1669 3508 1727 Christus
3544 1687 3633 1742 per
3653 1687 3790 1726 novam

538 1782 674 1822 vero
696 1765 834 1835 ejus,
885 1765 938 1819 id
981 1773 1066 1819 est
1101 1761 1418 1826 Philisthazi,
1462 1775 1568 1814 non
1601 1767 1686 1814 est
1729 1756 2133 1826 intelligendum
2163 1757 2212 1817 B
2239 1762 2543 1818 doctrinam
2571 1778 2736 1833 quam
2780 1762 3037 1818 Ecclesia:
3081 1779 3201 1818 suae
3245 1762 3511 1830 tradidit,
3543 1763 3788 1835 mysterium

541 1860 688 1932 quod
709 1861 763 1916 in
791 1875 890 1914 suo
911 1858 1159 1930 posuerit
1181 1853 1556 1919 tabernaculo,
1585 1853 1680 1909 sed
1710 1853 1760 1906 in
1791 1850 2140 1906 tabernaculo

543 1949 781 2016 Domini,
837 1949 902 2005 de
949 1963 1057 2019 quo
1087 1945 1437 2003 tabernaculo
1478 1955 1666 2015 postea
1709 1943 1778 1998 ab
1824 1941 2139 1997 Abimelech

543 2039 830 2098 sacerdote
879 2039 1106 2110 accepit,
1151 2038 1380 2108 ideoque
1433 2034 1706 2107 superfluo
1748 2033 1992 2090 additum
2032 2041 2137 2100 est,

544 2149 664 2186 δυο.

626 2242 645 2274 ‹
685 2222 941 2293 Dixitque
975 2220 1189 2276 Abner:
1219 2219 1360 2276 Vivit
1381 2220 1564 2274 anima
1589 2227 1700 2284 tua,
1721 2233 1837 2284 rex,
1868 2217 1914 2273 si
1943 2208 2090 2272 novi.
2116 2235 2136 2269 ι

547 2317 858 2372 Secundum
885 2314 1016 2370 illud
1046 2313 1334 2369 locutionis
1352 2328 1522 2385 genus
1546 2313 1649 2367 hoc
1665 2311 1870 2366 dictum
1891 2318 1976 2365 est
1997 2309 2142 2378 quod

549 2408 676 2464 alibi
716 2407 964 2480 legimus,
998 2405 1282 2462 Benedixit
1314 2405 1525 2461 Nabath
1567 2405 1681 2460 Deo
1723 2412 1780 2460 et
1827 2403 1981 2475 regi;
2029 2401 2142 2457 acsi

550 2504 756 2558 diceret
793 2518 806 2555 :
844 2499 962 2556 Non
986 2501 1131 2555 vivat
1159 2500 1341 2555 anima
1379 2507 1492 2565 tua,
1525 2513 1644 2564 rex,
1677 2497 1722 2552 si
1751 2497 1894 2551 novi.
1923 2495 2097 2550 Aliter
2125 2511 2142 2551 :

550 2597 776 2653 Videam
805 2604 1035 2652 mortem
1063 2605 1210 2651 tuam
1242 2595 1287 2651 si
1310 2595 1454 2650 novi.
1483 2593 1590 2649 Seu
1618 2593 1808 2658 etiam,
1839 2599 1900 2646 ut
1924 2590 2145 2660 quidam

548 2693 769 2757 volunt,
800 2693 845 2746 si
873 2689 1108 2762 positum
1136 2698 1221 2745 est
1247 2704 1348 2759 pro
1374 2706 1478 2744 non
1504 2685 1784 2751 adverbio,
1820 2694 1881 2740 ut
1899 2693 1985 2740 est
2014 2683 2146 2738 illud

548 2783 850 2839 Psalmista:
884 2798 898 2834 :
936 2801 954 2832 ‹
991 2779 1048 2835 Si
1080 2779 1382 2835 introibant
1411 2779 1466 2834 in
1515 2776 1757 2848 requiem
1792 2789 1990 2830 meam.
2030 2793 2048 2826 ι
2090 2773 2146 2830 ld

547 2877 764 2932 estnon
800 2873 1122 2930 introibunt.
1167 2872 1228 2928 Si
1273 2873 1392 2927 novi
1426 2872 1558 2927 dicit
1591 2871 1704 2926 acsi
1765 2870 1993 2934 diceret,
2041 2885 2147 2922 non

548 2970 688 3026 novi.
722 2969 906 3026 Utitur
952 2969 1097 3023 enim
1153 2967 1316 3022 modo
1355 2964 1577 3036 jurandi
1621 2981 1722 3035 per
1768 2965 1937 3019 vitam
1981 2963 2146 3034 regis,

546 3070 604 3115 et
628 3059 864 3114 affirmat
904 3074 964 3114 se
993 3074 1098 3113 non
1137 3073 1299 3113 nosse
1323 3057 1468 3112 unde
1500 3057 1572 3112 sit
1592 3056 1785 3110 David.
1821 3053 1936 3111 Hoc
1977 3055 2144 3109 etiam

549 3151 712 3206 modo
731 3166 860 3207 usus
874 3160 958 3206 est
971 3147 1192 3221 Josepb,
1209 3148 1426 3220 quando
1437 3149 1514 3203 ait
1534 3147 1793 3203 fratribus
1808 3147 1922 3202 suis
1951 3165 1965 3201 :
1989 3165 2006 3199 ι
2041 3145 2147 3202 Per

550 3242 780 3299 salutem
825 3241 1144 3305 Pharaonis,
1199 3257 1306 3297 non
1342 3239 1724 3312 regrediemini
1757 3239 1881 3294 hinc
1906 3280 1922 3304 ,
1971 3239 2145 3295 donec

550 3333 736 3389 veniat
765 3331 934 3388 frater
963 3340 1145 3387 vester
1177 3330 1454 3386 minimus.
1494 3350 1511 3383 ι
1546 3329 1688 3385 Ecce
1725 3329 2034 3395 historiam,
2065 3328 2140 3384 si-

551 3433 644 3480 cut
675 3423 1081 3495 spopondimns,
1112 3423 1422 3477 summatim
1445 3420 1745 3492 tetigimus,
1772 3435 1914 3475 nunc
1940 3418 2143 3491 ﬁguras

551 3517 877 3590 spiritalium
908 3532 1090 3573 rerum
1121 3515 1529 3588 subjungamus.
1563 3515 1657 3572 Ait
1681 3516 1829 3570 enim
1863 3531 2019 3572 sacra
2053 3516 2145 3572 de-

549 3612 820 3683 scriptio:
856 3630 874 3662 r
922 3609 1332 3682 Congregantes
1391 3624 1521 3664 vero
1575 3607 1846 3663 Philistim
1903 3607 2142 3679 agmina,

549 3719 670 3772 sua,
702 3726 722 3758 ι
759 3712 814 3760 et
845 3703 1244 3774 reliquacQuid
1269 3718 1366 3774 per
1387 3701 1732 3759 Philisthaeos
1761 3702 1864 3759 nisi
1893 3703 2147 3758 adversa-

550 3800 667 3856 rias
702 3799 1040 3870 potestates?
1079 3797 1146 3853 Et
1171 3797 1299 3869 quid
1332 3813 1429 3868 per
1453 3795 1667 3853 Goliath
1696 3794 2002 3861 (lethaeum,
2038 3793 2146 3850 nisi

554 3898 720 3962 caput
788 3889 1034 3945 omnium
1103 3888 1372 3945 malorum
1449 3887 1694 3944 diabolus
1768 3885 2147 3959 praefiguratus

553 3984 682 4042 est?
711 3984 804 4056 qui
855 3983 1114 4039 adversus
1165 3984 1424 4055 populum
1472 3982 1590 4050 Dei,
1643 3998 1764 4038 cum
1821 3982 2147 4038 satellitibus

555 4078 670 4135 suis
699 4079 768 4134 ab
794 4077 1004 4149 origine
1024 4077 1210 4132 mundi
1238 4075 1546 4141 dimicavit,
1579 4077 1673 4133 sed
1703 4084 1828 4131 ante
1855 4075 2146 4130 adventum

553 4173 672 4228 veri
706 4173 900 4238 David,
938 4172 1041 4229 hoc
1069 4183 1153 4229 est
1189 4173 1410 4229 humani
1433 4171 1650 4244 generis
1686 4169 2091 4241 Redemptoris,
2115 4185 2147 4224 a

555 4265 708 4322 nullo
735 4267 977 4338 superari
1007 4275 1238 4338 poterat.
1261 4265 1404 4322 Geth
1430 4279 1560 4321 vero
1581 4257 1774 4320 civitas
1791 4271 1876 4318 est
1905 4261 2148 4331 ejusdem

555 4353 793 4424 Goliath,
850 4375 970 4430 quae
1029 4359 1414 4430 interpretatur
1459 4356 1713 4421 torcular,
1767 4365 1819 4409 et
1865 4353 2150 4425 praesentis

2244 1863 2450 1912 sanctae
2484 1854 2768 1910 Trinitatis
2795 1854 3008 1910 cunctis
3032 1853 3404 1910 credentibus
3443 1853 3786 1909 commendarit.

2243 1947 2413 2004 David
2443 1948 2632 2004 decem
2663 1946 2937 2003 formellas
2964 1948 3108 2003 casei
3130 1948 3366 2004 tribuno
3380 1946 3591 2013 detulit,
3605 1957 3650 2002 et
3663 1945 3787 2002 Domi-

2243 2056 2346 2096 nus
2360 2039 2518 2096 Jesus
2539 2038 2786 2094 Christus
2813 2038 3130 2110 decalogum
3157 2037 3304 2111 legis
3324 2037 3526 2110 populo
3549 2035 3786 2092 Judaomn

2244 2134 2489 2190 tradidit.
2513 2129 2730 2188 Goliath
2753 2130 3006 2188 Gethaeus
3031 2149 3338 2204 personam
3363 2133 3560 2189 diaboli
3585 2132 3782 2204 gestabat,

2243 2225 2336 2294 qui
2363 2224 2430 2280 de
2455 2223 2741 2279 altitudine
2768 2225 3034 2295 superbiae
3060 2240 3175 2281 suae
3214 2241 3278 2280 se
3304 2225 3541 2296 jactans,
3571 2239 3656 2294 per
3675 2239 3784 2280 omne

2246 2327 2460 2387 tempus
2503 2317 2647 2387 quod
2693 2327 2815 2372 ante
2863 2318 3156 2374 adventum
3213 2318 3524 2376 Salvatoris
3569 2319 3782 2374 decursum

2245 2417 2346 2472 est,
2385 2409 2647 2464 adversus
2689 2409 2944 2480 populum
2975 2408 3072 2466 Dei
3115 2411 3399 2468 dimicans
3423 2452 3440 2479 ,
3471 2413 3526 2467 in
3554 2411 3650 2466 imo
3674 2411 3782 2481 hujus

2246 2501 2454 2567 mundi,
2479 2501 2626 2556 velut
2649 2501 2702 2557 in
2729 2501 2885 2569 valle,
2919 2519 2947 2556 a
2975 2501 3120 2558 nullo
3139 2513 3370 2574 poterat
3399 2501 3781 2576 superari.Eliab,

2247 2595 2418 2650 frater
2446 2594 2616 2650 David
2647 2595 2852 2667 major,
2876 2597 2968 2668 qui
2996 2597 3403 2669 interpretatur
3431 2596 3566 2652 Deus
3586 2611 3778 2667 ηιειιρο·

2247 2699 2347 2754 ter,
2381 2695 2566 2759 typum
2597 2699 2840 2760 gestasse
2872 2688 3187 2746 Iudaeorum
3217 2707 3330 2748 non
3373 2690 3586 2746 dubium
3613 2696 3694 2755 est,
3721 2686 3781 2756 qui

2249 2781 2382 2837 licet
2409 2781 2554 2837 falsa
2589 2783 2866 2853 opinione,
2898 2799 2956 2840 se
2988 2783 3208 2840 Domini
3242 2793 3459 2856 patrem
3493 2783 3667 2838 habere
3683 2795 3780 2834 men-

2250 2874 2480 2939 tiuntur,
2525 2890 2622 2945 per
2649 2876 2751 2931 hoc
2797 2890 2930 2931 vero
2961 2877 3104 2946 quod
3132 2876 3434 2933 Dominum
3462 2875 3631 2932 Jesum
3669 2871 3778 2927 Chri-

2250 2976 2394 3025 stum
2435 2966 2602 3022 iilium
2633 2965 2752 3038 ejus
2779 2968 3019 3024 aemulati
3063 2978 3213 3037 sunt,
3263 2969 3336 3026 ab
3367 2966 3661 3025 haereditate
3685 2962 3776 3016 ﬁlio-

2249 3080 2374 3120 rum
2419 3063 2514 3120 Dei
2553 3063 3040 3136 degeneraverunt,
3075 3073 3130 3119 et
3168 3063 3558 3136 primogenita,
3593 3073 3691 3130 qua:
3710 3055 3778 3110 illis

2243 3157 2370 3228 jure
2417 3155 2776 3222 debebantur,
2824 3156 2894 3212 ob
2938 3155 3108 3228 culpae
3155 3155 3420 3212 meritum
3475 3151 3772 3226 perdiderunt.

2249 3249 2417 3306 David
2443 3249 2653 3305 leonem
2683 3249 2892 3319 pariter
2925 3257 2980 3304 et
3008 3265 3194 3304 ursum
3231 3249 3488 3314 necavit,
3511 3256 3563 3302 et
3587 3241 3776 3302 Dominus

2247 3340 2408 3398 Jesus
2432 3339 2681 3397 Christus
2705 3339 2978 3396 diabolum
3003 3341 3322 3398 hominibus
3342 3340 3567 3396 latenter
3585 3334 3772 3392 insidian-

2247 3442 2384 3499 tem,
2416 3439 2470 3486 et
2505 3439 2630 3486 ante
2664 3430 2942 3487 Christum
2987 3430 3042 3485 in
3080 3439 3368 3501 posterum
3413 3422 3773 3486 manifestissime

2248 3523 2582 3590 saevientem,
2630 3523 2684 3578 in
2726 3523 2934 3595 judicio
2986 3525 3283 3596 puniturus
3329 3532 3436 3580 est.
3489 3519 3639 3577 David
3670 3525 3769 3569 arma

2249 3615 2430 3673 Saulis
2466 3615 2732 3686 deposuit,
2778 3615 2905 3686 quia
2945 3625 3000 3672 et
3027 3615 3286 3674 Christus
3316 3612 3607 3686 corporalia
3645 3617 3772 3662 sam-

2247 3717 2432 3766 mcnta
2458 3707 2612 3778 legis,
2650 3716 2814 3780 atque
2843 3707 3083 3764 carnalia
3117 3707 3285 3775 bella,
3318 3723 3440 3779 qua:
3464 3719 3563 3761 non
3593 3706 3693 3758 sunt
3706 3697 3770 3748 im-

2247 3801 2423 3874 posita
2448 3800 2720 3872 gentibus,
2741 3799 2956 3871 repulit.
2980 3800 3159 3858 Onera
3182 3815 3426 3872 namque
3440 3795 3567 3868 legis
3587 3790 3768 3862 legimus.

2249 3895 2346 3954 sed
2373 3893 2668 3951 carnaliter
2707 3911 2813 3948 non
2840 3895 3215 3951 observamus.
3261 3893 3511 3964 Quinque
3541 3877 3770 3956 limpidiﬁl'

2249 4002 2368 4042 mos
2402 3985 2608 4057 lapides
2631 3984 2698 4041 de
2734 3993 2976 4042 torrente
3010 3985 3205 4056 elegit,
3253 3993 3312 4042 et
3342 3985 3397 4040 in
3439 3994 3609 4054 peram
3641 3981 3766 4046 pasw‘

2250 4081 2422 4138 ralem
2463 4080 2633 4145 misit,
2682 4089 2738 4134 et
2791 4079 3042 4137 Christus
3086 4080 3354 4138 Dominus
3399 4078 3619 4151 quinque
3655 4066 3767 4122 libros

2252 4171 2502 4229 Mosaicae
2555 4171 2690 4244 legis
2749 4171 2816 4228 de
2865 4171 3028 4227 fluvio
3084 4171 3270 4229 saeculi
3310 4171 3471 4243 hujus
3525 4155 3765 4244 assumtis"-

2250 4264 2479 4321 Labitur
2499 4243 2645 4320 enim
2673 4262 2904 4319 mortale
2932 4262 3190 4319 saeculum
3214 4304 3230 4331 ,
3259 4273 3320 4320 et
3341 4253 3636 4335 praeterfluit
3659 4243 3765 4319 quid—

2253 4358 2384 4428 quid
2427 4356 2576 4412 venit
2615 4356 2668 4410 in
2714 4355 2998 4411 mundum.
3044 4355 3178 4412 Erat
3211 4356 3359 4412 enim
3389 4354 3443 4410 in
3473 4347 3662 4406 ﬂumine
3690 4347 3766 4392 ωιι⁸

559 4450 746 4508 mundi
787 4428 885 4506 seu
922 4449 1119 4505 inferni
1170 4428 1542 4552 praetendebat
1593 4445 2040 4511 similitudinem,
2093 4443 2148 4498 in
2174 4465 2421 4552 unam
2466 4449 2522 4503 in
2576 4446 2772 4518 populo
2817 4447 2928 4502 illo.
2985 4466 3003 4498 ι
3065 4446 3133 4504 Et
3180 4448 3236 4504 in
3285 4459 3471 4520 peram
3516 4428 3764 4542 pastoralem

557 4551 667 4612 Quo
705 4541 906 4596 mundo
936 4551 1099 4612 atque
1131 4541 1346 4597 inferno
1376 4538 1624 4597 diabolus
1653 4539 1946 4594 humanum
1977 4549 2149 4606 genus

555 4634 798 4707 peccatis
839 4633 1156 4699 obnoxium,
1197 4634 1348 4690 velut
1387 4633 1440 4688 in
1479 4630 1734 4688 torculari
1771 4628 2144 4685 conculcabat.

556 4711 888 4793 Enormitas,
918 4727 1033 4784 sive
1058 4726 1285 4784 altitudo
1313 4727 1481 4801 ipsius
1502 4723 1738 4789 Goliath,
1772 4722 1970 4780 diaboli
1999 4721 2148 4779 desi-

557 4820 760 4893 gnabat
803 4822 1136 4891 superbiam.
1184 4820 1538 4892 Septenarius
1584 4833 1818 4890 namque
1885 4833 2148 4873 numerus

559 4927 810 4982 superare
847 4912 1048 4982 quietis
1077 4912 1288 4967 obtinet
1311 4919 1710 4968 sacramentum
1729 4952 1744 4976 ,
1776 4925 1844 4966 ex
1871 4925 1979 4981 qua
2006 4908 2150 4964 idem

558 5005 805 5063 diabolus
825 5007 895 5062 ob
923 5006 1190 5077 superbiae
1211 5021 1323 5061 sua:
1342 5007 1592 5062 meritum
1621 5005 1890 5068 exclusus,
1923 5002 1977 5058 in
2005 5003 2153 5058 hunc

557 5103 844 5168 mundum,
871 5102 962 5172 qui
988 5117 1080 5156 sex
1104 5101 1296 5156 diebus
1317 5099 1493 5157 factus
1515 5093 1936 5176 essqnarratur,
1969 5099 2153 5170 lapsus

558 5202 663 5248 est.
706 5193 774 5250 Et
799 5195 922 5265 quia
950 5209 1112 5265 super
1148 5192 1552 5264 delinquentem
1583 5203 1890 5250 creaturam
1930 5201 2154 5263 propter

555 5284 768 5353 peccati
798 5285 1053 5340 meritum
1080 5326 1094 5350 ,
1143 5284 1198 5340 in
1233 5283 1336 5341 hoc
1383 5287 1584 5341 mundo
1614 5285 1976 5355 principatum
2019 5284 2158 5340 obti-

558 5376 699 5443 nuit,
745 5378 898 5448 qnasi
947 5378 1185 5450 palmam
1215 5385 1379 5449 sdper
1415 5378 1585 5448 ipsius
1621 5377 1807 5431 mundi
1847 5386 2154 5432 creaturam

561 5467 927 5538 superbiendo
965 5471 1176 5526 extulit.
1223 5471 1390 5526 Arma
1437 5483 1568 5524 vero
1603 5466 1842 5534 Goliath,
1885 5476 1940 5523 et
1971 5467 2154 5538 operi-

563 5567 804 5614 mentum
836 5561 974 5631 ejus,
1003 5564 1170 5619 totius
1191 5562 1389 5620 diaboli
1419 5561 1752 5633 impietatem
1783 5570 1946 5632 atque
1975 5561 2161 5631 nequi-

561 5649 696 5704 tiam
728 5650 1206 5722 demonstrabant,
1249 5647 1347 5728 per
1373 5670 1496 5728 qua:
1525 5655 1818 5710 humanum
1855 5667 2026 5724 genus
2061 5655 2155 5710 de-
2184 5677 2214 5718 ,-

559 5739 813 5799 bellando
852 5745 1004 5816 gravi
1054 5748 1293 5819 pondere
1337 5756 1688 5822 peccatorum
1743 5746 2087 5820 depresserat
2140 5765 2156 5805 :
2196 5814 2234 5835 __

2257 4542 2427 4598 misit.
2465 4561 2484 4593 ι
2525 4538 2660 4594 Nam
2691 4539 2808 4610 ipse
2831 4547 2915 4595 cst
2943 4539 3083 4596 Deus
3117 4555 3280 4596 verus
3305 4547 3488 4612 pastor
3512 4529 3761 4588 animarum

2259 4632 2369 4689 Vas
2412 4647 2628 4703 quoque
2672 4630 2949 4703 pastorale
2987 4648 3096 4703 quo
3133 4632 3236 4698 lac,
3273 4639 3331 4687 ut
3367 4621 3592 4685 nonnulli
3615 4614 3761 4703 dicunt.

2258 4702 2501 4796 mulgere
2543 4702 2966 4792 consueverat,
3005 4702 3252 4780 divinam
3297 4717 3552 4793 significat
3595 4702 3760 4780 Βη¹ί²¹¹¹

2259 4835 2382 4889 quae
2437 4818 2542 4891 legi
2587 4816 2959 4892 conjungitur,
3007 4835 3128 4890 quae
3170 4815 3485 4888 intelligitur
3520 4809 3567 4864 in
3591 4801 3762 4892 (lqu

2257 4888 2551 4980 lapidibus,
2604 4911 2722 4967 sine
2761 4888 2868 4982 qua
2905 4888 3336 4982 non—impletur.
3386 4900 3541 4962 David
3581 4889 3701 4982 ηιΐιιε
3725 4888 3760 4937 ⁸⁸

2255 5003 2485 5076 Ρυιοιιθτ
2505 5003 2672 5060 fuisse
2693 4979 2966 5070 narratur,
2993 5003 3120 5074 quia
3137 4979 3209 5058 de
3231 4999 3453 5058 Domino
3471 4993 3584 5050 Jesu
3607 4979 3760 5076 Clitis”

2257 5074 2313 5156 in
2365 5097 2609 5154 Canticis
2649 5097 2987 5153 canticorum
3031 5093 3274 5152 Ecclesia
3321 5091 3494 5149 dicit:
3531 5100 3548 5136 t
3586 5074 3756 5174 οἱ·ξῆῗῆ

2259 5206 2413 5248 meus
2455 5189 2718 5246 candidus
2754 5198 2811 5244 et
2853 5187 3208 5256 rubicundus,
3251 5187 3450 5245 electus
3485 5191 3545 5234 ex
3585 5162 3757 5259 millibus

2261 5283 2440 5358 (Cant.
2476 5283 2554 5357 v).
2597 5304 2616 5337 ι
2653 5283 2729 5339 De
2754 5285 2909 5356 cujus
2939 5249 3342 5355 pulchritudine
3384 5270 3604 5345 συνενίυε

2260 5356 2531 5434 bavimus.
2577 5375 2794 5432 Goliath
2824 5376 2994 5433 David
3034 5376 3102 5432 ad
3133 5388 3364 5448 pugnam
3401 5356 3682 5441 provocavit,

2262 5470 2467 5526 militer
2493 5477 2548 5524 et
2593 5469 2758 5546 elatio
2787 5468 2984 5524 diaboli
3025 5447 3231 5524 Christi
3265 5459 3613 5546 humilitatem.
3629 5447 3754 5546 νῆζτξ

2262 5524 2524 5633 pendens,
2569 5524 2802 5633 abxipso
2842 5569 3150 5632 prostratus
3191 5567 3295 5616 est.
3341 5524 3753 5634 Baculus

2263 5625 2481 5710 diabolo
2511 5625 2858 5728 despectus,
2909 5653 3226 5725 mysterium
3280 5641 3491 5725 gestavit

2265 5748 2466 5804 crucis.
2497 5714 2664 5807 David
2688 5767 2754 5808 ex
2777 5714 3018 5821 quinque
3041 5714 3312 5818 lapidibus
3343 5747 3497 5796 unum
3517 5721 3644 5800 ioc“,
3665 5714 3754 5782 1”“
