3970 6332
130 362 246 420 513

1073 355 1329 414 ENARR.
1369 356 1437 414 IN
1476 355 1724 414 LIBROS
1765 355 2031 414 REGUM.
2070 386 2129 397 -
2177 356 2247 413 ΙΝ
2282 353 2410 414 LIB.
2453 356 2498 415 I.

3324 352 3384 410 31
3394 350 3444 413 4·

128 491 196 537 et
217 478 469 535 Christus
497 475 591 548 qui
619 489 683 531 ex
714 473 832 547 lege
858 473 1225 543 nuntiabatur,
1246 474 1506 547 singulari
1534 482 1727 547 poten-
1753 479 1807 539 Α
1830 473 1959 544 quid
1982 473 2181 529 habere
2203 482 2455 545 poterant
2478 475 2532 529 in
2557 473 2662 531 hoc
2682 474 2909 544 mundo,
2932 474 3115 532 omnia
3138 476 3192 532 in
3218 474 3431 536 lucrum

133 571 243 636 tia,
286 586 385 641 per
406 566 672 624 unitatem
699 567 823 622 ﬁdei
854 575 910 622 et
939 567 1174 639 gratiam
1203 583 1378 633 suam,
1418 566 1617 622 diaboli
1644 583 1734 623 su-

128 664 384 738 perbiam
414 662 713 736 prostravit
740 677 755 716 :
794 660 959 717 funda
988 678 1119 718 vero
1146 660 1443 718 Ecclesium
1480 661 1730 733 praeﬁgu-

130 760 302 821 ravit,
330 774 449 830 quze
472 772 571 827 per
591 756 866 812 volumina
894 765 1219 827 temporum,
1242 756 1390 811 velut
1414 757 1468 811 in
1500 756 1731 812 circuitu

127 850 394 907 volvitur.
437 848 607 905 David
659 848 873 906 Goliath
924 852 978 904 in
1013 849 1189 904 fronte
1236 866 1553 920 percussum
1606 864 1733 921 pro-

129 945 351 1009 stravit,
391 944 644 1000 similiter
672 952 727 998 et
761 942 1034 1008 Christus,
1059 942 1271 998 devicto
1300 942 1535 1009 diabolo,
1559 942 1650 1013 qui
1680 943 1730 998 ei

128 1038 412 1095 haeserant
456 1053 516 1095 se
562 1037 814 1110 inﬁgens,
859 1038 927 1092 ab
962 1036 1080 1108 cjus
1124 1037 1385 1092 societate
1413 1051 1729 1103 secernens,

128 1132 261 1189 ﬁdei
302 1149 412 1189 sua:
437 1131 677 1188 subdidit
708 1151 722 1187 :
754 1133 858 1188 hoc
887 1132 1029 1187 enim
1085 1131 1363 1188 indicabat
1401 1130 1544 1203 quod
1588 1131 1731 1186 idem

126 1224 355 1281 Goliath
404 1240 695 1296 percussus
748 1225 801 1279 in
851 1224 1046 1280 faciem
1098 1224 1224 1279 ruit.
1278 1222 1468 1290 David,
1513 1224 1729 1280 Goliath

126 1331 413 1388 percusso,
439 1314 680 1386 gladium
713 1313 830 1384 ejus
869 1315 1011 1379 tulit,
1038 1314 1141 1370 hoc
1167 1314 1297 1371 fecit
1320 1324 1505 1371 noster
1536 1316 1726 1381 David,

125 1407 227 1478 qui
260 1406 490 1476 ejectum
533 1405 806 1462 diabolum
833 1405 900 1462 de
929 1407 1063 1473 suis,
1091 1407 1309 1477 quando
1344 1409 1573 1463 credunt
1616 1422 1730 1462 ma-

125 1498 474 1570 gnitudinem
517 1499 660 1570 ejus,
688 1514 824 1570 quos
867 1498 957 1555 ille
989 1500 1043 1554 in
1083 1508 1355 1570 potestate
1381 1499 1639 1565 habebat,
1674 1506 1729 1555 et

123 1589 197 1643 de
224 1590 425 1658 quibus
460 1598 630 1644 tetras
663 1590 874 1644 animas
904 1590 1237 1656 trucidabat,
1268 1598 1591 1646 convertunt
1626 1589 1728 1645 lin-

121 1696 266 1752 guas
310 1696 437 1736 suas
468 1690 659 1737 contra
689 1682 986 1749 diabolum,
1027 1692 1081 1739 et
1109 1684 1189 1739 sic
1218 1682 1433 1739 Goliath
1458 1684 1524 1739 de
1551 1683 1728 1755 gladio

122 1790 228 1829 suo
255 1786 421 1845 caput
456 1776 733 1831 inciditur.
775 1778 943 1833 David
965 1777 1201 1849 gladium
1236 1777 1451 1835 Goliath
1480 1778 1533 1833 in
1565 1779 1725 1833 Jeru-

1835 562 2038 620 Christi
2067 564 2316 622 conferre
2343 565 2683 638 satagebant.

1911 678 1929 710 ι
1959 657 2131 714 Porro
2176 675 2299 715 cum
2346 669 2730 730 reverteretur,
2777 677 3040 733 percusso
3088 662 3430 735 Pbilisthm.

1840 769 1861 802 ι
1908 752 2098 817 David,
2128 768 2361 825 egressae
2387 765 2513 810 sunt
2538 756 2795 811 mulieres
2820 756 2887 812 de
2909 757 3178 814 universis
3204 758 3433 817 urbibus

1838 861 1859 895 ι
1904 844 2065 900 Israel
2094 855 2400 913 cantantes,
2434 847 2739 919 chorosque
2766 849 3026 906 ducentes
3052 849 3107 906 in
3138 865 3429 908 occursum

1837 954 1858 990 ι
1906 938 2050 1009 regis
2081 937 2211 994 Saul
2237 940 2289 994 in
2322 941 2592 1011 tympanis
2618 939 2819 998 Iretitiaa
2846 951 2903 998 et
2926 943 2981 998 in
3011 943 3209 1009 sistris,
3226 953 3431 1015 etpra-

1837 1048 1857 1082 ι
1902 1031 2158 1087 cinebant
2196 1032 2453 1088 mulieres
2489 1034 2736 1090 ludentes
2771 1043 2934 1106 atque
2977 1036 3260 1092 dicentes:
3292 1036 3429 1092 Per-

1836 1143 1856 1178 ι
1902 1126 2071 1181 cussit
2117 1124 2247 1181 Saul
2291 1126 2456 1193 mille,
2500 1136 2554 1182 et
2585 1127 2754 1184 David
2801 1129 2986 1185 decem
3032 1130 3220 1185 millia.
3252 1130 3430 1190 Iratus

1836 1234 1856 1267 ι
1901 1225 1984 1272 est
2027 1225 2207 1272 autem
2239 1216 2368 1272 Saul
2411 1219 2594 1284 nimis,
2631 1226 2685 1273 et
2714 1219 2990 1289 displicuit
3026 1220 3079 1275 in
3111 1221 3283 1276 octlis
3311 1222 3431 1293 ejus

1835 1326 1857 1361 ‹
1901 1309 2003 1364 iste
2029 1326 2230 1375 sermo,
2259 1309 2543 1380 dixitque:
2576 1309 2852 1366 Dederuut
2886 1311 3056 1366 David
3082 1312 3269 1367 decem
3303 1312 3429 1367 mil-

1834 1419 1853 1453 ‹
1897 1401 1993 1468 lia,
2020 1411 2075 1457 et
2106 1403 2237 1457 mihi
2273 1401 2417 1456 mille
2460 1402 2743 1457 dederunt.
2778 1401 2918 1470 Quid
2961 1404 3010 1459 ei
3042 1412 3291 1474 superest
3322 1403 3428 1459 nisi

1834 1509 1855 1543 r
1899 1492 2072 1547 solum
2102 1493 2366 1565 regnum?
2390 1492 2506 1548 Non
2551 1494 2718 1549 rectis
2750 1509 2879 1564 ergo
2909 1494 3081 1551 oculis
3117 1493 3247 1550 Saul
3281 1484 3431 1567 aspi4

1833 1604 1853 1639 ι
1900 1586 2079 1641 ciebat
2122 1588 2289 1642 David
2318 1602 2387 1642 ex
2422 1587 2507 1642 die
2552 1586 2641 1641 illa
2672 1595 2727 1642 et
2774 1587 3049 1657 deinceps.
3082 1608 3101 1642 ι
3139 1587 3232 1643 Sic
3277 1587 3425 1643 enim

1827 1679 2133 1749 accipitur:
2167 1679 2297 1733 Saul
2343 1680 2607 1735 adversus
2643 1678 2814 1734 David
2850 1679 3052 1734 invidia
3091 1679 3318 1745 exarsit,
3345 1679 3424 1735 si-

1828 1770 2029 1826 militer
2051 1779 2106 1826 et
2133 1769 2362 1841 p0pnlus
2388 1768 2699 1825 Iudaeorum
2730 1770 2991 1824 adversus
3017 1768 3292 1825 Christum
3318 1769 3427 1825 Do-

120 1869 300 1925 salem
342 1871 559 1937 detulit,
597 1870 849 1927 similiter
881 1881 935 1927 et
962 1847 1211 1928 Christus
1236 1887 1329 1928 eos
1357 1884 1494 1943 quos
1522 1873 1588 1927 de
1620 1888 1718 1944 po.
1752 1847 1801 1907 Β
1829 1863 2037 1919 minum
2097 1861 2472 1918 aemulationes
2521 1876 2620 1917 suo
2669 1861 2813 1916 malo
2869 1861 3079 1931 pariter
3124 1860 3423 1932 conspirati

122 1970 327 2019 testate
368 1964 568 2021 diaboli
606 1966 806 2038 rapuit,
838 1966 904 2021 ad
951 1963 1322 2022 defensionem
1367 1966 1556 2021 altaris
1593 1965 1720 2022 ﬁdei

118 2055 179 2109 in
211 2054 509 2111 Ecclesiarn
551 2073 703 2112 suam
736 2059 1031 2113 transtulit.
1064 2058 1190 2113 Saul
1228 2060 1294 2116 de
1336 2059 1503 2115 David
1534 2060 1721 2116 Abner

117 2150 277 2205 velut
305 2166 404 2221 pro
444 2150 721 2223 incognito
766 2152 1015 2223 requirit,
1049 2152 1116 2208 de
1144 2168 1248 2223 qua
1293 2153 1462 2223 stirpe
1497 2154 1723 2208 descen-

116 2242 293 2309 derit,
345 2244 430 2298 vel
474 2245 627 2316 cujus
667 2254 813 2301 esset
863 2245 1030 2312 ﬁlius,
1079 2261 1201 2301 cum
1238 2245 1351 2315 jam
1379 2246 1580 2301 dudum
1606 2247 1721 2317 ipse

117 2333 298 2389 David
314 2334 365 2389 ei
389 2335 774 2400 ministrasset,
803 2346 965 2407 atque
990 2337 1044 2392 in
1076 2348 1364 2406 conspectu
1395 2337 1512 2406 ejus
1541 2338 1608 2393 ad
1635 2352 1721 2392 re-

112 2425 433 2496 pellendum
464 2443 695 2497 nequam
725 2430 975 2499 spiritum
1009 2429 1311 2485 assisteret.
1343 2427 1433 2485 Sic
1459 2429 1718 2484 nimirum

114 2519 348 2574 «recitas
380 2519 709 2588 Jutteorum,
746 2522 1032 2579 Dominum
1079 2521 1263 2579 Jesum
1292 2522 1569 2580 Christum
1617 2539 1718 2595 per

113 2608 305 2681 legem
350 2619 403 2666 et
438 2613 732 2683 prophetas
773 2623 1061 2669 venturum
1105 2630 1226 2671 esse
1288 2624 1559 2671 noverunt
1604 2636 1617 2671 :
1663 2626 1720 2673 et

111 2717 288 2774 quem
321 2703 373 2759 in
402 2706 689 2775 przesentia
734 2706 1003 2777 corporali
1050 2722 1149 2778 per
1188 2708 1716 2765 administrationem

111 2795 410 2863 virtutum,
452 2796 650 2853 Filium
678 2797 773 2853 Dei
804 2814 927 2855 esse
958 2800 1256 2870 approbare
1290 2809 1560 2870 poterant,
1592 2812 1714 2856 tan-

112 2904 286 2961 quam
336 2890 648 2963 ignorantes
679 2894 867 2949 dicunt
894 2893 985 2949 ei:
1018 2914 1036 2946 r
1084 2893 1163 2949 Tu
1202 2896 1292 2965 qui
1320 2896 1417 2951 es?
1442 2905 1497 2951 et
1518 2896 1607 2951 ubi
1633 2903 1718 2951 est

109 2994 275 3052 pater
294 2992 423 3039 tuus
448 2982 630 3050 (Joan.
654 2986 818 3057 vm)?
847 3007 864 3038 ι
894 2985 1166 3042 Moraliter
1185 3005 1314 3045 vero
1337 2987 1504 3043 David
1531 2998 1715 3061 typum

111 3075 295 3131 tenuit
327 3076 562 3143 Domini,
588 3078 713 3148 quia
738 3079 993 3136 videlicet
1014 3096 1175 3135 manu
1205 3082 1358 3151 fortis
1396 3082 1716 3151 interpreta-

113 3176 223 3222 tur.
245 3167 463 3225 Goliath
491 3170 707 3240 quidem
730 3172 1108 3249 haereticorum
1138 3174 1446 3244 superbiam
1467 3175 1707 3246 signans,

110 3263 209 3333 qui
277 3278 403 3319 cum
460 3263 639 3336 gladio
695 3265 906 3322 ratione
960 3266 1230 3323 dominica
1284 3266 1408 3322 ﬁdei
1472 3268 1711 3339 superati

108 3368 265 3414 sunt.
301 3358 471 3414 David
497 3375 625 3416 vero
650 3375 774 3416 cum
822 3376 952 3432 pera
990 3360 1247 3432 pastorali
1274 3360 1420 3417 venit
1458 3362 1526 3417 ad
1568 3376 1712 3432 prae-

106 3450 278 3517 lium,
312 3452 406 3506 sed
446 3453 692 3508 eumdem
734 3451 948 3509 Goliath
979 3454 1147 3510 David
1183 3470 1446 3525 superans
1474 3470 1571 3512 suo
1600 3457 1714 3527 gla-

106 3540 204 3595 dio
230 3539 434 3595 occidit
462 3557 475 3593 :
504 3542 645 3611 quod
670 3540 844 3597 sancti
876 3557 1091 3612 quoque
1112 3550 1298 3614 agunt,
1324 3541 1415 3613 qui
1442 3543 1707 3614 praemissi

105 3632 289 3689 David
333 3633 599 3701 membra,
629 3650 697 3690 ex
729 3634 846 3705 ejus
876 3634 994 3691 ﬁeri
1032 3635 1341 3707 dignatione
1372 3645 1706 3703 meruerunt,

106 3743 244 3782 nam
276 3743 403 3784 cum
433 3730 810 3799 superbientes
833 3729 1120 3786 haereticos
1142 3739 1199 3787 et
1220 3745 1391 3787 sacra:
1415 3728 1710 3801 Scriptura:

102 3821 421 3875 sontentias
450 3820 781 3889 deferentes,
807 3822 1015 3877 eisdem
1038 3823 1221 3879 verbis
1241 3832 1403 3893 atque
1423 3824 1710 3879 sententiis

101 3926 252 3984 quas
279 3912 584 3984 proferunt,
609 3916 857 3983 vincunt,
879 3915 1033 3987 quasi
1062 3915 1266 3973 elatum
1286 3914 1503 3973 Goliath
1526 3916 1708 3988 gladio

100 4019 214 4062 suo
233 4005 583 4064 detruncant.

680 4143 910 4202 CAPUT
948 4144 1134 4203 XVIII.

182 4273 207 4309 r
240 4255 315 4311 Et
358 4254 563 4312 factum
601 4265 685 4313 est
722 4273 845 4314 cum
880 4258 1205 4330 complesset
1242 4258 1388 4330 loqui
1436 4260 1502 4316 ad
1550 4258 1704 4327 Saul,

98 4366 124 4403 ι
172 4348 364 4403 anima
406 4348 654 4406 Jonathte
683 4349 935 4422 colligata
977 4360 1061 4407 est
1089 4353 1285 4408 animae
1326 4352 1511 4419 David,
1538 4361 1595 4409 et
1630 4353 1707 4409 di-

93 4459 123 4497 e
172 4441 316 4498 lexit
342 4456 466 4497 eum
508 4441 769 4499 Jonathas
797 4445 951 4513 quasi
990 4445 1227 4500 animam
1261 4461 1445 4512 suam,
1479 4465 1497 4498 ι
1533 4455 1587 4501 et
1617 4462 1703 4502 re-

88 4534 275 4609 liqua.
308 4534 571 4591 Ionathas
615 4533 758 4591 ﬁlius
799 4534 946 4599 Saul,
977 4536 1132 4607 cujus
1169 4538 1351 4593 anima
1383 4538 1553 4594 David
1592 4537 1703 4594 col-

85 4628 269 4701 ligata
300 4637 404 4694 est,
434 4628 553 4685 illos
581 4638 801 4685 sanctos
839 4628 1173 4700 signiﬁcasse
1200 4630 1433 4695 videtur,
1464 4631 1555 4701 qui
1592 4629 1701 4686 Do-

85 4723 257 4778 mino
282 4719 414 4777 Jesu
457 4720 674 4779 Christo
717 4737 784 4778 ex
832 4722 1028 4794 populo
1074 4719 1384 4779 Iudaeorum
1416 4738 1513 4794 per
1541 4722 1701 4777 ﬁdem

83 4813 475 4880 adhaeserunt,
519 4814 611 4885 qui
638 4824 859 4887 accepta
893 4814 1129 4886 Spiritus
1159 4814 1332 4871 sancti
1376 4814 1570 4887 gratia,
1603 4829 1702 4885 pro

81 4907 310 4965 Christi
351 4922 537 4961 amore
572 4906 775 4962 relictis
805 4907 1075 4972 omnibus,
1121 4907 1298 4978 ipsum
1332 4907 1503 4962 secuti
1543 4913 1698 4973 sunt,

78 5002 247 5059 sicut
276 4998 499 5055 fuerunt
541 4998 771 5071 apostoli
800 5008 857 5056 et
888 4999 964 5055 illi
1004 4999 1096 5071 qui
1128 5000 1181 5054 in
1214 4998 1440 5054 Actibus
1478 5009 1701 5070 aposto-

79 5094 279 5150 lorum
311 5092 620 5148 vendebant
646 5093 847 5159 ontnia,
876 5101 930 5147 et
961 5093 1133 5162 pretia
1162 5091 1461 5147 afferebant
1503 5091 1571 5146 ad
1602 5106 1698 5162 pe-

78 5187 195 5241 des
244 5183 619 5255 apostolorum
650 5185 791 5257 (Act.
826 5184 910 5255 ιι).
951 5182 1106 5251 Quod
1135 5193 1315 5239 autem
1346 5182 1487 5239 idem
1526 5180 1697 5238 Jona-

80 5284 223 5337 thas
263 5279 608 5335 vestimentis
651 5280 765 5335 suis
812 5289 976 5349 atque
1019 5279 1187 5334 armis
1228 5293 1286 5334 se
1357 5277 1612 5344 nudavit,
1642 5284 1699 5333 et

80 5375 273 5431 David
322 5374 571 5440 vestivit,
617 5374 721 5431 hoc
747 5374 1015 5429 indicasse
1046 5373 1296 5429 videtur:
1328 5373 1469 5443 quod
1499 5381 1696 5428 cuncta

77 5477 445 5535 sacramenta
474 5466 724 5538 spoliata,
750 5467 854 5523 hoc
878 5476 961 5522 est
989 5466 1347 5523 sacerdotium
1373 5475 1534 5536 atque
1563 5480 1698 5535 prae-

78 5562 327 5625 dicatio,
354 5577 475 5632 quae
518 5560 714 5631 populo
752 5557 1061 5615 Iudaeorum
1091 5558 1219 5614 olim
1261 5557 1454 5613 collata
1494 5558 1694 5627 fuerat,

76 5661 153 5714 ad
189 5656 407 5712 Christi
440 5656 737 5711 Ecclesium
784 5652 1161 5709 transferenda
1204 5663 1405 5709 essent.
1444 5652 1572 5709 Sive
1610 5668 1697 5709 se-

73 5749 339 5806 cundum
366 5747 699 5817 superiorem
726 5760 966 5809 sensum,
996 5746 1132 5801 bene
1159 5760 1188 5799 a
1218 5745 1399 5801 tunica
1426 5760 1599 5817 usque
1626 5747 1695 5802 ad

70 5841 382 5917 qaltheum
407 5840 590 5895 omnia
614 5839 799 5896 dedit:
825 5839 951 5911 quia
982 5838 1270 5896 credentes
1290 5841 1513 5913 quique,
1538 5839 1695 5911 quid-

1824 1964 1968 2011 sunt.
1999 1955 2068 2010 Et
2094 1955 2221 2009 dum
2268 1954 2558 2010 audiebant
2587 1953 2863 2009 Christum
2894 1952 3179 2023 praedicari
3226 1953 3278 2007 in
3325 1952 3425 2007 Ec-

1823 2047 2025 2113 clesiis,
2069 2061 2229 2118 quem
2276 2046 2377 2116 ipsi
2427 2046 2546 2101 neci
2587 2045 2964 2100 tradiderunt:
3005 2053 3060 2099 et
3088 2044 3156 2098 de
3195 2043 3421 2101 victoria

1821 2137 1938 2209 ejus
1988 2137 2077 2207 qui
2128 2137 2340 2191 hostem
2378 2135 2662 2206 antiquum
2704 2134 3092 2206 triumphavit,
3136 2134 3421 2190 credentes

1821 2227 1876 2283 in
1906 2226 2157 2283 laudibus
2184 2227 2351 2297 ipsius
2377 2227 2747 2299 congratulari
2771 2244 2785 2283 :
2811 2227 3050 2299 graviter
3076 2226 3202 2283 inde
3226 2225 3420 2282 offensi

1821 2328 1967 2375 sunt.

1897 2429 1916 2462 ‹
1949 2410 2078 2465 Post
2110 2409 2253 2466 diem
2296 2418 2477 2466 autem
2522 2410 2749 2467 alteram
2796 2411 2999 2467 invasit
3047 2409 3275 2481 spiritus
3321 2408 3419 2466 Dei

1826 2520 1845 2553 ι
1893 2500 2067 2556 malus
2101 2499 2251 2564 Saul,
2281 2511 2339 2556 et
2369 2502 2736 2572 prophetabat
2767 2503 2821 2558 in
2853 2501 3033 2558 medio
3062 2503 3254 2557 domus
3280 2516 3415 2556 suae.

1825 2610 1844 2645 ι
1892 2593 2062 2648 David
2097 2603 2279 2648 autem
2310 2594 2575 2665 psallebat
2612 2611 2775 2650 manu
2824 2610 2923 2651 sua
2971 2595 3113 2650 sicut
3154 2610 3253 2667 per
3297 2593 3419 2650 sin-

1823 2706 1843 2741 ι
1891 2687 2044 2759 gulos
2072 2687 2209 2753 dies,
2240 2697 2295 2743 et
2324 2688 2551 2759 reliqua.
2588 2688 2742 2757 Quod
2769 2697 2950 2743 autem
2990 2687 3144 2752 dicit,
3168 2706 3188 2739 ι
3220 2683 3419 2743 invasit

1823 2796 1844 2831 ι
1889 2779 2115 2850 spiritus
2148 2777 2243 2833 Dei
2277 2778 2452 2834 malus
2483 2778 2653 2833 Sauli
2688 2794 2839 2834 more
2859 2778 3265 2848 arreptitiorum
3290 2790 3418 2846 agc-
3468 2820 3471 2821 ν

1816 2870 1932 2935 bat,
1962 2889 1980 2921 ‹
2013 2870 2079 2924 Et
2102 2871 2481 2941 prophetabat.
2504 2890 2523 2923 ι
2551 2870 2885 2941 Prophetare
2905 2869 3051 2925 enim
3078 2869 3131 2925 in
3163 2871 3265 2925 hoc
3294 2868 3416 2925 loco

1816 2976 1925 3017 non
1973 2970 2056 3016 est
2098 2960 2245 3015 aliud
2285 2960 2736 3031 intelligendum,
2782 2961 2887 3018 nisi
2934 2960 3112 3017 aliena
3141 2959 3415 3017 retulisse.

1817 3052 1970 3120 Quod
1992 3068 2124 3108 vero
2144 3053 2393 3123 sequitur
2414 3056 2479 3108 de
2504 3054 2693 3109 David.

1895 3164 1913 3196 ι
1946 3146 2012 3201 Et
2048 3146 2428 3218 egrediebatur
2456 3156 2513 3202 et
2560 3146 2969 3218 ingrediebatur
3016 3148 3070 3201 in
3121 3150 3417 3216 conspectu

1821 3261 1839 3294 ‹
1883 3241 2087 3313 populi.
2119 3262 2136 3296 ι
2194 3242 2287 3297 Sic
2348 3242 2725 3313 accipiendum
2773 3250 2857 3297 est
2899 3259 2913 3296 :
2964 3240 3192 3310 Quando
3254 3253 3415 3311 egre-

1814 3332 2102 3388 diebantur
2148 3322 2202 3387 in
2251 3348 2522 3405 pugnam,
2570 3332 2687 3404 ipse
2740 3332 2985 3404 primus,
3035 3347 3186 3388 more
3230 3330 3414 3402 regio,

1814 3425 2198 3497 egrediebatur
2254 3425 2312 3480 in
2372 3434 2671 3497 conspectu
2730 3430 2963 3493 eorum,
3012 3435 3069 3481 et
3138 3422 3414 3497 regredie-

1814 3518 1997 3573 batur.

1891 3629 1909 3661 ι
1940 3609 2141 3665 Dilexit
2181 3619 2364 3664 autem
2417 3607 2612 3665 Micbol
2663 3606 2775 3663 ﬁlia
2815 3606 2947 3663 Saul
2995 3606 3167 3663 altera
3219 3604 3411 3665 David.

1817 3722 1837 3754 ι
1881 3703 1947 3757 Et
1995 3703 2303 3758 nuntiatum
2335 3712 2420 3759 est
2466 3700 2628 3767 Saul,
2677 3711 2733 3758 et
2780 3700 2986 3774 placuit
3034 3700 3106 3755 ei.
3159 3698 3414 3769 Dixitque

1816 3813 1837 3847 ι
1881 3794 2049 3851 Saul:
2081 3795 2231 3853 Dabo
2272 3812 2391 3851 eam
2433 3795 2539 3861 illi,
2583 3804 2642 3850 ut
2672 3794 2768 3849 ﬁat
2811 3793 2861 3849 ei
2912 3793 2965 3848 in
3000 3791 3313 3849 scandalum
3359 3800 3413 3846 et

1816 3907 1834 3939 ι
1880 3889 1953 3943 sit
1998 3905 2160 3960 super
2201 3904 2325 3945 eum
2375 3904 2569 3943 manus
2627 3887 3118 3950 Philisthinorum,
3157 3905 3175 3939 υ
3219 3894 3277 3941 et
3320 3901 3410 3940 re-

1808 3978 1976 4049 liqua.
2042 3980 2285 4051 Denique
2340 3980 2424 4034 his
2482 3978 2693 4035 duobus
2738 3977 2997 4050 periculis
3056 3975 3187 4033 Saul
3240 3974 3411 4032 David

1807 4073 2034 4144 putabat
2081 4072 2318 4127 interimi
2368 4086 2561 4143 posse,
2612 4070 2823 4127 scilicet
2870 4079 2964 4125 aut
3019 4068 3233 4125 insidiis
3284 4068 3410 4124 ﬁlia:

1807 4181 1943 4232 suae,
1981 4181 2011 4220 a
2052 4181 2158 4236 qua
2198 4181 2256 4221 se
2299 4165 2521 4220 videbat
2567 4165 2798 4219 multum
2846 4162 3053 4229 amari,
3097 4171 3191 4218 aut
3244 4177 3408 4217 causa

1806 4258 2195 4329 praeputiorum
2259 4255 2757 4321 Philisthinorum,
2816 4263 3044 4327 propter
3104 4269 3226 4325 quae
3286 4252 3408 4308 adi-

1807 4351 2062 4421 piscenda
2108 4348 2451 4407 Pbilisthaaos
2488 4348 2628 4405 bello
2666 4357 2785 4404 erat
2823 4362 3205 4420 aggressurus.
3251 4344 3408 4403 Unde

1806 4451 1863 4498 et
1896 4444 1972 4499 ait
1999 4461 2012 4498 :

1886 4552 1903 4587 ι
1936 4534 1992 4589 ln
2018 4534 2227 4590 duabus
2256 4533 2417 4590 rebus
2442 4548 2609 4606 gener
2628 4549 2784 4591 meus
2810 4532 2919 4589 eris
2948 4531 3129 4588 hodie.
3157 4530 3224 4586 Et
3251 4545 3405 4585 man-

1813 4646 1831 4679 ι
1879 4627 2028 4683 davit
2058 4626 2187 4683 Saul
2217 4627 2390 4683 servis
2419 4628 2569 4683 suis:
2605 4624 2913 4697 Loquimini
2944 4625 3013 4680 ad
3047 4623 3221 4679 David
3261 4622 3401 4679 clam

1813 4738 1834 4774 ι
1879 4737 1989 4787 me,
2037 4722 2319 4776 dicentes:
2355 4719 2495 4776 Ecce
2538 4720 2720 4790 places
2764 4718 2902 4791 regi,
2933 4727 2987 4773 et
3034 4731 3226 4774 omnes
3255 4715 3404 4772 servi

1812 4829 1832 4864 r
1877 4810 1993 4881 ejus
2027 4812 2255 4885 diligunt
2286 4820 2358 4876 te,
2383 4831 2401 4863 ι
2448 4820 2553 4866 etc.
2596 4810 2653 4865 In
2693 4810 2904 4866 duabus
2931 4823 3061 4883 ergo
3108 4808 3273 4863 rebus
3303 4821 3400 4877 ge-

1805 4922 1997 4963 nerum
2026 4922 2181 4961 suum
2212 4905 2315 4961 sibi
2350 4906 2592 4960 futurum
2636 4904 2797 4970 dicit,
2833 4904 2957 4975 quia
2999 4902 3113 4973 jam
3142 4898 3402 4955 attulerat

1803 4998 2067 5070 praeputia
2131 4996 2582 5053 Philisthinorum
2632 5010 2732 5067 pro
2781 4994 3001 5061 Meroh,
3049 5006 3213 5063 quam
3270 4984 3401 5043 Saul

1801 5094 1951 5150 dedit
1984 5092 2223 5150 Hadrieli
2274 5091 2589 5158 Molathitae,
2618 5099 2673 5146 et
2701 5099 2889 5163 postea
2924 5104 3025 5161 pro
3066 5081 3263 5141 Michol
3295 5082 3398 5135 du-

1799 5198 1979 5245 centa.
2010 5187 2079 5243 Et
2126 5186 2375 5258 quamvis
2418 5201 2527 5240 non
2572 5193 2759 5256 aperte
2802 5184 3016 5239 dicatur
3064 5193 3163 5249 pro
3214 5174 3399 5231 Merob

1802 5280 1952 5338 Sauli
1977 5280 2424 5336 Philisthinorum
2460 5278 2628 5333 David
2657 5276 2891 5342 dedisse,
2921 5284 3101 5328 tamen
3133 5269 3225 5342 qui
3259 5283 3399 5340 pra:-

1800 5374 2049 5429 cedentia
2099 5381 2155 5427 et
2221 5370 2604 5441 subsequentia
2662 5366 2957 5440 perlegerit
3007 5372 3064 5421 et
3121 5370 3398 5419 scrutatus

1800 5465 1986 5531 fuerit,
2016 5465 2256 5520 inveniet
2292 5480 2414 5519 eum
2445 5465 2529 5519 bis
2563 5462 2710 5518 Sauli
2742 5459 3004 5531 praeputia
3044 5456 3396 5513 Philisthino-

1801 5574 1921 5614 rum
1950 5557 2184 5613 dedisse.
2216 5554 2350 5610 Nam
2387 5555 2639 5626 superius
2669 5552 2880 5606 dixerat
2912 5548 3080 5604 Saul:
3115 5567 3134 5601 ο
3162 5546 3279 5603 Νοη
3321 5546 3394 5602 sit

1800 5668 1995 5707 manus
2030 5667 2149 5707 mea
2177 5652 2230 5705 in
2267 5666 2354 5714 eo,
2382 5651 2473 5704 sed
2506 5648 2575 5702 sit
2605 5660 2769 5716 super
2800 5643 2949 5699 illum
2978 5659 3170 5700 manus
3194 5638 3409 5698 Philis—'

1799 5746 2096 5802 thinorum.
2124 5765 2141 5797 ι
2176 5743 2233 5799 1η
2261 5742 2613 5813 sequentibus
2642 5739 2914 5825 veroait;
3116 5814 3123 5821 ι
3360 5812 3373 5819 ἢ

1877 5861 1896 5894 ι
1926 5840 2041 5897 Non
2077 5841 2239 5897 habet
2269 5853 2491 5895 necesse
2544 5852 2637 5892 rex
2683 5834 2983 5910 sponsalia,
3026 5837 3131 5894 nisi
3176 5842 3395 5921 tantum
