3970 6332
606 303 725 373 ω

1586 328 1601 377 ι
1640 290 1999 351 ANGELOMI
2035 284 2504 347 LUXOVIENSIS
2539 281 2848 377 nomen!
2970 334 2981 353 ,
3716 289 3781 346 διε

611 439 653 493 ς,
681 423 899 475 centum
924 410 1190 489 praeputia
1209 374 1695 493 _Philistbinorum.
1726 416 1786 464 ut
1812 405 1906 460 ﬁat
1952 403 2086 460 ultio
2128 403 2196 459 de
2224 405 2281 467 Α
2302 399 2528 471 reliqua.
2574 374 2633 452 In
2658 398 2762 454 hoc
2792 407 2926 493 agro
2961 389 3285 493 consiliandi
3313 404 3488 493 causa,
3516 388 3627 447 Saul
3659 394 3781 455 γειιῑτε

614 528 635 563 ι
682 507 920 564 inimicis
947 505 1114 577 regis.
1142 522 1161 556 ι
1202 494 1269 558 Et
1302 498 1579 575 subiungit
1626 499 1905 570 Scriptura
1932 513 1945 552 :
1980 516 1996 548 ι
2028 494 2201 554 Porro

614 620 636 656 ι
680 599 953 673 cogitabat
984 596 1155 655 David
1178 584 1399 653 tradere
1420 594 1475 650 in
1508 607 1700 650 manus
1728 590 2195 647 Philisthinorum.

614 674 639 764 ᾇ
680 693 925 764 Cumque
946 688 1353 747 renuntiassent
1381 683 1522 741 servi
1543 681 1660 752 ejus
1690 681 1860 738 David
1885 682 2053 738 verba
2079 696 2209 755 qua:

615 760 639 867 ξ
679 760 893 841 dixerat
924 783 1117 849 Saul,»
1163 789 1219 837 et
1257 777 1484 850 reliqua.
1518 778 1660 834 Ecce
1701 774 1844 833 hanc
1872 777 2213 862 sententiam,

606 879 682 945 ita
717 876 1063 950 digessimus,
1090 881 1250 945 prout
1292 871 1477 944 opinio
1515 869 1824 941 aliquorum
1864 877 2233 951 commenta-ag

608 977 735 1039 tur:
765 983 929 1041 quam
958 968 1005 1025 si
1044 967 1167 1039 quis
1206 966 1449 1035 recipere
1494 963 1751 1029 noluerit,
1783 978 1888 1019 non
1919 962 2198 1019 contradi-

607 1064 805 1133 cimue,
838 1062 933 1119 sed
968 1061 1015 1117 si
1061 1059 1254 1115 melius
1300 1057 1648 1124 intellexerit,
1696 1056 1852 1128 sequi
1900 1056 2202 1129 gaudenter

605 1150 986 1233 gratulabundi
1028 1150 1390 1206 decrevimus.
1434 1147 1707 1206 Caeterum
1748 1149 1996 1205 dicamus
2038 1156 2202 1227 prout

606 1244 764 1313 nobis
806 1242 1037 1298 videtur.
1079 1240 1226 1297 Bene
1272 1241 1389 1296 ait:
1429 1260 1448 1293 ι
1478 1239 1534 1297 In
1567 1240 1778 1296 duabus
1827 1238 1992 1295 rebus
2033 1253 2213 1319 gener.

608 1350 761 1393 meus
794 1334 901 1391 eris
937 1333 1115 1397 hodie,
1141 1352 1161 1386 ι
1193 1333 1447 1389 videlicet
1490 1335 1618 1404 quia
1662 1342 1772 1388 tam
1812 1332 2083 1403 ingentem
2112 1331 2197 1403 gi-

607 1434 823 1498 gantem
869 1426 1251 1497 prostraverit,
1281 1434 1338 1482 et
1378 1426 1431 1480 in
1483 1425 1589 1481 hoc
1632 1425 1826 1497 dignus
1871 1432 1993 1481 erat
2033 1432 2213 1503 tantae-

552 1530 555 1539 '
605 1519 848 1597 virtutis,
876 1526 938 1581 ut
964 1535 1132 1591 gener
1177 1519 1319 1591 regis
1355 1515 1662 1575 efﬁceretur
1684 1536 1703 1575 :.
1728 1525 1785 1574 et
1821 1516 1938 1573 haec
1967 1528 2052 1575 est
2092 1520 2198 1572 nna

2303 503 2684 561 consueverat,
2712 493 2806 551 ubi
2836 492 3003 548 etiam
3045 487 3351 547 condictum
3388 484 3581 559 fuerat,
3608 500 3657 548 ut
3688 499 3780 552 occ}.

2290 588 2524 673 duretur
2571 584 2779 654 David,
2826 582 2973 657 quod
3028 588 3085 639 et
3137 580 3400 639 Jonathas
3452 576 3602 639 David
3642 585 3782 643 indica-

2302 688 2478 734 verat.

2378 788 2396 821 ι
2426 766 2590 825 Mittit
2612 766 2745 825 Saul
2774 768 3029 825 custodes
3056 766 3123 824 ad
3152 768 3371 825 domum
3399 768 3574 837 Davm,
3598 780 3648 824 ut
3668 783 3783 827 custo-

2307 856 2333 915 ὁ
2372 859 2555 918 dirent
2600 875 2748 927 eum,
2791 869 2848 916 et
2893 859 3298 916 interficeretur
3338 874 3508 916 mane.
3550 859 3675 929 Quod
3709 879 3784 918 cum

2306 972 2327 1008 ι
2375 954 2754 1011 annuntiasset
2786 942 2955 1010 David
2985 951 3184 1010 Michol
3208 968 3348 1010 uxor
3380 970 3495 1021 sua,
3519 954 3785 1013 dicenszNisi

2307 1068 2331 1103 ‹
2374 1049 2671 1108 salvavcris
2713 1058 2767 1106 te
2808 1057 2966 1115 nocte
3006 1048 3129 1115 hac,
3164 1066 3290 1108 cras
3331 1050 3786 1125 morieriszdeposuit

2306 1161 2326 1195 ι
2375 1156 2499 1197 eum
2529 1157 2629 1213 per
2653 1141 2972 1198 fenestram.
2995 1141 3168 1199 Porro
3197 1142 3287 1199 ille
3314 1144 3445 1199 abiit
3464 1153 3515 1199 et
3538 1143 3666 1215 fugit,
3686 1158 3785 1217 atque

2305 1251 2326 1286 α
2373 1232 2611 1289 salvatus
2651 1242 2755 1312 est.
2787 1233 3033 1304 Cumque
3069 1235 3350 1291 venissent
3377 1235 3542 1291 nuntii
3584 1234 3710 1302 Saul,
3739 1238 3785 1292 in-

2306 1334 2337 1380 c’
2372 1337 2637 1384 venerunt
2666 1318 2898 1383 statuam
2932 1327 2987 1382 in
3030 1327 3172 1386 lecto
3212 1327 3383 1397 David
3416 1329 3642 1401 positam,
3665 1330 3787 1401 etpal-

2305 1437 2325 1471 (
2369 1416 2476 1474 lem
2513 1418 2741 1489 pilosam
2774 1430 3061 1489 caprarum
3088 1419 3157 1475 ad
3190 1429 3353 1491 caput
3380 1419 3509 1491 ejus.
3533 1440 3552 1473 ι
3583 1420 3787 1476 Audiatnu

2298 1522 2431 1577 ergo
2470 1509 2601 1579 quid
2633 1516 2736 1565 hoc
2765 1507 3055 1581 signiticet,
3091 1510 3239 1582 quod
3272 1511 3479 1567 miserit
3516 1510 3630 1567 Saul
3660 1512 3708 1566 ad
3730 1527 3786 1566 co-

603 1584 715 1680 res.
750 1584 937 1668 Altera
966 1584 1096 1668 vero
1121 1584 1286 1683 quam
1320 1610 1371 1666 ei
1396 1610 1700 1681 proposuit,
1749 1608 1960 1666 scilicet
1993 1608 2039 1665 si
2068 1584 2213 1664 ceu-3
2301 1594 2640 1658 s’todiendam
2677 1602 2899 1660 domum
2922 1604 3093 1663 David
3121 1617 3184 1662 ut
3207 1623 3334 1664 eum
3364 1608 3699 1666 interﬁcerent.
3723 1606 3787 1664 Hoc

601 1712 719 1761 tum
745 1704 1012 1777 praeputia
1048 1702 1456 1776 Allophylorum
1482 1701 1738 1768 deferret,
1762 1702 1991 1772 qui'non
2021 1699 2196 1757 solum
2299 1709 2411 1750 non
2454 1696 2521 1751 ad
2567 1712 2789 1754 crucem
2832 1696 3070 1767 Domini,
3113 1701 3210 1757 sed
3247 1710 3427 1757 tamen
3474 1700 3534 1757 ad
3575 1700 3786 1772 passionem

602 1804 845 1862 centum,
868 1810 1060 1852 verum
1104 1796 1266 1851 etiam
1298 1794 1531 1850 ducenta
1566 1791 1766 1848 attulit.
1803 1790 1874 1847 Et
1908 1790 2047 1846 unde
2081 1806 2199 1847 cre-
2225 1792 2277 1856 Β
2301 1785 2418 1858 ejus
2448 1791 2704 1861 pertinet.
2737 1790 3046 1852 Crucilixus
3072 1795 3221 1851 enim
3250 1796 3517 1860 Christus,
3544 1804 3592 1852 et
3629 1806 3787 1851 mortuus

602 1885 751 1953 ditur
792 1886 941 1961 regio
984 1886 1166 1956 perire
1208 1894 1357 1951 voto,
1398 1884 1523 1941 inde
1572 1893 1726 1941 actus
1761 1892 1846 1940 est
1889 1880 2197 1956 gloriosiori

604 1977 850 2057 trophaeo
875 1994 889 2032 :
913 1992 1041 2034 ecce
1065 1977 1312 2035 historia.
1340 1976 1609 2033 Caeterum
1643 1976 1869 2049 tropice,
1896 1975 2038 2045 quod
2068 1972 2195 2033 Saul

602 2067 799 2143 callide
837 2068 1058 2149 simulat
1106 2069 1279 2126 David
1322 2068 1521 2125 od‘erre
1566 2069 1899 2132 discrimini.
1949 2076 2006 2124 et
2054 2065 2198 2123 unde

603 2163 843 2219 creditus
872 2169 965 2243 est
981 2163 1131 2236 regio
1158 2164 1338 2239 perire
1366 2172 1510 2226 voto,
1540 2163 1665 2219 inde
1700 2170 1855 2243 actus
1887 2152 2221 2234 gloriosiori‘

604 2257 866 2328 trophaeo,
904 2242 1223 2329 intelligitur
1250 2256 1393 2327 quod
1440 2255 1633 2323 Judaei,
1687 2242 1821 2312 dum'
1864 2263 2053 2311 contra
2097 2270 2196 2311 vo-

602 2349 869 2425 luntatem
911 2350 1010 2407 Dei
1048 2350 1327 2408 Christum
1359 2349 1671 2406 interﬁcere
1693 2350 1800 2406 nisi
1837 2356 1984 2413 sunt,
2011 2363 2112 2420 per
2136 2346 2195 2427 id

604 2439 835 2515 salutem
870 2441 1116 2514 gentium
1143 2449 1392 2510 egerunt,
1422 2456 1521 2513 per
1562 2441 1706 2511 quod
1732 2439 2081 2496 crediderunt
2103 2454 2199 2496 ex-

601 2533 896 2605 stinguere.
928 2533 1083 2603 Quod
1112 2534 1256 2591 enim
1287 2533 1455 2590 David
1479 2533 1907 2607 alienigenarum
1934 2532 2197 2605 prteputia

604 2623 805 2691 attulit,
833 2632 890 2679 et
917 2624 998 2681 sic
1021 2624 1202 2683 denuo
1228 2623 1350 2680 tiliae
1380 2623 1511 2681 Saul
1551 2624 1756 2696 nuptiis
1783 2625 1959 2691 luesit,
1990 2623 2217 2703 signina

603 2715 764 2779 cabat
789 2717 933 2788 quod
967 2717 1219 2774 Christus
1249 2732 1355 2773 non
1384 2718 1537 2791 prius
1557 2718 1898 2791 Synagognm
1924 2718 2197 2774 connubio

603 2823 705 2877 luto
731 2811 1045 2881 sponderet,
1070 2809 1175 2867 nisi
1200 2811 1467 2882 gloriosus
1494 2811 1549 2866 in
1571 2811 1824 2884 gentibus
1850 2810 2198 2868 ﬁeret.Prius

605 2902 753 2975 enim
783 2903 838 2958 in
863 2902 1185 2959 nationibus
1211 2904 1481 2985 resecavit
1521 2905 1705 2960 carnis
1741 2903 2094 2976 pollutionem
2143 2903 2199 2959 in

602 3002 837 3064 utroque
875 3004 1113 3060 sexu,et
1165 3004 1354 3066 postea
1404 2996 1689 3067 copulatus
1738 3006 1822 3053 est
1872 2997 2194 3071 Synagogtc.

602 3081 900 3153 Postquam
928 3084 1097 3151 enim,
1129 3084 1273 3141 sicut
1314 3087 1576 3167 scriptum
1616 3095 1720 3153 est,
1768 3087 2042 3145 introierit
2081 3087 2197 3158 ple-

2297 1889 2355 1936 et
2402 1880 2645 1952 sepultus
2682 1890 2785 1938 est.
2830 1883 2961 1939 Erat
2994 1900 3126 1961 ergo
3171 1882 3264 1942 illa
3314 1887 3578 1959 sepultura
3617 1896 3786 1957 tanquam

2301 1969 2518 2035 domus,
2557 1971 2622 2027 ad
2665 1986 2830 2043 quam
2878 1975 3314 2042 custodiendam,
3349 1977 3494 2033 misit
3534 1991 3711 2049 regnum
3735 1972 3787 2027 Io

2301 2054 2562 2130 diuorum,
2589 2062 2805 2135 quando
2828 2068 3083 2124 custodes
3118 2068 3369 2125 adhibuit
3398 2069 3621 2141 sepulcro
3644 2067 3786 2124 Christi.

2301 2154 2586 2223 Quomodo
2633 2159 2906 2215 custodita
2946 2170 3032 2217 est
3078 2162 3295 2229 domus,
3330 2162 3375 2219 si
3411 2161 3570 2218 David
3611 2160 3788 2235 ﬁgurabat

2300 2242 2600 2313 Christum,
2632 2260 2693 2307 ut
2740 2248 2993 2310 Christus
3036 2255 3440 2312 interficeretur
3474 2299 3487 2311 .
3515 2256 3623 2312 dum
3660 2270 3732 2309 non
3758 2256 3786 2307 in

2300 2337 2578 2408 sepultura
2629 2338 2917 2409 Christus,
2968 2342 3063 2401 sed
3108 2345 3163 2400 in
3215 2358 3378 2403 cruce
3422 2346 3491 2402 sit
3535 2345 3788 2402 interfectus?

2300 2426 2559 2489 Refertur
2593 2449 2722 2505 ergo
2764 2436 2871 2493 hoc
2915 2434 2983 2493 ad
3029 2452 3231 2509 corpus
3261 2439 3459 2496 Christi
3494 2439 3636 2513 :quia
3660 2438 3787 2492 interﬁ-

2301 2514 2428 2581 cere
2464 2522 2775 2593 Christum,
2825 2534 2946 2584 erat
2991 2528 3182 2587 tollere
3226 2546 3422 2587 nomen
3456 2530 3650 2587 Christi.
3673 2525 3787 2596 Nape

2300 2616 2447 2672 enim
2474 2616 2796 2674 crederetur
2820 2618 2872 2674 in
2904 2616 3210 2688 Christum,
3240 2624 3284 2678 si
3314 2622 3629 2678 mendacium
3659 2634 3786 2690 pret:-

2301 2706 2438 2762 lerct
2467 2708 2777 2776 custodum,
2810 2712 2901 2781 qui
2935 2713 3175 2783 corrupti
3204 2723 3337 2769 sunt
3364 2724 3424 2769 ut
3460 2713 3693 2769 dicerent:
3713 2708 3785 2779 quia

2308 2817 2327 2850 ι
2365 2798 2759 2859 dormientibus
2804 2802 2980 2868 nobis,
3025 2810 3298 2862 venerunt
3352 2796 3582 2877 discipuli
3621 2801 3730 2874 ejus.
3757 2808 3785 2853 Pl

2303 2882 2647 2950 abstulerunt
2689 2911 2813 2952 eum
2861 2895 3081 2969 (Matth.
3106 2900 3326 2973 Μίνωι).
3359 2918 3376 2952 ι
3410 2894 3520 2955 Hoc
3538 2900 3687 2969 itaque
3707 2893 3786 2949 tolle

2304 2982 2581 3042 Christum
2623 2988 2956 3054 interficere,
2988 3006 3182 3048 nomen
3216 2993 3610 3051 resurrectionis
3630 2991 3786 3062 cjnsct-

2306 3076 2606 3149 stinguere,
2629 3088 2690 3135 ut
2711 3080 3052 3138 mendacium
3079 3080 3373 3157 Evangelio
3399 3076 3786 3157 pneterreturﬁed

603 3172 815 3238 nitudo,
848 3182 975 3228 tunc
1012 3174 1191 3229 omnis
1220 3174 1385 3232 Israel
1413 3164 1593 3232 salvus
1622 3177 1715 3233 ﬁet
1751 3174 1926 3248 (Rom.
1956 3177 2057 3248 xi).
2092 3177 2195 3231 Du-
2224 3164 2272 3230 G
2305 3168 2445 3225 sicut
2479 3168 2610 3225 illud
2656 3184 2764 3226 non
2809 3170 2980 3229 valuit
3012 3172 3175 3241 Saul,
3221 3186 3284 3231 ut
3322 3176 3626 3234 interficeret
3660 3170 3784 3231 David.

604 3261 693 3339 pla
723 3270 926 3330 autem,
957 3263 1011 3319 id
1038 3272 1124 3319 est
1148 3264 1378 3325 ducenta
1416 3268 1677 3338 praeputia
1724 3256 1923 3335 attulit,
1953 3268 2066 3324 sive
2100 3283 2200 3339 pro

604 3336 808 3425 Iudaeis
852 3361 908 3409 et
942 3355 1195 3426 gentibus
1243 3336 1546 3427 acquisitis,
1591 3358 1705 3414 sive
1755 3359 1881 3430 quia
1917 3336 2202 3430 major—est

608 3460 870 3503 numerus
911 3447 1288 3518 acquisitionis
1332 3449 1515 3521 populi
1563 3451 1838 3523 gentium,
1867 3469 2031 3523 quam
2079 3468 2239 3519 cre—.

608 3537 854 3619 dentium
901 3537 1234 3619 Iudaeorum.
1288 3539 1494 3597 Deinde
1536 3542 1720 3598 odium
1762 3541 1894 3599 Saul
1938 3542 2203 3600 adversus

610 3612 784 3687 David
812 3627 871 3687 in
901 3637 1110 3687 tantum
1145 3610 1319 3697 auxit,
1355 3639 1417 3686 ut
1454 3646 1549 3687 rex
1574 3632 1645 3690 ob
1675 3628 1943 3690 medelam
1972 3634 2055 3691 sui
2096 3636 2205 3706 spi-

605 3721 770 3790 ritus,
796 3721 969 3779 David
998 3738 1152 3780 more
1177 3722 1493 3795 psallentem
1532 3725 1713 3797 jacnlo
1756 3734 2048 3784 conaretur
2073 3742 2202 3783 con-

604 3814 790 3872 ﬁcere.
821 3813 964 3883 Quid
990 3823 1076 3873 est
1102 3815 1244 3886 quod
1271 3817 1399 3872 dum
1426 3815 1641 3873 Saulem
1689 3817 1912 3889 spiritus
1942 3816 2202 3876 adversus

608 3907 912 3973 invaderet,
940 3906 1280 3978 apprehensa
1318 3904 1485 3964 David
1513 3908 1747 3974 cithara,
1776 3908 1896 3981 ejus
1922 3911 2200 3967 vesaniam

608 3999 933 4073 mitigabat?
958 3997 1065 4056 Per
1106 3999 1324 4057 Saulem
1349 4001 1517 4065 enim,
1539 4000 1847 4058 Iudaeorum
1873 4002 2037 4061 elatio
2062 4020 2076 4059 :
2104 4020 2203 4077 per

605 4094 775 4151 David
823 4103 1040 4163 autem,
1081 4097 1357 4155 humilitas
1410 4096 1615 4155 Christi
1661 4099 2019 4171 significatur.
2064 4088 2223 4161 Cutn‘

606 4201 737 4259 ergo
767 4184 897 4243 Saul
938 4188 1011 4271 ab
1039 4189 1317 4245 immundo
1359 4189 1556 4261 spiritu
1585 4191 1862 4263 arripitur,
1892 4195 2062 4251 David
2103 4212 2198 4252 ca-

606 4287 787 4343 nente,
833 4279 953 4351 ejus
993 4281 1212 4337 vesania
1262 4290 1635 4352 temperatur:
1668 4284 1794 4355 quia
1838 4300 1960 4342 cum
2008 4292 2223 4344 sensus"

606 4371 914 4430 Judmorum
956 4389 1057 4445 per
1104 4372 1497 4446 blasphemiam
1546 4377 1601 4432 in
1649 4376 1889 4435 furorem
1947 4381 2199 4465 vertitur,

606 4462 830 4536 dignum
854 4474 943 4523 est
962 4476 1026 4525 ut
1053 4468 1121 4523 ad
1148 4468 1382 4529 salutem
1415 4480 1630 4529 mentes
1655 4486 1869 4540 eorum,
1897 4462 2053 4546 quasi
2084 4475 2201 4531 dul-

2304 3261 2385 3317 slc
2432 3277 2534 3317 nec
2579 3263 2682 3318 hoc
2723 3261 2901 3334 potuit
2944 3278 3174 3339 regnum
3225 3266 3526 3325 Iudaeorum
3561 3264 3786 3325 ediceret!

2304 3352 2622 3410 memoriam
2650 3354 2852 3411 Christi
2884 3356 3111 3414 deleret.
3140 3357 3236 3415 Isti
3262 3370 3440 3416 autem
3477 3359 3560 3431 qui
3590 3358 3643 3413 de
3661 3355 3785 3408 virtute

2304 3442 2469 3510 Saul,
2509 3445 2564 3500 id
2600 3454 2685 3502 est
2712 3446 2781 3503 de
2820 3460 2988 3519 regno
3017 3446 3333 3506 Judzeorurn
3369 3451 3422 3507 in
3451 3448 3641 3507 Christo
3662 3456 3785 3516 pisse

2305 3554 2456 3595 ntere
2490 3539 2801 3608 voluerunt,
2829 3538 3173 3599 oﬂ‘enderunt
3201 3544 3258 3600 in
3289 3544 3514 3616 lapidem
3548 3536 3781 3599 offensionis,

2309 3639 2569 3701 tanquam
2611 3633 2664 3688 in
2693 3641 2952 3701 statuam,
2980 3644 3035 3692 et
3063 3632 3253 3694 haedus
3282 3638 3364 3694 eis
3393 3638 3531 3693 visus
3565 3641 3632 3690 est
3651 3641 3782 3702 agnus:

2304 3724 2431 3795 quia
2470 3723 2522 3779 iu
2554 3740 2715 3795 quem
2742 3732 3030 3798 peceatum
3066 3742 3175 3785 non
3213 3731 3530 3788 invenerunt
3570 3723 3689 3798 quasi
3711 3734 3782 3791 μεθ’

2304 3826 2545 3874 calorem
2572 3818 2847 3890 persecuti
2874 3826 3021 3878 sunt.

2334 3928 2341 3939 “
2380 3926 2401 3960 α
2434 3906 2752 3966 Nuntiatum
2794 3920 2879 3969 est
2924 3911 3072 3969 Sauli
3115 3926 3147 3969 a
3177 3912 3518 3972 dicentibus:
3546 3910 3662 3967 Ecce
3680 3896 3784 3959 David

2311 4018 2330 4052 ι
2374 3999 2430 4055 in
2459 3990 2655 4057 Naioth
2688 4003 2743 4058 in
2773 4002 2968 4060 Rama.
2991 4023 3009 4057 ι
3047 4003 3248 4061 Naioth
3292 4006 3442 4063 locus
3482 4012 3559 4062 est
3592 4001 3636 4056 in
3664 3998 3791 4053 Bentt

2301 4092 2396 4149 ubi
2436 4093 2578 4150 sedit
2618 4094 2808 4151 David.
2842 4095 3017 4175 Ram
3047 4112 3176 4154 vero
3210 4099 3271 4155 in
3314 4100 3453 4159 tribu
3494 4082 3782 4163 Benjaminci'

2302 4186 2446 4243 vitas
2471 4196 2552 4243 est
2589 4186 2791 4256 Saulis,
2833 4188 2886 4247 in
2917 4200 3075 4245 sexto
3104 4191 3380 4259 milliario,
3425 4191 3489 4245 ab
3519 4185 3645 4242 Helia
3674 4179 3785 4235 adst“

2302 4279 2727 4351 plcntrionalcm
2754 4280 2971 4355 plagam
2997 4292 3186 4337 contra
3216 4280 3424 4341 Bethel.
3453 4280 3562 4337 Alia
3585 4285 3653 4335 est
3675 4279 3789 4343 autem.

2303 4358 2360 4427 in
2405 4370 2548 4427 tribu
2593 4370 2750 4426 Aser.
2791 4370 2988 4428 Naioth
3032 4368 3421 4446 interpretatur
3457 4362 3791 4445 pulo/triturae

2303 4462 2477 4521 Rama
2506 4463 2791 4520 excelsum.
2835 4464 2983 4522 Bene
3009 4480 3138 4539 ergo
3164 4456 3612 4524 conveniunthzec
3645 4450 3784 4513 nomina

606 4560 797 4616 cedine
829 4561 1074 4637 citharae,
1124 4563 1418 4643 locutionis
1446 4567 1777 4641 evangelicae
1805 4570 2200 4641 tranquillitate

2302 4555 2572 4625 locorum,
2609 4557 2770 4616 rebus
2820 4560 2876 4616 in
2929 4560 3016 4618 his
3072 4560 3323 4633 expletis,
3375 4562 3463 4634 qui
3498 4554 3783 4631 prophetarum

607 4660 951 4711 revocentur.
980 4651 1119 4715 Nam
1151 4657 1295 4726 quod
1324 4658 1479 4713 nisus
1507 4666 1590 4714 est
1621 4657 1752 4715 Saul
1788 4661 2063 4733 conﬁgere
2090 4663 2196 4720 Da-

604 4740 697 4797 vid
726 4741 915 4799 lancea
945 4743 1002 4803 in
1028 4740 1262 4816 pariete,
1286 4754 1342 4803 et
1370 4746 1540 4805 David
1572 4746 1889 4818 declinavit,
1914 4760 1971 4807 et
2010 4752 2199 4811 lancea

606 4848 768 4891 casso
810 4834 1036 4893 vulnere
1080 4837 1289 4911 perlata
1334 4846 1420 4896 est
1464 4840 1518 4896 in
1563 4841 1828 4913 parietem
1853 4884 1869 4910 ,
1913 4858 2202 4915 possumus

602 4923 756 4994 iuxta
807 4928 1072 4999 quosdam
1126 4928 1219 5011 ita.
1267 4929 1573 5007 intelligere
1627 4932 1801 5004 quod,
1868 4936 2202 5011 praedicante

607 5015 829 5083 Christo
851 5008 1229 5097 Evangelium,
1252 5022 1422 5081 Judaei
1450 5024 1693 5081 meditati
1722 5033 1849 5083 sunt
1883 5027 1935 5084 ei
1968 5008 2199 5087 mortem

609 5110 838 5183 inferre,
867 5113 966 5171 sed
992 5104 1121 5173 dum
1161 5115 1250 5173 ille
1275 5114 1344 5172 ab
1378 5116 1460 5175 eis
1487 5117 1555 5174 ad
1583 5117 1814 5175 salutem
1849 5121 2089 5192 gentium
2119 5122 2198 5178 vi-

608 5214 710 5265 vus
737 5204 983 5275 secessit,
1011 5205 1186 5265 solam
1223 5207 1481 5265 duritiam
1509 5206 1710 5266 mentis
1742 5188 1959 5271 illorum
1991 5188 2229 5271 malitia}

611 5306 712 5363 sua
738 5293 899 5353 Issit.

638 5450 647 5457 _
1198 5384 1429 5447 CAPUT
1464 5384 1610 5446 XIX.

638 5550 645 5557 ι
700 5494 721 5530 α
765 5478 1021 5552 Dixitque
1075 5476 1341 5539 Jortathas
1400 5483 1467 5541 ad
1536 5472 1711 5540 David
1771 5524 1787 5541 .
1845 5483 1959 5558 Ego
2020 5494 2203 5543 autem

616 5587 653 5643 ι,
681 5572 969 5645 egrediens
1024 5575 1178 5650 stabo
1235 5573 1388 5643 juxta
1458 5582 1673 5646 patrem
1725 5591 1907 5633 meum
1960 5576 2018 5634 in
2071 5594 2203 5650 agro

616 5677 640 5712 ε
687 5660 998 5734 ubicunque
1044 5665 1229 5733 fuerit,
1257 5674 1311 5721 et
1342 5676 1444 5737 ego
1481 5664 1675 5737 loquar
1704 5663 1773 5722 de
1807 5675 1861 5724 te
1895 5666 1962 5725 ad
1992 5680 2203 5742 patrem

614 5767 892 5847 ,tLttteum,
921 5767 979 5815 et
1019 5746 1632 5847 quodcunquevidero,
1663 5758 1924 5818 nuntiabo
1955 5763 2075 5833 tibi,
2097 5785 2116 5818 ι
2148 5775 2204 5823 et

2305 4652 2446 4708 dicta
2489 4660 2545 4708 et
2571 4648 2945 4710 celsitudinem
2971 4653 3175 4712 habent
3200 4655 3440 4712 scientiae
3464 4667 3524 4709 ac
3544 4640 3782 4704 venustatell

2304 4740 2616 4798 locutionis.

2332 4816 2343 4834 ι
2383 4856 2401 4889 ι
2439 4834 2507 4892 Ει
2543 4834 2869 4907 exspoliavit
2895 4853 2955 4894 se
2979 4838 3145 4894 etiam
3171 4836 3289 4912 ipse
3318 4830 3625 4896 vestimentis
3647 4821 3784 4913 suist:l

2312 4922 2347 5009 «ξ
2376 4927 2726 4999 prophetavit
2758 4944 2881 4984 cum
2931 4929 3143 4987 caeteris
3170 4946 3356 4988 coram
3384 4920 3602 4987 Samuel,
3627 4926 3670 4975 et
3698 4922 3783 4966 αα·

2315 5040 2347 5101 r_
2384 5020 2465 5076 nit
2492 5018 2670 5078 nudus
2700 5031 2812 5079 tota
2842 5020 2929 5079 die
2962 5020 3055 5080 illa
3086 5032 3143 5080 et
3182 5035 3360 5082 nocte.
3392 5021 3535 5082 Unde
3558 5010 3782 5101 exivill’r‘f'

2315 5096 2351 5195 «ξ
2379 5103 2658 5170 verbium:
2685 5106 2824 5169 Num
2849 5123 2904 5171 et
2932 5113 3063 5171 Saul
3090 5116 3232 5174 inter
3258 5110 3600 5190 prophetas?»
3626 5096 3782 5171 Ουέεδίίθ

2306 5220 2505 5283 magna
2531 5206 2621 5262 hic
2653 5204 2851 5275 oritur,
2887 5224 3013 5265 cum
3048 5208 3112 5264 in
3160 5207 3573 5282 praecedentibus
3612 5199 3779 5283 188W;

2306 5278 2377 5355 Et
2406 5314 2513 5355 non
2540 5296 2676 5355 vidit
2699 5299 2919 5357 Samuel
2961 5278 3201 5371 Saulem,
3226 5319 3395 5376 usque
3418 5300 3469 5357 in
3498 5296 3621 5354 diem
3659 5278 3782 5342 m0“is

2309 5406 2442 5461 suae,
2489 5397 2546 5447 et
2593 5390 2682 5447 hic
2723 5392 3080 5464 prephctasse
3120 5410 3301 5455 coram
3353 5387 3582 5451 Samuele
3621 5376 3778 5434 dicatur.

2310 5468 2482 5553 Quam
2527 5482 2885 5555 quaestionem
2914 5485 3125 5543 duobus
3171 5489 3345 5544 modis
3387 5476 3579 5541 neum;
3606 5465 3778 5555 solvunt:

2306 5543 2419 5662 int
2462 5543 2570 5659 non
2605 5578 2739 5633 vidit
2778 5593 2926 5648 eum,
2965 5580 3093 5651 quia
3136 5583 3351 5654 quando
3384 5578 3585 5650 junctus
3606 5568 3673 5623 θεῖ

2311 5648 2482 5731 cuneo
2523 5645 2939 5745 prophetarum,
2977 5645 3263 5733 abscondit
3289 5691 3347 5732 se
3377 5645 3653 5735 Damae].ne
3683 5645 3780 5707 ᾔδε’

2310 5777 2463 5867 retur
2484 5764 2563 5867 ali
2581 5744 2647 5824 e6
2670 5764 2811 5824 :‘aut
2832 5782 2944 5827 non
2969 5766 3108 5826 vidit
3133 5768 3350 5828 indutus
3368 5763 3542 5825 habitu
3562 5749 3696 5827 καίοι
3713 5744 3782 5811 φο
