3970 6332
143 326 264 398 su

149 446 569 511 indutus'erat,
603 443 830 513 ideoque
871 444 1077 505 dictum
1122 454 1207 500 est
1241 463 1255 498 :
1295 442 1412 500 Non
1456 443 1592 498 vidit
1621 453 1746 498 eum
1769 445 1826 507 Α

158 554 330 609 usque
356 539 410 594 in
450 539 592 596 diem
620 538 812 594 mortis
846 553 976 602 suae,
1004 539 1344 602 subauditur,
1376 537 1596 592 indutus
1638 537 1738 592 ha-

145 631 272 688 bitu
318 632 484 703 regio.
511 631 855 702 Exspoliasse
897 647 1028 688 vero
1056 648 1114 688 se
1155 648 1260 688 non
1291 631 1542 687 omnibus
1571 632 1737 686 vesti.

143 724 387 790 meritis,
431 724 536 800 sed
588 725 858 797 regalibus
917 733 1125 782 tantum
1184 725 1588 796 intelligendum
1635 732 1736 784 est.

141 816 304 882 Iidem
330 817 595 889 queritur
644 817 918 888 quomodo
944 827 1000 872 et
1041 817 1117 873 illi
1155 817 1247 888 qui
1291 816 1437 872 missi
1463 824 1648 871 essent
1671 815 1740 872 ad

151 910 447 972 tenendum
491 910 764 972 hominem
799 916 860 963 et
912 908 977 963 ad
1023 923 1212 963 necem
1247 907 1572 970 ducendum,
1605 906 1740 966 tales

147 1001 251 1057 Dei
283 999 486 1072 Spiritu
513 998 652 1055 edici
680 999 826 1068 digni
867 1009 1200 1077 meruerunt.
1232 999 1299 1053 Et
1335 997 1464 1054 Saul
1509 999 1622 1068 ipse
1647 999 1738 1067 qui

145 1092 413 1157 miserat,
466 1091 694 1146 veniens
746 1100 803 1146 et
856 1090 971 1162 ipse
1027 1090 1341 1160 sanguinem
1396 1089 1737 1146 innocentem

147 1199 402 1254 quaerens
438 1181 734 1248 effundere,
781 1183 1029 1253 accipere
1059 1183 1260 1238 meruit
1291 1182 1541 1252 spiritum
1586 1182 1738 1246 illum

143 1283 206 1329 et
247 1274 593 1346 prophetare.
633 1273 905 1341 Quantum
948 1273 1093 1330 enim
1137 1273 1206 1329 ad
1239 1273 1474 1330 litteram
1523 1274 1736 1339 attinet,

141 1383 260 1422 non
301 1375 385 1424 est
427 1367 629 1440 mirum
680 1367 953 1423 hominem
1005 1369 1298 1437 reprobum
1351 1367 1418 1420 ad
1467 1374 1738 1428 momenta

139 1460 461 1514 transitoria
511 1460 901 1530 prophetasse,
945 1461 1073 1514 dum
1124 1461 1294 1516 etiam
1336 1459 1493 1516 multi
1525 1460 1740 1518 similes

139 1550 445 1622 prophetia:
477 1550 676 1606 donum
722 1550 970 1624 legantur
1005 1550 1301 1606 habuisse:
1346 1551 1490 1605 sicut
1517 1549 1736 1612 Balaam

137 1645 234 1702 ille
262 1645 543 1716 reprobus.
587 1660 748 1716 quem
779 1661 887 1700 non
931 1654 1074 1700 tacet
1116 1644 1398 1713 Scriptura
1421 1642 1629 1712 judicio
1658 1643 1734 1706 όίε

137 1740 272 1794 vino
308 1754 427 1795 esse
464 1741 813 1805 damnatum,
843 1739 936 1794 sed
969 1747 1148 1794 tamen
1187 1737 1528 1808 prophetiam
1573 1737 1737 1794 habe~

1114 327 1370 388 ENABR.
1405 328 1474 386 IN
1512 327 1760 386 ιωιιοε
1798 327 2060 387 REGUM.
2100 361 2171 374 -—
2207 329 2278 388 ιη
2310 331 2440 388 UB.
2481 334 2522 390 l.

3321 325 3432 396 3Ιῖ

2451 446 2678 504 CAPUT
2707 447 2826 503 XX.

1843 565 1852 576 ~-
1917 555 1937 588 ι
1971 538 2038 592 Et
2065 539 2140 592 ait
2168 537 2434 594 Jonathan
2467 541 2536 594 ad
2571 540 2780 595 David:
2815 539 2898 595 Sit
2933 539 3194 596 Dominus
3224 549 3428 609 tecum,

1843 647 1867 682 ι
1905 631 2046 686 sicut
2074 630 2178 686 fuit
2205 647 2329 687 cum
2353 640 2505 702 patre
2529 648 2667 689 meo.
2693 633 2757 689 Et
2785 634 2832 688 si
2858 634 3068 700 vixero,
3101 633 3270 690 facies
3297 635 3432 692 mihi

1835 739 1866 774 ,ί
1907 721 2329 778 misericordiam
2351 723 2583 779 Domini.
2611 744 2631 777 ι
2657 724 2810 792 Quod
2829 727 2974 781 enim
3001 725 3096 793 ait,
3119 747 3138 779 ‹
3161 728 3230 782 sit
3251 729 3432 783 Domi-

1845 832 1866 870 ι
1905 827 2004 866 nus
2028 821 2227 880 tecum,
2249 815 2390 871 sicut
2413 815 2513 870 fuit
2535 832 2658 871 cum
2682 827 2833 887 patre
2859 833 3036 884 meo,»
3066 820 3198 874 mihi
3221 819 3435 876 videtur

1839 905 1917 960 ita
1948 921 2104 975 posse
2135 907 2394 978 intelligi,
2427 910 2567 982 acpsi
2613 919 2798 981 aperte
2831 912 3073 968 diceret:
3105 912 3434 970 Permaneat

1839 996 2078 1066 Spiritus
2105 997 2314 1062 Domini
2339 1009 2536 1065 tecum,
2559 1001 2700 1056 sicut
2719 1001 2822 1056 fuit
2851 1002 3002 1072 prius
3019 1003 3073 1057 in
3101 1011 3256 1074 patre
3273 1019 3428 1070 meo,

1841 1097 1895 1142 et
1919 1089 1998 1143 sic
2019 1088 2247 1144 sublime
2269 1089 2432 1145 faciat
2454 1107 2674 1162 regnum
2702 1101 2851 1147 tuum
2879 1094 3022 1148 sicut
3046 1095 3277 1150 sublime
3301 1094 3434 1150 fecit

1839 1179 2012 1247 patris
2042 1179 2145 1234 mei
2169 1193 2416 1249 regnum.
2453 1201 2472 1232 ι
2502 1182 2567 1236 Et
2597 1183 2642 1239 si
2671 1183 2878 1250 vixero,
2909 1184 3078 1242 facies
3111 1186 3246 1241 mihi
3271 1186 3436 1240 mise-

1837 1268 2131 1330 ricordiam
2155 1268 2392 1335 Domini,
2418 1290 2436 1322 ι
2467 1280 2526 1326 ut
2549 1273 2758 1328 scilicet
2777 1277 3048 1330 secundus
3067 1275 3168 1330 sim
3191 1275 3244 1329 in
3265 1291 3434 1346 regno

1841 1367 1954 1413 tuo.
1975 1378 1993 1410 ‹
2017 1357 2110 1414 Sin
2129 1375 2263 1438 vero
2281 1370 2528 1416 mortuus
2553 1362 2722 1426 fuero,
2750 1379 2855 1420 non
2885 1364 3098 1420 auferes
3128 1365 3436 1420 misericor-

1841 1453 1985 1507 diam
2003 1462 2193 1507 tuama
2211 1456 2371 1508 domo
2393 1471 2510 1510 mea
2537 1472 2705 1526 usque
2727 1459 2780 1512 in
2805 1460 3250 1528 sempiternum.»
3276 1459 3432 1526 Quod

1839 1559 1970 1598 .vero
2013 1543 2356 1614 subjungitur
2395 1563 2408 1599 :
2449 1566 2468 1598 ε
2500 1549 2717 1616 quando
2764 1551 3124 1606 eradicaverit
3171 1551 3434 1607 Dominus

1842 1636 2089 1702 inimicos
2140 1635 2308 1707 David
2363 1653 2801 1710 unumquemque
2850 1641 2917 1696 de
2955 1652 3120 1696 terra.
3155 1663 3174 1694 ι
3215 1642 3282 1697 Ει
3310 1651 3434 1712 post

1841 1741 2012 1797 pauca
2063 1725 2338 1794 subjunxit
2379 1746 2391 1780 :
2427 1747 2444 1778 ι
2475 1737 2530 1782 et
2562 1731 2804 1799 requirat
2851 1730 3111 1786 Dominus
3155 1733 3221 1788 de
3271 1747 3433 1788 manu

135 1831 256 1886 bat.
285 1828 397 1892 Nec
426 1830 512 1886 illa
560 1832 722 1886 verba
753 1847 947 1901 parum
991 1830 1321 1886 attestantur
1353 1831 1482 1886 huic
1516 1842 1733 1886 senten.
1760 1827 1811 1893 Β
1843 1818 2179 1874 inimicorum
2211 1821 2400 1886 David,
2423 1841 2443 1874 ι
2476 1837 2572 1894 per
2599 1823 3042 1896 anticipationem
3070 1826 3259 1894 utique
3282 1827 3432 1896 fecit,

133 1924 253 1987 tiae,
281 1939 402 1994 qua:
433 1924 484 1978 in
514 1923 802 1994 Evangelio
841 1923 1048 1994 scripta
1091 1932 1217 1979 sunt
1262 1923 1463 1978 multos
1492 1923 1732 1980 dicturos

135 2015 198 2070 in
229 2015 318 2069 illa
347 2015 454 2082 die,
501 2015 750 2080 Domine,
781 2014 1028 2078 Domine,
1059 2014 1112 2068 in
1145 2023 1238 2068 tuo
1265 2014 1481 2068 nomine
1511 2014 1735 2070 mundus

133 2106 390 2161 cavimus
428 2113 484 2162 et
527 2107 784 2170 bibimus,
811 2113 869 2160 et
906 2106 960 2160 in
1001 2106 1218 2160 nomine
1259 2112 1350 2160 tuo
1383 2105 1734 2175 prophetavis

133 2214 300 2265 mus,
341 2207 398 2254 et
441 2199 496 2254 in
543 2198 765 2254 nomine
810 2206 905 2254 tuo
948 2198 1178 2253 virtutes
1235 2196 1436 2252 multas
1484 2195 1730 2264 fecimus.

136 2290 354 2357 Quibus
381 2291 625 2346 dicturus
644 2298 730 2346 est
754 2307 769 2345 :
799 2309 818 2342 ι
841 2287 960 2344 Non
984 2289 1110 2344 novi
1133 2303 1247 2352 vos,
1279 2287 1541 2344 discedite
1565 2304 1596 2341 a
1623 2301 1734 2352 me,

131 2381 378 2452 operarii
431 2381 737 2451 iniquitatis
787 2379 951 2453 (Luc.
1003 2380 1160 2451 run).
1198 2400 1217 2434 ι
1277 2379 1500 2452 Mystice
1549 2389 1732 2436 autem

131 2473 450 2544 exemplum
495 2474 656 2544 hujus
705 2474 832 2528 Saul
885 2473 1312 2543 nuntiorumque
1351 2470 1489 2541 ejus,
1528 2472 1581 2526 in
1634 2471 1734 2530 hac

136 2565 412 2620 sententia
437 2565 530 2635 qui
574 2565 900 2635 prophetare
941 2572 1258 2634 ceperunt,
1295 2563 1391 2634 qui
1438 2565 1506 2618 ad
1545 2577 1732 2631 perse-

132 2657 417 2726 quendum
442 2656 614 2712 David
641 2657 794 2712 missi
819 2668 968 2722 sunt,
997 2656 1126 2727 quid
1157 2655 1302 2710 aliud
1329 2653 1732 2725 signiﬁcabant,

129 2750 247 2808 nisi
292 2749 556 2820 quosdam
587 2748 895 2813 haereticos,
935 2749 1027 2819 qui
1077 2748 1279 2818 aliquid
1327 2746 1453 2803 boni
1507 2747 1573 2802 de
1613 2762 1732 2802 mu-

127 2857 274 2904 nere
329 2842 566 2913 Spiritus
591 2842 778 2899 sancti.
813 2841 1033 2906 habent,
1071 2841 1563 2899 sicuttestamenta
1597 2838 1734 2910 legis

127 2944 194 2994 et
221 2932 524 3006 Evangelii,
554 2933 697 2992 sicut
725 2933 980 3004 baptismi
1005 2942 1427 3000 sacramentum,
1457 2933 1552 2989 sed
1577 2932 1734 2989 Chri-

129 3036 286 3086 stum
327 3026 382 3082 in
427 3026 688 3082 membris
717 3026 828 3082 suis
855 3026 1296 3097 persequuntur?
1337 3025 1439 3093 Qui
1485 3023 1628 3079 enim
1663 3023 1734 3080 ad

126 3122 440 3181 Eeclesiam
469 3120 794 3177 catholicam
829 3121 1073 3187 veniunt,
1117 3133 1227 3175 non
1271 3127 1353 3175 est
1395 3118 1452 3174 in
1496 3118 1578 3174 eis
1621 3116 1730 3172 ullo

1834 1911 1986 1982 prius
2023 1913 2304 1968 historiam
2345 1914 2746 1981 interserendo,
2777 1917 2906 1986 quia
2943 1919 3115 1974 multo
3143 1928 3268 1988 post
3299 1928 3436 1975 tem-

1835 2017 1965 2074 pore
1997 2001 2198 2056 factum
2227 2011 2342 2069 est,
2395 2020 2518 2062 cum
2566 2005 2857 2063 interfecto
2889 2007 3072 2075 Saule,
3103 2025 3330 2081 regnum
3363 2010 3432 2067 ad

1834 2092 2053 2170 domum
2093 2093 2259 2149 David
2310 2097 2629 2151 translatum
2675 2107 2778 2156 est.
2829 2099 2893 2154 Et
2946 2101 3042 2170 qui
3077 2102 3426 2158 innocentem

1835 2199 1958 2262 eum
2017 2183 2212 2252 injuste
2267 2189 2752 2256 persequebantur,
2795 2189 2940 2258 justa
2989 2201 3117 2248 sunt
3169 2194 3432 2250 divinitus

1833 2273 2046 2352 ultione
2067 2275 2303 2331 multati.
2343 2277 2496 2334 Tunc
2541 2280 2686 2335 enim
2735 2282 3021 2352 requisivit
3060 2284 3324 2340 Dominus
3367 2285 3436 2344 do

1834 2383 1998 2421 manu
2031 2367 2398 2433 inimicorum,
2425 2385 2594 2439 quare
2623 2371 2798 2438 virum
2827 2382 3079 2432 sanctum
3110 2374 3430 2432 afﬂixerint:

1834 2465 1963 2512 tunc
2003 2459 2334 2526 cogebantur
2367 2463 2631 2516 rationem
2666 2463 2891 2518 reddere
2926 2465 3196 2532 odiorum,
3232 2467 3430 2536 quibus

1833 2559 2022 2605 contra
2075 2550 2223 2604 illiilli
2267 2560 2416 2606 tanto
2456 2553 2698 2624 tempore
2743 2557 3064 2623 saevierant,
3112 2574 3232 2628 qua:
3274 2558 3431 2613 etde

1832 2641 2069 2698 Absalon
2100 2650 2155 2696 et
2181 2642 2246 2697 de
2280 2642 2408 2698 Siba
2449 2644 2558 2700 filio
2597 2645 2823 2712 Bochri,
2862 2655 2918 2702 et
2956 2648 3022 2702 de
3070 2650 3286 2704 caeteris
3329 2648 3431 2708 lto-
3507 2643 3512 2648 ’

1833 2733 2006 2792 stibus
2031 2733 2194 2788 David
2224 2743 2398 2804 potest
2427 2735 2676 2807 intelligi.
2703 2737 2908 2792 Aliter:
2938 2738 2995 2793 Si
3022 2741 3164 2794 scire
3187 2742 3268 2796 vis
3290 2743 3434 2810 quod

1835 2825 1901 2880 de
1951 2840 2112 2879 manu
2163 2825 2504 2881 inimicorum
2561 2828 2730 2883 David
2778 2829 3097 2898 requisierit
3143 2831 3428 2897 Dominus,

1833 2925 2008 2986 potest
2034 2919 2158 2989 (nisi
2198 2917 2378 2992 fallor)
2406 2934 2434 2974 a
2464 2921 2730 2990 superiori
2763 2921 3054 2988 sententia,
3081 2937 3188 2992 qua
3219 2921 3424 2977 dictum

1834 3016 1932 3082 est,
1966 3008 2092 3078 quia
2141 3007 2318 3090 fwdus
2367 3009 2632 3080 pepigerit
2671 3010 2934 3066 Jonathas
2968 3027 3093 3068 cum
3135 3012 3295 3068 domo
3329 3011 3434 3066 Da-

1833 3097 1938 3158 vid,
1975 3098 2217 3170 intelligi,
2251 3101 2376 3168 quia
2418 3101 2522 3156 hoc
2567 3102 2633 3158 de
2664 3119 2824 3158 manu
2859 3104 3206 3160 inimicorum
3259 3103 3432 3160 David

123 3217 302 3273 nmio
329 3215 660 3281 violandum,
689 3223 784 3268 am
810 3215 964 3284 quasi
993 3229 1098 3269 non
1125 3213 1362 3268 habeam
1387 3199 1726 3276 tradendum,
1755 3191 1802 3263 (ζ
1833 3189 2159 3284 requisicrit.
2189 3189 2356 3284 [dest
2399 3208 2571 3262 quare
2612 3208 2719 3250 non
2773 3201 2830 3249 et
2869 3195 2972 3266 ipsi
3011 3193 3190 3250 {tedus
3215 3211 3337 3249 cum
3367 3209 3436 3249 eo

121 3311 232 3366 sed
277 3318 460 3365 tamen
501 3323 596 3364 eos
633 3323 739 3364 non
765 3307 891 3362 ideo
932 3307 1134 3362 debere
1162 3304 1393 3360 salutem
1429 3301 1738 3367 conlidere,

121 3404 270 3475 quia
307 3417 418 3457 non
457 3401 826 3473 improbemus
871 3400 1015 3471 quod
1063 3399 1183 3454 illos
1227 3397 1501 3468 accepisse
1547 3395 1728 3451 credi-

123 3509 284 3559 mus,
320 3493 413 3548 sed
457 3501 668 3563 oportet
709 3507 812 3547 nos
861 3505 1189 3562 cognoscere
1237 3489 1500 3544 unitatem
1537 3497 1594 3543 et
1634 3502 1727 3542 so-
1758 3518 1777 3529 -

128 3589 394 3643 cietatem
441 3585 655 3640 vinculo
699 3583 1006 3648 charitatis,
1034 3583 1152 3636 sine
1179 3596 1285 3652 qua
1317 3579 1539 3635 omnino
1575 3579 1740 3651 quid-.

129 3680 267 3749 quid
313 3678 638 3744 habuerint,
679 3677 928 3746 quamvis
975 3682 1224 3730 sanctum
1272 3680 1435 3743 atque
1467 3687 1733 3727 verteran-

127 3772 303 3836 dum,
349 3770 449 3842 ipsi
488 3778 667 3824 tanien
711 3767 846 3823 nihil
877 3765 1154 3834 sunt._Qui
1201 3774 1353 3820 tanto
1398 3764 1732 3835 indigniores

127 3864 316 3922 eﬁ‘ecti
356 3866 584 3936 praemio
613 3864 741 3918 vita:
765 3871 1004 3927 aeternae,
1051 3869 1257 3931 quanto
1291 3859 1398 3914 illis
1434 3858 1592 3914 donis
1624 3873 1730 3913 non

127 3961 278 4015 bene
304 3957 387 4012 usi
425 3963 572 4020 sunt,
599 3963 722 4025 quas
760 3955 815 4009 in
857 3954 966 4009 vita
1000 3967 1120 4022 qua:
1161 3951 1472 4006 transitoria
1503 3959 1607 4014 est,
1640 3963 1732 4004 ac-

126 4057 418 4120 ceperunt.
443 4045 678 4101 Possunt
713 4046 879 4102 etiam
907 4045 961 4100 in
988 4045 1095 4100 hoc
1135 4043 1254 4100 loco
1279 4041 1592 4097 Judzeorum
1623 4056 1729 4096 non

125 4141 433 4210 incongrue
475 4146 690 4209 gestare
720 4151 1031 4206 personam,
1064 4134 1157 4204 qui
1202 4133 1328 4188 dum
1361 4132 1590 4187 adversa
1629 4147 1728 4187 cn-

123 4233 292 4303 piunt
335 4230 572 4294 Christo.
613 4227 816 4286 habent
855 4228 912 4284 in
952 4241 1050 4284 ore
1094 4231 1436 4282 sacramenta
1485 4223 1638 4294 legis,
1677 4229 1742 4288 et,

119 4324 527 4395 prophetarum
568 4321 633 4378 ad
682 4317 1050 4376 testimonium
1091 4317 1326 4381 Christi,
1367 4325 1424 4374 et
1465 4331 1588 4372 cum
1630 4314 1731 4370 Ec-

119 4416 328 4484 desia,
353 4413 508 4484 quasi
537 4427 658 4468 cum
683 4411 970 4482 prophetis
998 4412 1064 4468 de
1097 4408 1402 4479 Scripturis
1431 4407 1727 4478 disputant,

1833 3283 1981 3352 pacis
2012 3282 2148 3337 inire
2181 3283 2464 3349 voluerint,
2503 3299 2624 3340 cum
2651 3301 2759 3356 quo
2784 3301 2906 3342 esse
2931 3285 3237 3358 Dominum
3281 3286 3432 3344 vide-

1833 3382 1978 3426 runt.
2011 3372 2217 3429 Idcirco
2244 3384 2424 3429 autem
2465 3375 2748 3446 Scriptura
2781 3377 2872 3432 hic
2918 3379 3242 3434 sententiam
3288 3379 3432 3434 hanc

1831 3466 2266 3546 pratoccnpando
2295 3466 2646 3537 interponere
2691 3470 2923 3535 videtur,
2962 3480 3021 3524 ut
3062 3471 3432 3526 testimonium

1831 3555 2108 3622 Junatbre,
2152 3557 2296 3628 quod
2336 3560 2548 3616 dixerat
2591 3563 2839 3632 (quando
2904 3563 3266 3618 eradicavcrit
3313 3564 3424 3618 ini-

1833 3641 2002 3703 micos
2038 3650 2207 3704 David
2239 3666 2679 3722 unumquemque
2736 3655 2801 3708 de
2851 3661 3015 3728 terra)
3060 3670 3248 3710 verum
3303 3670 3425 3711 esse

1835 3743 2249 3812 comprobaret,
2301 3745 2427 3815 quia
2476 3745 2730 3802 videlicet
2759 3747 3021 3803 eradicati
3053 3756 3178 3802 sunt
3220 3747 3430 3804 inimici

1833 3829 2002 3888 David
2051 3836 2116 3889 de
2159 3845 2323 3899 terra,
2377 3852 2482 3890 non
2517 3838 2633 3907 ipso
2665 3839 2832 3894 David
2886 3856 2944 3895 se
2989 3840 3057 3894 de
3105 3840 3435 3897 adversariis

1833 3919 2152 3993 ulciscente,
2185 3929 2278 3983 sed
2312 3926 2594 3996 judicante
2627 3929 2856 3985 Domino
2887 3946 2986 4002 pro
3016 3931 3125 3986 illo.
3166 3931 3309 3986 Bene
3337 3947 3436 3985 au-

1835 4013 1943 4070 tem
1976 4015 2325 4090 subjungitur
2353 4037 2366 4072 :

1910 4129 1928 4162 t
1960 4107 2027 4164 Et
2061 4111 2269 4166 addidit
2303 4109 2567 4168 Jonathas
2596 4111 2836 4183 dejerare
2868 4113 3035 4168 David
3076 4130 3140 4170 eo
3174 4115 3317 4186 quod
3359 4114 3438 4169 di-

1839 4203 1862 4251 i'
1903 4199 2096 4270 ligeret
2125 4199 2295 4256 illum.
2346 4201 2503 4257 Sicut
2539 4203 2682 4258 enim
2713 4203 2949 4259 animam
2995 4221 3172 4270 suam,
3208 4205 3284 4259 ita
3316 4203 3439 4259 dili-

1839 4281 1866 4370 ιί
1904 4295 2065 4363 gebat
2110 4309 2296 4348 eum.)
2346 4292 2417 4350 Ut
2463 4294 2551 4350 ille
2600 4295 2858 4350 nimirum
2901 4298 2992 4368 qui
3041 4307 3146 4352 tam
3196 4297 3439 4370 perfecto

1825 4385 1980 4456 juxta
2025 4383 2200 4457 legem
2255 4387 2348 4442 Dei
2400 4403 2584 4444 amore
2639 4390 3101 4461 complectebatur
3150 4391 3355 4458 David,
3404 4407 3435 4448 a

121 4467 1346 4576 3"“hl‘iﬁéhmpmgbeiis’vauéi’nabmhm.
1377 4467 1571 4566 Quen}.
1601 4467 1728 4552 Sani
1831 4477 2137 4547 perditione
2188 4467 2533 4534 inimicorum
2582 4476 2698 4550 cjus
2732 4483 3111 4537 ostenderetur
3153 4483 3446 4564 immunis._.

119 4611 472 4672 Mens
495 4606 551 4651 et
575 4569 930 4667 prophetam,
961 4592 1349 4665 prmliguravit,
1381 4591 1484 4645 nisi
1514 4589 1734 4645 Scr-ibas
1759 4581 1812 4641 Β
1837 4569 1939 4636 Qui
1972 4579 2026 4623 ει
2063 4569 2113 4672 εξ
2142 4569 2243 4624 is”
2295 4580 2472 4628 mone
2526 4584 2852 4672 Ρτξὲξθηιυεν
2901 4590 3124 4672 νρεηξιιη
3176 4593 3297 4631 Cum
3348 4592 3434 4639 θον

118 4704 184 4752 et
229 4693 540 4749 Plurimos
577 4691 922 4757 Judmorum,
967 4689 1061 4761 qui
1113 4695 1451 4764 sacramenta
1501 4686 1634 4758 legis
1675 4693 1732 4740 et

121 4785 552 4858 prophetarum,
577 4801 700 4856 quae
741 4784 808 4840 de
832 4783 1052 4840 Christo
1093 4789 1220 4840 sunt
1263 4780 1632 4852 pronuntiata,
1661 4780 1730 4835 ad

119 4878 518 4936 testimonium
539 4877 657 4947 ejus
677 4879 730 4933 in
747 4891 846 4933 ore
871 4883 1176 4947 portantes,
1198 4890 1319 4930 eum
1343 4871 1731 4930 ecclesiasticis

117 4972 271 5026 siris
303 4971 372 5026 de
419 4969 722 5041 Scripturis
766 4969 973 5024 sanctis
1007 4967 1315 5036 disputant?
1347 4963 1498 5030 Quod
1547 4971 1728 5020 autem

121 5063 271 5120 Saul
297 5075 362 5118 se
385 5061 640 5132 spotians,
669 5061 844 5117 nudus
874 5059 1199 5116 vaticinatus
1228 5072 1349 5114 esse
1375 5055 1591 5117 dicitur,
1626 5055 1729 5110 hoc

118 5153 518 5230 praeﬁgurnsse
549 5169 656 5218 non
699 5161 786 5212 est
811 5152 1149 5223 ambiguum,
1195 5149 1339 5219 quod
1370 5147 1596 5218 populus
1632 5145 1730 5202 Ju-

119 5249 420 5313 daeum.
461 5243 617 5314 cujus
659 5259 952 5314 personam
1000 5243 1141 5298 idem
1179 5240 1308 5296 Saul
1351 5238 1615 5311 gestavit,
1662 5238 1748 5294 ab,

121 5345 464 5400 indumento
493 5337 620 5392 ﬁdei
655 5345 820 5406 atque
857 5333 1145 5392 sacerdotii
1181 5331 1444 5404 dignitate
1477 5330 1750 5396 nudatus,

118 5447 186 5490 et
221 5433 406 5506 gloria
441 5431 594 5502 regni
647 5429 930 5501 spoliatus,
965 5427 1131 5482 verba
1167 5425 1302 5497 legis
1347 5434 1405 5479 et
1440 5423 1740 5495 prophetas

117 5540 286 5592 rum,
315 5537 440 5595 quo
468 5521 536 5578 de
565 5520 784 5580 Christo
821 5519 1190 5580 testimonium
1220 5516 1527 5587 perhibent,
1560 5514 1614 5568 in
1639 5529 1734 5569 ore

113 5627 392 5691 portam,
421 5614 674 5672 eumdem
704 5611 980 5670 Christum
1026 5610 1308 5666 Dominum
1329 5651 1342 5676 ,
1392 5608 1458 5664 de
1485 5623 1591 5678 quo
1628 5623 1756 5676 non,

119 5711 454 5781 intelligens
478 5706 802 5779 prophetat,
833 5705 1054 5764 malitiae
1085 5719 1196 5762 sua:
1227 5703 1398 5760 livore
1427 5712 1736 5759 excaecatus

1839 4670 1896 4714 ut
1942 4663 2224 4729 sperabat,
2273 4671 2550 4719 terrenum
2593 4655 2794 4720 habere
2841 4667 3081 4736 nequivit
3121 4681 3433 4730 commune,

1840 4752 2043 4822 absque
2096 4751 2206 4808 ulla
2277 4762 2459 4809 tamen
2510 4755 2940 4812 contradictione
2993 4757 3143 4828 regni
3196 4758 3436 4814 caelestis

1838 4845 2171 4900 consortium
2224 4861 2347 4901 cum
2401 4862 2467 4904 eo
2518 4847 2702 4920 (quem
2755 4851 2927 4922 gloria
2978 4852 3240 4908 virtutum
3303 4861 3425 4904 tan-

1839 4935 2009 5005 tisper
2049 4937 2260 5005 dilexit,
2293 4954 2416 4994 cum
2445 4950 2590 4996 esset
2618 4949 2674 4996 et
2720 4943 2834 5012 ipse
2880 4945 3144 4998 virtutum
3196 4942 3432 5011 amator)

1839 5027 2066 5098 accepit.

1914 5162 1933 5195 ι
1969 5143 2122 5198 Venit
2147 5139 2410 5201 Jonathas
2438 5145 2494 5201 in
2525 5162 2713 5219 agrum
2735 5145 2892 5216 juxta
2922 5147 3174 5218 placitum
3201 5146 3430 5212 David,»

1838 5242 1900 5292 et.
1929 5234 2155 5305 reliqua.
2198 5237 2338 5304 Quid
2376 5245 2459 5293 est
2505 5240 2650 5309 quod
2693 5231 2955 5294 Jonathas
3001 5223 3172 5291 Dtivid
3215 5252 3438 5296 servare

1837 5326 2049 5393 volens,
2076 5344 2204 5384 cum
2231 5329 2320 5385 ille
2372 5331 2568 5388 lateret
2615 5333 2669 5388 in
2717 5349 2872 5402 agro,
2905 5332 3060 5402 juxta
3105 5330 3336 5402 lapidem
3365 5333 3434 5388 ad

1839 5420 2053 5496 signum
2103 5422 2239 5478 duas
2288 5425 2422 5494 jecit
2471 5426 2727 5497 sagittas,
2774 5440 2911 5494 quas
2961 5439 3102 5494 puer
3153 5425 3430 5495 parvulus,

1837 5512 2094 5592 ignorans
2133 5515 2262 5585 quid
2303 5515 2520 5584 fecerit,
2570 5517 2816 5588 collegit,
2848 5525 2902 5572 et
2934 5516 2990 5571 in
3029 5517 3303 5582 civitatem
3345 5535 3432 5575 re-

1835 5607 1981 5678 tulit,
2009 5609 2110 5665 nisi
2137 5612 2278 5680 quod
2315 5611 2458 5666 Dens
2482 5611 2640 5666 Pater
2665 5611 2860 5666 Filium
2889 5627 3046 5665 suum
3072 5611 3430 5684 unigenitum,

1837 5721 1996 5776 quem
2028 5706 2096 5760 ad
2125 5706 2357 5760 salutem
2389 5706 2610 5760 humani
2641 5705 2860 5775 generis
2895 5705 3220 5776 mittendum
3249 5708 3433 5764 decre-

1837 5808 2019 5872 verat,
2050 5800 2104 5856 in
2135 5800 2317 5858 littera
2347 5799 2500 5872 legis,
2533 5797 2735 5882 Judeis
2777 5800 3166 5869 nescientibus,
3207 5800 3450 5866 ώθωιιι,
