3970 6332
1664 293 2018 388 tuentem
2055 293 2520 358 LUXOVIENSIS
2558 297 2866 361 MONACBI
3729 329 3796 386 ω

627 393 800 452 ditum
851 395 1118 456 habuerat
1136 375 1172 456 ἱ
1219 401 1392 460 David
1442 419 1574 478 ergo
1627 378 1978 467 absconditus
2026 419 2111 468 est
2162 413 2218 468 in
2244 419 2298 480 Α
2321 413 2529 472 meiech
2558 431 2590 471 a
2619 415 2783 475 Saule
2807 434 2930 475 cum
2958 421 3090 478 viris
3117 421 3310 482 domus
3333 441 3441 484 sua:
3462 435 3650 502 generis
3671 453 3793 500 saw.

626 501 776 559 agro,
811 487 1060 546 Christus
1094 492 1301 550 celatus
1339 503 1425 551 est
1455 496 1509 552 in
1541 499 1760 555 mundo.
1804 520 1823 554 ‹
1856 500 1912 557 in
1940 503 2161 570 mundo,
2190 522 2212 558 ι

623 581 802 653 inquit
827 582 1089 654 Joannes,
1123 605 1144 640 ι
1173 598 1316 656 erat,
1341 599 1396 648 et
1420 593 1650 649 mundus
1675 609 1798 650 eum
1829 610 1935 652 non
1963 600 2219 670 cognovit

623 674 810 746 (Joan.
836 677 944 749 1).»
987 676 1151 734 Juxta
1193 681 1428 752 lapidem
1475 685 1699 741 sedebat
1743 687 1873 757 quia
1919 689 1974 745 in
2021 691 2218 749 tabulis

623 770 762 844 legis
789 775 1030 846 scriptus
1057 784 1195 831 erat.
1225 775 1358 831 Nam
1390 775 1520 832 Saul
1555 779 1680 836 odio
1708 780 1936 849 habens,
1971 791 2027 838 et
2073 783 2217 840 inter

621 861 811 932 epulas
839 867 1056 934 sedens,
1088 866 1258 922 ﬁlium
1307 869 1498 925 mortis
1526 885 1650 926 eum
1687 869 2004 942 judicabat:
2033 884 2090 932 et
2128 877 2214 948 ju-

621 953 778 1012 daica
823 956 975 1027 plebs
1019 957 1347 1027 ianascha:
1390 961 1564 1032 epulis
1608 965 1936 1036 convivans,
1981 969 2048 1024 de
2080 984 2215 1027 nece

621 1045 828 1105 Christi
859 1050 1150 1107 tractabat.

695 1157 716 1192 ι
743 1139 880 1196 Cum
927 1157 1056 1214 ergo
1106 1142 1372 1201 illuxisset
1423 1162 1603 1214 mane,
1652 1148 1802 1204 venit
1845 1148 2109 1209 Jonathas
2156 1153 2212 1210 in

619 1252 644 1288 ς
689 1249 877 1307 agrum
915 1233 1073 1304 juxta
1119 1235 1379 1308 placitum
1427 1227 1637 1308 David,
1681 1250 1736 1298 et
1769 1258 1907 1314 puer
1952 1245 2212 1316 parvulus

621 1343 644 1380 ι
685 1341 808 1381 cum
835 1341 920 1383 eo.
943 1346 963 1381 ι
997 1325 1139 1384 Jecit
1172 1345 1336 1385 unam
1365 1331 1642 1404 sagittam,
1667 1332 1801 1402 jecit
1840 1343 1897 1390 et
1925 1335 2123 1391 aliam:
2156 1347 2212 1394 et

613 1414 758 1473 Deus
784 1415 947 1474 Pater
985 1417 1336 1478 illucescente
1376 1438 1534 1478 mane
1581 1424 1944 1492 credulitatis,
1972 1427 2208 1498 primum

612 1512 984 1569 testimonium
1021 1513 1157 1588 legis
1205 1517 1272 1573 de
1312 1516 1532 1574 Christo
1569 1519 1815 1590 protulit,
1847 1520 2042 1577 deinde
2080 1538 2209 1595 pro-

610 1603 806 1674 phetas
852 1605 1025 1674 misit,
1068 1606 1160 1676 qui
1206 1607 1274 1663 de
1319 1609 1552 1664 adventu
1594 1609 1713 1680 ejus
1758 1612 2203 1670 testificarentur.

610 1694 767 1754 Unde
813 1697 1071 1756 Habacuc
1113 1699 1191 1755 ait
1230 1717 1244 1756 :
1282 1719 1300 1752 ι
1329 1700 1388 1757 In
1438 1702 1644 1759 lumine
1685 1703 1865 1775 jacula
1912 1715 2004 1762 tua
2051 1708 2206 1765 ibunt

2321 508 2518 566 dotalis
2547 511 2818 582 octoginta
2846 514 3115 586 quinque,
3147 515 3283 588 fugit
3309 518 3558 578 Abiathar
3579 528 3636 582 ad
3664 529 3797 604 David;

2316 607 2373 655 et
2398 615 2581 657 comes
2608 601 2782 659 factus
2813 606 2982 661 totius
3007 607 3181 663 exsilii
3223 607 3360 678 ejus.
3404 610 3580 672 Postea
3619 601 3796 694 ηειηηιξ

2315 707 2401 760 εο,
2427 696 2622 750 summi
2645 697 2937 754 sacerdotii
2961 707 3016 755 et
3045 700 3160 771 ipse
3187 703 3410 774 gradum
3435 709 3638 780 accepit,
3659 728 3709 770 ac
3729 727 3796 776 toto

2315 795 2562 859 tempore
2589 791 2740 862 regni
2765 791 2908 847 illius
2930 793 2983 848 in
3004 792 3321 864 pontiﬁcatu
3343 809 3795 867 perseverans.rnulto

2313 882 2539 954 majoris
2578 883 2914 942 excellentiae
2966 901 3128 958 quam
3168 897 3322 960 pater
3359 906 3483 948 suus
3525 894 3706 953 effectus
3733 912 3793 958 est.
3864 882 3865 952 ἦ

2312 975 2548 1046 Ideoque
2573 975 2766 1048 dignus
2787 976 2889 1032 fuit
2911 979 3066 1041 cuius
3089 982 3404 1038 memoriam
3433 985 3676 1054 Dominus,
3693 993 3795 1049 etiam
3864 975 3865 990 ‘

2311 1066 2528 1122 vivente
2552 1076 2740 1137 patre,
2783 1070 2940 1139 quasi
2977 1073 3172 1127 summi
3213 1075 3502 1130 sacerdotis
3529 1075 3706 1134 faceret
3733 1081 3794 1140 Sed

2312 1157 2415 1214 hoc
2443 1160 2587 1228 quod
2612 1160 2688 1214 ait
2721 1162 2970 1232 superius
2994 1179 3009 1218 :
3033 1163 3131 1219 Via
3165 1165 3280 1220 htec
3304 1165 3497 1236 polluta
3517 1177 3610 1234 est,
3633 1172 3794 1227 sedsim-

2313 1249 2648 1307 ctilicabitur
2677 1252 2729 1308 in
2776 1253 2956 1319 vasis,
2989 1255 3062 1310 ita
3104 1257 3346 1312 nonnulli
3382 1257 3671 1317 edisserunt.
3704 1263 3794 1320 lien-

2311 1341 2498 1397 tiendo
2528 1343 2673 1399 enim
2716 1344 2822 1401 iter
2862 1346 3141 1417 polluitur,
3173 1349 3303 1404 dum
3331 1364 3360 1403 a
3392 1365 3512 1421 rege
3547 1353 3723 1409 missum
3746 1371 3795 1412 me
3864 1345 3865 1352 “

2311 1432 2478 1504 ﬁngo,
2511 1435 2699 1491 ethoc
2724 1438 3051 1494 necessitate
3091 1441 3312 1506 mortis,
3355 1444 3446 1498 sed
3475 1445 3794 1503 sanetiiicabilnr
3864 1485 3865 1492 η

2309 1523 2365 1580 in
2395 1524 2524 1592 illis,
2552 1541 2785 1597 quorum
2815 1545 2980 1586 causa
3006 1531 3170 1587 etiam
3196 1533 3360 1604 fugio,
3391 1535 3511 1606 quia
3537 1535 3708 1594 illorum
3731 1556 3793 1596 non

2309 1618 2634 1678 solummei
2681 1623 2908 1694 periculi
2939 1641 3102 1682 causa
3145 1628 3421 1684 mentior:
3454 1644 3569 1686 nam
3598 1632 3677 1702 ipsi
3698 1633 3794 1704 hujus
3864 1677 3865 1704 ἦ

2311 1711 2390 1766 rei
2415 1727 2578 1768 causa
2612 1713 2987 1772 saivabuntur.
3017 1717 3293 1775 Hactenus
3321 1719 3586 1778 historiam
3609 1739 3716 1778 nunc
3730 1725 3794 1794 spi-

609 1785 842 1862 (Habac.
869 1789 976 1863 ιιι),
999 1813 1019 1845 ο
1051 1799 1108 1846 ει
1143 1793 1371 1863 reliqua.
1403 1793 1630 1868 Collegit
1657 1807 1838 1855 autem
1871 1814 2006 1869 puer
2033 1800 2200 1857 Jona-
2231 1786 2282 1850 Β
2311 1801 2521 1856 ritalcm
2551 1803 2960 1876 intelligentiam
2984 1815 3276 1880 tangamus
3301 1827 3312 1864 :
3343 1811 3504 1866 David
3529 1813 3700 1885 fugiens
3717 1785 3793 1869 Sid

609 1879 719 1936 thae
759 1881 1008 1951 sagittas,
1037 1890 1092 1938 et
1122 1883 1303 1940 attulit
1343 1886 1411 1942 ad
1441 1885 1727 1944 Dominum
1758 1903 1916 1946 suum
1942 1905 1957 1946 :
1987 1903 2043 1947 et
2075 1893 2208 1963 quid

610 1986 866 2046 ageretur
888 1976 1106 2049 penitus
1131 1977 1434 2052 ignorabat.
1465 1981 1558 2038 Sic
1584 1992 1641 2039 et
1679 1981 1938 2042 Iudaicus
1971 1986 2207 2058 populus

609 2064 779 2123 libros
833 2068 966 2141 legis
995 2079 1052 2127 et
1077 2073 1466 2143 pr0phetarum
1495 2087 1742 2147 portans,
1766 2079 1922 2149 quasi
1946 2080 2206 2138 divinitus

608 2159 948 2230 conscriptos
995 2162 1308 2234 ignorabat,
1356 2165 1450 2222 sed
1499 2181 1657 2234 eum,
1701 2183 1864 2239 quem
1909 2169 2120 2243 Moyses
2149 2181 2207 2228 et

604 2251 886 2322 propheta:
918 2252 1320 2327 figuraverart,
1354 2259 1772 2330 praesentialiter
1811 2261 1957 2320 inter
1991 2279 2052 2322 se
2087 2280 2204 2321 ma-

608 2352 830 2400 nentem
860 2359 967 2401 non
996 2357 1346 2418 cognoverat.

1199 2499 1430 2562 CAPUT
1463 2503 1604 2562 XXI.

677 2639 699 2676 ι
732 2621 896 2680 Venit
931 2633 1114 2681 autem
1153 2626 1320 2683 David
1345 2627 1399 2683 in
1425 2628 1575 2686 Nobe
1608 2629 1678 2686 ad
1716 2630 2067 2691 Achimelech
2113 2651 2200 2692 sa-

601 2713 902 2782 cerdotem,
933 2703 985 2772 ei
1017 2717 1297 2789 obstupuit
1320 2720 1672 2778 Achimelech
1697 2737 1764 2778 eo
1789 2725 1932 2795 quod
1957 2726 2200 2786 venisset

599 2805 773 2864 David
803 2807 974 2876 solus,
1013 2829 1032 2862 ι
1095 2817 1151 2866 ει
1191 2809 1419 2883 reliqua.
1450 2812 1794 2871 Achimelech
1837 2816 1952 2886 ipse
1975 2827 2060 2874 est
2096 2820 2198 2876 Aia

601 2895 746 2956 illius
789 2900 1057 2970 Achitob,
1095 2903 1191 2959 lilii
1221 2903 1488 2973 Phinees,
1523 2905 1619 2962 lilii
1660 2907 1801 2966 Heli.
1843 2911 2196 2976 Achimelech

598 2990 921 3062 interrogat,
952 3002 1138 3049 utrum
1169 2996 1361 3065 David,
1390 3015 1520 3054 num
1542 3001 1698 3071 pueri
1732 3002 1850 3070 sui,
1877 3019 2015 3075 quos
2051 3006 2106 3060 in
2133 3006 2197 3061 il-

2309 1893 2378 1948 ad
2404 1893 2757 1952 Achimelecb
2792 1899 3157 1967 sacerdOtem,
3191 1901 3285 1972 qui
3325 1901 3676 1973 interpretatur
3692 1905 3794 1974 {rata

2307 2001 2454 2040 meus
2482 2002 2575 2042 rex
2601 1989 2774 2043 venit:
2811 1989 3067 2047 similiter
3100 1991 3356 2049 Christus
3379 1992 3656 2051 Iudaeorum
3674 2011 3792 2067 perse-

2306 2078 2579 2134 cutionem
2619 2079 2921 2149 declinans,
2959 2098 3192 2154 quorum
3224 2094 3410 2157 typum
3437 2085 3559 2142 Saul
3583 2089 3792 2154 tenuit,ni

2305 2171 2580 2241 apostolos
2637 2172 2908 2230 transiens
2931 2212 2948 2242 ,
3001 2175 3200 2246 quibus
3250 2177 3605 2250 interpretatio
3639 2179 3793 2236 nominit

2302 2259 2654 2319 Aehimelech
2695 2265 2978 2336 congruit,
3011 2281 3145 2338 quos
3176 2267 3471 2338 Dominus,
3515 2270 3618 2326 Rex
3651 2285 3789 2343 regum,

2301 2349 2506 2408 fratres
2536 2368 2746 2430 vocare
2768 2356 3022 2429 dignatus
3046 2367 3167 2425 est,
3201 2361 3388 2418 dicens
3413 2379 3426 2417 :
3464 2381 3482 2414 ι
3515 2363 3609 2430 ite,
3631 2363 3790 2418 nuntiate

2301 2441 2567 2502 fratribus
2594 2447 2731 2503 meis
2760 2445 2976 2521 (Matth.
3004 2453 3202 2524 xxvm)
3223 2492 3238 2518 ,
3270 2472 3291 2506 ι
3324 2468 3446 2509 cum
3481 2455 3651 2526 quibus
3671 2463 3711 2509 et
3735 2454 3789 2508 de-

2300 2538 2598 2595 sideratum
2628 2540 2809 2596 cibum
2837 2543 3108 2614 sumpsit:
3143 2561 3162 2595 ι
3202 2543 3479 2602 Desiderio
3501 2551 3626 2602 enim
3651 2545 3786 2602 deside-

2301 2631 2419 2686 ravi
2448 2632 2555 2687 hoc
2580 2632 2786 2702 pascha
2816 2635 3148 2692 manducare
3183 2635 3339 2707 (Luc.
3384 2639 3536 2709 xxii).
3572 2657 3590 2692 ι
3614 2635 3789 2694 Daridad

2298 2721 2650 2780 Achimelecb
2680 2724 2826 2781 solus
2854 2726 3036 2794 venit,
3075 2736 3129 2784 et
3153 2729 3408 2786 Christus
3433 2731 3485 2786 in
3513 2730 3714 2802 passione
3731 2740 3788 2783 sui

2299 2815 2447 2871 solus
2477 2815 2701 2872 relictus
2725 2826 2830 2873 est.
2862 2816 3018 2886 Quod
3046 2826 3230 2874 autem
3260 2820 3338 2874 ait
3367 2820 3562 2876 David:
3592 2840 3608 2872 ι
3637 2819 3788 2875 illunc!

2299 2904 2448 2960 illum
2481 2907 2534 2962 in
2559 2906 2736 2963 locum
2768 2909 2985 2964 condixi
3008 2910 3194 2980 pueris
3213 2912 3370 2978 meis,
3409 2931 3430 2968 ι
3456 2913 3553 2968 hoc
3574 2910 3786 2973 iudicabit.

2299 2997 2444 3067 quod
2472 2997 2734 3054 Dominus
2755 2999 3034 3070 apostolos
3062 3016 3191 3059 suos
3233 3011 3363 3060 ante
3393 3005 3668 3075 passionem
3690 3015 3786 3058 suam

596 3078 708 3136 lum
734 3090 790 3136 et
812 3083 960 3139 illum
986 3084 1163 3141 locum
1185 3089 1494 3146 condixisse
1516 3091 1747 3160 dixerat,
1770 3096 1954 3152 mundi
1976 3100 2189 3156 essent?

2301 3087 2601 3143 iufurmaus
2629 3089 2746 3144 ait:
2783 3107 2802 3141 ι
2836 3088 3128 3162 Postquam
3174 3108 3540 3160 resurrexero,
3569 3090 3786 3166 praecedam

593 3168 765 3226 David
785 3186 914 3228 vero
932 3175 1276 3246 aenigmatice
1295 3178 1578 3250 pluraliter
1595 3183 1662 3238 de
1682 3185 1863 3256 seipso
1891 3190 2184 3260 respondit,

2297 3198 2393 3238 vos
2421 3183 2474 3237 in
2498 3181 2798 3240 Galilaeam.
2831 3201 2851 3236 ι
2879 3150 3049 3241 Dav-id
3078 3187 3145 3242 ad
3164 3150 3784 3260 Achimelechquinquepa-

594 3261 822 3320 dicens:
861 3283 880 3316 ι
909 3266 978 3321 Et
1006 3265 1224 3324 fuerunt
1251 3286 1381 3327 vasa
1414 3287 1706 3344 puerorum
1733 3288 1924 3334 saneta
1959 3299 2006 3347 ι,
2040 3282 2190 3338 scili-

593 3364 685 3410 cet
720 3370 751 3409 a
792 3357 1084 3414 concubitu
1111 3359 1404 3433 conjugali.
1451 3363 1606 3432 Quod
1635 3382 1764 3424 vero
1799 3370 1911 3426 ait:
1963 3391 1984 3424 ι
2017 3371 2190 3432 Porro

590 3446 678 3502 via
708 3446 823 3504 haec
845 3449 1051 3521 polluta
1072 3460 1179 3520 est,
1218 3472 1237 3504 ι
1271 3463 1328 3509 et
1355 3455 1408 3510 in
1435 3454 1663 3514 Hebraeo
1691 3459 1923 3532 legitur,
1965 3481 1984 3516 α
2017 3463 2190 3523 Porro

593 3540 677 3596 via
705 3540 844 3598 laica
870 3553 973 3611 est,
1011 3563 1030 3598 ι
1065 3545 1146 3602 sic
1174 3547 1582 3620 intelligendum
1624 3561 1711 3608 est
1755 3568 1819 3611 ac
1855 3556 1902 3612 si
1943 3556 2184 3615 diceret:

585 3632 647 3690 In
677 3633 797 3710 iege
819 3647 1150 3708 praeceptum
1180 3648 1265 3696 est
1293 3650 1356 3696 ut
1378 3652 1672 3702 extraneus
1698 3661 1807 3702 non
1835 3651 2087 3706 comedat
2119 3666 2186 3708 ex

585 3727 692 3794 eis,
718 3738 775 3785 et
805 3739 863 3785 tu
895 3731 1201 3803 interrogas
1234 3741 1415 3789 utrum
1456 3736 1643 3794 mundi
1687 3737 1799 3794 sint
1819 3742 2018 3811 pueri?
2056 3743 2180 3812 Qui,

583 3819 801 3877 etiamsi
844 3823 1030 3879 mundi
1051 3835 1258 3893 essent,
1276 3840 1622 3900 nequaquam
1643 3830 1722 3886 eis
1735 3834 1876 3888 vesci
1901 3834 2182 3892 deberent.

581 3912 794 3973 Idcirco
816 3915 902 3971 via
933 3927 1018 3973 est
1059 3917 1232 3985 laica,
1277 3922 1406 3991 quia
1451 3931 1506 3977 tu
1551 3923 1816 3982 laicaliter
1853 3927 2180 4001 interrogas.

589 4024 609 4059 ι
647 4004 754 4062 Sed
786 4016 843 4063 et
883 4009 999 4081 ipsa
1046 4010 1209 4069 hodie
1253 4014 1682 4072 sanetilicabitur
1714 4019 1768 4075 in
1799 4023 1966 4078 vasis.
2005 4043 2025 4078 ι
2059 4023 2182 4096 Ipsa

583 4100 770 4172 utique
801 4101 855 4157 in
883 4103 1059 4170 vasis,
1092 4104 1145 4162 id
1181 4115 1266 4162 est
1293 4117 1477 4166 mente
1513 4125 1613 4167 sua
1642 4114 1975 4172 sanetiiieari
2012 4118 2178 4187 dicit,

579 4194 708 4264 quia
750 4193 855 4250 nisi
901 4197 1226 4254 necessitate
1271 4201 1516 4272 corporis
1556 4211 1612 4259 et
1648 4205 1890 4276 periculo
1927 4209 2049 4264 vitae
2087 4227 2180 4266 ur-

577 4293 762 4357 gente,
788 4302 1131 4361 nequaquam
1161 4303 1475 4349 vesceretur
1507 4296 1608 4352 eis.
1641 4295 1758 4353 Non
1782 4307 1963 4355 tamen
1991 4311 2179 4372 aperte

579 4379 800 4434 eosdem
837 4379 1034 4452 legitur
1062 4381 1232 4438 David
1257 4400 1429 4456 panes
1449 4388 1774 4455 comedisse,
1799 4390 1942 4446 sicut
1964 4390 2175 4449 Hebraei

577 4470 822 4525 tradunt.
853 4470 961 4528 Sed
992 4473 1109 4545 lege
1138 4474 1520 4548 Evangelium,
1551 4479 1644 4535 ubi
1676 4479 1936 4538 Dominus
1969 4483 2037 4540 de
2074 4484 2176 4542 hac

577 4563 849 4619 sententia
876 4563 1078 4623 Judwis
1107 4567 1372 4638 loquitur,
1399 4571 1586 4628 dicens
1612 4590 1625 4626 :
1673 4592 1692 4626 ι
1727 4573 2011 4647 Nunquam
2043 4576 2174 4651 legi-

572 4657 675 4712 stis
697 4657 824 4726 quid
852 4657 1043 4716 fecerit
1070 4660 1263 4730 David,
1291 4665 1511 4737 quando
1537 4671 1916 4728 necessitatem
1945 4671 2166 4742 habuit,

571 4756 626 4804 et
657 4750 848 4805 esuriit
871 4751 984 4822 ipse
1011 4761 1068 4809 et
1088 4754 1178 4824 qui
1209 4769 1334 4811 eum
1363 4772 1430 4812 eo
1457 4769 1635 4828 erant,
1667 4764 1937 4833 quomodo
1964 4765 2170 4823 introiit

573 4841 795 4898 domum
825 4843 1040 4901 Domini
1068 4848 1170 4902 sub
1198 4849 1462 4906 Abiathar
1485 4853 1728 4925 principe
1750 4856 2090 4914 sacerdotum
2112 4867 2169 4916 et

570 4948 740 5004 panes
786 4937 1174 5008 propositionis
1220 4941 1594 5010 manducavit,
1640 4962 1778 5016 quos
1816 4965 1921 5003 non
1969 4949 2167 5006 licebat

571 5028 903 5085 manducare
929 5030 1032 5084 nisi
1063 5032 1457 5101 sacerdotibus,
1481 5045 1539 5091 et
1567 5037 1718 5092 dedit
1738 5039 1816 5094 eis
1840 5040 1933 5111 qui
1959 5057 2082 5096 cuni
2104 5057 2171 5099 eo

569 5119 974 5192 crant?(Marc.
990 5122 1105 5197 ιι.)ι
1125 5123 1230 5180 Sed
1253 5127 1637 5197 requirendum
1659 5131 1787 5202 quid
1808 5141 1894 5188 est
1911 5135 2053 5204 quod
2078 5135 2166 5192 hic

568 5211 921 5272 Acliimelech
955 5219 1211 5275 sacerdos
1240 5219 1454 5290 legitur,
1481 5237 1511 5276 a
1545 5237 1654 5293 quo
1682 5224 1850 5280 David
1877 5240 2044 5296 panes
2070 5241 2162 5282 ac-

568 5304 732 5375 cepit,
764 5317 821 5364 et
854 5305 1114 5366 Dominus
1157 5310 1212 5365 in
1255 5310 1549 5384 Evangeiio
1576 5313 1844 5372 Abiathar
1879 5318 2164 5374 nominat?

566 5391 722 5463 Quod
744 5399 889 5454 enim
915 5399 1175 5457 Dominus
1203 5401 1468 5458 Abiathar
1492 5405 1791 5478 principem
1818 5409 2162 5464 sacerdotum

565 5504 669 5562 pro
707 5492 1056 5552 Acbimeleeh
1084 5495 1351 5569 appellat,
1386 5497 1520 5552 nihil
1565 5498 1728 5554 habet
1772 5499 2160 5556 dissonantia:

563 5583 742 5640 Ambo
772 5588 973 5642 etenim
1001 5588 1219 5645 fuerunt
1245 5590 1372 5656 illic,
1403 5606 1525 5646 cum
1557 5592 1778 5648 veniens
1802 5593 1969 5649 David
1995 5610 2163 5666 panes

563 5676 726 5751 petiit
763 5687 820 5733 et
859 5682 1102 5751 accepit,
1132 5682 1478 5740 Achimeiech
1505 5683 1758 5740 videlicet
1783 5686 2034 5757 princeps
2071 5703 2164 5742 sa-

560 5769 849 5831 cerdotum
875 5781 931 5830 et
959 5772 1224 5832 Abiathar
1249 5775 1392 5834 illius
1410 5777 1548 5851 ejus.
1575 5776 1770 5836 Occiso
1790 5787 1972 5836 autem
1998 5780 2164 5838 Achi-

2293 3291 2393 3331 nes
2418 3275 2696 3344 quaesivit,
2725 3275 2820 3332 sed
2865 3292 3030 3333 unum
3072 3279 3328 3350 accepit:
3373 3279 3495 3352 quia
3537 3279 3588 3334 in
3626 3276 3784 3348 quinque

2291 3365 2448 3422 libris
2474 3365 2726 3423 Mosaicae
2759 3366 2896 3440 legis
2925 3369 3110 3426 unitas
3155 3372 3441 3428 retinetur.
3471 3369 3618 3428 David
3641 3364 3784 3424 Golith

2291 3458 2529 3529 gladium
2555 3458 2806 3526 sustulit,
2853 3460 2982 3530 quia
3019 3470 3074 3517 et
3101 3461 3356 3520 Christus
3396 3462 3632 3518 Dominus
3655 3453 3783 3515 diaboli

2291 3566 2443 3606 arma
2488 3549 2752 3607 abstulit:
2803 3572 2822 3603 ι
2873 3551 3056 3609 Fortis
3107 3555 3257 3610 enim
3296 3555 3462 3626 spolia
3507 3555 3606 3626 ipse
3637 3545 3782 3619 diripuit

2289 3641 2504 3714 (Matth.
2532 3642 2658 3713 xu).
2691 3661 2710 3694 ι
2737 3641 2908 3698 David
2933 3659 3031 3715 per
3055 3645 3198 3700 viam
3223 3646 3478 3717 pollutam
3497 3660 3552 3701 se
3571 3634 3781 3699 venissead

2287 3733 2636 3790 Achimeleeh
2662 3735 2940 3806 professus
2967 3747 3074 3804 est,
3100 3739 3228 3809 quia
3260 3749 3317 3796 et
3349 3739 3582 3797 Christus
3602 3731 3780 3790 Domino

2287 3827 2430 3884 inter
2455 3829 2764 3886 immundas
2792 3828 3100 3887 Iudaeorum
3126 3834 3393 3901 actiones,
3421 3830 3779 3905 impollutuspet-

2287 3922 2558 3977 transivit.
2588 3921 2742 3991 Quod
2769 3933 2952 3980 autem
2983 3925 3092 3980 ait:
3124 3943 3143 3976 ι
3178 3923 3289 3982 Sed
3315 3937 3370 3983 et
3408 3927 3514 3996 ipsa
3549 3919 3679 4016 hodie
3697 3929 3778 4016 Si“:

2285 4015 2614 4072 ctilicabitur
2635 4019 2690 4072 in
2710 4018 2856 4074 vasis
2880 4019 3040 4086 meis,
3071 4039 3090 4071 ι
3113 4019 3216 4076 hoc
3249 4018 3515 4075 indicabat
3532 4011 3653 4088 quod
3667 4011 3778 4065 sancti

2284 4111 2533 4183 apostoli,
2557 4113 2648 4183 qui
2674 4113 2888 4169 Domini
2917 4129 3043 4169 vasa
3069 4125 3253 4180 erant,
3277 4131 3309 4170 a
3327 4111 3626 4192 contagione
3641 4102 3780 4162 ιυάω

2283 4218 2426 4268 rum,
2461 4203 2566 4258 [ide
2591 4214 2881 4275 purgante,
2910 4205 3074 4262 corda
3100 4204 3578 4262 sanctiﬁcarentur.

2353 4294 2566 4351 Interea
2597 4297 2764 4353 David
2787 4312 2908 4353 cum
2940 4295 3154 4370 fugeret
3174 4298 3329 4365 Sani,
3355 4297 3518 4352 latere
3533 4277 3778 4381 voluit

2278 4403 2464 4460 regem
2497 4389 2783 4458 quemdam
2805 4388 2944 4464 Geth
2969 4391 3188 4446 nomine
3214 4390 3404 4447 Achis.
3427 4387 3528 4444 Sed
3546 4397 3650 4441 cuni
3667 4375 3778 4447 ιιοτὶί

2279 4480 2398 4551 ejus
2426 4479 2616 4536 fuisset
2641 4491 3090 4549 commemorata,
3117 4499 3185 4539 ne
3210 4497 3312 4554 per
3335 4483 3566 4543 livorem,
3598 4475 3652 4567 ad
3673 4475 3776 4567 ιιπξω

2280 4569 2618 4644 confugerat,
2649 4571 2852 4642 aliquid
2879 4574 2947 4628 ad
2975 4589 3100 4630 eum
3129 4574 3556 4635 machinaretur,
3588 4560 3709 4621 ﬁnxit
3727 4560 3777 4610 in‘

2280 4664 2488 4719 saniam
2515 4681 2528 4717 :
2553 4673 2609 4719 et
2629 4664 2786 4734 quasi
2816 4664 3000 4720 furore
3023 4673 3327 4736 correptus,
3351 4660 3565 4720 mutavit
3585 4671 3636 4711 os
3655 4659 3776 4750 suum.
3864 4703 3865 4750 ἐ

2278 4755 2696 4828 deﬂuebantque
2715 4757 2899 4814 saliva:
2919 4758 2973 4815 in
2997 4757 3221 4814 barbam
3245 4756 3381 4828 ejus,
3396 4747 3774 4828 collabebawﬂi'j‘

2275 4847 2330 4904 in
2359 4822 2621 4905 manibus
2635 4864 2824 4906 eorum
2843 4891 2859 4916 ,
2896 4860 2950 4906 et
2977 4822 3294 4921 procidebat
3320 4822 3395 4952 ad.
3415 4843 3542 4952 ostia
3567 4822 3773 4952 parti}:
3864 4855 3865 4872 ι

2275 4939 2414 4995 dixit
2442 4940 2608 4996 Achis
2653 4956 2783 4996 rex:
2827 4940 2966 5008 Quid
3014 4941 3120 4996 huc
3153 4941 3286 4997 mihi
3329 4931 3608 4996 adduxistis
3629 4927 3769 5023 ltiti“?

2277 5031 2532 5103 Nunquid
2556 5033 2785 5088 deerant
2825 5034 2982 5088 nobis
3008 5031 3243 5089 furiosi?
3268 5031 3336 5088 Et
3370 5030 3448 5087 sic
3478 5015 3771 5116 εωηλάίιξξίξξθ

2271 5100 2440 5179 Achis
2463 5123 2853 5195 interpretatur
2876 5126 3139 5196 quomodo
3164 5135 3262 5190 est,
3301 5137 3397 5194 per
3415 5115 3550 5190 quod
3569 5100 3769 5180 είεηίία·

2273 5207 2362 5272 tur
2385 5217 2713 5286 ignorantia,
2741 5226 2796 5272 et
2825 5217 3051 5272 verbum
3075 5215 3325 5272 mirantis
3345 5223 3401 5270 et
3429 5223 3527 5266 non
3551 5202 3768 5300 agnosse:

2270 5309 2364 5376 tis,
2395 5285 2539 5380 quod
2569 5311 2621 5364 in
2649 5319 2809 5382 gente
2833 5307 3139 5366 Judaaorum
3169 5307 3441 5379 impletum
3467 5308 3560 5358 est.
3585 5289 3666 5361 Qui
3685 5285 3768 5382 illi“

2269 5377 2522 5460 viderunt
2549 5377 2844 5469 Christum,
2896 5421 3003 5460 non
3047 5377 3410 5477 agnoverunt,
3444 5405 3606 5454 coram
3630 5377 3766 5477 llum

2269 5498 2498 5552 mutavit
2521 5513 2583 5554 os
2609 5513 2764 5554 suum
2801 5507 2858 5553 et
2893 5499 3043 5554 abiit.
3082 5475 3251 5554 Erant
3289 5496 3428 5553 enim
3467 5487 3534 5545 ibi

2267 5587 2402 5660 legis
2430 5591 2692 5656 carnalia,
2718 5601 2842 5648 erat
2861 5603 2917 5647 et
2939 5591 3263 5648 saerilii-ium
3287 5584 3566 5645 secundum
3585 5570 3764 5681 enim:

2265 5686 2488 5741 Aaron:
2523 5697 2578 5744 et
2604 5697 2793 5757 postea
2837 5688 2953 5758 ipse
2982 5688 3049 5744 de
3086 5700 3311 5758 corpore
3349 5690 3402 5738 et
3445 5663 3762 5759 ωηευίιξθιῗξθ
3864 5721 3865 5759 ι

2266 5779 2500 5838 instituit
2538 5753 2906 5850 sacriﬁcium,
2934 5753 3248 5852 secundum
3284 5775 3519 5833 ordinem
3553 5753 3764 5824 NW
