3970 6332
150 384 157 387 .
176 339 291 397 321

1144 352 1403 410 ENARR.
1438 351 1508 409 IN
1548 350 1797 410 LIBROS
1835 351 2101 411 REGUM.
2142 382 2212 395 -—
2248 352 2316 410 IN
2351 352 2481 411 LIB.
2524 354 2568 411 ι.

3362 349 3470 404 ωε

176 461 350 518 declt.
379 461 607 521 Mutavit
644 479 774 539 ergo
797 481 861 524 os
892 480 1050 524 suum
1092 467 1148 524 in
1186 467 1520 534 sacerdotio,
1550 467 1777 523 nmtavit
1804 471 1852 531 Λ
1880 468 2244 525 introducitur
2270 468 2385 525 Cad
2422 468 2685 539 propheta
2707 507 2723 534 ,
2770 481 2895 522 cum
2944 464 2998 521 in
3039 465 3473 538 praecedentibus

178 560 237 618 in
271 564 576 633 praeceptis,
605 562 743 619 dans
772 564 917 620 aliud
940 574 1341 631 testamentum,
1374 576 1632 622 evacuata
1656 580 1777 620 car-

177 656 296 712 nali
322 659 668 728 operatione,
702 669 866 729 atque
899 660 1022 716 inde
1046 661 1316 733 collapsus
1341 670 1424 717 est
1449 662 1502 717 in
1530 662 1778 717 manibus

174 761 398 812 eorum,
428 749 645 814 quando
671 765 794 805 eum
823 752 1344 822 comprehendentes
1366 751 1772 809 crucifixerunt.

175 837 247 893 Et
275 837 589 909 procidebat
614 839 680 895 ad
707 841 905 896 ostium
934 850 1125 912 portae,
1165 842 1271 898 hoc
1312 850 1428 907 est,
1472 839 1779 897 humiliavit

173 944 237 985 se
268 944 286 983 :
320 930 421 986 hoc
441 938 547 995 est,
573 932 853 1002 procidere
876 947 1048 1004 usque
1074 933 1140 987 ad
1162 932 1362 988 ostium
1391 931 1512 988 fidei
1543 940 1773 987 nostra:

172 1021 384 1075 ostium
410 1021 555 1078 enim
578 1031 767 1093 portae,
804 1023 1016 1078 initium
1044 1024 1189 1089 fidei,
1224 1023 1349 1080 inde
1378 1023 1566 1094 incipit
1593 1023 1779 1080 Eccle-

170 1110 285 1175 sia,
319 1120 374 1167 et
404 1114 652 1183 pervenit
680 1128 851 1184 usque
874 1113 942 1169 ad
967 1114 1226 1187 speciem.
1263 1113 1333 1170 Ut
1365 1130 1489 1170 cum
1516 1115 1689 1171 credit
1710 1129 1774 1171 ea

172 1216 305 1272 qua:
334 1218 439 1258 non
468 1204 642 1269 videt,
671 1214 945 1262 mereatur
972 1204 1208 1277 perfrui,
1254 1194 1378 1262 cum
1423 1222 1546 1262 eum
1590 1207 1776 1265 videre

167 1288 323 1349 facie
348 1292 416 1348 ad
440 1292 633 1350 faciem
663 1296 914 1367 coeperit.
946 1295 1100 1365 Quod
1127 1297 1272 1353 enim
1303 1297 1356 1352 in
1391 1298 1483 1354 illo
1506 1299 1661 1369 quasi
1692 1297 1777 1354 fu-

170 1401 310 1444 rore
330 1386 515 1444 saliva:
540 1389 902 1447 decurrebant
934 1406 1097 1462 super
1123 1392 1347 1447 barbam
1374 1393 1511 1464 ejus,
1538 1393 1774 1464 Aposto-

168 1477 264 1536 lus
289 1480 405 1538 haec
426 1483 625 1553 aperit,
640 1483 857 1540 dicens:
886 1504 905 1538 t
933 1482 1102 1541 Judzei
1124 1484 1275 1558 signa
1300 1492 1511 1557 petunt,
1527 1494 1583 1541 et
1598 1484 1773 1543 (ἔτωεί

165 1574 503 1646 sapientiam
532 1587 804 1647 quaerunt.
853 1577 964 1635 Nos
993 1588 1175 1635 autem
1218 1581 1576 1650 praedicamus
1619 1580 1777 1638 Chri-

166 1674 325 1722 stum
351 1668 672 1725 cruciﬁxum
698 1689 712 1724 :
741 1668 941 1727 Iudaeis
965 1671 1183 1743 quidem
1213 1672 1527 1729 scandalum
1546 1714 1562 1740 ,
1599 1673 1775 1745 genti-

164 1762 281 1818 bus
307 1769 487 1818 autem
516 1764 840 1821 stultitiam:
886 1764 1020 1837 ipsis
1058 1780 1190 1822 vero
1230 1766 1441 1822 vocatis
1478 1765 1678 1823 Judteis
1718 1774 1774 1824 et

1878 559 1994 630 ejus
2024 561 2166 617 nulla
2195 561 2333 618 facta
2370 560 2529 617 fuerit
2564 560 2786 616 mentio.
2820 559 2911 616 Sic
2956 559 3139 632 itaque
3179 560 3269 616 hic
3297 560 3469 617 intro-

1878 656 2111 722 ducitur,
2144 657 2285 712 sicut
2312 656 2456 711 Elias
2482 655 2745 725 propheta
2774 654 2829 709 in
2869 653 2988 713 loco
3017 655 3107 710 ubi
3144 654 3375 709 dicitur:
3401 655 3471 711 Et

1878 747 2016 802 dixit
2033 747 2180 803 Elias
2203 746 2489 803 Thesbites
2510 746 2578 801 de
2601 745 3001 801 habitatoribus
3019 744 3247 801 Galaad.
3270 745 3351 800 Ex
3373 761 3471 802 ore

1877 838 2062 907 itaque
2094 838 2304 893 Domini
2332 837 2449 893 Cati
2479 836 2739 907 propheta
2771 835 2938 891 David
2963 836 3118 901 dixit,
3143 844 3205 891 ut
3225 852 3335 891 non
3356 851 3473 894 mo-

1877 938 2093 984 raretur
2118 929 2260 983 inter
2288 937 2496 1000 gentes,
2526 934 2582 982 et
2617 927 2669 981 in
2701 934 2849 980 terra
2884 925 3085 997 polluta
3105 966 3120 990 ,
3154 926 3247 983 sed
3271 926 3325 982 in
3355 935 3469 982 ter-

1878 1037 1993 1077 ram
2022 1019 2215 1077 Judam
2243 1022 2468 1080 rediret.
2499 1029 2553 1076 et
2589 1021 2661 1077 ibi
2682 1020 2839 1090 juxta
2871 1020 3200 1077 voluntatem
3231 1021 3466 1089 Domini,

1874 1116 2306 1190 persecutionem
2332 1115 2676 1170 inimicorum
2705 1113 2891 1169 ferret.

1953 1230 1972 1262 ι
2025 1210 2280 1280 Dixitque
2321 1207 2467 1279 Doeg
2512 1206 2776 1262 Idumaeos
2820 1206 2888 1261 ad
2931 1202 3099 1260 Saul:
3145 1204 3267 1261 Vidi
3298 1206 3469 1265 David

1881 1288 2104 1357 (tilium
2135 1301 2237 1357 lsai
2269 1300 2323 1355 in
2355 1298 2504 1355 Noba
2536 1318 2586 1365 ,ι
2613 1306 2669 1352 et
2696 1297 2924 1369 reliqua.
2957 1296 3229 1365 Quantum
3260 1297 3328 1353 ad
3361 1298 3470 1369 spi-

1874 1397 2086 1453 ritalem
2119 1393 2533 1467 intelligentiam
2562 1393 2821 1463 pertinet,
2851 1392 2905 1446 in
2934 1390 3079 1460 Doeg
3099 1389 3354 1456 ldumaeo,
3377 1390 3468 1461 qui

1874 1497 1999 1545 voto
2028 1503 2087 1544 se
2128 1488 2495 1560 obligaverat,
2526 1486 2667 1541 sicut
2704 1485 2757 1539 in
2800 1484 3025 1541 Hebraeo
3052 1483 3284 1556 legitur,
3308 1484 3470 1556 prout

1874 1577 2046 1635 ιιιᾱωί
2078 1578 2328 1643 tradunt,
2369 1585 2431 1632 ut
2464 1576 2855 1647 aliquantisper
2893 1575 2949 1631 in
2990 1575 3339 1633 tabernaculo
3364 1575 3469 1631 Do-

1873 1674 2009 1730 mini
2042 1674 2450 1737 immoraretur,
2484 1680 2539 1728 et
2567 1669 2799 1726 orationi
2831 1677 3071 1737 vacaret,
3102 1668 3255 1726 Iudae
3280 1669 3467 1741 prodi-

1876 1768 2010 1822 toris
2038 1779 2269 1836 persona
2304 1762 2577 1829 consistit,
2619 1777 2719 1833 per
2764 1777 2925 1833 quem
2972 1761 3075 1817 ista
3104 1770 3359 1831 operatus
3384 1769 3470 1818 est

162 1851 414 1919 Graecis,
454 1853 730 1911 Christum
772 1855 868 1913 Dei
906 1833 1169 1915 virtutem
1206 1866 1262 1913 et
1290 1857 1387 1913 Dei
1425 1858 1765 1929 sapientiam.
1798 1833 1847 1895 Β
1874 1833 2131 1921 Ζιιὺυιύδ,
2165 1864 2224 1911 ut
2263 1854 2380 1923 ejus
2402 1852 2710 1925 proditione
2746 1850 2888 1907 facta
2918 1851 2973 1906 in
3002 1850 3248 1917 Christo,
3279 1859 3467 1921 postea

163 1944 312 2012 Quia
339 1946 484 2016 quod
506 1946 730 2002 stultum
756 1956 841 2005 est
860 1947 981 2015 Dei,
1003 1949 1301 2020 sapientius
1321 1958 1407 2006 est
1425 1951 1764 2008 hominibus:

160 2044 225 2092 et
270 2038 416 2106 quod
457 2037 730 2094 inﬁmum
780 2049 863 2097 est
907 2039 1034 2106 Dei,
1087 2040 1283 2098 fortius
1324 2051 1409 2098 est
1457 2043 1770 2101 hominibus

159 2126 219 2200 (I
236 2126 367 2184 Cor.
384 2131 446 2200 ι).
473 2150 492 2183 ι
513 2128 631 2185 Νοιι
648 2140 904 2203 tauquam
925 2132 1148 2189 salivam
1161 2134 1399 2201 attende,
1415 2134 1509 2190 sed
1529 2136 1767 2203 attende,

156 2221 297 2293 quia
322 2237 489 2291 super
510 2223 735 2279 barbam
762 2224 1076 2280 decurrunt.
1108 2224 1392 2293 Quomodo
1418 2228 1564 2283 enim
1599 2228 1653 2283 in
1681 2244 1768 2283 sa-

154 2309 293 2367 livis
321 2311 640 2380 infirmitas,
668 2313 749 2370 sic
773 2314 828 2369 in
855 2314 1027 2372 barba
1058 2315 1233 2373 virtus
1256 2318 1581 2373 ostenditur.
1611 2316 1771 2374 Texit

156 2416 304 2475 ergo
337 2403 595 2459 virtutem
637 2419 826 2472 suam,
876 2421 1105 2477 corpore
1149 2407 1481 2466 infirmitatis
1526 2425 1674 2466 suae:
1712 2419 1769 2467 et

158 2494 315 2565 quod
342 2493 643 2552 forinsecus
671 2496 1047 2554 infirtnabatur
1068 2539 1084 2564 ,
1118 2508 1375 2571 tanquam
1405 2502 1573 2558 saliva
1603 2519 1768 2576 appa-

58 2588 63 2593 ’
160 2585 349 2642 rebat.
383 2585 534 2643 Intus
563 2598 745 2645 autem
768 2589 953 2646 divina
974 2592 1166 2661 virtus,
1198 2602 1458 2666 tanquam
1486 2597 1655 2654 barba
1689 2606 1768 2654 te.

154 2677 423 2751 gebatur.

750 2773 978 2832 CAPUT
1016 2775 1184 2833 XXII.

236 2878 260 2912 ι
292 2860 456 2933 Fugit
479 2862 648 2920 David
679 2863 734 2918 in
760 2865 1070 2937 speluncam
1093 2866 1355 2931 Odollam.
1384 2870 1474 2925 ubi
1502 2887 1624 2927 eum
1649 2887 1765 2928 om-

160 2967 185 3003 σ
213 2965 320 3006 nes
345 2949 715 3023 fratresejus,
738 2964 793 3009 et
817 2956 996 3011 omnis
1021 2957 1214 3014 domus
1238 2960 1411 3029 patris
1435 2960 1550 3029 ejus
1579 2962 1765 3018 visita-

154 3058 183 3096 ι
217 3052 420 3099 verunt
446 3052 504 3100 et
524 3054 900 3102 convenerunt
920 3048 986 3103 ad
1008 3063 1131 3104 eum
1161 3065 1373 3117 omnes,
1410 3052 1501 3121 qui
1528 3061 1682 3107 erant
1709 3054 1763 3109 in

157 3156 182 3191 α
214 3139 469 3209 angustia
496 3140 797 3208 constituti,
815 3150 870 3196 et
890 3142 1136 3213 oppressi
1159 3159 1268 3199 aere
1288 3144 1483 3209 alieno,
1503 3154 1557 3201 et
1578 3161 1763 3202 amaro

157 3249 180 3282 ι
219 3231 440 3296 animo,
476 3238 531 3286 et
556 3230 730 3287 factus
772 3241 856 3288 est
882 3248 1072 3289 eorum
1117 3235 1391 3306 princeps.
1433 3255 1452 3289 ι
1492 3236 1633 3304 Quid
1677 3245 1762 3293 est
1788 3215 1835 3281 ο

150 3323 310 3396 quod
337 3331 595 3380 manente
623 3322 794 3379 David
825 3325 878 3380 in
910 3325 1165 3397 spelunca
1184 3366 1200 3392 ,
1240 3335 1507 3383 venerunt
1541 3329 1610 3384 ad
1636 3344 1760 3385 eum

147 3430 361 3471 omnes
389 3413 584 3470 fratres
607 3414 728 3486 ejus
759 3425 815 3473 et
836 3420 1015 3473 omnis
1042 3419 1237 3474 domus
1265 3420 1438 3491 patris
1464 3419 1582 3491 ejus
1602 3461 1618 3487 ,
1655 3420 1763 3477 nisi

148 3506 311 3577 quod
341 3504 669 3579 Redemptor
692 3517 899 3575 noster,
925 3519 1145 3581 peracta
1168 3510 1419 3582 passione
1442 3527 1541 3568 sua
1587 3528 1651 3569 ac
1679 3528 1763 3569 re-

151 3596 476 3668 demptione
518 3598 739 3654 humani
789 3601 1036 3673 generis,
1079 3602 1145 3657 de
1179 3602 1333 3672 plebe
1366 3603 1661 3661 Israelitica
1703 3606 1758 3662 in

150 3685 348 3744 Iudaea
378 3689 617 3760 primum
650 3690 948 3748 Ecclesium
975 3692 1280 3758 collocavit,
1302 3695 1368 3750 de
1393 3705 1554 3767 gente
1574 3697 1625 3751 in
1652 3713 1759 3769 qua

149 3793 383 3837 carnem
414 3796 695 3837 assumere
721 3782 974 3856 dignatus
1004 3784 1127 3840 est?
1156 3784 1256 3841 Ubi
1291 3784 1492 3843 fratres
1520 3785 1668 3855 ejus,
1704 3788 1758 3844 id

148 3880 241 3929 est
266 3871 521 3943 apostoli,
546 3879 602 3927 et
620 3872 838 3928 domum
864 3874 1036 3943 patris
1060 3873 1206 3944 ejus,
1255 3875 1308 3931 id
1343 3887 1430 3932 est
1462 3876 1538 3933 illi
1563 3878 1655 3948 qui
1690 3894 1757 3935 ex

150 3966 445 4039 Synagoga
475 3968 530 4023 in
559 3981 682 4022 eunt
713 3968 1081 4035 crediderant,
1113 3980 1383 4025 venerunt
1411 3971 1478 4026 ad
1508 3970 1681 4036 illum,
1702 3979 1759 4028 et

146 4067 534 4115 convenerunt
573 4060 641 4114 ad
683 4074 808 4115 eum
848 4075 1039 4116 omnes
1076 4060 1170 4131 qui
1211 4070 1370 4117 erant
1413 4062 1465 4117 in
1508 4063 1757 4134 angustia

147 4152 439 4207 constituti
466 4160 522 4208 et
549 4154 792 4224 oppressi
832 4168 942 4209 aere
972 4153 1182 4220 alieno,
1210 4155 1313 4209 hoc
1336 4163 1423 4210 est
1460 4156 1602 4225 quod
1642 4156 1758 4225 ipse

146 4247 223 4302 ad
248 4262 309 4302 se
334 4247 518 4302 venire
546 4246 785 4302 invitans
818 4248 989 4302 dixit:
1028 4266 1047 4299 ι
1081 4247 1271 4303 Venite
1296 4248 1365 4303 ad
1409 4263 1517 4312 me,
1564 4264 1757 4305 omnes

144 4341 245 4413 qui
291 4340 550 4397 laboratis
606 4350 663 4397 et
704 4343 913 4397 onerati
956 4342 1115 4406 estis,
1153 4352 1208 4397 et
1246 4356 1347 4413 ego
1379 4342 1620 4398 reficiam
1659 4357 1756 4399 vos

144 4433 375 4506 (Hault.
393 4435 495 4506 ιι).
520 4454 540 4488 ι
559 4434 828 4491 Caeterum
856 4450 1045 4492 omnes
1062 4435 1154 4506 qui
1180 4451 1238 4491 se
1265 4444 1566 4506 agnoscunt
1587 4435 1639 4490 in
1666 4451 1755 4490 an-

1873 1947 2309 2021 persecutionem
2356 1943 2600 2000 Ecclesia
2643 1950 2952 2015 pateretur,
2989 1950 3045 1998 et
3089 1941 3470 1999 occiderentur

1868 2041 2255 2115 quamplurimi
2286 2038 2537 2110 discipuli
2571 2036 2774 2094 Christi
2807 2044 2861 2092 et
2911 2037 3252 2101 sacerdotes,
3288 2043 3344 2091 et
3368 2048 3468 2106 pro

1866 2135 2089 2192 nomine
2130 2131 2247 2202 ejus
2288 2130 2695 2203 persecutiones
2739 2127 3089 2199 gravissimas
3137 2126 3464 2198 perferrent.

1868 2227 1967 2285 llis
1993 2242 2124 2298 ergo
2152 2216 2363 2297 quibus
2387 2231 2638 2294 receptus
2663 2229 2747 2277 est
2771 2219 3049 2285 Christus,
3087 2217 3467 2274 tribulationes

1869 2318 2084 2376 induxit
2113 2315 2361 2373 diabolus
2386 2322 2442 2370 et
2470 2321 2723 2369 mortem.
2759 2329 2779 2362 ι
2816 2310 3019 2367 Omnes
3047 2309 3215 2375 enim,
3253 2328 3271 2360 ι
3303 2318 3364 2364 ιιι
3390 2307 3469 2364 ait

1864 2409 2176 2484 Apostolus,
2213 2426 2232 2460 ι
2265 2407 2359 2479 qui
2386 2407 2440 2462 in
2468 2405 2687 2462 Christo
2715 2404 2801 2476 pie
2828 2403 3019 2460 volunt
3048 2403 3253 2469 vivere,
3280 2416 3466 2474 perse-

1867 2505 2140 2561 cutionem
2170 2502 2452 2574 patiuntur
2479 2497 2566 2571 (II
2593 2498 2729 2554 Tim.
2752 2497 2858 2569 ιιι).
2899 2517 2918 2550 ι
2950 2497 3020 2554 Et
3046 2497 3310 2554 Dominus
3348 2496 3460 2553 ait:

1874 2616 1892 2649 ι
1928 2598 1987 2652 Si
2017 2611 2103 2651 me
2126 2593 2399 2666 persecuti
2430 2600 2588 2657 sunt,
2624 2600 2680 2646 et
2708 2606 2804 2647 vos
2838 2598 3235 2661 persequentur
3261 2582 3462 2660 (icon.

1867 2688 1993 2760 xv).
2034 2707 2053 2741 ι
2086 2686 2272 2741 Potest
2304 2684 2448 2739 enim
2490 2682 2638 2751 Doeg
2658 2723 2674 2748 ,
2720 2681 2814 2753 qui
2846 2680 3235 2751 interpretatur
3260 2689 3431 2734 metu:

1866 2780 2197 2838 etldumams
2221 2774 2606 2839 terrenus,sive
2630 2771 2971 2843 sanguineus,
3004 2769 3150 2841 quod
3172 2784 3370 2827 nomen
3398 2769 3459 2827 in

1865 2868 2301 2944 przetiguratione
2331 2865 2633 2921 futurorum
2659 2863 2955 2934 accipiens,
2988 2877 3179 2918 eorum
3208 2860 3462 2917 videlicet

1866 2976 2153 3036 personam
2194 2957 2534 3031 signiﬁcare,
2587 2957 2678 3028 qui
2724 2964 2942 3013 terrena
2984 2955 3262 3026 sapientes
3300 2963 3465 3026 atque

1867 3053 2160 3111 carnaliter
2187 3051 2450 3117 viventes,
2481 3048 2759 3106 Christum
2803 3049 2860 3104 in
2893 3048 3009 3105 suis
3050 3046 3311 3104 membris
3338 3060 3463 3119 per-

1865 3138 2188 3218 sequuntur.

2423 3278 2652 3337 CAPUT
2701 3278 2889 3335 XXIII.

1939 3438 1959 3473 ι
1997 3419 2168 3476 Porro
2196 3433 2261 3475 eo
2290 3426 2534 3488 tempore
2588 3430 2695 3487 quo
2736 3414 2950 3487 fugerat
2989 3412 3272 3478 Abiathar,
3312 3410 3459 3470 ﬁlius

1867 3532 1886 3565 ι
1919 3511 2254 3577 Abimelech,
2285 3511 2352 3564 ad
2380 3507 2572 3574 David,
2593 3507 2648 3562 in
2674 3507 2760 3563 die
2795 3506 2885 3582 illa
2913 3506 3091 3578 ephod
3134 3519 3319 3561 secum
3356 3503 3457 3560 hac

1866 3626 1886 3659 ι
1920 3606 2056 3662 bens
2100 3603 2485 3669 descenderat,
2523 3621 2541 3653 ι
2590 3610 2697 3657 etc.
2740 3599 2931 3671 Ephod
2973 3597 3105 3655 illud
3152 3605 3273 3653 erat
3313 3594 3459 3667 quod

1861 3699 2093 3773 Moyses,
2120 3699 2343 3771 jubente
2372 3696 2601 3752 Domino
2624 3737 2639 3762 ,
2671 3694 2875 3751 fecerat
2898 3692 3042 3749 sicut
3071 3698 3126 3747 et
3151 3689 3420 3746 rationale
3438 3728 3456 3755 ,

1860 3792 1914 3847 in
1938 3808 2047 3864 quo
2073 3800 2194 3848 erat
2214 3790 2461 3848 doctrina
2491 3797 2548 3845 et
2575 3788 2811 3856 veritas,
2849 3788 2904 3843 in
2936 3800 3044 3858 quo
3070 3785 3232 3842 etiam
3259 3798 3460 3841 consu-

1858 3887 1961 3944 luit
1984 3885 2154 3942 David
2182 3884 2491 3949 Dominum,
2518 3891 2575 3939 et
2607 3884 2683 3938 ait
2709 3899 2724 3937 :

1936 3996 1955 4031 t
1996 3977 2055 4033 Si
2096 3975 2312 4032 tradent
2341 3990 2428 4031 me
2459 3973 2562 4030 viri
2608 3972 2771 4029 Ceilaa
2811 3972 2867 4029 in
2903 3986 3097 4027 manus
3126 3968 3254 4026 Saul
3276 4010 3293 4034 ,
3326 3976 3383 4025 et
3408 3966 3458 4026 si

1863 4091 1884 4124 ι
1917 4069 2213 4125 descendet
2262 4068 2377 4138 ipse
2424 4067 2567 4123 sicut
2598 4065 2806 4122 audivit
2849 4079 3038 4137 servus
3068 4063 3235 4119 tuus!
3274 4062 3343 4118 Et
3380 4061 3461 4119 ait

1863 4182 1884 4216 ι
1920 4160 2211 4217 Dominus:
2232 4159 2581 4215 Descendet.»
2600 4156 2679 4213 Ac
2705 4157 2752 4213 si
2773 4156 3012 4212 diceret:
3042 4154 3100 4210 Si
3122 4155 3211 4211 hic
3230 4152 3456 4232 sterilis,

1858 4256 2149 4312 descendet
2188 4253 2355 4318 Saul,
2385 4263 2440 4308 et
2468 4251 2686 4307 tradent
2721 4260 2776 4307 te
2820 4250 2923 4305 viri
2969 4249 3129 4306 Ceila:
3163 4249 3217 4305 in
3261 4260 3457 4304 manus

1857 4349 1996 4420 ejus,
2025 4363 2214 4404 eorum
2240 4347 2575 4403 voluntatem
2612 4346 2663 4402 ei
2701 4344 2996 4401 indicabat.
3029 4344 3097 4400 Et
3130 4343 3325 4399 merito
3351 4341 3456 4398 viri

1857 4440 2039 4508 Ceilzc,
2072 4442 2213 4497 sicut
2238 4441 2331 4511 qui
2363 4439 2559 4512 ingrati
2584 4438 2863 4494 beneficiis
2892 4435 3062 4493 David
3092 4436 3454 4502 exstiterant,

142 4529 336 4600 gustia
366 4528 693 4585 constitutos
720 4528 1009 4595 vitiorum,
1054 4544 1154 4585 nec
1181 4527 1388 4584 habent
1412 4528 1754 4584 latitudinem
1784 4595 1823 4606 _
1859 4550 1980 4591 cum
2016 4550 2111 4591 eos
2136 4534 2254 4606 ipse
2280 4535 2346 4590 de
2390 4532 2641 4588 manibus
2691 4530 2960 4587 Philislim
3019 4529 3256 4597 emerit,
3285 4529 3457 4600 signi.

141 4595 458 4684 charitatis,
484 4628 540 4677 et
568 4623 811 4693 oppressi
832 4631 1086 4679 suntaere
1105 4621 1304 4688 alieno,
1329 4620 1434 4677 hoc
1454 4629 1559 4686 est,
1579 4636 1749 4678 censu
1779 4595 1832 4658 Ῐ)
1857 4627 2095 4684 ﬁcabant
2119 4595 2492 4683 inﬁdelitatem
2527 4640 2620 4680 seu
2661 4624 3082 4681 inconstantiam
3108 4595 3455 4690 Iudaeorum,

136 4723 528 4785 peccatorum,
548 4730 709 4786 quem
730 4714 1083 4771 exsolvebant
1100 4714 1339 4781 diabolo,
1361 4715 1581 4787 quando
1600 4715 1753 4771 exhi-

1856 4720 1948 4791 qui
1994 4719 2375 4791 Redemptoris
2424 4718 2594 4773 nostri
2642 4733 2860 4789 semper
2882 4718 3071 4790 pietati
3106 4717 3304 4791 ingrati
3334 4717 3454 4774 exi-

138 4802 391 4862 buerunt
418 4805 662 4861 membra
700 4821 799 4861 sua
842 4806 1051 4862 servire
1082 4805 1355 4876 iniquitati
1383 4805 1450 4860 ad
1486 4804 1750 4875 iniquita-
1855 4820 2081 4878 stantes,
2096 4812 2235 4881 apud
2259 4810 2443 4867 seculi
2468 4819 2767 4881 potestates
2787 4820 2976 4867 contra
2998 4826 3123 4868 eum
3149 4811 3455 4869 insidiando

137 4901 257 4951 tem
287 4912 302 4947 ε
332 4910 558 4952 necesse
584 4904 668 4953 est
718 4906 777 4953 ut
802 4913 991 4954 amaro
1028 4898 1137 4954 sint
1163 4898 1377 4964 animo.
1409 4898 1511 4954 hoc
1550 4906 1662 4964 est.
1688 4904 1750 4952 ut
1854 4903 2206 4961 meditantur.
2252 4903 2645 4976 Interpretatur
2682 4913 2863 4959 autem
2911 4902 3080 4969 Cella,
3118 4902 3188 4957 ad
3228 4901 3451 4972 fundam

138 4985 313 5056 disne
337 4987 713 5057 Ρωηίιθηιίέιῐη
745 4998 942 5060 gerant
975 5005 1007 5045 θ
1036 4988 1249 5046 delictis
1275 4988 1388 5045 suis
1415 4988 1744 5061 Ρΐωιθτὶιίεν
1843 5000 2029 5071 jacta,
2062 4997 2176 5054 sive
2216 4996 2474 5053 excellens
2504 4998 2727 5054 sibimet.
2759 4997 2827 5054 Et
2854 4998 2908 5052 in
2938 4996 3150 5069 psalmo
3188 4993 3452 5063 scriptum

137 5087 200 5138 et
226 5078 453 5134 venient
497 5080 564 5135 ad
611 5080 809 5149 David,
856 5082 926 5138 ad
972 5082 1336 5138 desideratum
1361 5082 1613 5139 videlicet
1651 5097 1750 5138 no-

135 5178 350 5237 stram,
380 5181 649 5243 quatenus
682 5174 777 5229 ﬁat
804 5190 993 5231 eorum
1032 5176 1321 5248 princeps,
1351 5177 1480 5247 quia
1516 5178 1631 5249 ipse
1660 5184 1746 5233 est

133 5261 239 5337 qui
271 5264 603 5321 constitutus
629 5276 715 5321 est
748 5282 779 5321 a
806 5267 917 5323 Deo
935 5266 1105 5339 judex
1130 5268 1377 5324 vivorum
1407 5276 1465 5325 et
1497 5275 1744 5324 mortuo-

132 5372 293 5414 rum.
342 5373 363 5409 ι
411 5357 555 5414 Deus
598 5357 782 5424 fortis,
819 5359 982 5416 Pater
1006 5359 1174 5418 futuri
1222 5361 1444 5429 saeculi,
1490 5361 1744 5433 princeps

133 5451 333 5525 pacis,
377 5452 531 5524 cujus
561 5455 713 5527 regni
742 5471 850 5512 non
888 5457 995 5512 erit
1039 5456 1191 5524 linis,
1224 5465 1282 5514 et
1308 5456 1679 5513 dominabitur
1708 5471 1741 5513 a

133 5543 287 5600 mari
320 5558 491 5615 usque
515 5545 585 5600 ad
613 5561 766 5601 mare
795 5555 1036 5617 potestas
1063 5546 1182 5618 ejus
1201 5590 1218 5616 ,
1249 5556 1489 5621 potestas
1515 5557 1738 5613 aatema,

131 5645 196 5695 et
229 5651 464 5703 regnum
486 5638 604 5710 ejus
629 5640 784 5695 alteri
814 5656 921 5696 non
949 5642 1166 5698 dabitur
1195 5640 1329 5715 (Isa.
1360 5642 1460 5715 ix).
1498 5661 1519 5695 ι

166 5762 169 5765 ν
218 5749 239 5784 t
269 5729 527 5803 Dixitque
548 5729 666 5788 Gad
695 5733 960 5806 propheta
986 5734 1055 5789 ad
1083 5734 1253 5791 David
1277 5750 1291 5789 :
1321 5734 1401 5791 Ne
1425 5734 1656 5791 moreris
1684 5734 1738 5789 in

132 5841 163 5880 σ
184 5822 448 5903 prasidio
467 5843 478 5877 :
498 5824 593 5881 sed
620 5826 757 5883 vade
784 5826 838 5883 in
868 5836 1070 5884 terram
1091 5826 1247 5885 Juda.
1263 5847 1281 5881 ι
1304 5826 1440 5884 Miro
1468 5827 1629 5884 modo
1650 5828 1741 5884 hic

1854 5099 1967 5148 est:
1989 5110 2007 5142 ι
2026 5090 2083 5145 in
2108 5089 2337 5146 circuitu
2365 5090 2513 5162 impii
2544 5091 3011 5164 ambulant(Psal.
3029 5090 3131 5163 xl).
3156 5106 3175 5140 ι
3197 5086 3266 5143 Et
3288 5084 3454 5141 alibi:

1856 5200 1877 5236 ι
1900 5182 2113 5239 Stultus
2136 5192 2195 5237 ut
2217 5182 2342 5239 luna
2367 5193 2609 5240 mutatur
2630 5182 2821 5257 (Eccli.
2850 5181 3049 5254 xxv").
3072 5199 3091 5233 ι
3112 5179 3269 5236 Unde
3289 5186 3345 5234 et
3367 5192 3454 5235 se-

1852 5276 2036 5348 quitur
2058 5276 2123 5332 de
2151 5276 2420 5347 Ziplueis:

1928 5384 1948 5419 ι
1983 5366 2155 5423 Porro
2176 5367 2345 5425 David
2365 5376 2486 5425 erat
2514 5368 2568 5426 in
2596 5368 2817 5425 deserto
2839 5366 2975 5438 Ziph
3002 5365 3056 5422 in
3079 5364 3238 5429 silva,
3271 5382 3292 5417 ι
3316 5372 3445 5430 etc.,

1848 5474 2042 5531 usque,
2077 5469 2171 5515 tet
2194 5470 2462 5517 venerunt
2488 5460 2692 5532 Ziphaai
2721 5460 2788 5516 ad
2818 5458 2970 5524 Saul,
3001 5458 3276 5514 dicentes:
3307 5457 3450 5513 Ecce

1853 5569 1874 5603 c
1910 5550 2080 5606 David
2111 5550 2290 5606 latitat
2316 5553 2458 5622 apud
2488 5568 2606 5608 nos.
2648 5570 2667 5604 ι
2701 5550 2837 5622 Ziph
2869 5564 3026 5605 mons
3056 5549 3338 5619 squalidus
3363 5548 3447 5607 vel

1847 5640 2120 5712 caligans,
2167 5642 2283 5698 sive
2311 5642 2636 5706 nebulosus,
2682 5642 2736 5696 in
2772 5656 2880 5711 quo
2908 5639 3050 5696 sedit
3079 5640 3247 5696 David
3279 5654 3447 5713 prope

1847 5733 2215 5802 Charmelum,
2262 5737 2354 5808 qui
2386 5736 2440 5791 in
2469 5735 2767 5806 Scripturis
2795 5733 3079 5792 Carmelus
3120 5735 3440 5809 appellatur.

1847 5825 1941 5885 Sic
1958 5826 2105 5884 enim
2126 5828 2429 5901 appellatur
2449 5828 2603 5885 vicus
2627 5827 2789 5885 hodie
2809 5824 3119 5886 Judaorum
3142 5846 3157 5883 :
3178 5827 3323 5885 unde
3339 5825 3443 5891 fuit
