3970 6332
157 339 274 398 325

1095 333 1354 398 ENARB.
1391 332 1460 390 IN
1501 329 1750 388 LIBROS
1788 329 2050 394 REGUM.
2095 361 2166 374 --
2201 329 2272 398 ιΝ
2307 329 2439 408 ιω.
2479 329 2524 386 l.

3357 339 3466 412 31$

155 457 334 514 etiam
355 465 484 514 eum
511 451 952 526 reprehendenda
981 459 1130 510 recte
1153 451 1486 524 iudicantur.
1539 447 1594 502 Si
1628 447 1758 516 quid
1785 449 1836 512 Α
1863 443 2028 500 ﬂuida
2051 445 2336 518 expeditus
2376 443 2598 516 ponitur
2617 485 2640 512 ι
2663 441 3034 515 utabjiuiatur
3061 463 3078 504 :
3113 447 3194 508 sic
3221 453 3464 528 etenim,

159 565 302 606 vero
319 559 510 606 contra
529 561 626 604 eos
647 545 732 602 vel
753 545 810 600 in
831 543 1072 600 minimis
1089 544 1268 616 lingua
1293 539 1516 606 labitur,
1541 553 1762 594 necesse

159 651 250 700 est
303 649 366 696 ut
409 655 506 710 per
553 635 898 694 alﬂictionem
965 635 1297 706 poenitentiae
1353 631 1758 702 comprimatur,

149 743 440 806 quatenus
461 731 530 788 ad
569 731 920 800 semetipsum
955 729 1162 784 redeat.
1197 727 1264 782 Et
1299 741 1424 782 cum
1463 725 1764 798 praepositae

183 825 428 882 intestati
459 823 786 888 detraxerit,
815 823 1004 878 contra
1029 837 1090 878 se
1113 821 1376 892 judicium
1405 819 1522 890 ejus
1557 819 1648 888 qui
1689 817 1764 872 illi

179 919 426 976 )raclatus
455 925 560 982 est,
587 917 970 988 perhorrescat
999 933 1012 968 :
1047 931 1172 968 nam
1199 929 1324 988 qun
1367 913 1420 968 in
1461 909 1766 982 praepositis

173 1012 542 1082 iciinquimus
569 1009 692 1078 ejus
717 1007 1046 1066 ordinatioui
1071 1047 1088 1072 ,
1119 1007 1212 1076 qui
1239 1021 1334 1062 eos
1371 1005 1526 1068 nobis
1567 1009 1766 1076 praetu-

169 1105 318 1170 erit,
355 1103 660 1160 obviamus.
703 1101 858 1160 Unde
887 1101 1102 1172 Moyses
1131 1115 1368 1170 quoque,
1409 1115 1532 1154 cum
1573 1107 1766 1156 contra

159 1211 222 1248 se
277 1203 336 1250 et
381 1193 566 1250 Aaron
607 1193 868 1264 conqueri
913 1191 1172 1262 populum
1220 1191 1600 1260 cognovisset,
1641 1191 1762 1244 ait:

163 1283 284 1340 Nos
315 1287 454 1340 enim
481 1285 608 1358 quid
633 1285 856 1338 sumus?
887 1283 1086 1354 (Exod.
1109 1281 1248 1354 xvr.)
1301 1281 1412 1338 Nec
1451 1289 1638 1340 contra
1665 1297 1766 1340 nos

157 1387 250 1436 est
281 1393 528 1436 murmur
559 1387 818 1442 vestrum,
849 1379 942 1434 sed
971 1387 1162 1434 contra
1193 1376 1500 1432 Dominum.

749 1517 976 1575 CAPUT
1031 1515 1196 1574 XXV.

239 1678 256 1708 ι
295 1657 428 1712 Erat
453 1663 636 1712 autem
661 1657 748 1710 vir
775 1655 1044 1724 quispiam
1079 1653 1134 1708 in
1163 1653 1452 1710 solitudine
1482 1651 1638 1708 Manu
1659 1693 1676 1718 ,
1711 1663 1766 1710 et

161 1771 182 1800 ι
215 1747 496 1818 possessio
519 1746 640 1816 ejus
661 1747 716 1802 in
741 1745 1014 1812 Carmelo,
1049 1765 1068 1796 ι
1101 1751 1208 1802 etc.
1245 1744 1478 1800 Historia
1509 1745 1624 1800 hinc
1647 1761 1764 1816 my-

1865 543 1944 598 sic
1971 541 2022 596 in
2055 541 2156 596 hoc
2183 541 2380 596 saeculo
2401 541 2558 598 electi
2585 541 2855 612 pressuris
2879 543 3284 602 tribulationum
3303 561 3466 614 coan-

1865 637 2154 706 gustentur
2173 673 2188 700 ,
2217 641 2278 688 ut
2305 633 2390 688 his
2419 631 2704 700 admoniti,
2731 633 2940 690 arctius
2975 635 3042 690 ad
3071 637 3304 696 invicem
3345 655 3468 696 mu-

1861 731 1958 784 tua
1987 724 2256 778 cbaritatc
2282 733 2676 780 connectuntur
2695 765 2710 790 ,
2741 735 2794 780 et
2817 727 3108 784 coadunati
3139 729 3206 784 ad
3233 731 3466 792 invicem

1869 832 2032 872 manu
2073 817 2156 872 sui
2197 815 2580 888 Redemptoris
2609 817 2662 872 in
2693 827 3014 890 perpetuum
3051 799 3462 884 conserventur.

1867 911 1938 966 At
1965 925 2090 966 vero
2123 911 2370 982 reprobi,
2400 919 2604 982 quanto
2643 911 2805 970 latius
2839 913 2894 972 in
2927 915 3030 970 hac
3073 915 3186 972 vita
3209 919 3464 990 volupta-

1863 1005 2012 1066 tibus
2053 1005 2292 1074 prepriis
2317 1046 2332 1068 ,
2361 1005 2508 1062 velut
2543 1005 2698 1064 liberi
2735 1007 3120 1068 dimittuntur:
3149 1019 3300 1068 tanto
3343 1013 3464 1070 Ion-.-

1863 1099 1988 1174 gius
2015 1099 2072 1152 in
2101 1097 2284 1178 futuro
2327 1113 2358 1152 a
2385 1099 2580 1156 divinae
2613 1099 2838 1156 visionis
2877 1101 3052 1172 gloria
3083 1103 3464 1172 proiiciantur.

1865 1193 2013 1252 utde
2047 1193 2128 1248 eis
2157 1193 2352 1248 merito
2389 1193 2605 1248 dicatur
2635 1209 2650 1248 :
2684 1203 2740 1250 et
2775 1195 2992 1266 quidem
3045 1197 3148 1268 ipsi
3191 1197 3260 1254 de
3301 1215 3466 1260 manu

1869 1293 1959 1342 tua
1989 1285 2198 1356 expulsi
2244 1295 2388 1340 sunt.
2441 1285 2572 1340 Mire
2621 1297 2806 1364 autem
2830 1289 3258 1364 omnipotentem
3287 1291 3468 1366 provi-

1869 1377 2106 1434 dentiam
2137 1377 2394 1432 describit
2421 1379 2638 1450 superni
2669 1381 2938 1450 pectoris,
2963 1397 3086 1436 eum
3127 1383 3256 1438 dicit
3287 1401 3300 1438 :
3331 1383 3468 1440 Ani-

1867 1489 2014 1528 mam
2045 1473 2148 1526 viri
2191 1472 2364 1526 sancti
2395 1473 2548 1542 quasi
2595 1471 2648 1528 in
2691 1471 2952 1530 fasciculo
2979 1477 3276 1532 viventium
3324 1481 3468 1552 apud

1869 1565 2036 1620 Deum
2067 1581 2188 1620 esse
2211 1565 2554 1620 custoditum.
2577 1563 2728 1622 Sicut
2751 1567 2896 1622 enim
2920 1565 3176 1624 facillima
3187 1585 3238 1624 ιιι
3258 1577 3340 1624 est
3361 1569 3468 1626 cui-

1869 1656 2000 1712 libet
2037 1656 2354 1714 fasciculum
2397 1657 2578 1714 herbae
2601 1699 2616 1720 ,
2647 1657 2730 1712 vel
2767 1659 2872 1716 feni
2923 1677 3018 1716 sua
3071 1679 3236 1716 manu
3285 1637 3468 1718 reteri.-

1869 1759 1984 1804 tum
2025 1767 2398 1806 conservare:
2457 1751 2528 1806 ita
2583 1751 2756 1808 virtus
2805 1751 3016 1822 Domini
3065 1765 3122 1810 et
3169 1735 3468 1840 Salvatoris

153 1839 382 1904 sticum,
413 1849 472 1892 ut
493 1837 816 1910 quibusdam
845 1837 1090 1904 videtur,
1117 1845 1300 1910 potest
1327 1835 1528 1896 habere
1553 1835 1764 1894 intelle-
1797 1827 1848 1902 β
1873 1845 2070 1910 nostri,
2097 1861 2288 1900 omnes
2317 1861 2414 1914 per
2443 1845 2630 1898 orbem
2661 1845 2894 1912 electos,
2923 1847 2990 1900 ab
3017 1847 3173 1904 initio
3202 1865 3374 1920 usque
3397 1827 3468 1908 ad

155 1941 332 1988 ctum.
369 1931 538 1986 Nabal
571 1931 716 1988 enim
743 1931 826 1986 vir
851 1931 1020 1986 durus
1043 1969 1058 1996 ,
1105 1937 1160 1986 et
1191 1930 1476 2000 pessimus,
1507 1937 1562 1986 et
1613 1929 1762 1986 mali-

153 2025 364 2090 tiosus,
395 2033 572 2096 potest
605 2033 788 2080 tenere
817 2023 1046 2096 ﬁguram
1069 2023 1256 2094 populi
1285 2021 1596 2080 Iudaeorum
1629 2039 1762 2096 quae

151 2135 282 2174 rmn
331 2119 574 2174 nonnulli
625 2133 726 2174 uva
775 2117 914 2178 fellis
967 2127 1130 2188 atque
1175 2117 1554 2172 amaritudinis
1605 2117 1762 2176 botro

147 2213 436 2280 inebriati,
465 2213 716 2270 vCerviee
733 2213 854 2268 duri
873 2221 1036 2284 atque
1057 2211 1424 2268 incircumcisi
1441 2211 1714 2274 cordibus,
1733 2233 1752 2270 ι

151 2317 218 2364 ut
243 2308 442 2364 beatus
465 2307 774 2378 Stephanus
823 2307 936 2364 ait:
973 2327 990 2358 ι
1025 2305 1252 2378 Semper
1300 2307 1526 2378 Spiritui
1567 2317 1758 2374 sancto

147 2400 504 2466 resistentes,
535 2401 730 2456 durum
761 2409 816 2466 et
837 2399 1114 2456 carnalem
1141 2415 1362 2456 sensum
1405 2399 1460 2454 in
1507 2399 1622 2472 lege
1670 2415 1758 2458 see

151 2503 414 2565 quentes,
451 2495 630 2550 stolidi
655 2479 780 2552 facti
811 2503 940 2552 sunt
971 2515 988 2546 ι
1025 2515 1038 2550 :
1083 2497 1280 2566 quibus
1309 2497 1446 2554 bene
1493 2497 1758 2570 interpres

153 2585 302 2642 tatio
323 2585 554 2648 nominis
591 2584 760 2642 Nabal
795 2587 1080 2652 convenit,
1113 2587 1206 2658 qui
1240 2587 1632 2658 interpretatur
1659 2589 1754 2646 de-

145 2693 310 2734 mens
337 2677 418 2738 vel
449 2679 732 2748 insipiens,
777 2687 836 2736 ut
879 2677 1096 2750 Abigail
1139 2679 1220 2734 ait
1265 2679 1332 2734 ad
1365 2679 1536 2734 David
1579 2679 1756 2748 :Quia

143 2767 420 2824 nimirum
461 2769 738 2834 Christum
769 2771 1080 2828 venientem
1103 2811 1120 2838 ,
1153 2781 1208 2828 et
1251 2786 1350 2842 per
1385 2773 1660 2844 apostolos
1687 2775 1756 2832 ab

141 2861 232 2914 eis
263 2859 622 2920 refectionem
667 2863 794 2928 ﬁdei
831 2871 888 2920 et
923 2861 1080 2928 bona;
1111 2865 1444 2934 operationis
1495 2875 1754 2936 expetens

1867 1937 2028 1992 ﬁnem
2073 1937 2288 2002 saaculi,
2339 1951 2406 1990 ne
2451 1935 2574 2006 quis
2613 1951 2678 1990 ex
2724 1937 2802 1991 eis
2837 1935 2942 1990 ulla
2995 1939 3206 1996 ratione
3247 1949 3466 2010 pereat,

1861 2033 1984 2110 .sine
2009 2033 2194 2090 labore
2223 2039 2532 2090 conservat.
2561 2031 2722 2086 Juxta
2749 2031 2894 2104 quod
2926 2031 3040 2104 ipse
3073 2033 3124 2088 in
3147 2031 3464 2110 Evangelia,

1865 2125 1966 2178 sub
2005 2125 2172 2194 ligura
2221 2123 2426 2188 ovium,
2457 2123 2524 2178 de
2563 2123 2642 2178 eis
2691 2123 2966 2194 loquens:
3003 2145 3020 2176 ι
3051 2125 3118 2178 Et
3167 2107 3466 2206 sequuntur

1867 2235 1970 2284 lC,
2003 2217 2202 2290 inquit,
2225 2227 2279 2274 et
2300 2233 2398 2288 ego
2431 2217 2598 2272 vitam
2621 2225 2878 2276 aeternam
2905 2219 2974 2274 do
3007 2217 3120 2284 eis,
3149 2229 3202 2280 et
3231 2235 3334 2276 non
3367 2237 3463 2294 pe-

1863 2305 2048 2362 ribunt
2087 2307 2138 2360 in
2187 2317 2472 2362 retentum.
2525 2307 2642 2362 Non
2687 2307 2864 2378 rapiet
2914 2324 3010 2364 eas
3061 2309 3348 2380 quisquam
3397 2311 3464 2386 de

1861 2413 2026 2470 manu
2073 2415 2192 2454 mea
2259 2397 2454 2470 (Joan.
2511 2399 2598 2469 κ).
2635 2417 2654 2448 ι
2719 2397 2875 2454 Sicut
2941 2399 3230 2456 fasciculus
3289 2417 3460 2472 unus,

1859 2487 2188 2574 quibuslibet
2213 2493 2442 2548 vinculis
2471 2493 2728 2566 alligatur
2759 2511 2771 2547 ε
2817 2493 2888 2548 ita
2935 2495 3116 2550 omnis
3146 2505 3462 2568 sanctorum

1859 2569 2055 2652 coetus,
2087 2601 2190 2639 una
2213 2585 2510 2656 eademque
2537 2585 2672 2648 lide.
2711 2601 2806 2656 spe
2857 2595 2912 2642 et
2950 2587 3218 2646 cbaritate
3267 2589 3332 2644 ad
3379 2591 3462 2646 in-

1861 2677 2032 2732 vicem
2061 2677 2476 2748 constringitur,
2511 2693 2618 2732 uno
2655 2677 2850 2734 divina:
2881 2681 3238 2750 protectionis
3281 2661 3460 2738 lunai;

1847 2769 2005 2824 mine
2035 2769 2424 2824 circumdatur.
2459 2769 2616 2824 Patet
2665 2783 2798 2824 sane
2843 2785 3036 2826 sensus
3071 2789 3084 2824 :
3123 2771 3248 2844 quia
3277 2773 3458 2856 anima

1857 2861 2026 2916 David
2055 2877 2084 2916 a
2115 2861 2567 2932 persequentibus
2589 2861 2716 2918 licet
2741 2861 2988 2918 hostibus
3018 2865 3290 2920 custodita
3315 2883 3456 2922 sem~

147 2961 288 3018 tem,
323 2963 664 3022 respuerant,
709 2955 992 3012 dicentes:
1037 2975 1054 3008 ι
1085 2955 1240 3012 Hunc
1269 2967 1450 3014 autem
1479 2961 1756 3026 nescimus
1799 2941 1954 3024 -per
1977 2951 2080 3008 fuit
2115 2953 2168 3006 in
2211 2961 2356 3008 sorte
2383 2951 2698 3008 viventium.
2735 2953 2906 3008 Porro
2933 2945 3138 3010 inimici
3179 2955 3294 3026 ejus
3329 2957 3459 3012 insi-

145 3045 298 3110 unde
321 3047 414 3100 sit.
435 3045 544 3104 Nos
557 3055 736 3102 autem
751 3047 1002 3120 discipuli
1021 3047 1188 3120 Moysi
1209 3065 1398 3106 sumus
1413 3051 1594 3120 (Joan.
1615 3051 1714 3124 Ix).
1729 3073 1750 3106 ι

139 3135 370 3207 ᾼὺίειιὶι
413 3153 542 3192 vero
585 3137 778 3192 mulier
821 3137 1244 3210 prudentissima
1285 3151 1342 3196 et
1381 3141 1630 3212 speciosa
1673 3153 1754 3216 tya
1792 3181 1802 3216 ;

139 3245 284 3302 pum
317 3229 506 3300 habuit
529 3229 700 3302 plebis
727 3229 888 3296 illius,
913 3231 1004 3300 qui
1031 3247 1098 3288 ex
1121 3231 1324 3290 Judmis
1345 3211 1596 3290 adﬁdem
1625 3211 1754 3292 con-.-

143 3321 324 3384 versi,
363 3321 472 3376 Deo
519 3321 734 3392 placere
783 3331 1124 3392 meruerunt.
1165 3323 1558 3396 Interpretatur
1593 3343 1752 3384 nam...

137 3425 282 3490 que,
313 3411 480 3480 patris
509 3411 608 3466 mei
629 3409 932 3466 exsultatio.
963 3411 1114 3468 Unde
1141 3421 1194 3468 et
1221 3413 1516 3470 Dominus:
1561 3437 1576 3468 ι
1609 3417 1750 3476 (ion-

137 3503 356 3558 ﬁtebor
385 3501 498 3566 tibi,
529 3501 688 3558 Pater
715 3503 838 3560 εαξιὶ
865 3514 920 3558 et
951 3513 1130 3570 terrae,
1159 3507 1252 3576 qui
1279 3507 1608 3564 abscondisti
1637 3509 1752 3574 lucc

139 3613 178 3662 β
211 3597 552 3668 sapientibus
579 3605 634 3652 et
663 3599 1042 3668 prudentibus,
1083 3609 1142 3656 et
1177 3601 1428 3658 revelasti
1463 3619 1526 3658 ea
1551 3619 1750 3674 parvus-

137 3688 218 3754 lis
247 3689 466 3760 (Matth.
491 3691 606 3762 xi)!
639 3691 706 3748 Et
733 3691 860 3750 illud
887 3711 902 3746 :
933 3713 950 3742 ι
979 3691 1252 3750 Gaudium
1279 3697 1386 3752 erit
1417 3695 1478 3762 in
1501 3695 1640 3754 cmlo
1661 3715 1740 3754 su.

137 3799 248 3856 per
273 3801 384 3842 uno
429 3795 718 3858 peccatore
745 3789 1120 3860 paenitentiam
1163 3799 1356 3864 agente
1385 3790 1536 3862 (Luc.
1567 3791 1686 3864 xv),
1727 3815 1750 3846 ι

135 3885 202 3934 et
227 3877 458 3950 reliqua.
475 3877 602 3935 llaec
623 3881 820 3952 srepius
844 3881 896 3934 in
911 3881 1190 3952 prophetis
1211 3891 1268 3938 et
1289 3883 1344 3938 in
1373 3884 1632 3954 apostolis
1655 3901 1752 3954 pro

135 3971 332 4028 salute
359 3971 540 4044 populi
577 3971 884 4030 Judaiorum
931 3975 1232 4044 deprecans
1275 3975 1468 4042 David,
1503 3977 1752 4040 videlicet

139 4065 418 4120 Dominus
465 4075 688 4132 noster,
753 4067 1144 4138 acceptabilem
1201 4067 1466 4124 bonorum
1523 4087 1750 4144 operum

133 4159 482 4216 oblationem
513 4169 568 4218 et
587 4163 690 4232 piae
713 4163 1018 4220 devotionis
1047 4164 1244 4220 obtulit
1273 4183 1286 4220 ;
1313 4181 1476 4236 quam
1507 4167 1594 4220 ille
1629 4177 1752 4238 post

135 4263 386 4318 mortem
423 4253 528 4308 viri
553 4255 660 4320 sui,
692 4255 784 4326 qui
814 4255 1040 4312 demens
1077 4257 1130 4310 in
1169 4257 1400 4312 stultitia
1423 4273 1522 4314 sua
1551 4259 1748 4330 periit,

133 4341 352 4410 ascivit
391 4343 444 4398 in
485 4343 794 4420 coniugium
821 4363 832 4398 :
859 4355 914 4406 et
935 4347 1182 4402 exhibuit
1217 4348 1320 4404 sibi
1347 4363 1604 4418 sponsam
1643 4365 1752 4414 non

137 4435 448 4494 habentem
491 4439 760 4496 maculam
803 4449 898 4494 aut
935 4455 1146 4509 rugam.
1179 4439 1332 4512 Quod
1375 4453 1556 4500 autem
1607 4443 1750 4506 idem

139 4529 326 4590 Nabal
355 4533 554 4590 stultus
583 4534 872 4590 transactis
895 4522 1086 4590 diebus
1105 4533 1312 4596 decem,
1347 4549 1414 4590 ex
1443 4551 1550 4605 quo
1581 4535 1750 4592 David

1833 3035 2126 3112 'stentibus
2149 3045 2248 3102 sibi
2285 3045 2738 3110 adversilatibus,
2790 3046 2930 3100 sicut
2975 3045 3114 3116 lapis
3157 3045 3320 3104 funda
3349 3047 3457 3102 cir-

1856 3147 2170 3204 cumactus,
2220 3139 2298 3194 sic
2347 3137 2588 3192 instabili
2617 3147 2766 3194 metu
2813 3139 3190 3210 perturbandi,
3241 3149 3296 3196 et
3344 3139 3456 3196 suis

1857 3221 2042 3288 essent
2067 3231 2370 3302 expellendi
2403 3231 2468 3286 de
2511 3229 2738 3296 ﬁnibus,
2777 3229 2862 3285 vel
2899 3229 3062 3286 etiam
3095 3231 3164 3286 ab
3199 3231 3452 3288 humanis

1859 3327 2019 3382 rebus
2059 3325 2360 3380 auferendi.
2409 3321 2686 3378 Moraliter
2725 3323 3008 3392 veroquid
3039 3321 3193 3378 nobis
3239 3319 3452 3394 Abigail

1857 3417 2274 3474 renuntiationis
2319 3431 2430 3470 sua:
2465 3415 2872 3486 dispensatione
2913 3413 3126 3476 innuit,
3171 3413 3274 3468 nisi
3309 3407 3454 3484 quod

1857 3509 2146 3566 iracundos
2167 3509 2360 3564 melius
2379 3507 2726 3578 corrigimus,
2743 3507 2788 3562 si
2815 3507 2870 3562 in
2899 3507 3018 3576 ipsa
3043 3507 3138 3562 ira:
3167 3523 3280 3562 suae
3299 3523 3448 3562 com-

1855 3601 2096 3655 motione
2113 3599 2448 3654 declinamus
2461 3599 2486 3650 ?
2505 3597 2768 3654 Perturba
2777 3599 2812 3652 ti
2835 3597 3034 3670 quippe
3053 3599 3184 3668 quid
3207 3597 3450 3664 audiant,

1857 3693 2110 3766 ignorant
2137 3711 2150 3748 :
2183 3693 2276 3750 sed
2303 3693 2370 3746 ad
2400 3709 2460 3748 se
2487 3693 2716 3758 reducti,
2751 3679 2906 3748 tanto
2927 3693 3180 3748 libentius
3215 3693 3454 3748 exsulta-

1859 3789 2022 3844 tionis
2053 3787 2216 3841 verba
2243 3787 2534 3856 recipiunt,
2565 3794 2768 3856 quanto
2797 3801 2856 3842 se
2881 3779 3452 3856 tranquilliustolerall

1855 3882 2202 3936 erubescunt.
2231 3879 2396 3936 Menti
2421 3887 2600 3934 autem
2631 3879 2818 3934 furore
2841 3881 3026 3945 ebrias,
3049 3893 3212 3934 omne
3241 3889 3452 3934 rectum

1825 3983 1828 3986 ‘
1857 3977 2002 4046 quod
2035 3975 2252 4038 dicitur,
2271 3987 2584 4044 perversum
2617 3973 2850 4028 videtur.
2871 3973 3024 4030 Unde
3047 3981 3260 4030 etrectc
3287 3963 3452 4026 Nabal

1856 4069 2026 4132 ebrio,
2045 4069 2256 4140 culpam
2289 4083 2440 4124 suam
2461 4067 2684 4140 .Abigail'
2701 4069 3048 4126 laudabiliter
3075 4069 3268 4136 tacuit,
3289 4079 3452 4140 quam

1856 4161 2066 4232 digesto
2097 4161 2224 4226 vino
2265 4159 2608 4218 laudabiliter
2647 4159 2802 4224 dixit.
2833 4159 3042 4226 Idcirco
3071 4161 3216 4220 enim
3245 4159 3448 4214 malum

1857 4254 2002 4324 quod
2033 4253 2240 4310 fecerat
2267 4267 2594 4326 cognoscere
2627 4253 2832 4324 potuit,
2851 4253 2982 4324 quia
3003 4254 3106 4310 hoc
3129 4251 3318 4308 ebrius
3341 4267 3450 4314 non

1857 4346 2086 4402 audivit.
2119 4345 2292 4402 Porro
2319 4343 2478 4414 juxta
2523 4345 2808 4402 historiam
2833 4347 2980 4416 quod
3017 4345 3096 4410 ait
3143 4345 3358 4418 Abigail
3387 4345 3458 4410 ad

1851 4438 2026 4510 David
2061 4459 2076 4494 :
3047 4501 3050 4504 _
3435 4483 3440 4492 .

1935 4553 1954 4586 ι
1981 4535 2116 4592 Cum
2147 4549 2276 4606 ergo
2303 4533 2494 4590 fecerit
2523 4533 2618 4592 tibi
2647 4533 2912 4594 Dominus
2939 4534 3162 4592 domino
3185 4549 3310 4596 meo
3333 4547 3456 4592 orn.

135 4625 518 4696 exprobratos
563 4625 740 4680 fuerat
785 4633 1032 4684 mortuus
1071 4635 1364 4682 narratur:
1393 4597 1496 4684 hoc
1525 4627 1752 4700 intelligi
1777 4597 1832 4668 Β
1861 4647 1882 4682 ι
1911 4627 2000 4682 uia
2027 4643 2149 4696 quae
2181 4597 2394 4682 ldcutus
2419 4635 2504 4684 est
2535 4627 2678 4684 bona
2715 4627 2782 4684 de
2813 4633 2902 4692 te,
2931 4637 2990 4684 et
3019 4625 3372 4690 constituerit
3405 4633 3458 4686 te

139 4722 348 4784 utatur,
395 4721 522 4792 quia
567 4721 798 4792 populus
841 4719 1152 4776 Iudaeorum
1185 4761 1200 4788 ,
1247 4721 1334 4778 cui
1385 4721 1588 4778 dictum
1621 4733 1748 4788 est:

141 4829 166 4864 ι
201 4809 370 4876 Audi,
397 4814 594 4886 popule
617 4813 806 4882 stulte,
831 4821 1118 4884 postquam
1141 4813 1472 4868 Dominuma
1503 4829 1562 4868 se
1591 4829 1752 4886 repli-

135 4903 246 4968 lit,
289 4901 606 4976 decalogum
649 4905 783 4976 legis
825 4903 1308 4974 transgrediendo,
1357 4904 1408 4958 in
1459 4903 1754 4976 Evangelip

135 4995 340 5068 lapsus
403 5005 482 5054 est
509 5037 526 5062 ,
585 5007 748 5072 atque
803 4997 858 5054 in
921 5005 1148 5074 peccato
1211 5011 1310 5052 suo
1367 5005 1613 5054 mortuus
1673 5005 1758 5056 est

135 5087 376 5162 (Jerem.
409 5089 484 5162 v).
525 5109 544 5142 ι
581 5089 884 5160 Sequitur:
923 5145 926 5148 .

227 5197 246 5230 ι
277 5179 370 5234 Ait
413 5179 626 5252 Abigail
670 5181 738 5236 ad
771 5181 982 5236 David:
1019 5179 1078 5236 Si
1120 5181 1266 5238 enim
1311 5181 1548 5238 surrexit
1591 5179 1754 5240 homo

137 5269 454 5340 aliquando
481 5285 818 5342 persequens
841 5279 912 5338 te,
943 5291 962 5324 ι
997 5281 1102 5326 etc.
1131 5270 1506 5328 Pulcherrima
1537 5287 1756 5342 compa-

137 5363 390 5428 ratione,
421 5373 622 5420 statum
661 5365 936 5438 justorum
979 5381 1044 5422 ac
1081 5367 1436 5440 reproborum
1465 5375 1614 5424 sorte
1647 5369 1758 5444 dia-

137 5455 350 5512 cernit.
397 5453 600 5510 Horum
651 5457 850 5530 quippe
891 5459 1122 5524 animas,
1155 5459 1208 5514 id
1235 5467 1320 5514 est
1347 5457 1618 5530 justorum
1659 5475 1756 5536 ap;

133 5547 324 5624 pellat
352 5547 628 5614 viventes,
675 5557 734 5604 ut
775 5549 1132 5620 reproborum
1157 5565 1186 5612 e
1221 5551 1498 5606 contrario
1525 5549 1758 5622 spiritali

133 5645 334 5696 morte
369 5647 778 5708 praeoccupatas
827 5639 1082 5696 insinuet.
1131 5637 1241 5704 llos
1293 5641 1584 5706 l'ascieulo,
1637 5641 1760 5704 illos

135 5731 334 5804 lapide
357 5731 534 5788 funda:
551 5731 838 5788 assimilat.
877 5731 1196 5790 Fasciculus
1241 5733 1392 5794 enim
1427 5735 1757 5812 (τοιιειιῖὶιιεὶο

137 5834 260 5890 tur,
317 5833 376 5880 ut
429 5825 640 5900 integer
693 5835 912 5882 maneat
959 5835 1016 5884 et
1067 5835 1441 5886 conservetur.
1491 5827 1652 5910 Lapis
1701 5827 1758 5908 ip

1863 4741 1882 4776 ι
1911 4723 2104 4778 ducem
2127 4737 2294 4792 super
2321 4721 2506 4784 lsrael,
2537 4737 2644 4778 non
2673 4721 2782 4778 erit
2811 4721 2906 4780 tibi
2937 4721 3040 4776 hoc
3073 4721 3128 4778 in
3159 4719 3458 4792 singultum

1855 4833 1882 4876 ,ι
1913 4823 1968 4868 et
1992 4815 2046 4868 in
2085 4813 2400 4884 scrupulum
2433 4813 2634 4878 cordis.
2667 4833 2684 4866 ι
2709 4813 2792 4876 Ita
2819 4811 3141 4884 intelligitur
3169 4831 3182 4866 :
3215 4827 3322 4868 non
3351 4809 3460 4866 erit

1855 4907 1956 4974 .tjbi
1987 4908 2090 4966 hoc
2132 4909 2186 4964 in
2216 4907 2546 4980 singultum,
2585 4909 2638 4964 id
2664 4917 2748 4966 est
2781 4917 2842 4968 ut
2877 4907 3038 4964 modo
3059 4905 3306 4964 etl‘undas
3331 4919 3456 4966 sart-

1853 5001 2077 5072 guinem
2106 4999 2316 5066 Nabal,
2361 5009 2416 5058 et
2443 5009 2668 5072 propter
2709 5001 2814 5058 hoc
2863 4999 3102 5064 ﬂendum
3133 4997 3228 5062 tibi
3267 4997 3376 5062 sit.
3407 5001 3462 5060 αι

1729 5147 1732 5150 .
1825 5159 1828 5164 _
1857 5086 2252 5164 proﬁtendum.

1855 5241 1858 5246 ,
1936 5203 1956 5238 ι
1994 5184 2124 5242 Saul
2151 5193 2334 5256 autem
2381 5185 2532 5242 dedit
2577 5185 2776 5252 Miehol
2819 5185 2986 5242 ﬁliam
3033 5197 3188 5240 suam
3229 5195 3460 5244 uxorem

1821 5295 1828 5302 -
1859 5299 1892 5346 ,ιε
1913 5277 2104 5344 David,
2125 5275 2302 5334 Palthi
2329 5275 2440 5336 lilio
2457 5277 2604 5346 Lais,
2627 5280 2720 5350 qui
2741 5287 2860 5340 erat
2881 5280 2948 5342 de
2977 5275 3195 5338 Gallim.
3217 5293 3242 5326 ι
3269 5273 3342 5334 Ut
3363 5273 3442 5338 He

1857 5369 1988 5428 bruti
2021 5369 2262 5434 tradunt,
2285 5385 2394 5426 non
2431 5369 2688 5440 cognovit
2713 5383 2836 5426 eam
2863 5365 3046 5428 Pbalti
3071 5383 3088 5420 :
3121 5363 3382 5434 quoniam
3411 5363 3458 5446 qi

1863 5463 2226 5534 cognovisset,
2255 5479 2534 5534 nunquam
2569 5462 2740 5518 David
2765 5459 2866 5516 sibi
2893 5473 3014 5524 eam
3035 5465 3224 5528 postea
3255 5457 3460 5528 socias-

1857 5561 1978 5624 set,
2019 5555 2230 5628 quia-in
2267 5555 2404 5626 iege
2459 5555 2674 5624 penitus
2721 5551 3094 5622 hujuscemodi
3143 5551 3462 5622 prohibetur

1841 5646 2038 5708 coitus
2063 5664 2076 5702 :
2103 5645 2302 5714 Pbalti,
2319 5645 2516 5714 inquit,
2541 5645 2608 5698 de
2631 5641 2854 5708 Gallim,
2879 5641 2932 5696 id
2959 5651 3044 5700 est
3067 5641 3460 5706 inundatione;

1853 5735 2152 5802 inundatio.
2177 5735 2260 5792 lex
2293 5735 2628 5806 intelligitur.
2671 5733 2832 5804 ch-is
2867 5733 3012 5790 enim
3035 5734 3372 5808 doctoremt
3397 5734 3462 5808 tl;-

1863 5825 2102 5912 l-iaurim,
2137 5827 2188 5886 id
2224 5835 2308 5882 est
2331 5827 2398 5882 de
2429 5825 2634 5882 electis.
2670 5825 2898 5902 Quando
2933 5827 3074 5886 enim
3107 5845 3136 5884 a
3165 5827 3332 5904 Saule
3365 5825 3460 5898 Mi.
