3970 6332
1005 217 1046 236 ογ
1108 233 1180 256 δ’

588 329 698 391 337
1621 323 1980 386 ANGELOMI
2014 320 2479 381 LUXOVIENSIS
2515 317 2825 380 MONACIII
3708 325 3778 385 εει

504 475 508 479 ι
587 446 716 508 chol
739 447 790 506 ei
811 447 1009 516 datur,
1035 445 1216 506 Phalti
1253 447 1477 504 evadent
1514 445 1904 516 interpretatur
1929 459 1943 496 :
1975 439 2190 513 quando
2216 443 2268 504 Α
2294 438 2376 494 sui
2409 434 2705 511 ‘nigredine
2742 444 2996 514 opertus,_
3024 449 3166 510 sape
3197 436 3268 493 ah
3289 435 3474 494 eodem
3498 440 3664 502 sautio
3680 445 3777 506 iam.

588 557 725 601 vero
745 543 848 616 ipsi
877 543 1128 601 aufertur
1146 585 1162 610 ,
1192 540 1462 598 Phaltihel
1483 582 1500 608 ,
1541 540 1596 596 id
1624 547 1708 595 est
1745 538 1982 594 evadens
2016 551 2047 589 a
2079 535 2189 590 Deo
2289 547 2411 586 mus
2433 531 2826 602 despectusque
2850 529 3197 612 relinquitur,
3221 538 3282 585 ut
3307 546 3426 587 cum
3448 547 3776 610 eonequaquu

593 635 795 694 dicitur
835 636 1148 693 :ovidelicet
1186 636 1314 708 quia
1349 632 1644 689 custodivit
1680 645 1804 686 eum
1839 646 1907 685 ne
1943 636 2192 700 tangeret
2287 638 2510 680 currere
2561 623 2764 688 valeat,
2817 623 2912 678 sed
2963 621 3172 679 fractus
3218 623 3535 680 adversitate
3567 636 3776 701 lorpescat.

538 776 562 800 _
593 744 714 786 eam
733 770 748 794 ,
779 745 848 784 ne
886 728 1044 784 ﬁeret
1082 737 1450 799 trausgressor
1492 725 1648 796 legis.
1680 723 1834 780 Unde
1863 721 1991 777 licet
2019 721 2073 775 in
2105 735 2191 776 se-
2289 715 2398 774 Scd
2440 717 2586 774 hunc
2613 717 2783 774 David
2812 717 3040 784 invenit,
3079 717 3202 790 quia
3230 717 3551 790 Redemptor
3572 733 3775 784 nosterre

511 776 562 936 ᾖ
1493 776 1684 874 ‘I’Italti
1710 858 1725 884 ,
1751 831 1875 872 cum
1901 815 2190 871 reducere-

591 926 685 974 tur
707 919 822 992 ipsa
858 919 926 975 ad
951 917 1154 985 David,
1177 917 1400 988 plorans
1415 936 1435 980 _:
1460 925 1651 989 postea
1672 923 1877 979 tamen,
1913 911 2187 983 inquiunt,

591 1023 708 1081 pra:
735 1011 954 1080 gaudio,
994 1025 1061 1066 eo
1085 1009 1230 1082 quod
1264 1008 1550 1064 liberasset
1576 1021 1699 1063 eum
1729 1005 1872 1061 Deus
1901 1018 1969 1059 ne
1997 1013 2187 1074 tange-

529 1124 549 1156 ς
587 1109 678 1158 ret
701 1116 858 1168 eam,
885 1100 1200 1158 exsultavit.
1245 1099 1401 1168 Quod
1435 1100 1563 1172 quia
1607 1098 1835 1155 assertio
1879 1096 2189 1154 Judteorum

588 1187 825 1258 videtur,
852 1205 960 1247 non
988 1191 1043 1246 in
1071 1190 1326 1247 omnibus
1355 1189 1722 1261 approhamus
1743 1201 1888 1254 eam,
1919 1187 2018 1244 sed
2037 1185 2186 1256 judi-

2289 811 2493 868 raciter
2539 826 2700 868 manu
2731 810 2892 868 fortis
2932 825 3321 882 nonnunquam
3352 826 3483 882 quos
3511 813 3731 885 despectos
3759 836 3777 876 ε

2288 903 2477 960 mundi
2509 903 2680 975 gloria
2711 903 2936 975 reperit,
2973 917 3073 959 suo
3099 916 3288 958 amore
3312 905 3598 972 convertit,
3620 909 3778 981 εἰδομ-

2288 995 2414 1062 scit,
2446 994 2574 1066 quia
2607 995 2759 1050 verbi
2794 994 3024 1050 scientia
3069 993 3249 1050 reﬁcit
3289 1009 3303 1047 :
3333 993 3514 1049 ducem
3541 995 3779 1058 itineride

2287 1086 2388 1161 git,
2414 1088 2542 1158 quia
2584 1103 2744 1144 suum
2784 1087 2954 1143 etiam
3003 1086 3420 1158 praedicatorem
3466 1087 3600 1144 facit.
3637 1092 3778 1164 thuit

2287 1177 2656 1234 Amalechitas
2706 1178 2861 1250 sequi
2909 1193 3020 1234 non
3041 1177 3250 1244 valuit,
3279 1178 3386 1234 dux
3416 1177 3571 1236 David
3591 1181 3776 1240 edicitur:

589 1281 678 1339 cio
701 1282 919 1340 lectoris
955 1281 1332 1355 relinquimus.

1160 1395 1404 1484 CAPUT.
1428 1395 1621 1453 xxvi.

577 1489 602 1506 ν
663 1507 684 1544 α
719 1488 1001 1548 Venerunt
1039 1489 1244 1563 Ziphzei
1273 1488 1342 1545 ad
1375 1489 1506 1545 Saul
1533 1489 1813 1546 dicentes:
1844 1487 1985 1544 Ecce
2017 1485 2188 1544 David

589 1599 614 1637 ι
647 1582 782 1638 latet
805 1582 948 1654 apud
976 1597 1098 1639 nos.
1134 1601 1154 1636 ι
1191 1581 1296 1639 Sed
1321 1581 1452 1653 quid
1477 1581 1819 1654 signiﬁcent,
1856 1580 2069 1637 abunde
2093 1595 2186 1636 su-

581 1674 770 1746 perius
819 1673 1025 1730 dictum
1083 1680 1188 1730 est.
1221 1669 1360 1728 Nam
1420 1672 1526 1729 iter
1573 1670 2001 1728 demonstratum
2055 1677 2186 1740 est,

584 1763 805 1836 quando
843 1764 988 1820 idem
1021 1763 1192 1820 David
1225 1761 1438 1834 fugiens
1474 1779 1506 1819 a
1534 1762 1673 1820 facie
1715 1761 1876 1829 Saul,
1908 1763 2187 1834 ingressus

2289 1269 2414 1341 quia
2444 1270 2492 1326 is
2518 1285 2678 1342 quem
2711 1271 2992 1342 indignum
3019 1270 3258 1327 mundus
3281 1272 3540 1338 deseruit,
3564 1289 3652 1330 nou
3669 1277 3776 1334 solu

2288 1378 2584 1419 conversus
2611 1363 2667 1418 in
2697 1378 2796 1420 sua
2839 1363 3009 1418 Deum
3047 1372 3233 1419 mente
3277 1364 3508 1436 recipit,
3550 1367 3630 1422 sed
3654 1369 3778 1439 pradi-

2289 1455 2462 1513 cando
2492 1457 2636 1512 hunc
2678 1455 2842 1511 etiam
2872 1471 3045 1526 usque
3073 1455 3143 1512 ad
3173 1455 3353 1512 aliena
3399 1457 3552 1513 corda
3592 1460 3775 1529 perducit

2290 1549 2408 1619 Quo
2444 1548 2694 1605 videlicet
2715 1547 2853 1604 duce
2880 1547 3051 1604 David
3073 1548 3470 1604 Amalechitarn
3499 1553 3776 1610 convivaulen

2289 1640 2501 1698 invenit
2526 1649 2583 1696 et
2603 1639 2904 1712 exstinguit
2927 1657 2940 1695 :
2967 1640 3097 1712 quia
3125 1639 3266 1712 ipsis
3287 1639 3554 1696 Christum
3574 1643 3778 1713 pradicas

2290 1735 2435 1790 tibus
2458 1773 2475 1802 ,
2526 1733 2714 1790 mundi
2741 1733 2985 1789 laetitiam
3006 1733 3262 1800 destruit,
3291 1748 3476 1790 eorum
3508 1736 3680 1791 scilicet
3699 1752 3779 1807 quot

584 1827 670 1908 est
693 1853 748 1908 in
777 1863 960 1910 castra
988 1853 1158 1924 regis,
1189 1827 1314 1910 cum
1341 1854 1700 1911 dormientem
1725 1827 2045 1921 invenisset,
2075 1870 2184 1911 non
2211 1835 2260 1897 Β
2287 1827 2514 1884 comm”
2565 1828 2768 1924 MPO"?
2808 1827 3076 1899 despui"
3104 1827 3358 1924 PMB“
3406 1828 3488 1924 iui,
3525 1828 3612 1884 "iri
3648 1830 3714 1900 ίΙ¹¹ί

581 1945 880 2016 percussit,
913 1961 1022 2002 non
1051 1945 1274 2012 occidit,
1305 1946 1399 2002 sed
1424 1945 1594 2003 solam
1631 1945 1896 2012 lanceam,
1922 1962 2044 2019 quae
2065 1955 2187 2003 erat

585 2036 657 2092 ad
707 2046 871 2108 caput
925 2036 1044 2110 ejus
1083 2045 1141 2094 et
1195 2037 1460 2110 scyphum
1515 2037 1737 2094 sustulit
1790 2037 2186 2095 dormientibus

586 2131 822 2186 cunctis.

663 2240 685 2274 ι
713 2221 979 2294 Egressus
1004 2221 1071 2278 de
1097 2222 1294 2279 castris
1335 2221 1590 2278 transivit
1619 2221 1675 2276 in
1717 2236 1980 2278 cacumen
2023 2238 2183 2280 mon-

590 2329 615 2367 ι
644 2311 734 2369 tis.
768 2331 788 2366 ι
845 2311 987 2381 Quid
1051 2328 1182 2386 ergo
1215 2323 1301 2369 est
1351 2312 1490 2370 hoc?
1525 2310 1907 2385 Sequebantur
1951 2330 2186 2388 namque

583 2404 861 2464 Christum
912 2406 1107 2475 Judaei,
1158 2409 1254 2465 sed
1303 2409 1678 2480 persequendo
1748 2409 2094 2468 dormiebant
2163 2430 2180 2469 :

585 2497 715 2570 quia
753 2514 861 2554 non
889 2499 1189 2572 vigilabant
1219 2501 1427 2556 corde:
1461 2500 1659 2556 duritia
1699 2501 1845 2557 enim
1885 2503 2063 2559 cordis
2088 2506 2187 2561 ob-

585 2591 843 2648 dormitio
864 2603 968 2649 est.
999 2593 1286 2649 Dormiunt
1314 2593 1370 2649 in
1397 2593 1507 2649 vita
1537 2593 1708 2649 veteri
1734 2636 1750 2662 ,
1788 2610 1896 2652 non
1925 2596 2186 2669 evigilant

584 2681 642 2739 in
669 2697 832 2739 nova.
863 2683 1024 2739 Venit
1048 2682 1321 2752 Christus,
1347 2701 1457 2742 non
1477 2701 1574 2742 eos
1595 2687 1816 2755 occidit,
1843 2688 1938 2744 sed
1966 2689 2088 2746 tulit
2114 2691 2183 2748 ab

582 2776 665 2834 eis
689 2778 956 2850 scyphum
984 2793 1162 2850 aquae,
1191 2779 1246 2836 id
1274 2789 1359 2836 est
1399 2779 1631 2852 gratiam
1677 2779 1830 2853 legis.
1867 2780 2016 2838 Tulit
2059 2797 2183 2839 sce-

582 2876 766 2942 ptrum
815 2870 1022 2942 regale,
1055 2871 1208 2944 regni
1255 2873 1470 2929 scilicet
1511 2881 1860 2954 potestatem,
1890 2891 2052 2947 quam
2081 2891 2182 2949 pro

582 2977 781 3035 magno
805 2961 1115 3032 habebant,
1144 2971 1201 3022 et
1230 2967 1374 3022 unde
1400 2981 1458 3023 se
1486 2966 1846 3037 protegebant
1872 2971 2184 3041 temporali-

585 3064 692 3122 ter,
723 3064 780 3112 et
807 3071 972 3127 quam
998 3058 1263 3114 adversus
1302 3059 1473 3114 Deum
1499 3072 1597 3130 per
1625 3059 2060 3119 incredulitatem
2094 3077 2184 3136 ge-

587 3153 800 3210 rebant.
827 3153 1035 3210 Deinde
1065 3157 1345 3226 ingressus
1371 3154 1730 3212 victorDavid
1773 3146 2062 3223 noster,'in
2087 3173 2180 3214 ca-

2285 1929 2585 1978 torrentem
2626 1922 2756 1978 lassi
2801 1937 2926 1978 cum
2975 1922 3212 1979 sarcinis
3260 1930 3387 1978 sunt
3419 1922 3599 1989 relicti,
3637 1923 3774 1995 signiti-

2285 2029 2410 2077 cant
2441 2022 2706 2091 quosdam
2761 2019 3008 2076 infirmos
3049 2018 3337 2086 Ecclesiae,
3383 2019 3606 2090 quicum
3643 2019 3778 2074 celeris

2283 2110 2616 2184 spiritalibus
2643 2111 2807 2176 viris,
2834 2112 2891 2166 in
2912 2111 3001 2167 via
3043 2112 3137 2168 Dei
3192 2125 3416 2168 currere
3435 2118 3701 2180 nequeunt:
3721 2110 3776 2164 sed

2284 2219 2472 2262 veram
2519 2204 2681 2262 (idem
2724 2206 3033 2273 retinendo,
3082 2214 3252 2278 atque
3299 2221 3390 2278 pet
3439 2205 3642 2261 activam
3675 2203 3776 2258 vitam

2284 2313 2422 2370 opus
2453 2297 2653 2352 bonum
2682 2298 2974 2364 servando,
3002 2313 3033 2353 a
3061 2297 3488 2355 clementissimo
3531 2294 3694 2362 David,
3719 2296 3778 2350 hoc

2283 2398 2369 2448 est
2395 2389 2614 2446 Christo
2635 2389 2887 2456 Domino,
2917 2390 3277 2448 beatitudinis
3299 2390 3570 2462 praemium
3590 2403 3685 2444 cum
3703 2385 3775 2442 reli-

2285 2481 2409 2552 quis
2437 2480 2694 2553 perfectis
2718 2481 3062 2553 praecipiunt.
3692 2533 3712 2548 ,

2362 2593 2384 2628 ι
2415 2573 2635 2632 Samuel
2658 2583 2907 2632 mortuus
2933 2582 3040 2641 est,
3067 2572 3328 2646 ﬂevitque
3354 2589 3476 2630 eum
3495 2571 3648 2630 omnis
3664 2569 3776 2632 Israel,

2289 2687 2311 2722 ι
2343 2677 2398 2724 et
2424 2668 2755 2740 sepelierunt
2779 2684 2904 2724 eum
2947 2668 3003 2724 in
3048 2667 3226 2724 Rama
3252 2669 3390 2725 urbe
3420 2682 3530 2724 sua.
3561 2686 3579 2719 ›
3606 2663 3778 2736 Superius

2285 2775 2520 2832 namque
2564 2760 2768 2816 dicitur
2810 2759 3054 2831 sepultus
3078 2759 3252 2816 fuisse
3283 2761 3340 2816 in
3371 2759 3526 2816 domo
3552 2774 3633 2814 sua
3669 2758 3706 2812 in
3724 2755 3780 2808 lla-

2285 2867 2397 2908 ma.
2423 2851 2482 2907 In
2509 2851 2671 2907 domo
2701 2867 2821 2918 sua,
2870 2851 2926 2908 in
2969 2851 3181 2908 familia
3205 2852 3459 2908 videlicet
3482 2861 3533 2908 et
3557 2849 3779 2921 cognatione

2283 2956 2404 2998 sua.
2438 2943 2592 3010 Quod
2623 2944 2769 2999 enim
2797 2943 2888 2999 hic
2915 2953 3162 3000 mortuus
3204 2945 3403 3000 iterum
3431 2944 3637 3007 dicitur,
3670 2937 3780 2995 utile-

2284 3034 2417 3092 brtei
2449 3035 2655 3100 volunt,
2683 3036 3121 3092 resuscitationis
3149 3052 3268 3092 sua:
3294 3051 3458 3094 causa
3501 3035 3724 3108 repetitur,
3747 3037 3778 3082 ut

2235 3147 2244 3158 ·
2285 3137 2344 3186 et
2386 3129 2664 3186 damnatio
2692 3129 2893 3196 Saulis,
2924 3130 3020 3201 qui
3050 3133 3298 3202 peccatis
3339 3139 3572 3188 mortuus
3611 3135 3722 3189 erat,
3749 3127 3779 3176 el

586 3245 720 3304 stris
746 3260 956 3302 eorum.
989 3247 1058 3303 Et
1086 3216 1370 3322 fésressus
1397 3246 1733 3305 transcendit
1766 3245 1822 3302 in
1843 3216 2180 3308 altitudinem
2208 3219 2256 3286 ο
2287 3220 2481 3278 relic“)
2506 3222 2616 3322 ΒῨῨ
2642 3231 2834 3278 comm
2863 3221 3036 3322 legem
3059 3224 3360 3322 Pythonem
3388 3216 3779 3288 consuml’jm

586 3337 787 3394 montis
809 3337 1092 3395 ctelorum.

1135 3452 1368 3511 CAPUT
1405 3454 1622 3512 XXVII.

663 3561 684 3596 ι
712 3543 781 3600 Et
809 3545 1058 3602 ascendit
1078 3546 1248 3603 David
1270 3557 1327 3604 et
1347 3547 1449 3604 viri
1477 3549 1615 3622 ejus,
1641 3556 1698 3605 et
1718 3545 1952 3624 agebant
1971 3552 2184 3624 praedas

587 3651 610 3686 ι
639 3633 705 3690 de
730 3633 978 3703 Gessuri,
995 3635 1141 3693 etde
1161 3635 1346 3706 Cezri,
1369 3646 1426 3695 et
1449 3639 1515 3695 de
1538 3639 1916 3699 Amalechitis.
1945 3641 2011 3698 lii
2034 3643 2184 3701 enim

587 3745 610 3781 ι
638 3728 764 3800 pagi
791 3729 1178 3787 habitabantur
1203 3735 1259 3788 in
1281 3740 1426 3790 terra
1446 3735 1798 3808 antiquitus.»
1817 3737 1883 3794 Ili
1899 3755 2006 3796 non
2026 3747 2186 3796 erant

583 3821 688 3879 sub
731 3831 1006 3895 potestate
1031 3825 1218 3883 Achis.
1255 3826 1494 3886 Habitati
1525 3830 1578 3886 in
1622 3841 1770 3888 terra
1807 3832 2062 3889 dicuntur
2087 3849 2186 3890 an-

583 3911 836 3984 tiquitus,
875 3916 1002 3988 quia
1049 3918 1218 3988 quieti
1265 3928 1322 3976 et
1364 3924 1542 3978 securi
1589 3922 1822 3980 habitati
1850 3924 2101 3995 fuerant,
2129 3934 2188 3990 et

583 4007 794 4066 nullius
821 4010 998 4068 hostis
1024 4011 1443 4084 depredationes
1463 4017 1728 4090 perpessi.

913 4142 1110 4202 CAPP.
1142 4143 1386 4214 XXVIII,
1429 4147 1606 4206 XXIX
1629 4158 1685 4208 et
1714 4149 1885 4208 XXX.

665 4252 686 4289 σ
715 4235 923 4294 Interea
952 4237 1165 4313 fugiens
1194 4242 1386 4311 David,
1423 4243 1554 4300 dum
1579 4256 1831 4320 pergeret
1864 4263 1989 4305 cum
2017 4247 2186 4306 Achis

589 4345 612 4382 ι
644 4342 772 4401 rege
798 4326 1244 4388 Philisthinorum
1275 4333 1328 4389 in
1351 4335 1595 4407 praelium
1609 4337 2071 4406 adversuslsrael,
2095 4338 2184 4394 in-

591 4438 613 4473 c
641 4430 928 4494 surgentes
977 4423 1336 4482 Amalechita:
1395 4427 1678 4484 irruerunt
1732 4429 1789 4485 in
1839 4430 2072 4503 Siceleg.
2117 4431 2188 4488 Et

2286 3330 2408 3372 "rse
2428 3315 2895 3373 manifestaretur.
2923 3315 3183 3388 Sequitur
3213 3336 3228 3373 :

2363 3429 2384 3464 ι
2418 3409 2550 3467 Post
2593 3419 2826 3466 mortem
2861 3419 3046 3488 autem
3073 3410 3370 3479 Samuelis,
3407 3405 3678 3483 congregati
3704 3399 3780 3460 Phi-

2289 3521 2311 3556 ‹
2345 3501 2512 3560 [istim
2541 3512 2734 3560 contra
2755 3503 2946 3568 Israel,
2970 3503 3372 3576 consuluntque
3397 3502 3648 3560 Dominum
3663 3505 3777 3554 etum

2291 3615 2311 3650 ι
2341 3597 2621 3671 respondit
2643 3597 2692 3652 ei
2718 3637 2734 3665 ,
2765 3613 2941 3668 neque
2979 3611 3076 3669 per
3100 3597 3318 3654 somnia
3340 3639 3355 3665 ,
3385 3612 3550 3668 neque
3570 3607 3649 3666 per
3667 3600 3776 3645 sacer

2289 3711 2308 3745 r
2346 3691 2518 3748 dotes.
2552 3709 2573 3742 t
2609 3688 2870 3746 Hebraeus
2895 3691 3081 3757 habet,
3131 3706 3310 3762 neque
3335 3706 3434 3764 per
3461 3687 3705 3746 doctrinam
3724 3691 3777 3733 ue-

2283 3799 2390 3857 que
2405 3799 2504 3856 per
2541 3783 2853 3856 prophetas.
2887 3782 3272 3854 Respondebat
3316 3781 3562 3840 Dominus
3602 3783 3777 3849 perm

2283 3881 2375 3936 nia
2405 3921 2422 3943 ,
2476 3881 2618 3936 sicut
2666 3878 2879 3935 Hebraei
2929 3887 3219 3945 asserunt,
3273 3893 3447 3950 eoque
3481 3867 3717 3948 jejunaudo
3747 3866 3778 3915 el

2282 3974 2490 4031 orando
2537 3972 2836 4046 poscebant
2862 3971 3143 4028 oraculum
3189 3973 3299 4028 sibi
3355 3971 3472 4028 ﬁeri
3511 3964 3778 4025 divinumﬁ

2285 4067 2428 4124 Deus
2449 4066 2556 4123 illis
2582 4081 2680 4138 per
2707 4065 2917 4122 somnia
2947 4064 3229 4121 revelahat
3253 4080 3320 4122 ea
3345 4079 3463 4135 qua:
3488 4061 3645 4117 futura
3661 4055 3776 4110 erant:

2284 4161 2431 4235 quod
2463 4161 2517 4216 in
2566 4160 2668 4217 hoc
2711 4159 2832 4216 loco
2879 4159 3102 4214 minime
3150 4157 3286 4216 Saul
3322 4158 3509 4216 fecisse
3530 4143 3778 4227 legitur.Pet

2284 4250 2612 4317 doctrinam,
2643 4267 2744 4324 per
2774 4251 2953 4323 ephod
2981 4248 3215 4318 scilicet,
3237 4251 3383 4322 quod
3427 4246 3649 4306 sacerdos
3668 4239 3705 4295 in
3723 4246 3777 4324 pr

2285 4351 2441 4400 ctore
2467 4344 2741 4414 portabat.
2773 4341 2960 4414 Neque
2989 4357 3090 4415 per
3115 4352 3172 4399 et
3215 4344 3510 4417 prophetas
3529 4381 3544 4408 ,
3584 4334 3682 4408 quia

2284 4413 2720 4501 consulentibus,
2743 4413 3003 4492 dominus
3027 4413 3380 4507 nequaquam
3416 4413 3775 4504 respondebat.m

592 4528 618 4564 c
646 4513 1038 4571 succendentes
1067 4531 1211 4583 eam,
1228 4517 1647 4589 captivaverunt
1670 4522 1852 4577 omnia
1873 4538 1996 4593 quae
2023 4531 2185 4580 erant
2211 4597 2247 4600 _
2285 4527 2566 4598 propheta:
2592 4527 2848 4584 dicuntur
2874 4528 3042 4585 fuisse
3070 4527 3326 4600 discipuli
3355 4523 3630 4588 Samuelis,
3653 4512 3775 4588 quib"

593 4622 616 4658 ι
647 4605 816 4663 David
855 4615 912 4664 et
940 4623 1234 4679 puerorum
1263 4609 1401 4681 ejus.
1436 4608 1710 4670 Reversus
1742 4627 1872 4686 ergo
1909 4614 2082 4672 David
2115 4616 2186 4673 ad
2209 4597 2264 4660 D
2290 4597 2741 4692 prophetantibus
2767 4622 2951 4693 junxit
2975 4637 3036 4678 se
3067 4597 3283 4678 Saul'et
3307 4615 3637 4694 prophetavit.

593 4716 618 4752 ‹
646 4701 1058 4772 persequendos
1087 4701 1460 4761 Amalecbitas
1483 4705 1694 4762 invenit
1719 4706 2035 4782 Egyptium
2062 4725 2188 4783 pue-

585 4804 617 4836 ι
646 4809 768 4850 rum
795 4793 1203 4865 lassescentem,
1241 4813 1404 4869 quem
1430 4799 1783 4859 Amalechitae
1818 4813 2079 4876 aegrotum
2129 4805 2186 4861 in

591 4904 614 4940 ε
651 4887 849 4944 itinere
879 4888 1236 4958 reliquerant.
1286 4889 1442 4948 Hunc
1487 4902 1668 4948 autem
1711 4894 1879 4950 David
1907 4895 2184 4950 inventum

591 4995 615 5032 ς
653 4979 775 5036 cibo
817 4977 1035 5046 refecit,
1082 4981 1384 5052 ducemque
1427 4983 1510 5040 sui
1561 4983 1777 5043 itineris
1805 4987 1953 5042 fecit.
1983 4986 2186 5058 Sicque

595 5087 616 5123 ι
649 5070 1018 5129 Amalechitas
1059 5074 1406 5145 persequitur
1437 5075 1828 5149 epulantesque
1858 5080 2099 5150 reperit,
2128 5088 2185 5137 et

597 5179 618 5214 ι
654 5161 894 5219 funditus
941 5165 1223 5221 exstinxit.
1260 5185 1281 5221 ι
1331 5166 1686 5226 Amalechitae
1722 5171 1920 5243 quippe
1961 5173 2184 5244 populus

592 5255 825 5314 lambens
853 5266 1125 5315 vocantur
1148 5301 1164 5328 ,
1195 5261 1396 5332 quibus
1425 5271 1638 5319 mentes
1667 5264 2006 5321 saecularium
2035 5267 2181 5324 desi-

591 5359 862 5422 gnantur,
889 5367 1012 5424 qua:
1050 5363 1272 5411 terrena
1294 5365 1488 5412 cuncta
1534 5357 1822 5415 ambiendo
1865 5360 2018 5431 quasi
2049 5359 2185 5416 lam-

2367 4731 2387 4765 ‹
2426 4712 2688 4782 Quaesivit
2731 4722 2914 4770 autem
2949 4712 3080 4770 Saul
3111 4693 3516 4787 pythonissam,
3543 4721 3643 4780 quae
3671 4693 3774 4787 suidj

2296 4825 2317 4858 r
2351 4815 2491 4862 taret
2538 4805 2614 4862 illi
2638 4804 2947 4862 Samuelem
2987 4782 3320 4878 :stati'mque
3353 4803 3641 4862 suscitatus,
3663 4790 3716 4846 ait
3736 4782 3774 4838 td

2297 4916 2320 4952 ‹
2354 4913 2479 4954 eum
2506 4916 2520 4952 :
2553 4898 2734 4966 Quare
2777 4897 3092 4970 inquietasti
3126 4913 3215 4955 me
3267 4907 3330 4954 ut
3359 4895 3648 4954 suscitaret.
3671 4889 3770 4936 ειεο³

2290 4992 2565 5059 Quaeritur
2606 4994 2904 5050 secundum
2979 4995 3267 5052 historiam
3337 5005 3510 5052 utrum
3553 4978 3772 5062 pytbouis‘l

2293 5085 2470 5158 ipsum
2485 5087 2804 5157 prophetam
2819 5085 3116 5145 deinferno
3160 5087 3480 5153 evocaverit,
3507 5075 3576 5139 an
3617 5076 3772 5144 aliquam

2291 5177 2669 5249 imaginariam
2721 5170 3025 5238 illusionem
3073 5181 3288 5239 fallacia
3331 5183 3607 5240 daemonum
3645 5169 3771 5262 factata

2293 5267 2440 5327 Sauli
2472 5271 2802 5328 exhibuerit.
2833 5274 2910 5329 De
2933 5289 3041 5345 qua
3067 5275 3384 5346 quaestione,
3405 5272 3564 5329 beatae
3587 5264 3773 5355 ωοφοηῗ

2289 5363 2624 5436 Augustinus
2647 5367 2934 5439 episcopus
2969 5367 3320 5440 Simpliciano
3348 5354 3682 5424 Mediolanensi
3702 5354 3771 5440 CP'f

593 5442 762 5509 bunt,
807 5443 937 5499 dum
985 5444 1117 5501 solis
1168 5447 1557 5518 temporalibus
1605 5448 1960 5507 delectantur.
2017 5450 2183 5518 Quasi

592 5533 737 5626 enim
765 5534 994 5607 populus
1027 5521 1271 5596 lambens
1314 5541 1554 5612 praedam
1601 5541 1729 5599 fecit
1751 5584 1767 5610 ,
1808 5544 1937 5598 dum
1965 5552 2183 5601 terrena
2291 5521 2562 5621 malignus
2587 5550 2811 5622 spiritus
2831 5521 3074 5611 excitare
3100 5521 3336 5610 animam
3360 5521 3508 5626 justi,
3529 5555 3578 5604 et
3596 5521 3771 5608 tamin”

595 5623 903 5724 diligentes,
932 5627 1082 5704 lucra
1127 5631 1196 5688 de
1220 5631 1415 5688 alienis
1443 5633 1658 5690 damnis
1681 5644 2034 5707 exaggerant.
2074 5634 2184 5693 Sed
2289 5642 2358 5698 de
2384 5642 2582 5700 abditis
2619 5654 2960 5702 mortuorum
3009 5623 3375 5719 receptaculis
3409 5653 3656 5702 revocare.
3684 5628 3773 5724 θῑξ¹⁸

593 5719 725 5792 quid
750 5728 836 5778 est
859 5723 1004 5794 quod
1034 5723 1322 5799 Egyptius
1364 5727 1718 5785 Amalechita:
1750 5745 1886 5800 puer
1907 5730 1962 5786 in
1987 5729 2184 5788 itinere
2241 5769 2253 5800 ._
2289 5732 2570 5791 videretur
2598 5743 2656 5792 et
2683 5735 2999 5808 loqueretur
3027 5754 3152 5795 cum
3184 5738 3332 5796 Saul.
3359 5735 3534 5794 Nonne
3554 5726 3688 5797 malus
3706 5719 3772 5773 ¹¹¹¹⁶

611 5812 868 5885 necatur?
894 5814 1000 5872 nisi
1023 5818 1168 5888 quod
1188 5829 1404 5875 amator
1427 5821 1716 5892 prasentis
1735 5822 1940 5891 saeculi,
1972 5825 2180 5897 peccati
2212 5879 2218 5898 _.
2289 5829 2521 5887 randum
2561 5829 2665 5899 sit,
2698 5833 2843 5906 quod
2876 5843 3100 5892 satanas
3137 5835 3314 5903 ipsum
3345 5831 3601 5891 Dominum
3629 5824 3771 5877 W

2236 5478 2250 5489 ε
2290 5472 2457 5529 scopo
2505 5459 2581 5515 ita
2607 5460 2801 5516 scribit
2825 5438 2844 5515 εί
2869 5438 3126 5534 Inquiris,
3156 5464 3394 5535 inquam,
3427 5469 3589 5516 utrum
3612 5438 3771 5526 potuerit
