3970 6332
98 403 214 463 329

1097 397 1354 455 ENARB.
1395 397 1463 453 IN
1504 396 1753 453 LIBROS
1792 395 2055 453 REGUM.
2091 425 2162 436 -—
2196 394 2265 450 IN
2294 395 2422 451 LIB.
2462 395 2503 450 I.

3284 348 3407 461 ἔω.

96 515 248 587 psit,
297 519 356 568 et
383 509 669 568 constituit
717 523 883 580 super
926 509 1151 581 pinnam
1192 508 1423 581 templi?
1456 509 1709 578 Quolibet
1733 513 1783 574 Α
1811 510 2095 581 spiritibus
2143 509 2339 566 talibus
2368 509 2573 581 aliquid
2596 508 2946 567 divinationis
2981 513 3289 586 impertiat,
3334 526 3393 576 et

99 606 259 663 enim
295 604 458 662 modo
485 601 696 668 fecerit,
734 602 936 659 factum
960 613 1046 661 est
1083 620 1098 658 :
1128 602 1202 658 ita
1229 611 1290 658 ut
1315 601 1536 658 Samuel
1560 603 1709 657 exci-

104 706 346 763 taretur,
378 695 630 753 similiter
648 694 799 750 latet.
826 693 943 752 Nisi
963 694 1103 751 forte
1125 696 1249 767 quis
1271 694 1471 750 dixerit
1501 693 1709 749 facilio-

104 807 229 848 rem
273 789 493 847 diabolo
514 787 684 844 fuisse
724 787 1004 844 licentiam
1038 787 1107 843 ad
1162 787 1452 842 Dominum
1486 786 1669 842 vivum
1691 826 1707 852 ,

98 884 259 941 unde
294 882 467 939 voluit
505 870 926 948 assumendum,
967 887 1024 936 et
1050 879 1142 937 ubi
1165 878 1338 936 voluit
1366 878 1707 937 constituen-

100 976 266 1043 dum,
297 987 463 1044 quam
509 973 579 1028 ad
611 969 880 1029 Samuelis
929 969 1167 1027 defuncti
1213 969 1464 1041 spiritum
1511 983 1543 1025 e
1597 968 1711 1025 suis

102 1068 339 1125 sedibus
386 1064 707 1121 excitatum.
750 1062 905 1132 Quod
946 1054 1161 1121 si'illud
1190 1062 1247 1117 in
1286 1061 1583 1134 Evangelio
1609 1076 1712 1117 nos

103 1161 237 1217 ideo
260 1174 369 1217 non
393 1157 702 1222 conturbat,
729 1156 857 1226 quia
885 1155 1029 1212 Deus
1052 1154 1224 1211 voluit
1252 1163 1417 1226 atque
1438 1153 1708 1225 permisit,

102 1250 264 1307 nulla
314 1247 671 1304 diminutione
728 1262 838 1302 sua:
878 1245 1163 1316 potestatis
1213 1255 1270 1301 et
1312 1244 1611 1300 divinitatis
1656 1243 1710 1299 id

100 1341 234 1397 fieri
264 1359 287 1395 τ
308 1339 453 1396 sicut
476 1339 546 1395 ab
567 1339 700 1410 ipsis
740 1337 941 1393 Iudaeis
963 1338 1313 1409 (quanquam
1339 1336 1613 1405 perversis
1637 1344 1714 1391 at-

98 1446 223 1502 que
250 1429 542 1486 immundis
569 1440 626 1484 et
650 1428 792 1483 facta
831 1427 1031 1483 diaboli
1070 1426 1412 1492 faventibus)
1441 1434 1496 1483 et
1539 1427 1712 1482 teneri

101 1537 175 1579 se
198 1530 255 1578 et
276 1521 490 1588 vinciri,
513 1528 568 1575 et
591 1519 743 1575 illudi
766 1527 821 1574 et
841 1518 1087 1590 cruciﬁgi
1113 1527 1279 1589 atque
1317 1517 1556 1573 interﬁci
1581 1532 1711 1589 pas-

103 1632 211 1673 sus
235 1624 339 1673 est.
370 1614 441 1670 Et
468 1628 575 1669 non
602 1621 688 1669 est
715 1613 1012 1669 absurdum
1040 1612 1266 1669 credere
1291 1627 1360 1667 ex
1389 1610 1572 1681 aliqua
1601 1609 1712 1667 dis-

104 1709 442 1781 pensatione
488 1707 685 1763 divinze
735 1707 1031 1762 voluntatis
1069 1706 1395 1778 permissum
1442 1704 1610 1761 fuisse
1651 1710 1713 1759 ut

106 1818 228 1859 non
261 1803 465 1858 invitus
498 1817 602 1857 nec
626 1801 918 1856 damnante
948 1800 1159 1872 magica
1193 1799 1454 1870 potentia,
1484 1800 1582 1855 sed
1609 1813 1709 1854 vo-

1809 603 1951 671 quod
1995 602 2223 657 audiunt
2272 604 2341 658 ab
2385 601 2609 673 angelis,
2651 605 3015 673 praenuntient
3060 606 3389 666 hominibus.

1810 692 2044 748 Tantum
2083 701 2264 749 autem
2290 694 2538 759 audiunt,
2570 702 2833 766 quantum
2862 697 3107 752 omnium
3132 700 3394 758 Dominus
3442 706 3449 711 “

1811 793 1975 854 atque
2006 786 2320 841 moderator
2341 784 2495 854 jubet
2516 785 2601 842 vel
2632 788 2781 843 sinit.
2817 787 2971 845 Unde
2994 790 3160 845 etiam
3200 794 3395 864 pytho-

1809 874 1957 930 nissa
1988 875 2041 933 in
2075 876 2305 932 Actibus
2342 877 2710 947 apustolorum
2750 878 2888 951 (cap.
2935 878 3051 951 xvt)
3101 890 3397 939 attestaute

1808 963 1977 1020 Paulo
2004 966 2268 1035 apostolo,
2299 976 2355 1022 et
2375 968 2704 1040 evangelista
2749 978 2977 1025 conatur
3001 986 3145 1026 esse.
3171 971 3400 1030 Miscent

1812 1066 1993 1115 tamen
2024 1058 2113 1113 isti
2136 1057 2400 1125 fallacias,
2423 1068 2478 1115 et
2496 1075 2686 1116 verum
2723 1061 2865 1131 quod
2895 1077 3056 1118 nosse
3083 1071 3397 1133 potuerunt,

1810 1148 2175 1206 non‘docendi
2206 1152 2401 1224 magis,
2453 1168 2617 1225 quam
2658 1154 2960 1224 decipiendi
3008 1156 3116 1212 ﬁne
3153 1173 3399 1228 pronun-

1812 1240 1987 1296 tiant:
2018 1249 2075 1298 et
2101 1241 2240 1298 forte
2271 1244 2376 1297 hoc
2397 1252 2480 1298 est
2508 1245 2650 1314 quod
2669 1260 2791 1299 cum
2814 1245 2903 1300 illa
2930 1245 3109 1318 imago
3129 1246 3405 1307 Samuelis

1813 1333 2034 1392 Saulem
2077 1335 2402 1407 praedicaret
2440 1337 2800 1404 moriturum,
2838 1338 2976 1393 dixit
3016 1341 3180 1394 etiam
3221 1335 3417 1397 secum'

1812 1442 1931 1483 esse
1958 1426 2217 1482 futurum.
2238 1426 2393 1495 Quod
2410 1428 2599 1499 utique
2627 1427 2822 1484 falsum
2844 1439 2948 1486 est.
2992 1430 3186 1504 Magno
3209 1434 3407 1504 quippe

1813 1519 2247 1590 intervallo'post
2268 1526 2521 1575 mortem
2561 1521 2802 1590 separari
2836 1522 3007 1578 bonos
3034 1522 3090 1577 in
3121 1522 3414 1593 [cvangelio

1812 1611 2040 1682 legimus
2062 1610 2215 1683 (Luc.
2246 1612 2399 1685 xvi):
2430 1628 2553 1668 cum
2588 1613 2732 1668 inter
2767 1614 3058 1683 superbum
3096 1614 3247 1670 illum
3277 1617 3413 1672 divi-

1814 1711 1925 1758 tem
1967 1718 2090 1757 cum
2126 1700 2241 1772 jam
2287 1704 2429 1774 apud
2479 1703 2681 1759 inferos
2729 1713 2996 1760 tormenta
3033 1713 3330 1776 pateretur,
3360 1715 3419 1763 et

1814 1793 1966 1850 illum
1999 1794 2093 1864 qui
2129 1793 2196 1849 ad
2227 1794 2345 1865 ejus
2367 1792 2591 1862 januam
2621 1794 2900 1851 ulcerosus
2939 1794 3177 1866 iacebat,
3217 1798 3331 1867 jam
3359 1797 3415 1853 in

108 1895 239 1952 lens
270 1904 435 1967 atque
473 1895 857 1965 obtemperans
886 1893 1099 1950 occulta
1141 1892 1544 1963 dispensatione
1587 1890 1716 1958 Dei,
1746 1876 1796 1939 B
1824 1887 2064 1956 requiem
2114 1886 2503 1952 constitutum,
2557 1901 2812 1956 magnum
2861 1887 3026 1943 chaos
3072 1887 3420 1957 interjectum

108 2002 244 2058 qua:
270 1986 642 2058 pythonissam
672 1984 820 2040 illam
850 1983 1177 2056 Saulemque
1205 1983 1469 2051 latebant,
1498 1972 1722 2055 spiritus

108 2078 397 2151 proferret
426 2078 604 2134 sancti
632 2077 922 2144 Samuelis,
963 2092 1130 2149 seque
1152 2078 1468 2135 ostenderet
1489 2077 1722 2150 aspecti-

108 2172 225 2226 bus
275 2169 420 2241 regis
473 2169 654 2224 divina
690 2170 958 2226 sententia
994 2170 1243 2241 perituri.
1304 2170 1627 2243 Quanquam
1667 2172 1724 2227 in

112 2263 230 2318 hoc
260 2261 410 2317 facto
432 2271 614 2333 potest
638 2262 830 2319 adesse
868 2256 1007 2318 alius
1052 2263 1264 2320 facilior
1288 2264 1594 2321 intellectus
1618 2306 1634 2332 ,
1664 2272 1728 2321 ut

114 2369 235 2409 non
264 2368 397 2409 vere
417 2353 667 2424 spiritum
705 2351 975 2409 Samuelis
1006 2353 1303 2410 excitatum
1345 2370 1377 2410 a
1412 2355 1602 2426 requie
1627 2368 1724 2410 sua

114 2445 452 2507 credamus,
500 2444 595 2500 sed
633 2442 849 2514 aliquod
878 2445 1201 2515 phantasma
1245 2455 1302 2502 et
1345 2446 1723 2519 imaginariam

116 2535 434 2592 illusionem
481 2533 680 2591 diaboli
723 2536 1218 2592 machinationibus
1259 2535 1462 2594 factam
1491 2578 1507 2603 ,
1561 2553 1725 2609 quam

116 2634 421 2699 propterea
447 2623 731 2695 Scriptura
750 2626 975 2682 nomine
1003 2626 1274 2684 Samuelis
1296 2628 1563 2699 appellat,
1598 2629 1726 2700 quia

117 2718 315 2776 soleat
354 2717 620 2788 imagines
660 2733 849 2773 earum
877 2731 1063 2774 rerum
1087 2720 1402 2775 nominibus
1428 2720 1727 2792 appellari,

118 2824 366 2881 quarum
392 2808 655 2879 imagines
696 2817 840 2865 sunt.
877 2809 1031 2867 Sicut
1065 2813 1247 2867 omnia
1292 2828 1413 2884 quae
1436 2815 1732 2886 pinguntur

120 2910 302 2972 atque
348 2900 667 2971 ﬁnguntur,
711 2916 899 2958 earum
956 2918 1137 2959 rerum
1190 2920 1421 2974 quarum
1467 2906 1732 2978 imagines

1825 1995 1945 2036 esse
1969 1989 2219 2035 testatur.
2242 1980 2349 2034 Aut
2389 1980 2434 2034 si
2465 1988 2752 2051 propterea
2782 1979 3001 2035 Samuel
3029 1981 3079 2036 ei
3106 1981 3273 2047 dixit,
3300 1997 3420 2038 me-

1825 2072 2117 2136 cumeris,
2148 2080 2207 2126 ut
2248 2087 2355 2127 non
2385 2072 2453 2126 ad
2492 2072 2809 2141 qualitatem
2854 2073 3163 2141 felicitatis,
3210 2077 3304 2131 sed
3353 2076 3423 2131 ad

1826 2178 2011 2234 parem
2040 2164 2406 2219 conditionem
2438 2164 2630 2219 mortis
2673 2164 2944 2220 referatur
2971 2186 2985 2219 :
3009 2166 3154 2236 quod
3194 2175 3425 2238 uterque

1827 2258 1991 2314 homo
2020 2257 2187 2313 fuerit
2213 2266 2270 2313 et
2298 2266 2529 2328 uterque
2560 2257 2697 2313 mori
2731 2259 3005 2329 potuerit,
3027 2258 3252 2330 jamque
3278 2275 3426 2315 mor-

1829 2359 2001 2417 tuum,
2028 2361 2257 2406 mortem
2288 2350 2413 2406 vivo
2439 2351 2861 2420 praenuntiabat.
2879 2351 3189 2408 Secundum
3211 2360 3427 2408 utrum-

1827 2459 1934 2516 que
1960 2445 2127 2515 igitur
2156 2442 2491 2500 intellectum
2520 2443 2724 2499 habere
2753 2444 2962 2499 exitum
2995 2444 3112 2499 haec
3140 2443 3301 2500 lectio
3331 2460 3429 2516 po-

1832 2544 1957 2599 test,
1983 2537 2076 2606 qui
2099 2552 2210 2592 non
2232 2536 2305 2591 sit
2330 2544 2524 2592 contra
2552 2535 2736 2591 ﬁdem.
2762 2535 2876 2590 Nisi
2911 2535 3052 2592 forte
3082 2536 3429 2606 profundiori

1830 2627 2184 2699 inquisitione
2230 2626 2541 2683 inveniatur
2580 2627 2648 2683 ad
2688 2627 2951 2697 liquidum
2979 2668 2994 2694 ,
3032 2625 3119 2682 vel
3148 2642 3309 2697 posse
3344 2625 3433 2682 vel

1832 2738 1939 2778 non
1968 2737 2151 2793 posse,
2179 2721 2417 2777 animam
2441 2722 2733 2777 humanam
2753 2761 2768 2787 ,
2804 2737 2927 2776 cum
2956 2735 3023 2775 ex
3058 2721 3160 2776 hac
3188 2721 3294 2775 vita
3325 2720 3432 2774 mi-

1834 2814 2108 2887 graverit,
2149 2815 2378 2887 magicis
2407 2813 2739 2869 carminibus
2783 2813 3036 2879 evocari,
3083 2821 3139 2869 et
3181 2813 3433 2868 vivorum

1836 2925 2101 2981 apparere
2144 2908 2558 2980 conspectibus,
2613 2908 2777 2963 etiam
2819 2908 3065 2978 corporis
3097 2907 3431 2963 lineamenta

120 3000 312 3059 sunt,
340 2992 651 3049 nominibus
675 2993 1035 3065 appellantur.
1078 2994 1232 3051 Sicut
1255 2997 1492 3053 hominis
1518 2999 1730 3068 pictura
1836 3009 2139 3072 gestantem
2166 3041 2180 3067 ,
2218 3006 2280 3055 ut
2309 3016 2417 3085 non
2463 2999 2638 3055 solum
2674 2998 2846 3054 videri
2882 2998 3091 3065 valeat,
3124 2999 3220 3055 sed
3266 3000 3435 3054 etiam

121 3100 265 3141 cum
284 3084 547 3149 cernitur,
568 3084 844 3155 proprium
862 3087 1120 3157 quodque
1139 3103 1335 3143 nomen
1359 3089 1735 3145 incunctanter
1839 3093 2080 3163 agnosci,
2110 3100 2167 3147 et
2198 3093 2242 3148 si
2270 3084 2479 3163 potest,
2511 3101 2694 3171 utrum
2726 3091 2888 3146 etiam
2931 3090 3065 3160 justi
3101 3092 3283 3147 anima
3325 3107 3436 3175 non

124 3173 451 3229 adhibetur.
486 3174 555 3229 Et
579 3174 796 3241 dicitur,
826 3175 917 3232 ille
944 3176 1138 3233 Cicero
1162 3188 1269 3246 est,
1293 3179 1386 3236 iile
1417 3179 1730 3247 Sallustius,
1784 3256 1793 3257 ί
1838 3184 2056 3255 quidem
2085 3193 2312 3257 cogatur
2327 3184 2553 3254 magicis
2580 3184 2772 3249 sacris,
2796 3184 2894 3240 sed
2920 3184 3171 3255 dignetur
3195 3173 3435 3250 ostendi,

124 3265 233 3323 ille
243 3265 614 3332 Acbilles,iste
627 3267 849 3336 Hector,
861 3270 965 3326 hoc
977 3269 1177 3327 ﬁumen
1191 3270 1412 3340 Simois,
1427 3273 1516 3329 illa
1530 3273 1703 3330 Roma
1718 3292 1733 3330 :
1764 3256 1809 3320 (ἶ
1839 3256 2226 3332 occultioribus
2246 3277 2524 3348 mysteriis
2538 3275 2917 3346 summarlegis
2940 3276 3323 3346 obtemperans
3340 3294 3353 3330 :
3379 3286 3441 3331 ut

126 3374 267 3415 cum
295 3357 442 3413 aliud
468 3358 603 3413 nihil
623 3368 770 3425 sunt,
795 3376 958 3431 quam
988 3361 1147 3433 pictai
1179 3363 1465 3434 imagines.
1501 3363 1656 3421 Unde
1680 3376 1737 3422 et

124 3449 449 3508 Cherubim
474 3464 596 3506 cum
623 3451 735 3507 sint
763 3452 1014 3509 caelestes
1040 3454 1291 3521 virtutes,
1324 3455 1438 3511 ﬁcti
1466 3462 1648 3512 tamen
1668 3472 1737 3513 ex

124 3540 397 3608 metallo,
423 3557 529 3612 quo
552 3542 837 3614 imperavit
860 3545 1005 3602 Deus
1024 3546 1153 3616 poni
1181 3562 1344 3618 super
1362 3562 1549 3604 arcam
1573 3556 1740 3604 testa-

128 3635 347 3700 menti,
360 3650 571 3707 magnae
586 3636 664 3691 rei
679 3635 1049 3708 signiﬁcanda
1064 3640 1261 3710 gratia,
1281 3656 1387 3696 non
1411 3640 1559 3697 aliud
1575 3656 1738 3712 quam

127 3728 465 3796 Cherubim,
493 3729 583 3785 illa
602 3745 819 3801 quoque
843 3731 1120 3804 ﬁgmenta,
1137 3734 1493 3790 vocabantur.
1510 3735 1741 3790 lterum-

129 3835 252 3892 que
300 3821 431 3876 dum
480 3821 711 3892 quisque
749 3821 895 3877 videt
940 3824 1234 3891 somnium,
1274 3840 1381 3880 non
1412 3824 1548 3881 dicit
1580 3843 1592 3879 :
1634 3824 1743 3880 vidi

132 3913 445 3985 imaginem
471 3911 778 3983 Augustini,
804 3914 899 3970 red
940 3915 1051 3969 vidi
1076 3915 1462 3988 Augustinum,
1511 3932 1634 3972 cum
1679 3912 1745 3972 eo

135 4014 401 4073 tempore
426 4018 532 4073 quo
572 4004 777 4074 aliquid
818 4005 921 4060 tale
950 4006 1148 4076 aliquis
1178 4008 1313 4063 vidit
1341 4009 1619 4080 ignoraret
1642 4010 1745 4066 hoc

132 4098 511 4167 Augustinus.
560 4097 741 4169 Usque
778 4099 916 4155 adeo
943 4099 1297 4157 manifestum
1330 4110 1413 4158 est
1450 4117 1560 4158 non
1599 4103 1746 4173 ipsos

136 4187 431 4253 homines,
456 4186 554 4244 sed
583 4188 846 4261 imagines
874 4202 1063 4245 eorum
1092 4190 1285 4247 videri.
1314 4191 1383 4247 Et
1400 4191 1615 4248 Pharao
1638 4194 1749 4264 spi-

134 4294 246 4335 cas
275 4293 340 4333 se
369 4277 509 4334 dixit
537 4279 739 4339 vidisse
764 4280 821 4335 in
851 4282 1077 4338 somniis
1122 4291 1179 4338 et
1212 4283 1401 4350 boves,
1443 4300 1553 4340 non
1574 4286 1749 4356 spica-

140 4385 277 4424 rum
307 4379 405 4425 aut
437 4370 603 4427 boum
635 4372 901 4443 imagines
924 4372 1078 4445 (Gen.
1103 4375 1240 4447 xu).
1262 4374 1322 4432 Si
1350 4376 1517 4449 igitur
1536 4387 1751 4434 constat

138 4463 389 4534 liquido,
423 4465 732 4521 nominibus
767 4481 955 4522 earum
1000 4482 1183 4523 rerum
1226 4484 1459 4540 quarum
1488 4470 1750 4542 imagines

1842 3368 1887 3423 si
1904 3367 2023 3423 ﬁeri
2042 3382 2146 3423 non
2163 3382 2321 3438 posse
2333 3367 2615 3431 claruerit,
2630 3375 2690 3421 ut
2701 3382 2808 3422 non
2824 3375 3051 3438 uterque
3064 3382 3259 3423 sensus
3272 3368 3436 3439 hujus

1843 3460 2139 3532 Scriptura:
2162 3460 2489 3517 tractatione
2513 3460 2865 3526 admittatur,
2910 3462 3003 3516 sed
3052 3461 3147 3517 illo
3175 3461 3432 3527 excluso,

1843 3551 2166 3623 imaginaria
2192 3551 2490 3607 similitudo
2519 3551 2807 3616 Samuelis,
2842 3551 3114 3615 diabolica
3146 3553 3256 3608 ritu
3294 3552 3439 3608 facta

1802 3674 1813 3683 -
1846 3642 2200 3712 intelligatur.
2229 3642 2337 3699 Sed
2363 3643 2619 3713 quoniam
2646 3644 2760 3699 sive
2787 3643 2917 3699 illud
2939 3644 3056 3698 ﬁeri
3084 3644 3288 3714 possit,
3322 3643 3440 3699 sive

1845 3749 1953 3790 non
1982 3734 2173 3804 possit,
2192 3741 2376 3789 tamen
2403 3733 2611 3789 fallacia
2631 3733 2847 3789 Satanzr
2866 3743 3028 3805 atque
3044 3734 3342 3805 imaginum
3365 3734 3442 3789 si-

1846 3824 2225 3879 mulandarum
2243 3822 2437 3879 callida
2451 3824 2716 3895 operatio,
2734 3824 3067 3895 decipiendis
3080 3824 3330 3879 sensibus
3343 3823 3444 3878 btt-

1848 3914 2026 3969 manis
2044 3912 2391 3969 multiformis
2420 3913 2682 3983 invigilat.
2712 3912 3022 3969 Tacendum
3046 3930 3191 3969 nunc
3222 3915 3444 3985 quidem

1850 4021 1918 4060 ne
1944 4002 2388 4073 inquisitionibus
2417 4004 2849 4074 diligentioribus
2886 4004 3326 4075 praescribamus,
3349 4005 3445 4061 sed

1847 4097 2029 4168 potius
2040 4097 2416 4153 existimemus
2430 4095 2538 4152 tale
2552 4095 2755 4165 aliquid
2771 4097 2975 4151 factum
2994 4097 3231 4168 maligno
3248 4097 3443 4167 spiritu

1848 4187 2181 4260 pythonissac
2207 4187 2352 4242 illius
2386 4187 2710 4253 ministerio,
2738 4202 2903 4257 quam
2929 4187 3017 4242 diu
3043 4189 3201 4243 nobis
3240 4187 3446 4257 aliquid

1850 4281 2085 4352 amplius
2111 4281 2450 4352 excogitare,
2479 4290 2642 4352 atque
2668 4281 2943 4353 explicare
2969 4297 3076 4336 non
3112 4282 3288 4335 datur.
3320 4278 3449 4335 Haec

1851 4386 2132 4446 suntquae
2189 4385 2319 4431 tunc
2366 4376 2434 4430 de
2476 4376 2793 4447 pythonissa
2838 4384 2896 4430 et
2934 4374 3187 4431 Sanmele
3232 4374 3453 4446 scripsit

1850 4466 2200 4522 beatissimus
2226 4466 2582 4538 Augustinus.
2613 4466 2718 4522 Sed
2745 4468 2874 4538 quia
2900 4469 3005 4523 hoc
3028 4482 3198 4539 genus
3228 4468 3450 4538 magicae

139 4563 285 4613 sunt
310 4556 531 4613 easdem
560 4557 1113 4629 imaginesappellari,
1143 4576 1252 4616 non
1274 4562 1475 4618 mirum
1495 4574 1581 4620 est
1604 4564 1749 4634 quod
1780 4625 1820 4634 _
1853 4560 2152 4629 phantasia:
2185 4560 2380 4617 crebro
2408 4561 2461 4616 in
2494 4562 2596 4617 hoc
2620 4560 2762 4616 libro
2803 4561 3015 4633 legitur,
3047 4561 3332 4617 dicendum
3370 4568 3456 4616 est

141 4648 451 4719 Scriptura
473 4649 603 4705 dicit
618 4625 927 4707 Sdmuelein
944 4625 1154 4708 visum:
1179 4654 1344 4709 etiam
1357 4655 1403 4711 si
1420 4655 1560 4712 forte
1573 4625 1752 4728 imago
1779 4625 1831 4685 Β
1856 4625 2005 4709 unde
2038 4668 2238 4709 nomen
2270 4660 2581 4724 acceperit:
2612 4625 2881 4707 nonnulliv
2908 4654 3053 4709 enim
3099 4654 3166 4708 ab
3204 4652 3453 4724 Apolline

142 4739 440 4798 Samuelis
461 4742 709 4812 apparuit
737 4757 837 4813 per
865 4742 992 4798 ﬁcta
1030 4744 1492 4814 machinamenta,
1515 4747 1633 4818 ejus
1658 4748 1753 4817 qui

146 4832 635 4903 transﬁguransse
647 4834 796 4891 velut
812 4835 1063 4907 angelum
1078 4836 1239 4903 lucis,
1263 4846 1319 4893 et
1331 4837 1611 4895 ministros
1628 4854 1756 4895 suos

144 4929 438 4985 subornat
461 4926 611 4984 velut
639 4927 923 4984 ministros
938 4928 1184 5000 iustitiae.
1223 4927 1343 4984 Jam
1374 4945 1504 4985 vero
1524 4933 1570 4984 si
1600 4929 1755 4996 illud,

145 5019 369 5092 inquit,
393 5034 495 5076 vos
518 5028 721 5087 movet,
756 5020 1031 5091 quomodo
1055 5038 1087 5076 a
1116 5021 1357 5093 maligno
1389 5022 1585 5093 spiritu
1606 5020 1759 5077 Sauli

140 5115 433 5189 praedicta
461 5121 591 5168 sunt
633 5120 815 5184 potest
858 5122 914 5167 et
962 5111 1096 5168 illud
1147 5113 1347 5169 mirum
1396 5113 1592 5180 videri,
1623 5128 1760 5183 quo-

146 5206 334 5261 modo
359 5203 632 5259 daemones
679 5211 1016 5274 agnoverunt
1060 5201 1338 5259 Christum
1382 5218 1546 5274 quem
1590 5203 1762 5260 Judaei

150 5310 279 5350 nou
305 5292 695 5365 agnoscebant.
725 5290 861 5347 Cum
882 5291 1027 5347 enim
1046 5292 1320 5349 vultDcus
1332 5293 1496 5350 etiam
1514 5293 1764 5351 inﬁrmos

150 5387 402 5461 spiritus
414 5387 597 5458 aliqua
610 5402 737 5444 vera
750 5402 1107 5459 cognoscere,
1124 5389 1443 5460 temporalia
1472 5388 1762 5455 duntaxat,

151 5483 236 5538 ad
263 5483 434 5539 istam
467 5480 857 5538 mortalitatem
895 5481 1246 5552 pertinentia,
1282 5482 1444 5539 facile
1471 5490 1557 5539 est
1575 5490 1631 5538 et
1656 5498 1764 5538 non

151 5576 536 5646 incongruum
564 5613 580 5641 ,
635 5580 697 5628 ut
735 5572 1083 5643 omnipotens
1124 5579 1180 5628 et
1220 5569 1403 5642 justus
1450 5573 1519 5630 ad
1573 5588 1763 5629 eorum

150 5682 399 5742 pinnam
431 5664 627 5736 quibus
671 5666 779 5722 ista
823 5667 1212 5738 praedicantur,
1261 5666 1345 5740 (ut
1389 5667 1594 5725 malum
1621 5669 1767 5739 quod

152 5764 255 5821 eis
289 5761 566 5827 imminet,
597 5770 887 5834 antequam
921 5762 1126 5831 veniat,
1150 5763 1541 5835 praenoscendo
1560 5765 1770 5835 patian-

152 5862 286 5927 tur}
339 5856 556 5913 occulto
600 5867 859 5930 apparatu
908 5857 1287 5929 mysteriorum
1332 5873 1574 5927 suorum,
1605 5858 1766 5914 etiam

589 5952 861 6012 Pernam
908 5950 1098 6014 CXV.

1863 4744 2058 4816 Pythio
2106 4754 2381 4818 repertum
2412 4754 2574 4816 atque
2624 4746 2692 4799 ah
2735 4746 2853 4816 ejus
2894 4745 3215 4817 cognomine
3258 4745 3336 4800 sic
3374 4743 3455 4798 di-

1863 4855 1995 4900 cunt
2042 4860 2163 4900 esse
2208 4854 2484 4900 vocatum.
2532 4846 2639 4901 Sed
2690 4854 2746 4900 et
2784 4845 3071 4901 Hebraeum
3100 4860 3328 4909 nomen,
3367 4844 3451 4899 in—

1864 4948 2058 5018 quiunt
2078 4988 2093 5013 ,
2136 4947 2424 5019 congruit:
2455 4947 2701 5020 Pythona
2728 4948 2892 5004 abissi
2924 4947 3042 5021 (sic)
3073 4932 3289 5013 dicunt,~
3314 4945 3457 5001 unde

1869 5059 1924 5104 et
1953 5049 2325 5121 pythonissam
2367 5058 2422 5105 et
2444 5050 2711 5121 pythones
2746 5050 3032 5122 legendum
3058 5056 3270 5123 putant.
3302 5046 3457 5112 Quod

1868 5164 1923 5209 et
1954 5170 2054 5210 nos
2083 5153 2366 5226 diligenter
2400 5153 2785 5226 investigantes
2807 5154 2968 5212 sicin
2988 5151 3244 5221 antiquis,
3260 5150 3380 5216 imo
3403 5157 3460 5204 et

1870 5255 2148 5310 modernis
2168 5253 2532 5310 voluminibus
2558 5255 2821 5325 scriptum
2844 5251 3163 5323 reperimus.
3195 5247 3298 5304 Alii
3326 5264 3456 5329 vero

1870 5370 1901 5409 a
1930 5363 2202 5425 serpente,
2232 5355 2327 5425 qui
2348 5354 2553 5427 pytbon
2577 5356 2755 5411 dictus
2780 5365 2863 5409 est
2882 5393 2896 5416 ,
2925 5352 2992 5407 de
3023 5348 3180 5418 cujus
3206 5347 3344 5420 pelle
3371 5346 3459 5431 dif

1874 5457 2162 5524 vinabant,
2203 5457 2411 5514 dictum
2441 5465 2726 5525 asserunt,
2760 5455 2901 5511 unde
2924 5462 2980 5510 et
3004 5451 3372 5525 pythonissam
3403 5458 3461 5536 et

1874 5561 2142 5633 pythones
2169 5560 2373 5632 legunt.
2412 5561 2567 5629 Quod
2601 5577 2700 5616 nos
2726 5558 2954 5615 arbitrio
2982 5557 3262 5628 prudentis
3296 5556 3464 5639 lecto-

1875 5660 1953 5717 ris
1974 5661 2424 5733 derelinquimus,
2456 5663 2585 5732 quid
2607 5661 2779 5731 magis
2800 5659 3001 5732 eligere
3027 5658 3308 5730 placuerit.
3339 5659 3463 5713 llaec

1875 5764 2019 5820 enim
2053 5766 2321 5821 sententia
2361 5763 2518 5833 juxta
2560 5764 2842 5819 historiam
2886 5763 3152 5835 superiori
3184 5761 3466 5819 sententiae

1878 5865 2178 5936 postposita
2228 5874 2331 5921 est.
2376 5863 2528 5931 Quod
2573 5880 2673 5921 nos
2716 5865 2838 5922 ideo
2881 5866 3143 5930 lucinius,
3193 5872 3254 5919 ut
3293 5868 3468 5916 totum

2996 5954 3067 6019 11
