3970 6332
639 287 737 344 351
1682 277 2036 337 ANGELOMI
2076 273 2538 334 LUXOVIENSIS
2578 267 2886 330 MONACHI
3747 285 3811 341 33,

636 403 704 461 de
743 401 904 458 Saule
948 408 1004 456 et
1048 399 1363 472 pythonissa
1420 399 1624 469 pariter
1659 398 1932 469 negotium
1982 409 2226 465 compre-
2256 396 2303 455 Α
2330 378 2538 444 mestici
2567 385 2682 456 ejus
2715 379 3043 458 intelligendi
3075 397 3216 443 sunt.
3269 387 3334 442 Hi
3374 397 3480 444 tres
3506 390 3810 454 ﬁliiSaulcum

637 498 956 555 hendamus.
1231 497 1234 500 ’
1407 494 1411 498 ’
2323 496 2392 537 eo
2437 479 2705 536 interfecti
2734 489 2875 542 sunt,
2909 478 3188 545 Jouathas,
3217 479 3511 546 Abinadab,
3541 485 3620 552 qui
3645 495 3689 539 et
3717 487 3810 546 leni

2327 581 2382 630 et
2436 571 2752 627 Melchisua.
2803 570 3045 626 lsboseth
3077 577 3257 626 autem
3280 570 3424 626 domi
3460 581 3585 636 erat,
3630 577 3702 644 qui
3721 594 3811 635 anno

1208 623 1436 683 asper
1476 623 1663 694 XXXI-
2325 623 3066 741 ;,;.."‘si.‘.;{;..‘manu...
3086 623 3194 729 .;..'
3204 623 3808 742 ἶλαιιιέέυίὲᾷἔὲιίέῐιὲτξῖιῖιῖ

715 785 731 816 ι
777 765 944 836 lgitur
979 771 1170 819 exorto
1205 762 1419 833 prmlio,
1463 757 1848 832 percusserunt
1900 759 2225 817 Philisthiim
2330 764 2493 819 etiam
2521 760 2884 833 quadraginta
2913 775 3175 815 annorum
3203 759 3371 814 fuisse
3395 758 3580 830 legitur
3623 778 3720 818 cum
3755 783 3808 820 re-

642 878 662 912 c
708 855 872 912 Israel
892 855 1045 927 plaga
1079 871 1292 926 magna,
1323 860 1752 923 eorrueruntque
1779 853 1834 907 in
1863 853 2058 922 prmlio
2089 852 2222 908 Saul
2332 870 2498 928 gnare
2544 855 2822 926 coepisset.
2889 852 3042 910 Unde
3083 852 3353 923 colligitur
3387 850 3510 907 Saul
3550 856 3808 926 quadraginta

641 965 662 1000 ι
707 955 762 1002 et
787 945 1067 1010 Jonathas,
1104 965 1122 998 ι
1179 953 1306 1008 etc.,
1361 957 1642 1014 usquequo
1680 944 1774 1012 ait,
1827 961 1845 994 ι
1889 953 1944 998 et
1988 944 2213 1016 armiger

2331 950 2487 1005 annis
2511 963 2782 1021 regnasse.
2833 947 3192 1015 Quarendum
3225 962 3322 1002 cur
3350 946 3474 1001 alibi
3502 945 3680 1014 legatur
3699 947 3806 1015 lesui,

639 1058 659 1092 ε
705 1039 822 1108 ejus
852 1040 964 1110 ipse
986 1040 1190 1095 corruit
1211 1054 1373 1108 super
1394 1038 1636 1109 gladium
1666 1054 1850 1105 suum,
1887 1049 1943 1093 et
1973 1048 2230 1094 mortuus.
2330 1049 2384 1095 et
2416 1039 2542 1095 alibi
2584 1039 2868 1094 Abinadab
2898 1055 2913 1093 :
2942 1037 3090 1094 Jesui
3121 1037 3266 1093 enim
3310 1039 3663 1107 interpretatur
3698 1057 3807 1110 aqu-

638 1151 657 1184 ι
703 1140 788 1190 est
807 1147 928 1190 cum
949 1147 1035 1187 eo.
1072 1151 1090 1182 ι
1124 1131 1468 1203 Armigerum
1508 1131 1671 1186 istum
1695 1130 1906 1186 Hebraei
1931 1129 2076 1202 Doeg
2102 1130 2224 1185 ldu—
2331 1135 2416 1190 lis.
2471 1133 2720 1204 Equalis
2745 1133 2867 1188 ideo
2891 1132 3110 1198 dicitur,
3139 1132 3266 1202 quia
3294 1131 3514 1202 aequalis
3537 1133 3686 1187 meriti
3703 1134 3806 1190 fuisse

631 1238 825 1278 meum
855 1223 1039 1278 dicunt
1066 1219 1251 1288 fuisse,
1279 1223 1370 1292 qui
1400 1238 1631 1280 cernens
1661 1223 1788 1278 Saul
1816 1231 2112 1288 mortuum,
2139 1237 2225 1278 se-
2331 1244 2457 1284 cum
2505 1235 2660 1298 patre
2701 1225 2796 1281 ﬁlii
2839 1233 3231 1282 memorantur.
3278 1223 3549 1281 Abinadab
3578 1226 3806 1296 interpreta-

629 1315 804 1385 ipsum
835 1314 905 1369 ob
927 1321 1132 1368 metum
1163 1313 1335 1370 David
1361 1315 1656 1372 interemit.
2330 1330 2417 1376 tur
2453 1328 2605 1390 pater
2627 1335 2774 1374 meus
2804 1328 3003 1388 sponte.
3035 1318 3242 1388 Sponte
3269 1319 3465 1373 etenim
3493 1335 3580 1375 sua
3605 1330 3724 1390 pater
3736 1321 3804 1388 ejus

703 1429 722 1460 σ
768 1407 1012 1463 Mortuus
1046 1419 1134 1463 est
1163 1406 1294 1462 Saul
1345 1416 1399 1461 et
1449 1416 1558 1462 tres
1591 1406 1687 1460 ﬁlii
1729 1407 1847 1477 ejus
1883 1414 1940 1461 et
1986 1407 2222 1477 armiger
2329 1411 2456 1468 Saul
2495 1413 2637 1467 male
2682 1413 2889 1484 agendo
2946 1412 3254 1484 acquisivit,
3300 1423 3361 1468 ut
3405 1412 3572 1469 taliter
3608 1431 3692 1470 una
3732 1430 3803 1469 cum

633 1520 653 1556 ο
696 1499 842 1558 illius
874 1509 931 1559 et
954 1501 1194 1558 universi
1238 1501 1340 1556 viri
1373 1500 1510 1570 ejus.
1543 1521 1562 1553 ι
1622 1501 1736 1555 Viri
1774 1500 1881 1565 isti,
1925 1500 2079 1572 pueri
2126 1502 2221 1556 do-
2326 1503 2452 1558 ﬁliis
2481 1504 2862 1558 oerimeretur.

1644 1787 1754 1865 IN
1836 1785 2231 1864 LIBRUM
2292 1786 2877 1866 SECUNDUM.

1227 2049 1619 2108 PREFATIO.
2243 2051 2293 2112 B
2323 2055 2439 2102 tere
2465 2062 2683 2102 manum
2710 2063 2865 2104 suam
2897 2048 2950 2102 in
2973 2046 3258 2104 Christum
3287 2048 3513 2115 Domini,
3537 2049 3613 2120 qui
3637 2057 3679 2104 et
3702 2051 3784 2103 Ama

2332 2141 2561 2197 lechites
2582 2140 2758 2198 dictus
2785 2150 2888 2197 est.
2936 2141 3168 2205 ﬂebrmi,
3219 2149 3381 2212 prout
3413 2142 3465 2196 in
3493 2143 3687 2212 quodam
3707 2143 3796 2196 vola

699 2173 919 2241 Verum,
947 2171 1202 2244 quoniam
1231 2168 1447 2224 favente
1470 2167 1649 2221 divina
1681 2165 1874 2237 gratia,
1907 2179 2217 2235 quanquam

2333 2239 2480 2292 niine
2510 2237 2638 2308 legi,
2663 2237 2832 2292 ﬁlium
2858 2237 3004 2308 Doeg
3029 2237 3251 2292 Idumaei
3282 2239 3495 2293 tradunt
3521 2237 3674 2294 fuisse.
3705 2239 3796 2292 Ama-

625 2268 880 2327 fortassis
913 2265 1147 2328 indocte,
1179 2261 1413 2332 primum
1445 2259 1642 2314 librum
1672 2256 1831 2328 hujus
1859 2257 2097 2311 historiae
2137 2254 2218 2310 di-

622 2359 914 2432 gessimus,
970 2363 1026 2412 et
1067 2354 1222 2426 quasi
1254 2353 1510 2408 unionem
1540 2349 1802 2421 spiritalis
1848 2348 2218 2418 intelligentite

623 2449 1023 2524 quodammodo
1083 2448 1138 2502 in
1184 2443 1466 2502 conchulis
1513 2443 1701 2506 maris,
1762 2440 1922 2509 hujus
1969 2439 2216 2494 videlicet

619 2544 910 2601 voluminis
946 2542 1266 2604 latitantem,
1307 2537 1454 2593 velut
1480 2536 1584 2592 alta
1613 2535 1805 2607 pelagi,
1831 2535 1989 2589 lintre
2018 2542 2215 2590 nostrm

620 2633 1074 2708 investigationis,
1108 2631 1500 2702 immergendo,
1543 2631 1609 2684 ad
1639 2629 1812 2684 lucem
1840 2629 2210 2699 produximus.

617 2730 676 2784 In
705 2744 812 2798 quo
834 2728 1056 2798 quidem
1087 2724 1517 2787 evidentissime,
1577 2729 1761 2791 utpote
1788 2721 2209 2789 praelibavimus,

617 2819 923 2874 immutatio
967 2815 1257 2873 sacerdotii
1290 2813 1623 2878 Judaaorum,
1675 2827 1738 2866 ac
1771 2810 2006 2881 repulsio
2037 2809 2210 2880 Syna-

532 2979 545 2986 _
614 2926 764 2982 εοεαε
791 2911 845 2964 in
873 2925 1062 2964 verum
1091 2905 1291 2962 Christi
1319 2904 1706 2969 sacerdotium,
1733 2910 1788 2957 et
1811 2901 2064 2958 collectio
2088 2915 2212 2956 san-

616 3011 716 3056 ctae
763 3001 1017 3056 Ecclesiae
1065 3014 1131 3055 ex
1165 2999 1432 3071 gentibus,
1475 2997 1689 3068 aliaque
1740 2996 1970 3066 plurima
2027 3008 2212 3050 sacra-

615 3101 798 3148 menta
826 3108 944 3162 quae
975 3092 1075 3148 sub
1105 3093 1481 3164 allegoriarum
1505 3091 1690 3162 ﬁguris
1717 3091 1986 3146 contineri
2013 3089 2211 3160 proba-

613 3183 810 3238 vimus.
867 3183 1022 3238 Nunc
1070 3183 1186 3253 ipso
1213 3184 1534 3253 inspirante,
1591 3183 1644 3236 in
1698 3198 1806 3252 quo
1856 3191 1984 3237 sunt
2017 3196 2210 3237 omnes

615 3274 854 3329 thesauri
879 3250 1156 3344 sapientiae
1197 3285 1250 3330 et
1292 3250 1528 3330 scientiae
1575 3250 1858 3340 reconditi,
1911 3275 2206 3329 secundum

2309 3260 2364 3306 et
2394 3252 2564 3307 David
2594 3267 2757 3307 causa
2805 3252 3132 3308 adulationis
3160 3265 3221 3309 et
3254 3254 3438 3325 gratia:
3463 3250 3708 3314 detulisset,
3728 3258 3785 3300 non

612 3368 812 3424 librum
868 3337 1108 3440 praafatae
1167 3368 1420 3424 historize'
1469 3337 1852 3439 aggredimur,
1883 3377 1938 3422 et
1986 3366 2205 3436 limpida

2309 3347 2645 3418 refragamus
2676 3362 2739 3401 ac
2790 3347 3120 3413 inhibemus,
3178 3349 3276 3403 sed
3321 3341 3493 3419 potius
3527 3361 3610 3402 suo
3646 3337 3785 3440 arbitrii

614 3418 812 3424 --η-,η
868 3418 1105 3440 rm“---
1169 3418 1406 3424 -___---_-_
1890 3418 1934 3422 ,-

613 3460 814 3517 Christi
846 3461 1210 3532 Ecclesiaaque
1232 3460 1470 3532 pandere
1500 3469 1840 3514 sacramenta
1864 3459 2200 3515 conabimur.

2310 3440 2753 3510 derelinquimus.
2794 3440 2899 3496 Sed
2922 3441 3100 3496 altiori
3133 3418 3406 3497 intellectu
3431 3426 3783 3532 reputemusth

612 3553 682 3608 Et
711 3554 756 3609 si
802 3569 867 3609 ex
909 3562 1055 3608 tanta
1102 3517 1472 3622 profunditate
1547 3567 1736 3606 aurum
1792 3552 2094 3624 producere
2140 3551 2206 3606 ad

2309 3541 2392 3586 est
2419 3532 2561 3601 quod
2591 3531 2680 3587 ille
2702 3532 3085 3598 Amalechites,
3119 3533 3212 3603 qui
3246 3548 3305 3589 se
3344 3533 3494 3588 ﬁnxit
3517 3542 3666 3586 coram
3683 3517 3782 3578 David

610 3645 788 3700 lucem
816 3660 922 3700 non
950 3659 1239 3715 possumus
1271 3644 1552 3715 Optimum,
1591 3651 1684 3698 aut
1715 3642 2101 3698 carbunculum
2137 3657 2204 3696 ex

2311 3625 2438 3680 Saul
2499 3640 2680 3697 regem
2740 3625 3080 3683 interfecisse
3106 3668 3121 3694 ,
3179 3628 3250 3682 ab
3300 3641 3366 3682 eo
3417 3623 3611 3681 ultionis
3651 3625 3780 3690 parum

611 3735 813 3794 Phison
849 3714 1012 3794 ﬁuvio
1033 3754 1140 3793 non
1175 3714 1392 3809 quimus
1420 3737 1757 3802 abstrahere,
1809 3737 2042 3807 lapidem
2088 3751 2202 3790 ma-

2309 3721 2569 3777 multatus
2597 3723 2826 3792 accepit,
2862 3723 2965 3777 nisi
3004 3722 3145 3792 quod
3182 3723 3363 3777 omnis
3385 3721 3471 3791 qui
3500 3714 3697 3790 Ρτοιίωθ
3727 3717 3780 3808 ῗ¹³⁰
3850 3771 3851 3810 γ

614 3831 896 3902 gniﬁcum,
948 3831 1139 3887 saltem
1193 3845 1408 3900 quoque
1443 3830 1799 3902 margaritum
1840 3829 2050 3901 fulgens
2076 3843 2204 3898 pos—

2309 3814 2654 3869 machinatur
2687 3813 2909 3879 malum,
2954 3814 3038 3868 vel
3059 3814 3126 3870 de
3150 3815 3270 3885 ejus
3300 3815 3491 3887 gaudet
3521 3811 3779 3918 interitu]:

613 3922 784 3978 rimus
811 3922 1103 3979 exhaurire
1126 3923 1193 3978 de
1219 3923 1448 3995 gurgite.
1481 3923 1590 3977 Aut
1617 3923 1660 3978 si
1693 3923 1853 3977 etiam
1885 3937 1951 3976 ex
1975 3897 2205 3992 gemmis

2309 3914 2404 3960 stae
2443 3905 2819 3962 retributionis
2850 3920 3066 3976 penam
3095 3922 3124 3960 a
3156 3922 3392 3979 superno
3425 3905 3587 3976 judice
3611 3897 3776 3989 recipiti?

610 4012 974 4070 renitentibus
1022 4030 1128 4069 non
1155 3992 1397 4070 valemus
1427 4016 1687 4084 optimam
1729 4011 1998 4068 fabricare
2043 4028 2202 4068 coro-
2303 3997 2467 4092 ξυξιθ
2496 3998 2626 4053 illud
2679 3999 2824 4070 quo“
2867 4000 3127 4070 scriptum
3161 4009 3286 4055 es“
3323 4019 3342 4052 ε
3386 3997 3557 4056 omnis
3585 3992 3776 4092 θξίηξᾚ
3847 3999 3849 4020 ⁴

611 4122 736 4162 nam
768 4149 782 4173 ,
835 4109 1235 4180 quodammodo
1286 4124 1352 4165 ex
1401 4108 1624 4164 ﬁoribus
1691 4107 2022 4163 ammnitatis
2069 4106 2208 4162 divi-

2309 4091 2440 4146 fodit
2477 4093 2685 4146 foveam
2728 4093 2930 4148 incidet
2959 4094 3012 4148 in
3040 4093 3186 4148 illam
3221 4093 3405 4167 (Prov.
3431 4105 3572 4151 xm;
3600 4072 3774 4180 Eulali-

613 4215 809 4255 narum
849 4201 1253 4274 Scripturarum
1309 4203 1636 4258 tentabimus
1667 4215 1992 4270 componere
2030 4209 2199 4266 serta,

2309 4184 2373 4239 Et
2391 4184 2485 4254 qui
2515 4187 2849 4254 percusserit
2871 4185 3068 4255 gladio,
3091 4185 3272 4255 gladio
3291 4184 3484 4257 peribit
3503 4170 3772 4276 (ﬂuitabit
3846 4173 3847 4195 ‘

611 4305 682 4346 ne
714 4307 781 4347 ex
807 4270 1122 4364 paupertate
1153 4293 1351 4364 ingenii
1401 4294 1646 4364 ingratus
1668 4291 1854 4346 videar
1893 4307 1921 4344 a
1950 4291 2198 4357 Domino,

2309 4275 2370 4331 Et
2423 4275 2620 4330 iterum
2662 4291 2678 4330 :
2736 4295 2754 4327 ‹
2803 4275 2876 4332 Os
2924 4277 3066 4347 quod
3123 4279 3384 4332 mentitur
3416 4271 3595 4330 occidit
3619 4270 3773 4371 animati:

609 4387 707 4443 sed
735 4388 914 4458 potius
957 4402 1052 4442 sua
1078 4386 1380 4454 clementia,
1429 4387 1554 4441 dum
1593 4385 1770 4440 cernit
1798 4385 2052 4450 studium,
2107 4383 2201 4438 ad-

2309 4366 2457 4437 (Sap.
2483 4367 2546 4438 ι).
2585 4387 2606 4419 ι
2631 4368 2728 4423 His
2754 4343 2983 4439 expletis
3001 4410 3016 4434 ,
3055 4369 3305 4440 sequitur
3328 4366 3536 4425 historia
3557 4356 3659 4432 quid
3676 4343 3773 4408 David

611 4488 809 4554 augeat
832 4479 976 4536 vires
992 4480 1045 4535 in
1075 4480 1336 4551 pondere,
1368 4494 1432 4533 ne
1452 4478 1655 4533 fractus
1683 4479 1926 4533 inveniar
1947 4492 2198 4548 pressus-

2309 4459 2496 4528 egerit.
2543 4459 2634 4514 Ait
2658 4461 2805 4514 enim
2843 4479 2853 4513 :

611 4541 717 4643 que
745 4573 886 4629 mole
917 4541 1093 4629 tanta:-
1122 4541 1527 4644 magnitudinis.
1580 4570 1711 4624 Nam
1743 4541 2024 4639 sequitur:
2378 4569 2398 4603 ί
2430 4551 2646 4644 nam“
2671 4563 2850 4610 autem
2878 4555 3049 4610 Πανία
3087 4556 3374 4630 Plancum,
3399 4541 3770 4644 hl'jllsfemOdi

1129 4631 1357 4761 carm
1393 4703 1678 4760 parum
1821 4631 1837 4639 ’
2307 4663 2326 4761 τ
2357 4643 2608 4761 ξῗῗτέῗῗῖ
2616 4631 3769 4761 i‘f‘l‘fi’3???"if“_‘?l‘1"“_.‘i1'f'ﬂ£’ff§i

2309 4757 2327 4790 α
2364 4749 2422 4795 ut
2444 4741 2702 4796 docerent
2733 4739 2872 4796 ﬁlios
2904 4739 3040 4795 Juda
3075 4755 3316 4807 carmen,
3351 4740 3482 4795 sicut
3507 4733 3706 4800 scriptum
3721 4721 3767 4807 ei!
3837 4785 3839 4788 ,

686 4841 706 4873 ι
751 4819 976 4877 Factum
1006 4828 1091 4876 est
1120 4826 1302 4873 autem
1331 4825 1616 4888 postquam
1649 4828 1896 4872 mortuus
1931 4826 2016 4872 est
2045 4816 2196 4881 Saul,
2227 4794 2278 4855 D
2313 4851 2331 4886 ι
2371 4794 2424 4887 ﬁ,
2453 4794 2912 4901 ingo'jumogﬁn
2933 4855 3006 4899 ν,
3533 4833 3580 4881 et
3600 4794 3654 4875 in
3686 4805 3766 4901 τετίξ

615 4932 634 4966 σ
681 4920 736 4967 ut
768 4911 938 4966 David
988 4918 1356 4966 reverteretur
1381 4926 1411 4964 a
1439 4910 1585 4965 caede
1624 4910 1866 4976 Amalec,
1908 4918 1963 4965 et
2006 4925 2195 4965 mane-

2309 4924 2706 4994 exemplaribus
2737 4941 2845 4980 non
2871 4926 3102 4979 habetur
3123 4941 3352 4990 carmen,
3383 4922 3471 4978 sed
3492 4928 3664 4973 arcum.
3685 4893 3766 4994 φ]οᾷ
3835 4961 3837 4994 ᾗ

615 5024 635 5058 ι
682 5013 767 5060 ret
797 5005 850 5060 in
886 5002 1098 5074 Siceleg
1124 5003 1261 5058 duos
1293 5004 1426 5058 dies.
1457 5003 1514 5057 In
1541 5003 1627 5059 die
1660 5014 1840 5059 autem
1871 5005 2055 5069 tertio,
2101 5020 2196 5074 ap-

2309 5017 2510 5073 nostris
2545 5017 2858 5073 ductoribus
2898 5018 3026 5072 item
3081 5019 3273 5074 melius
3310 5017 3524 5072 videtur.
3559 5005 3663 5062 Nam
3684 4985 3765 5063 quod

616 5115 635 5149 ⁴
680 5097 861 5168 Par“it
921 5097 1084 5152 homo
1141 5095 1528 5162 AmalechiteS.
1605 5097 1827 5153 Veniens
1888 5098 1954 5152 de
2003 5097 2198 5153 castris
2305 5110 2565 5178 scriptum
2596 5119 2712 5174 est,
2745 5111 2999 5180 quoniam
3028 5111 3314 5183 plangebat
3343 5104 3618 5164 interfectos
3638 5082 3763 5146 Saul“

614 5208 635 5241 ι
679 5187 832 5255 Saul,
871 5209 889 5241 ι
943 5198 1001 5246 et
1019 5189 1249 5262 reliqua.
1310 5189 1481 5245 Homo
1531 5191 1631 5245 iste
1675 5191 1764 5260 qui
1812 5192 1875 5246 ad
1908 5192 2074 5247 David
2104 5209 2194 5249 ve-
2303 5203 2594 5259 Jonatham
2642 5223 2661 5256 ε
2687 5213 2741 5258 et
2768 5206 3026 5276 prmcepit
3067 5214 3126 5260 ut
3154 5206 3402 5262 docerent
3435 5199 3554 5254 ﬁlios
3587 5185 3759 5276 Juda

609 5283 786 5348 nicns,
836 5292 1064 5338 mortem
1096 5281 1276 5340 Saulis
1315 5286 1677 5348 nuntiaverat,
1708 5285 1800 5354 qui
1827 5286 1989 5340 etiam
2040 5303 2190 5342 men-
2300 5308 2448 5360 cum,
2490 5314 2508 5347 ι
2551 5297 2655 5352 hoc
2705 5297 2823 5352 ideo
2877 5296 3006 5352 fecit
3043 5298 3171 5368 quia
3209 5295 3528 5353 Pbilisthtcos
3566 5276 3761 5368 saginat"?

611 5375 769 5439 tiens,
813 5373 940 5429 Saul
967 5376 1309 5432 interfecisse
1335 5394 1394 5433 se
1422 5376 1635 5432 dixerat
1666 5396 1677 5432 :
1712 5380 2012 5450 praesertim
2065 5397 2190 5438 cum
2301 5359 2582 5444 abundare
2603 5388 2713 5459 jam
2754 5397 3000 5444 noverat.
3030 5359 3201 5446 Aliter
3239 5406 3252 5442 :
3303 5408 3318 5439 ι
3341 5378 3577 5448 Praecepit
3601 5359 3758 5459 David?“

611 5469 859 5536 superius
891 5467 1100 5540 legatur
1129 5471 1355 5526 irruisse
1400 5469 1528 5526 Saul
1559 5444 1727 5543 super.
1744 5474 1980 5547 gladium
2018 5493 2193 5545 suum,
2303 5482 2562 5538 docerent
2599 5444 2740 5538 filios
2767 5480 2903 5538 Juda
2934 5497 3122 5539 arcum
3184 5503 3203 5536 ι
3236 5482 3336 5537 hoc
3369 5483 3444 5533 est
3472 5444 3525 5528 ut
3548 5444 3757 5551 reges

610 5565 670 5614 et
720 5567 964 5615 ηἶοτίυυδ
1009 5577 1150 5628 esse:
1203 5563 1315 5632 ipse
1349 5571 1404 5617 ει
1450 5541 1685 5633 armiger
1733 5541 1870 5635 ejus,
1919 5569 1972 5622 in
2019 5541 2200 5624 monte
2303 5575 2559 5630 docerent
2603 5573 3008 5640 fortitudinem,
3045 5541 3251 5631 scilicet
3279 5579 3334 5627 ut
3378 5565 3529 5623 fortes
3565 5541 3756 5649 θι-ίιξίείξίξ

608 5651 830 5708 Gelboe.
883 5654 984 5722 Qui
1025 5665 1306 5726 propterea
1333 5675 1362 5711 a
1395 5657 1563 5712 David
1595 5659 1824 5714 interﬁci
1867 5662 2053 5731 jussus
2092 5672 2196 5730 est,
2301 5676 2485 5722 essent
2535 5667 2586 5722 in
2643 5669 2835 5724 timore
2884 5635 3126 5731 Domini,
3165 5675 3219 5722 et
3247 5668 3297 5720 in
3330 5651 3583 5732 praecepiis
3603 5635 3756 5732 Mi”?

600 5757 679 5822 ,ου
726 5747 868 5815 quod
891 5747 1088 5804 dixerit
1110 5764 1166 5804 se
1195 5751 1549 5816 interfecisse,
1587 5761 1634 5805 et
1665 5769 1770 5809 non
1801 5727 2044 5810 timuisse
2076 5727 2199 5810 mit;
2302 5770 2401 5826 per
2431 5757 2851 5814 inobedientiam
2873 5800 2885 5822 ,
2932 5776 2961 5813 a
2997 5727 3308 5814 fortitudine
3333 5727 3397 5807 et
3426 5747 3589 5803 timore
3622 5727 3752 5786 001³³⁸³⁸

2331 2329 2560 2385 lechites
2585 2330 2727 2384 enim
2758 2338 2814 2383 et
2841 2328 3108 2384 ldumaaus
3149 2345 3317 2384 unum
3347 2340 3481 2393 sunt,
3533 2331 3648 2386 sicut

2321 2421 2448 2491 quia
2483 2421 2625 2476 filius
2654 2421 3047 2492 primogenitus
3073 2422 3218 2477 Esau
3259 2423 3351 2493 qui
3382 2431 3433 2478 et
3459 2423 3626 2488 Edom,
3653 2423 3792 2491 Eliphn

2329 2512 2458 2578 fuit,
2496 2522 2550 2568 et
2592 2514 2754 2584 hujus
2799 2513 2938 2568 ﬁlius
2962 2513 3186 2590 Amalec
3212 2515 3436 2569 exstitit.
3481 2514 3612 2570 Unde
3637 2514 3791 2568 diadema

2319 2613 2377 2658 et
2413 2603 2625 2658 armilla
2679 2619 2800 2674 qua:
2836 2604 3004 2659 David
3055 2605 3273 2670 detulit,
3321 2622 3350 2659 a
3378 2613 3524 2676 patre
3549 2607 3666 2675 Doeg
3707 2618 3791 2657 com-

2319 2695 2576 2750 mendata
2602 2694 2710 2749 filio
2731 2694 2919 2759 fuisse,
2952 2696 3195 2750 nonnulli
3220 2695 3554 2752 Hebraeorum
3579 2695 3789 2765 perhibent.

2317 2786 2495 2853 Unde,
2536 2787 2807 2858 inquiunt,
2855 2803 2963 2843 non
2994 2802 3116 2843 esse
3144 2789 3472 2844 credendum
3516 2797 3567 2843 ut
3595 2787 3692 2842 Saul
3725 2799 3790 2838 ea

2315 2879 2368 2934 in
2397 2879 2643 2949 prmlium
2673 2879 2969 2943 detulisset,
3024 2881 3117 2934 sed
3138 2880 3285 2951 Doeg
3318 2881 3486 2936 amico
3504 2896 3590 2936 suo
3608 2893 3788 2935 commen-

2313 2970 2556 3036 daverat,
2595 2985 2626 3024 a
2654 2986 2763 3041 quo
2794 2972 2910 3042 ipse
2947 2982 3253 3043 acceperat.
3300 2973 3371 3028 At
3401 2988 3540 3038 vero,
3573 2972 3690 3027 sicui
3723 2983 3790 3023 m-

2310 3063 2477 3118 dihile
2502 3065 2734 3129 videtur,
2783 3065 2927 3134 quod
2968 3065 3096 3119 Saul
3148 3066 3201 3120 in
3234 3067 3480 3138 proelium
3512 3065 3788 3124 detulissetet

2311 3172 2342 3211 a
2363 3157 2544 3226 capite
2563 3156 2700 3227 ejus,
2754 3173 2820 3212 eo
2850 3166 3082 3221 mortuo,
3141 3166 3198 3214 et
3234 3175 3264 3213 a
3315 3158 3540 3215 brachiis
3561 3155 3785 3214 abstulisset
