  <div class='ocr_page' id='page_1' title='image "/cluster/home/n/w/nwhite01/storage/ocr_20150623/115/hvd.32044015466873/170.png"; bbox 0 0 3970 6332; ppageno 0'>
   <div class='ocr_carea' id='block_1_1' title="bbox 163 284 277 351">
    <p class='ocr_par' dir='ltr' id='par_1_1' title="bbox 163 284 277 351">
     <span class='ocr_line' id='line_1_1' title="bbox 163 284 277 351; baseline 0 0"><span class='ocrx_word' id='word_1_1' title='bbox 163 284 277 351; x_wconf 75' lang='lat'><strong>553</strong></span> 
     </span>
    </p>
   </div>
   <div class='ocr_carea' id='block_1_2' title="bbox 1149 279 2593 342">
    <p class='ocr_par' dir='ltr' id='par_1_2' title="bbox 1149 279 2593 342">
     <span class='ocr_line' id='line_1_2' title="bbox 1149 279 2593 342; baseline -0.006 1"><span class='ocrx_word' id='word_1_2' title='bbox 1149 281 1406 342; x_wconf 80' lang='lat' dir='ltr'><strong>ENARR.</strong></span> <span class='ocrx_word' id='word_1_3' title='bbox 1449 283 1516 340; x_wconf 99' lang='lat' dir='ltr'><strong>IN</strong></span> <span class='ocrx_word' id='word_1_4' title='bbox 1555 282 1804 341; x_wconf 84' lang='lat' dir='ltr'><strong>LIBROS</strong></span> <span class='ocrx_word' id='word_1_5' title='bbox 1843 279 2108 340; x_wconf 85' lang='lat' dir='ltr'><strong>REGUM.</strong></span> <span class='ocrx_word' id='word_1_6' title='bbox 2149 313 2220 323; x_wconf 93' lang='lat'><strong>——</strong></span> <span class='ocrx_word' id='word_1_7' title='bbox 2255 279 2322 336; x_wconf 92' lang='lat' dir='ltr'><strong>IN</strong></span> <span class='ocrx_word' id='word_1_8' title='bbox 2357 279 2487 336; x_wconf 90' lang='lat' dir='ltr'><strong>LIB.</strong></span> <span class='ocrx_word' id='word_1_9' title='bbox 2527 280 2593 334; x_wconf 93' lang='lat' dir='ltr'><strong>II.</strong></span> 
     </span>
    </p>
   </div>
   <div class='ocr_carea' id='block_1_3' title="bbox 3346 283 3530 354">
    <p class='ocr_par' dir='ltr' id='par_1_3' title="bbox 3346 283 3530 354">
     <span class='ocr_line' id='line_1_3' title="bbox 3346 283 3530 354; baseline -0.038 -10"><span class='ocrx_word' id='word_1_10' title='bbox 3346 283 3452 343; x_wconf 75' lang='grc'><strong>554</strong></span> <span class='ocrx_word' id='word_1_11' title='bbox 3523 347 3530 354; x_wconf 26' lang='grc' dir='ltr'>δ</span> 
     </span>
    </p>
   </div>
   <div class='ocr_carea' id='block_1_4' title="bbox 165 381 3468 475">
    <p class='ocr_par' dir='ltr' id='par_1_4' title="bbox 165 381 3468 475">
     <span class='ocr_line' id='line_1_4' title="bbox 165 381 3468 475; baseline -0.005 -6"><span class='ocrx_word' id='word_1_12' title='bbox 165 413 315 469; x_wconf 86' lang='lat' dir='ltr'><strong>sicut</strong></span> <span class='ocrx_word' id='word_1_13' title='bbox 337 407 468 465; x_wconf 90' lang='lat' dir='ltr'><strong>Saul</strong></span> <span class='ocrx_word' id='word_1_14' title='bbox 484 404 798 462; x_wconf 85' lang='lat' dir='ltr'><strong>recederent</strong></span> <span class='ocrx_word' id='word_1_15' title='bbox 823 423 835 458; x_wconf 88' lang='lat'><strong>:</strong></span> <span class='ocrx_word' id='word_1_16' title='bbox 863 411 919 460; x_wconf 90' lang='lat' dir='ltr'><strong>et</strong></span> <span class='ocrx_word' id='word_1_17' title='bbox 947 420 1011 459; x_wconf 93' lang='lat' dir='ltr'><strong>eo</strong></span> <span class='ocrx_word' id='word_1_18' title='bbox 1035 404 1194 460; x_wconf 91' lang='lat' dir='ltr'><strong>modo</strong></span> <span class='ocrx_word' id='word_1_19' title='bbox 1220 417 1328 475; x_wconf 91' lang='lat' dir='ltr'><strong>quo</strong></span> <span class='ocrx_word' id='word_1_20' title='bbox 1360 401 1446 456; x_wconf 91' lang='lat' dir='ltr'><strong>ille</strong></span> <span class='ocrx_word' id='word_1_21' title='bbox 1479 399 1750 472; x_wconf 85' lang='lat' dir='ltr'><strong>perierat,</strong></span> <span class='ocrx_word' id='word_1_22' title='bbox 1783 399 1835 464; x_wconf 80' lang='grc' dir='ltr'>Α</span> <span class='ocrx_word' id='word_1_23' title='bbox 1859 411 2000 461; x_wconf 86' lang='lat' dir='ltr'><strong>rum,</strong></span> <span class='ocrx_word' id='word_1_24' title='bbox 2033 396 2135 452; x_wconf 92' lang='lat' dir='ltr'><strong>hoc</strong></span> <span class='ocrx_word' id='word_1_25' title='bbox 2163 403 2247 451; x_wconf 88' lang='lat' dir='ltr'><strong>est</strong></span> <span class='ocrx_word' id='word_1_26' title='bbox 2275 383 2676 450; x_wconf 87' lang='lat' dir='ltr'><strong>immundorum</strong></span> <span class='ocrx_word' id='word_1_27' title='bbox 2709 392 3002 463; x_wconf 72' lang='lat' dir='ltr'><strong>spirituum</strong></span> <span class='ocrx_word' id='word_1_28' title='bbox 3039 408 3138 464; x_wconf 90' lang='lat' dir='ltr'><strong>per</strong></span> <span class='ocrx_word' id='word_1_29' title='bbox 3175 381 3468 467; x_wconf 76' lang='lat' dir='ltr'><strong>quodlibet.</strong></span> 
     </span>
    </p>
   </div>
   <div class='ocr_carea' id='block_1_5' title="bbox 162 488 3454 579">
    <p class='ocr_par' dir='ltr' id='par_1_5' title="bbox 162 488 3454 579">
     <span class='ocr_line' id='line_1_5' title="bbox 162 488 3454 579; baseline 0.001 -32"><span class='ocrx_word' id='word_1_30' title='bbox 162 506 434 579; x_wconf 59' lang='lat' dir='ltr'><strong>pel-irem,</strong></span> <span class='ocrx_word' id='word_1_31' title='bbox 462 509 517 557; x_wconf 82' lang='lat' dir='ltr'><strong>et</strong></span> <span class='ocrx_word' id='word_1_32' title='bbox 545 501 686 555; x_wconf 88' lang='lat' dir='ltr'><strong>unde</strong></span> <span class='ocrx_word' id='word_1_33' title='bbox 716 498 846 556; x_wconf 80' lang='lat' dir='ltr'><strong>Saul</strong></span> <span class='ocrx_word' id='word_1_34' title='bbox 870 499 1106 554; x_wconf 84' lang='lat' dir='ltr'><strong>maxime</strong></span> <span class='ocrx_word' id='word_1_35' title='bbox 1132 499 1324 553; x_wconf 91' lang='lat' dir='ltr'><strong>horum</strong></span> <span class='ocrx_word' id='word_1_36' title='bbox 1358 496 1556 552; x_wconf 76' lang='lat' dir='ltr'><strong>ictibus</strong></span> <span class='ocrx_word' id='word_1_37' title='bbox 1581 496 1756 566; x_wconf 86' lang='lat' dir='ltr'><strong>perie-</strong></span> <span class='ocrx_word' id='word_1_38' title='bbox 1856 489 2046 546; x_wconf 91' lang='lat' dir='ltr'><strong>vitium</strong></span> <span class='ocrx_word' id='word_1_39' title='bbox 2077 489 2310 559; x_wconf 90' lang='lat' dir='ltr'><strong>decepti,</strong></span> <span class='ocrx_word' id='word_1_40' title='bbox 2337 488 2696 544; x_wconf 90' lang='lat' dir='ltr'><strong>succumbant</strong></span> <span class='ocrx_word' id='word_1_41' title='bbox 2723 505 2736 542; x_wconf 92' lang='lat'><strong>:</strong></span> <span class='ocrx_word' id='word_1_42' title='bbox 2760 496 2816 544; x_wconf 90' lang='lat' dir='ltr'><strong>et</strong></span> <span class='ocrx_word' id='word_1_43' title='bbox 2850 488 2905 544; x_wconf 91' lang='lat' dir='ltr'><strong>in</strong></span> <span class='ocrx_word' id='word_1_44' title='bbox 2931 500 3196 559; x_wconf 86' lang='lat' dir='ltr'><strong>perpetuo</strong></span> <span class='ocrx_word' id='word_1_45' title='bbox 3220 492 3276 547; x_wconf 89' lang='lat' dir='ltr'><strong>in</strong></span> <span class='ocrx_word' id='word_1_46' title='bbox 3309 509 3454 550; x_wconf 89' lang='lat' dir='ltr'><strong>mor-</strong></span> 
     </span>
    </p>
   </div>
   <div class='ocr_carea' id='block_1_6' title="bbox 167 591 1760 663">
    <p class='ocr_par' dir='ltr' id='par_1_6' title="bbox 167 591 1760 663">
     <span class='ocr_line' id='line_1_6' title="bbox 167 591 1760 663; baseline -0.008 -7"><span class='ocrx_word' id='word_1_47' title='bbox 167 609 278 663; x_wconf 85' lang='lat' dir='ltr'><strong>rat,</strong></span> <span class='ocrx_word' id='word_1_48' title='bbox 303 591 552 653; x_wconf 80' lang='lat' dir='ltr'><strong>eamdem</strong></span> <span class='ocrx_word' id='word_1_49' title='bbox 575 593 808 650; x_wconf 83' lang='lat' dir='ltr'><strong>bellandi</strong></span> <span class='ocrx_word' id='word_1_50' title='bbox 838 603 1009 649; x_wconf 87' lang='lat' dir='ltr'><strong>artem</strong></span> <span class='ocrx_word' id='word_1_51' title='bbox 1029 633 1044 657; x_wconf 91' lang='lat'><strong>,</strong></span> <span class='ocrx_word' id='word_1_52' title='bbox 1072 603 1127 648; x_wconf 89' lang='lat' dir='ltr'><strong>et</strong></span> <span class='ocrx_word' id='word_1_53' title='bbox 1153 594 1236 649; x_wconf 88' lang='lat' dir='ltr'><strong>sui</strong></span> <span class='ocrx_word' id='word_1_54' title='bbox 1264 592 1464 648; x_wconf 76' lang='lat' dir='ltr'><strong>milites</strong></span> <span class='ocrx_word' id='word_1_55' title='bbox 1487 592 1554 646; x_wconf 90' lang='lat' dir='ltr'><strong>ad</strong></span> <span class='ocrx_word' id='word_1_56' title='bbox 1581 591 1760 646; x_wconf 84' lang='lat' dir='ltr'><strong>revin-</strong></span> 
     </span>
    </p>
   </div>
   <div class='ocr_carea' id='block_1_7' title="bbox 167 684 1761 756">
    <p class='ocr_par' dir='ltr' id='par_1_7' title="bbox 167 684 1761 756">
     <span class='ocr_line' id='line_1_7' title="bbox 167 684 1761 756; baseline -0.006 -8"><span class='ocrx_word' id='word_1_57' title='bbox 167 693 376 748; x_wconf 87' lang='lat' dir='ltr'><strong>cendos</strong></span> <span class='ocrx_word' id='word_1_58' title='bbox 413 705 540 755; x_wconf 87' lang='lat' dir='ltr'><strong>eos,</strong></span> <span class='ocrx_word' id='word_1_59' title='bbox 585 688 875 744; x_wconf 76' lang='lat' dir='ltr'><strong>discerent.</strong></span> <span class='ocrx_word' id='word_1_60' title='bbox 921 685 1074 754; x_wconf 83' lang='lat' dir='ltr'><strong>Quod</strong></span> <span class='ocrx_word' id='word_1_61' title='bbox 1114 701 1246 742; x_wconf 90' lang='lat' dir='ltr'><strong>vero</strong></span> <span class='ocrx_word' id='word_1_62' title='bbox 1289 685 1536 756; x_wconf 87' lang='lat' dir='ltr'><strong>sequitur</strong></span> <span class='ocrx_word' id='word_1_63' title='bbox 1569 704 1588 736; x_wconf 72' lang='grc' dir='ltr'><strong>ι</strong></span> <span class='ocrx_word' id='word_1_64' title='bbox 1619 684 1761 739; x_wconf 89' lang='lat' dir='ltr'><strong>sicut</strong></span> 
     </span>
    </p>
   </div>
   <div class='ocr_carea' id='block_1_8' title="bbox 167 776 1760 855">
    <p class='ocr_par' dir='ltr' id='par_1_8' title="bbox 167 776 1760 855">
     <span class='ocr_line' id='line_1_8' title="bbox 167 776 1760 855; baseline -0.008 -12"><span class='ocrx_word' id='word_1_65' title='bbox 167 785 433 855; x_wconf 78' lang='lat' dir='ltr'><strong>scriptum</strong></span> <span class='ocrx_word' id='word_1_66' title='bbox 455 782 614 838; x_wconf 85' lang='lat' dir='ltr'><strong>estin</strong></span> <span class='ocrx_word' id='word_1_67' title='bbox 640 781 784 836; x_wconf 89' lang='lat' dir='ltr'><strong>libro</strong></span> <span class='ocrx_word' id='word_1_68' title='bbox 798 779 1095 849; x_wconf 90' lang='lat' dir='ltr'><strong>justorum,</strong></span> <span class='ocrx_word' id='word_1_69' title='bbox 1129 799 1147 833; x_wconf 78' lang='grc' dir='ltr'><strong>ι</strong></span> <span class='ocrx_word' id='word_1_70' title='bbox 1177 780 1354 850; x_wconf 88' lang='lat' dir='ltr'><strong>ipsum</strong></span> <span class='ocrx_word' id='word_1_71' title='bbox 1379 778 1578 834; x_wconf 89' lang='lat' dir='ltr'><strong>librum</strong></span> <span class='ocrx_word' id='word_1_72' title='bbox 1599 776 1760 832; x_wconf 84' lang='lat' dir='ltr'><strong>hodie</strong></span> 
     </span>
    </p>
   </div>
   <div class='ocr_carea' id='block_1_9' title="bbox 165 870 1759 948">
    <p class='ocr_par' dir='ltr' id='par_1_9' title="bbox 165 870 1759 948">
     <span class='ocr_line' id='line_1_9' title="bbox 165 870 1759 948; baseline -0.006 -15"><span class='ocrx_word' id='word_1_73' title='bbox 165 889 460 948; x_wconf 83' lang='lat' dir='ltr'><strong>nusquam,</strong></span> <span class='ocrx_word' id='word_1_74' title='bbox 496 888 671 943; x_wconf 91' lang='lat' dir='ltr'><strong>neque</strong></span> <span class='ocrx_word' id='word_1_75' title='bbox 697 873 840 942; x_wconf 90' lang='lat' dir='ltr'><strong>apud</strong></span> <span class='ocrx_word' id='word_1_76' title='bbox 866 872 1012 942; x_wconf 90' lang='lat' dir='ltr'><strong>ipsos</strong></span> <span class='ocrx_word' id='word_1_77' title='bbox 1044 871 1296 928; x_wconf 75' lang='lat' dir='ltr'><strong>Hebraeos</strong></span> <span class='ocrx_word' id='word_1_78' title='bbox 1318 870 1547 927; x_wconf 84' lang='lat' dir='ltr'><strong>inveniri</strong></span> <span class='ocrx_word' id='word_1_79' title='bbox 1577 883 1759 940; x_wconf 88' lang='lat' dir='ltr'><strong>posse,</strong></span> 
     </span>
    </p>
   </div>
   <div class='ocr_carea' id='block_1_10' title="bbox 165 961 1758 1028">
    <p class='ocr_par' dir='ltr' id='par_1_10' title="bbox 165 961 1758 1028">
     <span class='ocr_line' id='line_1_10' title="bbox 165 961 1758 1028; baseline -0.006 -3"><span class='ocrx_word' id='word_1_80' title='bbox 165 978 490 1025; x_wconf 76' lang='lat' dir='ltr'><strong>asseverant</strong></span> <span class='ocrx_word' id='word_1_81' title='bbox 523 985 535 1020; x_wconf 91' lang='lat'><strong>:</strong></span> <span class='ocrx_word' id='word_1_82' title='bbox 575 966 716 1021; x_wconf 81' lang='lat' dir='ltr'><strong>sicut</strong></span> <span class='ocrx_word' id='word_1_83' title='bbox 741 980 843 1020; x_wconf 91' lang='lat' dir='ltr'><strong>nec</strong></span> <span class='ocrx_word' id='word_1_84' title='bbox 867 964 1064 1020; x_wconf 88' lang='lat' dir='ltr'><strong>librum</strong></span> <span class='ocrx_word' id='word_1_85' title='bbox 1103 963 1364 1019; x_wconf 87' lang='lat' dir='ltr'><strong>bellorum</strong></span> <span class='ocrx_word' id='word_1_86' title='bbox 1391 961 1627 1028; x_wconf 80' lang='lat' dir='ltr'><strong>Domini,</strong></span> <span class='ocrx_word' id='word_1_87' title='bbox 1661 975 1758 1017; x_wconf 87' lang='lat' dir='ltr'><strong>cu—</strong></span> 
     </span>
    </p>
   </div>
   <div class='ocr_carea' id='block_1_11' title="bbox 161 1053 1760 1132">
    <p class='ocr_par' dir='ltr' id='par_1_11' title="bbox 161 1053 1760 1132">
     <span class='ocr_line' id='line_1_11' title="bbox 161 1053 1760 1132; baseline -0.005 -17"><span class='ocrx_word' id='word_1_88' title='bbox 161 1059 256 1130; x_wconf 87' lang='lat' dir='ltr'><strong>jus</strong></span> <span class='ocrx_word' id='word_1_89' title='bbox 287 1061 340 1115; x_wconf 88' lang='lat' dir='ltr'><strong>in</strong></span> <span class='ocrx_word' id='word_1_90' title='bbox 371 1059 513 1114; x_wconf 91' lang='lat' dir='ltr'><strong>libro</strong></span> <span class='ocrx_word' id='word_1_91' title='bbox 548 1057 911 1132; x_wconf 81' lang='lat' dir='ltr'><strong>Numerorum</strong></span> <span class='ocrx_word' id='word_1_92' title='bbox 943 1055 1150 1115; x_wconf 87' lang='lat' dir='ltr'><strong>mentio</strong></span> <span class='ocrx_word' id='word_1_93' title='bbox 1176 1064 1280 1120; x_wconf 89' lang='lat' dir='ltr'><strong>est,</strong></span> <span class='ocrx_word' id='word_1_94' title='bbox 1311 1069 1487 1126; x_wconf 89' lang='lat' dir='ltr'><strong>neque</strong></span> <span class='ocrx_word' id='word_1_95' title='bbox 1516 1053 1760 1109; x_wconf 86' lang='lat' dir='ltr'><strong>carmina</strong></span> 
     </span>
    </p>
   </div>
   <div class='ocr_carea' id='block_1_12' title="bbox 168 1146 1764 1220">
    <p class='ocr_par' dir='ltr' id='par_1_12' title="bbox 168 1146 1764 1220">
     <span class='ocr_line' id='line_1_12' title="bbox 168 1146 1764 1220; baseline -0.004 -12"><span class='ocrx_word' id='word_1_96' title='bbox 168 1151 480 1208; x_wconf 85' lang='lat' dir='ltr'><strong>Salomonis</strong></span> <span class='ocrx_word' id='word_1_97' title='bbox 503 1190 520 1216; x_wconf 94' lang='lat'><strong>,</strong></span> <span class='ocrx_word' id='word_1_98' title='bbox 551 1164 728 1218; x_wconf 86' lang='lat' dir='ltr'><strong>neque</strong></span> <span class='ocrx_word' id='word_1_99' title='bbox 767 1148 1164 1220; x_wconf 84' lang='lat' dir='ltr'><strong>disputationes</strong></span> <span class='ocrx_word' id='word_1_100' title='bbox 1189 1146 1308 1217; x_wconf 86' lang='lat' dir='ltr'><strong>ejus</strong></span> <span class='ocrx_word' id='word_1_101' title='bbox 1332 1147 1764 1219; x_wconf 88' lang='lat' dir='ltr'><strong>sapientissimas</strong></span> 
     </span>
    </p>
   </div>
   <div class='ocr_carea' id='block_1_13' title="bbox 167 1241 1761 1314">
    <p class='ocr_par' dir='ltr' id='par_1_13' title="bbox 167 1241 1761 1314">
     <span class='ocr_line' id='line_1_13' title="bbox 167 1241 1761 1314; baseline -0.002 -14"><span class='ocrx_word' id='word_1_102' title='bbox 167 1245 239 1300; x_wconf 87' lang='lat' dir='ltr'><strong>de</strong></span> <span class='ocrx_word' id='word_1_103' title='bbox 275 1244 544 1314; x_wconf 88' lang='lat' dir='ltr'><strong>lignorum</strong></span> <span class='ocrx_word' id='word_1_104' title='bbox 587 1250 822 1308; x_wconf 88' lang='lat' dir='ltr'><strong>natura,</strong></span> <span class='ocrx_word' id='word_1_105' title='bbox 861 1241 1261 1311; x_wconf 90' lang='lat' dir='ltr'><strong>herbarumque</strong></span> <span class='ocrx_word' id='word_1_106' title='bbox 1293 1243 1566 1309; x_wconf 89' lang='lat' dir='ltr'><strong>omnium,</strong></span> <span class='ocrx_word' id='word_1_107' title='bbox 1618 1249 1761 1298; x_wconf 88' lang='lat' dir='ltr'><strong>toto-</strong></span> 
     </span>
    </p>
   </div>
   <div class='ocr_carea' id='block_1_14' title="bbox 165 1335 1763 1408">
    <p class='ocr_par' dir='ltr' id='par_1_14' title="bbox 165 1335 1763 1408">
     <span class='ocr_line' id='line_1_14' title="bbox 165 1335 1763 1408; baseline -0.001 -16"><span class='ocrx_word' id='word_1_108' title='bbox 165 1351 404 1408; x_wconf 86' lang='lat' dir='ltr'><strong>rumque</strong></span> <span class='ocrx_word' id='word_1_109' title='bbox 436 1335 841 1406; x_wconf 79' lang='lat' dir='ltr'><strong>iumentorum,</strong></span> <span class='ocrx_word' id='word_1_110' title='bbox 884 1335 1202 1403; x_wconf 89' lang='lat' dir='ltr'><strong>volucrum,</strong></span> <span class='ocrx_word' id='word_1_111' title='bbox 1245 1335 1552 1406; x_wconf 90' lang='lat' dir='ltr'><strong>reptilium,</strong></span> <span class='ocrx_word' id='word_1_112' title='bbox 1599 1346 1654 1392; x_wconf 91' lang='lat' dir='ltr'><strong>et</strong></span> <span class='ocrx_word' id='word_1_113' title='bbox 1681 1336 1763 1407; x_wconf 78' lang='lat' dir='ltr'><strong>pi-</strong></span> 
     </span>
    </p>
   </div>
   <div class='ocr_carea' id='block_1_15' title="bbox 166 1426 1760 1498">
    <p class='ocr_par' dir='ltr' id='par_1_15' title="bbox 166 1426 1760 1498">
     <span class='ocr_line' id='line_1_15' title="bbox 166 1426 1760 1498; baseline -0.003 -13"><span class='ocrx_word' id='word_1_114' title='bbox 166 1429 368 1486; x_wconf 82' lang='lat' dir='ltr'><strong>scium.</strong></span> <span class='ocrx_word' id='word_1_115' title='bbox 405 1426 498 1484; x_wconf 88' lang='lat' dir='ltr'><strong>Vel</strong></span> <span class='ocrx_word' id='word_1_116' title='bbox 526 1427 671 1498; x_wconf 92' lang='lat' dir='ltr'><strong>quod</strong></span> <span class='ocrx_word' id='word_1_117' title='bbox 701 1428 757 1482; x_wconf 93' lang='lat' dir='ltr'><strong>in</strong></span> <span class='ocrx_word' id='word_1_118' title='bbox 787 1427 930 1483; x_wconf 86' lang='lat' dir='ltr'><strong>libro</strong></span> <span class='ocrx_word' id='word_1_119' title='bbox 957 1427 1261 1484; x_wconf 80' lang='lat' dir='ltr'><strong>Verborum</strong></span> <span class='ocrx_word' id='word_1_120' title='bbox 1285 1428 1512 1484; x_wconf 76' lang='lat' dir='ltr'><strong>dicitur.</strong></span> <span class='ocrx_word' id='word_1_121' title='bbox 1533 1427 1760 1498; x_wconf 79' lang='lat' dir='ltr'><strong>Reliqua</strong></span> 
     </span>
    </p>
   </div>
   <div class='ocr_carea' id='block_1_16' title="bbox 163 1518 1760 1590">
    <p class='ocr_par' dir='ltr' id='par_1_16' title="bbox 163 1518 1760 1590">
     <span class='ocr_line' id='line_1_16' title="bbox 163 1518 1760 1590; baseline -0.003 -13"><span class='ocrx_word' id='word_1_122' title='bbox 163 1536 304 1577; x_wconf 89' lang='lat' dir='ltr'><strong>vero</strong></span> <span class='ocrx_word' id='word_1_123' title='bbox 340 1535 588 1590; x_wconf 88' lang='lat' dir='ltr'><strong>operum</strong></span> <span class='ocrx_word' id='word_1_124' title='bbox 615 1518 921 1576; x_wconf 87' lang='lat' dir='ltr'><strong>Salomonis</strong></span> <span class='ocrx_word' id='word_1_125' title='bbox 950 1519 1192 1590; x_wconf 88' lang='lat' dir='ltr'><strong>priorum</strong></span> <span class='ocrx_word' id='word_1_126' title='bbox 1221 1528 1275 1574; x_wconf 90' lang='lat' dir='ltr'><strong>et</strong></span> <span class='ocrx_word' id='word_1_127' title='bbox 1317 1519 1760 1584; x_wconf 86' lang='lat' dir='ltr'><strong>novissimorum,</strong></span> 
     </span>
    </p>
   </div>
   <div class='ocr_carea' id='block_1_17' title="bbox 164 1611 1762 1684">
    <p class='ocr_par' dir='ltr' id='par_1_17' title="bbox 164 1611 1762 1684">
     <span class='ocr_line' id='line_1_17' title="bbox 164 1611 1762 1684; baseline -0.003 -15"><span class='ocrx_word' id='word_1_128' title='bbox 164 1613 375 1683; x_wconf 86' lang='lat' dir='ltr'><strong>scripta</strong></span> <span class='ocrx_word' id='word_1_129' title='bbox 403 1619 529 1667; x_wconf 86' lang='lat' dir='ltr'><strong>sunt</strong></span> <span class='ocrx_word' id='word_1_130' title='bbox 559 1613 616 1667; x_wconf 94' lang='lat' dir='ltr'><strong>in</strong></span> <span class='ocrx_word' id='word_1_131' title='bbox 643 1612 826 1667; x_wconf 83' lang='lat' dir='ltr'><strong>verbis</strong></span> <span class='ocrx_word' id='word_1_132' title='bbox 862 1611 1074 1668; x_wconf 87' lang='lat' dir='ltr'><strong>Nathan</strong></span> <span class='ocrx_word' id='word_1_133' title='bbox 1103 1614 1411 1684; x_wconf 85' lang='lat' dir='ltr'><strong>prophetae,</strong></span> <span class='ocrx_word' id='word_1_134' title='bbox 1440 1621 1497 1668; x_wconf 90' lang='lat' dir='ltr'><strong>et</strong></span> <span class='ocrx_word' id='word_1_135' title='bbox 1523 1612 1577 1666; x_wconf 92' lang='lat' dir='ltr'><strong>in</strong></span> <span class='ocrx_word' id='word_1_136' title='bbox 1607 1611 1762 1666; x_wconf 79' lang='lat' dir='ltr'><strong>libris</strong></span> 
     </span>
    </p>
   </div>
   <div class='ocr_carea' id='block_1_18' title="bbox 162 1701 1762 1774">
    <p class='ocr_par' dir='ltr' id='par_1_18' title="bbox 162 1701 1762 1774">
     <span class='ocr_line' id='line_1_18' title="bbox 162 1701 1762 1774; baseline -0.002 -15"><span class='ocrx_word' id='word_1_137' title='bbox 162 1703 326 1759; x_wconf 71' lang='lat' dir='ltr'><strong>Abite</strong></span> <span class='ocrx_word' id='word_1_138' title='bbox 372 1701 619 1759; x_wconf 88' lang='lat' dir='ltr'><strong>Silonitis</strong></span> <span class='ocrx_word' id='word_1_139' title='bbox 644 1743 660 1768; x_wconf 94' lang='lat'><strong>,</strong></span> <span class='ocrx_word' id='word_1_140' title='bbox 719 1703 774 1758; x_wconf 91' lang='lat' dir='ltr'><strong>in</strong></span> <span class='ocrx_word' id='word_1_141' title='bbox 805 1703 1014 1759; x_wconf 75' lang='lat' dir='ltr'><strong>visione</strong></span> <span class='ocrx_word' id='word_1_142' title='bbox 1061 1717 1277 1774; x_wconf 91' lang='lat' dir='ltr'><strong>quoque</strong></span> <span class='ocrx_word' id='word_1_143' title='bbox 1317 1702 1489 1759; x_wconf 81' lang='lat' dir='ltr'><strong>Jaddo</strong></span> <span class='ocrx_word' id='word_1_144' title='bbox 1531 1702 1762 1758; x_wconf 88' lang='lat' dir='ltr'><strong>videntis</strong></span> 
     </span>
    </p>
   </div>
   <div class='ocr_carea' id='block_1_19' title="bbox 1861 579 3458 653">
    <p class='ocr_par' dir='ltr' id='par_1_19' title="bbox 1861 579 3458 653">
     <span class='ocr_line' id='line_1_19' title="bbox 1861 579 3458 653; baseline 0 -13"><span class='ocrx_word' id='word_1_145' title='bbox 1861 593 1967 640; x_wconf 88' lang='lat' dir='ltr'><strong>tem</strong></span> <span class='ocrx_word' id='word_1_146' title='bbox 2012 582 2207 638; x_wconf 71' lang='lat' dir='ltr'><strong>anima:</strong></span> <span class='ocrx_word' id='word_1_147' title='bbox 2256 579 2686 653; x_wconf 88' lang='lat' dir='ltr'><strong>irreparahiliter</strong></span> <span class='ocrx_word' id='word_1_148' title='bbox 2712 581 2928 636; x_wconf 83' lang='lat' dir='ltr'><strong>cadant.</strong></span> <span class='ocrx_word' id='word_1_149' title='bbox 2967 598 2988 633; x_wconf 71' lang='grc' dir='ltr'><strong>ι</strong></span> <span class='ocrx_word' id='word_1_150' title='bbox 3023 579 3201 639; x_wconf 88' lang='lat' dir='ltr'><strong>Nolite</strong></span> <span class='ocrx_word' id='word_1_151' title='bbox 3245 600 3458 641; x_wconf 77' lang='lat' dir='ltr'><strong>annun-</strong></span> 
     </span>
    </p>
   </div>
   <div class='ocr_carea' id='block_1_20' title="bbox 1863 672 3453 745">
    <p class='ocr_par' dir='ltr' id='par_1_20' title="bbox 1863 672 3453 745">
     <span class='ocr_line' id='line_1_20' title="bbox 1863 672 3453 745; baseline 0.001 -15"><span class='ocrx_word' id='word_1_152' title='bbox 1863 676 1999 730; x_wconf 88' lang='lat' dir='ltr'><strong>tiare</strong></span> <span class='ocrx_word' id='word_1_153' title='bbox 2026 675 2079 729; x_wconf 92' lang='lat' dir='ltr'><strong>in</strong></span> <span class='ocrx_word' id='word_1_154' title='bbox 2109 673 2276 741; x_wconf 77' lang='lat' dir='ltr'><strong>Geth,</strong></span> <span class='ocrx_word' id='word_1_155' title='bbox 2312 694 2331 726; x_wconf 75' lang='grc' dir='ltr'><strong>ι</strong></span> <span class='ocrx_word' id='word_1_156' title='bbox 2367 683 2474 730; x_wconf 88' lang='lat' dir='ltr'><strong>etc.</strong></span> <span class='ocrx_word' id='word_1_157' title='bbox 2503 672 2673 740; x_wconf 86' lang='lat' dir='ltr'><strong>Geth,</strong></span> <span class='ocrx_word' id='word_1_158' title='bbox 2705 688 2827 743; x_wconf 85' lang='lat' dir='ltr'><strong>quae</strong></span> <span class='ocrx_word' id='word_1_159' title='bbox 2858 673 3252 745; x_wconf 83' lang='lat' dir='ltr'><strong>interpretatur</strong></span> <span class='ocrx_word' id='word_1_160' title='bbox 3278 685 3453 733; x_wconf 84' lang='lat' dir='ltr'><strong>torcu-</strong></span> 
     </span>
    </p>
   </div>
   <div class='ocr_carea' id='block_1_21' title="bbox 1861 766 3457 842">
    <p class='ocr_par' dir='ltr' id='par_1_21' title="bbox 1861 766 3457 842">
     <span class='ocr_line' id='line_1_21' title="bbox 1861 766 3457 842; baseline 0.002 -19"><span class='ocrx_word' id='word_1_161' title='bbox 1861 768 1966 834; x_wconf 76' lang='grc' dir='ltr'>ιατ,</span> <span class='ocrx_word' id='word_1_162' title='bbox 2005 769 2274 840; x_wconf 84' lang='lat' dir='ltr'><strong>signiﬁcat</strong></span> <span class='ocrx_word' id='word_1_163' title='bbox 2302 775 2575 825; x_wconf 86' lang='lat' dir='ltr'><strong>terrenam</strong></span> <span class='ocrx_word' id='word_1_164' title='bbox 2605 766 2941 824; x_wconf 84' lang='lat' dir='ltr'><strong>Hierusalem</strong></span> <span class='ocrx_word' id='word_1_165' title='bbox 2983 768 3457 842; x_wconf 61' lang='lat' dir='ltr'><strong>civitatem&#39;,.qua:</strong></span> 
     </span>
    </p>
   </div>
   <div class='ocr_carea' id='block_1_22' title="bbox 1860 858 3455 934">
    <p class='ocr_par' dir='ltr' id='par_1_22' title="bbox 1860 858 3455 934">
     <span class='ocr_line' id='line_1_22' title="bbox 1860 858 3455 934; baseline 0.001 -17"><span class='ocrx_word' id='word_1_166' title='bbox 1860 861 2058 917; x_wconf 90' lang='lat' dir='ltr'><strong>occidit</strong></span> <span class='ocrx_word' id='word_1_167' title='bbox 2103 863 2436 932; x_wconf 84' lang='lat' dir='ltr'><strong>prophetas,</strong></span> <span class='ocrx_word' id='word_1_168' title='bbox 2484 870 2540 916; x_wconf 87' lang='lat' dir='ltr'><strong>et</strong></span> <span class='ocrx_word' id='word_1_169' title='bbox 2585 861 2845 931; x_wconf 84' lang='lat' dir='ltr'><strong>lapidavit</strong></span> <span class='ocrx_word' id='word_1_170' title='bbox 2891 875 2987 919; x_wconf 76' lang='lat' dir='ltr'><strong>eos</strong></span> <span class='ocrx_word' id='word_1_171' title='bbox 3031 863 3124 933; x_wconf 85' lang='lat' dir='ltr'><strong>qui</strong></span> <span class='ocrx_word' id='word_1_172' title='bbox 3175 863 3242 918; x_wconf 86' lang='lat' dir='ltr'><strong>ad</strong></span> <span class='ocrx_word' id='word_1_173' title='bbox 3276 858 3455 934; x_wconf 83' lang='lat' dir='ltr'><strong>ipsam</strong></span> 
     </span>
    </p>
   </div>
   <div class='ocr_carea' id='block_1_23' title="bbox 1861 951 3458 1025">
    <p class='ocr_par' dir='ltr' id='par_1_23' title="bbox 1861 951 3458 1025">
     <span class='ocr_line' id='line_1_23' title="bbox 1861 951 3458 1025; baseline -0.001 -16"><span class='ocrx_word' id='word_1_174' title='bbox 1861 954 2012 1009; x_wconf 88' lang='lat' dir='ltr'><strong>missi</strong></span> <span class='ocrx_word' id='word_1_175' title='bbox 2045 953 2262 1009; x_wconf 82' lang='lat' dir='ltr'><strong>fuerant</strong></span> <span class='ocrx_word' id='word_1_176' title='bbox 2303 952 2522 1025; x_wconf 77' lang='lat' dir='ltr'><strong>(Matth.</strong></span> <span class='ocrx_word' id='word_1_177' title='bbox 2563 951 2744 1024; x_wconf 76' lang='lat' dir='ltr'><strong>xxiii).</strong></span> <span class='ocrx_word' id='word_1_178' title='bbox 2777 952 2942 1025; x_wconf 87' lang='lat' dir='ltr'><strong>Cujus</strong></span> <span class='ocrx_word' id='word_1_179' title='bbox 2987 954 3228 1022; x_wconf 82' lang='lat' dir='ltr'><strong>civibus,</strong></span> <span class='ocrx_word' id='word_1_180' title='bbox 3275 955 3329 1010; x_wconf 92' lang='lat' dir='ltr'><strong>id</strong></span> <span class='ocrx_word' id='word_1_181' title='bbox 3373 965 3458 1013; x_wconf 83' lang='grc' dir='ltr'><strong>εει</strong></span> 
     </span>
    </p>
   </div>
   <div class='ocr_carea' id='block_1_24' title="bbox 1860 1045 3458 1119">
    <p class='ocr_par' dir='ltr' id='par_1_24' title="bbox 1860 1045 3458 1119">
     <span class='ocr_line' id='line_1_24' title="bbox 1860 1045 3458 1119; baseline 0.002 -18"><span class='ocrx_word' id='word_1_182' title='bbox 1860 1045 2060 1102; x_wconf 80' lang='lat' dir='ltr'><strong>Iudaeis</strong></span> <span class='ocrx_word' id='word_1_183' title='bbox 2073 1046 2386 1112; x_wconf 88' lang='lat' dir='ltr'><strong>incredulis,</strong></span> <span class='ocrx_word' id='word_1_184' title='bbox 2409 1061 2557 1102; x_wconf 84' lang='lat' dir='ltr'><strong>mors</strong></span> <span class='ocrx_word' id='word_1_185' title='bbox 2569 1046 2786 1103; x_wconf 90' lang='lat' dir='ltr'><strong>Domini</strong></span> <span class='ocrx_word' id='word_1_186' title='bbox 2806 1054 2971 1118; x_wconf 87' lang='lat' dir='ltr'><strong>atque</strong></span> <span class='ocrx_word' id='word_1_187' title='bbox 2994 1056 3308 1104; x_wconf 88' lang='lat' dir='ltr'><strong>sanctorum</strong></span> <span class='ocrx_word' id='word_1_188' title='bbox 3327 1063 3458 1119; x_wconf 86' lang='lat' dir='ltr'><strong>apo-</strong></span> 
     </span>
    </p>
   </div>
   <div class='ocr_carea' id='block_1_25' title="bbox 1862 1138 3457 1212">
    <p class='ocr_par' dir='ltr' id='par_1_25' title="bbox 1862 1138 3457 1212">
     <span class='ocr_line' id='line_1_25' title="bbox 1862 1138 3457 1212; baseline 0.001 -17"><span class='ocrx_word' id='word_1_189' title='bbox 1862 1139 2125 1195; x_wconf 89' lang='lat' dir='ltr'><strong>stolorum</strong></span> <span class='ocrx_word' id='word_1_190' title='bbox 2177 1139 2230 1193; x_wconf 93' lang='lat' dir='ltr'><strong>in</strong></span> <span class='ocrx_word' id='word_1_191' title='bbox 2278 1139 2520 1194; x_wconf 78' lang='lat' dir='ltr'><strong>derisum</strong></span> <span class='ocrx_word' id='word_1_192' title='bbox 2565 1138 2702 1194; x_wconf 86' lang='lat' dir='ltr'><strong>fuit:</strong></span> <span class='ocrx_word' id='word_1_193' title='bbox 2736 1145 2793 1194; x_wconf 89' lang='lat' dir='ltr'><strong>et</strong></span> <span class='ocrx_word' id='word_1_194' title='bbox 2826 1139 2897 1195; x_wconf 91' lang='lat' dir='ltr'><strong>ob</strong></span> <span class='ocrx_word' id='word_1_195' title='bbox 2936 1139 3040 1196; x_wconf 90' lang='lat' dir='ltr'><strong>hoc</strong></span> <span class='ocrx_word' id='word_1_196' title='bbox 3083 1140 3396 1212; x_wconf 73' lang='lat' dir='ltr'><strong>praecipitur</strong></span> <span class='ocrx_word' id='word_1_197' title='bbox 3425 1155 3457 1196; x_wconf 90' lang='lat' dir='ltr'><strong>a</strong></span> 
     </span>
    </p>
   </div>
   <div class='ocr_carea' id='block_1_26' title="bbox 1860 1229 3539 1306">
    <p class='ocr_par' dir='ltr' id='par_1_26' title="bbox 1860 1229 3539 1306">
     <span class='ocr_line' id='line_1_26' title="bbox 1860 1229 3539 1306; baseline 0.003 -21"><span class='ocrx_word' id='word_1_198' title='bbox 1860 1245 1992 1288; x_wconf 90' lang='lat' dir='ltr'><strong>vero</strong></span> <span class='ocrx_word' id='word_1_199' title='bbox 2018 1231 2210 1298; x_wconf 86' lang='lat' dir='ltr'><strong>David,</strong></span> <span class='ocrx_word' id='word_1_200' title='bbox 2233 1229 2452 1286; x_wconf 85' lang='lat' dir='ltr'><strong>Christo</strong></span> <span class='ocrx_word' id='word_1_201' title='bbox 2477 1231 2732 1287; x_wconf 85' lang='lat' dir='ltr'><strong>videlicet</strong></span> <span class='ocrx_word' id='word_1_202' title='bbox 2756 1231 2986 1288; x_wconf 90' lang='lat' dir='ltr'><strong>Domino</strong></span> <span class='ocrx_word' id='word_1_203' title='bbox 3003 1273 3019 1297; x_wconf 92' lang='lat'><strong>,</strong></span> <span class='ocrx_word' id='word_1_204' title='bbox 3050 1241 3111 1288; x_wconf 93' lang='lat' dir='ltr'><strong>ut</strong></span> <span class='ocrx_word' id='word_1_205' title='bbox 3134 1234 3315 1304; x_wconf 83' lang='lat' dir='ltr'><strong>passio</strong></span> <span class='ocrx_word' id='word_1_206' title='bbox 3339 1234 3460 1306; x_wconf 86' lang='lat' dir='ltr'><strong>ejus</strong></span> <span class='ocrx_word' id='word_1_207' title='bbox 3536 1304 3539 1306; x_wconf 23' lang='grc' dir='ltr'><strong>η</strong></span> 
     </span>
    </p>
   </div>
   <div class='ocr_carea' id='block_1_27' title="bbox 1861 1325 3456 1398">
    <p class='ocr_par' dir='ltr' id='par_1_27' title="bbox 1861 1325 3456 1398">
     <span class='ocr_line' id='line_1_27' title="bbox 1861 1325 3456 1398; baseline 0.002 -18"><span class='ocrx_word' id='word_1_208' title='bbox 1861 1341 1960 1396; x_wconf 88' lang='lat' dir='ltr'><strong>per</strong></span> <span class='ocrx_word' id='word_1_209' title='bbox 1986 1325 2326 1398; x_wconf 88' lang='lat' dir='ltr'><strong>evangelicos</strong></span> <span class='ocrx_word' id='word_1_210' title='bbox 2355 1325 2764 1395; x_wconf 76' lang='lat' dir='ltr'><strong>praedicatores,</strong></span> <span class='ocrx_word' id='word_1_211' title='bbox 2785 1325 2864 1381; x_wconf 91' lang='lat' dir='ltr'><strong>eis</strong></span> <span class='ocrx_word' id='word_1_212' title='bbox 2889 1325 3114 1382; x_wconf 88' lang='lat' dir='ltr'><strong>minime</strong></span> <span class='ocrx_word' id='word_1_213' title='bbox 3141 1327 3335 1383; x_wconf 88' lang='lat' dir='ltr'><strong>debeat</strong></span> <span class='ocrx_word' id='word_1_214' title='bbox 3359 1342 3456 1382; x_wconf 87' lang='lat' dir='ltr'><strong>an-</strong></span> 
     </span>
    </p>
   </div>
   <div class='ocr_carea' id='block_1_28' title="bbox 1863 1415 3458 1488">
    <p class='ocr_par' dir='ltr' id='par_1_28' title="bbox 1863 1415 3458 1488">
     <span class='ocr_line' id='line_1_28' title="bbox 1863 1415 3458 1488; baseline 0 -16"><span class='ocrx_word' id='word_1_215' title='bbox 1863 1418 2144 1472; x_wconf 89' lang='lat' dir='ltr'><strong>nuntiari:</strong></span> <span class='ocrx_word' id='word_1_216' title='bbox 2176 1417 2270 1488; x_wconf 89' lang='lat' dir='ltr'><strong>qui</strong></span> <span class='ocrx_word' id='word_1_217' title='bbox 2298 1416 2650 1472; x_wconf 88' lang='lat' dir='ltr'><strong>insultatores</strong></span> <span class='ocrx_word' id='word_1_218' title='bbox 2693 1416 2874 1473; x_wconf 90' lang='lat' dir='ltr'><strong>crucis</strong></span> <span class='ocrx_word' id='word_1_219' title='bbox 2911 1415 3112 1474; x_wconf 87' lang='lat' dir='ltr'><strong>Christi</strong></span> <span class='ocrx_word' id='word_1_220' title='bbox 3150 1417 3458 1474; x_wconf 88' lang='lat' dir='ltr'><strong>maluerunt</strong></span> 
     </span>
    </p>
   </div>
   <div class='ocr_carea' id='block_1_29' title="bbox 1863 1507 2904 1579">
    <p class='ocr_par' dir='ltr' id='par_1_29' title="bbox 1863 1507 2904 1579">
     <span class='ocr_line' id='line_1_29' title="bbox 1863 1507 2904 1579; baseline -0.004 -13"><span class='ocrx_word' id='word_1_221' title='bbox 1863 1523 1983 1566; x_wconf 83' lang='lat' dir='ltr'><strong>esse</strong></span> <span class='ocrx_word' id='word_1_222' title='bbox 2009 1523 2172 1579; x_wconf 90' lang='lat' dir='ltr'><strong>quam</strong></span> <span class='ocrx_word' id='word_1_223' title='bbox 2205 1517 2574 1565; x_wconf 88' lang='lat' dir='ltr'><strong>veneratores.</strong></span> <span class='ocrx_word' id='word_1_224' title='bbox 2608 1507 2904 1579; x_wconf 83' lang='lat' dir='ltr'><strong>Sequitur:</strong></span> 
     </span>
    </p>
   </div>
   <div class='ocr_carea' id='block_1_30' title="bbox 1938 1597 3468 1672">
    <p class='ocr_par' dir='ltr' id='par_1_30' title="bbox 1938 1597 3468 1672">
     <span class='ocr_line' id='line_1_30' title="bbox 1938 1597 3468 1672; baseline 0.004 -20"><span class='ocrx_word' id='word_1_225' title='bbox 1938 1619 1956 1652; x_wconf 71' lang='grc' dir='ltr'><strong>ι</strong></span> <span class='ocrx_word' id='word_1_226' title='bbox 1992 1601 2059 1656; x_wconf 85' lang='grc' dir='ltr'>Ει</span> <span class='ocrx_word' id='word_1_227' title='bbox 2084 1603 2160 1656; x_wconf 87' lang='lat' dir='ltr'><strong>ait</strong></span> <span class='ocrx_word' id='word_1_228' title='bbox 2185 1601 2353 1656; x_wconf 86' lang='lat' dir='ltr'><strong>David</strong></span> <span class='ocrx_word' id='word_1_229' title='bbox 2385 1618 2398 1655; x_wconf 95' lang='lat'><strong>:</strong></span> <span class='ocrx_word' id='word_1_230' title='bbox 2433 1600 2643 1656; x_wconf 78' lang='lat' dir='ltr'><strong>Montes</strong></span> <span class='ocrx_word' id='word_1_231' title='bbox 2675 1599 2898 1666; x_wconf 79' lang='lat' dir='ltr'><strong>Gelboe,</strong></span> <span class='ocrx_word' id='word_1_232' title='bbox 2934 1615 3036 1657; x_wconf 89' lang='lat' dir='ltr'><strong>nec</strong></span> <span class='ocrx_word' id='word_1_233' title='bbox 3060 1615 3182 1666; x_wconf 89' lang='lat' dir='ltr'><strong>ros,</strong></span> <span class='ocrx_word' id='word_1_234' title='bbox 3209 1615 3310 1657; x_wconf 90' lang='lat' dir='ltr'><strong>nec</strong></span> <span class='ocrx_word' id='word_1_235' title='bbox 3341 1597 3468 1672; x_wconf 16' lang='lat' dir='ltr'><strong>plu-i</strong></span> 
     </span>
    </p>
   </div>
   <div class='ocr_carea' id='block_1_31' title="bbox 1870 1694 3456 1767">
    <p class='ocr_par' dir='ltr' id='par_1_31' title="bbox 1870 1694 3456 1767">
     <span class='ocr_line' id='line_1_31' title="bbox 1870 1694 3456 1767; baseline 0.001 -19"><span class='ocrx_word' id='word_1_236' title='bbox 1870 1715 1888 1748; x_wconf 72' lang='grc' dir='ltr'><strong>ι</strong></span> <span class='ocrx_word' id='word_1_237' title='bbox 1919 1697 2007 1751; x_wconf 86' lang='lat' dir='ltr'><strong>via</strong></span> <span class='ocrx_word' id='word_1_238' title='bbox 2036 1697 2217 1752; x_wconf 88' lang='lat' dir='ltr'><strong>veniat</strong></span> <span class='ocrx_word' id='word_1_239' title='bbox 2245 1711 2410 1767; x_wconf 84' lang='lat' dir='ltr'><strong>super</strong></span> <span class='ocrx_word' id='word_1_240' title='bbox 2438 1707 2564 1761; x_wconf 87' lang='lat' dir='ltr'><strong>vos,</strong></span> <span class='ocrx_word' id='word_1_241' title='bbox 2602 1713 2621 1747; x_wconf 78' lang='grc' dir='ltr'><strong>ι</strong></span> <span class='ocrx_word' id='word_1_242' title='bbox 2651 1704 2707 1751; x_wconf 87' lang='grc' dir='ltr'><strong>ει</strong></span> <span class='ocrx_word' id='word_1_243' title='bbox 2744 1694 2972 1765; x_wconf 86' lang='lat' dir='ltr'><strong>reliqua.</strong></span> <span class='ocrx_word' id='word_1_244' title='bbox 3003 1694 3236 1766; x_wconf 77' lang='lat' dir='ltr'><strong>Propter</strong></span> <span class='ocrx_word' id='word_1_245' title='bbox 3268 1709 3456 1751; x_wconf 89' lang='lat' dir='ltr'><strong>casum</strong></span> 
     </span>
    </p>
   </div>
   <div class='ocr_carea' id='block_1_32' title="bbox 164 1786 3458 1863">
    <p class='ocr_par' dir='ltr' id='par_1_32' title="bbox 164 1786 3458 1863">
     <span class='ocr_line' id='line_1_32' title="bbox 164 1786 3458 1863; baseline -0.003 -10"><span class='ocrx_word' id='word_1_246' title='bbox 164 1803 362 1850; x_wconf 85' lang='lat' dir='ltr'><strong>contra</strong></span> <span class='ocrx_word' id='word_1_247' title='bbox 388 1793 679 1851; x_wconf 79' lang='lat' dir='ltr'><strong>Jeroboam</strong></span> <span class='ocrx_word' id='word_1_248' title='bbox 725 1793 895 1850; x_wconf 84' lang='lat' dir='ltr'><strong>lilium</strong></span> <span class='ocrx_word' id='word_1_249' title='bbox 935 1793 1109 1851; x_wconf 87' lang='lat' dir='ltr'><strong>Nabat</strong></span> <span class='ocrx_word' id='word_1_250' title='bbox 1134 1836 1149 1862; x_wconf 95' lang='lat'><strong>,</strong></span> <span class='ocrx_word' id='word_1_251' title='bbox 1179 1803 1236 1851; x_wconf 89' lang='lat' dir='ltr'><strong>et</strong></span> <span class='ocrx_word' id='word_1_252' title='bbox 1261 1794 1430 1850; x_wconf 90' lang='lat' dir='ltr'><strong>multa</strong></span> <span class='ocrx_word' id='word_1_253' title='bbox 1458 1793 1763 1863; x_wconf 76' lang='lat' dir='ltr'><strong>hujusmodi</strong></span> <span class='ocrx_word' id='word_1_254' title='bbox 1793 1787 1839 1846; x_wconf 89' lang='lat' dir='ltr'><strong>B</strong></span> <span class='ocrx_word' id='word_1_255' title='bbox 1867 1786 2089 1844; x_wconf 83' lang='lat' dir='ltr'><strong>fortium</strong></span> <span class='ocrx_word' id='word_1_256' title='bbox 2115 1830 2130 1854; x_wconf 94' lang='lat'><strong>,</strong></span> <span class='ocrx_word' id='word_1_257' title='bbox 2175 1797 2232 1844; x_wconf 90' lang='lat' dir='ltr'><strong>et</strong></span> <span class='ocrx_word' id='word_1_258' title='bbox 2276 1790 2488 1844; x_wconf 87' lang='lat' dir='ltr'><strong>ruinam</strong></span> <span class='ocrx_word' id='word_1_259' title='bbox 2517 1788 2702 1859; x_wconf 86' lang='lat' dir='ltr'><strong>populi</strong></span> <span class='ocrx_word' id='word_1_260' title='bbox 2733 1787 2850 1854; x_wconf 88' lang='lat' dir='ltr'><strong>sui,</strong></span> <span class='ocrx_word' id='word_1_261' title='bbox 2881 1789 3035 1859; x_wconf 87' lang='lat' dir='ltr'><strong>quasi</strong></span> <span class='ocrx_word' id='word_1_262' title='bbox 3067 1789 3357 1860; x_wconf 88' lang='lat' dir='ltr'><strong>indignans</strong></span> <span class='ocrx_word' id='word_1_263' title='bbox 3381 1789 3458 1844; x_wconf 45' lang='lat' dir='ltr'><strong>lo.</strong></span> 
     </span>
    </p>
   </div>
   <div class='ocr_carea' id='block_1_33' title="bbox 161 1889 1798 1964">
    <p class='ocr_par' dir='ltr' id='par_1_33' title="bbox 161 1889 1798 1964">
     <span class='ocr_line' id='line_1_33' title="bbox 161 1889 1798 1964; baseline 0.002 -20"><span class='ocrx_word' id='word_1_264' title='bbox 161 1889 470 1956; x_wconf 84' lang='lat' dir='ltr'><strong>volumina,</strong></span> <span class='ocrx_word' id='word_1_265' title='bbox 504 1905 624 1960; x_wconf 65' lang='lat' dir='ltr'><strong>quae</strong></span> <span class='ocrx_word' id='word_1_266' title='bbox 654 1889 940 1962; x_wconf 88' lang='lat' dir='ltr'><strong>Scriptura</strong></span> <span class='ocrx_word' id='word_1_267' title='bbox 966 1892 1184 1962; x_wconf 89' lang='lat' dir='ltr'><strong>quidem</strong></span> <span class='ocrx_word' id='word_1_268' title='bbox 1210 1892 1380 1948; x_wconf 88' lang='lat' dir='ltr'><strong>fuisse</strong></span> <span class='ocrx_word' id='word_1_269' title='bbox 1402 1893 1629 1964; x_wconf 86' lang='lat' dir='ltr'><strong>probat,</strong></span> <span class='ocrx_word' id='word_1_270' title='bbox 1667 1893 1762 1948; x_wconf 88' lang='lat' dir='ltr'><strong>sed</strong></span> <span class='ocrx_word' id='word_1_271' title='bbox 1793 1925 1798 1930; x_wconf 59' lang='grc' dir='ltr'><strong>ς</strong></span> 
     </span>
    </p>
   </div>
   <div class='ocr_carea' id='block_1_34' title="bbox 162 1984 1764 2060">
    <p class='ocr_par' dir='ltr' id='par_1_34' title="bbox 162 1984 1764 2060">
     <span class='ocr_line' id='line_1_34' title="bbox 162 1984 1764 2060; baseline 0.004 -20"><span class='ocrx_word' id='word_1_272' title='bbox 162 1984 334 2040; x_wconf 79' lang='lat' dir='ltr'><strong>hodie</strong></span> <span class='ocrx_word' id='word_1_273' title='bbox 352 1993 566 2041; x_wconf 84' lang='lat' dir='ltr'><strong>constat</strong></span> <span class='ocrx_word' id='word_1_274' title='bbox 595 2001 700 2040; x_wconf 87' lang='lat' dir='ltr'><strong>non</strong></span> <span class='ocrx_word' id='word_1_275' title='bbox 731 2000 872 2042; x_wconf 82' lang='lat' dir='ltr'><strong>esse.</strong></span> <span class='ocrx_word' id='word_1_276' title='bbox 907 1985 1132 2043; x_wconf 89' lang='lat' dir='ltr'><strong>Vastata</strong></span> <span class='ocrx_word' id='word_1_277' title='bbox 1163 2003 1399 2060; x_wconf 86' lang='lat' dir='ltr'><strong>namque</strong></span> <span class='ocrx_word' id='word_1_278' title='bbox 1435 2005 1466 2043; x_wconf 89' lang='lat' dir='ltr'><strong>a</strong></span> <span class='ocrx_word' id='word_1_279' title='bbox 1496 1989 1764 2046; x_wconf 86' lang='lat' dir='ltr'><strong>Chaldaeis</strong></span> 
     </span>
    </p>
   </div>
   <div class='ocr_carea' id='block_1_35' title="bbox 158 2073 1762 2155">
    <p class='ocr_par' dir='ltr' id='par_1_35' title="bbox 158 2073 1762 2155">
     <span class='ocr_line' id='line_1_35' title="bbox 158 2073 1762 2155; baseline 0.006 -25"><span class='ocrx_word' id='word_1_280' title='bbox 158 2073 378 2141; x_wconf 70' lang='lat' dir='ltr'><strong>Iudaea,</strong></span> <span class='ocrx_word' id='word_1_281' title='bbox 415 2077 579 2132; x_wconf 90' lang='lat' dir='ltr'><strong>etiam</strong></span> <span class='ocrx_word' id='word_1_282' title='bbox 605 2077 933 2136; x_wconf 86' lang='lat' dir='ltr'><strong>bibliotheca</strong></span> <span class='ocrx_word' id='word_1_283' title='bbox 963 2095 1083 2149; x_wconf 88' lang='lat' dir='ltr'><strong>quae</strong></span> <span class='ocrx_word' id='word_1_284' title='bbox 1104 2090 1189 2136; x_wconf 90' lang='lat' dir='ltr'><strong>est</strong></span> <span class='ocrx_word' id='word_1_285' title='bbox 1213 2082 1511 2152; x_wconf 87' lang='lat' dir='ltr'><strong>antiquitus</strong></span> <span class='ocrx_word' id='word_1_286' title='bbox 1540 2095 1762 2155; x_wconf 84' lang='lat' dir='ltr'><strong>congre-</strong></span> 
     </span>
    </p>
   </div>
   <div class='ocr_carea' id='block_1_36' title="bbox 157 2169 1766 2246">
    <p class='ocr_par' dir='ltr' id='par_1_36' title="bbox 157 2169 1766 2246">
     <span class='ocr_line' id='line_1_36' title="bbox 157 2169 1766 2246; baseline 0.007 -25"><span class='ocrx_word' id='word_1_287' title='bbox 157 2169 315 2239; x_wconf 77' lang='lat' dir='ltr'><strong>gata,</strong></span> <span class='ocrx_word' id='word_1_288' title='bbox 339 2169 483 2224; x_wconf 89' lang='lat' dir='ltr'><strong>inter</strong></span> <span class='ocrx_word' id='word_1_289' title='bbox 500 2170 637 2224; x_wconf 89' lang='lat' dir='ltr'><strong>alias</strong></span> <span class='ocrx_word' id='word_1_290' title='bbox 661 2173 956 2240; x_wconf 74' lang='lat' dir='ltr'><strong>provincia:</strong></span> <span class='ocrx_word' id='word_1_291' title='bbox 977 2187 1127 2242; x_wconf 89' lang='lat' dir='ltr'><strong>opes,</strong></span> <span class='ocrx_word' id='word_1_292' title='bbox 1155 2175 1336 2230; x_wconf 90' lang='lat' dir='ltr'><strong>hostili</strong></span> <span class='ocrx_word' id='word_1_293' title='bbox 1373 2175 1495 2246; x_wconf 85' lang='lat' dir='ltr'><strong>igne</strong></span> <span class='ocrx_word' id='word_1_294' title='bbox 1519 2191 1766 2232; x_wconf 89' lang='lat' dir='ltr'><strong>consum-</strong></span> 
     </span>
    </p>
   </div>
   <div class='ocr_carea' id='block_1_37' title="bbox 156 2263 1764 2337">
    <p class='ocr_par' dir='ltr' id='par_1_37' title="bbox 156 2263 1764 2337">
     <span class='ocr_line' id='line_1_37' title="bbox 156 2263 1764 2337; baseline 0.009 -27"><span class='ocrx_word' id='word_1_295' title='bbox 156 2265 260 2328; x_wconf 78' lang='lat' dir='ltr'><strong>pta</strong></span> <span class='ocrx_word' id='word_1_296' title='bbox 289 2266 394 2324; x_wconf 87' lang='lat' dir='ltr'><strong>est,</strong></span> <span class='ocrx_word' id='word_1_297' title='bbox 426 2275 493 2315; x_wconf 79' lang='lat' dir='ltr'><strong>ex</strong></span> <span class='ocrx_word' id='word_1_298' title='bbox 524 2275 629 2329; x_wconf 91' lang='lat' dir='ltr'><strong>qua</strong></span> <span class='ocrx_word' id='word_1_299' title='bbox 659 2263 815 2332; x_wconf 90' lang='lat' dir='ltr'><strong>pauci</strong></span> <span class='ocrx_word' id='word_1_300' title='bbox 845 2263 940 2332; x_wconf 87' lang='lat' dir='ltr'><strong>qui</strong></span> <span class='ocrx_word' id='word_1_301' title='bbox 984 2277 1127 2320; x_wconf 90' lang='lat' dir='ltr'><strong>nunc</strong></span> <span class='ocrx_word' id='word_1_302' title='bbox 1170 2265 1224 2319; x_wconf 90' lang='lat' dir='ltr'><strong>in</strong></span> <span class='ocrx_word' id='word_1_303' title='bbox 1255 2275 1439 2321; x_wconf 88' lang='lat' dir='ltr'><strong>sancta</strong></span> <span class='ocrx_word' id='word_1_304' title='bbox 1483 2265 1764 2337; x_wconf 89' lang='lat' dir='ltr'><strong>Scriptura</strong></span> 
     </span>
    </p>
   </div>
   <div class='ocr_carea' id='block_1_38' title="bbox 161 2348 1766 2425">
    <p class='ocr_par' dir='ltr' id='par_1_38' title="bbox 161 2348 1766 2425">
     <span class='ocr_line' id='line_1_38' title="bbox 161 2348 1766 2425; baseline 0.007 -22"><span class='ocrx_word' id='word_1_305' title='bbox 161 2348 516 2404; x_wconf 85' lang='lat' dir='ltr'><strong>continentur</strong></span> <span class='ocrx_word' id='word_1_306' title='bbox 562 2350 685 2406; x_wconf 90' lang='lat' dir='ltr'><strong>libri</strong></span> <span class='ocrx_word' id='word_1_307' title='bbox 725 2391 741 2418; x_wconf 95' lang='lat'><strong>,</strong></span> <span class='ocrx_word' id='word_1_308' title='bbox 801 2355 1143 2424; x_wconf 90' lang='lat' dir='ltr'><strong>postmodum</strong></span> <span class='ocrx_word' id='word_1_309' title='bbox 1194 2354 1347 2411; x_wconf 76' lang='lat' dir='ltr'><strong>Ezrae</strong></span> <span class='ocrx_word' id='word_1_310' title='bbox 1394 2357 1666 2425; x_wconf 77' lang='lat' dir='ltr'><strong>pontificis</strong></span> <span class='ocrx_word' id='word_1_311' title='bbox 1709 2367 1766 2414; x_wconf 92' lang='lat' dir='ltr'><strong>et</strong></span> 
     </span>
    </p>
   </div>
   <div class='ocr_carea' id='block_1_39' title="bbox 75 2441 1765 2522">
    <p class='ocr_par' dir='ltr' id='par_1_39' title="bbox 75 2441 1765 2522">
     <span class='ocr_line' id='line_1_39' title="bbox 75 2441 1765 2522; baseline 0.008 -28"><span class='ocrx_word' id='word_1_312' title='bbox 75 2485 86 2494; x_wconf 91' lang='lat'><strong>.</strong></span> <span class='ocrx_word' id='word_1_313' title='bbox 157 2441 444 2514; x_wconf 75' lang='lat' dir='ltr'><strong>prophetae</strong></span> <span class='ocrx_word' id='word_1_314' title='bbox 465 2453 590 2500; x_wconf 89' lang='lat' dir='ltr'><strong>sunt</strong></span> <span class='ocrx_word' id='word_1_315' title='bbox 611 2445 870 2502; x_wconf 86' lang='lat' dir='ltr'><strong>industria</strong></span> <span class='ocrx_word' id='word_1_316' title='bbox 895 2448 1205 2504; x_wconf 89' lang='lat' dir='ltr'><strong>restaurati.</strong></span> <span class='ocrx_word' id='word_1_317' title='bbox 1224 2448 1378 2506; x_wconf 90' lang='lat' dir='ltr'><strong>Unde</strong></span> <span class='ocrx_word' id='word_1_318' title='bbox 1397 2453 1659 2522; x_wconf 88' lang='lat' dir='ltr'><strong>scriptum</strong></span> <span class='ocrx_word' id='word_1_319' title='bbox 1680 2461 1765 2508; x_wconf 89' lang='lat' dir='ltr'><strong>est</strong></span> 
     </span>
    </p>
   </div>
   <div class='ocr_carea' id='block_1_40' title="bbox 160 2534 1762 2612">
    <p class='ocr_par' dir='ltr' id='par_1_40' title="bbox 160 2534 1762 2612">
     <span class='ocr_line' id='line_1_40' title="bbox 160 2534 1762 2612; baseline 0.005 -23"><span class='ocrx_word' id='word_1_320' title='bbox 160 2534 238 2589; x_wconf 86' lang='lat' dir='ltr'><strong>de</strong></span> <span class='ocrx_word' id='word_1_321' title='bbox 264 2549 330 2590; x_wconf 91' lang='lat' dir='ltr'><strong>eo</strong></span> <span class='ocrx_word' id='word_1_322' title='bbox 353 2553 366 2589; x_wconf 91' lang='lat'><strong>:</strong></span> <span class='ocrx_word' id='word_1_323' title='bbox 408 2553 426 2588; x_wconf 84' lang='grc'><em>‹</em></span> <span class='ocrx_word' id='word_1_324' title='bbox 453 2535 716 2591; x_wconf 79' lang='lat' dir='ltr'><strong>Ascendit</strong></span> <span class='ocrx_word' id='word_1_325' title='bbox 744 2537 912 2594; x_wconf 87' lang='lat' dir='ltr'><strong>Ezras</strong></span> <span class='ocrx_word' id='word_1_326' title='bbox 939 2539 1005 2594; x_wconf 89' lang='lat' dir='ltr'><strong>de</strong></span> <span class='ocrx_word' id='word_1_327' title='bbox 1029 2538 1325 2612; x_wconf 83' lang='lat' dir='ltr'><strong>Babylone,</strong></span> <span class='ocrx_word' id='word_1_328' title='bbox 1358 2545 1412 2596; x_wconf 91' lang='lat' dir='ltr'><strong>et</strong></span> <span class='ocrx_word' id='word_1_329' title='bbox 1441 2540 1557 2611; x_wconf 90' lang='lat' dir='ltr'><strong>ipse</strong></span> <span class='ocrx_word' id='word_1_330' title='bbox 1582 2541 1762 2598; x_wconf 89' lang='lat' dir='ltr'><strong>scriba</strong></span> 
     </span>
    </p>
   </div>
   <div class='ocr_carea' id='block_1_41' title="bbox 157 2627 1759 2704">
    <p class='ocr_par' dir='ltr' id='par_1_41' title="bbox 157 2627 1759 2704">
     <span class='ocr_line' id='line_1_41' title="bbox 157 2627 1759 2704; baseline 0.006 -21"><span class='ocrx_word' id='word_1_331' title='bbox 157 2627 328 2684; x_wconf 79' lang='lat' dir='ltr'><strong>velox</strong></span> <span class='ocrx_word' id='word_1_332' title='bbox 359 2629 411 2684; x_wconf 92' lang='lat' dir='ltr'><strong>in</strong></span> <span class='ocrx_word' id='word_1_333' title='bbox 435 2633 553 2700; x_wconf 88' lang='lat' dir='ltr'><strong>lege</strong></span> <span class='ocrx_word' id='word_1_334' title='bbox 579 2629 746 2702; x_wconf 82' lang='lat' dir='ltr'><strong>Moysi</strong></span> <span class='ocrx_word' id='word_1_335' title='bbox 776 2630 829 2702; x_wconf 88' lang='lat' dir='ltr'><strong>(I</strong></span> <span class='ocrx_word' id='word_1_336' title='bbox 867 2631 1026 2686; x_wconf 72' lang='lat' dir='ltr'><strong>Eutr.</strong></span> <span class='ocrx_word' id='word_1_337' title='bbox 1062 2632 1192 2704; x_wconf 88' lang='lat' dir='ltr'><strong>vn).</strong></span> <span class='ocrx_word' id='word_1_338' title='bbox 1224 2653 1242 2686; x_wconf 76' lang='grc' dir='ltr'><strong>ι</strong></span> <span class='ocrx_word' id='word_1_339' title='bbox 1283 2633 1448 2690; x_wconf 84' lang='lat' dir='ltr'><strong>Velox</strong></span> <span class='ocrx_word' id='word_1_340' title='bbox 1477 2635 1759 2702; x_wconf 90' lang='lat' dir='ltr'><strong>videlicet,</strong></span> 
     </span>
    </p>
   </div>
   <div class='ocr_carea' id='block_1_42' title="bbox 155 2721 1762 2800">
    <p class='ocr_par' dir='ltr' id='par_1_42' title="bbox 155 2721 1762 2800">
     <span class='ocr_line' id='line_1_42' title="bbox 155 2721 1762 2800; baseline 0.007 -25"><span class='ocrx_word' id='word_1_341' title='bbox 155 2721 297 2793; x_wconf 87' lang='lat' dir='ltr'><strong>quia</strong></span> <span class='ocrx_word' id='word_1_342' title='bbox 325 2724 684 2794; x_wconf 83' lang='lat' dir='ltr'><strong>promptiores</strong></span> <span class='ocrx_word' id='word_1_343' title='bbox 727 2725 1032 2782; x_wconf 89' lang='lat' dir='ltr'><strong>litterarum</strong></span> <span class='ocrx_word' id='word_1_344' title='bbox 1077 2727 1301 2798; x_wconf 75' lang='lat' dir='ltr'><strong>ﬁguras,</strong></span> <span class='ocrx_word' id='word_1_345' title='bbox 1341 2743 1504 2800; x_wconf 90' lang='lat' dir='ltr'><strong>quam</strong></span> <span class='ocrx_word' id='word_1_346' title='bbox 1537 2739 1762 2786; x_wconf 84' lang='lat' dir='ltr'><strong>eatenus</strong></span> 
     </span>
    </p>
   </div>
   <div class='ocr_carea' id='block_1_43' title="bbox 157 2813 1758 2895">
    <p class='ocr_par' dir='ltr' id='par_1_43' title="bbox 157 2813 1758 2895">
     <span class='ocr_line' id='line_1_43' title="bbox 157 2813 1758 2895; baseline 0.006 -26"><span class='ocrx_word' id='word_1_347' title='bbox 157 2813 382 2870; x_wconf 71' lang='lat' dir='ltr'><strong>Hebraei</strong></span> <span class='ocrx_word' id='word_1_348' title='bbox 433 2816 742 2883; x_wconf 91' lang='lat' dir='ltr'><strong>habebant,</strong></span> <span class='ocrx_word' id='word_1_349' title='bbox 771 2819 990 2888; x_wconf 89' lang='lat' dir='ltr'><strong>reperit.</strong></span> <span class='ocrx_word' id='word_1_350' title='bbox 1022 2819 1089 2874; x_wconf 86' lang='lat' dir='ltr'><strong>Et</strong></span> <span class='ocrx_word' id='word_1_351' title='bbox 1121 2819 1175 2875; x_wconf 92' lang='lat' dir='ltr'><strong>in</strong></span> <span class='ocrx_word' id='word_1_352' title='bbox 1199 2823 1422 2892; x_wconf 88' lang='lat' dir='ltr'><strong>epistola</strong></span> <span class='ocrx_word' id='word_1_353' title='bbox 1456 2823 1598 2895; x_wconf 80' lang='lat' dir='ltr'><strong>regis</strong></span> <span class='ocrx_word' id='word_1_354' title='bbox 1628 2821 1758 2880; x_wconf 90' lang='lat' dir='ltr'><strong>Per-</strong></span> 
     </span>
    </p>
   </div>
   <div class='ocr_carea' id='block_1_44' title="bbox 157 2907 1760 2987">
    <p class='ocr_par' dir='ltr' id='par_1_44' title="bbox 157 2907 1760 2987">
     <span class='ocr_line' id='line_1_44' title="bbox 157 2907 1760 2987; baseline 0.006 -24"><span class='ocrx_word' id='word_1_355' title='bbox 157 2921 352 2963; x_wconf 77' lang='lat' dir='ltr'><strong>sarum</strong></span> <span class='ocrx_word' id='word_1_356' title='bbox 387 2907 617 2980; x_wconf 89' lang='lat' dir='ltr'><strong>legitur:</strong></span> <span class='ocrx_word' id='word_1_357' title='bbox 657 2925 678 2961; x_wconf 72' lang='grc' dir='ltr'><strong>ι</strong></span> <span class='ocrx_word' id='word_1_358' title='bbox 703 2911 1036 2970; x_wconf 79' lang='lat' dir='ltr'><strong>Artaxerxes</strong></span> <span class='ocrx_word' id='word_1_359' title='bbox 1063 2929 1158 2970; x_wconf 83' lang='lat' dir='ltr'><strong>rex</strong></span> <span class='ocrx_word' id='word_1_360' title='bbox 1184 2931 1373 2987; x_wconf 85' lang='lat' dir='ltr'><strong>regum</strong></span> <span class='ocrx_word' id='word_1_361' title='bbox 1401 2915 1554 2972; x_wconf 77' lang='lat' dir='ltr'><strong>Ezr:e</strong></span> <span class='ocrx_word' id='word_1_362' title='bbox 1581 2931 1760 2974; x_wconf 86' lang='lat' dir='ltr'><strong>sacer-</strong></span> 
     </span>
    </p>
   </div>
   <div class='ocr_carea' id='block_1_45' title="bbox 155 3001 1753 3074">
    <p class='ocr_par' dir='ltr' id='par_1_45' title="bbox 155 3001 1753 3074">
     <span class='ocr_line' id='line_1_45' title="bbox 155 3001 1753 3074; baseline 0.004 -19"><span class='ocrx_word' id='word_1_363' title='bbox 155 3001 314 3067; x_wconf 89' lang='lat' dir='ltr'><strong>doti,</strong></span> <span class='ocrx_word' id='word_1_364' title='bbox 361 3002 555 3059; x_wconf 64' lang='lat' dir='ltr'><strong>scribre</strong></span> <span class='ocrx_word' id='word_1_365' title='bbox 599 3005 734 3074; x_wconf 80' lang='lat' dir='ltr'><strong>legis</strong></span> <span class='ocrx_word' id='word_1_366' title='bbox 779 3006 875 3061; x_wconf 92' lang='lat' dir='ltr'><strong>Dei</strong></span> <span class='ocrx_word' id='word_1_367' title='bbox 925 3007 1049 3063; x_wconf 67' lang='lat' dir='ltr'><strong>caeli</strong></span> <span class='ocrx_word' id='word_1_368' title='bbox 1091 3009 1403 3065; x_wconf 89' lang='lat' dir='ltr'><strong>doctissimo</strong></span> <span class='ocrx_word' id='word_1_369' title='bbox 1450 3010 1698 3066; x_wconf 89' lang='lat' dir='ltr'><strong>salutem.</strong></span> <span class='ocrx_word' id='word_1_370' title='bbox 1736 3031 1753 3061; x_wconf 73' lang='grc' dir='ltr'><strong>ι</strong></span> 
     </span>
    </p>
   </div>
   <div class='ocr_carea' id='block_1_46' title="bbox 157 3090 1760 3167">
    <p class='ocr_par' dir='ltr' id='par_1_46' title="bbox 157 3090 1760 3167">
     <span class='ocr_line' id='line_1_46' title="bbox 157 3090 1760 3167; baseline 0.003 -20"><span class='ocrx_word' id='word_1_371' title='bbox 157 3090 308 3147; x_wconf 88' lang='lat' dir='ltr'><strong>Sunt</strong></span> <span class='ocrx_word' id='word_1_372' title='bbox 333 3101 511 3149; x_wconf 88' lang='lat' dir='ltr'><strong>tamen</strong></span> <span class='ocrx_word' id='word_1_373' title='bbox 535 3095 626 3166; x_wconf 89' lang='lat' dir='ltr'><strong>qui</strong></span> <span class='ocrx_word' id='word_1_374' title='bbox 657 3097 872 3162; x_wconf 91' lang='lat' dir='ltr'><strong>dicunt,</strong></span> <span class='ocrx_word' id='word_1_375' title='bbox 900 3098 1046 3153; x_wconf 90' lang='lat' dir='ltr'><strong>hunc</strong></span> <span class='ocrx_word' id='word_1_376' title='bbox 1082 3098 1276 3154; x_wconf 89' lang='lat' dir='ltr'><strong>librum</strong></span> <span class='ocrx_word' id='word_1_377' title='bbox 1301 3099 1572 3167; x_wconf 87' lang='lat' dir='ltr'><strong>justorum</strong></span> <span class='ocrx_word' id='word_1_378' title='bbox 1602 3099 1760 3154; x_wconf 79' lang='lat' dir='ltr'><strong>intel-</strong></span> 
     </span>
    </p>
   </div>
   <div class='ocr_carea' id='block_1_47' title="bbox 156 3159 1835 3261">
    <p class='ocr_par' dir='ltr' id='par_1_47' title="bbox 156 3159 1835 3261">
     <span class='ocr_line' id='line_1_47' title="bbox 156 3159 1835 3261; baseline 0.007 -25"><span class='ocrx_word' id='word_1_379' title='bbox 156 3183 255 3254; x_wconf 84' lang='lat' dir='ltr'><strong>ligi</strong></span> <span class='ocrx_word' id='word_1_380' title='bbox 307 3184 506 3242; x_wconf 85' lang='lat' dir='ltr'><strong>debere</strong></span> <span class='ocrx_word' id='word_1_381' title='bbox 544 3159 722 3255; x_wconf 79' lang='lat' dir='ltr'><strong>ipsum</strong></span> <span class='ocrx_word' id='word_1_382' title='bbox 767 3159 966 3243; x_wconf 81' lang='lat' dir='ltr'><strong>librum</strong></span> <span class='ocrx_word' id='word_1_383' title='bbox 1006 3189 1234 3261; x_wconf 85' lang='lat' dir='ltr'><strong>Regum,</strong></span> <span class='ocrx_word' id='word_1_384' title='bbox 1277 3159 1370 3247; x_wconf 69' lang='lat' dir='ltr'><strong>tibi</strong></span> <span class='ocrx_word' id='word_1_385' title='bbox 1412 3193 1762 3247; x_wconf 85' lang='lat' dir='ltr'><strong>continentur</strong></span> <span class='ocrx_word' id='word_1_386' title='bbox 1790 3159 1835 3221; x_wconf 80' lang='lat' dir='ltr'>C</span> 
     </span>
    </p>
   </div>
   <div class='ocr_carea' id='block_1_48' title="bbox 154 3277 1759 3349">
    <p class='ocr_par' dir='ltr' id='par_1_48' title="bbox 154 3277 1759 3349">
     <span class='ocr_line' id='line_1_48' title="bbox 154 3277 1759 3349; baseline 0.006 -20"><span class='ocrx_word' id='word_1_387' title='bbox 154 3278 446 3346; x_wconf 82' lang='lat' dir='ltr'><strong>prophetae</strong></span> <span class='ocrx_word' id='word_1_388' title='bbox 481 3277 636 3348; x_wconf 85' lang='lat' dir='ltr'><strong>justi,</strong></span> <span class='ocrx_word' id='word_1_389' title='bbox 670 3277 890 3335; x_wconf 85' lang='lat' dir='ltr'><strong>Samuel</strong></span> <span class='ocrx_word' id='word_1_390' title='bbox 916 3281 1183 3348; x_wconf 88' lang='lat' dir='ltr'><strong>videlicet,</strong></span> <span class='ocrx_word' id='word_1_391' title='bbox 1211 3281 1328 3338; x_wconf 86' lang='lat' dir='ltr'><strong>Gad</strong></span> <span class='ocrx_word' id='word_1_392' title='bbox 1350 3289 1405 3338; x_wconf 89' lang='lat' dir='ltr'><strong>et</strong></span> <span class='ocrx_word' id='word_1_393' title='bbox 1437 3283 1674 3349; x_wconf 88' lang='lat' dir='ltr'><strong>Nathan,</strong></span> <span class='ocrx_word' id='word_1_394' title='bbox 1703 3283 1759 3338; x_wconf 91' lang='lat' dir='ltr'><strong>in</strong></span> 
     </span>
    </p>
   </div>
   <div class='ocr_carea' id='block_1_49' title="bbox 154 3368 1764 3439">
    <p class='ocr_par' dir='ltr' id='par_1_49' title="bbox 154 3368 1764 3439">
     <span class='ocr_line' id='line_1_49' title="bbox 154 3368 1764 3439; baseline 0.005 -19"><span class='ocrx_word' id='word_1_395' title='bbox 154 3379 277 3434; x_wconf 89' lang='lat' dir='ltr'><strong>quo</strong></span> <span class='ocrx_word' id='word_1_396' title='bbox 321 3368 582 3437; x_wconf 90' lang='lat' dir='ltr'><strong>scriptum</strong></span> <span class='ocrx_word' id='word_1_397' title='bbox 626 3378 740 3434; x_wconf 84' lang='lat' dir='ltr'><strong>est,</strong></span> <span class='ocrx_word' id='word_1_398' title='bbox 779 3371 1014 3439; x_wconf 88' lang='lat' dir='ltr'><strong>qualiter</strong></span> <span class='ocrx_word' id='word_1_399' title='bbox 1047 3371 1176 3427; x_wconf 87' lang='lat' dir='ltr'><strong>Saul</strong></span> <span class='ocrx_word' id='word_1_400' title='bbox 1207 3375 1467 3430; x_wconf 86' lang='lat' dir='ltr'><strong>recedens</strong></span> <span class='ocrx_word' id='word_1_401' title='bbox 1496 3389 1528 3428; x_wconf 91' lang='lat' dir='ltr'><strong>a</strong></span> <span class='ocrx_word' id='word_1_402' title='bbox 1568 3373 1764 3430; x_wconf 90' lang='lat' dir='ltr'><strong>timore</strong></span> 
     </span>
    </p>
   </div>
   <div class='ocr_carea' id='block_1_50' title="bbox 151 3454 1223 3532">
    <p class='ocr_par' dir='ltr' id='par_1_50' title="bbox 151 3454 1223 3532">
     <span class='ocr_line' id='line_1_50' title="bbox 151 3454 1223 3532; baseline 0.007 -22"><span class='ocrx_word' id='word_1_403' title='bbox 151 3454 268 3511; x_wconf 88' lang='lat' dir='ltr'><strong>Dei</strong></span> <span class='ocrx_word' id='word_1_404' title='bbox 297 3471 395 3526; x_wconf 88' lang='lat' dir='ltr'><strong>per</strong></span> <span class='ocrx_word' id='word_1_405' title='bbox 421 3458 834 3516; x_wconf 86' lang='lat' dir='ltr'><strong>inobedientiam</strong></span> <span class='ocrx_word' id='word_1_406' title='bbox 863 3475 1016 3516; x_wconf 86' lang='lat' dir='ltr'><strong>suam</strong></span> <span class='ocrx_word' id='word_1_407' title='bbox 1046 3463 1223 3532; x_wconf 89' lang='lat' dir='ltr'><strong>periit.</strong></span> 
     </span>
    </p>
   </div>
   <div class='ocr_carea' id='block_1_51' title="bbox 245 3546 1760 3624">
    <p class='ocr_par' dir='ltr' id='par_1_51' title="bbox 245 3546 1760 3624">
     <span class='ocr_line' id='line_1_51' title="bbox 245 3546 1760 3624; baseline 0.009 -26"><span class='ocrx_word' id='word_1_408' title='bbox 245 3566 265 3598; x_wconf 72' lang='grc' dir='ltr'><strong>ι</strong></span> <span class='ocrx_word' id='word_1_409' title='bbox 301 3546 492 3620; x_wconf 84' lang='lat' dir='ltr'><strong>Inclyti</strong></span> <span class='ocrx_word' id='word_1_410' title='bbox 522 3552 619 3616; x_wconf 92' lang='lat' dir='ltr'><strong>tui,</strong></span> <span class='ocrx_word' id='word_1_411' title='bbox 656 3551 843 3620; x_wconf 85' lang='lat' dir='ltr'><strong>Israel,</strong></span> <span class='ocrx_word' id='word_1_412' title='bbox 877 3568 1040 3624; x_wconf 91' lang='lat' dir='ltr'><strong>super</strong></span> <span class='ocrx_word' id='word_1_413' title='bbox 1071 3566 1283 3612; x_wconf 84' lang='lat' dir='ltr'><strong>montes</strong></span> <span class='ocrx_word' id='word_1_414' title='bbox 1326 3563 1446 3612; x_wconf 86' lang='lat' dir='ltr'><strong>tuos</strong></span> <span class='ocrx_word' id='word_1_415' title='bbox 1487 3557 1760 3614; x_wconf 80' lang='lat' dir='ltr'><strong>interfecti</strong></span> 
     </span>
    </p>
   </div>
   <div class='ocr_carea' id='block_1_52' title="bbox 164 3643 1756 3720">
    <p class='ocr_par' dir='ltr' id='par_1_52' title="bbox 164 3643 1756 3720">
     <span class='ocr_line' id='line_1_52' title="bbox 164 3643 1756 3720; baseline 0.006 -26"><span class='ocrx_word' id='word_1_416' title='bbox 164 3661 189 3694; x_wconf 76' lang='grc' dir='ltr'>ι</span> <span class='ocrx_word' id='word_1_417' title='bbox 227 3650 378 3696; x_wconf 89' lang='lat' dir='ltr'><strong>sunt.</strong></span> <span class='ocrx_word' id='word_1_418' title='bbox 422 3661 442 3694; x_wconf 73' lang='grc' dir='ltr'><strong>ι</strong></span> <span class='ocrx_word' id='word_1_419' title='bbox 475 3643 532 3699; x_wconf 92' lang='lat' dir='ltr'><strong>In</strong></span> <span class='ocrx_word' id='word_1_420' title='bbox 564 3643 794 3701; x_wconf 76' lang='lat' dir='ltr'><strong>Hebraeo</strong></span> <span class='ocrx_word' id='word_1_421' title='bbox 824 3645 1076 3714; x_wconf 88' lang='lat' dir='ltr'><strong>habetur,</strong></span> <span class='ocrx_word' id='word_1_422' title='bbox 1108 3667 1126 3700; x_wconf 78' lang='grc' dir='ltr'><strong>ι</strong></span> <span class='ocrx_word' id='word_1_423' title='bbox 1161 3661 1326 3720; x_wconf 85' lang='lat' dir='ltr'><strong>super</strong></span> <span class='ocrx_word' id='word_1_424' title='bbox 1351 3649 1567 3705; x_wconf 85' lang='lat' dir='ltr'><strong>excelsa</strong></span> <span class='ocrx_word' id='word_1_425' title='bbox 1592 3657 1706 3716; x_wconf 90' lang='lat' dir='ltr'><strong>tua,</strong></span> <span class='ocrx_word' id='word_1_426' title='bbox 1737 3669 1756 3703; x_wconf 72' lang='grc' dir='ltr'><strong>ι</strong></span> 
     </span>
    </p>
   </div>
   <div class='ocr_carea' id='block_1_53' title="bbox 157 3726 1764 3814">
    <p class='ocr_par' dir='ltr' id='par_1_53' title="bbox 157 3726 1764 3814">
     <span class='ocr_line' id='line_1_53' title="bbox 157 3726 1764 3814; baseline 0.004 -24"><span class='ocrx_word' id='word_1_427' title='bbox 157 3741 221 3790; x_wconf 85' lang='grc' dir='ltr'><strong>ει</strong></span> <span class='ocrx_word' id='word_1_428' title='bbox 265 3742 353 3789; x_wconf 86' lang='grc' dir='ltr'><strong>εει</strong></span> <span class='ocrx_word' id='word_1_429' title='bbox 392 3749 621 3791; x_wconf 87' lang='lat' dir='ltr'><strong>sensus:</strong></span> <span class='ocrx_word' id='word_1_430' title='bbox 652 3738 698 3792; x_wconf 91' lang='lat'><strong>0</strong></span> <span class='ocrx_word' id='word_1_431' title='bbox 727 3737 880 3805; x_wconf 87' lang='lat' dir='ltr'><strong>Saul,</strong></span> <span class='ocrx_word' id='word_1_432' title='bbox 913 3753 1078 3811; x_wconf 91' lang='lat' dir='ltr'><strong>super</strong></span> <span class='ocrx_word' id='word_1_433' title='bbox 1121 3726 1344 3796; x_wconf 79' lang='lat' dir='ltr'><strong>excelsa</strong></span> <span class='ocrx_word' id='word_1_434' title='bbox 1376 3749 1496 3807; x_wconf 82' lang='lat' dir='ltr'><strong>tua,</strong></span> <span class='ocrx_word' id='word_1_435' title='bbox 1541 3741 1764 3814; x_wconf 82' lang='lat' dir='ltr'><strong>gloriosi</strong></span> 
     </span>
    </p>
   </div>
   <div class='ocr_carea' id='block_1_54' title="bbox 155 3826 1764 3904">
    <p class='ocr_par' dir='ltr' id='par_1_54' title="bbox 155 3826 1764 3904">
     <span class='ocr_line' id='line_1_54' title="bbox 155 3826 1764 3904; baseline 0.006 -23"><span class='ocrx_word' id='word_1_436' title='bbox 155 3826 336 3882; x_wconf 88' lang='lat' dir='ltr'><strong>Israel</strong></span> <span class='ocrx_word' id='word_1_437' title='bbox 375 3828 646 3886; x_wconf 88' lang='lat' dir='ltr'><strong>interfecti</strong></span> <span class='ocrx_word' id='word_1_438' title='bbox 695 3841 858 3886; x_wconf 83' lang='lat' dir='ltr'><strong>sunt:</strong></span> <span class='ocrx_word' id='word_1_439' title='bbox 889 3832 1014 3902; x_wconf 91' lang='lat' dir='ltr'><strong>quia</strong></span> <span class='ocrx_word' id='word_1_440' title='bbox 1046 3833 1100 3887; x_wconf 91' lang='lat' dir='ltr'><strong>in</strong></span> <span class='ocrx_word' id='word_1_441' title='bbox 1143 3841 1366 3904; x_wconf 90' lang='lat' dir='ltr'><strong>peccato</strong></span> <span class='ocrx_word' id='word_1_442' title='bbox 1386 3833 1764 3890; x_wconf 72' lang='lat' dir='ltr'><strong>inobedientize</strong></span> 
     </span>
    </p>
   </div>
   <div class='ocr_carea' id='block_1_55' title="bbox 157 3922 1765 3995">
    <p class='ocr_par' dir='ltr' id='par_1_55' title="bbox 157 3922 1765 3995">
     <span class='ocr_line' id='line_1_55' title="bbox 157 3922 1765 3995; baseline 0.006 -23"><span class='ocrx_word' id='word_1_443' title='bbox 157 3928 298 3981; x_wconf 66' lang='lat' dir='ltr'><strong>tear,</strong></span> <span class='ocrx_word' id='word_1_444' title='bbox 325 3935 430 3973; x_wconf 90' lang='lat' dir='ltr'><strong>una</strong></span> <span class='ocrx_word' id='word_1_445' title='bbox 461 3928 639 3976; x_wconf 87' lang='lat' dir='ltr'><strong>tecum</strong></span> <span class='ocrx_word' id='word_1_446' title='bbox 670 3923 969 3993; x_wconf 90' lang='lat' dir='ltr'><strong>perierunt.</strong></span> <span class='ocrx_word' id='word_1_447' title='bbox 1003 3922 1372 3979; x_wconf 89' lang='lat' dir='ltr'><strong>lnobedientia</strong></span> <span class='ocrx_word' id='word_1_448' title='bbox 1406 3939 1640 3995; x_wconf 88' lang='lat' dir='ltr'><strong>namque</strong></span> <span class='ocrx_word' id='word_1_449' title='bbox 1667 3940 1765 3994; x_wconf 92' lang='lat' dir='ltr'><strong>pro</strong></span> 
     </span>
    </p>
   </div>
   <div class='ocr_carea' id='block_1_56' title="bbox 155 4010 1763 4084">
    <p class='ocr_par' dir='ltr' id='par_1_56' title="bbox 155 4010 1763 4084">
     <span class='ocr_line' id='line_1_56' title="bbox 155 4010 1763 4084; baseline 0.003 -18"><span class='ocrx_word' id='word_1_450' title='bbox 155 4010 351 4072; x_wconf 87' lang='lat' dir='ltr'><strong>idolis.</strong></span> <span class='ocrx_word' id='word_1_451' title='bbox 381 4011 432 4064; x_wconf 92' lang='lat' dir='ltr'><strong>id</strong></span> <span class='ocrx_word' id='word_1_452' title='bbox 465 4021 550 4068; x_wconf 86' lang='lat' dir='ltr'><strong>est</strong></span> <span class='ocrx_word' id='word_1_453' title='bbox 573 4013 822 4080; x_wconf 82' lang='lat' dir='ltr'><strong>excelsis,</strong></span> <span class='ocrx_word' id='word_1_454' title='bbox 851 4023 1098 4084; x_wconf 88' lang='lat' dir='ltr'><strong>reputata</strong></span> <span class='ocrx_word' id='word_1_455' title='bbox 1132 4024 1236 4082; x_wconf 90' lang='lat' dir='ltr'><strong>est,</strong></span> <span class='ocrx_word' id='word_1_456' title='bbox 1265 4016 1408 4071; x_wconf 90' lang='lat' dir='ltr'><strong>sicut</strong></span> <span class='ocrx_word' id='word_1_457' title='bbox 1433 4025 1516 4072; x_wconf 88' lang='lat' dir='ltr'><strong>est</strong></span> <span class='ocrx_word' id='word_1_458' title='bbox 1542 4016 1672 4071; x_wconf 91' lang='lat' dir='ltr'><strong>illud</strong></span> <span class='ocrx_word' id='word_1_459' title='bbox 1708 4018 1763 4071; x_wconf 92' lang='lat' dir='ltr'><strong>in</strong></span> 
     </span>
    </p>
   </div>
   <div class='ocr_carea' id='block_1_57' title="bbox 157 4101 1762 4180">
    <p class='ocr_par' dir='ltr' id='par_1_57' title="bbox 157 4101 1762 4180">
     <span class='ocr_line' id='line_1_57' title="bbox 157 4101 1762 4180; baseline 0.006 -25"><span class='ocrx_word' id='word_1_460' title='bbox 157 4101 312 4157; x_wconf 88' lang='lat' dir='ltr'><strong>libro</strong></span> <span class='ocrx_word' id='word_1_461' title='bbox 343 4101 611 4159; x_wconf 88' lang='lat' dir='ltr'><strong>Samuelis</strong></span> <span class='ocrx_word' id='word_1_462' title='bbox 638 4122 651 4158; x_wconf 85' lang='lat'><strong>:</strong></span> <span class='ocrx_word' id='word_1_463' title='bbox 683 4123 702 4155; x_wconf 75' lang='grc' dir='ltr'><strong>ι</strong></span> <span class='ocrx_word' id='word_1_464' title='bbox 739 4103 928 4161; x_wconf 81' lang='lat' dir='ltr'><strong>Melior</strong></span> <span class='ocrx_word' id='word_1_465' title='bbox 965 4115 1049 4162; x_wconf 88' lang='lat' dir='ltr'><strong>est</strong></span> <span class='ocrx_word' id='word_1_466' title='bbox 1075 4108 1220 4162; x_wconf 88' lang='lat' dir='ltr'><strong>enim</strong></span> <span class='ocrx_word' id='word_1_467' title='bbox 1257 4109 1567 4164; x_wconf 89' lang='lat' dir='ltr'><strong>obedientia</strong></span> <span class='ocrx_word' id='word_1_468' title='bbox 1599 4125 1762 4180; x_wconf 89' lang='lat' dir='ltr'><strong>quam</strong></span> 
     </span>
    </p>
   </div>
   <div class='ocr_carea' id='block_1_58' title="bbox 155 4193 1762 4270">
    <p class='ocr_par' dir='ltr' id='par_1_58' title="bbox 155 4193 1762 4270">
     <span class='ocr_line' id='line_1_58' title="bbox 155 4193 1762 4270; baseline 0.006 -24"><span class='ocrx_word' id='word_1_469' title='bbox 155 4193 446 4248; x_wconf 76' lang='lat' dir='ltr'><strong>victimae:</strong></span> <span class='ocrx_word' id='word_1_470' title='bbox 475 4202 530 4250; x_wconf 91' lang='lat' dir='ltr'><strong>et</strong></span> <span class='ocrx_word' id='word_1_471' title='bbox 558 4197 869 4253; x_wconf 88' lang='lat' dir='ltr'><strong>auscultare</strong></span> <span class='ocrx_word' id='word_1_472' title='bbox 902 4199 1093 4268; x_wconf 86' lang='lat' dir='ltr'><strong>magis,</strong></span> <span class='ocrx_word' id='word_1_473' title='bbox 1125 4214 1291 4269; x_wconf 90' lang='lat' dir='ltr'><strong>quam</strong></span> <span class='ocrx_word' id='word_1_474' title='bbox 1320 4199 1517 4255; x_wconf 82' lang='lat' dir='ltr'><strong>offerre</strong></span> <span class='ocrx_word' id='word_1_475' title='bbox 1549 4199 1762 4270; x_wconf 90' lang='lat' dir='ltr'><strong>adipem</strong></span> 
     </span>
    </p>
   </div>
   <div class='ocr_carea' id='block_1_59' title="bbox 157 4284 1762 4360">
    <p class='ocr_par' dir='ltr' id='par_1_59' title="bbox 157 4284 1762 4360">
     <span class='ocr_line' id='line_1_59' title="bbox 157 4284 1762 4360; baseline 0.003 -22"><span class='ocrx_word' id='word_1_476' title='bbox 157 4285 406 4339; x_wconf 82' lang='lat' dir='ltr'><strong>arietum</strong></span> <span class='ocrx_word' id='word_1_477' title='bbox 453 4284 506 4355; x_wconf 91' lang='lat' dir='ltr'><strong>(I</strong></span> <span class='ocrx_word' id='word_1_478' title='bbox 549 4284 678 4357; x_wconf 80' lang='lat' dir='ltr'><strong>Reg.</strong></span> <span class='ocrx_word' id='word_1_479' title='bbox 732 4288 844 4356; x_wconf 82' lang='lat' dir='ltr'><strong>xv).</strong></span> <span class='ocrx_word' id='word_1_480' title='bbox 896 4308 916 4341; x_wconf 75' lang='grc' dir='ltr'><strong>ι</strong></span> <span class='ocrx_word' id='word_1_481' title='bbox 959 4289 1229 4356; x_wconf 81' lang='lat' dir='ltr'><strong>Quoniam</strong></span> <span class='ocrx_word' id='word_1_482' title='bbox 1271 4291 1430 4359; x_wconf 86' lang='lat' dir='ltr'><strong>quasi</strong></span> <span class='ocrx_word' id='word_1_483' title='bbox 1482 4299 1762 4360; x_wconf 89' lang='lat' dir='ltr'><strong>peccatum</strong></span> 
     </span>
    </p>
   </div>
   <div class='ocr_carea' id='block_1_60' title="bbox 159 4375 1760 4450">
    <p class='ocr_par' dir='ltr' id='par_1_60' title="bbox 159 4375 1760 4450">
     <span class='ocr_line' id='line_1_60' title="bbox 159 4375 1760 4450; baseline 0.006 -22"><span class='ocrx_word' id='word_1_484' title='bbox 159 4375 442 4430; x_wconf 85' lang='lat' dir='ltr'><strong>ariolandi</strong></span> <span class='ocrx_word' id='word_1_485' title='bbox 480 4384 564 4430; x_wconf 89' lang='lat' dir='ltr'><strong>est</strong></span> <span class='ocrx_word' id='word_1_486' title='bbox 602 4390 926 4448; x_wconf 87' lang='lat' dir='ltr'><strong>repugnare,</strong></span> <span class='ocrx_word' id='word_1_487' title='bbox 950 4387 1006 4434; x_wconf 90' lang='lat' dir='ltr'><strong>et</strong></span> <span class='ocrx_word' id='word_1_488' title='bbox 1027 4380 1182 4450; x_wconf 85' lang='lat' dir='ltr'><strong>quasi</strong></span> <span class='ocrx_word' id='word_1_489' title='bbox 1216 4380 1396 4436; x_wconf 90' lang='lat' dir='ltr'><strong>scelus</strong></span> <span class='ocrx_word' id='word_1_490' title='bbox 1424 4380 1760 4446; x_wconf 70' lang='lat' dir='ltr'><strong>idololatriae,</strong></span> 
     </span>
    </p>
   </div>
   <div class='ocr_carea' id='block_1_61' title="bbox 159 4464 1154 4538">
    <p class='ocr_par' dir='ltr' id='par_1_61' title="bbox 159 4464 1154 4538">
     <span class='ocr_line' id='line_1_61' title="bbox 159 4464 1154 4538; baseline 0.003 -18"><span class='ocrx_word' id='word_1_491' title='bbox 159 4464 319 4520; x_wconf 69' lang='lat' dir='ltr'><strong>nolle</strong></span> <span class='ocrx_word' id='word_1_492' title='bbox 345 4466 712 4535; x_wconf 81' lang='lat' dir='ltr'><strong>acquiescere.</strong></span> <span class='ocrx_word' id='word_1_493' title='bbox 736 4465 844 4522; x_wconf 87' lang='lat' dir='ltr'><strong>Sed</strong></span> <span class='ocrx_word' id='word_1_494' title='bbox 869 4469 1014 4538; x_wconf 88' lang='lat' dir='ltr'><strong>quod</strong></span> <span class='ocrx_word' id='word_1_495' title='bbox 1038 4471 1154 4525; x_wconf 87' lang='lat' dir='ltr'><strong>ait:</strong></span> 
     </span>
    </p>
   </div>
   <div class='ocr_carea' id='block_1_62' title="bbox 249 4558 1762 4634">
    <p class='ocr_par' dir='ltr' id='par_1_62' title="bbox 249 4558 1762 4634">
     <span class='ocr_line' id='line_1_62' title="bbox 249 4558 1762 4634; baseline 0.006 -23"><span class='ocrx_word' id='word_1_496' title='bbox 249 4579 266 4611; x_wconf 78' lang='grc' dir='ltr'><strong>ι</strong></span> <span class='ocrx_word' id='word_1_497' title='bbox 313 4558 488 4615; x_wconf 88' lang='lat' dir='ltr'><strong>Nolite</strong></span> <span class='ocrx_word' id='word_1_498' title='bbox 514 4562 840 4617; x_wconf 83' lang='lat' dir='ltr'><strong>annuntiare</strong></span> <span class='ocrx_word' id='word_1_499' title='bbox 867 4563 921 4617; x_wconf 91' lang='lat' dir='ltr'><strong>in</strong></span> <span class='ocrx_word' id='word_1_500' title='bbox 946 4562 1108 4631; x_wconf 86' lang='lat' dir='ltr'><strong>Ceth,</strong></span> <span class='ocrx_word' id='word_1_501' title='bbox 1143 4579 1318 4634; x_wconf 89' lang='lat' dir='ltr'><strong>neque</strong></span> <span class='ocrx_word' id='word_1_502' title='bbox 1343 4565 1678 4621; x_wconf 87' lang='lat' dir='ltr'><strong>annuntietis</strong></span> <span class='ocrx_word' id='word_1_503' title='bbox 1709 4566 1762 4620; x_wconf 92' lang='lat' dir='ltr'><strong>in</strong></span> 
     </span>
    </p>
   </div>
   <div class='ocr_carea' id='block_1_63' title="bbox 166 4650 1766 4728">
    <p class='ocr_par' dir='ltr' id='par_1_63' title="bbox 166 4650 1766 4728">
     <span class='ocr_line' id='line_1_63' title="bbox 166 4650 1766 4728; baseline 0.006 -26"><span class='ocrx_word' id='word_1_504' title='bbox 166 4670 190 4701; x_wconf 72' lang='grc' dir='ltr'><strong>ε</strong></span> <span class='ocrx_word' id='word_1_505' title='bbox 229 4651 490 4719; x_wconf 88' lang='lat' dir='ltr'><strong>compitis</strong></span> <span class='ocrx_word' id='word_1_506' title='bbox 508 4650 824 4718; x_wconf 78' lang='lat' dir='ltr'><strong>Ascalonis,</strong></span> <span class='ocrx_word' id='word_1_507' title='bbox 859 4673 878 4708; x_wconf 80' lang='grc' dir='ltr'><strong>ι</strong></span> <span class='ocrx_word' id='word_1_508' title='bbox 906 4661 1040 4721; x_wconf 84' lang='lat' dir='ltr'><strong>etc.,</strong></span> <span class='ocrx_word' id='word_1_509' title='bbox 1073 4657 1469 4726; x_wconf 81' lang='lat' dir='ltr'><strong>obstupescens</strong></span> <span class='ocrx_word' id='word_1_510' title='bbox 1502 4659 1766 4728; x_wconf 88' lang='lat' dir='ltr'><strong>propheta</strong></span> 
     </span>
    </p>
   </div>
   <div class='ocr_carea' id='block_1_64' title="bbox 159 4741 1767 4818">
    <p class='ocr_par' dir='ltr' id='par_1_64' title="bbox 159 4741 1767 4818">
     <span class='ocr_line' id='line_1_64' title="bbox 159 4741 1767 4818; baseline 0.006 -24"><span class='ocrx_word' id='word_1_511' title='bbox 159 4741 404 4811; x_wconf 83' lang='lat' dir='ltr'><strong>ingemit</strong></span> <span class='ocrx_word' id='word_1_512' title='bbox 433 4742 776 4799; x_wconf 87' lang='lat' dir='ltr'><strong>subitaneum</strong></span> <span class='ocrx_word' id='word_1_513' title='bbox 802 4761 992 4801; x_wconf 90' lang='lat' dir='ltr'><strong>casum</strong></span> <span class='ocrx_word' id='word_1_514' title='bbox 1018 4747 1322 4818; x_wconf 88' lang='lat' dir='ltr'><strong>principum</strong></span> <span class='ocrx_word' id='word_1_515' title='bbox 1353 4747 1532 4818; x_wconf 91' lang='lat' dir='ltr'><strong>populi</strong></span> <span class='ocrx_word' id='word_1_516' title='bbox 1576 4749 1682 4813; x_wconf 90' lang='lat' dir='ltr'><strong>sui,</strong></span> <span class='ocrx_word' id='word_1_517' title='bbox 1710 4758 1767 4804; x_wconf 86' lang='lat' dir='ltr'><strong>et</strong></span> 
     </span>
    </p>
   </div>
   <div class='ocr_carea' id='block_1_65' title="bbox 159 4832 1764 4912">
    <p class='ocr_par' dir='ltr' id='par_1_65' title="bbox 159 4832 1764 4912">
     <span class='ocr_line' id='line_1_65' title="bbox 159 4832 1764 4912; baseline 0.007 -26"><span class='ocrx_word' id='word_1_518' title='bbox 159 4832 430 4904; x_wconf 84' lang='lat' dir='ltr'><strong>prohibet</strong></span> <span class='ocrx_word' id='word_1_519' title='bbox 470 4849 538 4890; x_wconf 91' lang='lat' dir='ltr'><strong>ne</strong></span> <span class='ocrx_word' id='word_1_520' title='bbox 572 4836 712 4892; x_wconf 92' lang='lat' dir='ltr'><strong>ullus</strong></span> <span class='ocrx_word' id='word_1_521' title='bbox 739 4837 970 4894; x_wconf 82' lang='lat' dir='ltr'><strong>lactetur</strong></span> <span class='ocrx_word' id='word_1_522' title='bbox 996 4840 1052 4895; x_wconf 91' lang='lat' dir='ltr'><strong>in</strong></span> <span class='ocrx_word' id='word_1_523' title='bbox 1080 4841 1175 4896; x_wconf 89' lang='lat' dir='ltr'><strong>tali</strong></span> <span class='ocrx_word' id='word_1_524' title='bbox 1215 4856 1376 4908; x_wconf 89' lang='lat' dir='ltr'><strong>casu,</strong></span> <span class='ocrx_word' id='word_1_525' title='bbox 1415 4857 1592 4912; x_wconf 90' lang='lat' dir='ltr'><strong>neque</strong></span> <span class='ocrx_word' id='word_1_526' title='bbox 1621 4842 1764 4898; x_wconf 89' lang='lat' dir='ltr'><strong>fama</strong></span> 
     </span>
    </p>
   </div>
   <div class='ocr_carea' id='block_1_66' title="bbox 163 4923 1770 4996">
    <p class='ocr_par' dir='ltr' id='par_1_66' title="bbox 163 4923 1770 4996">
     <span class='ocr_line' id='line_1_66' title="bbox 163 4923 1770 4996; baseline 0.007 -19"><span class='ocrx_word' id='word_1_527' title='bbox 163 4923 280 4980; x_wconf 78' lang='lat' dir='ltr'><strong>hoc</strong></span> <span class='ocrx_word' id='word_1_528' title='bbox 311 4923 548 4996; x_wconf 80' lang='lat' dir='ltr'><strong>divulget</strong></span> <span class='ocrx_word' id='word_1_529' title='bbox 585 4927 638 4982; x_wconf 91' lang='lat' dir='ltr'><strong>in</strong></span> <span class='ocrx_word' id='word_1_530' title='bbox 675 4927 922 4984; x_wconf 87' lang='lat' dir='ltr'><strong>civitates</strong></span> <span class='ocrx_word' id='word_1_531' title='bbox 963 4929 1324 4986; x_wconf 89' lang='lat' dir='ltr'><strong>inimicorum.</strong></span> <span class='ocrx_word' id='word_1_532' title='bbox 1355 4931 1495 4987; x_wconf 85' lang='lat' dir='ltr'><strong>Geth</strong></span> <span class='ocrx_word' id='word_1_533' title='bbox 1531 4934 1675 4988; x_wconf 87' lang='lat' dir='ltr'><strong>enim</strong></span> <span class='ocrx_word' id='word_1_534' title='bbox 1715 4943 1770 4989; x_wconf 88' lang='lat' dir='ltr'><strong>et</strong></span> 
     </span>
    </p>
   </div>
   <div class='ocr_carea' id='block_1_67' title="bbox 163 5020 1771 5097">
    <p class='ocr_par' dir='ltr' id='par_1_67' title="bbox 163 5020 1771 5097">
     <span class='ocr_line' id='line_1_67' title="bbox 163 5020 1771 5097; baseline 0.004 -19"><span class='ocrx_word' id='word_1_535' title='bbox 163 5020 444 5086; x_wconf 84' lang='lat' dir='ltr'><strong>Ascalou,</strong></span> <span class='ocrx_word' id='word_1_536' title='bbox 478 5021 644 5079; x_wconf 81' lang='lat' dir='ltr'><strong>urbes</strong></span> <span class='ocrx_word' id='word_1_537' title='bbox 671 5032 798 5080; x_wconf 91' lang='lat' dir='ltr'><strong>sunt</strong></span> <span class='ocrx_word' id='word_1_538' title='bbox 823 5025 1248 5097; x_wconf 83' lang='lat' dir='ltr'><strong>Aliophylorum.</strong></span> <span class='ocrx_word' id='word_1_539' title='bbox 1285 5026 1561 5084; x_wconf 86' lang='lat' dir='ltr'><strong>Hactenus</strong></span> <span class='ocrx_word' id='word_1_540' title='bbox 1597 5031 1771 5086; x_wconf 79' lang='lat' dir='ltr'><strong>histo-</strong></span> 
     </span>
    </p>
   </div>
   <div class='ocr_carea' id='block_1_68' title="bbox 163 5113 1766 5194">
    <p class='ocr_par' dir='ltr' id='par_1_68' title="bbox 163 5113 1766 5194">
     <span class='ocr_line' id='line_1_68' title="bbox 163 5113 1766 5194; baseline 0.006 -26"><span class='ocrx_word' id='word_1_541' title='bbox 163 5113 340 5177; x_wconf 85' lang='lat' dir='ltr'><strong>riam,</strong></span> <span class='ocrx_word' id='word_1_542' title='bbox 371 5125 518 5170; x_wconf 77' lang='lat' dir='ltr'><strong>none</strong></span> <span class='ocrx_word' id='word_1_543' title='bbox 537 5115 668 5185; x_wconf 86' lang='lat' dir='ltr'><strong>quid</strong></span> <span class='ocrx_word' id='word_1_544' title='bbox 693 5116 982 5187; x_wconf 87' lang='lat' dir='ltr'><strong>allegorice</strong></span> <span class='ocrx_word' id='word_1_545' title='bbox 1009 5119 1307 5192; x_wconf 79' lang='lat' dir='ltr'><strong>signiﬁcet,</strong></span> <span class='ocrx_word' id='word_1_546' title='bbox 1359 5120 1766 5194; x_wconf 89' lang='lat' dir='ltr'><strong>subjungamus.</strong></span> 
     </span>
    </p>
   </div>
   <div class='ocr_carea' id='block_1_69' title="bbox 160 5205 1774 5281">
    <p class='ocr_par' dir='ltr' id='par_1_69' title="bbox 160 5205 1774 5281">
     <span class='ocr_line' id='line_1_69' title="bbox 160 5205 1774 5281; baseline 0.008 -22"><span class='ocrx_word' id='word_1_547' title='bbox 160 5205 268 5260; x_wconf 81' lang='lat' dir='ltr'><strong>Ait</strong></span> <span class='ocrx_word' id='word_1_548' title='bbox 299 5220 531 5276; x_wconf 82' lang='lat' dir='ltr'><strong>namque</strong></span> <span class='ocrx_word' id='word_1_549' title='bbox 555 5222 576 5261; x_wconf 82' lang='lat'><strong>:</strong></span> <span class='ocrx_word' id='word_1_550' title='bbox 606 5226 626 5258; x_wconf 76' lang='grc' dir='ltr'><strong>ι</strong></span> <span class='ocrx_word' id='word_1_551' title='bbox 659 5206 727 5263; x_wconf 84' lang='grc' dir='ltr'>Ει</span> <span class='ocrx_word' id='word_1_552' title='bbox 756 5211 1015 5281; x_wconf 64' lang='lat' dir='ltr'><strong>praecepit</strong></span> <span class='ocrx_word' id='word_1_553' title='bbox 1046 5209 1216 5266; x_wconf 84' lang='lat' dir='ltr'><strong>David</strong></span> <span class='ocrx_word' id='word_1_554' title='bbox 1244 5219 1304 5266; x_wconf 89' lang='lat' dir='ltr'><strong>ut</strong></span> <span class='ocrx_word' id='word_1_555' title='bbox 1333 5213 1592 5268; x_wconf 89' lang='lat' dir='ltr'><strong>docerent</strong></span> <span class='ocrx_word' id='word_1_556' title='bbox 1633 5214 1774 5272; x_wconf 86' lang='lat' dir='ltr'><strong>ﬁlios</strong></span> 
     </span>
    </p>
   </div>
   <div class='ocr_carea' id='block_1_70' title="bbox 163 5296 1770 5378">
    <p class='ocr_par' dir='ltr' id='par_1_70' title="bbox 163 5296 1770 5378">
     <span class='ocr_line' id='line_1_70' title="bbox 163 5296 1770 5378; baseline 0.007 -26"><span class='ocrx_word' id='word_1_557' title='bbox 163 5296 340 5364; x_wconf 81' lang='lat' dir='ltr'><strong>Juda,</strong></span> <span class='ocrx_word' id='word_1_558' title='bbox 377 5317 396 5349; x_wconf 71' lang='grc' dir='ltr'><strong>ι</strong></span> <span class='ocrx_word' id='word_1_559' title='bbox 430 5308 484 5354; x_wconf 90' lang='lat' dir='ltr'><strong>et</strong></span> <span class='ocrx_word' id='word_1_560' title='bbox 511 5299 742 5371; x_wconf 86' lang='lat' dir='ltr'><strong>reliqua.</strong></span> <span class='ocrx_word' id='word_1_561' title='bbox 767 5300 892 5357; x_wconf 85' lang='lat' dir='ltr'><strong>Filii</strong></span> <span class='ocrx_word' id='word_1_562' title='bbox 921 5303 1060 5359; x_wconf 74' lang='lat' dir='ltr'><strong>Iuda</strong></span> <span class='ocrx_word' id='word_1_563' title='bbox 1088 5303 1467 5378; x_wconf 89' lang='lat' dir='ltr'><strong>intelliguntur</strong></span> <span class='ocrx_word' id='word_1_564' title='bbox 1504 5307 1686 5376; x_wconf 79' lang='lat' dir='ltr'><strong>ﬁdeles</strong></span> <span class='ocrx_word' id='word_1_565' title='bbox 1717 5309 1770 5363; x_wconf 81' lang='lat' dir='ltr'><strong>in</strong></span> 
     </span>
    </p>
   </div>
   <div class='ocr_carea' id='block_1_71' title="bbox 165 5387 1770 5472">
    <p class='ocr_par' dir='ltr' id='par_1_71' title="bbox 165 5387 1770 5472">
     <span class='ocr_line' id='line_1_71' title="bbox 165 5387 1770 5472; baseline 0.009 -30"><span class='ocrx_word' id='word_1_566' title='bbox 165 5387 419 5445; x_wconf 73' lang='lat' dir='ltr'><strong>Ecclesia</strong></span> <span class='ocrx_word' id='word_1_567' title='bbox 438 5433 452 5458; x_wconf 94' lang='lat'><strong>,</strong></span> <span class='ocrx_word' id='word_1_568' title='bbox 483 5391 756 5449; x_wconf 75' lang='lat' dir='ltr'><strong>Christum</strong></span> <span class='ocrx_word' id='word_1_569' title='bbox 779 5395 1064 5452; x_wconf 81' lang='lat' dir='ltr'><strong>Dominum</strong></span> <span class='ocrx_word' id='word_1_570' title='bbox 1101 5400 1406 5468; x_wconf 77' lang='lat' dir='ltr'><strong>conﬁtentes</strong></span> <span class='ocrx_word' id='word_1_571' title='bbox 1429 5417 1448 5455; x_wconf 90' lang='lat'><strong>:</strong></span> <span class='ocrx_word' id='word_1_572' title='bbox 1477 5401 1545 5456; x_wconf 90' lang='lat' dir='ltr'><strong>de</strong></span> <span class='ocrx_word' id='word_1_573' title='bbox 1572 5403 1770 5472; x_wconf 82' lang='lat' dir='ltr'><strong>quibus</strong></span> 
     </span>
    </p>
   </div>
   <div class='ocr_carea' id='block_1_72' title="bbox 167 5476 1767 5568">
    <p class='ocr_par' dir='ltr' id='par_1_72' title="bbox 167 5476 1767 5568">
     <span class='ocr_line' id='line_1_72' title="bbox 167 5476 1767 5568; baseline 0.004 -25"><span class='ocrx_word' id='word_1_574' title='bbox 167 5502 346 5543; x_wconf 84' lang='lat' dir='ltr'><strong>verus</strong></span> <span class='ocrx_word' id='word_1_575' title='bbox 375 5476 563 5555; x_wconf 80' lang='lat' dir='ltr'><strong>David,</strong></span> <span class='ocrx_word' id='word_1_576' title='bbox 589 5490 642 5546; x_wconf 90' lang='lat' dir='ltr'><strong>id</strong></span> <span class='ocrx_word' id='word_1_577' title='bbox 670 5498 753 5546; x_wconf 90' lang='lat' dir='ltr'><strong>est</strong></span> <span class='ocrx_word' id='word_1_578' title='bbox 777 5505 942 5548; x_wconf 89' lang='lat' dir='ltr'><strong>manu</strong></span> <span class='ocrx_word' id='word_1_579' title='bbox 970 5492 1128 5549; x_wconf 69' lang='lat' dir='ltr'><strong>fortis</strong></span> <span class='ocrx_word' id='word_1_580' title='bbox 1163 5493 1446 5562; x_wconf 89' lang='lat' dir='ltr'><strong>Dominus,</strong></span> <span class='ocrx_word' id='word_1_581' title='bbox 1475 5497 1767 5568; x_wconf 68' lang='lat' dir='ltr'><strong>praecepit,</strong></span> 
     </span>
    </p>
   </div>
   <div class='ocr_carea' id='block_1_73' title="bbox 162 5583 1772 5663">
    <p class='ocr_par' dir='ltr' id='par_1_73' title="bbox 162 5583 1772 5663">
     <span class='ocr_line' id='line_1_73' title="bbox 162 5583 1772 5663; baseline 0.007 -26"><span class='ocrx_word' id='word_1_582' title='bbox 162 5591 236 5638; x_wconf 84' lang='lat' dir='ltr'><strong>ut</strong></span> <span class='ocrx_word' id='word_1_583' title='bbox 259 5595 393 5636; x_wconf 88' lang='lat' dir='ltr'><strong>arcu</strong></span> <span class='ocrx_word' id='word_1_584' title='bbox 414 5583 994 5658; x_wconf 73' lang='lat' dir='ltr'><strong>divinrcintelligentiae</strong></span> <span class='ocrx_word' id='word_1_585' title='bbox 1022 5588 1129 5644; x_wconf 89' lang='lat' dir='ltr'><strong>sint</strong></span> <span class='ocrx_word' id='word_1_586' title='bbox 1158 5591 1350 5646; x_wconf 86' lang='lat' dir='ltr'><strong>muniti</strong></span> <span class='ocrx_word' id='word_1_587' title='bbox 1377 5605 1394 5644; x_wconf 90' lang='lat'><strong>:</strong></span> <span class='ocrx_word' id='word_1_588' title='bbox 1419 5607 1486 5647; x_wconf 84' lang='lat' dir='ltr'><strong>ne</strong></span> <span class='ocrx_word' id='word_1_589' title='bbox 1508 5600 1600 5645; x_wconf 91' lang='lat' dir='ltr'><strong>aut</strong></span> <span class='ocrx_word' id='word_1_590' title='bbox 1622 5591 1772 5663; x_wconf 87' lang='lat' dir='ltr'><strong>igno-</strong></span> 
     </span>
    </p>
   </div>
   <div class='ocr_carea' id='block_1_74' title="bbox 165 5676 1800 5754">
    <p class='ocr_par' dir='ltr' id='par_1_74' title="bbox 165 5676 1800 5754">
     <span class='ocr_line' id='line_1_74' title="bbox 165 5676 1800 5754; baseline 0.004 -21"><span class='ocrx_word' id='word_1_591' title='bbox 165 5676 376 5733; x_wconf 81' lang='lat' dir='ltr'><strong>rantiae</strong></span> <span class='ocrx_word' id='word_1_592' title='bbox 417 5680 660 5734; x_wconf 83' lang='lat' dir='ltr'><strong>caecitate</strong></span> <span class='ocrx_word' id='word_1_593' title='bbox 705 5679 950 5751; x_wconf 86' lang='lat' dir='ltr'><strong>decepti,</strong></span> <span class='ocrx_word' id='word_1_594' title='bbox 1005 5681 1058 5735; x_wconf 93' lang='lat' dir='ltr'><strong>in</strong></span> <span class='ocrx_word' id='word_1_595' title='bbox 1111 5683 1386 5754; x_wconf 85' lang='lat' dir='ltr'><strong>impietate</strong></span> <span class='ocrx_word' id='word_1_596' title='bbox 1435 5693 1626 5750; x_wconf 87' lang='lat' dir='ltr'><strong>ruant,</strong></span> <span class='ocrx_word' id='word_1_597' title='bbox 1676 5693 1800 5739; x_wconf 83' lang='lat' dir='ltr'><strong>aut</strong></span> 
     </span>
    </p>
   </div>
   <div class='ocr_carea' id='block_1_75' title="bbox 164 5767 1770 5844">
    <p class='ocr_par' dir='ltr' id='par_1_75' title="bbox 164 5767 1770 5844">
     <span class='ocr_line' id='line_1_75' title="bbox 164 5767 1770 5844; baseline 0.007 -22"><span class='ocrx_word' id='word_1_598' title='bbox 164 5775 331 5822; x_wconf 81' lang='lat' dir='ltr'><strong>certe</strong></span> <span class='ocrx_word' id='word_1_599' title='bbox 354 5767 530 5838; x_wconf 84' lang='lat' dir='ltr'><strong>ignavi</strong></span> <span class='ocrx_word' id='word_1_600' title='bbox 561 5784 624 5825; x_wconf 89' lang='lat' dir='ltr'><strong>ac</strong></span> <span class='ocrx_word' id='word_1_601' title='bbox 661 5771 906 5828; x_wconf 81' lang='lat' dir='ltr'><strong>dissoluti</strong></span> <span class='ocrx_word' id='word_1_602' title='bbox 948 5774 999 5827; x_wconf 90' lang='lat' dir='ltr'><strong>in</strong></span> <span class='ocrx_word' id='word_1_603' title='bbox 1043 5784 1334 5844; x_wconf 87' lang='lat' dir='ltr'><strong>conspectu</strong></span> <span class='ocrx_word' id='word_1_604' title='bbox 1375 5775 1612 5830; x_wconf 91' lang='lat' dir='ltr'><strong>hostium</strong></span> <span class='ocrx_word' id='word_1_605' title='bbox 1645 5791 1770 5833; x_wconf 90' lang='lat' dir='ltr'><strong>suo-</strong></span> 
     </span>
    </p>
   </div>
   <div class='ocr_carea' id='block_1_76' title="bbox 1865 1881 3460 1955">
    <p class='ocr_par' dir='ltr' id='par_1_76' title="bbox 1865 1881 3460 1955">
     <span class='ocr_line' id='line_1_76' title="bbox 1865 1881 3460 1955; baseline -0.001 -17"><span class='ocrx_word' id='word_1_606' title='bbox 1865 1884 2052 1955; x_wconf 91' lang='lat' dir='ltr'><strong>quitur</strong></span> <span class='ocrx_word' id='word_1_607' title='bbox 2095 1886 2163 1940; x_wconf 91' lang='lat' dir='ltr'><strong>ad</strong></span> <span class='ocrx_word' id='word_1_608' title='bbox 2212 1885 2389 1954; x_wconf 89' lang='lat' dir='ltr'><strong>ipsum</strong></span> <span class='ocrx_word' id='word_1_609' title='bbox 2437 1882 2617 1939; x_wconf 89' lang='lat' dir='ltr'><strong>locum</strong></span> <span class='ocrx_word' id='word_1_610' title='bbox 2659 1881 3094 1945; x_wconf 86' lang='lat' dir='ltr'><strong>interfectionis,</strong></span> <span class='ocrx_word' id='word_1_611' title='bbox 3139 1882 3460 1936; x_wconf 90' lang='lat' dir='ltr'><strong>abominans</strong></span> 
     </span>
    </p>
   </div>
   <div class='ocr_carea' id='block_1_77' title="bbox 1865 1973 3462 2046">
    <p class='ocr_par' dir='ltr' id='par_1_77' title="bbox 1865 1973 3462 2046">
     <span class='ocr_line' id='line_1_77' title="bbox 1865 1973 3462 2046; baseline -0.001 -16"><span class='ocrx_word' id='word_1_612' title='bbox 1865 1975 2066 2031; x_wconf 89' lang='lat' dir='ltr'><strong>factum</strong></span> <span class='ocrx_word' id='word_1_613' title='bbox 2098 1975 2242 2046; x_wconf 88' lang='lat' dir='ltr'><strong>quod</strong></span> <span class='ocrx_word' id='word_1_614' title='bbox 2270 1976 2326 2030; x_wconf 92' lang='lat' dir='ltr'><strong>in</strong></span> <span class='ocrx_word' id='word_1_615' title='bbox 2353 1989 2419 2030; x_wconf 89' lang='lat' dir='ltr'><strong>eo</strong></span> <span class='ocrx_word' id='word_1_616' title='bbox 2443 1973 2620 2030; x_wconf 89' lang='lat' dir='ltr'><strong>fuerat</strong></span> <span class='ocrx_word' id='word_1_617' title='bbox 2651 1983 2898 2046; x_wconf 82' lang='lat' dir='ltr'><strong>gestum,</strong></span> <span class='ocrx_word' id='word_1_618' title='bbox 2932 1975 3073 2030; x_wconf 91' lang='lat' dir='ltr'><strong>sicut</strong></span> <span class='ocrx_word' id='word_1_619' title='bbox 3096 1974 3335 2028; x_wconf 88' lang='lat' dir='ltr'><strong>-cuidam</strong></span> <span class='ocrx_word' id='word_1_620' title='bbox 3382 1974 3462 2028; x_wconf 85' lang='lat' dir='ltr'><strong>vi-</strong></span> 
     </span>
    </p>
   </div>
   <div class='ocr_carea' id='block_1_78' title="bbox 1866 2065 3462 2140">
    <p class='ocr_par' dir='ltr' id='par_1_78' title="bbox 1866 2065 3462 2140">
     <span class='ocr_line' id='line_1_78' title="bbox 1866 2065 3462 2140; baseline -0.004 -16"><span class='ocrx_word' id='word_1_621' title='bbox 1866 2069 2044 2134; x_wconf 89' lang='lat' dir='ltr'><strong>detur,</strong></span> <span class='ocrx_word' id='word_1_622' title='bbox 2079 2077 2259 2122; x_wconf 80' lang='lat' dir='ltr'><strong>tamen</strong></span> <span class='ocrx_word' id='word_1_623' title='bbox 2311 2075 2418 2124; x_wconf 79' lang='lat' dir='ltr'><strong>neu</strong></span> <span class='ocrx_word' id='word_1_624' title='bbox 2464 2068 2581 2124; x_wconf 90' lang='lat' dir='ltr'><strong>sine</strong></span> <span class='ocrx_word' id='word_1_625' title='bbox 2606 2067 2867 2140; x_wconf 83' lang='lat' dir='ltr'><strong>mysterio</strong></span> <span class='ocrx_word' id='word_1_626' title='bbox 2911 2065 3272 2138; x_wconf 87' lang='lat' dir='ltr'><strong>praesagandi,</strong></span> <span class='ocrx_word' id='word_1_627' title='bbox 3321 2065 3462 2120; x_wconf 87' lang='lat' dir='ltr'><strong>sicut</strong></span> 
     </span>
    </p>
   </div>
   <div class='ocr_carea' id='block_1_79' title="bbox 1865 2143 3460 2231">
    <p class='ocr_par' dir='ltr' id='par_1_79' title="bbox 1865 2143 3460 2231">
     <span class='ocr_line' id='line_1_79' title="bbox 1865 2143 3460 2231; baseline -0.001 -17"><span class='ocrx_word' id='word_1_628' title='bbox 1865 2160 2026 2231; x_wconf 88' lang='lat' dir='ltr'><strong>paulo</strong></span> <span class='ocrx_word' id='word_1_629' title='bbox 2071 2173 2194 2230; x_wconf 85' lang='lat' dir='ltr'><strong>post</strong></span> <span class='ocrx_word' id='word_1_630' title='bbox 2245 2143 2580 2227; x_wconf 66' lang='lat' dir='ltr'><strong>ostendetur;</strong></span> <span class='ocrx_word' id='word_1_631' title='bbox 2609 2161 2770 2217; x_wconf 83' lang='lat' dir='ltr'><strong>beato</strong></span> <span class='ocrx_word' id='word_1_632' title='bbox 2807 2174 2941 2231; x_wconf 89' lang='lat' dir='ltr'><strong>papa</strong></span> <span class='ocrx_word' id='word_1_633' title='bbox 2967 2158 3232 2231; x_wconf 79' lang='lat' dir='ltr'><strong>Gregorio</strong></span> <span class='ocrx_word' id='word_1_634' title='bbox 3260 2171 3460 2228; x_wconf 88' lang='lat' dir='ltr'><strong>propa-</strong></span> 
     </span>
    </p>
   </div>
   <div class='ocr_carea' id='block_1_80' title="bbox 1865 2251 2030 2309">
    <p class='ocr_par' dir='ltr' id='par_1_80' title="bbox 1865 2251 2030 2309">
     <span class='ocr_line' id='line_1_80' title="bbox 1865 2251 2030 2309; baseline 0 -3"><span class='ocrx_word' id='word_1_635' title='bbox 1865 2251 2030 2309; x_wconf 80' lang='lat' dir='ltr'><strong>laute.</strong></span> 
     </span>
    </p>
   </div>
   <div class='ocr_carea' id='block_1_81' title="bbox 1943 2345 3468 2417">
    <p class='ocr_par' dir='ltr' id='par_1_81' title="bbox 1943 2345 3468 2417">
     <span class='ocr_line' id='line_1_81' title="bbox 1943 2345 3468 2417; baseline 0.003 -21"><span class='ocrx_word' id='word_1_636' title='bbox 1943 2365 1962 2396; x_wconf 85' lang='grc'><em>‹</em></span> <span class='ocrx_word' id='word_1_637' title='bbox 2003 2345 2214 2417; x_wconf 81' lang='lat' dir='ltr'><strong>Sagitta</strong></span> <span class='ocrx_word' id='word_1_638' title='bbox 2256 2345 2502 2402; x_wconf 78' lang='lat' dir='ltr'><strong>Ionathae</strong></span> <span class='ocrx_word' id='word_1_639' title='bbox 2540 2361 2818 2417; x_wconf 89' lang='lat' dir='ltr'><strong>nunquam</strong></span> <span class='ocrx_word' id='word_1_640' title='bbox 2863 2347 2998 2402; x_wconf 89' lang='lat' dir='ltr'><strong>abiit</strong></span> <span class='ocrx_word' id='word_1_641' title='bbox 3035 2355 3369 2411; x_wconf 85' lang='lat' dir='ltr'><strong>retrorsum,</strong></span> <span class='ocrx_word' id='word_1_642' title='bbox 3407 2353 3468 2401; x_wconf 88' lang='grc' dir='ltr'><strong>ει·</strong></span> 
     </span>
    </p>
   </div>
   <div class='ocr_carea' id='block_1_82' title="bbox 1872 2433 3464 2505">
    <p class='ocr_par' dir='ltr' id='par_1_82' title="bbox 1872 2433 3464 2505">
     <span class='ocr_line' id='line_1_82' title="bbox 1872 2433 3464 2505; baseline 0.004 -18"><span class='ocrx_word' id='word_1_643' title='bbox 1872 2454 1892 2487; x_wconf 71' lang='grc' dir='ltr'><strong>ι</strong></span> <span class='ocrx_word' id='word_1_644' title='bbox 1925 2436 2134 2505; x_wconf 78' lang='lat' dir='ltr'><strong>gladius</strong></span> <span class='ocrx_word' id='word_1_645' title='bbox 2167 2436 2296 2492; x_wconf 89' lang='lat' dir='ltr'><strong>Saul</strong></span> <span class='ocrx_word' id='word_1_646' title='bbox 2325 2451 2436 2494; x_wconf 84' lang='lat' dir='ltr'><strong>non</strong></span> <span class='ocrx_word' id='word_1_647' title='bbox 2479 2447 2563 2493; x_wconf 88' lang='lat' dir='ltr'><strong>est</strong></span> <span class='ocrx_word' id='word_1_648' title='bbox 2609 2453 2863 2494; x_wconf 90' lang='lat' dir='ltr'><strong>reversus</strong></span> <span class='ocrx_word' id='word_1_649' title='bbox 2912 2439 3108 2494; x_wconf 87' lang='lat' dir='ltr'><strong>inanis.</strong></span> <span class='ocrx_word' id='word_1_650' title='bbox 3143 2460 3161 2490; x_wconf 72' lang='grc' dir='ltr'><strong>ι</strong></span> <span class='ocrx_word' id='word_1_651' title='bbox 3198 2433 3310 2494; x_wconf 81' lang='lat' dir='ltr'><strong>Hoc</strong></span> <span class='ocrx_word' id='word_1_652' title='bbox 3347 2434 3464 2493; x_wconf 86' lang='lat' dir='ltr'><strong>vult</strong></span> 
     </span>
    </p>
   </div>
   <div class='ocr_carea' id='block_1_83' title="bbox 1866 2529 3466 2603">
    <p class='ocr_par' dir='ltr' id='par_1_83' title="bbox 1866 2529 3466 2603">
     <span class='ocr_line' id='line_1_83' title="bbox 1866 2529 3466 2603; baseline 0.003 -19"><span class='ocrx_word' id='word_1_653' title='bbox 1866 2529 2179 2596; x_wconf 89' lang='lat' dir='ltr'><strong>insinuare,</strong></span> <span class='ocrx_word' id='word_1_654' title='bbox 2220 2531 2365 2602; x_wconf 89' lang='lat' dir='ltr'><strong>quod</strong></span> <span class='ocrx_word' id='word_1_655' title='bbox 2407 2531 2671 2588; x_wconf 87' lang='lat' dir='ltr'><strong>Jonathas</strong></span> <span class='ocrx_word' id='word_1_656' title='bbox 2707 2541 2762 2586; x_wconf 92' lang='lat' dir='ltr'><strong>et</strong></span> <span class='ocrx_word' id='word_1_657' title='bbox 2797 2531 2930 2588; x_wconf 89' lang='lat' dir='ltr'><strong>Saul</strong></span> <span class='ocrx_word' id='word_1_658' title='bbox 2979 2532 3312 2603; x_wconf 85' lang='lat' dir='ltr'><strong>temporibus</strong></span> <span class='ocrx_word' id='word_1_659' title='bbox 3349 2529 3466 2588; x_wconf 72' lang='lat' dir='ltr'><strong>suis</strong></span> 
     </span>
    </p>
   </div>
   <div class='ocr_carea' id='block_1_84' title="bbox 1863 2621 3227 2693">
    <p class='ocr_par' dir='ltr' id='par_1_84' title="bbox 1863 2621 3227 2693">
     <span class='ocr_line' id='line_1_84' title="bbox 1863 2621 3227 2693; baseline -0.001 -15"><span class='ocrx_word' id='word_1_660' title='bbox 1863 2621 2263 2679; x_wconf 87' lang='lat' dir='ltr'><strong>bellicosissimi</strong></span> <span class='ocrx_word' id='word_1_661' title='bbox 2295 2631 2350 2678; x_wconf 90' lang='lat' dir='ltr'><strong>et</strong></span> <span class='ocrx_word' id='word_1_662' title='bbox 2380 2623 2664 2679; x_wconf 89' lang='lat' dir='ltr'><strong>fortissimi</strong></span> <span class='ocrx_word' id='word_1_663' title='bbox 2691 2623 2897 2679; x_wconf 89' lang='lat' dir='ltr'><strong>fuerint</strong></span> <span class='ocrx_word' id='word_1_664' title='bbox 2925 2624 2977 2678; x_wconf 93' lang='lat' dir='ltr'><strong>in</strong></span> <span class='ocrx_word' id='word_1_665' title='bbox 3005 2623 3227 2693; x_wconf 74' lang='lat' dir='ltr'><strong>przeliis.</strong></span> 
     </span>
    </p>
   </div>
   <div class='ocr_carea' id='block_1_85' title="bbox 1941 2709 3461 2781">
    <p class='ocr_par' dir='ltr' id='par_1_85' title="bbox 1941 2709 3461 2781">
     <span class='ocr_line' id='line_1_85' title="bbox 1941 2709 3461 2781; baseline -0.001 -11"><span class='ocrx_word' id='word_1_666' title='bbox 1941 2733 1962 2770; x_wconf 85' lang='grc'><em>‹</em></span> <span class='ocrx_word' id='word_1_667' title='bbox 1995 2715 2126 2772; x_wconf 87' lang='lat' dir='ltr'><strong>Saul</strong></span> <span class='ocrx_word' id='word_1_668' title='bbox 2148 2726 2203 2772; x_wconf 92' lang='lat' dir='ltr'><strong>et</strong></span> <span class='ocrx_word' id='word_1_669' title='bbox 2227 2716 2492 2773; x_wconf 86' lang='lat' dir='ltr'><strong>Jonathas</strong></span> <span class='ocrx_word' id='word_1_670' title='bbox 2519 2718 2781 2773; x_wconf 88' lang='lat' dir='ltr'><strong>amabiles</strong></span> <span class='ocrx_word' id='word_1_671' title='bbox 2813 2725 2869 2772; x_wconf 90' lang='lat' dir='ltr'><strong>et</strong></span> <span class='ocrx_word' id='word_1_672' title='bbox 2902 2718 3088 2774; x_wconf 90' lang='lat' dir='ltr'><strong>decori</strong></span> <span class='ocrx_word' id='word_1_673' title='bbox 3117 2717 3171 2772; x_wconf 91' lang='lat' dir='ltr'><strong>in</strong></span> <span class='ocrx_word' id='word_1_674' title='bbox 3200 2717 3310 2772; x_wconf 87' lang='lat' dir='ltr'><strong>vita</strong></span> <span class='ocrx_word' id='word_1_675' title='bbox 3333 2709 3461 2781; x_wconf 68' lang='lat' dir='ltr'><strong>Sua,</strong></span> 
     </span>
    </p>
   </div>
   <div class='ocr_carea' id='block_1_86' title="bbox 1871 2805 3466 2877">
    <p class='ocr_par' dir='ltr' id='par_1_86' title="bbox 1871 2805 3466 2877">
     <span class='ocr_line' id='line_1_86' title="bbox 1871 2805 3466 2877; baseline 0.003 -19"><span class='ocrx_word' id='word_1_676' title='bbox 1871 2826 1889 2858; x_wconf 75' lang='grc' dir='ltr'><strong>ι</strong></span> <span class='ocrx_word' id='word_1_677' title='bbox 1926 2807 1981 2862; x_wconf 91' lang='lat' dir='ltr'><strong>in</strong></span> <span class='ocrx_word' id='word_1_678' title='bbox 2009 2814 2185 2862; x_wconf 90' lang='lat' dir='ltr'><strong>morte</strong></span> <span class='ocrx_word' id='word_1_679' title='bbox 2213 2819 2432 2877; x_wconf 89' lang='lat' dir='ltr'><strong>quoque</strong></span> <span class='ocrx_word' id='word_1_680' title='bbox 2463 2821 2572 2861; x_wconf 93' lang='lat' dir='ltr'><strong>non</strong></span> <span class='ocrx_word' id='word_1_681' title='bbox 2604 2813 2729 2862; x_wconf 90' lang='lat' dir='ltr'><strong>sunt</strong></span> <span class='ocrx_word' id='word_1_682' title='bbox 2755 2806 2934 2862; x_wconf 89' lang='lat' dir='ltr'><strong>divisi.</strong></span> <span class='ocrx_word' id='word_1_683' title='bbox 2984 2805 3194 2877; x_wconf 87' lang='lat' dir='ltr'><strong>Aquilis</strong></span> <span class='ocrx_word' id='word_1_684' title='bbox 3229 2805 3466 2862; x_wconf 86' lang='lat' dir='ltr'><strong>velocio-</strong></span> 
     </span>
    </p>
   </div>
   <div class='ocr_carea' id='block_1_87' title="bbox 1871 2897 3462 2967">
    <p class='ocr_par' dir='ltr' id='par_1_87' title="bbox 1871 2897 3462 2967">
     <span class='ocr_line' id='line_1_87' title="bbox 1871 2897 3462 2967; baseline 0.001 -15"><span class='ocrx_word' id='word_1_685' title='bbox 1871 2918 1891 2952; x_wconf 74' lang='grc' dir='ltr'><strong>ι</strong></span> <span class='ocrx_word' id='word_1_686' title='bbox 1925 2914 2032 2964; x_wconf 90' lang='lat' dir='ltr'><strong>res,</strong></span> <span class='ocrx_word' id='word_1_687' title='bbox 2057 2899 2306 2955; x_wconf 88' lang='lat' dir='ltr'><strong>leonibus</strong></span> <span class='ocrx_word' id='word_1_688' title='bbox 2337 2897 2614 2954; x_wconf 76' lang='lat' dir='ltr'><strong>fortiores.</strong></span> <span class='ocrx_word' id='word_1_689' title='bbox 2650 2918 2670 2950; x_wconf 74' lang='grc' dir='ltr'><strong>ι</strong></span> <span class='ocrx_word' id='word_1_690' title='bbox 2700 2897 2913 2955; x_wconf 87' lang='lat' dir='ltr'><strong>Laudat</strong></span> <span class='ocrx_word' id='word_1_691' title='bbox 2956 2900 3204 2956; x_wconf 90' lang='lat' dir='ltr'><strong>decorem</strong></span> <span class='ocrx_word' id='word_1_692' title='bbox 3245 2899 3462 2967; x_wconf 73' lang='lat' dir='ltr'><strong>fortine,</strong></span> 
     </span>
    </p>
   </div>
   <div class='ocr_carea' id='block_1_88' title="bbox 1863 2989 3463 3064">
    <p class='ocr_par' dir='ltr' id='par_1_88' title="bbox 1863 2989 3463 3064">
     <span class='ocr_line' id='line_1_88' title="bbox 1863 2989 3463 3064; baseline 0 -19"><span class='ocrx_word' id='word_1_693' title='bbox 1863 2991 2050 3047; x_wconf 86' lang='lat' dir='ltr'><strong>laudat</strong></span> <span class='ocrx_word' id='word_1_694' title='bbox 2089 2998 2144 3045; x_wconf 86' lang='lat' dir='ltr'><strong>et</strong></span> <span class='ocrx_word' id='word_1_695' title='bbox 2183 2991 2548 3047; x_wconf 81' lang='lat' dir='ltr'><strong>constantiam</strong></span> <span class='ocrx_word' id='word_1_696' title='bbox 2578 2990 2741 3046; x_wconf 89' lang='lat' dir='ltr'><strong>animi</strong></span> <span class='ocrx_word' id='word_1_697' title='bbox 2778 3008 2791 3044; x_wconf 95' lang='lat'><strong>:</strong></span> <span class='ocrx_word' id='word_1_698' title='bbox 2827 2989 3123 3063; x_wconf 73' lang='lat' dir='ltr'><strong>adiungens</strong></span> <span class='ocrx_word' id='word_1_699' title='bbox 3149 3005 3248 3063; x_wconf 87' lang='lat' dir='ltr'><strong>per</strong></span> <span class='ocrx_word' id='word_1_700' title='bbox 3268 2992 3463 3064; x_wconf 80' lang='lat' dir='ltr'><strong>hyper-</strong></span> 
     </span>
    </p>
   </div>
   <div class='ocr_carea' id='block_1_89' title="bbox 1865 3082 3371 3154">
    <p class='ocr_par' dir='ltr' id='par_1_89' title="bbox 1865 3082 3371 3154">
     <span class='ocr_line' id='line_1_89' title="bbox 1865 3082 3371 3154; baseline -0.002 -15"><span class='ocrx_word' id='word_1_701' title='bbox 1865 3083 2046 3139; x_wconf 89' lang='lat' dir='ltr'><strong>bolem</strong></span> <span class='ocrx_word' id='word_1_702' title='bbox 2074 3092 2311 3154; x_wconf 89' lang='lat' dir='ltr'><strong>tropum,</strong></span> <span class='ocrx_word' id='word_1_703' title='bbox 2341 3082 2752 3139; x_wconf 88' lang='lat' dir='ltr'><strong>similitudinem</strong></span> <span class='ocrx_word' id='word_1_704' title='bbox 2777 3082 2971 3152; x_wconf 87' lang='lat' dir='ltr'><strong>aquilae</strong></span> <span class='ocrx_word' id='word_1_705' title='bbox 2991 3091 3157 3153; x_wconf 88' lang='lat' dir='ltr'><strong>atque</strong></span> <span class='ocrx_word' id='word_1_706' title='bbox 3181 3082 3371 3138; x_wconf 79' lang='lat' dir='ltr'><strong>lennis.</strong></span> 
     </span>
    </p>
   </div>
   <div class='ocr_carea' id='block_1_90' title="bbox 1945 3173 3467 3245">
    <p class='ocr_par' dir='ltr' id='par_1_90' title="bbox 1945 3173 3467 3245">
     <span class='ocr_line' id='line_1_90' title="bbox 1945 3173 3467 3245; baseline 0.003 -17"><span class='ocrx_word' id='word_1_707' title='bbox 1945 3195 1963 3228; x_wconf 74' lang='grc' dir='ltr'><strong>ι</strong></span> <span class='ocrx_word' id='word_1_708' title='bbox 2009 3175 2160 3232; x_wconf 73' lang='lat' dir='ltr'><strong>Filiae</strong></span> <span class='ocrx_word' id='word_1_709' title='bbox 2203 3175 2403 3242; x_wconf 87' lang='lat' dir='ltr'><strong>Israel,</strong></span> <span class='ocrx_word' id='word_1_710' title='bbox 2460 3189 2626 3245; x_wconf 85' lang='lat' dir='ltr'><strong>super</strong></span> <span class='ocrx_word' id='word_1_711' title='bbox 2673 3173 2804 3229; x_wconf 85' lang='lat' dir='ltr'><strong>Saul</strong></span> <span class='ocrx_word' id='word_1_712' title='bbox 2851 3173 3006 3240; x_wconf 81' lang='lat' dir='ltr'><strong>flete,</strong></span> <span class='ocrx_word' id='word_1_713' title='bbox 3060 3175 3154 3245; x_wconf 92' lang='lat' dir='ltr'><strong>qui</strong></span> <span class='ocrx_word' id='word_1_714' title='bbox 3200 3176 3467 3232; x_wconf 86' lang='lat' dir='ltr'><strong>vestiebat</strong></span> 
     </span>
    </p>
   </div>
   <div class='ocr_carea' id='block_1_91' title="bbox 1867 3265 3465 3336">
    <p class='ocr_par' dir='ltr' id='par_1_91' title="bbox 1867 3265 3465 3336">
     <span class='ocr_line' id='line_1_91' title="bbox 1867 3265 3465 3336; baseline 0.002 -17"><span class='ocrx_word' id='word_1_715' title='bbox 1867 3286 1886 3319; x_wconf 75' lang='grc' dir='ltr'><strong>ι</strong></span> <span class='ocrx_word' id='word_1_716' title='bbox 1920 3265 2018 3324; x_wconf 81' lang='lat' dir='ltr'><strong>vos</strong></span> <span class='ocrx_word' id='word_1_717' title='bbox 2065 3267 2290 3323; x_wconf 90' lang='lat' dir='ltr'><strong>coccino</strong></span> <span class='ocrx_word' id='word_1_718' title='bbox 2321 3265 2374 3322; x_wconf 90' lang='lat' dir='ltr'><strong>in</strong></span> <span class='ocrx_word' id='word_1_719' title='bbox 2416 3265 2664 3332; x_wconf 87' lang='lat' dir='ltr'><strong>deliciis,</strong></span> <span class='ocrx_word' id='word_1_720' title='bbox 2704 3266 2798 3336; x_wconf 91' lang='lat' dir='ltr'><strong>qui</strong></span> <span class='ocrx_word' id='word_1_721' title='bbox 2831 3266 3109 3336; x_wconf 89' lang='lat' dir='ltr'><strong>praebebat</strong></span> <span class='ocrx_word' id='word_1_722' title='bbox 3144 3281 3465 3324; x_wconf 89' lang='lat' dir='ltr'><strong>ornamenta</strong></span> 
     </span>
    </p>
   </div>
   <div class='ocr_carea' id='block_1_92' title="bbox 1868 3355 3461 3430">
    <p class='ocr_par' dir='ltr' id='par_1_92' title="bbox 1868 3355 3461 3430">
     <span class='ocr_line' id='line_1_92' title="bbox 1868 3355 3461 3430; baseline 0.004 -20"><span class='ocrx_word' id='word_1_723' title='bbox 1868 3379 1886 3410; x_wconf 73' lang='grc' dir='ltr'><strong>ε</strong></span> <span class='ocrx_word' id='word_1_724' title='bbox 1924 3373 2089 3414; x_wconf 88' lang='lat' dir='ltr'><strong>aurea</strong></span> <span class='ocrx_word' id='word_1_725' title='bbox 2129 3358 2296 3414; x_wconf 90' lang='lat' dir='ltr'><strong>cultui</strong></span> <span class='ocrx_word' id='word_1_726' title='bbox 2343 3367 2544 3415; x_wconf 87' lang='lat' dir='ltr'><strong>vestro.</strong></span> <span class='ocrx_word' id='word_1_727' title='bbox 2582 3377 2602 3410; x_wconf 70' lang='grc' dir='ltr'><strong>ι</strong></span> <span class='ocrx_word' id='word_1_728' title='bbox 2640 3355 2907 3414; x_wconf 85' lang='lat' dir='ltr'><strong>Videlicet</strong></span> <span class='ocrx_word' id='word_1_729' title='bbox 2930 3367 2986 3415; x_wconf 89' lang='lat' dir='ltr'><strong>et</strong></span> <span class='ocrx_word' id='word_1_730' title='bbox 3026 3360 3094 3414; x_wconf 90' lang='lat' dir='ltr'><strong>de</strong></span> <span class='ocrx_word' id='word_1_731' title='bbox 3131 3361 3331 3430; x_wconf 73' lang='lat' dir='ltr'><strong>praedis</strong></span> <span class='ocrx_word' id='word_1_732' title='bbox 3363 3359 3461 3416; x_wconf 91' lang='lat' dir='ltr'><strong>ho-</strong></span> 
     </span>
    </p>
   </div>
   <div class='ocr_carea' id='block_1_93' title="bbox 1863 3450 2434 3522">
    <p class='ocr_par' dir='ltr' id='par_1_93' title="bbox 1863 3450 2434 3522">
     <span class='ocr_line' id='line_1_93' title="bbox 1863 3450 2434 3522; baseline -0.002 -17"><span class='ocrx_word' id='word_1_733' title='bbox 1863 3450 2030 3506; x_wconf 84' lang='lat' dir='ltr'><strong>stium</strong></span> <span class='ocrx_word' id='word_1_734' title='bbox 2055 3465 2194 3521; x_wconf 87' lang='lat' dir='ltr'><strong>quas</strong></span> <span class='ocrx_word' id='word_1_735' title='bbox 2219 3451 2434 3522; x_wconf 79' lang='lat' dir='ltr'><strong>agebat.</strong></span> 
     </span>
    </p>
   </div>
   <div class='ocr_carea' id='block_1_94' title="bbox 1941 3553 3461 3626">
    <p class='ocr_par' dir='ltr' id='par_1_94' title="bbox 1941 3553 3461 3626">
     <span class='ocr_line' id='line_1_94' title="bbox 1941 3553 3461 3626; baseline 0.004 -22"><span class='ocrx_word' id='word_1_736' title='bbox 1941 3571 1960 3604; x_wconf 84' lang='grc'><strong><em>‹</em></strong></span> <span class='ocrx_word' id='word_1_737' title='bbox 1993 3553 2273 3622; x_wconf 84' lang='lat' dir='ltr'><strong>Quomodo</strong></span> <span class='ocrx_word' id='word_1_738' title='bbox 2300 3553 2615 3610; x_wconf 89' lang='lat' dir='ltr'><strong>ceciderunt</strong></span> <span class='ocrx_word' id='word_1_739' title='bbox 2648 3553 2820 3610; x_wconf 90' lang='lat' dir='ltr'><strong>fortes</strong></span> <span class='ocrx_word' id='word_1_740' title='bbox 2851 3555 2905 3610; x_wconf 93' lang='lat' dir='ltr'><strong>in</strong></span> <span class='ocrx_word' id='word_1_741' title='bbox 2945 3555 3170 3626; x_wconf 83' lang='lat' dir='ltr'><strong>praelio?</strong></span> <span class='ocrx_word' id='word_1_742' title='bbox 3203 3576 3221 3608; x_wconf 75' lang='grc' dir='ltr'><strong>ι</strong></span> <span class='ocrx_word' id='word_1_743' title='bbox 3249 3555 3461 3611; x_wconf 86' lang='lat' dir='ltr'><strong>Subau-</strong></span> 
     </span>
    </p>
   </div>
   <div class='ocr_carea' id='block_1_95' title="bbox 1864 3649 3482 3732">
    <p class='ocr_par' dir='ltr' id='par_1_95' title="bbox 1864 3649 3482 3732">
     <span class='ocr_line' id='line_1_95' title="bbox 1864 3649 3482 3732; baseline 0.004 -27"><span class='ocrx_word' id='word_1_744' title='bbox 1864 3651 2010 3706; x_wconf 92' lang='lat' dir='ltr'><strong>ditur</strong></span> <span class='ocrx_word' id='word_1_745' title='bbox 2037 3653 2091 3706; x_wconf 92' lang='lat' dir='ltr'><strong>in</strong></span> <span class='ocrx_word' id='word_1_746' title='bbox 2118 3660 2344 3722; x_wconf 89' lang='lat' dir='ltr'><strong>peccato</strong></span> <span class='ocrx_word' id='word_1_747' title='bbox 2373 3667 2492 3707; x_wconf 90' lang='lat' dir='ltr'><strong>suo.</strong></span> <span class='ocrx_word' id='word_1_748' title='bbox 2529 3672 2546 3704; x_wconf 77' lang='grc' dir='ltr'><strong>ι</strong></span> <span class='ocrx_word' id='word_1_749' title='bbox 2583 3649 2846 3710; x_wconf 82' lang='lat' dir='ltr'><strong>Jonathas</strong></span> <span class='ocrx_word' id='word_1_750' title='bbox 2874 3663 2930 3710; x_wconf 89' lang='lat' dir='ltr'><strong>et</strong></span> <span class='ocrx_word' id='word_1_751' title='bbox 2964 3652 3123 3720; x_wconf 89' lang='lat' dir='ltr'><strong>Saul,</strong></span> <span class='ocrx_word' id='word_1_752' title='bbox 3155 3655 3207 3709; x_wconf 92' lang='lat' dir='ltr'><strong>in</strong></span> <span class='ocrx_word' id='word_1_753' title='bbox 3231 3653 3482 3732; x_wconf 27' lang='lat' dir='ltr'><strong>excelsis.</strong></span> 
     </span>
    </p>
   </div>
   <div class='ocr_carea' id='block_1_96' title="bbox 1864 3743 3464 3815">
    <p class='ocr_par' dir='ltr' id='par_1_96' title="bbox 1864 3743 3464 3815">
     <span class='ocr_line' id='line_1_96' title="bbox 1864 3743 3464 3815; baseline 0.001 -17"><span class='ocrx_word' id='word_1_754' title='bbox 1864 3744 1972 3799; x_wconf 90' lang='lat' dir='ltr'><strong>tuis</strong></span> <span class='ocrx_word' id='word_1_755' title='bbox 1995 3744 2210 3799; x_wconf 89' lang='lat' dir='ltr'><strong>occisus</strong></span> <span class='ocrx_word' id='word_1_756' title='bbox 2233 3759 2316 3810; x_wconf 89' lang='lat' dir='ltr'><strong>es,</strong></span> <span class='ocrx_word' id='word_1_757' title='bbox 2341 3763 2358 3795; x_wconf 76' lang='grc' dir='ltr'><strong>ι</strong></span> <span class='ocrx_word' id='word_1_758' title='bbox 2395 3744 2534 3800; x_wconf 91' lang='lat' dir='ltr'><strong>sicut</strong></span> <span class='ocrx_word' id='word_1_759' title='bbox 2560 3745 2812 3815; x_wconf 89' lang='lat' dir='ltr'><strong>superius</strong></span> <span class='ocrx_word' id='word_1_760' title='bbox 2831 3744 3090 3800; x_wconf 83' lang='lat' dir='ltr'><strong>diximus.</strong></span> <span class='ocrx_word' id='word_1_761' title='bbox 3114 3743 3310 3812; x_wconf 89' lang='lat' dir='ltr'><strong>Ideo,o</strong></span> <span class='ocrx_word' id='word_1_762' title='bbox 3334 3747 3464 3802; x_wconf 87' lang='lat' dir='ltr'><strong>Saul</strong></span> 
     </span>
    </p>
   </div>
   <div class='ocr_carea' id='block_1_97' title="bbox 1863 3835 3464 3908">
    <p class='ocr_par' dir='ltr' id='par_1_97' title="bbox 1863 3835 3464 3908">
     <span class='ocr_line' id='line_1_97' title="bbox 1863 3835 3464 3908; baseline 0.001 -17"><span class='ocrx_word' id='word_1_763' title='bbox 1863 3843 1919 3892; x_wconf 90' lang='lat' dir='ltr'><strong>et</strong></span> <span class='ocrx_word' id='word_1_764' title='bbox 1939 3835 2234 3902; x_wconf 81' lang='lat' dir='ltr'><strong>Jonathan,</strong></span> <span class='ocrx_word' id='word_1_765' title='bbox 2267 3857 2285 3886; x_wconf 73' lang='grc' dir='ltr'><strong>ε</strong></span> <span class='ocrx_word' id='word_1_766' title='bbox 2319 3836 2371 3890; x_wconf 89' lang='lat' dir='ltr'><strong>in</strong></span> <span class='ocrx_word' id='word_1_767' title='bbox 2403 3835 2633 3892; x_wconf 85' lang='lat' dir='ltr'><strong>excelsis</strong></span> <span class='ocrx_word' id='word_1_768' title='bbox 2682 3837 2808 3901; x_wconf 90' lang='lat' dir='ltr'><strong>tuis,</strong></span> <span class='ocrx_word' id='word_1_769' title='bbox 2843 3855 2862 3889; x_wconf 83' lang='grc'><strong>›</strong></span> <span class='ocrx_word' id='word_1_770' title='bbox 2891 3837 2996 3892; x_wconf 92' lang='lat' dir='ltr'><strong>hoc</strong></span> <span class='ocrx_word' id='word_1_771' title='bbox 3036 3845 3120 3892; x_wconf 85' lang='lat' dir='ltr'><strong>est</strong></span> <span class='ocrx_word' id='word_1_772' title='bbox 3153 3839 3204 3892; x_wconf 91' lang='lat' dir='ltr'><strong>in</strong></span> <span class='ocrx_word' id='word_1_773' title='bbox 3241 3847 3464 3908; x_wconf 89' lang='lat' dir='ltr'><strong>peccato</strong></span> 
     </span>
    </p>
   </div>
   <div class='ocr_carea' id='block_1_98' title="bbox 1867 3927 3460 3992">
    <p class='ocr_par' dir='ltr' id='par_1_98' title="bbox 1867 3927 3460 3992">
     <span class='ocr_line' id='line_1_98' title="bbox 1867 3927 3460 3992; baseline 0 -10"><span class='ocrx_word' id='word_1_774' title='bbox 1867 3927 2247 3982; x_wconf 76' lang='lat' dir='ltr'><strong>inobedientiae</strong></span> <span class='ocrx_word' id='word_1_775' title='bbox 2280 3935 2382 3981; x_wconf 65' lang='lat' dir='ltr'><strong>tute</strong></span> <span class='ocrx_word' id='word_1_776' title='bbox 2406 3927 2644 3992; x_wconf 86' lang='lat' dir='ltr'><strong>occisus,</strong></span> <span class='ocrx_word' id='word_1_777' title='bbox 2668 3928 2990 3982; x_wconf 87' lang='lat' dir='ltr'><strong>subauditur</strong></span> <span class='ocrx_word' id='word_1_778' title='bbox 3015 3944 3087 3981; x_wconf 81' lang='lat' dir='ltr'><strong>es.</strong></span> <span class='ocrx_word' id='word_1_779' title='bbox 3120 3927 3260 3983; x_wconf 90' lang='lat' dir='ltr'><strong>Ecce</strong></span> <span class='ocrx_word' id='word_1_780' title='bbox 3287 3928 3460 3983; x_wconf 89' lang='lat' dir='ltr'><strong>histo-</strong></span> 
     </span>
    </p>
   </div>
   <div class='ocr_carea' id='block_1_99' title="bbox 1867 4019 3464 4094">
    <p class='ocr_par' dir='ltr' id='par_1_99' title="bbox 1867 4019 3464 4094">
     <span class='ocr_line' id='line_1_99' title="bbox 1867 4019 3464 4094; baseline 0.002 -20"><span class='ocrx_word' id='word_1_781' title='bbox 1867 4020 2023 4074; x_wconf 90' lang='lat' dir='ltr'><strong>riam.</strong></span> <span class='ocrx_word' id='word_1_782' title='bbox 2048 4019 2313 4076; x_wconf 70' lang='lat' dir='ltr'><strong>Caeterum</strong></span> <span class='ocrx_word' id='word_1_783' title='bbox 2341 4019 2696 4090; x_wconf 89' lang='lat' dir='ltr'><strong>spiritualiter</strong></span> <span class='ocrx_word' id='word_1_784' title='bbox 2723 4022 2852 4092; x_wconf 86' lang='lat' dir='ltr'><strong>quid</strong></span> <span class='ocrx_word' id='word_1_785' title='bbox 2879 4031 2982 4087; x_wconf 90' lang='lat' dir='ltr'><strong>est,</strong></span> <span class='ocrx_word' id='word_1_786' title='bbox 3005 4024 3150 4092; x_wconf 92' lang='lat' dir='ltr'><strong>quod</strong></span> <span class='ocrx_word' id='word_1_787' title='bbox 3181 4021 3348 4079; x_wconf 79' lang='lat' dir='ltr'><strong>David</strong></span> <span class='ocrx_word' id='word_1_788' title='bbox 3371 4024 3464 4094; x_wconf 91' lang='lat' dir='ltr'><strong>qui</strong></span> 
     </span>
    </p>
   </div>
   <div class='ocr_carea' id='block_1_100' title="bbox 1865 4109 3467 4181">
    <p class='ocr_par' dir='ltr' id='par_1_100' title="bbox 1865 4109 3467 4181">
     <span class='ocr_line' id='line_1_100' title="bbox 1865 4109 3467 4181; baseline 0.004 -16"><span class='ocrx_word' id='word_1_789' title='bbox 1865 4109 2300 4165; x_wconf 84' lang='lat' dir='ltr'><strong>retribuentibus</strong></span> <span class='ocrx_word' id='word_1_790' title='bbox 2334 4111 2477 4165; x_wconf 83' lang='lat' dir='ltr'><strong>mala</strong></span> <span class='ocrx_word' id='word_1_791' title='bbox 2507 4128 2613 4167; x_wconf 89' lang='lat' dir='ltr'><strong>non</strong></span> <span class='ocrx_word' id='word_1_792' title='bbox 2647 4111 2912 4181; x_wconf 84' lang='lat' dir='ltr'><strong>reddidit,</strong></span> <span class='ocrx_word' id='word_1_793' title='bbox 2951 4125 3075 4169; x_wconf 76' lang='lat' dir='ltr'><strong>cam</strong></span> <span class='ocrx_word' id='word_1_794' title='bbox 3114 4113 3243 4170; x_wconf 87' lang='lat' dir='ltr'><strong>Saul</strong></span> <span class='ocrx_word' id='word_1_795' title='bbox 3281 4124 3336 4170; x_wconf 88' lang='lat' dir='ltr'><strong>et</strong></span> <span class='ocrx_word' id='word_1_796' title='bbox 3375 4113 3467 4171; x_wconf 80' lang='lat' dir='ltr'><strong>Jo-</strong></span> 
     </span>
    </p>
   </div>
   <div class='ocr_carea' id='block_1_101' title="bbox 1866 4201 3466 4271">
    <p class='ocr_par' dir='ltr' id='par_1_101' title="bbox 1866 4201 3466 4271">
     <span class='ocr_line' id='line_1_101' title="bbox 1866 4201 3466 4271; baseline 0.006 -15"><span class='ocrx_word' id='word_1_797' title='bbox 1866 4203 2073 4257; x_wconf 83' lang='lat' dir='ltr'><strong>nathan</strong></span> <span class='ocrx_word' id='word_1_798' title='bbox 2097 4201 2238 4258; x_wconf 89' lang='lat' dir='ltr'><strong>bello</strong></span> <span class='ocrx_word' id='word_1_799' title='bbox 2261 4205 2652 4260; x_wconf 89' lang='lat' dir='ltr'><strong>occumberent</strong></span> <span class='ocrx_word' id='word_1_800' title='bbox 2669 4245 2684 4271; x_wconf 94' lang='lat'><strong>,</strong></span> <span class='ocrx_word' id='word_1_801' title='bbox 2707 4203 2910 4262; x_wconf 87' lang='lat' dir='ltr'><strong>Gelboe</strong></span> <span class='ocrx_word' id='word_1_802' title='bbox 2941 4207 3212 4264; x_wconf 85' lang='lat' dir='ltr'><strong>montibus</strong></span> <span class='ocrx_word' id='word_1_803' title='bbox 3247 4209 3466 4265; x_wconf 87' lang='lat' dir='ltr'><strong>maledi-</strong></span> 
     </span>
    </p>
   </div>
   <div class='ocr_carea' id='block_1_102' title="bbox 1867 4291 3466 4371">
    <p class='ocr_par' dir='ltr' id='par_1_102' title="bbox 1867 4291 3466 4371">
     <span class='ocr_line' id='line_1_102' title="bbox 1867 4291 3466 4371; baseline 0.006 -21"><span class='ocrx_word' id='word_1_804' title='bbox 1867 4296 1961 4360; x_wconf 89' lang='lat' dir='ltr'><strong>cit,</strong></span> <span class='ocrx_word' id='word_1_805' title='bbox 1999 4295 2186 4352; x_wconf 88' lang='lat' dir='ltr'><strong>dicens</strong></span> <span class='ocrx_word' id='word_1_806' title='bbox 2217 4314 2229 4349; x_wconf 89' lang='lat'><strong>:</strong></span> <span class='ocrx_word' id='word_1_807' title='bbox 2267 4316 2284 4347; x_wconf 87' lang='grc'><strong>‹</strong></span> <span class='ocrx_word' id='word_1_808' title='bbox 2317 4291 2531 4353; x_wconf 89' lang='lat' dir='ltr'><strong>Montes</strong></span> <span class='ocrx_word' id='word_1_809' title='bbox 2568 4297 2794 4366; x_wconf 89' lang='lat' dir='ltr'><strong>Gelboe,</strong></span> <span class='ocrx_word' id='word_1_810' title='bbox 2833 4300 3040 4371; x_wconf 86' lang='lat' dir='ltr'><strong>inquit,</strong></span> <span class='ocrx_word' id='word_1_811' title='bbox 3072 4317 3171 4357; x_wconf 92' lang='lat' dir='ltr'><strong>nec</strong></span> <span class='ocrx_word' id='word_1_812' title='bbox 3204 4319 3292 4358; x_wconf 83' lang='lat' dir='ltr'><strong>ros</strong></span> <span class='ocrx_word' id='word_1_813' title='bbox 3313 4345 3328 4370; x_wconf 91' lang='lat'><strong>,</strong></span> <span class='ocrx_word' id='word_1_814' title='bbox 3365 4319 3466 4360; x_wconf 91' lang='lat' dir='ltr'><strong>nec</strong></span> 
     </span>
    </p>
   </div>
   <div class='ocr_carea' id='block_1_103' title="bbox 1866 4391 3462 4468">
    <p class='ocr_par' dir='ltr' id='par_1_103' title="bbox 1866 4391 3462 4468">
     <span class='ocr_line' id='line_1_103' title="bbox 1866 4391 3462 4468; baseline 0.006 -23"><span class='ocrx_word' id='word_1_815' title='bbox 1866 4391 2049 4463; x_wconf 86' lang='lat' dir='ltr'><strong>pluvia</strong></span> <span class='ocrx_word' id='word_1_816' title='bbox 2068 4433 2082 4459; x_wconf 96' lang='lat'><strong>,</strong></span> <span class='ocrx_word' id='word_1_817' title='bbox 2111 4393 2331 4447; x_wconf 87' lang='lat' dir='ltr'><strong>veniant</strong></span> <span class='ocrx_word' id='word_1_818' title='bbox 2354 4407 2517 4464; x_wconf 88' lang='lat' dir='ltr'><strong>super</strong></span> <span class='ocrx_word' id='word_1_819' title='bbox 2542 4409 2660 4450; x_wconf 90' lang='lat' dir='ltr'><strong>vos.</strong></span> <span class='ocrx_word' id='word_1_820' title='bbox 2690 4395 2878 4465; x_wconf 90' lang='lat' dir='ltr'><strong>Neque</strong></span> <span class='ocrx_word' id='word_1_821' title='bbox 2910 4397 3019 4451; x_wconf 90' lang='lat' dir='ltr'><strong>sint</strong></span> <span class='ocrx_word' id='word_1_822' title='bbox 3047 4399 3162 4468; x_wconf 87' lang='lat' dir='ltr'><strong>agri</strong></span> <span class='ocrx_word' id='word_1_823' title='bbox 3191 4398 3462 4468; x_wconf 87' lang='lat' dir='ltr'><strong>primitia-</strong></span> 
     </span>
    </p>
   </div>
   <div class='ocr_carea' id='block_1_104' title="bbox 1791 4486 3468 4588">
    <p class='ocr_par' dir='ltr' id='par_1_104' title="bbox 1791 4486 3468 4588">
     <span class='ocr_line' id='line_1_104' title="bbox 1791 4486 3468 4588; baseline 0.005 -48"><span class='ocrx_word' id='word_1_824' title='bbox 1791 4529 1844 4588; x_wconf 73' lang='grc' dir='ltr'><strong>Ι)</strong></span> <span class='ocrx_word' id='word_1_825' title='bbox 1870 4502 1992 4540; x_wconf 90' lang='lat' dir='ltr'><strong>rum</strong></span> <span class='ocrx_word' id='word_1_826' title='bbox 2035 4487 2159 4556; x_wconf 89' lang='lat' dir='ltr'><strong>quia</strong></span> <span class='ocrx_word' id='word_1_827' title='bbox 2197 4486 2282 4542; x_wconf 87' lang='lat' dir='ltr'><strong>ibi.</strong></span> <span class='ocrx_word' id='word_1_828' title='bbox 2314 4486 2563 4557; x_wconf 88' lang='lat' dir='ltr'><strong>abjectus</strong></span> <span class='ocrx_word' id='word_1_829' title='bbox 2592 4497 2676 4544; x_wconf 89' lang='lat' dir='ltr'><strong>est</strong></span> <span class='ocrx_word' id='word_1_830' title='bbox 2701 4489 2923 4561; x_wconf 85' lang='lat' dir='ltr'><strong>clypeus</strong></span> <span class='ocrx_word' id='word_1_831' title='bbox 2961 4489 3220 4558; x_wconf 89' lang='lat' dir='ltr'><strong>fortium,</strong></span> <span class='ocrx_word' id='word_1_832' title='bbox 3248 4491 3468 4564; x_wconf 83' lang='lat' dir='ltr'><strong>clypeus</strong></span> 
     </span>
    </p>
   </div>
   <div class='ocr_carea' id='block_1_105' title="bbox 1872 4579 3494 4658">
    <p class='ocr_par' dir='ltr' id='par_1_105' title="bbox 1872 4579 3494 4658">
     <span class='ocr_line' id='line_1_105' title="bbox 1872 4579 3494 4658; baseline 0.005 -24"><span class='ocrx_word' id='word_1_833' title='bbox 1872 4579 2024 4646; x_wconf 89' lang='lat' dir='ltr'><strong>Saul,</strong></span> <span class='ocrx_word' id='word_1_834' title='bbox 2046 4581 2198 4650; x_wconf 87' lang='lat' dir='ltr'><strong>quasi</strong></span> <span class='ocrx_word' id='word_1_835' title='bbox 2229 4597 2336 4636; x_wconf 89' lang='lat' dir='ltr'><strong>non</strong></span> <span class='ocrx_word' id='word_1_836' title='bbox 2361 4591 2507 4638; x_wconf 88' lang='lat' dir='ltr'><strong>esset</strong></span> <span class='ocrx_word' id='word_1_837' title='bbox 2538 4593 2730 4639; x_wconf 87' lang='lat' dir='ltr'><strong>unctus</strong></span> <span class='ocrx_word' id='word_1_838' title='bbox 2757 4583 2898 4639; x_wconf 90' lang='lat' dir='ltr'><strong>oleo.</strong></span> <span class='ocrx_word' id='word_1_839' title='bbox 2935 4604 2953 4636; x_wconf 75' lang='grc' dir='ltr'><strong>ι</strong></span> <span class='ocrx_word' id='word_1_840' title='bbox 2985 4585 3124 4652; x_wconf 87' lang='lat' dir='ltr'><strong>Quid</strong></span> <span class='ocrx_word' id='word_1_841' title='bbox 3156 4602 3287 4658; x_wconf 89' lang='lat' dir='ltr'><strong>ergo</strong></span> <span class='ocrx_word' id='word_1_842' title='bbox 3313 4602 3494 4642; x_wconf 68' lang='lat' dir='ltr'><strong>mon--</strong></span> 
     </span>
    </p>
   </div>
   <div class='ocr_carea' id='block_1_106' title="bbox 1872 4674 3466 4748">
    <p class='ocr_par' dir='ltr' id='par_1_106' title="bbox 1872 4674 3466 4748">
     <span class='ocr_line' id='line_1_106' title="bbox 1872 4674 3466 4748; baseline 0.004 -18"><span class='ocrx_word' id='word_1_843' title='bbox 1872 4685 1956 4730; x_wconf 88' lang='lat' dir='ltr'><strong>tes</strong></span> <span class='ocrx_word' id='word_1_844' title='bbox 1984 4674 2208 4742; x_wconf 88' lang='lat' dir='ltr'><strong>Gelboe,</strong></span> <span class='ocrx_word' id='word_1_845' title='bbox 2245 4675 2375 4729; x_wconf 90' lang='lat' dir='ltr'><strong>Saul</strong></span> <span class='ocrx_word' id='word_1_846' title='bbox 2408 4677 2698 4744; x_wconf 87' lang='lat' dir='ltr'><strong>moriente,</strong></span> <span class='ocrx_word' id='word_1_847' title='bbox 2726 4676 3092 4748; x_wconf 87' lang='lat' dir='ltr'><strong>deliquerunt,</strong></span> <span class='ocrx_word' id='word_1_848' title='bbox 3121 4689 3386 4748; x_wconf 84' lang='lat' dir='ltr'><strong>quatenus</strong></span> <span class='ocrx_word' id='word_1_849' title='bbox 3411 4679 3466 4736; x_wconf 88' lang='lat' dir='ltr'><strong>in</strong></span> 
     </span>
    </p>
   </div>
   <div class='ocr_carea' id='block_1_107' title="bbox 1867 4766 3466 4839">
    <p class='ocr_par' dir='ltr' id='par_1_107' title="bbox 1867 4766 3466 4839">
     <span class='ocr_line' id='line_1_107' title="bbox 1867 4766 3466 4839; baseline 0.004 -18"><span class='ocrx_word' id='word_1_850' title='bbox 1867 4766 1948 4821; x_wconf 90' lang='lat' dir='ltr'><strong>eis</strong></span> <span class='ocrx_word' id='word_1_851' title='bbox 1970 4782 2068 4822; x_wconf 91' lang='lat' dir='ltr'><strong>nec</strong></span> <span class='ocrx_word' id='word_1_852' title='bbox 2091 4783 2180 4822; x_wconf 91' lang='lat' dir='ltr'><strong>ros</strong></span> <span class='ocrx_word' id='word_1_853' title='bbox 2219 4783 2317 4822; x_wconf 89' lang='lat' dir='ltr'><strong>nec</strong></span> <span class='ocrx_word' id='word_1_854' title='bbox 2355 4768 2534 4839; x_wconf 87' lang='lat' dir='ltr'><strong>pluvia</strong></span> <span class='ocrx_word' id='word_1_855' title='bbox 2566 4770 2814 4835; x_wconf 88' lang='lat' dir='ltr'><strong>caderet,</strong></span> <span class='ocrx_word' id='word_1_856' title='bbox 2848 4780 2902 4825; x_wconf 89' lang='lat' dir='ltr'><strong>et</strong></span> <span class='ocrx_word' id='word_1_857' title='bbox 2931 4771 2999 4826; x_wconf 87' lang='lat' dir='ltr'><strong>ab</strong></span> <span class='ocrx_word' id='word_1_858' title='bbox 3024 4773 3170 4826; x_wconf 88' lang='lat' dir='ltr'><strong>omni</strong></span> <span class='ocrx_word' id='word_1_859' title='bbox 3210 4788 3305 4827; x_wconf 91' lang='lat' dir='ltr'><strong>eos</strong></span> <span class='ocrx_word' id='word_1_860' title='bbox 3335 4772 3466 4827; x_wconf 86' lang='lat' dir='ltr'><strong>viri-</strong></span> 
     </span>
    </p>
   </div>
   <div class='ocr_carea' id='block_1_108' title="bbox 1870 4857 3463 4932">
    <p class='ocr_par' dir='ltr' id='par_1_108' title="bbox 1870 4857 3463 4932">
     <span class='ocr_line' id='line_1_108' title="bbox 1870 4857 3463 4932; baseline 0.003 -20"><span class='ocrx_word' id='word_1_861' title='bbox 1870 4857 2057 4912; x_wconf 89' lang='lat' dir='ltr'><strong>ditatis</strong></span> <span class='ocrx_word' id='word_1_862' title='bbox 2083 4858 2349 4928; x_wconf 88' lang='lat' dir='ltr'><strong>germine,</strong></span> <span class='ocrx_word' id='word_1_863' title='bbox 2373 4861 2656 4915; x_wconf 86' lang='lat' dir='ltr'><strong>sententiae</strong></span> <span class='ocrx_word' id='word_1_864' title='bbox 2682 4877 2884 4927; x_wconf 89' lang='lat' dir='ltr'><strong>sermo,</strong></span> <span class='ocrx_word' id='word_1_865' title='bbox 2911 4862 3174 4918; x_wconf 89' lang='lat' dir='ltr'><strong>siccaret?</strong></span> <span class='ocrx_word' id='word_1_866' title='bbox 3200 4863 3306 4918; x_wconf 89' lang='lat' dir='ltr'><strong>Sed</strong></span> <span class='ocrx_word' id='word_1_867' title='bbox 3335 4863 3463 4932; x_wconf 88' lang='lat' dir='ltr'><strong>quia</strong></span> 
     </span>
    </p>
   </div>
   <div class='ocr_carea' id='block_1_109' title="bbox 1871 4949 3466 5022">
    <p class='ocr_par' dir='ltr' id='par_1_109' title="bbox 1871 4949 3466 5022">
     <span class='ocr_line' id='line_1_109' title="bbox 1871 4949 3466 5022; baseline 0.001 -16"><span class='ocrx_word' id='word_1_868' title='bbox 1871 4949 2073 5006; x_wconf 90' lang='lat' dir='ltr'><strong>Gelboe</strong></span> <span class='ocrx_word' id='word_1_869' title='bbox 2102 4950 2490 5020; x_wconf 88' lang='lat' dir='ltr'><strong>interpretatur</strong></span> <span class='ocrx_word' id='word_1_870' title='bbox 2531 4952 2818 5020; x_wconf 80' lang='lat' dir='ltr'><strong>decursus,</strong></span> <span class='ocrx_word' id='word_1_871' title='bbox 2852 4970 2951 5022; x_wconf 89' lang='lat' dir='ltr'><strong>per</strong></span> <span class='ocrx_word' id='word_1_872' title='bbox 2983 4954 3111 5008; x_wconf 90' lang='lat' dir='ltr'><strong>Saul</strong></span> <span class='ocrx_word' id='word_1_873' title='bbox 3146 4964 3322 5009; x_wconf 90' lang='lat' dir='ltr'><strong>autem</strong></span> <span class='ocrx_word' id='word_1_874' title='bbox 3361 4970 3466 5008; x_wconf 78' lang='lat' dir='ltr'><strong>un-</strong></span> 
     </span>
    </p>
   </div>
   <div class='ocr_carea' id='block_1_110' title="bbox 1873 5045 3462 5114">
    <p class='ocr_par' dir='ltr' id='par_1_110' title="bbox 1873 5045 3462 5114">
     <span class='ocr_line' id='line_1_110' title="bbox 1873 5045 3462 5114; baseline 0.001 -15"><span class='ocrx_word' id='word_1_875' title='bbox 1873 5051 2020 5100; x_wconf 92' lang='lat' dir='ltr'><strong>ctum</strong></span> <span class='ocrx_word' id='word_1_876' title='bbox 2047 5051 2102 5098; x_wconf 91' lang='lat' dir='ltr'><strong>et</strong></span> <span class='ocrx_word' id='word_1_877' title='bbox 2133 5051 2433 5109; x_wconf 89' lang='lat' dir='ltr'><strong>mortuum,</strong></span> <span class='ocrx_word' id='word_1_878' title='bbox 2474 5060 2623 5100; x_wconf 92' lang='lat' dir='ltr'><strong>mors</strong></span> <span class='ocrx_word' id='word_1_879' title='bbox 2649 5046 2821 5100; x_wconf 89' lang='lat' dir='ltr'><strong>nostri</strong></span> <span class='ocrx_word' id='word_1_880' title='bbox 2853 5046 3162 5102; x_wconf 85' lang='lat' dir='ltr'><strong>Mediatoris</strong></span> <span class='ocrx_word' id='word_1_881' title='bbox 3202 5045 3462 5114; x_wconf 82' lang='lat' dir='ltr'><strong>exprimi-</strong></span> 
     </span>
    </p>
   </div>
   <div class='ocr_carea' id='block_1_111' title="bbox 1874 5133 3468 5206">
    <p class='ocr_par' dir='ltr' id='par_1_111' title="bbox 1874 5133 3468 5206">
     <span class='ocr_line' id='line_1_111' title="bbox 1874 5133 3468 5206; baseline 0.001 -17"><span class='ocrx_word' id='word_1_882' title='bbox 1874 5143 1986 5198; x_wconf 89' lang='lat' dir='ltr'><strong>tur,</strong></span> <span class='ocrx_word' id='word_1_883' title='bbox 2013 5149 2118 5188; x_wconf 87' lang='lat' dir='ltr'><strong>non</strong></span> <span class='ocrx_word' id='word_1_884' title='bbox 2151 5133 2424 5189; x_wconf 88' lang='lat' dir='ltr'><strong>immerito</strong></span> <span class='ocrx_word' id='word_1_885' title='bbox 2451 5147 2548 5204; x_wconf 91' lang='lat' dir='ltr'><strong>per</strong></span> <span class='ocrx_word' id='word_1_886' title='bbox 2581 5133 2785 5192; x_wconf 89' lang='lat' dir='ltr'><strong>Gelboe</strong></span> <span class='ocrx_word' id='word_1_887' title='bbox 2819 5146 3066 5202; x_wconf 87' lang='lat' dir='ltr'><strong>montes,</strong></span> <span class='ocrx_word' id='word_1_888' title='bbox 3107 5133 3340 5206; x_wconf 89' lang='lat' dir='ltr'><strong>superba</strong></span> <span class='ocrx_word' id='word_1_889' title='bbox 3374 5134 3468 5192; x_wconf 80' lang='lat' dir='ltr'><strong>Ju-</strong></span> 
     </span>
    </p>
   </div>
   <div class='ocr_carea' id='block_1_112' title="bbox 1874 5224 3538 5297">
    <p class='ocr_par' dir='ltr' id='par_1_112' title="bbox 1874 5224 3538 5297">
     <span class='ocr_line' id='line_1_112' title="bbox 1874 5224 3538 5297; baseline 0.002 -18"><span class='ocrx_word' id='word_1_890' title='bbox 1874 5227 2115 5279; x_wconf 71' lang='lat' dir='ltr'><strong>daeorum</strong></span> <span class='ocrx_word' id='word_1_891' title='bbox 2152 5224 2317 5279; x_wconf 90' lang='lat' dir='ltr'><strong>corda</strong></span> <span class='ocrx_word' id='word_1_892' title='bbox 2350 5225 2660 5296; x_wconf 84' lang='lat' dir='ltr'><strong>signantur,</strong></span> <span class='ocrx_word' id='word_1_893' title='bbox 2697 5243 2814 5297; x_wconf 84' lang='lat' dir='ltr'><strong>quae</strong></span> <span class='ocrx_word' id='word_1_894' title='bbox 2846 5227 2972 5282; x_wconf 90' lang='lat' dir='ltr'><strong>dum</strong></span> <span class='ocrx_word' id='word_1_895' title='bbox 2999 5227 3052 5282; x_wconf 91' lang='lat' dir='ltr'><strong>in</strong></span> <span class='ocrx_word' id='word_1_896' title='bbox 3083 5225 3240 5294; x_wconf 91' lang='lat' dir='ltr'><strong>hujus</strong></span> <span class='ocrx_word' id='word_1_897' title='bbox 3279 5226 3467 5282; x_wconf 88' lang='lat' dir='ltr'><strong>mundi</strong></span> <span class='ocrx_word' id='word_1_898' title='bbox 3531 5232 3538 5240; x_wconf 84' lang='lat'><em>&#39;</em></span> 
     </span>
    </p>
   </div>
   <div class='ocr_carea' id='block_1_113' title="bbox 1874 5314 3466 5384">
    <p class='ocr_par' dir='ltr' id='par_1_113' title="bbox 1874 5314 3466 5384">
     <span class='ocr_line' id='line_1_113' title="bbox 1874 5314 3466 5384; baseline 0.003 -14"><span class='ocrx_word' id='word_1_899' title='bbox 1874 5315 2157 5370; x_wconf 86' lang='lat' dir='ltr'><strong>desideriis</strong></span> <span class='ocrx_word' id='word_1_900' title='bbox 2181 5314 2420 5370; x_wconf 82' lang='lat' dir='ltr'><strong>defluunt</strong></span> <span class='ocrx_word' id='word_1_901' title='bbox 2444 5317 2497 5370; x_wconf 88' lang='lat' dir='ltr'><strong>in</strong></span> <span class='ocrx_word' id='word_1_902' title='bbox 2521 5315 2747 5384; x_wconf 88' lang='lat' dir='ltr'><strong>Christi,</strong></span> <span class='ocrx_word' id='word_1_903' title='bbox 2776 5317 2829 5372; x_wconf 91' lang='lat' dir='ltr'><strong>id</strong></span> <span class='ocrx_word' id='word_1_904' title='bbox 2853 5327 2937 5372; x_wconf 90' lang='lat' dir='ltr'><strong>est</strong></span> <span class='ocrx_word' id='word_1_905' title='bbox 2967 5317 3148 5384; x_wconf 91' lang='lat' dir='ltr'><strong>uncti,</strong></span> <span class='ocrx_word' id='word_1_906' title='bbox 3191 5334 3250 5374; x_wconf 91' lang='lat' dir='ltr'><strong>se</strong></span> <span class='ocrx_word' id='word_1_907' title='bbox 3290 5326 3466 5374; x_wconf 89' lang='lat' dir='ltr'><strong>morte</strong></span> 
     </span>
    </p>
   </div>
   <div class='ocr_carea' id='block_1_114' title="bbox 1881 5404 3465 5480">
    <p class='ocr_par' dir='ltr' id='par_1_114' title="bbox 1881 5404 3465 5480">
     <span class='ocr_line' id='line_1_114' title="bbox 1881 5404 3465 5480; baseline 0.001 -18"><span class='ocrx_word' id='word_1_908' title='bbox 1881 5405 2236 5462; x_wconf 87' lang='lat' dir='ltr'><strong>miscuerunt.</strong></span> <span class='ocrx_word' id='word_1_909' title='bbox 2269 5404 2336 5462; x_wconf 85' lang='lat' dir='ltr'><strong>Et</strong></span> <span class='ocrx_word' id='word_1_910' title='bbox 2365 5410 2489 5478; x_wconf 87' lang='lat' dir='ltr'><strong>quia</strong></span> <span class='ocrx_word' id='word_1_911' title='bbox 2524 5410 2576 5463; x_wconf 88' lang='lat' dir='ltr'><strong>in</strong></span> <span class='ocrx_word' id='word_1_912' title='bbox 2615 5410 2695 5464; x_wconf 89' lang='lat' dir='ltr'><strong>eis</strong></span> <span class='ocrx_word' id='word_1_913' title='bbox 2733 5418 2928 5465; x_wconf 89' lang='lat' dir='ltr'><strong>unctus</strong></span> <span class='ocrx_word' id='word_1_914' title='bbox 2975 5425 3070 5464; x_wconf 79' lang='lat' dir='ltr'><strong>rex</strong></span> <span class='ocrx_word' id='word_1_915' title='bbox 3107 5409 3465 5480; x_wconf 87' lang='lat' dir='ltr'><strong>corporaliter</strong></span> 
     </span>
    </p>
   </div>
   <div class='ocr_carea' id='block_1_115' title="bbox 1881 5497 3466 5572">
    <p class='ocr_par' dir='ltr' id='par_1_115' title="bbox 1881 5497 3466 5572">
     <span class='ocr_line' id='line_1_115' title="bbox 1881 5497 3466 5572; baseline 0.002 -19"><span class='ocrx_word' id='word_1_916' title='bbox 1881 5499 2130 5565; x_wconf 90' lang='lat' dir='ltr'><strong>moritur,</strong></span> <span class='ocrx_word' id='word_1_917' title='bbox 2163 5499 2264 5569; x_wconf 91' lang='lat' dir='ltr'><strong>ipsi</strong></span> <span class='ocrx_word' id='word_1_918' title='bbox 2292 5501 2358 5556; x_wconf 89' lang='lat' dir='ltr'><strong>ab</strong></span> <span class='ocrx_word' id='word_1_919' title='bbox 2381 5502 2527 5555; x_wconf 83' lang='lat' dir='ltr'><strong>omni</strong></span> <span class='ocrx_word' id='word_1_920' title='bbox 2557 5502 2742 5572; x_wconf 64' lang='lat' dir='ltr'><strong>gratiae</strong></span> <span class='ocrx_word' id='word_1_921' title='bbox 2777 5515 2900 5554; x_wconf 92' lang='lat' dir='ltr'><strong>rore</strong></span> <span class='ocrx_word' id='word_1_922' title='bbox 2928 5497 3222 5556; x_wconf 84' lang='lat' dir='ltr'><strong>siccantur.</strong></span> <span class='ocrx_word' id='word_1_923' title='bbox 3248 5502 3324 5556; x_wconf 92' lang='lat' dir='ltr'><strong>De</strong></span> <span class='ocrx_word' id='word_1_924' title='bbox 3347 5502 3466 5571; x_wconf 91' lang='lat' dir='ltr'><strong>qui-</strong></span> 
     </span>
    </p>
   </div>
   <div class='ocr_carea' id='block_1_116' title="bbox 1879 5589 3504 5667">
    <p class='ocr_par' dir='ltr' id='par_1_116' title="bbox 1879 5589 3504 5667">
     <span class='ocr_line' id='line_1_116' title="bbox 1879 5589 3504 5667; baseline 0.001 -22"><span class='ocrx_word' id='word_1_925' title='bbox 1879 5592 1980 5645; x_wconf 88' lang='lat' dir='ltr'><strong>bus</strong></span> <span class='ocrx_word' id='word_1_926' title='bbox 2026 5599 2082 5646; x_wconf 87' lang='lat' dir='ltr'><strong>et</strong></span> <span class='ocrx_word' id='word_1_927' title='bbox 2126 5591 2262 5648; x_wconf 90' lang='lat' dir='ltr'><strong>bene</strong></span> <span class='ocrx_word' id='word_1_928' title='bbox 2293 5593 2527 5648; x_wconf 90' lang='lat' dir='ltr'><strong>dicitur:</strong></span> <span class='ocrx_word' id='word_1_929' title='bbox 2568 5612 2584 5642; x_wconf 87' lang='grc'><strong>‹</strong></span> <span class='ocrx_word' id='word_1_930' title='bbox 2619 5592 2746 5663; x_wconf 85' lang='lat' dir='ltr'><strong>Agri</strong></span> <span class='ocrx_word' id='word_1_931' title='bbox 2789 5589 3151 5662; x_wconf 79' lang='lat' dir='ltr'><strong>pri-niitiarum</strong></span> <span class='ocrx_word' id='word_1_932' title='bbox 3194 5609 3315 5650; x_wconf 87' lang='lat' dir='ltr'><strong>esse</strong></span> <span class='ocrx_word' id='word_1_933' title='bbox 3361 5611 3466 5648; x_wconf 84' lang='lat' dir='ltr'><strong>non</strong></span> <span class='ocrx_word' id='word_1_934' title='bbox 3492 5647 3504 5667; x_wconf 29' lang='grc' dir='ltr'>,η</span> 
     </span>
    </p>
   </div>
   <div class='ocr_carea' id='block_1_117' title="bbox 1878 5684 3467 5759">
    <p class='ocr_par' dir='ltr' id='par_1_117' title="bbox 1878 5684 3467 5759">
     <span class='ocr_line' id='line_1_117' title="bbox 1878 5684 3467 5759; baseline 0.003 -21"><span class='ocrx_word' id='word_1_935' title='bbox 1878 5691 2122 5754; x_wconf 87' lang='lat' dir='ltr'><strong>possunt.</strong></span> <span class='ocrx_word' id='word_1_936' title='bbox 2160 5705 2178 5737; x_wconf 76' lang='grc' dir='ltr'><strong>ι</strong></span> <span class='ocrx_word' id='word_1_937' title='bbox 2217 5684 2478 5756; x_wconf 72' lang='lat' dir='ltr'><strong>Superba:</strong></span> <span class='ocrx_word' id='word_1_938' title='bbox 2509 5684 2704 5754; x_wconf 89' lang='lat' dir='ltr'><strong>quippe</strong></span> <span class='ocrx_word' id='word_1_939' title='bbox 2731 5685 3081 5742; x_wconf 70' lang='lat' dir='ltr'><strong>Hebrzeortun</strong></span> <span class='ocrx_word' id='word_1_940' title='bbox 3106 5697 3332 5754; x_wconf 90' lang='lat' dir='ltr'><strong>mentes,</strong></span> <span class='ocrx_word' id='word_1_941' title='bbox 3360 5689 3467 5759; x_wconf 86' lang='lat' dir='ltr'><strong>pri-</strong></span> 
     </span>
    </p>
   </div>
   <div class='ocr_carea' id='block_1_118' title="bbox 1879 5771 3508 5852">
    <p class='ocr_par' dir='ltr' id='par_1_118' title="bbox 1879 5771 3508 5852">
     <span class='ocr_line' id='line_1_118' title="bbox 1879 5771 3508 5852; baseline 0.001 -20"><span class='ocrx_word' id='word_1_942' title='bbox 1879 5778 2096 5834; x_wconf 81' lang='lat' dir='ltr'><strong>iuitivos</strong></span> <span class='ocrx_word' id='word_1_943' title='bbox 2124 5778 2332 5836; x_wconf 86' lang='lat' dir='ltr'><strong>fructus</strong></span> <span class='ocrx_word' id='word_1_944' title='bbox 2359 5795 2464 5832; x_wconf 89' lang='lat' dir='ltr'><strong>non</strong></span> <span class='ocrx_word' id='word_1_945' title='bbox 2497 5778 2700 5846; x_wconf 87' lang='lat' dir='ltr'><strong>ferunt,</strong></span> <span class='ocrx_word' id='word_1_946' title='bbox 2725 5779 2851 5852; x_wconf 89' lang='lat' dir='ltr'><strong>quia</strong></span> <span class='ocrx_word' id='word_1_947' title='bbox 2877 5780 2929 5836; x_wconf 87' lang='lat' dir='ltr'><strong>in</strong></span> <span class='ocrx_word' id='word_1_948' title='bbox 2957 5779 3340 5842; x_wconf 76' lang='lat' dir='ltr'><strong>Redemptoris</strong></span> <span class='ocrx_word' id='word_1_949' title='bbox 3367 5783 3463 5834; x_wconf 77' lang='lat' dir='ltr'><strong>ad-</strong></span> <span class='ocrx_word' id='word_1_950' title='bbox 3506 5771 3508 5773; x_wconf 51' lang='grc'><em>’</em></span> 
     </span>
    </p>
   </div>
  </div>
