3970 6332
497 335 506 343 ’
575 360 681 418 555

1623 353 1969 410 ANGELOMI
2008 348 2470 408 LUXOVIENSIS
2509 351 2818 409 MONACHI
3161 409 3169 420 ι
3716 362 3786 417 ωδ

573 493 760 551 ventu,
789 498 859 539 ex
887 489 1044 552 parte
1083 479 1356 543 maxima,
1403 480 1456 534 in
1513 476 1737 550 perﬁdia
1786 483 2161 538 remanentes,
2198 475 2243 533 A
2277 491 2295 524 ι
2341 479 2398 527 ut
2427 479 2677 543 regnaret
2704 486 2868 542 super
2914 470 3131 525 domum
3177 467 3344 525 Juda.
3413 487 3432 521 ι
3489 469 3678 543 Ungunt
3718 479 3784 536 viri
3866 499 3867 552 1

572 573 873 648 primordia
903 570 1028 628 ﬁdei
1055 571 1210 641 sequi
1239 568 1544 627 noluerunt.
1573 567 1772 622 Sancta
1800 581 2037 637 namque
2063 565 2164 620 Ec-

573 666 741 724 clesia
767 665 823 720 in
851 662 1114 735 primitiis
1143 662 1287 726 suis,
1329 659 1669 715 multitudine
1697 657 1939 729 gentium
1975 656 2163 712 fecun—

574 755 725 822 data,
747 755 840 810 vix
864 755 920 810 in
946 753 1133 808 mundi
1163 751 1289 818 ﬁne,
1313 749 1525 806 Judaeos
1550 765 1685 820 quos
1705 749 1976 804 invenerit
1997 746 2164 803 susci-

571 851 674 922 pit,
692 858 747 906 et
763 857 1011 904 extrema
1025 845 1306 917 colligens,
1327 859 1420 900 eos
1433 843 1586 914 quasi
1601 858 1701 914 pro
1715 841 1958 913 reliquiis
1979 841 2162 911 fruges

571 941 742 1010 ponit.
772 939 849 996 De
875 939 1073 1010 quibus
1105 937 1360 991 nimirum
1385 932 1822 1004 reliquiislsaias
1843 932 1974 988 dicit
2000 950 2011 985 :
2044 951 2061 983 ι
2102 930 2161 987 Si

571 1033 739 1090 fuerit
778 1046 1035 1088 numerus
1083 1029 1317 1085 ﬁliorum
1358 1026 1523 1082 Israel
1557 1026 1712 1096 quasi
1753 1040 1920 1080 arena
1957 1023 2158 1090 maris,

574 1125 817 1196 reliquiae
859 1123 1022 1180 salva:
1062 1120 1193 1176 ﬁent
1235 1118 1372 1192 (Isa.
1403 1136 1466 1185 x;
1515 1117 1668 1174 Rom.
1713 1118 1813 1187 ιιι).
1863 1138 1880 1170 ι
1929 1117 2163 1173 Possunt

571 1230 807 1287 namque
832 1213 1036 1269 idcirco
1065 1210 1267 1267 Gelboe
1297 1220 1512 1267 montes
1545 1226 1640 1266 ore
1677 1211 1956 1282 prophetae
1991 1209 2158 1265 male-

569 1308 698 1374 dici,
727 1315 786 1361 ut
811 1307 938 1362 dum
963 1303 1173 1359 fructus
1199 1311 1554 1359 exarescente
1577 1311 1722 1358 terra
1753 1303 2000 1370 moritur,
2031 1317 2159 1372 pos-

568 1415 809 1456 sessores
843 1407 1037 1464 terrm,
1069 1397 1377 1453 sterilitatis
1413 1394 1929 1460 damnoferiantur,
1969 1405 2159 1465 quate-

568 1507 668 1545 nus
713 1490 814 1560 ipsi
860 1488 1261 1545 maledictionis
1301 1487 1626 1544 sententiam
1675 1487 2022 1557 acciperent,
2066 1485 2158 1554 qui

565 1581 708 1653 apud
739 1597 797 1638 se
826 1590 1059 1637 mortem
1091 1581 1237 1652 regis
1272 1580 1569 1650 suscipere,
1594 1577 1881 1648 iniquitate
1915 1593 2013 1633 sua
2043 1577 2158 1632 exi-

565 1683 747 1746 gente,
777 1673 1127 1729 meruissent.
1152 1671 1326 1726 Aliter
1345 1686 1476 1726 vero
1507 1669 1678 1725 David
1700 1669 1754 1724 in
1781 1683 2010 1739 persona
2035 1683 2158 1723 san-

565 1775 777 1820 ctorum
802 1764 1048 1834 deplorat
1073 1763 1332 1832 quosdam
1363 1761 1430 1817 de
1453 1761 1714 1827 Ecclesia,
1738 1761 1831 1831 qui
1861 1775 1958 1830 per
1977 1775 2159 1831 super-

2271 565 2406 622 Juda
2427 564 2597 620 David
2625 564 2681 618 in
2709 577 2912 635 regem,
2938 572 3001 617 ut
3024 570 3217 632 regnet
3243 575 3410 632 super
3439 559 3636 619 domtim
3674 566 3784 638 Iuda,

2269 659 2395 728 quia
2448 657 2695 729 superbis
2743 672 2808 712 ac
2849 657 3320 729 contemptoribus
3381 659 3785 726 spernentibusque
3866 695 3867 729 ,

2268 750 2504 824 gratiam.
2522 748 2619 804 Dei
2649 748 2888 814 abolitis,
2917 749 3072 804 electi
3105 749 3314 821 quique
3341 747 3484 805 bona
3509 748 3638 806 fama
3667 767 3784 812 sacrae

2266 841 2686 912 praedicationis,
2733 849 2789 897 et
2821 842 3082 898 virtutum
3115 842 3324 908 studio,
3379 842 3485 898 rite
3537 844 3786 903 conﬁtentur
3866 867 3867 910 ξ

2267 935 2545 992 Christum
2569 951 2690 993 esse
2719 951 2902 1008 regem
2930 937 2985 990 in
3017 937 3274 992 universo
3300 934 3517 1006 populo.
3563 937 3633 992 Ac
3664 938 3785 1008 ipsum
3866 927 3867 946 ¹

2266 1043 2408 1096 esse,
2438 1028 2525 1084 cui
2560 1047 2578 1080 ‹
2611 1028 2790 1084 omnis
2812 1035 3056 1098 potestas
3115 1043 3147 1082 a
3185 1026 3357 1082 Patre
3381 1026 3505 1081 data
3525 1036 3604 1083 est
3626 1029 3672 1083 in
3694 1030 3784 1086 ctrlo

2266 1130 2319 1176 et
2343 1121 2398 1175 in
2431 1128 2599 1185 terra,
2630 1127 2692 1174 ut
2720 1119 2777 1174 in
2803 1119 3020 1174 nomine
3045 1117 3172 1175 Iesu
3201 1132 3370 1173 omne
3405 1133 3541 1188 genu
3585 1119 3781 1187 ﬂectatur,

2264 1210 2588 1276 caalestium,
2615 1209 2953 1265 terrestrium
2981 1217 3037 1264 et
3066 1207 3411 1287 infernarum
3465 1205 3662 1281 (Philip.
3687 1214 3746 1282 ιι).
3769 1234 3779 1266 ι

2263 1301 2434 1358 Aliter
2462 1320 2476 1356 :
2505 1300 2637 1356 Post
2659 1309 2892 1357 mortem
2929 1299 3108 1355 Saulis
3141 1299 3375 1370 ungitur
3439 1298 3614 1365 David,
3651 1312 3696 1357 et
3729 1319 3781 1359 re.

2264 1403 2414 1466 gnat,
2444 1392 2809 1464 transfertque
2851 1407 3032 1448 arcam
3088 1389 3429 1448 Testamenti
3478 1391 3531 1445 in
3581 1392 3783 1448 civitatem

2264 1501 2417 1542 suam
2444 1504 2458 1540 :
2484 1487 2624 1542 sicut
2653 1486 2708 1541 in
2729 1485 3080 1555 sequentibus
3120 1483 3347 1555 legitur,
3407 1483 3473 1539 de
3514 1499 3610 1555 qua
3643 1485 3687 1540 in
3719 1503 3781 1542 suo

2263 1577 2382 1634 loco
2403 1577 2598 1633 dicturi
2617 1592 2826 1632 sumus.
2852 1575 3026 1631 Simili
3050 1589 3274 1646 quoque
3292 1575 3458 1631 modo
3473 1583 3588 1644 post
3607 1575 3782 1630 abolitio-

2263 1683 2386 1724 nem
2441 1669 2592 1738 regni
2643 1667 2974 1732 Judaeorum,
3015 1673 3070 1721 et
3113 1665 3414 1722 sacerdotii
3477 1666 3778 1728 cessationem.
3866 1695 3867 1736 ξ

2263 1773 2424 1814 verus
2447 1757 2637 1825 David,
2671 1757 2726 1812 id
2763 1767 2848 1813 est
2889 1757 3142 1812 Christus
3185 1756 3241 1812 in
3286 1755 3525 1812 Ecclesia
3547 1772 3652 1824 sua,
3673 1774 3780 1827 quam

565 1856 713 1910 biam
746 1863 998 1919 ruentes,
1025 1862 1190 1924 atque
1212 1869 1336 1908 cum
1374 1853 1711 1918 labentibus,
1740 1853 1862 1908 vitae
1882 1852 2164 1923 praesentis
2192 1849 2241 1910 B
2267 1867 2334 1908 ex
2359 1852 2609 1922 gentibus
2627 1850 2812 1922 elegit,
2840 1865 3064 1921 regnum
3098 1849 3313 1920 accepit
3341 1866 3356 1903 :
3389 1857 3446 1905 et
3468 1864 3635 1904 arcam
3655 1848 3779 1904 Testa-

566 1944 800 2000 stadium
831 1943 1206 2009 decurrentes,
1240 1941 1310 1996 ab
1339 1941 1570 2012 spiritali
1595 1941 1715 1997 luce
1739 1941 1958 2006 seclusi,
1993 1941 2157 1995 lubri-

565 2033 704 2098 cati,
733 2033 787 2089 id
817 2040 902 2088 est
928 2033 1186 2088 excaecati
1214 2041 1340 2087 sunt
1378 2051 1390 2085 :
1425 2031 1516 2100 qui
1551 2041 1914 2102 repugnantes
1951 2031 2156 2086 daemo-

565 2129 747 2194 nibus,
777 2127 1033 2184 labuntur
1059 2127 1114 2182 in
1143 2127 1376 2182 steculo:
1407 2127 1548 2197 quod
1591 2134 1674 2180 est
1721 2124 1987 2180 lubricum
2018 2125 2159 2196 (Gel-

564 2219 669 2273 boe
690 2217 836 2273 enim
876 2226 1124 2284 montes,
1157 2216 1344 2270 lubrici
1375 2216 1824 2287 interpretantur,
1859 2216 2158 2271 secundum

571 2309 712 2365 hanc
758 2308 1217 2381 intelligentiam),
1275 2318 1330 2364 et
1375 2324 1526 2380 spem
1581 2308 2010 2378 recuperationis
2049 2323 2160 2363 sua:

567 2405 902 2472 amittentes,
933 2404 1154 2477 proprio
1183 2417 1442 2458 mucrone
1461 2443 1477 2468 ,
1509 2403 1884 2474 desperatione
1908 2402 2161 2458 videlicet

561 2497 872 2569 perniciosa
913 2496 1176 2553 evadendi
1219 2496 1430 2551 hostem
1473 2496 1758 2566 antiquum
1782 2537 1797 2560 ,
1839 2494 2161 2565 semetipsos

563 2591 896 2647 interﬁciunt
921 2605 936 2644 :
967 2589 1109 2646 sicut
1129 2586 1260 2643 Saul
1289 2587 1502 2644 irruens
1533 2601 1696 2660 super
1729 2587 1968 2660 gladium
2001 2603 2157 2643 suum

568 2691 820 2739 mortuus
849 2690 953 2739 est.
987 2681 1155 2753 Cujus
1179 2681 1259 2737 rei
1293 2681 1628 2748 Philisthaei,
1661 2682 1765 2737 hoc
1805 2690 1890 2738 est
1937 2681 2158 2753 maligni

559 2771 818 2841 spiritus,
850 2773 917 2828 de
959 2771 1262 2829 interfectis
1305 2771 1477 2843 spolia
1505 2774 1768 2828 virtutum
1809 2774 2118 2830 auferentes
2139 2815 2155 2839 ,

2262 1943 2448 2008 menti,
2480 1943 2582 1996 hoc
2621 1949 2706 1997 est
2761 1955 2972 1996 sacram
3023 1939 3390 2010 Scripturam,
3440 1938 3495 1994 in
3539 1937 3778 2002 Ecclesiam,
3866 1937 3867 1994 Τ

2261 2051 2381 2106 qua).
2403 2034 2518 2103 ejus
2545 2043 2628 2090 est
2649 2034 2863 2101 domus,
2892 2033 3194 2088 transtulit.

2340 2146 2358 2178 ι
2404 2126 2472 2182 Ει
2528 2126 2834 2181 nuntiatum
2855 2133 2941 2182 est
2967 2125 3138 2181 David
3169 2125 3320 2196 quod
3352 2125 3453 2180 viri
3477 2124 3622 2180 labes
3639 2123 3777 2179 Galaad

2269 2241 2287 2271 ‹
2332 2218 2650 2289 sepelissent
2674 2217 2854 2286 Saul,»
2892 2227 2948 2274 et
2972 2218 3204 2290 reliqua.
3241 2217 3360 2275 Hoc
3381 2217 3583 2290 plenius
3599 2217 3645 2271 in
3667 2215 3776 2271 Pan.

2261 2311 2568 2382 lipomenon
2589 2310 2728 2368 libro
2753 2311 3026 2382 quomodo
3048 2319 3260 2383 gestum
3287 2310 3361 2367 sit
3389 2318 3670 2366 narratum
3691 2307 3777 2363 Cum

2263 2401 2560 2467 audissent,
2594 2399 2792 2472 inquit,
2831 2400 2936 2458 viri
2973 2400 3135 2458 Jabes
3165 2400 3400 2468 Galaad,
3431 2400 3601 2456 omnia
3639 2398 3778 2454 scilicet

2262 2509 2381 2566 qua:
2398 2492 2730 2550 Philisthiim
2753 2493 2998 2550 fecerant
3020 2508 3186 2565 super
3211 2493 3370 2560 Saul,
3402 2499 3778 2549 consurrexerunt

2262 2586 2458 2657 singuli
2488 2586 2734 2643 virorum
2752 2585 2996 2653 fortium,
3033 2594 3087 2642 et
3137 2586 3385 2642 tulerunt
3426 2583 3660 2639 cadavera
3698 2580 3778 2635 Saul

2262 2686 2318 2734 et
2336 2676 2570 2734 ﬁliorum
2597 2678 2740 2749 ejus,
2769 2678 3175 2750 attuleruntque
3187 2694 3255 2734 ea
3281 2678 3339 2732 in
3363 2675 3539 2741 Iabes,
3560 2683 3608 2728 et
3625 2673 3777 2743 sepelie-

2261 2778 2390 2826 runt
2409 2784 2532 2827 ossa
2557 2785 2745 2828 eorum
2773 2771 2960 2826 subter
2981 2786 3244 2841 quercum
3262 2785 3385 2841 qua:
3407 2776 3525 2825 erat
3542 2765 3735 2828 inlabes,
3746 2773 3778 2815 et
3866 2763 3867 2841 ξ

559 2866 792 2937 propriae
821 2863 1130 2922 fortitudini
1173 2866 1454 2922 ascribunt
1485 2865 1771 2923 victoriam
1795 2909 1808 2933 ,
1857 2883 1977 2938 quae
2010 2865 2156 2936 justa
2253 2861 2641 2932 jejunaverunt
2678 2872 2888 2934 septem
2927 2862 3117 2918 diebus
3144 2862 3198 2934 (ι
3237 2861 3427 2918 Paral.
3459 2861 3580 2932 IV).)
3607 2857 3776 2913 Mortuus

557 2957 919 3024 permissione
945 2958 1063 3024 Dei,
1095 2958 1152 3012 in
1177 2958 1381 3014 talibus
1410 2958 1611 3014 evenit.
1633 2957 1742 3014 Sed
1759 2958 1928 3013 David
1950 2966 2154 3024 noster,

559 3047 616 3104 in
645 3049 926 3116 membris,
957 3051 1062 3106 hoc
1087 3060 1172 3107 est
1199 3050 1256 3106 in
1285 3051 1474 3107 electis
1501 3060 1557 3106 et
1599 3051 1805 3107 sanctis
1827 3051 1961 3106 viris
1981 3092 1996 3117 ,
2037 3067 2156 3107 cor-

563 3139 839 3194 ruentium
881 3155 1066 3196 casum
1114 3143 1323 3213 gemit:
1356 3157 1458 3197 nec
1504 3141 1720 3196 laetatur
1751 3143 1808 3197 in
1850 3143 2157 3213 perditione

562 3231 912 3287 morientium
932 3271 948 3298 ,
977 3233 1072 3288 sed
1108 3233 1464 3298 contradicit,
1489 3241 1548 3286 ut
1586 3233 1810 3289 urbibus
1845 3233 2156 3306 Allophylo-
2183 3223 2230 3288 C
2262 3254 2378 3294 sum
2403 3235 2758 3301 consuluerit,
2783 3251 2885 3292 nec
2912 3245 3234 3306 speraverat
3258 3236 3313 3292 in
3347 3234 3568 3290 Domino
3592 3233 3774 3300 :proplet

563 3337 712 3389 rum,
740 3321 863 3378 talis
891 3322 1034 3377 fama
1062 3323 1408 3394 praedicetur,
1432 3323 1538 3378 hoc
1571 3332 1656 3379 est
1693 3325 1942 3398 praecipit
1985 3326 2158 3382 ﬁdeli-

560 3414 684 3482 bus,
715 3424 777 3470 ut
798 3431 957 3471 caute
987 3431 1044 3471 se
1071 3415 1400 3483 custodiant,
1426 3424 1480 3472 et
1507 3423 1661 3472 scuto
1687 3416 1812 3474 ﬁdei
1841 3418 2080 3490 undique
2101 3433 2160 3474 se

561 3507 834 3576 muniant,
857 3507 1030 3564 induti
1061 3507 1230 3564 lorica
1257 3507 1518 3578 justitite,
1542 3508 1807 3565 habentes
1827 3509 2038 3580 galeam
2075 3527 2163 3565 sa-

519 3589 526 3594 ’
561 3599 711 3669 lutis,
733 3610 790 3657 et
817 3601 1056 3674 gladium
1091 3602 1352 3673 spiritus,
1385 3603 1490 3658 hoc
1513 3610 1597 3658 est
1623 3603 1850 3659 verbum
1892 3605 2024 3671 Dei,
2054 3589 2158 3660 lad-

564 3695 822 3751 versariis
852 3695 967 3752 suis
991 3695 1274 3760 resistant,
1298 3709 1367 3750 ne
1393 3695 1532 3752 forte
1551 3695 1781 3752 ulterius
1801 3696 2162 3770 iguominiose

562 3787 826 3858 superati,
855 3787 1113 3860 gaudium
1135 3787 1371 3844 inimicis
1392 3788 1504 3846 suis
1526 3788 1750 3844 faciant.

1205 3943 1434 4001 CAPUT
1458 3944 1522 4001 ll.

637 4069 656 4103 ι
700 4049 960 4108 Ascendit
987 4067 1117 4124 ergo
1138 4052 1309 4110 David
1340 4063 1395 4110 et
1424 4055 1542 4110 duae
1571 4069 1772 4110 uxores
1819 4054 1938 4126 ejus
1993 4053 2160 4110 Achi-

568 4157 587 4191 ι
634 4154 796 4196 noam
825 4139 1159 4208 Jezraelites,
1190 4151 1248 4198 et
1287 4143 1501 4214 Abigail
1524 4159 1662 4200 uxor
1693 4144 1866 4200 Nabal
1903 4143 2159 4216 Carmeli,

565 4252 584 4283 σ
623 4233 718 4289 sed
743 4240 798 4288 et
826 4233 973 4289 viros
1001 4234 1092 4304 qui
1146 4243 1306 4290 erant
1343 4250 1466 4290 cum
1517 4250 1603 4303 eo,
1661 4238 1815 4293 duxit
1847 4237 2020 4294 David
2049 4239 2162 4293 sin-

565 4342 585 4375 σ
633 4323 789 4395 gulos
823 4339 947 4380 cum
980 4325 1140 4381 domo
1165 4342 1263 4382 sua
1293 4336 1350 4382 et
1368 4335 1689 4384 manserunt
1713 4329 1768 4382 in
1815 4328 2032 4400 oppidis
2060 4326 2162 4384 He-

564 4435 582 4467 ‹
628 4414 789 4472 bron.
830 4435 848 4468 ι
875 4416 1149 4474 Ascensus
1177 4417 1279 4474 iste
1301 4418 1474 4474 David
1504 4434 1627 4474 cum
1657 4419 1868 4476 duabus
1897 4421 2164 4477 uxoribus

559 4509 674 4565 suis
717 4509 776 4565 in
804 4508 1024 4566 Hebron
1049 4511 1322 4582 signiﬁcat
1347 4513 1770 4569 convocationes
1794 4514 2020 4570 duarum
2047 4515 2163 4586 ple-

2262 2965 2348 3012 est
2399 2971 2529 3027 ergo
2553 2955 2685 3011 Saul
2714 2964 2934 3027 propter
2972 2956 3296 3026 iniquitates
3323 2971 3450 3012 suas
3470 2969 3534 3010 eo
3553 2950 3671 3024 quod
3689 2963 3777 3019 prte-

2261 3050 2540 3107 varicatus
2570 3049 2642 3105 sit
2667 3050 2981 3104 mandatum
3010 3047 3227 3128 Domini
3255 3049 3401 3118 quod
3427 3050 3726 3118 praeceperat,
3743 3049 3774 3091 et

2261 3159 2370 3200 non
2396 3143 2720 3200 custodierit
2741 3141 2871 3197 illud
2911 3161 2922 3197 :
2965 3141 3062 3198 sed
3113 3141 3340 3213 insuper
3372 3141 3533 3196 etiam
3575 3132 3775 3208 pythonir

2265 3326 2408 3398 quod
2430 3335 2486 3384 et
2523 3325 2801 3382 interfecit
2826 3340 2973 3392 eum,
2995 3333 3050 3380 et
3074 3325 3358 3382 transtulit
3391 3337 3600 3396 regnum
3633 3317 3719 3386 ejus
3734 3311 3775 3366 ad
3866 3319 3867 3322 ‘

2263 3418 2435 3473 David
2461 3417 2630 3472 ﬁlium
2662 3416 2788 3474 lsai.
2830 3415 2970 3483 Quid
2997 3425 3083 3472 est
3127 3418 3276 3488 quod
3312 3417 3446 3472 viris
3475 3413 3620 3470 labes
3637 3403 3774 3466 Galaad

2263 3509 2437 3568 David
2464 3509 2638 3580 gratia
2661 3505 2850 3576 refert,
2882 3523 2948 3564 eo
2989 3508 3132 3578 quod
3177 3508 3505 3580 sepelierunt
3549 3518 3652 3560 ossa
3693 3494 3773 3553 Saul

2265 3611 2322 3658 et
2349 3601 2588 3657 ﬁliorum
2617 3600 2735 3672 ejus
2763 3601 2788 3655 ἲ
2815 3601 2921 3658 nisi
2946 3602 3091 3672 quod
3114 3601 3468 3673 Redemptori
3495 3605 3654 3655 nostro
3683 3588 3771 3646 mul-

2270 3707 2388 3750 tum
2414 3694 2616 3766 placet,
2654 3695 2874 3765 quando
2905 3694 3029 3764 quis
3056 3709 3226 3766 prava
3253 3709 3417 3766 opera
3456 3689 3680 3748 malorum
3716 3679 3771 3750 qui
3866 3711 3867 3766 ἦ

2266 3792 2321 3846 in
2343 3789 2589 3860 peccatis
2634 3790 2748 3845 suis
2799 3789 3000 3846 mortui
3047 3799 3193 3856 sunt,
3227 3787 3494 3862 ;oblivioni
3551 3773 3771 3838 damnando

2266 3880 2452 3946 tradit,
2491 3895 2592 3936 nec
2611 3894 2676 3935 ea
2707 3881 2921 3936 actione
2963 3879 3224 3946 imitatur,
3271 3895 3392 3951 qua:
3439 3877 3535 3934 scit
3577 3874 3666 3928 Deo
3701 3865 3772 3920 di?

2263 3973 2519 4044 plicuisse
2551 3989 2566 4038 ;
2607 3972 2700 4028 sed
2725 3972 2901 4044 magis
2925 3986 2991 4026 ea
3025 3971 3187 4043 elegit
3214 3969 3480 4033 facienda,
3507 3979 3613 4036 quae
3647 3968 3768 4014 recor-

2265 4063 2428 4118 datur
2455 4061 2745 4118 Dominum
2780 4063 2836 4118 in
2873 4061 3144 4118 mandatis
3173 4061 3410 4117 dedisse.

2342 4174 2361 4209 ι
2406 4155 2592 4212 Abner
2615 4164 2796 4210 autem
2822 4153 2968 4232 ﬁlius
2987 4153 3097 4210 Ner
3116 4154 3371 4224 princeps
3411 4146 3654 4206 exercitus
3673 4133 3766 4194 SatuL

2272 4270 2291 4303 ‹
2337 4250 2461 4306 tulit
2517 4251 2764 4307 lsboseth
2815 4250 2984 4305 ﬁlium
3039 4249 3189 4318 Saul,
3249 4261 3308 4308 et
3352 4239 3674 4306 circumduxit
3691 4244 3769 4290 eum

2272 4363 2290 4394 ‹
2338 4358 2436 4414 per
2463 4351 2664 4408 castra,
2691 4356 2984 4413 regemque
3005 4343 3290 4399 constituit
3323 4355 3482 4413 super
3515 4327 3698 4392 Galaad,
3737 4327 3769 4373 et

2273 4454 2291 4486 ‹
2339 4450 2502 4506 super
2521 4434 2765 4497 Gessuri,
2782 4443 2837 4490 et
2864 4450 3027 4507 super
3046 4435 3282 4504 Jezrael,
3310 4445 3364 4491 et
3396 4445 3548 4503 super
3565 4423 3766 4496 Ephmm'

2276 4546 2292 4579 ‹
2340 4537 2394 4583 et
2417 4543 2579 4608 super
2625 4525 2924 4596 Benjamin,
2979 4537 3035 4584 et
3069 4543 3232 4599 super
3259 4526 3425 4585 Israel
3449 4522 3720 4608 universi!!!)-
3752 4521 3783 4552 "

557 4599 707 4656 bium
738 4601 794 4656 in
842 4601 1142 4659 Ecclesiam
1201 4606 1549 4662 catholicam.
1601 4606 1822 4663 Hebron
1875 4610 2021 4664 enim
2071 4609 2155 4664 in-
2179 4595 2232 4655 D
2262 4621 2320 4677 ιη
2345 4595 2572 4678 Ηειῃ-ᾧο
2596 4595 2846 4688 habetur,
2882 4639 2901 4671 ι
2949 4595 3258 4677 “ansa—“xit
3287 4633 3409 4675 eum
3445 4615 3498 4671 in
3521 4603 3761 4697 Manaimtut

558 4702 892 4765 terpretatur
923 4695 1246 4768 conjugium,
1284 4707 1340 4753 et
1369 4699 1510 4755 bene
1538 4698 1651 4756 sola
1679 4709 1867 4757 sancta
1911 4702 2154 4758 Ecclesia

555 4788 870 4863 coniugium
896 4791 1224 4846 nominatur.
1257 4790 1381 4848 Sola
1412 4803 1465 4851 et
1495 4810 1603 4850 una
1633 4804 1720 4851 est
1765 4812 1961 4868 sponsa
2010 4798 2158 4854 vide-

554 4882 682 4939 licet
705 4882 949 4940 ccelestis
972 4883 1136 4953 regis,
1160 4883 1228 4938 de
1269 4899 1374 4954 qua
1429 4886 1484 4940 in
1530 4886 1769 4942 Canticis
1815 4889 2152 4946 canticorum

555 4973 756 5030 dicitur
789 4993 801 5029 :
843 4994 862 5026 ι
905 4972 1197 5044 Sexaginta
1223 4984 1349 5030 sunt
1378 4977 1597 5048 reginae,
1642 4987 1698 5033 et
1724 4981 1999 5050 octoginta
2027 4997 2158 5037 con-

555 5065 788 5131 cubium,
845 5073 902 5120 et
959 5063 1487 5122 adolescentularum
1537 5085 1766 5139 quarum
1793 5087 1900 5127 non
1930 5081 2014 5128 est
2059 5091 2158 5130 nu-

554 5172 760 5214 merus.
801 5177 820 5208 ι
853 5156 972 5214 Una
996 5166 1081 5212 est
1101 5156 1353 5214 columba
1401 5174 1541 5226 mea,
1568 5161 1810 5232 perfecta
1839 5180 1976 5229 mea,
2054 5183 2161 5222 una

552 5255 642 5302 est
660 5248 856 5303 matris
883 5263 1018 5314 suae,
1045 5247 1220 5304 electa
1249 5249 1497 5322 genitrici
1524 5267 1654 5307 suae.
1685 5254 1816 5311 Illuc
1865 5257 2017 5313 duxit
2061 5259 2164 5314 Da-

552 5334 647 5390 vid
699 5337 941 5409 singulos
965 5338 1113 5394 viros
1141 5354 1267 5395 cum
1299 5341 1460 5396 domo
1493 5356 1590 5397 sua
1619 5358 1632 5396 :
1675 5347 1804 5416 quia
1862 5350 2159 5420 unusquis-

552 5443 662 5498 que
693 5431 952 5499 ﬁdelium,
986 5435 1041 5490 in
1072 5435 1220 5491 illam
1245 5436 1563 5495 societatem
1591 5455 1689 5512 per
1716 5444 2157 5513 praedicationem

552 5519 856 5595 Evangelii,
888 5536 1236 5584 convocatur.
1262 5549 1280 5581 ‹
1304 5527 1422 5586 Non
1449 5539 1534 5587 est
1556 5531 1631 5588 ibi
1659 5533 1934 5590 distinctio
1965 5534 2156 5603 Judaei,

549 5622 610 5670 et
634 5615 832 5684 Graeci,
857 5619 1074 5678 barbari
1101 5633 1157 5680 et
1193 5624 1430 5696 Scytha),
1468 5629 1610 5683 servi
1630 5636 1685 5684 et
1709 5627 1886 5695 liberi,
1917 5630 2014 5686 sed
2035 5646 2155 5688 om-

553 5706 648 5765 nia
683 5721 740 5766 et
769 5710 824 5766 in
853 5714 1106 5770 omnibus
1126 5715 1394 5774 Christus.
1434 5740 1449 5769 ι

630 5819 650 5853 α
695 5802 1082 5878 Veneruntque
1112 5811 1214 5866 viri
1245 5809 1380 5868 Iuda
1413 5822 1467 5868 et
1517 5823 1785 5870 unxerunt
1831 5815 1902 5872 ibi
1962 5814 2155 5885 David,

2264 4729 2384 4783 quae
2421 4712 2811 4784 interpretatur
2833 4686 2839 4688 ν
2863 4701 3060 4768 castra.
3086 4710 3418 4769 Transduxit
3473 4717 3602 4766 eum,
3634 4686 3781 4780 intellij

2263 4807 2498 4879 gendum
2525 4815 2630 4874 est,
2662 4806 2805 4862 ultra
2834 4806 3124 4864 Iordanem
3150 4826 3163 4862 :
3224 4813 3281 4862 et
3305 4804 3358 4860 in
3411 4795 3619 4854 Mauaim
3641 4791 3762 4878 rei”?

2264 4912 2388 4954 eum
2410 4897 2778 4963 constituisse,
2809 4913 2972 4966 super
3011 4897 3236 4962 Galaad,
3291 4903 3346 4953 et
3392 4903 3546 4962 super
3588 4879 3760 4938 0655""

2265 4988 2508 5046 Hebraeis
2531 4987 2746 5054 Assuri,
2770 4988 2824 5043 id
2856 4996 2942 5044 est
2963 5004 3127 5059 super
3150 4989 3346 5045 tribum
3377 4985 3522 5040 Aser.
3589 5065 3613 5068 _
3679 5057 3688 5068 O

2342 5099 2362 5132 ι
2417 5079 2544 5138 Sola
2588 5088 2770 5136 autem
2823 5079 3016 5134 domus
3030 5054 3184 5136 —Juda
3237 5077 3550 5150 sequebatur
3587 5054 3758 5120 Davidd

2269 5172 2408 5242 Quid
2437 5181 2618 5229 autem
2653 5181 2737 5228 est
2762 5172 2907 5244 quod
2935 5171 3082 5228 ﬁlius
3113 5171 3244 5228 Saul
3267 5166 3518 5230 lsboseth,
3547 5152 3759 5253 qui

2268 5273 2514 5334 pretatur
2556 5264 2634 5318 vir
2660 5263 2983 5334 confusionis
3012 5281 3024 5316 :
3054 5263 3240 5319 Abner
3269 5259 3576 5318 auxiliante,
3612 5250 3682 5316 qui
3704 5250 3757 5290 ut.

2268 5364 2600 5427 terpretatur
2645 5354 2812 5425 patris
2861 5354 3099 5422 lucerna,
3153 5369 3248 5410 rex
3291 5343 3608 5409 constituitur

2267 5420 2431 5504 Israel
2475 5420 2796 5503 universum
2825 5465 2839 5502 :
2869 5455 2925 5503 et
2953 5420 3148 5504 domus
3189 5443 3322 5500 Juda
3368 5438 3474 5497 sola
3508 5420 3757 5499 se‘luehatur

2265 5539 2469 5595 David?
2505 5537 2613 5594 nisi
2647 5538 2793 5610 quod
2832 5538 2964 5596 solis
2992 5539 3356 5602 credentibus,
3399 5537 3451 5590 et
3491 5535 3599 5581 vere
3637 5513 3753 5610 De?”

2265 5597 2684 5708 conﬁtentibus:
2716 5649 2782 5689 ex
2819 5634 2988 5704 priori
3017 5633 3236 5705 populo,
3276 5624 3435 5688 David
3469 5618 3670 5708 008W.”

2265 5724 2473 5780 minum
2511 5705 2763 5780 videlicet
2795 5696 2851 5778 et
2879 5696 3216 5782 Salvatorem
3245 5710 3592 5795 sequentibus).
3619 5697 3658 5795 ίῐξ

2252 5817 2403 5872 ‘teris
2446 5817 2621 5874 adhuc
2653 5834 2807 5874 error
2846 5817 3178 5874 confusionis
3211 5818 3406 5887 regnat,
3441 5791 3622 5861 diabolo
3645 5784 3751 5840 ιιιειι·
