3970 6332
208 405 315 460 357

1185 357 1546 462 ΕΝΑΒΒἏΝ
1585 406 1833 464 LIBROS
1872 405 2134 464 BEGUM.
2178 437 2246 446 —-
2282 407 2349 462 IN
2388 406 2516 474 LIB.
2556 407 2616 460 II.

3371 403 3474 462 358

207 531 404 594 gnate,
441 522 531 591 qui
573 537 715 592 saepe
762 537 820 578 se
861 523 1209 594 transﬁgurat
1252 527 1305 580 in
1345 525 1590 597 angelum
1633 527 1786 581 lucis.
1820 530 1867 588 Α
1896 532 2072 578 natus.
2104 521 2202 577 IIic
2227 530 2409 578 autem
2434 531 2553 578 erat
2576 531 2762 577 contra
2793 523 2997 587 Abner,
3025 523 3348 577 constitutus
3375 525 3477 578 mi-

283 635 300 665 I
349 612 415 668 Et
449 613 550 668 fuit
587 628 846 669 numerus
880 615 1091 670 dierum
1135 630 1271 685 quos
1297 625 1664 671 commoratus
1706 626 1788 671 est

209 729 228 762 ι
277 706 466 774 David,
518 706 790 779 imperans
833 706 889 762 in
933 706 1150 764 Hebron
1193 722 1355 779 super
1393 708 1584 763 domus
1628 707 1784 774 .Iuda,

208 818 231 854 ι
265 809 472 871 septem
503 813 769 854 annorum
792 809 848 855 et
873 814 970 855 sex
996 800 1284 856 mensium.
1316 819 1334 851 ι
1369 800 1434 856 Et
1458 801 1597 856 bene
1621 800 1789 856 David

202 899 413 962 septem
452 889 609 945 annis
649 899 705 946 et
742 905 837 946 sex
884 891 1162 946 mensibus
1192 893 1443 963 regnavit
1477 892 1529 947 in
1571 891 1786 946 Hebron

201 998 323 1053 quae
345 983 734 1052 interpretatur
759 983 1084 1056 conjugium,
1119 993 1178 1039 ut
1202 1000 1367 1056 supra
1400 985 1656 1051 diximus,
1695 995 1789 1041 aut

198 1075 332 1128 visio
371 1074 684 1145 sempiterna
713 1089 731 1126 :
760 1075 884 1144 quia
927 1073 1175 1129 Salvator
1222 1085 1410 1132 noster
1446 1076 1502 1130 in
1543 1075 1786 1132 Ecclesia

199 1167 492 1233 catholica,
529 1182 650 1237 quaa
675 1174 730 1222 et
766 1181 964 1237 sponsa
989 1167 1106 1238 ejus
1135 1175 1242 1233 est,
1273 1182 1371 1238 per
1392 1183 1551 1223 omne
1576 1177 1786 1238 tempus

199 1259 358 1314 istius
390 1258 512 1312 vitae
534 1297 551 1324 ,
582 1257 726 1328 quod
763 1257 982 1313 senario
1009 1257 1221 1312 dierum
1261 1272 1489 1313 numero
1527 1257 1786 1324 decurrit,

201 1358 426 1422 regnat:
451 1339 748 1405 secundum
774 1348 928 1415 illud,
948 1367 966 1399 t
991 1347 1131 1404 Ecce
1151 1361 1273 1419 ego,
1296 1347 1492 1418 inquit,
1507 1348 1787 1404 vobiscum
1831 1380 1833 1382 -

199 1460 321 1500 sum
355 1443 606 1499 omnibus
633 1442 822 1498 diebus
845 1456 1016 1511 usque
1045 1441 1111 1496 ad
1143 1439 1664 1496 consummationem
1686 1455 1787 1495 sa:-

197 1536 306 1592 culi
352 1533 582 1608 (Matth.
616 1533 835 1599 xxviii),
873 1551 892 1586 ι
926 1541 982 1589 et
1025 1542 1149 1604 post
1187 1532 1546 1602 expletionem
1584 1532 1782 1587 senarii

195 1627 448 1693 numeri,
479 1627 584 1681 hoc
625 1633 710 1682 est
753 1625 1144 1697 perfectionem
1185 1625 1314 1681 boni
1359 1624 1568 1694 operis,
1596 1638 1785 1680 omnes

195 1719 399 1774 electos
427 1734 556 1775 suos
586 1719 654 1774 ad
691 1719 975 1774 sabbatum
997 1733 1206 1786 verum,
1236 1721 1289 1774 id
1328 1729 1408 1774 est
1438 1720 1505 1774 ad
1540 1720 1784 1790 requiem

195 1812 614 1881 sempiternam,
660 1812 940 1882 perducet,
978 1813 1069 1869 ubi
1099 1823 1152 1867 et
1191 1812 1540 1882 perfruentur
1568 1814 1663 1869 Dei
1704 1815 1784 1868 vi-

1889 613 2020 668 litia:
2045 613 2317 684 princeps.
2361 612 2494 668 Cum
2517 628 2624 683 quo
2663 612 2824 668 etiam
2871 613 3090 668 fuerunt
3127 613 3211 668 sui
3252 611 3472 680 fratres,

1889 705 2094 770 Abisai,
2136 704 2317 772 Asael,
2351 714 2406 761 et
2455 720 2642 762 omnes
2680 707 2876 760 armati
2921 705 3113 761 David.
3160 705 3347 776 Itaque
3383 721 3476 762 ve—

1889 795 2044 850 niens
2065 796 2132 850 ad
2172 797 2460 866 quemdam
2487 795 2690 852 fontem
2731 797 2786 852 in
2812 797 3032 852 civitate
3065 796 3274 865 Gabaa,
3301 798 3475 854 aciem

1889 891 2169 946 constituit
2216 893 2283 946 ad
2331 893 2694 965 pugnandum.
2748 893 2972 950 Dicente
3009 909 3142 950 vero
3183 893 3367 950 Abner
3405 893 3475 950 ad

1887 995 2034 1046 eum,
2064 979 2201 1036 velle
2228 995 2286 1036 se
2315 982 2547 1051 probare
2575 984 2696 1052 quis
2717 998 2906 1039 eorum
2929 983 3290 1038 robustiorem
3321 997 3476 1040 exer-

1887 1071 2054 1126 citum
2081 1071 2323 1139 haberet,
2362 1074 2616 1129 convenit
2640 1073 2782 1129 inter
2801 1083 3076 1145 utrosque,
3105 1083 3165 1129 ut
3192 1074 3475 1131 duodecim

1887 1162 2033 1219 viros
2063 1171 2392 1235 pugnatores
2417 1166 2716 1232 mitterent,
2743 1173 2798 1220 et
2811 1167 3168 1238 procedentes
3195 1171 3340 1222 inter
3365 1183 3475 1224 me-

1888 1255 2002 1312 dias
2039 1257 2204 1322 acies,
2255 1257 2348 1328 qui
2392 1271 2460 1312 ex
2499 1267 2727 1328 utraque
2772 1243 2927 1329 parte
2962 1260 3150 1330 procul
3203 1259 3416 1316 fuerant
3442 1277 3474 1316 a

1887 1351 2200 1415 certamine,
2234 1349 2545 1421 relictisque
2583 1351 2774 1422 gladiis
2808 1351 2913 1407 viri
2935 1351 3107 1408 David
3134 1360 3189 1408 et
3225 1361 3473 1410 tenentes

1886 1443 2063 1513 capita
2093 1443 2353 1510 hostium,
2379 1457 2571 1498 eorum
2601 1443 2812 1498 lumbos
2831 1451 2886 1499 et
2912 1443 3104 1509 latera,
3134 1445 3248 1500 suis
3278 1443 3472 1515 gladiis

1886 1533 2255 1604 perforarunt,
2294 1535 2464 1588 donec
2503 1548 2692 1588 omnes
2728 1534 2882 1604 quasi
2920 1548 2990 1590 ex
3027 1549 3135 1590 uno
3184 1535 3476 1590 constituto

1885 1626 2180 1695 periment.
2217 1625 2314 1681 His
2341 1633 2523 1680 autem
2553 1625 2891 1693 cadentibus,
2921 1627 3088 1682 etiam
3116 1625 3357 1698 reliquus
3385 1626 3470 1681 di-

1887 1726 2072 1788 reptus
2109 1727 2195 1773 est
2225 1719 2499 1774 exercitus
2547 1718 2894 1773 dimicatione
2939 1717 3235 1775 fortissima
3279 1733 3474 1789 proce-

1887 1809 2070 1875 dente,
2102 1809 2286 1865 Abner
2327 1810 2558 1881 pepulus
2579 1817 2754 1864 vnctus
2775 1810 2829 1864 in
2883 1808 3063 1880 fugam
3098 1810 3366 1865 vertitur:
3393 1809 3470 1865 fu-

193 1907 350 1961 sione
389 1915 670 1976 perpetua.
714 1905 811 1961 Est
858 1914 1042 1962 autem
1084 1906 1298 1964 Hebron
1331 1908 1522 1964 civitas
1557 1909 1612 1963 in
1640 1908 1782 1964 tribu
1809 1891 1859 1953 Β
1887 1901 2095 1971 gientes
2133 1909 2313 1957 autem
2356 1900 2492 1957 Joab
2519 1902 2771 1973 persequi
2814 1915 2922 1957 non
2966 1903 3236 1968 cessabat.
3280 1903 3473 1972 praeci-

190 1998 354 2063 Juda,
392 2013 511 2068 quae
535 1997 808 2068 quondam
842 1997 1140 2054 vocabatur
1164 1998 1372 2066 Arbae,
1405 1999 1531 2056 licet
1558 1999 1697 2055 male
1725 1999 1781 2054 in

189 2091 402 2146 Graecis
434 2089 712 2146 codicibus
739 2091 967 2146 habetur
991 2091 1188 2147 Arboe.
1232 2090 1498 2163 Corrupte
1520 2092 1688 2164 igitur
1725 2093 1782 2148 in

190 2183 400 2240 nostris
442 2183 720 2239 codicibus
757 2183 938 2238 Arboe
976 2182 1266 2250 scribitur,
1300 2200 1424 2240 cum
1455 2185 1512 2240 in
1541 2184 1781 2244 Hebraeis

189 2273 405 2345 legatur
448 2274 651 2341 Arbae,
696 2274 751 2329 id
779 2283 863 2330 est
890 2282 1148 2345 quatuor,
1194 2290 1256 2332 ex
1287 2292 1352 2332 eo
1380 2278 1522 2347 quod
1552 2277 1626 2333 ibi
1667 2287 1778 2335 tres

187 2365 536 2436 patriarchas,
567 2365 873 2432 Abraham,
913 2366 1085 2434 Isaac,
1123 2375 1180 2422 et
1211 2365 1378 2424 Jaeob
1407 2369 1601 2440 sepulti
1631 2381 1777 2437 sunt,

187 2467 248 2512 et
277 2457 445 2511 Adam
488 2474 736 2531 magnus,
786 2467 844 2513 ut
873 2459 927 2514 in
962 2457 1159 2516 Genesi
1194 2460 1334 2517 libro
1377 2463 1639 2533 scriptum
1673 2474 1777 2521 est.

191 2549 348 2605 Licet
370 2565 493 2605 eum
524 2551 744 2621 quidam
777 2551 1054 2607 conditum
1083 2553 1137 2606 in
1166 2552 1285 2609 loco
1323 2553 1582 2610 Calvarite
1607 2557 1780 2628 suspi-

189 2650 404 2709 centur,
433 2643 579 2714 quod
618 2641 814 2699 falsum
845 2652 950 2699 est.
977 2643 1101 2699 lltcc
1130 2654 1215 2700 est
1244 2654 1424 2702 autem
1453 2649 1644 2703 eadem
1667 2649 1776 2705 He-

185 2735 325 2791 bron
353 2733 482 2790 olim
506 2735 823 2806 metrOpolis
837 2734 1306 2804 Philisthinorum,
1323 2749 1377 2792 ct
1405 2740 1778 2796 habitaculum

185 2830 489 2901 gigantum,
533 2843 870 2900 regnumque
912 2839 1102 2900 postea
1141 2830 1311 2887 David
1356 2833 1408 2887 in
1445 2834 1586 2889 tribu
1615 2833 1774 2902 Juda,

184 2923 380 2978 civitas
403 2923 761 2979 sacerdotalis
784 2963 800 2990 ,
831 2933 886 2978 et
915 2922 1282 2995 fugitivorum.
1317 2927 1491 2982 Distat
1522 2927 1591 2982 ad
1618 2929 1780 2984 meri-

184 3017 405 3070 dianam
437 3015 654 3086 plagam
685 3018 753 3072 ab
778 3016 894 3072 Elia
929 3017 1167 3074 millibus
1191 3019 1411 3074 circiter
1428 3020 1617 3092 viginti
1653 3021 1780 3076 duo-

183 3109 309 3172 bus,
339 3109 428 3163 ubi
449 3117 503 3163 et
526 3123 764 3178 quercus
782 3109 1078 3176 Abraham,
1109 3125 1230 3180 qua:
1249 3119 1304 3166 et
1325 3109 1584 3178 Mambre,
1606 3127 1782 3182 usque

183 3194 254 3253 ait
279 3197 581 3254 Constantii
613 3197 757 3270 regis
786 3199 1071 3275 imperium
1099 3201 1522 3267 monstrabatur,
1543 3208 1599 3256 et
1625 3217 1778 3256 matt-

1885 1991 2040 2063 piens
2066 1992 2314 2059 armatis,
2338 2000 2398 2046 ut
2423 2001 2548 2063 post
2572 2007 2762 2048 eorum
2792 1991 3018 2064 vestigia
3045 1991 3388 2056 festinarent,
3415 2002 3474 2048 et

1883 2095 2226 2156 nequaquam
2251 2086 2549 2142 occidendo
2573 2085 2872 2142 deﬁcerent
2901 2085 3056 2157 cujus
3080 2087 3245 2142 etiam
3269 2085 3471 2143 fratres

1883 2179 2133 2234 detestati
2187 2188 2314 2234 sunt
2361 2178 2708 2249 pronissime.
2759 2178 2905 2234 Inter
2940 2193 3075 2248 quos
3131 2178 3332 2234 clarior
3370 2177 3476 2234 fuit

1880 2268 2151 2340 praecipue
2165 2269 2350 2339 junior
2375 2269 2558 2335 Asael,
2591 2269 2683 2340 qui
2712 2277 2916 2324 tantam
2949 2268 3174 2340 gloriam
3203 2270 3392 2326 habuit
3417 2270 3473 2326 in

1879 2361 2079 2430 pedum
2101 2360 2409 2427 velocitate,
2437 2369 2494 2415 ut
2517 2376 2626 2417 non
2659 2361 2833 2416 solum
2869 2361 3142 2428 homines,
3186 2361 3282 2416 sed
3309 2362 3470 2417 etiam

1881 2465 2051 2522 equos
2078 2453 2145 2507 ad
2189 2452 2521 2508 currendum
2558 2458 2863 2522 superaret.
2896 2451 2948 2507 ls
2995 2451 3161 2524 igitur
3181 2467 3472 2523 perseque-

1881 2541 2040 2598 batur
2079 2544 2266 2600 Abner
2309 2555 2458 2601 recto
2511 2560 2722 2616 gressu,
2753 2545 2807 2599 in
2859 2553 3218 2615 neutramque
3261 2553 3470 2614 partem

1881 2637 2179 2692 declinans.
2223 2637 2466 2708 Cumque
2509 2639 2838 2709 respexisset
2874 2638 3057 2694 Abner
3123 2648 3177 2694 et
3225 2639 3471 2696 conside-

1880 2743 2056 2790 rasset
2081 2736 2342 2807 impetum
2379 2739 2656 2808 sequentis
2681 2746 2736 2794 et
2769 2738 3016 2805 dixisset,
3043 2747 3104 2793 ut
3140 2738 3302 2794 unius
3328 2736 3472 2792 mili-

1881 2827 1950 2881 tis
1972 2842 2125 2880 arma
2156 2841 2376 2883 sumens
2404 2829 2473 2883 ab
2503 2829 2619 2899 ejus
2653 2830 3029 2900 persecutione
3060 2829 3386 2900 quiesceret,
3415 2838 3472 2884 et

1882 2933 2072 2974 rursus
2115 2919 2206 2974 ille
2232 2935 2574 2992 nequaquam
2607 2938 2637 2976 a
2687 2938 2785 2978 suo
2814 2923 3102 2978 conamine
3125 2922 3341 2994 penitus
3374 2920 3472 2978 ah-

1882 3011 2130 3079 stineret,
2173 3022 2430 3070 monente
2467 3015 2558 3070 illo
2588 3015 2765 3071 denuo
2796 3025 2856 3071 ut
2903 3016 3202 3083 recederet,
3235 3031 3303 3072 ne
3344 3029 3472 3071 coa-

1880 3111 2001 3158 ctus
2029 3117 2154 3158 eum
2193 3113 2531 3186 percuteret,
2565 3115 2618 3161 et
2655 3114 2782 3163 ante
2821 3106 2936 3174 ejus
2975 3107 3198 3163 fratrem
3245 3106 3472 3163 ulterius

1883 3189 2136 3250 ﬁduciam
2170 3211 2276 3251 non
2322 3197 2565 3253 haberet.
2611 3198 2786 3254 Verba
2830 3199 2949 3270 ejus
2987 3199 3078 3257 illo
3118 3200 3468 3272 despiciente,

182 3290 412 3346 solaaum
453 3289 568 3360 ejus
597 3289 653 3344 in
681 3266 1109 3361 prasentiarum
1153 3291 1415 3346 cernitur.
1457 3291 1700 3363 Cumque
1747 3309 1779 3348 a
1805 3266 1851 3329 C
1883 3283 2094 3357 fugiens
2115 3296 2239 3356 post
2264 3296 2474 3359 tergum
2496 3288 2737 3344 lanceam
2753 3266 2940 3362 emisit
2964 3266 3472 3364 coactus-eumque

181 3382 393 3439 nostris
415 3382 612 3438 ibidem
631 3382 874 3439 Ecclesia
895 3382 1011 3454 jam
1037 3390 1316 3438 exstructa
1341 3382 1435 3451 sit,
1469 3382 1524 3437 in
1551 3383 1779 3438 circuitu

180 3496 217 3537 a
246 3479 459 3536 cunctis
498 3479 769 3553 gentibus,
812 3478 1164 3534 Therebinthi
1206 3478 1358 3535 locus
1399 3478 1778 3550 superstitione

180 3573 402 3638 colitur,
435 3588 498 3629 eo
537 3575 682 3644 quod
717 3573 816 3628 sub
853 3588 917 3628 ea
943 3573 1218 3629 Abraham
1256 3573 1476 3643 angelos
1507 3574 1777 3644 quondam

181 3666 422 3736 hospitio
449 3666 769 3738 susceperit.
804 3665 932 3722 Haec
955 3681 1085 3738 ergo
1103 3667 1340 3738 primum
1365 3667 1564 3734 Arbae,
1589 3676 1778 3738 postea

181 3757 406 3813 Hebron
454 3759 523 3814 ab
573 3774 682 3814 uno
733 3757 968 3816 ﬁliorum
1007 3757 1170 3815 Caleb
1222 3759 1414 3815 sortita
1456 3759 1778 3814 vocabulum

185 3861 294 3906 est.
325 3851 468 3924 Lege
493 3850 672 3908 Verba
696 3852 932 3907 dierum.
961 3851 1189 3909 Condita
1213 3860 1295 3908 est
1325 3860 1503 3908 autem
1536 3861 1660 3908 ante
1689 3868 1776 3908 se-

186 3951 336 4012 ptem
389 3957 593 4010 annos,
635 3959 799 4016 quam
845 3943 1079 3999 Tamnes
1123 3947 1252 4000 urbs
1303 3943 1522 4016 Egypt:
1575 3944 1774 4000 conde-

186 4044 360 4092 retur.

267 4150 284 4181 ι
316 4130 584 4202 Egressus
629 4141 712 4186 est
743 4131 926 4188 Abner
968 4130 1112 4187 ﬁlius
1144 4129 1275 4197 Ner,
1307 4139 1363 4186 et
1400 4131 1554 4202 pueri
1578 4129 1778 4202 Joseph

183 4247 206 4281 ι
241 4226 340 4282 ﬁlii
381 4225 532 4296 Saul,
563 4227 632 4284 de
659 4227 856 4282 castris
897 4226 952 4281 in
1002 4225 1242 4282 Gabaon.
1273 4224 1446 4281 Porro
1472 4223 1606 4281 Joab
1636 4224 1777 4281 ﬁlius

180 4337 204 4372 ι
241 4319 477 4386 Sarvire,
505 4329 561 4375 et
610 4320 766 4390 pueri
795 4318 965 4374 David
1006 4317 1213 4390 egressi
1241 4326 1386 4384 sunt,
1433 4326 1490 4372 et
1527 4333 1780 4378 owurre-

179 4432 200 4466 ι
239 4422 374 4468 runt
402 4411 654 4482 eisjuxta
693 4412 959 4483 piscinam
999 4411 1242 4467 Gabaon.
1273 4410 1488 4466 Etcum
1514 4410 1569 4465 in
1610 4427 1778 4466 unum

181 4525 202 4558 ι
242 4507 647 4572 convenissent,
670 4521 700 4560 e
727 4506 944 4577 regione
976 4503 1267 4560 sederunt:
1295 4503 1349 4558 hi
1389 4519 1456 4558 ex
1488 4519 1592 4560 una
1621 4517 1777 4576 parte

121 4663 140 4679 .
176 4619 197 4650 ι
241 4597 492 4669 piscinae,
551 4606 607 4654 et
671 4597 749 4653 illi
813 4613 882 4654 ex
932 4597 1120 4652 altera.
1182 4595 1434 4666 Dixitque
1479 4597 1663 4652 Abner
1709 4597 1778 4652 ad

177 4712 194 4742 ι
237 4688 383 4746 Joab
410 4709 423 4745 :
447 4688 686 4763 Surgant
726 4690 906 4762 pueri,
955 4697 1011 4744 et
1036 4688 1222 4744 ludant
1269 4703 1456 4744 coram
1493 4689 1668 4746 nobis.
1707 4690 1776 4746 Et

175 4806 196 4838 ι
245 4785 532 4855 respondit
566 4784 700 4842 Joab
730 4805 741 4840 :
772 4785 1030 4858 Surgant.
1082 4784 1451 4840 Surrexerunt
1505 4800 1664 4857 ergo,
1719 4795 1773 4840 et

176 4897 199 4931 ι
241 4879 582 4934 transierunt
637 4895 864 4936 numero
919 4878 1202 4935 duodecim
1248 4878 1316 4934 de
1354 4877 1659 4948 Benjamin,
1707 4894 1772 4933 ex

177 4991 198 5024 ι
242 4980 403 5042 parte
440 4971 681 5029 Isboseth
732 4973 830 5028 ﬁlii
878 4971 1006 5028 Saul
1037 4991 1048 5026 :
1078 4980 1133 5026 et
1160 4971 1442 5028 duodecim
1481 4971 1548 5026 de
1589 4971 1774 5041 pueris

177 5081 198 5114 ι
247 5062 443 5118 David.
469 5062 929 5135 Apprehensoque
948 5062 1321 5133 unusquisque
1344 5061 1520 5131 capite
1549 5076 1770 5132 compa-

177 5173 201 5207 ι
245 5154 328 5208 ris
359 5154 462 5219 sui,
511 5155 697 5210 deﬁxit
721 5151 956 5228 gladium
989 5154 1042 5208 in
1073 5154 1214 5210 latus
1238 5163 1517 5218 contrarii,
1550 5163 1605 5209 et
1633 5156 1774 5210 ceci-

177 5270 199 5302 ι
242 5249 448 5304 derunt
481 5248 662 5305 simul.
698 5249 1070 5320 Vocatumque
1115 5257 1420 5304 estnomen
1463 5248 1570 5304 loci
1605 5246 1773 5315 illius,

175 5362 198 5395 ι
246 5354 385 5413 ager
410 5340 754 5397 robustorum
777 5341 832 5396 in
856 5339 1101 5396 Gabaon.
1127 5339 1194 5394 Et
1233 5347 1414 5395 ortum
1453 5348 1538 5394 est
1571 5339 1770 5394 bellum

179 5451 204 5485 ι
240 5431 442 5487 durum
470 5433 602 5488 satis
627 5432 682 5487 in
703 5431 792 5488 die
820 5429 963 5498 illa,»
990 5439 1044 5486 et
1070 5431 1294 5502 reliqua.
1314 5429 1467 5486 Hunc
1496 5430 1673 5486 locum
1690 5430 1778 5487 Jo-

170 5526 392 5597 sephus
416 5527 492 5581 ita
528 5525 751 5596 exponit
773 5544 787 5580 :
809 5523 996 5580 Abner
1035 5533 1212 5580 autem
1243 5523 1514 5595 promovit
1542 5523 1770 5579 electum

169 5618 354 5675 nimis
381 5618 702 5684 exercitum,
728 5626 790 5673 ut
826 5617 1251 5690 congrederetur
1273 5629 1399 5672 cum
1441 5613 1584 5669 tribu
1611 5611 1768 5670 Juda.

169 5708 531 5767 Irascebatur
551 5710 695 5766 enim
729 5709 990 5766 adversus
1019 5723 1136 5775 eos,
1173 5723 1205 5762 a
1234 5708 1436 5780 quibus
1480 5721 1574 5762 rex
1604 5707 1773 5762 David

171 5800 373 5859 fuerat
390 5803 693 5859 ordinatus.
731 5801 868 5858 Huic
895 5809 1075 5857 autem
1103 5801 1344 5857 occurrit
1369 5799 1573 5855 missus
1599 5815 1630 5854 a
1662 5799 1769 5852 Da-

171 5895 286 5954 vid
308 5893 466 5963 hab,
510 5895 654 5953 ﬁlius
689 5894 892 5952 531'va
936 5893 1141 5950 sororis
1189 5891 1325 5960 ejus,
1365 5892 1434 5949 de
1473 5901 1628 5963 patre
1671 5892 1773 5948 Sar

1881 3386 2106 3448 repente
2145 3379 2364 3434 mortali
2393 3380 2617 3436 vulnere
2655 3383 2978 3452 penetravit.
3011 3383 3252 3455 Mystice,
3290 3385 3472 3440 Abner

1883 3467 1949 3522 de
1973 3468 2116 3524 tribu
2159 3468 2462 3540 Benjamin,
2486 3471 2739 3542 princeps
2777 3474 3051 3530 exercitus
3081 3475 3227 3546 regis
3265 3473 3467 3540 Saulis,

1836 3582 1841 3587 ί
1880 3576 2080 3630 pueros
2112 3561 2281 3618 David
2311 3565 2402 3632 qui
2427 3573 2580 3619 erant
2613 3579 2740 3620 eum
2758 3563 2892 3622 Joab
2919 3567 3164 3637 principe
3195 3568 3473 3624 exercitus

1881 3650 2038 3719 Iuda,
2066 3651 2134 3706 ad
2170 3653 2416 3723 praelium
2450 3655 2708 3737 scribitur
2740 3671 3086 3726 provocasse,
3126 3663 3182 3712 et
3217 3655 3469 3713 Asaelem

1882 3745 2105 3800 fratrem
2131 3744 2268 3801 Joah
2302 3761 2622 3816 percussum
2651 3747 2706 3801 in
2749 3747 2970 3818 inguine
3002 3746 3360 3812 interfecisse,
3390 3747 3472 3803 sic

1881 3834 2099 3905 quidem
2141 3834 2365 3908 intelligi
2408 3835 2614 3901 volunt,
2667 3835 2884 3904 Saulus,
2937 3837 3207 3909 inquiunt,
3239 3837 3472 3895 necdum

1881 3926 2057 3982 adhuc
2116 3926 2414 3996 apostolus,
2456 3926 2523 3982 de
2581 3927 2726 3984 tribu
2771 3928 3090 4000 Benjamin,
3152 3931 3468 4002 priusquam

1882 4017 2073 4074 fuisset
2103 4010 2386 4088 correptus
2425 4033 2458 4074 a
2491 4018 2740 4086 Domino,
2781 4021 3054 4092 apostolos
3085 4023 3154 4079 ad
3192 4031 3466 4079 certamen

1881 4110 2079 4181 legitur
2129 4125 2493 4180 provocasse,
2559 4127 2624 4169 ac
2675 4113 2793 4168 neci
2843 4114 3155 4172 interfuisse
3208 4113 3471 4186 Stephani

1883 4202 2022 4273 (Act.
2049 4202 2150 4276 v1).
2175 4202 2446 4259 Caeterum
2471 4206 2616 4275 quod
2640 4204 2853 4262 locutus
2873 4214 2959 4263 est
2984 4206 3169 4262 Abner
3193 4206 3262 4263 ad
3283 4205 3471 4274 Asael,
3503 4263 3506 4266 .

1881 4293 2068 4350 dicens
2099 4312 2112 4349 :

1957 4425 1976 4459 ‹
2017 4407 2251 4476 Recede,
2283 4409 2392 4465 noli
2421 4423 2510 4465 me
2535 4409 2710 4482 sequi,
2746 4423 2816 4466 ne
2843 4409 2984 4468 forte
3013 4410 3310 4484 compellar
3330 4425 3464 4469 con-

1887 4519 1906 4552 ‹
1943 4501 2129 4557 fodere
2171 4510 2224 4556 te
2264 4502 2317 4556 in
2362 4509 2584 4569 terram,
2615 4512 2671 4558 et
2699 4502 2881 4560 levare
2917 4518 3024 4560 non
3049 4512 3238 4574 potero
3269 4503 3468 4560 faciem

1888 4614 1906 4646 ι
1943 4609 2121 4652 meam
2144 4595 2213 4651 ad
2235 4592 2370 4651 Joab
2399 4594 2626 4652 fratrem
2657 4604 2829 4653 tuum.
2866 4597 2970 4666 Qui
3000 4598 3199 4669 audire
3221 4601 3468 4656 cantem-

1889 4707 1906 4739 ‹
1940 4688 2067 4758 psit,
2094 4695 2150 4743 et
2171 4687 2344 4743 noluit
2370 4687 2660 4744 declinare.
2686 4687 2968 4745 Percussit
2984 4704 3117 4762 ergo
3137 4705 3260 4746 eum
3285 4691 3471 4747 Abner

1889 4799 1906 4830 ι
1945 4794 2134 4834 aversa
2163 4779 2316 4833 hasta
2345 4780 2400 4834 in
2429 4780 2678 4850 inguine,
2708 4789 2764 4836 et
2790 4781 3102 4850 transfodit,
3141 4791 3198 4839 et
3220 4790 3472 4839 mortuus

1888 4890 1906 4922 ‹
1941 4870 2099 4926 estin
2127 4870 2322 4944 eodem
2355 4870 2492 4938 loco,
2516 4886 2811 4943 omnesque
2829 4875 2922 4944 qui
2941 4873 3248 4931 transibant
3270 4889 3369 4945 per
3390 4873 3471 4929 lo-

1889 4982 1906 5013 ‹
1943 4976 2066 5016 cum
2089 4959 2260 5028 illum,
2290 4961 2343 5015 in
2361 4975 2470 5032 quo
2494 4962 2768 5019 ceciderat
2788 4963 2950 5019 Asael
2970 4973 3026 5020 et
3050 4973 3297 5020 mortuus
3321 4970 3463 5028 erat,

1887 5075 1904 5106 ε
1945 5052 2328 5109 subsistebant.
2365 5073 2384 5106 ι
2417 5053 2713 5123 Moraliter,
2742 5053 2897 5124 cujus
2923 5056 3065 5112 idem
3089 5055 3250 5111 Asael
3277 5063 3467 5126 typum

1880 5145 2075 5212 tenuit,
2101 5144 2206 5199 nisi
2243 5159 2430 5200 eorum
2454 5161 2594 5216 quos
2615 5147 2966 5202 vehementer
2994 5145 3188 5216 arripit
3208 5143 3381 5212 furor,
3411 5155 3468 5202 et

1879 5239 1932 5292 in
1983 5252 2224 5308 praeceps
2261 5237 2455 5294 ducit?
2504 5237 2608 5307 Qui
2645 5239 2700 5293 in
2741 5238 2933 5293 eodem
2980 5235 3185 5294 furoris
3218 5237 3425 5310 impetu
3447 5278 3466 5308 ,

1881 5337 2030 5384 tanto
2053 5329 2264 5385 cautius
2289 5328 2650 5399 declinantur,
2676 5337 2880 5400 quanto
2895 5337 2952 5386 et
2977 5329 3221 5386 insanius
3247 5331 3469 5403 rapiun-

1880 5427 1985 5473 tur.
2019 5418 2170 5475 Unde
2205 5427 2262 5474 et
2288 5419 2470 5475 Abner
2505 5421 2619 5490 qui,
2665 5433 2914 5475 sermone
2948 5425 3155 5486 nostro,
3183 5421 3350 5492 patris
3378 5421 3464 5479 lua-

1879 5532 2036 5570 cerna
2073 5515 2290 5580 dicitur,
2320 5513 2476 5586 fugit,
2505 5515 2632 5585 quia
2669 5513 2953 5569 doctorum
2977 5513 3194 5584 lingua,
3215 5528 3340 5587 qua:
3367 5531 3460 5574 su-

1875 5624 2101 5681 pernum
2126 5609 2220 5664 Dei
2247 5608 2428 5662 lumen
2453 5607 2655 5663 indicat
2677 5647 2691 5672 ,
2733 5622 2858 5662 cum
2885 5620 2984 5678 per
3003 5607 3231 5680 abrupta
3255 5608 3458 5668 furoris

1875 5709 2112 5758 mentem
2142 5699 2443 5771 cuiuspiam
2481 5698 2612 5753 ferri
2655 5697 2957 5768 conspicit,
3007 5714 3239 5772 cumque
3265 5711 3459 5757 contra

1875 5794 2225 5858 irascentem,
2281 5788 2588 5845 dissimulat
2636 5789 2928 5845 verborum
2970 5787 3150 5861 iacula
3209 5789 3458 5858 reddere,

1877 5891 2034 5961 quasi
2078 5893 2492 5959 persequentem
2521 5899 2629 5941 non
2668 5883 2783 5940 vult
2811 5881 2995 5940 ferire.
3041 5882 3150 5940 Sed
3185 5897 3310 5939 cum
3353 5881 3464 5939 ira-
