3970 6332
581 480 707 544 μῑιω

1648 477 2000 536 ANGELOMI
2038 473 2501 532 LUXOVIENSIS
2539 474 2725 533 nona
2742 475 2860 534 CIII
3697 489 3764 550 διο

597 601 761 658 eundi
812 599 954 652 nulla
1003 597 1440 654 consideratione
1489 611 1548 652 se
1594 595 1865 667 mitigant,
1920 603 1974 649 et
2013 591 2169 662 quasi
2199 590 2249 651 Α
2275 588 2455 644 buisse
2477 589 2704 654 dicitun
2731 591 2885 648 Unde
2914 597 2972 645 et
3000 590 3056 646 in
3081 591 3422 658 sequentibus
3441 593 3661 662 scriptum
3680 608 3764 653 est:

599 693 778 758 Asael,
806 691 1058 762 persequi
1085 700 1142 746 et
1171 690 1412 746 insanire
1443 703 1550 744 non
1580 696 1815 751 cessant,
1851 700 2074 742 necesse
2094 692 2180 740 est

598 795 659 841 ut
687 787 742 840 hi
777 785 868 855 qui
902 784 1144 839 furentes
1181 782 1476 854 reprimere
1508 788 1794 846 conantur,
1839 792 2177 850 nequaquam

598 895 658 935 se
679 880 734 933 in
761 879 998 933 furorem
1020 877 1254 948 erigant,
1273 876 1366 931 sed
1385 875 1648 946 quidquid
1671 883 1757 930 est
1776 871 2180 942 tranquillitatis

597 971 913 1035 ostendant,
961 969 1208 1040 quaedam
1258 981 1389 1022 vero
1438 967 1712 1023 subtiliter
1761 964 2062 1037 proferant,
2123 965 2176 1018 in

598 1059 795 1131 quibus
828 1075 895 1115 ex
936 1058 1156 1128 obliquo
1194 1057 1425 1111 furentis
1462 1056 1700 1111 animum
1741 1064 1990 1126 purgent.
2025 1053 2177 1110 Unde

597 1160 654 1208 et
690 1151 904 1216 Abner,
939 1166 1061 1207 cum
1089 1157 1280 1205 contra
1311 1157 1725 1218 persequentem
1759 1148 2025 1212 substitit,
2069 1160 2178 1200 non

595 1260 718 1301 eum
753 1254 932 1307 recta,
973 1242 1068 1297 sed
1114 1255 1303 1296 aversa
1332 1241 1491 1296 hasta
1538 1239 1903 1295 transforavit.
1953 1239 2032 1293 Ex
2059 1253 2178 1293 mu-

595 1350 761 1390 crone
788 1335 982 1405 quippe
1017 1341 1328 1404 percutere,
1365 1341 1452 1389 est
1481 1333 1682 1402 impetu
1709 1333 2180 1403 apertae'increpa-

594 1426 757 1481 tionis
788 1426 1028 1480 obviare.
1060 1424 1266 1480 Aversa
1292 1439 1425 1479 vero
1461 1411 1612 1478 hasta
1655 1429 2066 1494 persequentem
2096 1420 2176 1476 fe—

591 1518 718 1582 rire,
764 1526 848 1573 est
891 1517 1163 1573 furentem
1202 1517 1570 1586 intranquille,
1617 1531 1684 1570 ex
1719 1515 2038 1584 quibusdam
2076 1529 2174 1568 an—

590 1623 740 1680 gere,
769 1616 824 1662 et
850 1609 1004 1678 quasi
1031 1607 1306 1678 parcendo
1335 1621 1616 1678 superare.
1648 1606 1810 1661 Asael
1844 1614 2023 1660 autem
2049 1618 2174 1675 proc-

591 1700 738 1755 tinus
755 1699 1046 1762 occumbit,
1075 1700 1200 1768 quia
1225 1706 1510 1753 commotae
1531 1705 1764 1762 mentes,
1794 1697 1920 1751 dum
1945 1703 2000 1751 et
2026 1690 2176 1765 parci

589 1793 691 1848 sibi
718 1801 834 1850 sent
861 1801 976 1856 unt,
1002 1800 1058 1847 et
1084 1800 1214 1846 tunc
1237 1805 1617 1861 responsorum
1637 1788 1846 1844 ratione
1869 1789 1923 1843 in
1949 1789 2172 1856 intimis,

589 1885 689 1938 sub
714 1883 1109 1953 tranquillitate
1134 1891 1452 1953 tanguntur,
1477 1883 1545 1936 ab
1565 1895 1633 1936 eo
1653 1895 1762 1950 quo
1790 1895 1848 1936 se
1865 1889 2170 1945 erexerant,

587 1974 770 2029 statim
806 1948 1027 2030 cadunt.
1065 1973 1165 2041 Qui
1207 1948 1336 2045 ergo
1369 1989 1400 2027 a
1429 1948 1778 2028 fervoris—sui
1811 1972 2036 2041 impetu,
2075 1973 2174 2028 sub
2203 1948 2251 2009 Β

587 2067 826 2122 lenitatis
847 2066 1196 2138 percussione
1224 2064 1492 2130 resiliunt,
1527 2063 1685 2138 quasi
1711 2064 1829 2119 sine
1848 2061 2017 2129 ferro,
2054 2077 2173 2118 mo-

587 2158 820 2212 riuutur.

663 2271 683 2302 ι
719 2250 787 2306 Et
837 2251 1162 2306 exclamavit
1210 2249 1394 2306 Abner
1442 2249 1510 2306 ad
1555 2247 1714 2313 Joab,
1761 2256 1816 2302 et
1865 2249 1940 2302 ait
1977 2261 1991 2302 :
2035 2244 2173 2302 Num

595 2361 614 2414 ᾳ
651 2358 822 2412 usque
869 2344 937 2399 ad
983 2343 1407 2398 internecionem
1439 2352 1564 2397 tuus
1605 2355 1796 2396 mucro
1838 2339 2108 2394 desmviet.
2149 2357 2168 2392 ι

579 2435 881 2502 Hebraeus,
911 2443 971 2491 ut
999 2435 1105 2506 legi
1133 2435 1185 2489 in
1212 2435 1493 2503 cujusdam
1527 2433 1911 2504 disputatione,
1945 2448 2053 2486 non
2079 2432 2176 2486 ha—

585 2529 680 2586 bet
707 2539 850 2584 tuus.
889 2549 908 2581 ι
946 2530 1028 2584 An
1057 2529 1276 2600 ignoras
1309 2529 1453 2598 quod
1487 2529 1789 2598 periculosa
1812 2527 1889 2581 sit
1921 2526 2176 2596 despera-

585 2623 700 2678 tio?
745 2644 764 2677 ι
817 2625 874 2678 In
901 2622 1132 2679 Hebraeo
1164 2624 1237 2678 ita
1284 2623 1515 2678 habetur
1547 2641 1560 2676 :
1597 2640 1616 2674 ι
1650 2623 1732 2676 Αιι
1772 2621 1990 2691 ignoras
2029 2617 2174 2689 quod

583 2732 803 2772 amarus
829 2717 935 2772 erit
961 2716 1122 2772 ﬁnis?
1151 2737 1170 2768 ι
1189 2716 1274 2770 -Ει
1302 2723 1386 2771 est
1413 2730 1604 2772 sensus
1635 2733 1647 2768 :
1676 2712 1925 2782 Nunquid
1956 2713 2170 2782 ignoras

570 2809 724 2879 quod
763 2810 832 2864 ad
861 2807 1278 2863 amaritudinem
1327 2806 1424 2862 tibi
1457 2805 1757 2876 proveniat,
1799 2818 1865 2859 eo
1903 2803 2048 2874 quod
2078 2816 2173 2872 po-

573 2903 773 2974 pulum
795 2902 942 2958 hunc
969 2901 1152 2957 delere
1178 2900 1416 2956 niteris?

1205 3053 1432 3112 CAPUT
1467 3053 1553 3110 Ill.

656 3191 675 3223 ι
712 3170 878 3228 Facta
916 3179 1003 3228 est
1041 3185 1172 3243 ergo
1213 3169 1366 3242 longa
1403 3168 1736 3224 concertatio
1777 3167 1919 3221 inter
1953 3165 2172 3222 domum

576 3284 604 3316 λι
644 3263 796 3330 Saul,
825 3273 878 3320 et
901 3266 1119 3320 domum
1140 3263 1329 3319 David.
1357 3261 1524 3316 David
1547 3259 1856 3330 proﬁciens,
1883 3265 1937 3312 et
1957 3271 2172 3329 semper

479 3405 482 3408 .
584 3375 603 3408 ι
643 3358 698 3412 in
725 3357 904 3428 seipso
933 3356 1220 3418 robustior,
1256 3355 1448 3410 domus
1477 3361 1656 3407 autem
1684 3349 1812 3406 Saul
1847 3350 2169 3406 decrescens

586 3468 605 3503 ι
640 3451 902 3521 quotidie.
939 3470 957 3504 ι
992 3450 1194 3505 Domus
1219 3463 1349 3520 ergo
1377 3446 1571 3512 David,
1598 3461 1719 3516 qua:
1746 3453 1831 3499 est
1869 3443 1974 3500 alia
2004 3457 2170 3513 quam

577 3545 770 3600 civitas
795 3544 932 3599 Dei?
968 3543 1302 3600 Hierusalem
1326 3540 1578 3596 videlicet
1602 3538 2009 3608 cwlestis,,quae
2041 3552 2168 3607 par-

577 3637 674 3692 tim
717 3636 897 3692 adhuc
935 3636 1313 3705 peregrinatur
1353 3634 1410 3689 in
1449 3634 1632 3697 terris,
1673 3633 1868 3702 partim
1896 3631 2010 3702 jam
2048 3646 2169 3686 cum

571 3729 808 3783 Domino
835 3736 1029 3798 regnat
1053 3728 1108 3781 in
1135 3726 1310 3782 caelis.
1350 3726 1416 3780 Et
1438 3741 1559 3794 quae
1584 3735 1668 3780 est
1697 3725 1892 3780 domus
1921 3723 2053 3778 Saul
2083 3739 2171 3780 su-

577 3822 730 3891 perbi
781 3829 837 3875 et
883 3820 1034 3891 impii
1083 3820 1246 3889 regis,
1293 3818 1395 3873 nisi
1431 3819 1672 3889 Babylon
1708 3817 1796 3873 illa
1837 3817 2170 3873 confusionis

575 3914 757 3984 plena,
789 3929 909 3985 qua:
936 3914 1146 3970 seducit
1169 3923 1224 3968 et
1249 3911 1502 3968 fornicari
1537 3911 1666 3968 facit
1685 3926 1875 3967 omnes
1901 3921 2090 3983 gentes
2115 3911 2170 3965 in

531 4045 534 4048 .
577 4005 959 4075 prostitutione
997 4003 1128 4059 sua?
1158 4003 1341 4074 Longa
1374 4018 1503 4074 ergo
1533 4004 1866 4058 concertatio
1904 4003 2046 4057 inter
2071 4003 2168 4058 do—

579 4109 726 4149 mum
764 4094 917 4160 Saul,
960 4103 1015 4148 et
1051 4095 1268 4150 domum
1316 4095 1483 4150 David
1529 4102 1634 4158 est,
1675 4094 1800 4164 quia
1825 4092 2171 4163 persequitur

577 4187 668 4243 illa
703 4204 824 4258 quae
861 4189 1153 4245 secundum
1191 4203 1414 4243 carnem
1441 4196 1539 4249 est,
1580 4202 1701 4243 eam
1729 4202 1848 4256 quae
1874 4186 2169 4241 secundum

578 4281 846 4350 spiritum.
882 4280 990 4337 Sed
1016 4281 1207 4336 domus
1239 4280 1433 4347 David,
1461 4296 1526 4336 eo
1554 4281 1725 4351 magis
1757 4279 2002 4350 profectu
2028 4278 2167 4332 ﬁlio—

580 4391 699 4431 rum
738 4375 990 4446 gaudebit
1013 4390 1257 4440 suorum,
1283 4391 1391 4446 quo
1422 4375 1592 4444 magis
1616 4375 1807 4429 domus
1832 4373 1962 4428 Saul
1985 4389 2170 4444 perse-

576 4467 883 4524 cutionibus
931 4477 1121 4524 contra
1170 4483 1291 4523 eam
1338 4468 1509 4523 saevit.
1565 4466 1654 4521 Illa
1703 4476 1880 4522 autem
1929 4466 2170 4538 quotidie

576 4559 854 4625 deﬁciens,
881 4560 934 4618 in
958 4561 1244 4631 iniquitate
1265 4574 1361 4615 sua
1390 4559 1631 4616 tabescet
1661 4577 1672 4612 :
1703 4567 1757 4614 et
1778 4558 1846 4614 ad
1865 4567 2170 4614 extremum

2277 682 2448 751 Igitur
2476 681 2688 737 Michol
2710 683 2832 738 ﬁliae
2879 681 3006 738 Saul
3053 696 3158 738 non
3193 691 3278 738 est
3303 691 3457 738 natus
3489 682 3626 750 ﬁlius,
3651 702 3765 757 usque

2279 776 2344 830 ad
2381 776 2522 832 diem
2552 784 2744 833 mortis
2768 791 2902 842 suae,
2928 777 3056 846 quia
3088 777 3140 832 in
3179 777 3295 846 ipso
3321 785 3467 847 partu
3491 778 3709 834 occubuit.
3728 783 3768 842 Et

2277 867 2406 937 quid
2449 876 2654 937 septem
2696 867 2788 924 ﬁlii
2820 867 2990 922 David
3019 867 3109 936 qui
3154 869 3200 921 ei
3242 868 3351 921 nati
3379 877 3496 922 sunt
3527 868 3573 922 in
3598 868 3764 939 Hebrus,

2278 959 2382 1014 nisi
2431 959 2814 1030 perfectionem
2862 967 3172 1014 sanctorum
3217 957 3270 1012 in
3326 957 3447 1022 ﬁde,
3489 973 3706 1024 sermone,
3734 969 3767 1015 et

2277 1067 2441 1121 opere
2487 1051 2831 1123 signiﬁcant?
2867 1067 2987 1121 qua:
3035 1050 3103 1105 ab
3143 1049 3379 1104 Ecclesia
3423 1059 3598 1116 matre,
3633 1066 3766 1120 sponso

2280 1145 2546 1202 Salvatori
2588 1145 2839 1202 videlicet
2887 1153 3093 1210 nostro,
3134 1144 3372 1214 quotidie
3406 1155 3704 1214 generantur,
3734 1155 3768 1199 et

2279 1236 2527 1308 conjugio
2569 1237 2820 1308 spiritali,
2871 1251 2968 1307 per
3014 1235 3250 1306 Spiritus
3291 1235 3460 1290 sancti
3497 1235 3702 1306 gratiam,
3732 1235 3764 1290 in

2277 1338 2536 1386 aeternam
2565 1330 2730 1384 vitam
2753 1329 2994 1398 quotidie
3021 1327 3116 1382 ﬁlii
3150 1327 3284 1383 lucis
3316 1326 3568 1384 oriuntur.

2353 1442 2371 1474 ι
2411 1421 2709 1492 Respondit
2741 1421 2924 1476 Abner
2965 1421 3138 1476 iratus
3185 1420 3252 1475 ad
3291 1420 3520 1476 Isboseth
3551 1438 3563 1473 :
3589 1417 3766 1490 Nunquid

2285 1535 2303 1566 ι
2341 1521 2503 1584 caput
2548 1513 2700 1568 canis
2749 1528 2850 1584 ego
2897 1527 3014 1568 sum
3066 1511 3349 1568 adversum
3384 1509 3512 1566 Juda
3543 1510 3767 1580 ltodie,qui

2283 1627 2303 1658 ι
2337 1606 2558 1662 fecerim
2600 1606 3025 1662 misericordiam
3071 1621 3234 1677 super
3277 1607 3486 1663 domum
3519 1606 3626 1662 Saul
3656 1607 3767 1676 patris

2285 1715 2304 1748 ι
2341 1697 2419 1752 ιιιί
2447 1705 2500 1754 et
2528 1713 2689 1767 super
2727 1695 2924 1752 fratres
2965 1706 3022 1752 et
3048 1697 3325 1767 proximos
3351 1697 3492 1768 ejus?
3519 1706 3568 1754 et
3599 1713 3681 1752 non
3702 1707 3766 1751 tn-

2285 1811 2303 1844 (
2341 1791 2452 1847 didi
2482 1801 2534 1847 te
2562 1793 2614 1846 in
2643 1807 2803 1846 manu
2837 1791 3028 1857 David,
3053 1799 3107 1846 et
3135 1799 3190 1844 tu
3221 1791 3486 1860 requisisti
3512 1791 3559 1846 in
3587 1805 3655 1844 me
3675 1788 3767 1858 quod

2285 1910 2304 1943 ι
2342 1903 2599 1961 argueres
2645 1903 2742 1959 pro
2793 1887 3016 1943 muliere
3063 1887 3257 1942 hodie?
3293 1906 3310 1938 ι
3352 1895 3405 1940 et
3440 1885 3634 1956 reliqua.
3663 1885 3716 1938 Ac
3739 1883 3768 1937 si

2277 1983 2485 2039 diceret
2519 2000 2532 2036 :
2573 1981 2802 2052 Propter
2829 1990 2904 2046 te,
2940 1988 2995 2036 et
3030 1988 3248 2050 propter
3295 1980 3502 2034 domum
3534 1978 3673 2047 patris
3707 1975 3766 2038 tui,

2275 2077 2431 2133 dicor
2456 2085 2617 2146 caput
2664 2074 2817 2130 canis
2854 2089 2974 2129 esse
3007 2081 3198 2129 contra
3243 2071 3451 2135 ludam,
3479 2085 3539 2126 eo
3570 2067 3766 2139 quodnon

2277 2168 2476 2224 red'uco
2522 2168 2739 2222 domum
2776 2165 2940 2221 Israel
2979 2167 3047 2220 ad
3081 2165 3271 2229 David,
3305 2178 3458 2234 quem
3488 2162 3589 2216 scio
3617 2169 3766 2214 unctum

2275 2277 2398 2317 esse
2451 2276 2655 2331 regem,
2700 2268 2756 2316 et
2806 2269 3156 2332 regnaturum
3205 2259 3320 2314 fore
3361 2272 3514 2328 super
3545 2255 3765 2310 universum

2273 2367 2498 2423 regnum
2519 2351 2704 2406 Israel.
2731 2350 2906 2421 Caput
2930 2351 3082 2406 canis
3108 2365 3164 2406 se
3189 2350 3321 2406 dicit
3341 2363 3474 2412 esse,
3499 2347 3548 2402 id
3566 2356 3627 2401 est
3648 2345 3765 2408 vilem,

2275 2459 2342 2501 eo
2383 2444 2526 2514 quod
2565 2460 2596 2498 a
2626 2445 2784 2499 domo
2823 2442 2960 2498 Juda
2998 2444 3078 2498 sic
3117 2441 3427 2505 haberetur,
3459 2440 3584 2494 sicut
3613 2437 3764 2490 latratus

2275 2538 2444 2601 canis,
2472 2545 2528 2592 et
2552 2553 2618 2592 eo
2647 2536 2790 2607 quod
2819 2537 3070 2606 princeps
3102 2543 3249 2591 esset
3276 2549 3483 2598 canum,
3522 2531 3568 2586 id
3600 2536 3664 2584 est
3681 2525 3765 2581 stul-

2277 2638 2454 2684 torum
2485 2627 2784 2684 hominum.

2355 2741 2372 2772 ι
2407 2721 2474 2775 Et
2498 2718 2634 2774 dixit
2661 2719 2845 2774 Abner
2869 2719 2935 2774 ad
2963 2717 3130 2774 David
3159 2732 3175 2772 :
3203 2716 3430 2788 Surgam
3452 2723 3509 2770 ut
3530 2723 3764 2781 congregem

2281 2835 2298 2866 ι
2340 2815 2408 2870 ad
2459 2823 2508 2869 te
2557 2813 2831 2869 dominum
2886 2827 3084 2876 meum,
3132 2826 3316 2880 regem
3363 2809 3530 2866 omnis
3568 2804 3706 2867 Israel,
3734 2809 3765 2855 et

2280 2928 2298 2957 ι
2338 2908 2516 2962 ineam
2544 2915 2722 2962 tecum
2751 2905 2948 2972 foedus,
2979 2914 3039 2960 ut
3066 2905 3304 2975 imperes
3330 2902 3564 2961 omnibus
3585 2901 3689 2955 sicut
3707 2897 3764 2949 dc-

2280 3018 2297 3050 ‹
2337 3000 2540 3056 siderat
2588 2999 2769 3054 anima
2817 3007 2927 3054 tua.
2977 2997 3114 3053 Cum
3156 3013 3289 3070 ergo
3336 2995 3619 3054 deduxisset
3657 2984 3765 3043 David

2281 3110 2299 3142 ι
2339 3091 2522 3147 Abner
2558 3101 2614 3145 et
2665 3089 2752 3145 ille
2786 3100 2931 3146 esset
2968 3091 3022 3146 in
3063 3105 3219 3160 pace.
3262 3109 3280 3142 ›
3315 3089 3493 3144 Abner
3523 3083 3695 3140 veniens
3725 3076 3765 3130 ad

2277 3183 2445 3237 David
2485 3190 2544 3236 ut
2574 3181 2884 3237 universum
2913 3180 3104 3247 Israel,
3139 3196 3309 3252 regno
3336 3179 3496 3250 ipsius
3528 3167 3763 3231 sociarctah

2273 3273 2410 3330 Joab
2440 3275 2726 3346 ignorante
2755 3273 2944 3339 David,
2974 3273 3027 3327 in
3052 3273 3174 3328 dolo
3204 3273 3416 3328 occisus
3439 3277 3530 3325 est.
3556 3269 3618 3324 De
3637 3261 3764 3334 quibus

2275 3364 2436 3420 latius
2479 3365 2534 3419 in
2570 3365 2944 3435 sequentibus,
2990 3372 3045 3418 et
3095 3363 3254 3420 aliter
3296 3363 3529 3420 dicturus
3571 3371 3677 3414 sum.
3711 3348 3764 3404 Sic

2275 3457 2584 3530 intelligunt
2618 3477 2630 3514 :
2663 3459 2868 3523 Abner,
2903 3457 3172 3527 inquiunt,
3211 3456 3434 3512 veniens
3469 3451 3530 3507 ad
3562 3444 3705 3508 David,
3729 3448 3763 3493 ιιι

2276 3552 2587 3606 universum
2610 3550 2776 3607 Israel
2806 3564 2971 3620 regno
2996 3549 3165 3618 ipsius
3191 3548 3443 3614 sociaret,
3470 3543 3555 3600 sed
3576 3557 3601 3595 a
3621 3532 3763 3593 Joabin

2277 3644 2399 3700 dolo
2433 3644 2645 3700 occisus
2683 3652 2785 3698 est.
2822 3643 2887 3698 Et
2919 3642 3118 3698 Paulus
3155 3641 3435 3710 egrediens
3465 3637 3524 3692 ad
3553 3629 3763 3706 gentrs,ul

2274 3738 2654 3808 praedicatione
2691 3752 2791 3793 sua
2824 3737 2890 3792 ad
2927 3735 3087 3792 ﬁdem
3125 3749 3220 3792 eas
3265 3733 3460 3790 Christi
3500 3725 3761 3786 converteret.

2273 3831 2626 3903 gravissimas
2650 3828 2957 3886 Iudaeorum
2987 3827 3274 3898 pertulisse
3305 3825 3492 3896 legitur
3523 3810 3762 3892 persecutio-

2277 3938 2390 3977 nes.
2434 3920 2589 3977 Sicut
2614 3921 2760 3976 enim
2794 3919 2929 3976 Joab
2963 3918 3106 3972 ﬁlius
3149 3916 3378 3989 Sarviae,
3409 3910 3610 3968 azmulus
3631 3904 3763 3960 Abner.

2275 4027 2445 4082 usque
2481 4014 2548 4066 ad
2594 4026 2782 4066 necem
2829 4010 3020 4064 mortis
3056 4008 3345 4062 insidiatus
3377 4013 3474 4067 est,
3502 4002 3570 4080 sic
3591 3994 3763 4052 nimirum

2272 4102 2440 4159 Judaei
2471 4103 2563 4157 ﬁlii
2604 4102 2852 4158 videlicet
2889 4101 3185 4174 Synagoga:
3211 4099 3378 4154 Paulo
3406 4091 3619 4167 apostolo
3644 4101 3688 4140 ex
3709 4095 3763 4135 ca-

2273 4196 2396 4250 dem
2437 4196 2578 4250 tribu
2625 4194 2903 4265 Benjamin
2940 4193 3142 4264 genito,
3197 4191 3381 4246 tandiu
3433 4180 3634 4242 insidiati
3672 4179 3763 4231 sum,

2275 4289 2448 4344 donec
2475 4301 2599 4341 eum
2625 4286 2692 4342 de
2715 4264 2896 4340 Iudaea
2923 4283 3276 4354 expellentes,
3316 4283 3382 4337 ad
3416 4286 3583 4351 gentes
3609 4264 3764 4325 transire

2232 4430 2238 4436 .
2274 4380 2654 4450 compulerunt
2678 4379 2815 4449 (Act.
2846 4378 2987 4449 xui).

2352 4491 2370 4522 ι
2407 4471 2726 4526 Sermonem
2763 4448 2977 4540 quoque
3015 4468 3190 4523 intulit
3227 4469 3409 4522 Abner
3434 4465 3496 4520 ad
3517 4459 3705 4517 seniores
3721 4448 3763 4502 ls'

2279 4583 2296 4614 ι
2336 4562 2444 4618 rael
2471 4563 2658 4616 dicens
2689 4579 2700 4614 :
2734 4560 2865 4615 Tam
2894 4561 3008 4617 heri
3037 4575 3198 4631 quam
3249 4555 3610 4615 nudiustertius
3633 4553 3762 4618 qum

574 4654 868 4712 secundum
897 4655 1086 4710 merita
1117 4669 1236 4719 sua,
1269 4653 1431 4709 simul
1454 4668 1578 4708 cum
1605 4653 1781 4722 capite
1805 4667 1927 4720 suo,
1965 4653 2019 4708 in
2048 4669 2170 4724 pro-
2194 4689 2247 4749 Β
2281 4674 2299 4704 ι
2333 4653 2473 4708 batis
2494 4651 2661 4706 David
2689 4660 2748 4706 ut
2773 4661 3023 4724 regnaret
3049 4667 3212 4721 super
3237 4667 3350 4706 vos.
3379 4648 3522 4704 Nunc
3538 4656 3642 4711 ergo
3661 4631 3760 4749 tacite

574 4744 802 4802 fundum
831 4746 1010 4818 abyssi
1037 4756 1332 4818 mergetur.

651 4859 668 4890 ι
707 4839 826 4896 Nati
855 4856 1070 4910 quoque
1100 4849 1225 4896 sunt
1255 4839 1349 4894 lilii
1374 4839 1542 4896 David
1573 4839 1626 4895 in
1663 4839 1897 4896 Hebron.
1937 4841 2168 4911 Fuitqne

581 4954 595 4984 ι
636 4934 1026 5005 primogenitus
1039 4933 1399 5002 ejusAmnon,
1417 4934 1483 4988 de
1503 4934 1779 4988 Achinoen
1801 4934 2164 4999 Jezraelitide,

579 5047 596 5078 ι
635 5037 692 5084 et
723 5037 846 5097 post
873 5043 995 5082 eum
1023 5025 1247 5089 Chelea,
1279 5027 1345 5082 de
1379 5026 1590 5098 Abigail
1620 5043 1788 5080 uxore
1831 5027 1995 5082 Nabal
2029 5026 2163 5081 Car-

577 5139 597 5172 ι
638 5122 782 5176 meli.
832 5121 1001 5176 Porro
1051 5122 1244 5177 tertius
1280 5120 1533 5184 Absalon,
1589 5121 1730 5177 ﬁlius
1775 5122 1996 5177 Maacha
2045 5123 2165 5178 ﬁliae

577 5232 595 5265 ι
633 5213 911 5270 Tholomai
958 5215 1098 5286 regis
1136 5214 1356 5269 Gessnr.
1399 5213 1634 5281 Quartus
1679 5223 1860 5269 autem
1909 5215 2164 5278 Adoni-as,

561 5325 596 5358 -‹
637 5306 781 5362 ﬁlius
820 5306 1042 5378 Aggith,
1087 5316 1142 5361 et
1185 5307 1406 5376 quintus
1451 5304 1728 5376 Saphatia,
1773 5306 1918 5362 ﬁlius
1966 5306 2165 5362 Abital.

562 5416 598 5449 -‹
633 5396 834 5454 Sextus
869 5413 1085 5470 quoque
1124 5398 1352 5463 Jetram,
1395 5397 1462 5452 de
1505 5397 1632 5467 Egla
1671 5413 1839 5454 uxore
1873 5397 2062 5454 David.
2103 5399 2167 5454 Hi

575 5507 598 5540 ‹
632 5489 746 5543 nati
785 5498 913 5546 sunt
957 5491 1124 5546 David
1159 5491 1212 5545 in
1253 5489 1490 5545 Hebron.
1529 5509 1546 5542 i
1585 5489 1859 5558 Quaeritur
1886 5505 2008 5546 cum
2046 5490 2166 5544 alire

574 5595 773 5635 uxores
819 5581 989 5637 David
1042 5599 1204 5654 supra
1247 5592 1446 5638 notata:
1496 5582 1623 5644 sint.
1670 5591 1726 5636 et
1770 5597 1874 5637 non
1919 5583 2167 5636 dicantur

575 5683 774 5726 uxores
798 5670 991 5738 David,
1021 5689 1120 5729 cur
1145 5675 1232 5730 hic
1259 5675 1371 5730 sola
1401 5673 1532 5746 Egla
1565 5689 1703 5728 uxor
1729 5673 1944 5728 dicatur
1965 5673 2168 5728 David?

573 5758 704 5831 Egla
743 5762 888 5817 enim
918 5762 1030 5832 ipsa
1059 5773 1142 5819 est
1183 5765 1396 5827 Michol,
1432 5781 1550 5833 quae
1593 5765 1716 5819 ideo
1760 5780 1896 5818 uxor
1930 5763 2049 5834 ejus
2079 5765 2167 5819 hic

567 5853 687 5908 sola
716 5864 961 5918 voratur,
990 5871 1057 5911 eo
1077 5856 1224 5924 quod
1260 5856 1313 5910 in
1343 5856 1702 5912 adolescentia
1731 5849 1964 5926 primum
1997 5858 2164 5927 ipsam

577 5944 801 6000 mrtitus
846 5945 1018 6000 fuerat
1056 5945 1109 5997 in
1151 5959 1396 6003 uxorem.
1441 5962 1559 6002 uuae
1603 5949 1766 6002 etiam
1817 5958 1974 6005 Dartu
2010 5965 2171 6003 occu-

2284 4763 2300 4796 ι
2336 4746 2592 4815 quoniam
2619 4720 2878 4800 Dominus
2905 4720 3225 4802 locutusest
3253 4745 3319 4798 ad
3347 4740 3504 4798 David
3530 4737 3676 4792 dicens
3701 4720 3758 4778 ειη

2283 4858 2300 4888 ι
2335 4853 2498 4893 manu
2527 4839 2670 4894 servi
2703 4839 2806 4894 mei
2835 4839 3020 4903 David,
3057 4838 3277 4896 salvabo
3301 4835 3539 4910 populum
3565 4837 3698 4884 meum
3715 4815 3759 4869 ls-

2285 4950 2300 4982 (
2339 4931 2448 4985 rael
2489 4931 2554 4985 de
2599 4945 2758 4985 manu
2798 4930 3127 4985 Philisthiim
3181 4940 3235 4986 et
3257 4929 3488 4985 omnium
3514 4918 3759 5008 inimicorutll

2275 5021 2410 5091 ejus,
2449 5041 2466 5074 ι
2502 5031 2608 5077 etc.
2641 5021 2780 5089 Quid
2811 5031 2892 5076 est
2918 5037 3048 5094 ergo
3074 5023 3216 5092 quod
3253 5023 3434 5077 Abner
3454 5013 3664 5090 populum
3683 5015 3757 5094 αφ’

2274 5089 2490 5169 versum
2538 5113 2706 5167 Israel
2739 5089 3204 5179 exhortatum—ut,
3244 5099 3658 5167 relicto-lsbosetb
3692 5089 3757 5144 lilio

2277 5203 2424 5263 Saul.
2459 5203 2524 5258 ad
2569 5203 2759 5267 David,
2808 5211 3058 5272 prompto
3102 5219 3166 5258 ac
3210 5203 3399 5258 devoto
3434 5199 3608 5257 animo,
3633 5192 3757 5241 come-

2275 5295 2426 5350 niat?
2473 5295 2575 5350 nisi
2614 5295 2759 5366 quod
2795 5295 3045 5350 doctores
3091 5295 3282 5360 sancti,
3323 5292 3408 5363 qui
3441 5285 3588 5360 patris
3610 5279 3756 5366 Ιυσβηξλ

2275 5389 2468 5443 merito
2494 5389 2768 5455 dicuntur,
2796 5388 2998 5442 lumine
3025 5387 3170 5454 lidei,
3198 5398 3253 5444 et
3276 5384 3502 5442 scicntia:
3523 5365 3754 5450 plenissimi.

2273 5483 2324 5536 in
2355 5483 2621 5538 universis
2663 5482 2912 5553 gentibus
2964 5496 3157 5536 nomen
3199 5479 3402 5536 Domini
3445 5469 3696 5547 praedicant,
3724 5456 3756 5553 ei

2276 5576 2656 5640 exhortantur,
2699 5583 2986 5646 quatenus,
3029 5583 3208 5644 spreta
3239 5570 3488 5628 idolorum
3514 5547 3754 5646 culturi-ut"

2276 5671 2467 5726 relicto
2495 5683 2682 5724 errore
2707 5668 3062 5743 confusionis,
3091 5684 3212 5724 cum
3241 5673 3452 5720 auctore
3487 5669 3572 5721 suo
3593 5637 3754 5743 diabcliol

2275 5766 2340 5818 ad
2376 5762 2540 5816 David
2582 5741 2851 5827 nostrum,
2879 5761 2969 5830 qui
3011 5776 3139 5816 vero
3179 5775 3334 5816 manu
3367 5753 3522 5811 fortis,
3551 5731 3754 5800 etdcsnk-

2277 5855 2460 5910 rabilis
2490 5863 2594 5918 est,
2633 5854 2726 5924 qni
2765 5853 3102 5908 desideratus
3138 5851 3342 5908 cunctis
3377 5841 3595 5918 gentibus
3621 5829 3753 5924 0555.3

2277 5948 2536 6008 propheta
2568 5939 2914 6012 describitur,
2945 5947 3060 6000 sine
3101 5961 3246 5998 mora
3285 5941 3515 5994 festinent
3541 5923 3694 5980 \‘rnin‘,
3720 5911 3751 5959 εἴ

3857 149 3859 198 Α

3857 307 3859 360 4

3858 463 3859 508 l
