3970 6332
157 465 256 521 5H

1090 453 1346 514 ENARB.
1387 453 1454 510 IN
1492 454 1740 512 LIBROS
1779 452 2044 511 REGUM.
2085 482 2155 494 --
2186 451 2256 512 IN
2295 451 2424 510 LIB.
2463 452 2554 508 ll-

3329 424 3446 509 δη

159 575 262 629 sub
309 573 430 644 ejus
477 569 734 640 imperio,
789 575 1048 639 perpetuo
1099 570 1350 625 studeant
1401 584 1738 641 permanere.
1768 572 1821 632 Α
1922 587 1939 620 ι
1968 568 2155 626 Manus
2174 578 2276 624 tuae
2297 583 2400 625 non
2429 577 2554 626 sunt
2573 568 2770 639 ligata,
2802 577 2855 622 et
2873 568 3040 638 pedes
3071 569 3144 624 tui
3176 585 3283 626 non
3311 578 3442 628 sunt
3467 550 3480 554 ⁵

159 665 298 720 Nam
324 670 380 719 et
408 661 566 727 Joab,
604 660 696 731 qui
731 659 913 714 Abner
941 659 1066 714 dolo
1093 660 1338 728 loquens,
1363 669 1419 715 et
1441 661 1750 730 percutiens

161 757 216 811 in
246 753 496 825 inguine,
537 749 832 816 interfecit,
862 765 970 804 non
997 751 1162 804 alium
1188 766 1350 821 quam
1375 751 1586 808 hostem
1612 751 1750 806 anti-

160 864 330 920 quum
353 845 643 918 signiﬁcat,
663 846 753 916 qui
780 845 919 901 ﬁctis
939 847 1281 902 suasionibus
1305 847 1543 917 quotidie
1563 847 1750 904 ﬁdeles

160 941 480 994 subvertere
495 937 713 1006 satagit,
728 945 782 991 et
806 950 903 1006 per
927 935 1166 991 libidinis
1185 937 1356 991 noxiae
1370 938 1748 1008 cogitationes,

161 1029 472 1084 interlicere
517 1026 754 1081 molitur.
802 1025 938 1081 Joab
980 1027 1124 1081 enim
1175 1027 1442 1092 inimicus,
1481 1026 1567 1082 vel
1607 1027 1750 1082 idem

162 1121 332 1189 frater
375 1119 780 1186 interpretatur.
829 1113 1080 1170 Omnium
1122 1116 1462 1172 inimicorum
1507 1116 1750 1172 diabolus

161 1221 248 1264 est
285 1217 464 1280 caput,
512 1209 652 1262 unde
677 1215 730 1263 et
757 1206 1008 1263 Salvator
1043 1207 1237 1263 talibus
1274 1209 1326 1263 in
1355 1209 1642 1280 Evangelio
1670 1210 1752 1265 di-

161 1302 240 1357 cit
271 1319 283 1355 :
318 1320 338 1353 (
371 1300 478 1355 Vos
505 1316 571 1355 ex
599 1308 754 1369 patre
779 1300 990 1355 diabolo
1027 1300 1180 1368 estis,
1208 1308 1262 1356 et
1288 1301 1552 1358 desideria
1581 1303 1752 1373 patris

163 1396 332 1449 vestri
361 1394 524 1449 vultis
547 1394 726 1450 facere
746 1392 931 1466 (Joan.
958 1393 1098 1463 vm).
1124 1413 1142 1445 ι
1172 1394 1256 1449 Ab
1285 1395 1386 1450 hac
1410 1411 1539 1467 ergo
1561 1411 1749 1466 perse-

161 1489 382 1541 cutione
408 1485 573 1540 David
601 1493 783 1540 noster
808 1485 1062 1539 immunis
1084 1494 1188 1552 est,
1213 1486 1338 1555 quia
1367 1507 1385 1539 ι
1413 1487 1554 1543 Deus
1580 1489 1752 1544 nemi-

163 1593 286 1632 ueni
317 1586 509 1631 tentat.
533 1577 651 1646 Ipse
675 1585 852 1632 autem
879 1577 1172 1633 intentatur
1196 1578 1459 1634 malorum
1487 1589 1572 1634 est
1605 1581 1748 1651 (Jac;

165 1673 228 1740 ι),
267 1687 286 1719 ι
316 1668 408 1736 qui
435 1667 546 1721 vult
569 1681 759 1722 omnes
784 1667 1028 1722 homines
1052 1668 1229 1724 salvos
1253 1681 1391 1736 esse,
1419 1677 1474 1725 et
1505 1671 1574 1724 ad
1600 1671 1752 1742 agni-

165 1762 366 1814 tionem
395 1758 638 1813 veritatis
664 1759 946 1826 pervenire
965 1758 1016 1830 (Ι
1043 1757 1174 1814 Tim.
1199 1759 1284 1830 ιι).
1319 1778 1338 1812 ι
1367 1759 1471 1816 Per
1493 1761 1750 1818 invidiam

161 1852 306 1906 enim
349 1851 568 1917 diaboli,
610 1866 758 1906 mors
802 1851 1022 1905 intravit
1069 1852 1121 1906 in
1159 1860 1331 1907 totum
1365 1853 1553 1910 orbem
1581 1865 1752 1910 terra-

1856 684 1875 718 ι
1909 665 2258 735 compedibus
2283 663 2578 736 aggravati,
2610 683 2630 716 ο
2655 663 2795 719 sicut
2817 677 3009 718 eorum
3038 678 3232 719 manus
3262 663 3440 721 solent

1851 755 2003 826 ligari
2046 764 2107 811 ‘et
2153 757 2318 826 pedes
2363 755 2578 820 vinciri,
2612 756 2706 826 qui
2753 755 2807 810 in
2847 753 3044 824 prcelio
3085 755 3206 825 capi
3237 756 3436 825 solent,

1852 847 1972 902 dolo
1997 847 2163 918 igitur
2196 863 2305 904 non
2331 848 2538 904 viribus
2582 856 2896 919 peremptus
2943 863 3022 903 es.
3060 847 3215 915 Quod
3255 856 3440 906 autem

1852 939 2019 996 David
2045 954 2104 994 se
2134 955 2405 996 excusans
2427 941 2495 996 de
2522 955 2654 996 nece
2699 940 2949 1006 insontis,
2993 941 3130 996 dixit
3162 955 3176 996 :
3235 959 3252 992 ι
3283 941 3440 998 Mun-

1857 1051 1874 1082 ‹
1895 1030 1993 1085 dus
2023 1044 2124 1100 ego
2153 1046 2293 1095 sum,
2318 1039 2375 1088 et
2400 1045 2628 1100 regnum
2655 1045 2835 1088 meum
2872 1030 3011 1100 apud
3043 1032 3236 1098 Deum,
3267 1046 3442 1102 usque

1857 1142 1875 1174 ί
1895 1123 1950 1176 in
1975 1123 2386 1192 sempiternum,
2401 1139 2431 1177 a
2447 1122 2707 1194 sanguine
2727 1122 2912 1177 Abner
2925 1121 3016 1177 ﬁlii
3040 1119 3169 1190 Ner,
3182 1132 3239 1178 et
3256 1124 3444 1182 veniat

1857 1233 1875 1266 ι
1896 1230 2056 1285 super
2071 1223 2233 1284 caput
2253 1213 2388 1270 Joab
2427 1214 2632 1272 ﬂuxum
2649 1215 2870 1272 seminis
2886 1216 3180 1283 sustinens,
3198 1227 3253 1272 et
3269 1216 3443 1288 lepro-

1852 1325 1944 1365 sus
1964 1318 2153 1364 tenens
2165 1307 2361 1374 fusum,
2377 1317 2432 1365 et
2445 1309 2644 1364 cadens
2664 1309 2860 1379 gladio,
2878 1318 2930 1362 et
2956 1308 3201 1381 indigens
3223 1325 3385 1380 pane.
3407 1330 3431 1365 ι

1851 1397 2160 1455 Iudaeorum
2181 1399 2401 1454 denotat
2421 1399 2702 1469 perﬁdiam
2735 1410 2897 1469 atque
2926 1399 3222 1454 miseriam.
3261 1401 3441 1472 Super

1851 1502 2014 1562 caput
2041 1492 2184 1546 enim
2207 1489 2359 1554 Joab,
2387 1491 2438 1546 id
2463 1499 2567 1557 est,
2609 1506 2771 1561 super
2801 1491 3074 1561 principes
3107 1499 3162 1546 et
3189 1493 3442 1549 sacerdo-

1854 1594 1936 1638 tes
1965 1584 2134 1654 ipsius
2172 1583 2372 1654 populi,
2421 1593 2477 1639 et
2529 1599 2692 1654 super
2727 1598 2944 1639 omnem
2999 1584 3217 1638 domum
3268 1585 3442 1654 patris

1853 1675 1990 1745 ejus,
2015 1687 2346 1746 synagogam
2376 1673 2624 1729 videlicet
2651 1673 2887 1739 Satanae,
2920 1682 3082 1743 atque
3111 1683 3440 1732 conventum

1853 1769 2282 1840 malignantium,
2315 1769 2497 1824 veniet
2526 1768 2784 1838 iniquitas
2817 1767 3124 1838 impiorum,
3152 1777 3210 1824 ut
3250 1770 3438 1841 requi-

1855 1870 2004 1916 ratur
2019 1862 2085 1916 ab
2096 1861 2176 1918 eis
2199 1861 2376 1916 omnis
2397 1860 2616 1931 sanguis
2634 1860 2836 1931 justus,
2854 1860 2946 1928 qui
2961 1857 3164 1917 effusus
3179 1870 3264 1916 est
3279 1875 3442 1930 super

163 1959 284 1996 rum
311 1940 467 2012 (Sep.
498 1944 581 2010 ιι).
613 1961 633 1994 ι
672 1942 958 1997 Imitantur
999 1949 1179 1998 autem
1224 1958 1368 2008 eum.
1398 1945 1489 2013 qui
1529 1954 1747 2002 suntex
1775 1938 1824 1999 B
1857 1963 2078 2016 terram,
2113 1967 2142 2007 a
2165 1952 2427 2024 sanguine
2458 1951 2588 2008 Abel
2613 1951 2766 2023 justi,
2797 1967 2970 2022 usque
3004 1952 3072 2008 ad
3116 1951 3441 2024 sanguinem

160 2043 316 2104 parte
343 2031 478 2101 ejus.
511 2033 693 2089 Potest
723 2049 918 2090 nomen
948 2045 1004 2089 et
1023 2049 1253 2105 persona
1275 2035 1408 2092 Joab
1434 2051 1542 2092 non
1569 2038 1750 2093 incon-
1774 2031 1778 2034 ’

162 2126 446 2180 venienter
471 2127 536 2180 ad
574 2127 826 2196 populum
862 2126 1141 2183 Iudaicum
1181 2143 1276 2197 per
1301 2129 1751 2200 signiﬁcattonem

159 2220 470 2285 transferri,
502 2221 595 2290 qui
635 2220 838 2274 inimici
879 2235 1094 2290 semper
1128 2222 1540 2291 praedicatorum
1575 2221 1751 2277 Evan-

157 2312 286 2379 gelii
325 2313 674 2378 exstiterunt,
711 2321 764 2367 et
791 2312 949 2367 ﬁdem
986 2311 1188 2367 Christi
1223 2313 1529 2383 ubicunque
1555 2325 1748 2383 patue-

159 2413 290 2458 runt
324 2404 806 2474 persequebantur.
836 2403 912 2458 De
947 2405 1143 2474 quibus
1171 2403 1368 2460 Paulus
1403 2405 1748 2461 Thessaloni-

160 2495 416 2550 censibus
444 2495 732 2550 scribens:
768 2513 786 2546 ι
823 2496 930 2550 Vos
955 2497 1122 2562 enim,
1159 2496 1256 2562 ait,
1296 2497 1596 2552 imitatores
1621 2497 1750 2554 facti

161 2591 300 2644 estis
325 2590 516 2645 fratres
542 2590 905 2645 Ecclesiarum
936 2589 1052 2655 Dei,
1085 2605 1205 2660 quae
1230 2599 1356 2646 sunt
1380 2591 1432 2646 in
1459 2589 1664 2656 Judtea,
1693 2591 1748 2647 iu

157 2681 381 2738 Christo
413 2681 542 2736 Jesu
573 2699 586 2734 :
617 2681 742 2750 quia
784 2681 973 2736 eadem
1002 2681 1146 2751 passi
1185 2681 1318 2736 estis
1344 2689 1398 2736 et
1440 2697 1536 2736 vos
1570 2697 1601 2735 a
1627 2697 1751 2738 con-

155 2774 451 2830 tribulibus
478 2775 692 2840 vestris,
717 2774 857 2829 sicut
879 2782 935 2830 et
960 2774 1061 2844 ipsi
1088 2790 1119 2828 a
1142 2771 1342 2830 Judaais
1366 2774 1458 2845 qui
1484 2783 1538 2830 et
1561 2775 1748 2831 Domi.

157 2882 289 2921 num
329 2867 648 2923 occiderunt
689 2867 910 2935 Jesum,‘
933 2876 989 2922 et
1027 2868 1335 2938 prophetas,
1365 2875 1418 2923 et
1443 2883 1541 2923 nos
1564 2883 1749 2939 persc-

157 2965 268 3021 cuti
298 2971 426 3020 sunt
453 2981 466 3016 :
495 2970 552 3018 et
575 2962 684 3017 Deo
715 2979 822 3018 non
849 2961 1186 3030 placuerunt,
1218 2970 1274 3018 et
1296 2961 1548 3017 omnibus
1575 2961 1748 3016 homi-

159 3057 324 3112 nibus
358 3057 712 3111 adversantur
742 3074 755 3109 :
784 3055 1133 3125 prohibentes
1169 3069 1268 3109 nos
1302 3054 1550 3124 gentibus
1579 3053 1746 3122 loqui,

157 3160 221 3204 ut
264 3149 434 3206 salvat
479 3149 610 3203 ﬁant
649 3167 662 3203 :
703 3157 763 3203 ut
811 3148 1067 3219 impleant
1108 3155 1330 3218 peccata
1371 3162 1469 3201 sua
1514 3161 1744 3217 semper.

157 3241 418 3297 Pervenit
459 3240 603 3296 enim
646 3241 726 3295 ira
775 3240 868 3296 Dei
903 3257 1064 3311 super
1092 3241 1234 3307 illos,
1272 3256 1443 3311 usque
1483 3243 1536 3296 in
1583 3241 1748 3296 ﬁnem

158 3334 216 3405 (1
247 3334 428 3388 Thess.
459 3334 539 3403 ιι).
571 3353 591 3385 ι
968 3301 986 3311 ⁵
1222 3301 1231 3307 1
1359 3301 1372 3311 ι
1623 3387 1626 3390 .
1779 3301 1826 3364 Ο

231 3426 438 3481 Aliter:
461 3444 478 3476 ι
503 3425 566 3480 Ει
576 3426 1182 3497 percussitloabAbner
1195 3427 1250 3481 in
1269 3426 1524 3482 ultionem
1541 3427 1753 3496 sangui-

163 3541 183 3572 ι
207 3517 473 3574 nisAsael
487 3518 668 3575 fratris
688 3519 826 3589 ejus,
849 3540 867 3572 ι
895 3529 1002 3575 etc.
1023 3519 1161 3586 Quid
1182 3535 1280 3590 per
1298 3519 1449 3582 Joab,
1469 3519 1560 3589 qui
1585 3519 1754 3572 inimi-

157 3627 257 3664 cus
281 3610 365 3665 vel
396 3611 562 3680 frater
592 3612 1005 3682 interpretatur,
1054 3611 1158 3666 nisi
1207 3611 1369 3666 elatio
1415 3611 1746 3677 Iudaeorum,

158 3709 329 3773 atque
357 3702 595 3757 haeretici
633 3703 1028 3771 designantur?
1057 3702 1195 3769 Quid
1233 3717 1364 3757 vero
1407 3717 1508 3772 per
1543 3701 1750 3767 Abner,

159 3795 258 3863 qui
307 3794 360 3848 in
403 3793 656 3848 Latinum
703 3793 935 3848 vertitur
967 3794 1133 3864 patris
1167 3793 1403 3858 lucerna,
1454 3793 1556 3848 nisi
1593 3794 1754 3863 spiri-

163 3885 303 3940 tales
325 3886 446 3950 viri,
470 3896 525 3940 ct
545 3886 774 3942 humiles
792 3885 1046 3940 Ecclesia:
1069 3886 1318 3940 doctores
1338 3883 1754 3954 exprimuntur?

157 3973 321 4040 Joab,
355 3975 536 4030 Abner
563 3974 617 4030 in
647 3985 803 4045 porta
860 3976 984 4031 dolo
1010 3975 1210 4031 occidit
1237 3975 1260 4028 ?
1288 3975 1416 4046 quia
1447 3984 1500 4028 et
1544 3975 1750 4030 inimici

161 4066 313 4131 ﬁdei,
342 4067 444 4121 hoc
485 4077 573 4122 est
619 4065 788 4122 Judaei
816 4075 872 4121 et
898 4067 1158 4132 haeretici,
1198 4067 1460 4137 quosdam
1490 4062 1752 4137 praesules

159 4157 424 4214 Ecclesiae
445 4160 514 4214 ob
535 4158 907 4214 defensionem
930 4161 1078 4226 ﬁdei,
1106 4175 1274 4230 usque
1295 4160 1364 4213 ad
1387 4175 1575 4215 necem
1609 4173 1753 4214 mor-

161 4252 234 4306 tis
256 4251 527 4322 persecuti
575 4259 718 4306 sunt.
747 4251 853 4306 Pro
878 4267 980 4321 qua
1011 4267 1069 4307 re
1100 4252 1168 4306 de
1196 4251 1355 4307 domo
1381 4252 1551 4322 patris
1593 4251 1749 4318 Joab,

156 4359 261 4414 per
290 4359 452 4414 quam
484 4345 728 4414 signatur
778 4344 940 4414 impia
988 4344 1157 4414 plebs,
1187 4359 1295 4399 non
1325 4344 1507 4400 deficit
1551 4343 1752 4399 fluxum

158 4435 391 4490 seminis
417 4435 710 4502 sustinens,
747 4436 850 4491 hoc
875 4445 978 4500 est,
1009 4436 1299 4490 immundis
1335 4436 1753 4506 cogitationibus

156 4535 330 4598 atque
353 4528 584 4583 sordidis
613 4528 824 4584 actibus
861 4529 1112 4598 pollutus.
1148 4527 1411 4582 Similiter
1465 4542 1678 4598 quoque
1699 4536 1755 4583 et

154 4619 413 4690 leprosus
477 4620 750 4675 sustinens
799 4619 1022 4674 fusum:
1064 4633 1161 4690 per
1199 4619 1342 4688 quod
1401 4620 1753 4691 designantur

157 4711 430 4777 haeretici,
458 4711 724 4766 mendacii
751 4711 832 4766 sui
855 4711 1182 4782 cogitatione
1215 4711 1479 4781 corrupti.
1506 4711 1608 4779 Qui
1638 4713 1748 4766 bte-

157 4804 344 4868 retici,
370 4803 497 4858 dum
527 4804 794 4860 fallaciam
843 4821 995 4860 suam
1025 4804 1315 4861 defendere
1351 4805 1618 4871 nituntur,
1655 4822 1753 4876 per

155 4895 432 4950 ambitum
481 4897 769 4952 verborum
826 4906 1117 4952 rotantur:
1168 4905 1222 4950 et
1255 4896 1400 4950 velut
1442 4897 1496 4952 in
1527 4897 1754 4955 confuso

155 4987 457 5042 locutionis
487 5003 597 5044 sua:
647 4989 927 5044 mendacia
981 4987 1303 5044 involvendo
1336 4989 1752 5046 concluduntur.

151 5082 229 5136 Et
251 5082 385 5136 dum
428 5083 659 5154 litigiosa
709 5083 910 5154 lingua,
964 5083 1177 5138 inﬁrma
1206 5083 1462 5139 Ecclesia:
1510 5086 1754 5140 membra

153 5177 314 5230 velut
337 5175 512 5247 gladio
539 5177 650 5232 oris
684 5177 766 5232 sui
799 5175 1134 5242 confodiunt,
1163 5177 1263 5246 ipsi
1297 5177 1448 5246 prius
1480 5177 1533 5231 in
1561 5179 1752 5233 eodem

151 5269 348 5341 gladio
376 5269 666 5340 impietatis
692 5285 802 5324 suae
823 5271 1148 5325 moriuntur.
1180 5268 1247 5324 Et
1275 5269 1402 5338 quia
1433 5285 1490 5324 se
1511 5286 1578 5325 ex
1607 5286 1755 5326 men-

151 5362 323 5418 dacio
367 5377 466 5417 suo
501 5372 747 5432 pascunt,
773 5379 804 5417 a
852 5377 990 5434 pane
1013 5361 1160 5417 verbi
1193 5361 1288 5417 Dei
1313 5361 1750 5431 vacuijejunant.

152 5453 325 5511 Unde
345 5453 399 5508 in
421 5454 767 5524 sequentibus
787 5454 1043 5517 dicemus,
1070 5453 1199 5522 quid
1220 5452 1445 5523 mystice
1471 5453 1750 5521 signetur;

147 5553 212 5602 et
242 5543 366 5615 jam
390 5543 548 5599 aliter
578 5562 590 5598 :

235 5654 256 5686 α
285 5634 656 5706 Plangensque
674 5649 770 5689 rex
784 5635 948 5690 Israel
967 5633 1170 5700 Abner,
1185 5634 1288 5689 ait:
1309 5633 1686 5704 Nequaquam,
1700 5640 1760 5688 ut.

153 5747 174 5777 ι
211 5727 362 5781 mori
385 5725 559 5782 solent
577 5727 772 5796 ignavi,
796 5735 1040 5780 mortuus
1056 5741 1136 5790 es,
1159 5725 1358 5782 Abner.
1394 5746 1412 5778 ι
1438 5725 1495 5781 ld
1519 5733 1620 5792 est,
1650 5741 1757 5781 non

144 5823 374 5896 periisti
407 5825 460 5878 in
506 5833 597 5879 tua
625 5823 874 5886 stultitia,
923 5823 1064 5878 sicut
1115 5821 1292 5890 ignavi
1341 5820 1520 5890 perire
1543 5820 1753 5876 solent:

145 5916 298 5988 quia
332 5913 520 5972 fraude
550 5915 806 5989 deceptus
831 5928 913 5970 es.

1778 4659 1831 4727 D

1853 2043 2128 2098 Zacharite
2151 2043 2241 2098 ﬁlii
2266 2042 2544 2098 Barachia:
2567 2041 2784 2114 (Matth.
2800 2044 2981 2114 xxm).
3005 2042 3115 2098 Nec
3135 2043 3350 2100 deﬁciet
3375 2043 3442 2100 de

1852 2136 2012 2190 domo
2043 2135 2198 2191 istius
2237 2133 2389 2200 Joab,
2415 2135 2617 2192 ﬁuxum
2651 2135 2872 2190 seminis
2918 2136 3217 2204 sustinens,
3251 2137 3304 2192 id
3332 2144 3439 2204 est,

1855 2226 2018 2280 variis
2046 2226 2328 2282 desideriis
2353 2225 2626 2292 diﬁluens,
2647 2227 2774 2298 quia
2810 2227 2864 2282 in
2886 2227 3254 2297 voluptatibus
3284 2228 3442 2284 istius

1851 2317 1994 2382 vitae,
2026 2317 2159 2372 tales
2191 2326 2361 2372 totam
2412 2333 2560 2389 spem
2590 2333 2747 2374 suam
2775 2329 3006 2390 ponunt,
3034 2321 3122 2376 ubi
3153 2329 3207 2376 et
3235 2320 3443 2392 leprosi

1852 2417 1976 2462 sunt
2006 2416 2252 2464 tenentes
2283 2407 2483 2476 fusum,
2518 2410 2570 2464 id
2603 2417 2689 2465 est
2716 2410 2882 2467 variis
2928 2410 3207 2468 erroribus
3246 2425 3438 2466 macu-

1852 2499 1970 2565 lati,
2004 2499 2414 2556 instabilitatem
2471 2500 2739 2558 haeresum
2765 2518 2830 2558 ac
2860 2504 3121 2560 mundani
3167 2503 3328 2559 luxus
3350 2517 3439 2562 se-

1852 2603 2096 2664 quentes,
2141 2595 2231 2663 qui
2265 2593 2422 2664 juxta
2465 2595 2731 2651 desideria
2771 2595 2953 2652 cordis
2989 2596 3098 2662 sui,
3146 2609 3444 2652 coacerva-

1852 2688 1986 2742 bunt
2005 2686 2107 2741 sibi
2135 2688 2422 2758 magistros
2459 2687 2764 2756 prurientes
2793 2689 3010 2758 quidem
3043 2689 3290 2754 auribus,
3321 2696 3376 2742 et
3408 2701 3442 2742 a

1851 2779 2078 2834 veritate
2126 2777 2366 2833 auditum
2422 2787 2750 2834 avertentes.
2791 2803 2808 2829 ε
2843 2779 2920 2834 lbi
2957 2780 3122 2835 etiam
3154 2795 3264 2835 non
3303 2779 3442 2835 deﬁ-

1856 2891 1875 2923 t
1911 2870 2017 2925 ciet
2054 2870 2253 2925 cadens
2298 2868 2495 2941 gladio,
2535 2878 2590 2926 et
2629 2869 2874 2941 indigens
2901 2885 3063 2940 pane,
3098 2890 3116 2924 ι
3152 2871 3265 2941 qui,
3316 2886 3444 2928 cum

1851 2977 1988 3034 pane
2011 2962 2100 3017 illo
2121 2961 2212 3032 qui
2237 2963 2303 3017 de
2331 2961 2470 3018 coelo
2495 2962 2774 3018 descendit
2799 2977 3014 3032 semper
3038 2971 3217 3035 egent,
3248 2973 3302 3018 et
3333 2978 3443 3022 non

1853 3053 2003 3109 reﬁci
2032 3054 2099 3109 ab
2129 3067 2194 3108 eo
2227 3061 2528 3119 merentur,
2577 3051 2773 3108 futurae
2799 3051 3021 3108 ultionis
3069 3052 3306 3126 gladium
3334 3067 3443 3108 non

1852 3147 2080 3200 evadent
2113 3142 2197 3216 (II
2225 3143 2356 3224 Tim.
2384 3143 2479 3215 tv).

2473 3233 2700 3290 CAPUT
2737 3235 2824 3289 IV.

1933 3347 1950 3379 ι
1978 3325 2270 3382 Venientes
2291 3325 2384 3381 ﬁlii
2411 3325 2676 3384 Remmon
2698 3323 2990 3380 Berothitae
3020 3324 3241 3382 Rechab
3265 3333 3320 3382 et
3345 3325 3444 3380 Ba-

1861 3439 1879 3470 ‹
1912 3434 2029 3482 ana,
2085 3419 2317 3490 ingressi
2344 3426 2472 3476 sunt
2512 3417 2756 3474 fervente
2777 3418 2864 3474 die
2901 3418 3120 3474 domum
3171 3418 3438 3486 lsboseth.

1862 3533 1880 3564 ι
1918 3514 2008 3583 qui
2050 3513 2352 3568 dormiebat
2398 3527 2560 3582 super
2604 3519 2833 3567 stratum
2875 3527 3032 3568 suum
3072 3513 3318 3568 meridie.
3356 3512 3446 3568 ln-

1853 3622 1878 3678 ,ι
1921 3604 2090 3674 gressi
2144 3611 2269 3660 sunt
2322 3611 2500 3658 autem
2556 3603 2809 3668 domum,
2853 3610 2908 3658 et
2967 3603 3192 3658 ostiaria
3249 3603 3443 3660 domus

1861 3718 1878 3750 ‹
1911 3713 2148 3768 purgans
2177 3698 2416 3752 triticum
2474 3696 2821 3752 obdormivit.
2871 3695 3226 3752 Assumeutes
3262 3693 3446 3765 spicas

1861 3809 1878 3840 ‹
1919 3789 2080 3844 tritici
2105 3788 2335 3844 latenter
2369 3788 2595 3860 ingressi
2641 3797 2785 3852 sunt,
2824 3796 2881 3843 et
2907 3795 3296 3858 percusserunt
3318 3800 3446 3842 eum

1861 3903 1878 3934 ι
1917 3883 1972 3938 in
2023 3882 2262 3952 inguine,
2297 3900 2316 3933 ›
2363 3889 2418 3935 et
2445 3878 2667 3949 reliqua.
2723 3879 2838 3934 Duo
2891 3880 2990 3933 viri
3040 3879 3129 3934 isti
3167 3877 3444 3950 principes

1853 3981 2011 4038 erant
2035 3989 2196 4043 super
2222 3971 2595 4042 expeditiones
2623 3970 2886 4026 lsboseth.
2936 3969 3145 4026 Mortuo
3172 3985 3301 4026 vero
3327 3968 3442 4022 Ab-

1854 4079 1952 4121 ner
1981 4074 2040 4120 ut
2073 4065 2284 4121 Hebraei
2309 4064 2525 4118 tradunt
2551 4062 2821 4118 consiliati
2857 4073 2982 4118 sunt
3025 4079 3147 4118 cum
3176 4060 3442 4135 Miphibo-

1854 4157 1973 4212 seth
2003 4165 2062 4211 ut
2087 4172 2191 4212 una
2217 4155 2584 4212 interﬁcerent
2607 4155 2872 4222 lsboseth,
2893 4163 2950 4210 et
2969 4157 3218 4210 eumdem
3248 4153 3446 4224 Miphi-

1854 4249 2044 4304 boseth
2078 4247 2472 4304 constituerent
2503 4262 2705 4318 regem,
2738 4256 2792 4301 et
2828 4246 3068 4317 ejusdem
3105 4245 3319 4302 consilii
3350 4246 3448 4301 de-

1854 4341 2103 4406 latorem,
2135 4340 2384 4395 eumdem
2424 4339 2780 4410 Miphiboseth
2820 4338 3113 4404 exstitisse,
3143 4345 3198 4392 et
3243 4336 3447 4392 idcirco

1853 4430 1942 4488 hic
1964 4430 2106 4485 idem
2150 4429 2507 4500 Miphiboseth
2529 4428 2996 4485 subintroducitur
3023 4426 3202 4483 modo.

1931 4541 1948 4576 ι
1981 4522 2109 4578 Erat
2143 4532 2323 4578 autem
2351 4520 2625 4587 Jonathae,
2652 4521 2744 4575 ﬁlii
2773 4519 2923 4586 Saul,
2957 4520 3100 4576 ﬁlius
3131 4515 3321 4575 debilis
3355 4532 3449 4590 pe-

1863 4633 1879 4664 ‹
1919 4614 2112 4680 dibus;
2156 4614 2522 4684 quinquennis
2568 4615 2712 4670 enim
2742 4614 2863 4680 fuit,
2890 4613 3109 4684 quando
3146 4613 3292 4668 venit
3315 4627 3451 4667 nun-

1865 4725 1880 4756 ι
1922 4705 2028 4761 tius
2054 4707 2118 4760 de
2149 4705 2279 4760 Saul
2314 4715 2371 4760 et
2419 4705 2692 4761 Jonathan
2740 4721 2808 4762 ex
2857 4704 3089 4773 Jezrael,
3128 4725 3148 4758 ι
3205 4715 3308 4762 etc.
3357 4701 3450 4759 Vi-

1861 4797 2049 4853 deutcs
2072 4813 2202 4853 vero
2235 4797 2414 4852 Banaa
2469 4807 2522 4852 et
2571 4799 2790 4855 Rechab
2820 4815 2850 4852 a
2899 4798 3261 4870 Miphiboseth
3290 4810 3449 4852 suum

1862 4890 2129 4958 proditum
2175 4905 2294 4944 esse
2360 4889 2662 4956 consilium,
2716 4890 2910 4944 timore
2961 4891 3258 4960 perterriti,
3320 4887 3448 4960 fuga

1860 4981 1994 5052 lapsi
2023 4989 2148 5036 sunt
2178 4982 2230 5036 in
2275 4979 2548 5047 Gethaim,
2599 4980 2924 5054 fueruntque
2981 4981 3055 5036 ibi
3107 4981 3328 5036 advenae
3359 4994 3449 5035 us-

1863 5089 1967 5145 que
1997 5073 2062 5128 ad
2105 5083 2316 5145 tempus
2363 5072 2511 5128 illud.
2564 5073 2797 5144 Tempus
2843 5073 2993 5138 illud,
3040 5070 3450 5142 intelligendum

1862 5178 1943 5223 est
1973 5167 2190 5238 quando
2218 5167 2341 5221 inde
2374 5167 2578 5222 reversi
2625 5167 2844 5222 domum
2898 5163 3168 5228 lsboseth,
3201 5162 3450 5219 fervente

1861 5263 1946 5316 die
1992 5261 2222 5333 ingressi
2247 5269 2394 5327 sunt,
2421 5269 2765 5316 assumentes
2809 5259 3014 5328 spicam
3048 5256 3215 5310 tritici
3243 5262 3299 5310 et
3323 5271 3450 5326 per-

1862 5353 2130 5409 cutientes
2149 5368 2270 5407 eum
2296 5353 2348 5408 in
2372 5353 2609 5424 inguine.
2645 5351 2834 5422 Spicas
2859 5349 3023 5404 tritici
3045 5348 3199 5420 quasi
3225 5349 3451 5404 causam
3530 5410 3538 5422 ρ

1861 5445 2223 5517 primitiarum
2251 5445 2512 5511 tulerunt,
2545 5452 2604 5498 ut
2630 5443 2890 5499 honorem
2917 5440 3031 5510 regi
3058 5439 3272 5496 deferre
3303 5438 3452 5496 vide-

1866 5547 2076 5604 rentur,
2099 5548 2155 5594 et
2178 5553 2365 5594 eorum
2390 5537 2544 5594 dolus
2570 5549 2911 5606 nequaquam
2933 5533 3448 5603 deprehenderetur.

1866 5631 2089 5703 Mystice
2119 5637 2298 5684 autem
2329 5628 2550 5684 ostiaria
2581 5627 2818 5680 triticum
2851 5633 3068 5696 purgat,
3099 5639 3222 5679 cum
3252 5621 3454 5678 mentis

1863 5724 2108 5781 custodia
2140 5722 2496 5779 discernendo
2543 5720 2773 5774 virtutes
2797 5733 2828 5774 a
2855 5717 3002 5773 vitiis
3047 5726 3284 5790 separat.
3321 5713 3453 5783 Qun

1866 5819 1908 5874 si
1937 5817 2310 5880 obdormierit,
2337 5815 2389 5868 in
2413 5821 2642 5867 mortem
2667 5811 2869 5882 proprii
2893 5811 3096 5867 domini
3123 5809 3206 5866 sui
3233 5807 3450 5864 insidia-

1868 5919 2012 5965 tores
2037 5907 2307 5972 admittet,
2334 5906 2462 5980 quia
2488 5921 2610 5961 cum
2637 5905 2978 5962 discretionis
3008 5901 3311 5962 sollicitudo
3332 5911 3458 5956 ces-
