3970 6332
195 373 310 429 3⁵45

1096 365 1349 422 ENARR.
1391 365 1457 422 IN
1497 365 1738 422 LIBBOS
1775 365 2038 423 REGUM.
2080 397 2148 407 —
2186 367 2254 423 IN
2291 367 2421 422 LIB.
2459 367 2526 423 II.

3363 368 3468 424 546

196 508 328 549 eunt
343 489 469 548 czeci
486 486 690 559 ingredi
712 487 767 541 in
787 484 1081 548 civitatem,
1102 483 1423 552 quaz‘tamen
1447 482 1676 550 agebant
1698 481 1790 536 de-
1816 482 1872 544 Α
1892 481 1983 551 qui
2009 481 2322 552 priusquam
2351 480 2633 547 crederet,
2664 480 2844 536 divina
2868 488 3137 552 praecepta
3179 483 3467 553 parvipen-

198 583 496 654 spieientes
521 595 643 634 eum
658 592 758 650 pro
779 574 1014 631 maxima
1035 573 1331 628 munitione
1355 588 1652 628 murorum.
1675 573 1788 627 Ira-

200 683 296 730 tus
310 688 407 730 rex
427 669 852 741 Hierosolymam
871 666 1120 723 obsidere
1138 665 1320 735 coepit,
1343 673 1401 720 et
1422 665 1588 720 multo
1609 664 1788 721 studio

199 767 463 824 etlabore
509 763 694 820 conari
731 769 792 816 ut
823 776 943 817 eam
987 768 1222 832 caperet,
1265 768 1530 830 quatenus
1581 759 1634 814 in
1675 759 1792 830 ipso

198 857 542 928 principatus
574 853 727 908 initio
766 866 920 907 suam
961 849 1328 905 fortitudinem
1369 851 1785 905 demonstraret.

199 946 592 1002 Interminatus
617 943 799 1012 itaque
824 948 878 996 et
903 941 1032 1012 ipsis
1052 949 1106 995 et
1135 939 1222 994 alii
1256 939 1322 1011 (si
1347 940 1440 1010 qui
1467 939 1607 994 forte
1629 939 1792 995 habe-

198 1045 332 1092 rent
361 1036 625 1090 adversus
649 1048 771 1088 eum
810 1031 1098 1088 resistendi
1145 1031 1442 1102 conamen)
1475 1030 1790 1085 inferiorem

199 1121 502 1186 civitatem,
541 1134 733 1190 magna
755 1117 954 1172 virtute
992 1117 1154 1186 cepit.
1195 1116 1436 1186 Cumque
1488 1117 1664 1172 adhuc
1705 1133 1790 1171 ar-

200 1225 330 1264 cem
357 1209 602 1264 obtinere
624 1222 730 1262 non
757 1216 956 1278 posset,
994 1207 1179 1278 coepit,
1214 1209 1448 1264 honores
1484 1215 1540 1262 et
1566 1221 1790 1262 munera

201 1299 590 1371 promittendo,
632 1313 728 1353 rex
752 1313 950 1369 pronus
987 1298 1054 1352 ad
1079 1313 1213 1368 opus
1244 1297 1368 1353 belli
1396 1297 1793 1353 commilitones

201 1404 526 1460 provocare,
575 1395 636 1442 ut
669 1388 976 1459 quicunque
998 1403 1096 1458 per
1123 1389 1312 1443 subtus
1339 1388 1500 1444 colles
1526 1389 1580 1443 in
1610 1402 1790 1443 arcem

201 1481 618 1548 conscenderet,
651 1496 879 1552 eamque
909 1491 1143 1552 caperet,
1175 1482 1538 1553 principatum
1587 1481 1792 1538 militia:

203 1577 378 1631 totius
414 1574 591 1646 populi
626 1575 941 1644 possideret.
975 1575 1194 1630 Cunctis
1219 1575 1400 1644 itaque
1431 1575 1792 1634 conscendere

201 1668 622 1734 festinantibus,
652 1676 707 1723 et
734 1668 880 1724 nullo
906 1667 1201 1738 laborepro
1225 1667 1793 1724 munerisretributio—

201 1778 278 1817 ne
295 1759 649 1825 tardantihus,
679 1757 883 1814 Sarviae
904 1757 1044 1814 ﬁlius
1058 1757 1192 1814 Joab
1209 1760 1469 1829 praevenit
1487 1760 1788 1816 universos.

1890 573 2022 628 dens
2050 573 2422 629 conculcabat.
2471 573 2726 629 Dicamus
2767 580 2823 628 et
2861 571 3020 628 aliter
3052 591 3065 627 :
3100 571 3161 628 In
3200 573 3304 630 hoc
3328 577 3470 646 quod

1893 661 2068 718 David
2097 663 2402 719 Jehusaaum
2440 664 2803 719 habitatorem
2841 671 3004 719 terrae
3029 663 3098 718 de
3134 663 3473 724 Hierusalem

1888 753 2066 823 ejecit,
2107 764 2164 811 et
2195 773 2349 812 suam
2378 758 2652 814 civitatem
2681 758 2833 821 fecit,
2862 757 3270 830 signiﬁcabatur
3291 759 3474 814 Domi-

1888 865 2020 904 num
2050 859 2338 906 venturum
2363 867 2552 907 verum
2581 851 2773 917 David,
2797 852 2890 922 qui
2913 852 3215 907 contrarias
3237 859 3474 923 potesta-

1890 947 1976 993 tes
2038 938 2112 994 de
2156 939 2410 996 cordibus
2447 940 2686 995 ﬁdelium
2726 940 3039 1010 expelleret,
3083 950 3136 996 et
3173 941 3254 998 sie
3297 942 3352 997 in
3395 943 3476 998 eis

1892 1042 2044 1082 suam
2081 1028 2417 1083 mansionem
2457 1029 2829 1084 constitueret.
2864 1029 3014 1085 Unde
3037 1044 3136 1101 per
3151 1031 3474 1102 prophetam

1891 1119 2022 1175 dicit
2045 1133 2060 1172 :
2091 1138 2110 1170 ‹
2131 1119 2524 1174 Etinhabitabo
2543 1118 2954 1174 etinambulabo
2968 1119 3023 1175 in
3044 1119 3173 1187 illis,
3198 1128 3254 1176 et
3273 1136 3368 1176 ero
3391 1137 3477 1176 eo-

1892 1225 2013 1266 rum
2039 1209 2181 1266 Deus
2199 1251 2215 1277 ,
2244 1218 2300 1266 et
2324 1211 2426 1280 ipsi
2458 1220 2620 1266 erunt
2651 1211 2782 1266 mihi
2803 1211 3030 1282 populus
3056 1211 3200 1285 (Leu.
3222 1229 3348 1268 xxvi
3371 1231 3385 1281 ;
3411 1213 3476 1268 ΙΙ

1893 1299 2016 1356 Cor.
2047 1301 2145 1373 vr).
2203 1321 2222 1354 ι
2274 1299 2552 1356 Jebuszeus
2598 1301 2764 1366 enim,
2808 1301 2964 1370 juxta
3011 1302 3479 1376 hancintelligen-

1891 1391 2044 1455 tiam,
2101 1405 2208 1448 non
2261 1391 2535 1446 immerito
2587 1400 2764 1462 potest
2811 1391 3154 1461 interpretari
3216 1393 3474 1448 calcatus.

1893 1483 2104 1539 Etenim
2125 1483 2297 1538 David
2320 1484 2482 1539 etiam
2509 1482 2644 1538 Joab
2664 1483 2756 1554 qui
2777 1498 2960 1539 arcem
3001 1484 3164 1556 cepit,
3183 1485 3478 1557 principem

1892 1583 1948 1630 et
1983 1575 2176 1631 ducem
2223 1575 2525 1641 constituit,
2570 1575 2698 1646 quia
2723 1574 2984 1631 Dominus
3034 1577 3347 1650 redemptor
3383 1593 3482 1634 no-

1893 1675 2023 1734 ster,
2049 1683 2158 1723 non
2177 1667 2351 1723 solum
2375 1680 2474 1736 per
2495 1667 2813 1739 mysterium
2837 1669 3017 1723 crucis
3039 1682 3254 1724 omnem
3279 1671 3481 1740 princi-

1894 1767 2078 1828 patum
2107 1757 2306 1814 diaboli
2338 1757 2637 1823 destruxit,
2667 1765 2723 1813 et
2745 1757 2961 1813 sibimet
2981 1758 3264 1814 victoriam
3285 1761 3472 1831 gloria:

201 1853 278 1907 Et
301 1851 606 1907 ascendens
633 1853 687 1905 in
711 1850 990 1906 cacumine
1015 1891 1030 1918 ,
1059 1851 1310 1906 clamavit
1337 1851 1406 1907 ad
1443 1866 1623 1924 regem
1641 1892 1657 1919 ,
1687 1851 1804 1907 exi-
1827 1843 1877 1905 B
1903 1849 2220 1918 acquisivit;
2254 1863 2444 1902 verum
2465 1849 2629 1904 etiam
2653 1847 2904 1904 ﬁdelibus
2933 1848 3067 1915 suis,
3089 1863 3248 1920 super
3264 1866 3479 1907 omnem

203 1959 344 2016 gens
373 1943 574 1998 militiae
587 1943 966 2014 principatum.
982 1943 1230 2014 Expulsis
1257 1944 1438 2014 itaque
1454 1959 1548 2000 rex
1565 1945 1630 2000 de
1644 1960 1794 1999 sum-

201 2051 301 2090 ma
329 2050 455 2090 arce
479 2034 760 2100 Jebusaeis,
791 2043 846 2090 et
870 2035 1208 2093 reaedilicans
1241 2037 1515 2092 civitatem
1540 2037 1794 2094 Hieroso-

202 2126 413 2198 lymam
445 2127 795 2196 nuncupavit,
835 2136 889 2182 et
914 2127 1061 2182 omni
1087 2137 1329 2198 tempore
1352 2130 1406 2184 in
1434 2144 1498 2185 ea
1531 2131 1612 2185 sui
1643 2130 1799 2185 habi-

205 2220 348 2275 tavit
376 2219 608 2289 imperii.
634 2218 738 2273 Sed
755 2219 879 2289 quia
909 2219 964 2274 in
996 2221 1098 2275 hoc
1125 2221 1417 2287 volumine,
1441 2221 1530 2277 hic
1561 2221 1796 2292 primum

205 2316 548 2371 Hierusalem
563 2315 755 2370 civitas
775 2313 1144 2370 Jebusaaorum
1166 2315 1386 2387 legitur,
1404 2329 1522 2385 quae
1539 2316 1592 2370 in
1620 2315 1797 2372 Gene-

205 2410 255 2464 si
288 2407 467 2463 Salem
500 2409 580 2476 (ut
608 2407 829 2462 tradunt
856 2406 1089 2480 Hebraei)
1113 2417 1166 2464 et
1185 2409 1239 2464 in
1263 2409 1534 2465 volumine
1547 2408 1795 2466 Judicum

205 2497 379 2576 Iebus
392 2499 606 2570 legitur,
645 2507 699 2554 et
723 2499 778 2553 in
801 2499 986 2554 multis
1008 2499 1308 2572 scripturis,
1325 2500 1558 2555 maxime
1571 2500 1624 2554 in
1647 2499 1796 2556 Novo

214 2589 585 2655 Testamento,
617 2589 1046 2662 Hierosolymam
1076 2590 1395 2662 appellatur,
1413 2591 1796 2660 requirendum

207 2697 300 2744 est
327 2701 494 2756 quare
519 2684 856 2740 Hierusalem
882 2684 1110 2756 legatur.
1152 2684 1258 2740 Sed
1298 2685 1542 2741 dicamus
1567 2685 1698 2756 quid
1741 2686 1795 2740 in

206 2778 374 2832 dictis
420 2775 702 2831 doctorum
758 2775 1080 2830 invenimus.
1113 2773 1305 2840 Judaei,
1340 2775 1607 2845 inquiunt,
1649 2790 1798 2832 asse-

207 2879 341 2925 runt
371 2868 496 2925 Sem
519 2869 688 2923 ﬁlium
715 2866 828 2922 Noe
855 2869 1034 2937 (quem
1051 2867 1237 2924 dicunt
1255 2867 1668 2940 Melchisedech)
1690 2870 1799 2940 pri-

205 2977 361 3016 mum
389 2961 558 3031 ipsam
581 2960 858 3015 civitatem
883 2959 1234 3025 inhabitasse,
1252 2959 1558 3030 dictamque
1579 2961 1634 3015 in
1659 2969 1795 3016 tem-

205 3053 360 3122 poris
391 3049 591 3116 Salem,
619 3065 779 3120 quam
810 3058 996 3120 postea
1020 3059 1311 3104 tenuerunt
1333 3049 1564 3105 Jebusaei
1581 3091 1595 3115 ,
1619 3066 1650 3105 e
1673 3051 1795 3120 qui-

201 3134 314 3198 bus
338 3150 395 3196 et
417 3143 605 3196 sortita
658 3150 742 3198 est
775 3141 1095 3196 vocabulum
1117 3139 1302 3196 Jebus.
1357 3140 1554 3211 Sicque
1592 3142 1798 3198 duobus

204 3233 520 3289 nominibus
545 3235 808 3306 copulatis
835 3235 1000 3291 Jebus
1034 3244 1089 3291 et
1118 3235 1316 3301 Salem,
1343 3245 1534 3291 vocata
1561 3247 1646 3292 est
1673 3235 1796 3291 Ilie-

204 3325 472 3394 rusalem,
506 3343 624 3396 quae
652 3337 840 3398 postea
866 3344 897 3382 a
925 3327 1214 3383 Salomone
1241 3327 1608 3400 Hierosolyma
1639 3330 1796 3399 quasi

204 3417 693 3486 Hierosalomonis,
734 3420 836 3475 hoc
874 3427 957 3474 est
1005 3419 1150 3474 aedes
1178 3418 1484 3474 Salomonis
1511 3419 1657 3476 dicta
1690 3429 1793 3476 est.

204 3509 344 3564 Haec
372 3518 428 3564 et
455 3518 704 3580 corrupte
741 3527 770 3565 a
797 3511 970 3581 poetis
998 3509 1213 3582 Solyma
1239 3520 1598 3583 nuncupatur.
1646 3507 1798 3569 Unde

205 3620 312 3674 per
349 3612 560 3674 tropum
586 3605 677 3675 qui
707 3619 739 3660 a
801 3605 1170 3676 grammaticis
1225 3606 1416 3660 tmesis
1472 3605 1793 3676 appellatur,

208 3695 526 3764 disjunctim
549 3713 580 3752 a
607 3706 764 3769 poeta
787 3697 842 3752 in
869 3706 1118 3768 poemate
1148 3698 1385 3768 ponitur.
1418 3698 1602 3765 Hiero,
1634 3715 1798 3770 quem

208 3787 399 3859 genuit
413 3786 646 3858 Solymis
672 3787 924 3844 Davidica
941 3789 1144 3859 proles,
1172 3790 1273 3845 hoc
1294 3789 1792 3864 estHierosolymis.

207 3876 316 3945 Qui
346 3885 537 3946 postea
570 3877 637 3932 ab
664 3877 808 3934 Elin
838 3879 1111 3934 Hadriano
1142 3887 1334 3936 vocata
1361 3889 1446 3936 est
1474 3880 1642 3935 Elia.
1693 3882 1798 3938 Sed

208 3967 371 4022 nobis
401 3968 614 4024 videtur
641 3971 785 4040 quod
811 3971 956 4026 binis
985 3971 1292 4027 nominibus
1321 3980 1511 4027 vocata
1535 3973 1604 4027 sit
1659 3974 1799 4029 sicut

208 4062 488 4117 nonnulla:
511 4063 758 4120 civitates
784 4065 927 4135 quod
954 4064 1008 4119 in
1036 4065 1174 4119 libro
1199 4063 1446 4120 Judicum
1476 4066 1793 4131 ostenditur,

209 4157 304 4210 ubi
335 4157 559 4227 legitur:
582 4158 680 4224 Qui
710 4159 1034 4230 pergebatin
1067 4159 1302 4214 mentem
1326 4159 1606 4229 Ephraim,
1629 4161 1800 4214 venit-

207 4263 340 4318 que,
371 4249 545 4319 inquit
566 4247 870 4320 Scriptura,
905 4259 1090 4305 eontra
1119 4249 1285 4305 Iebus
1307 4266 1426 4320 quae
1454 4251 1561 4306 alio
1581 4252 1802 4307 nomine

207 4340 494 4394 dicebatur
536 4339 892 4396 Hierusalem.
923 4341 998 4395 De
1027 4339 1180 4410 cujus
1213 4341 1454 4408 nomine,
1485 4341 1694 4411 plenius
1745 4342 1800 4397 in

207 4433 396 4490 libello
424 4448 586 4505 quem
623 4450 794 4506 nuper
819 4435 873 4490 in
913 4434 1163 4491 Genesim
1193 4435 1477 4501 edidimus,
1509 4436 1802 4506 diSputavi-

205 4541 356 4580 mus.
394 4524 490 4580 His
518 4525 660 4582 enim
696 4525 1008 4596 praelibatis,
1060 4526 1126 4581 ad
1157 4523 1500 4597 allegorieam
1529 4527 1801 4598 signiﬁca—

209 4620 418 4673 tionem
454 4618 652 4690 stylum
676 4626 974 4673 vertamus.
1016 4616 1185 4672 David
1221 4633 1399 4672 arcem
1455 4617 1584 4672 Sion
1635 4619 1796 4688 cepit,

205 4712 412 4768 ablatis
446 4713 596 4784 prius
650 4713 810 4769 caecis
844 4720 898 4767 et
935 4711 1140 4767 claudis
1195 4711 1504 4767 odientibus
1559 4712 1796 4768 animam

208 4805 401 4860 David.
432 4804 522 4860 Sic
547 4805 804 4860 nimirum
861 4805 1125 4862 Dominus
1177 4803 1334 4859 .Iesus
1387 4803 1634 4860 Christus
1681 4811 1802 4873 post

208 4897 648 4968 reprobationem
681 4896 1005 4951 Scribarum
1039 4907 1201 4966 atque
1237 4896 1655 4960 Pharisaeorum,
1709 4896 1800 4966 qui

206 5003 342 5043 vere
370 4988 500 5043 caeci
528 4997 582 5042 et
611 4988 786 5043 claudi
816 4996 941 5042 sunt
969 4987 1252 5058 appellati,
1284 4988 1531 5042 odientes
1565 4988 1802 5042 animam

205 5079 456 5150 ejusdem
487 5078 703 5134 Domini
740 5077 868 5134 Jes'u
894 5078 1132 5143 Christi,
1167 5078 1218 5131 id
1247 5085 1332 5132 est
1366 5077 1532 5132 vitam
1561 5075 1676 5146 ejus
1708 5093 1804 5132 au-

207 5172 358 5226 ferre
387 5181 670 5236 conantes,
706 5171 1066 5241 principatum
1111 5171 1162 5225 in
1203 5169 1468 5235 Ecclesia,
1524 5185 1687 5239 quam
1736 5184 1803 5223 ex

205 5263 462 5336 gentibus
492 5265 796 5334 acquisivit,
827 5264 1080 5319 obtinuit.
1113 5264 1402 5320 Domatum
1445 5279 1576 5318 vero
1612 5263 1804 5319 ﬁstulae

206 5356 408 5411 falsam
467 5358 748 5413 scientiam
796 5357 958 5428 hujus
1013 5358 1222 5424 mundi,
1267 5373 1362 5413 seu
1422 5357 1799 5412 haereticorum

204 5449 462 5518 dogmata
487 5449 750 5522 ﬁgurasse
771 5466 876 5506 non
907 5451 1128 5506 dubium
1151 5458 1253 5506 est.
1276 5449 1404 5516 Quae
1423 5450 1604 5504 omnia
1624 5450 1803 5505 Domi-

204 5556 320 5596 ttus
353 5538 510 5596 Jcsus
553 5541 835 5608 Christus,
865 5557 960 5614 per
1014 5542 1401 5612 predicatores
1455 5558 1602 5608 suos,
1655 5543 1803 5598 velut

203 5646 314 5703 per
342 5629 478 5685 Joab
516 5634 787 5702 percussit
837 5641 1000 5703 atque
1048 5633 1359 5697 destruxit,
1415 5643 1470 5688 et
1522 5634 1802 5690 destruere

205 5725 264 5779 in
312 5723 551 5779 Ecclesia
581 5741 677 5781 sua
716 5742 822 5781 non
852 5727 1067 5782 desinit.
1105 5723 1386 5800 Jebusaeus
1415 5741 1566 5792 vero,
1593 5727 1683 5798 qui
1721 5727 1805 5782 in-

205 5823 542 5886 terpretatur
571 5821 916 5889 conculcans,
947 5821 1203 5892 populum
1236 5822 1510 5893 signiﬁcat
1529 5826 1792 5892 gentium,

1897 1942 2094 1998 diaboli
2106 1949 2430 2012 potestatem
2443 1942 2701 1997 virtutem
2716 1941 2923 2007 tribuit,
2939 1942 3080 1998 sicut
3101 1943 3217 2013 ipse
3237 1943 3292 1998 in
3309 1943 3485 1999 Evan-

1895 2036 2036 2108 gelio
2063 2036 2336 2108 discipulis
2359 2035 2472 2091 suis
2495 2036 2599 2090 ait:
2626 2053 2644 2088 (
2672 2035 2812 2092 Ecce
2834 2036 2955 2092 dedi
2981 2036 3134 2092 vobis
3159 2045 3482 2108 potestatem

1897 2131 2144 2188 calcandi
2179 2146 2344 2202 super
2383 2132 2720 2202 scorpiones,
2749 2141 2804 2188 et
2832 2147 3045 2188 omnem
3098 2133 3352 2188 virtutem
3379 2134 3484 2190 ini-

1895 2223 2022 2277 mici
2049 2221 2200 2294 (Luc.
2235 2221 2310 2294 x).
2351 2242 2369 2272 ι
2403 2222 2548 2278 Bene
2574 2237 2704 2295 ergo
2741 2223 2942 2279 dictum
2992 2231 3082 2293 est,
3120 2224 3263 2294 quod
3289 2224 3479 2289 David,

1895 2312 2080 2382 ejectis
2109 2314 2268 2369 cazcis
2298 2323 2355 2369 et
2383 2313 2614 2379 claudis,
2647 2313 2738 2384 qui
2758 2313 3016 2369 odiebant
3037 2314 3274 2370 animam
3294 2314 3483 2381 David,

1896 2403 2100 2474 ceperit
2123 2419 2305 2458 arcem
2331 2402 2486 2470 Sion,
2519 2418 2781 2474 suamque
2805 2404 3082 2460 civitatem
3113 2419 3233 2460 eam
3257 2419 3484 2461 vocave-

1897 2498 1989 2562 rit,
2040 2496 2166 2566 quia
2206 2495 2454 2551 Salvator
2525 2504 2712 2551 noster
2754 2495 3020 2569 malignos
3085 2497 3308 2567 spiritus
3362 2513 3486 2554 cum

1900 2589 2058 2644 turba
2088 2589 2344 2643 vitiorum
2375 2589 2442 2644 de
2470 2588 2652 2643 anima
2678 2588 2921 2658 qualibet
2957 2589 3254 2660 expulerit,
3279 2590 3488 2660 sibique

1897 2695 2018 2736 eam
2042 2694 2139 2750 per
2164 2678 2616 2734 illuminationem
2645 2679 2926 2748 sapientiae
2961 2680 3340 2750 usurpaverit,
3367 2696 3483 2737 me-

1898 2772 2002 2826 rito
2031 2786 2126 2825 arx
2165 2769 2327 2835 Sion,
2359 2769 2414 2824 id
2453 2778 2539 2824 est
2565 2769 2866 2840 speculatio
2895 2779 2950 2824 et
2977 2770 3114 2826 visio
3141 2771 3290 2842 pacis
3309 2812 3324 2837 ,
3368 2773 3486 2842 ipsa

1897 2864 2200 2920 vocabitur.
2224 2863 2401 2933 Atque
2421 2864 2488 2918 de
2509 2879 2573 2918 ea
2596 2873 2744 2919 recte
2770 2879 2867 2934 per
2886 2863 3228 2919 Psalmistam
3248 2865 3447 2920 dicitur
3470 2885 3483 2920 :

1906 2975 1923 3008 (
1962 2957 2130 3011 Notus
2167 2957 2224 3012 in
2254 2955 2438 3011 Judaza
2482 2957 2660 3026 Deus,
2701 2957 2756 3011 in
2798 2956 2962 3012 Israel
3005 2973 3258 3030 magnum
3291 2973 3486 3014 nomen

1900 3051 2036 3122 ejus.
2067 3051 2134 3105 Et
2162 3049 2338 3106 factus
2380 3058 2466 3106 est
2508 3051 2564 3106 in
2600 3066 2734 3122 pace
2778 3051 2930 3107 locus
2953 3051 3090 3123 ejus,
3133 3061 3189 3108 et
3225 3051 3488 3108 habitatio

1902 3143 2020 3211 ejus
2046 3145 2100 3198 in
2129 3142 2277 3200 Sion.
2317 3144 2394 3199 lbi
2427 3144 2694 3216 confregit
2715 3159 2921 3200 cornua
2943 3185 2958 3211 ,
2990 3160 3209 3212 arcum,
3251 3154 3482 3208 scutum,

1901 3237 2158 3309 gladium,
2183 3245 2240 3292 et
2266 3236 2465 3292 bellum
2493 3235 2666 3308 (Psal.
2697 3239 2880 3305 Lxxv).
2922 3258 2941 3291 ι

1972 3351 1991 3384 ε
2028 3331 2174 3386 Misit
2209 3346 2425 3402 quoque
2461 3327 2646 3385 Hiram
2675 3345 2772 3386 rex
2799 3312 2928 3403 'I‘yri
2957 3329 3177 3386 nuntios
3205 3330 3272 3386 ad
3295 3330 3487 3397 David,

1903 3443 1921 3476 ι
1959 3431 2014 3480 et
2060 3423 2204 3494 ligna
2249 3423 2494 3489 cedrina,
2557 3429 2614 3478 et
2669 3421 2910 3478 artiﬁces
2965 3421 3256 3494 lignorum,
3313 3422 3485 3478 artiﬁ-

1903 3533 1922 3568 ‹
1957 3531 2156 3587 cesque
2179 3515 2418 3588 lapidum
2467 3515 2537 3570 ad
2583 3514 2846 3586 parietes,
2874 3522 2930 3570 et
2960 3515 3366 3572 aediﬁcaverunt
3393 3515 3490 3571 do-

1904 3626 1924 3661 c
1956 3623 2106 3663 mum
2160 3607 2350 3662 David.
2390 3626 2408 3659 ι
2467 3605 2675 3674 Hiram,
2733 3607 2826 3678 qui
2883 3607 3275 3678 interpretatur
3319 3607 3489 3663 vivens

1897 3698 2122 3765 excelso,
2158 3698 2548 3768 praedicatores
2590 3697 2956 3769 prmﬁguravit
3001 3711 3070 3752 ex
3114 3696 3314 3768 populo
3360 3712 3489 3768 gen-

1898 3793 2057 3859 tium,
2085 3792 2177 3862 qui
2204 3791 2374 3846 David
2406 3805 2472 3846 ex
2499 3790 2660 3862 lignis
2686 3790 2922 3846 cedrinis
2951 3789 3204 3856 (Domino
3238 3788 3490 3846 videlicet

1899 3900 1963 3940 ac
2017 3883 2347 3954 redemptori
2397 3882 2630 3956 nostro),
2663 3883 2716 3937 id
2750 3891 2852 3949 est,
2882 3897 2950 3937 ex
2986 3881 3263 3938 mentibus
3310 3883 3488 3938 ineor-

1900 3981 2070 4052 ruptis
2093 3995 2156 4035 ae
2176 3978 2507 4044 fortibus,et
2529 3978 2817 4048 lapidibus,
2849 3977 2906 4034 id
2945 3985 3052 4044 est,
3075 3977 3280 4033 sanctis
3315 3977 3491 4048 perfe~

1901 4073 2022 4139 etis,
2053 4080 2284 4142 quatuor
2313 4071 2566 4126 videlicet
2607 4069 2918 4136 virtutibus,
2973 4071 3278 4142 quadratis,
3312 4071 3365 4126 id
3405 4080 3490 4127 est

1899 4167 2212 4237 prudentia,
2228 4165 2461 4236 justitia,
2480 4163 2815 4232 fortitudine,
2832 4165 3188 4236 temperantia
3208 4164 3488 4235 perfectis,

1901 4274 2007 4314 non
2031 4257 2204 4313 solum
2234 4271 2331 4328 per
2359 4271 2438 4321 se,
2471 4270 2658 4312 verum
2684 4255 2849 4310 etiam
2877 4269 2977 4326 per
3005 4253 3280 4310 solertiam
3325 4255 3490 4311 disci-

1901 4350 2176 4421 pulorum,
2208 4357 2466 4419 tanquam
2497 4345 2798 4403 artiﬁcibus
2836 4347 2971 4414 suis,
3003 4347 3198 4418 quibus
3239 4347 3440 4404 dicitur
3472 4366 3486 4402 :

1906 4461 1923 4493 ι
1962 4441 2030 4496 Ει
2055 4455 2153 4496 vos
2173 4449 2430 4510 tanquam
2458 4438 2666 4512 lapides
2690 4438 2801 4495 vivi
2831 4439 3362 4509 supermdiﬁcamini,
3395 4439 3490 4496 do-

1905 4548 2024 4588 mus
2045 4531 2316 4602 spiritales
2349 4531 2401 4602 (I
2430 4529 2578 4586 Petr.
2607 4531 2694 4602 ιι),
2730 4550 2749 4584 ›
2783 4531 3024 4597 domum,
3052 4530 3104 4586 id
3135 4541 3219 4587 est
3244 4541 3489 4588 sanetam

1906 4623 2227 4692 Ecclesiam,
2258 4623 2682 4680 :ediﬁcaverunt.
2715 4623 2870 4681 Unde
2889 4624 3051 4679 etiam
3081 4625 3334 4696 cognovit
3363 4633 3490 4680 tunc

1909 4717 2096 4778 David.
2126 4717 2178 4772 id
2205 4724 2290 4772 est
2317 4716 2597 4782 Dominus,
2649 4715 2906 4786 quoniam
2953 4715 3333 4774 conﬁrmasset
3367 4731 3490 4771 eum

1910 4811 2054 4864 Deus
2097 4806 2261 4863 Pater
2305 4821 2488 4876 regem
2535 4823 2698 4879 super
2725 4807 2910 4874 Israel,
2955 4816 3010 4864 et
3055 4808 3310 4878 quoniam
3347 4805 3492 4862 exal-

1913 4909 2084 4956 tasset
2112 4913 2335 4970 regnum
2382 4899 2500 4971 ejus
2546 4913 2710 4970 super
2734 4899 2988 4970 populum
3031 4905 3193 4956 'suunt
3220 4897 3407 4965 Israel,
3437 4897 3492 4952 id

1911 5001 2016 5059 est,
2070 5007 2233 5064 super
2285 5001 2512 5048 cunctos
2560 4993 2862 5059 credentes,
2917 5008 2981 5048 ae
3029 4995 3208 5048 mente
3247 4990 3492 5046 videntes

1907 5086 2097 5148 Deum,
2129 5099 2238 5140 non
2266 5083 2439 5140 solum
2465 5082 2800 5150 Iudaeorum,
2829 5084 3066 5139 maxime
3091 5083 3254 5138 etiam
3279 5089 3334 5137 et
3362 5094 3492 5153 gen-

1908 5176 2042 5231 tium
2063 5175 2130 5231 de
2151 5175 2348 5246 quibus
2369 5177 2756 5246 repromiserat
2783 5176 2834 5231 ei
2864 5174 3027 5231 Pater
3055 5175 3244 5230 dicens
3269 5190 3283 5228 :
3317 5192 3336 5225 ι
3364 5172 3491 5228 Pos-

1910 5265 2019 5320 tula
2047 5281 2076 5319 a
2107 5281 2195 5320 me
2237 5275 2292 5322 et
2322 5266 2460 5322 dabo
2494 5267 2588 5322 tibi
2617 5276 2806 5337 gentes
2834 5265 3203 5322 hereditatem
3235 5271 3404 5330 tuam,
3436 5274 3491 5320 et
3566 5298 3580 5307 -

1906 5358 2304 5428 possessionem
2331 5365 2478 5414 tuam
2501 5360 2767 5415 terminos
2792 5366 2950 5414 terrae
2975 5355 3149 5428 (Psal.
3178 5355 3262 5428 ιι).
3292 5375 3309 5408 ›
3339 5355 3491 5414 Unde

1907 5458 1963 5506 et
1981 5449 2103 5520 jure
2135 5452 2384 5522 sequitur
2408 5469 2420 5506 :

1982 5565 2000 5597 ‹
2031 5545 2254 5616 Accepit
2276 5560 2406 5617 ergo
2445 5547 2621 5602 adhuc
2655 5544 2826 5600 David
2853 5544 3184 5602 concubinas
3209 5552 3266 5600 et
3293 5560 3491 5602 uxores

1911 5653 1931 5688 ‹
1965 5636 2034 5691 de
2063 5635 2423 5692 Hierusalem.
2462 5656 2480 5688 ι
2523 5634 2629 5691 Sed
2656 5634 2795 5691 forte
2819 5635 3014 5706 quaerit
3054 5636 3268 5708 aliquis,
3295 5633 3351 5692 Si
3379 5636 3493 5706 ipse

1905 5725 2074 5782 David
2112 5727 2402 5798 imaginem
2442 5725 2646 5780 Christi
2685 5727 2944 5796 gerebat,
2989 5727 3257 5798 quomodo
3294 5726 3494 5782 multas

1904 5837 2103 5878 uxores
2127 5830 2181 5877 et
2201 5821 2536 5878 concubinas
2568 5821 2822 5880 habuisse
2852 5823 3084 5892 dicatur,
3111 5838 3236 5880 cum
3273 5823 3372 5878 has
3394 5835 3488 5876 rex
