3970 6332
546 433 649 490 547

1562 428 1913 485 ANGELOMI
1952 427 2414 489 LUXOVIENSIS
2454 431 2759 491 MONACHI

3724 446 3823 517 348

541 548 792 609 Christus
858 553 915 601 et
978 546 1261 601 horrescat
1317 555 1373 601 et
1427 546 1677 601 damnet?
1736 544 1847 600 Sed
1898 544 2202 616 ﬁgurateA
2228 562 2415 605 eorum
2458 548 2719 607 fortitudo
2763 561 2871 619 est,
2916 555 3125 611 conteri
3155 564 3211 612 et
3245 558 3581 617 conculcari.
3618 580 3642 613 σ
3678 561 3824 620 Tunc

541 650 753 715 gestum
795 649 898 696 est.
945 640 1099 708 Quod
1136 655 1264 696 vero
1300 639 1466 695 David
1499 654 1694 695 uxores
1730 638 1987 710 plurimas
2032 639 2127 697 ha-

541 735 723 791 buisse
754 733 976 799 dicitur,
1015 734 1121 791 hoc
1147 736 1264 788 sine
1293 731 1453 787 dubio
1488 730 1955 803 pnetigurabatur,
1982 730 2129 800 quod

540 823 789 883 Christus
832 821 993 881 Iesus
1030 836 1100 877 ex
1152 821 1441 876 multarum
1497 822 1737 892 gentium
1782 821 2123 888 nationibus,

536 930 638 987 per
680 914 840 973 ﬁdem
890 914 1168 980 Ecclesiae,
1211 915 1309 969 sub
1340 915 1646 983 septenario
1684 930 1912 972 numero
1940 931 2125 973 sacra-

538 1010 706 1065 menti
758 1009 1105 1083 copulaturus
1158 1015 1294 1063 erat.
1335 1008 1663 1064 Concubinae
1705 1023 1834 1085 vero
1884 1008 2001 1077 ejus
2025 1009 2123 1066 Ju-

537 1097 777 1155 dzeorum
810 1113 905 1155 seu
942 1097 1322 1153 baireticorum
1358 1098 1669 1167 signiﬁcant
1694 1100 2119 1156 conventiones:

445 1189 451 1195 ’
533 1204 656 1259 qua:
681 1191 734 1245 in
766 1190 1080 1247 servitutem
1105 1196 1161 1244 et
1190 1204 1297 1244 non
1328 1189 1382 1245 in
1412 1189 1719 1245 libertatem
1755 1200 2040 1262 generant,
2068 1200 2126 1248 et

532 1285 635 1342 sub
688 1285 843 1341 titulo
894 1284 1128 1341 nominis
1171 1282 1374 1341 Christi
1428 1300 1484 1339 se
1525 1300 1746 1340 manere
1796 1286 2121 1356 gloriantur,

2232 636 2395 693 inibis
2421 639 2687 709 praetium,
2716 642 2841 713 quia
2881 651 3008 701 tunc
3037 646 3348 715 egredietur
3380 648 3655 710 Dominus
3706 666 3823 714 ante

2229 725 2423 783 faciem
2457 739 2626 799 tuam,
2666 753 2686 787 ι
2716 742 2772 789 et
2817 734 3045 807 reliqua.
3100 738 3243 811 Ergo
3281 741 3408 811 quia
3458 754 3718 802 nostrain
3749 748 3822 804 in-

2232 823 2675 891 terpretationem
2729 841 2914 883 veram
2966 829 3153 896 credo,
3192 832 3340 889 sicut
3393 834 3448 889 in
3498 836 3821 906 prmfatims

2228 919 2413 967 noster
2443 913 2714 985 interpres
2742 916 2797 971 in
2836 919 3012 978 tribus
3059 922 3259 995 linguis
3302 926 3514 996 peritus
3540 929 3819 999 galeatum

2227 1005 2381 1073 ponit
2407 1008 2734 1078 exemplum,
2781 1012 2849 1068 de
2876 1014 3162 1073 arboribus
3200 1017 3521 1089 simpliciter
3560 1022 3819 1094 intelligit

2225 1096 2651 1169 Allophytorum.
2681 1102 2787 1158 Sed
2812 1104 2939 1174 quia
2965 1108 3250 1164 historiam
3280 1111 3559 1168 didascalo
3584 1129 3819 1170 consen-

2227 1187 2394 1244 tiente
2426 1191 2846 1261 propalavimus,
2874 1196 3128 1269 deinceps
3153 1202 3541 1273 compendioso
3559 1220 3819 1262 sermone

2224 1278 2456 1334 strictim
2493 1290 2715 1352 tangere
2742 1286 3107 1356 aggredimur,
3140 1291 3271 1361 quid
3309 1293 3603 1365 allegorice
3652 1297 3814 1368 signi-

529 1376 623 1431 sed
651 1375 780 1444 quia
810 1383 1031 1445 propter
1058 1374 1299 1431 carnalia
1342 1374 1491 1431 lucra
1521 1374 1794 1431 Christum
1817 1364 2118 1445 sectantur,
2224 1373 2367 1427 licet.
2403 1373 2457 1429 In
2484 1374 2587 1431 hoc
2608 1378 2753 1432 enim
2793 1381 2937 1450 quod
2970 1381 3086 1437 ait:
3114 1402 3136 1436 ι
3171 1383 3309 1441 Cum
3351 1388 3647 1443 audieritis
3683 1364 3819 1446 simi.

527 1481 631 1521 non
666 1467 937 1523 immerito
980 1483 1086 1527 non
1117 1468 1399 1539 conjuges,
1435 1469 1527 1523 sed
1558 1470 1874 1525 concubinae
1922 1485 2122 1525 vocan-
2225 1472 2335 1520 tum
2366 1467 2666 1536 gradientis
2700 1470 2752 1524 in
2784 1474 3065 1530 cacumine
3086 1490 3366 1548 perrum.
3399 1498 3419 1532 ι
3449 1488 3558 1536 etc.
3598 1482 3815 1537 Adven-

526 1568 629 1615 tur.
678 1561 926 1632 Denique
972 1577 1114 1618 nunc
1144 1577 1299 1633 reges
1339 1563 1384 1618 si
1430 1562 1613 1633 plures
1659 1563 1897 1617 habeant
1922 1578 2120 1619 uxores
2223 1566 2334 1612 tum
2350 1558 2561 1615 Domini
2578 1562 3815 1644 significatsupercelsitudinemprophetarum

523 1651 607 1705 vel
660 1652 1013 1718 concubinas,
1066 1652 1121 1707 in
1167 1652 1397 1708 crimine
1428 1661 1776 1723 reputantur,
1833 1655 1959 1723 quia
2006 1652 2119 1722 jam
2216 1657 2275 1703 et
2317 1652 2722 1718 apostolorum,
2767 1655 2967 1711 virtute
3013 1657 3313 1714 divinitatis
3366 1676 3475 1716 suae
3520 1678 3815 1735 supergra-

524 1741 864 1797 transierunt
902 1742 1107 1813 ﬁgurat,
1143 1756 1243 1811 pro
1281 1743 1478 1811 quibus
1522 1758 1752 1798 uxorum
1793 1742 1880 1798 vel
1919 1759 2118 1799 concu-
2219 1739 2479 1807 dienteni,
2509 1744 2649 1798 sicut
2676 1745 2729 1798 in
2761 1747 3002 1802 Canticis
3027 1749 3363 1807 canticorum
3390 1752 3665 1824 scriptum
3691 1765 3812 1811 est:

523 1835 774 1890 binarum
822 1837 981 1892 venia
1022 1837 1445 1891 concedebatur.
1484 1837 1725 1893 Atnunc
1765 1838 1893 1907 quia
1929 1836 2117 1908 ﬁgurae
2224 1848 2244 1882 ι
2279 1832 2420 1889 Ecce
2448 1835 2548 1890 iste
2592 1837 2775 1893 veniet
2810 1839 3013 1897 saliens
3042 1842 3098 1897 in
3140 1845 3438 1912 montibus.
3488 1848 3814 1907 ῑηηείιὶακ

520 1925 885 1992 transierunt,
912 1925 1069 1981 venia
1096 1926 1244 1981 nulla
1266 1926 1445 1981 datur.
2146 1915 2190 1974 Β
2219 1927 2384 1984 colles
2425 1930 2623 1999 (Cant.
2656 1938 2758 2004 ii.)
2796 1951 2815 1986 ι
2848 1932 3111 2005 Pyrorum
3149 1945 3331 1994 autem
3376 1942 3676 1996 cacumina
3736 1958 3814 1998 ar-

598 2034 618 2067 ‹
655 2014 885 2086 Natique
932 2027 1060 2073 sunt
1096 2017 1266 2073 David
1295 2027 1351 2073 et
1380 2018 1471 2073 alii
1518 2018 1613 2073 lilii
1649 2028 1702 2074 et
1724 2018 1865 2084 ﬁliae,
1910 2028 1965 2074 et
1998 2018 2112 2074 hmc

527 2127 547 2161 ι
585 2109 804 2165 nomina
851 2116 1038 2167 eorum
1072 2111 1164 2181 qui
1212 2112 1325 2167 nati
1375 2121 1502 2167 sunt
1539 2114 1587 2167 ei
1619 2111 2057 2191 in_Hierusalem
2094 2128 2110 2167 :

527 2220 545 2251 ι
584 2198 785 2257 Samua
814 2211 870 2258 et
895 2202 1097 2269 Sohab,
1127 2211 1183 2259 et
1210 2203 1421 2259 Natban
1446 2214 1499 2260 et
1528 2204 1783 2259 Salomon
1805 2213 1861 2259 et
1879 2204 2038 2259 lbaar
2061 2211 2116 2259 et

528 2306 547 2342 ι
584 2290 765 2347 Elisus
796 2303 852 2348 et
880 2292 1103 2366 Nepheg
1136 2304 1189 2351 et
1213 2294 1407 2366 Japtiia
1450 2306 1505 2351 et
1534 2296 1770 2352 Elisama
1800 2305 1856 2351 et
1884 2295 2034 2351 Elida
2059 2306 2116 2352 et

528 2402 545 2435 ι
588 2383 873 2456 Eliphelet.
910 2406 930 2441 ο
976 2388 1177 2445 Verum
1223 2390 1351 2460 quia
1415 2391 1529 2447 haec
1569 2391 1787 2445 nomina
1834 2391 2115 2462 subiunxi-

522 2488 676 2540 mus,
733 2486 912 2533 ratum
974 2479 1231 2536 duximus
1287 2481 1766 2551 interpretationes
1805 2480 2113 2538 Judaeorum

520 2584 743 2640 ponere,
792 2580 853 2626 ut
903 2572 1168 2644 superiori
1234 2573 1529 2629 intellectui
1577 2574 1850 2644 spiritales
1918 2574 2113 2629 intelli-

521 2664 719 2733 gentia
754 2663 949 2737 (juxta
992 2666 1333 2736 prudentiam
1370 2668 1656 2738 prudentis
1698 2668 1947 2738 lectoris)
1984 2684 2115 2724 con-

524 2756 765 2811 veniant.
813 2755 873 2812 Si
928 2757 1077 2813 enim
1120 2757 1322 2828 aliquid
1353 2758 1674 2829 spiritaliter
1716 2772 1897 2814 sermo
1941 2759 2114 2815 histo-

519 2849 666 2904 ricus
689 2848 917 2906 innuero
952 2849 1237 2915 noluisset,
1274 2866 1616 2921 nequaquam
1645 2852 1844 2907 addere
1864 2860 2116 2908 curasset

520 2940 613 3010 qui
651 2949 833 2997 essent
877 2940 996 3007 ﬁlii,
1028 2945 1120 3012 qui
1166 2943 1279 2998 nati
1321 2951 1505 2999 essent
1547 2944 1715 2998 David
1755 2945 1808 2999 in
1854 2943 2115 3000 Hierusa-

519 3032 645 3088 lem.
678 3032 813 3088 Nam
852 3036 897 3089 si
931 3036 1073 3091 idem
1114 3035 1285 3091 David
1312 3037 1584 3106 signiﬁcat
1610 3038 1944 3103 salvatorem,
1982 3054 2112 3110 ergo

516 3139 622 3179 non
685 3125 956 3181 immerito
1014 3125 1109 3181 lilii
1165 3125 1283 3194 ejus
1330 3128 1596 3185 credentes
1653 3129 1990 3199 signiﬁcant,
2044 3147 2112 3186 ex

516 3224 744 3287 utraque
785 3216 1047 3282 Ecclesia,
1098 3216 1405 3273 Iudaeorum
1454 3219 1661 3276 scilicet
1711 3230 1767 3275 et
1804 3222 2107 3278 nationum.

2215 2019 2408 2075 borum
2457 2022 2768 2091 signiﬁcant
2823 2027 3183 2084 summitates.
3222 2029 3363 2097 Quid
3408 2046 3505 2102 per
3557 2034 3811 2101 arbores,

2215 2110 2321 2167 nisi
2374 2112 2631 2170 sublimes
2668 2125 2853 2186 patres
2902 2117 3307 2191 intelliguntur?
3334 2122 3390 2177 ln
3434 2138 3678 2194 quorum
3727 2143 3812 2183 ea-

2215 2203 2524 2259 cuminibus
2576 2206 2715 2261 dum'
2755 2209 2966 2265 sonitus
3024 2212 3259 2277 auditur,
3314 2214 3367 2270 id
3398 2224 3503 2281 est,
3559 2216 3700 2272 dum
3760 2220 3809 2274 in

2214 2292 2547 2352 sublimitate
2574 2298 2700 2354 vita:
2728 2315 2896 2356 sonus
2926 2300 3111 2373 (ﬂante
3137 2303 3342 2375 Spiritu
3369 2309 3583 2380 sancto)
3611 2310 3810 2380 pradi-

2215 2388 2446 2445 eationis
2489 2391 2752 2458 intonuit,
2784 2390 2955 2449 David
2988 2404 3173 2452 noster
3210 2398 3410 2454 virtute
3451 2414 3565 2456 sua;
3608 2402 3807 2457 divini-

2217 2480 2365 2547 tatis,
2393 2496 2500 2551 qua
2541 2484 2916 2541 celsitudinem
2947 2497 3257 2545 sanctorum
3292 2494 3652 2561 transcendit,
3688 2494 3807 2552 Plii-

2214 2570 2474 2640 listhaios,
2501 2574 2555 2630 id
2583 2585 2670 2632 est
2695 2575 3006 2635 immundos
3030 2581 3273 2651 spiritus,
3304 2585 3601 2655 superavit.

2828 2732 3056 2793 CAPUT
3085 2733 3174 2793 Vl.

2290 2859 2309 2893 α
2343 2840 2706 2913 Congregavit
2730 2854 2911 2901 autem
2944 2861 3159 2903 rursum
3185 2848 3351 2904 David
3376 2862 3573 2905 omnes
3596 2849 3802 2909 electos

2219 2953 2237 2985 ‹
2274 2931 2436 2987 Israel
2469 2932 2689 3004 triginta
2714 2934 2917 3001 millia,
2942 2947 3007 2992 ut
3032 2936 3361 2994 adducerent
3390 2954 3577 2995 arcam
3610 2939 3744 3007 Dei,
3776 2960 3795 2993 ι

2212 3033 2344 3089 etc.,
2369 3041 2539 3095 usque
2560 3026 2655 3091 ait,
2684 3044 2703 3078 ι
2730 3026 3009 3098 iratusque
3028 3038 3112 3087 est
3132 3029 3502 3101 indignatione
3514 3030 3795 3098 Dominus,

2218 3138 2235 3169 ι
2267 3118 2408 3188 quod
2439 3118 2681 3174 extendit
2709 3118 2820 3176 Oza
2844 3135 3060 3176 manum
3090 3123 3157 3179 ad
3180 3136 3363 3178 arcam
3386 3130 3441 3178 et
3463 3124 3639 3178 tenuit
3656 3139 3797 3190 eam,

2219 3230 2236 3261 ‹
2280 3209 2535 3280 quoniam
2562 3210 2918 3267 calcitrabant
2944 3214 3111 3270 boves
3151 3223 3341 3272 contra
3373 3213 3571 3281 Oeam,
3602 3225 3658 3271 et
3680 3232 3796 3287 per-

521 3306 672 3362 Unde
712 3316 766 3363 et
806 3307 861 3362 in
902 3305 1348 3378 Paralipomenon
1389 3307 1528 3364 libro
1555 3320 1788 3380 quatuor
1834 3310 1999 3367 fuisse
2040 3329 2108 3368 ex
2135 3288 2182 3352 (ἶ
2218 3322 2236 3355 ι
2270 3303 2439 3358 ευεδίι
2460 3318 2584 3359 eum
2613 3313 2665 3360 et
2707 3314 2953 3363 mortuus
2983 3314 3086 3363 est.
3122 3328 3140 3361 ι
3172 3307 3229 3363 lu
3258 3309 3361 3365 hac
3388 3309 3623 3367 historia
3656 3309 3795 3366 δαί

515 3396 816 3457 Bethsabee
867 3399 1052 3455 uxoris
1092 3399 1236 3455 Urize
1267 3399 1473 3459 [lethaei
1501 3420 1512 3456 :
1541 3399 1745 3457 Samua
1783 3403 2109 3459 videticetet

518 3488 720 3557 Sohab,
767 3489 983 3547 Nathan
1028 3501 1083 3545 et
1128 3491 1409 3559 Salomon,
1444 3508 1565 3564 quae
1598 3502 1779 3566 typum
1816 3496 1984 3566 gessit
2008 3497 2110 3552 Ec.

512 3582 692 3637 etesiae
737 3586 1001 3653 gentium,
1032 3585 1174 3641 sicut
1200 3586 1256 3641 in
1293 3586 1666 3656 sequentibus,
1697 3586 1913 3643 Christo
1948 3588 2104 3654 duce,

398 3738 410 3749 ‘
510 3674 674 3731 latius
732 3677 928 3733 dicturi
982 3692 1191 3733 sumus.
1238 3677 1406 3733 Porro
1458 3678 1659 3735 Samua
1718 3680 2108 3748 interpretatur

511 3766 783 3823 audacia:
817 3767 1033 3835 Sobab,
1077 3780 1375 3825 conuertens
1402 3787 1420 3825 :
1444 3770 1622 3837 lbaar,
1673 3771 1866 3842 elegit:
1900 3772 2103 3839 Elisua,

515 3856 614 3914 Dei
642 3860 744 3914 mei
769 3859 916 3917 salu
948 3874 968 3913 .°
1001 3860 1241 3934 Nepheg,
1284 3862 1554 3934 applicans
1583 3864 1663 3918 ori
1686 3881 1705 3919 :
1733 3862 1948 3934 Japhia,
1983 3865 2105 3919 illu-

510 3952 675 4007 minat
719 3952 806 4009 vel
852 3955 1077 4011 ostendit
1110 3970 1128 4007 :
1155 3955 1428 4020 Elisama,
1468 3956 1610 4011 Deus
1652 3973 1795 4011 meus
1836 3958 2100 4015 audiens:

510 4042 687 4109 Elida,
708 4043 845 4099 Deus
870 4062 1014 4100 meus
1037 4046 1131 4101 scit
1158 4062 1176 4101 :
1204 4046 1493 4118 Eliphelet,
1522 4047 1662 4102 Deus
1688 4064 1832 4103 meus
1854 4047 2104 4105 salvam:

510 4151 631 4206 qua:
681 4136 1162 4209 interpretationes
1210 4152 1380 4213 aptat,
1428 4150 1487 4197 ut
1535 4142 1801 4211 diximus,
1842 4141 2104 4207 ,ﬁdclibus

509 4242 834 4303 congruunt,
866 4234 959 4304 qui
986 4236 1170 4291 divina
1207 4244 1475 4307 praecepta
1514 4236 1747 4292 libenter
1775 4235 2022 4301 audiunt,
2046 4244 2102 4291 et

508 4322 577 4377 ad
602 4324 974 4394 operationem
1006 4325 1131 4383 ﬁdei
1156 4336 1569 4383 convertuntur.
1597 4325 1693 4382 llis
1719 4326 1883 4397 igitur
1917 4326 2097 4395 tactis,

509 4419 578 4473 ad
609 4434 674 4474 ea
701 4434 823 4490 quae
854 4432 1156 4491 sequuntur
1176 4438 1482 4478 sermonem
1513 4433 1915 4481 convertamus.

585 4528 604 4560 ε
638 4509 700 4565 Et
729 4511 1057 4569 addiderunt
1076 4513 1271 4568 iterum
1299 4512 1629 4569 Philisthiim
1658 4523 1717 4568 ut
1743 4516 2101 4570 ascenderant

513 4616 533 4651 ι
568 4609 623 4655 et
650 4612 951 4673 pugnarent
977 4614 1167 4661 contra
1194 4603 1380 4659 David.
1413 4603 1695 4660 Consuluit
1723 4616 1904 4661 autem
1930 4605 2097 4661 David

2214 3412 2369 3466 reges
2420 3404 2476 3451 et
2530 3398 2806 3468 prophetae
2861 3399 3052 3466 David,
3104 3401 3411 3471 quiarcam
3456 3401 3679 3459 Domini
3707 3403 3795 3459 ad.

2210 3489 2429 3545 duxisse
2470 3499 2799 3558 narrantur,
2850 3493 3128 3549 humilitas
3176 3498 3502 3567 approbata,
3544 3499 3793 3569 superbia

2209 3584 2485 3651 damnata,
2540 3595 2597 3641 et
2644 3594 2922 3644 temeritas
2949 3590 3221 3646 vindicata
3267 3595 3790 3665 monstraturzqnia

2206 3685 2264 3731 et
2314 3676 2429 3749 ipse
2477 3676 2669 3744 David,
2726 3679 2819 3750 qui
2869 3695 3052 3736 coram
3094 3698 3220 3738 arca
3256 3682 3470 3739 Domini
3526 3685 3792 3740 humiliter

2208 3769 2408 3827 saltare
2436 3785 2541 3827 non
2570 3771 2812 3838 erubuit,
2844 3788 2970 3828 mox
2996 3775 3415 3845 promissionem
3455 3775 3579 3831 Filii
3617 3777 3706 3833 Dei
3730 3793 3789 3832 ex

2207 3877 2303 3917 sua
2330 3864 2499 3933 stirpe
2527 3864 2791 3921 nascituri
2823 3866 3101 3937 suscipere
3118 3868 3422 3938 promeruit
3447 3886 3461 3923 :
3492 3878 3550 3924 et
3570 3869 3786 3939 coniux,

2206 3971 2328 4028 quae
2376 3955 2624 4013 eamdem
2674 3957 2818 4013 illius
2864 3959 3223 4015 humilitatem
3271 3960 3538 4032 despexit,
3570 3960 3788 4031 ejusse-

2207 4049 2351 4104 mine
2376 4047 2657 4104 fecundari
2693 4065 2802 4105 non
2832 4051 3050 4117 meruit,
3074 4052 3168 4107 sed
3194 4060 3468 4123 perpetuae
3494 4053 3785 4111 sterilitatis

2207 4154 2396 4211 poenas
2440 4141 2558 4197 luit.
2591 4142 2859 4199 Sacerdos
2907 4159 3147 4216 quoque,
3194 4145 3285 4215 qui
3335 4160 3520 4201 arcam
3558 4147 3784 4202 inconsi-

2204 4233 2391 4289 derata
2418 4236 2723 4291 temeritate
2749 4236 2948 4308 tetigit,
2975 4251 3142 4292 ausus
3166 4237 3247 4291 sui
3273 4245 3483 4292 reatum
3506 4239 3783 4294 immatura

2203 4334 2381 4381 morte
2422 4327 2694 4397 purgavit.
2742 4327 2845 4383 Ubi
2892 4328 3091 4383 intueri
3138 4343 3367 4386 necesse
3402 4340 3485 4385 est
3535 4341 3784 4400 quantum

2205 4417 2502 4488 delinquat,
2532 4419 2624 4488 qui
2663 4419 2732 4474 ad
2761 4434 2962 4489 corpus
2990 4421 3201 4475 Domini
3234 4435 3359 4478 reus
3398 4424 3717 4487 accesserit,
3744 4422 3782 4477 si

2203 4510 2428 4565 devotus
2462 4509 2552 4565 ille
2593 4511 2849 4566 sacerdos
2900 4520 3076 4567 morte
3125 4511 3436 4577 mulctatur,
3479 4514 3576 4583 qui
3613 4528 3784 4569 arcam

2203 4600 2370 4666 illam,
2423 4601 2691 4656 Dominici
2735 4601 2991 4657 videlicet
3037 4603 3282 4672 corporis
3312 4603 3567 4676 ﬁguram.
3600 4607 3783 4661 minori

511 4709 530 4743 ι
564 4689 870 4749 Dominum.
897 4694 999 4763 Qui
1046 4696 1323 4766 respondit
1352 4714 1365 4750 :
1390 4692 1504 4752 Non
1531 4712 1690 4753 ascen
1717 4699 1815 4763 ias,
1841 4714 1900 4753 se
1923 4700 1934 4752 t
1960 4712 2095 4770 gyra
2124 4678 2174 4739 Ῑ)
2200 4708 2365 4762 quam
2426 4692 2614 4749 debuit
2657 4692 3005 4748 veneratione
3050 4693 3335 4763 corripuit.
3386 4692 3595 4749 Verum
3643 4704 3783 4766 juxta

512 4803 530 4836 ι
565 4794 685 4855 post
710 4795 918 4860 tergum
951 4802 1162 4853 eorum,
1195 4798 1251 4844 et
1292 4790 1479 4847 venies
1527 4792 1593 4845 ad
1624 4807 1719 4847 eos
1754 4807 1819 4848 ex
1861 4791 2095 4847 adverso

509 4893 530 4928 ι
566 4892 857 4949 pyrorum,
887 4900 907 4933 ι
946 4889 1001 4935 et
1031 4880 1259 4951 reliqua.
1289 4881 1611 4953 Quanquam
1646 4883 1906 4948 nonnulli,
1946 4893 2005 4939 ut
2038 4884 2093 4940 in

505 4969 784 5039 cujusdam
814 4970 1086 5028 volumine
1124 4973 1252 5045 legi,
1296 4974 1625 5031 contendant
1656 4992 1760 5031 non
1803 4978 2004 5034 habere
2041 4979 2095 5033 in

506 5060 769 5121 Hebraica
835 5064 1095 5131 veritate,
1146 5087 1165 5118 ι
1215 5083 1281 5124 ex
1329 5067 1556 5125 adverso
1600 5085 1875 5141 pyrorum,
1927 5091 1946 5124 ι
1998 5072 2095 5127 sed

513 5172 532 5205 ι
560 5153 822 5225 ﬂentium,
846 5179 863 5211 ο
887 5160 992 5217 hoc
1012 5170 1114 5225 est,
1134 5171 1192 5217 ut
1216 5164 1459 5229 tradunt,
1483 5179 1549 5219 ex
1579 5166 1806 5218 adverso
1830 5164 2095 5219 idolorum

507 5262 751 5317 suorum,
794 5251 883 5307 ubi
920 5253 1130 5310 scilicet
1174 5255 1312 5312 idola
1343 5265 1500 5311 erant
1544 5257 1599 5311 in
1628 5255 1827 5327 quibus
1861 5256 2100 5311 conﬁde-

508 5340 638 5397 bant
674 5360 688 5396 :
718 5360 839 5414 quae
880 5345 973 5418 (ut
1017 5348 1300 5419 inquiunt,
1340 5357 1503 5420 prout
1548 5366 1615 5404 ex
1663 5350 1957 5406 traditione
1992 5350 2099 5406 lle-

508 5430 777 5489 braeorum
836 5437 1180 5509 didicerunt)
1233 5441 1436 5496 ideirco
1503 5439 1743 5496 ﬂentium
1804 5450 2097 5509 vocantur,

507 5521 632 5590 quia
651 5522 776 5579 lletu
800 5526 959 5599 digna
978 5540 1109 5586 sunt
1131 5545 1147 5586 :
1171 5539 1228 5586 et
1249 5546 1366 5597 eos,
1391 5532 1483 5601 qui
1504 5546 1568 5586 ea
1594 5531 1797 5595 colunt,
1822 5532 1888 5585 ad
1912 5530 2097 5587 lletmn

510 5612 852 5672 miseriarum
879 5621 1199 5689 perducunt.
1228 5621 1380 5678 Unde
1399 5628 1457 5677 et
1484 5620 1852 5692 subiungunt:

588 5724 603 5753 ι
641 5706 708 5763 Et
735 5724 858 5765 cum
883 5713 1122 5770 audieris
1146 5715 1383 5772 sonitum
1412 5715 1709 5785 gradientis
1732 5715 1787 5770 in
1819 5714 2100 5772 cacumine

514 5815 532 5853 t
572 5796 836 5861 ﬂentium.
876 5824 895 5859 ι
928 5803 1044 5863 Hoc
1086 5817 1195 5874 est,
1246 5821 1307 5864 ut
1358 5808 1540 5865 ferunt
1575 5826 1589 5864 :
1621 5807 1757 5865 Cum
1806 5807 2099 5863 audierisa

508 5895 869 5961 potestatibus
894 5898 1177 5964 angelicis,
1206 5914 1395 5956 eorum
1422 5900 1591 5967 idola,
1616 5900 1671 5957 in
1703 5901 1900 5969 quibus
1919 5901 2098 5956 omnis

2199 4787 2511 4859 allegoriam
2564 4786 2733 4843 David
2780 4784 3090 4853 Christum,
3128 4804 3255 4843 arca
3287 4787 3591 4844 Eeclesiam
3630 4790 3785 4859 signi-

2199 4878 2344 4943 ﬁcat,
2375 4878 2460 4935 vel
2490 4892 2698 4934 sacram
2726 4875 3084 4946 Seripturam.
3112 4878 3370 4946 Quaesivit
3412 4887 3599 4934 autem
3630 4876 3784 4933 David

2200 4986 2384 5026 arcam
2422 4970 2475 5025 in
2504 4969 2784 5025 civitatem
2835 4984 2991 5024 suam
3041 4970 3332 5034 adducere,
3365 4979 3459 5025 seu
3506 4985 3679 5026 causa
3710 4972 3783 5025 1η⁴

2200 5060 2539 5117 terveniente
2565 5059 2866 5125 contraria,
2898 5060 2965 5114 ad
2997 5068 3210 5130 tempus
3236 5075 3358 5116 eam
3389 5059 3516 5115 alibi
3551 5060 3782 5117 divertit.

2200 5154 2279 5209 Ac
2303 5155 2383 5209 sic
2406 5154 2663 5222 deinceps
2689 5150 2835 5222 quod
2861 5150 3087 5207 multum
3118 5152 3484 5209 delectaverat
3510 5152 3781 5222 explicuit

2198 5248 2337 5316 Quia
2366 5248 2628 5303 Dominus
2668 5248 2721 5302 in
2751 5261 2917 5301 carne
2947 5260 3236 5316 apparens,
3268 5244 3625 5315 Evangelium
3672 5243 3785 5298 ﬁliis

2197 5339 2384 5400 Israel.
2430 5354 2541 5394 sua:
2570 5337 2822 5393 videlicet
2850 5337 3020 5408 genti,
3054 5337 3397 5407 praedicavit;
3430 5338 3526 5394 sed
3575 5337 3785 5391 accitas

2198 5446 2269 5486 ex
2297 5438 2450 5500 parte
2480 5429 2710 5500 contigit
2745 5428 2798 5482 in
2827 5427 2991 5483 Israel
3026 5427 3199 5483 donec
3244 5426 3522 5498 plenitudo
3550 5428 3785 5498 gentium

2203 5525 2540 5581 subintraret
2582 5521 2757 5594 (Rom.
2813 5523 2913 5592 xi).
2960 5520 3067 5577 Sed
3102 5528 3161 5574 ut
3198 5520 3313 5576 huic
3350 5528 3575 5591 pateant
3621 5519 3787 5574 mani-

2206 5617 2415 5680 festius,
2466 5630 2564 5687 per
2607 5613 2814 5684 singula
2865 5612 3160 5668 videamus.
3215 5611 3577 5685 Congiegavit
3627 5611 3785 5667 Dmid

2203 5724 2391 5765 omnes
2442 5707 2644 5764 electos
2689 5721 2757 5761 ex
2801 5705 2965 5762 Israel
3004 5706 3227 5778 triginta
3272 5704 3460 5770 millia,
3510 5704 3641 5774 quia
3688 5702 3785 5757 Do-

2206 5802 2384 5859 minus
2413 5799 2713 5857 Ecclesiam
2736 5797 3067 5869 primitivam
3098 5813 3166 5853 ex
3192 5796 3359 5855 Israel
3396 5795 3652 5861 instituit,
3683 5810 3783 5848 non

2206 5898 2426 5970 quidem
2474 5909 2693 5953 omnem
2743 5891 2904 5949 Israel
2926 5932 2941 5959 ,
2984 5892 3079 5948 sed
3130 5890 3333 5948 electos
3388 5904 3631 5963 quosque
3684 5883 3781 5941 sibi
