3970 6332
135 453 253 510 549

136 660 428 725 Israelita,
449 657 547 714 sed
571 656 665 712 ﬁlii
686 657 1064 728 promissionis
1084 659 1413 729 deputantur
1431 656 1485 712 in
1509 656 1732 723 semine,

135 754 239 824 qui
270 751 493 823 triginta
522 747 690 804 millia
718 747 1051 816 referuntur,
1084 749 1141 805 id
1166 756 1272 816 est,
1301 749 1425 806 ﬁdei
1460 749 1736 820 operibus,

136 853 197 901 et
222 847 343 918 spei
392 842 651 900 [inuitato
682 841 929 913 perfecti.
971 841 1101 897 Tria
1130 843 1302 909 enim,
1339 850 1569 913 propter
1603 856 1736 897 con-

138 935 438 991 fessionem
480 941 686 990 sanetas
732 931 1037 998 Trinitatis,
1087 932 1157 987 ad
1206 932 1368 989 ﬁdem
1416 933 1733 1004 pertinent:
1778 942 1781 945 '

138 1029 334 1083 decem
381 1033 602 1099 propter
636 1022 962 1095 Decalogum
1010 1023 1164 1096 legis,
1218 1025 1287 1079 ad
1330 1038 1538 1095 opera:
1568 1023 1735 1093 mille,

138 1128 369 1190 propter
394 1118 477 1173 sui
502 1115 914 1187 perfectionem,
938 1115 1006 1171 ad
1029 1130 1183 1186 spem
1198 1115 1323 1171 vita:
1343 1125 1584 1182 aeterna,
1609 1116 1736 1185 quia

136 1210 399 1280 superius
440 1208 645 1278 aliquid
687 1223 796 1264 non
821 1217 927 1274 est,
973 1207 1116 1264 sicut
1142 1222 1404 1265 numerus
1432 1208 1737 1268 millenario

136 1298 322 1368 major
378 1298 557 1355 nullus
602 1306 705 1354 est.
756 1297 870 1355 Etsi
917 1298 1061 1353 enim
1111 1297 1300 1363 millia,
1351 1298 1466 1355 sive
1514 1298 1734 1372 triginta

134 1389 337 1455 millia,
366 1389 483 1446 sive
524 1389 690 1445 etiam
739 1388 887 1444 mille
916 1388 1085 1444 millia
1133 1389 1360 1455 dixeris,
1413 1405 1519 1446 non
1557 1390 1732 1461 ipsum

135 1479 291 1535 mille
314 1480 652 1536 numerando
683 1479 1042 1546 transcendis,
1072 1480 1166 1535 sed
1188 1479 1272 1535 vel
1302 1494 1400 1550 per
1423 1495 1504 1546 se,
1527 1480 1611 1536 vel
1635 1496 1734 1551 per

134 1572 383 1628 minores
418 1586 676 1633 numeros
722 1571 921 1642 saepius
944 1572 1171 1627 dicendo
1200 1571 1544 1642 multiplicas.
1604 1571 1732 1627 Tria

132 1680 273 1734 ergo
299 1680 400 1736 per
439 1665 627 1721 decem
678 1663 997 1734 multiplica,
1034 1678 1102 1718 ne
1150 1663 1287 1720 ﬁdes
1315 1665 1432 1721 sine
1475 1662 1732 1734 operibus

1077 447 1334 507 ENARR.
1372 446 1443 504 IN
1484 448 1732 507 LIBROS
1772 445 2035 509 REGUM.
2072 477 2144 488 -—-
2175 445 2244 509 IN
2282 447 2413 509 LIB.
2455 447 2520 507 ll.

134 568 488 625 emusocians.
522 563 636 619 Non
683 563 827 619 enim
871 579 1065 620 omnes
1104 564 1198 637 qui
1228 579 1296 619 ex
1324 561 1491 620 Israel
1523 562 1577 619 hi
1606 570 1734 619 sunt
1758 569 1809 629 Α
1835 563 1961 618 dum
2018 561 2464 619 consuetudinem
2515 560 2650 632 legis
2709 560 2915 632 ingredi
2961 577 2973 617 ;

3321 448 3428 505 550

3032 561 3127 616 sed
3179 558 3426 623 sabbata.

1839 654 2177 719 neomenias,
2235 652 2729 720 circumcisionem,
2774 650 3157 723 victimasque,
3202 650 3425 721 spirita-

1839 746 1963 804 liter
2011 746 2361 818 interpretari
2406 761 2421 801 :
2470 760 2609 817 quos
2657 744 2805 802 velut
2852 753 3100 803 errantes
3154 744 3430 817 corrigere

1838 838 2120 895 tentabant
2141 877 2158 904 ,
2211 837 2307 907 qui
2362 837 2750 894 descendentes
2800 837 2867 897 de
2926 833 3111 895 Iudaea
3160 835 3430 895 docebant

1835 931 2035 989 fratres
2067 949 2082 987 :
2122 948 2141 983 α
2179 929 2319 999 Quia
2345 931 2449 987 nisi
2476 930 2942 989 circumcidamini
2975 929 3273 987 secundum
3312 944 3429 987 mo-

1838 1038 1953 1082 rem
1996 1023 2192 1098 Moysi,
2222 1040 2333 1080 non
2375 1023 2605 1095 potestis
2641 1022 2776 1079 salvi
2805 1021 2925 1079 ﬁeri
2976 1023 3114 1095 (Act.
3144 1020 3275 1094 xv):
3312 1041 3331 1075 ι
3373 1027 3428 1081 et

1835 1112 2032 1184 quibus
2058 1112 2296 1171 Iacobus
2319 1113 2384 1168 ad
2415 1111 2641 1173 Paulum
2677 1126 2692 1167 :
2732 1130 2751 1164 ο
2782 1110 2967 1179 Vides,
2996 1110 3191 1181 inquit,
3234 1109 3426 1185 frater,

1835 1200 1970 1281 quot
1994 1208 2163 1264 millia
2184 1216 2311 1265 sunt
2336 1208 2394 1263 in
2419 1205 2619 1263 Judaeis
2662 1205 2754 1277 qui
2775 1204 3143 1272 crediderunt,
3164 1213 3220 1261 et
3236 1219 3428 1267 omnes

1832 1303 2177 1361 mmulatores
2205 1312 2333 1360 sunt
2362 1302 2496 1374 legis
2524 1303 2665 1375 (Act.
2692 1301 2831 1372 XXI).
2870 1319 2890 1353 ι

1914 1414 1933 1449 ι
1962 1395 2046 1453 0b
2089 1411 2312 1452 causam
2342 1409 2472 1465 ergo
2499 1394 2801 1451 sacerdotis
2824 1392 3013 1459 occisi,
3044 1390 3214 1448 David
3256 1390 3429 1451 noluit

1838 1506 1859 1540 ι
1902 1487 2173 1544 divertere
2234 1489 2302 1543 ad
2361 1503 2420 1544 se
2483 1501 2667 1544 arcam
2739 1484 2982 1550 Domini,
3040 1484 3096 1539 in
3151 1482 3428 1539 civitatem

1840 1595 1858 1629 ι
1894 1578 2105 1634 David:
2140 1580 2233 1635 sed
2284 1578 2523 1634 tulerunt
2578 1592 2697 1633 eam
2746 1576 2801 1631 in
2848 1577 3068 1632 domum
3115 1575 3427 1633 Ohededom

1836 1689 1857 1723 ι
1892 1669 2121 1727 (lethaei.
2157 1690 2176 1723 ι
2204 1669 2349 1739 Quia
2392 1668 2774 1741 respuentibus
2807 1668 3037 1723 verbum
3084 1666 3310 1731 Judaeis,
3358 1680 3429 1722 ne

132 1767 357 1811 mortua
380 1756 469 1811 sit.
498 1757 636 1813 item
657 1756 879 1827 triginta
907 1755 1073 1812 millia
1093 1771 1192 1828 per
1216 1755 1361 1812 mille
1389 1756 1726 1827 multiplica:
1833 1765 2068 1837 amplius
2106 1765 2310 1829 audita,
2344 1772 2399 1819 et
2427 1778 2535 1819 non
2564 1771 2812 1832 suscepta
2849 1759 3159 1831 praedicatio
3184 1765 3425 1827 noceret,

132 1856 193 1901 ut
230 1846 369 1904 ﬁdes
415 1864 539 1919 quae
581 1863 681 1920 per
726 1846 1073 1903 dilectionem
1111 1856 1391 1917 operatur,
1442 1864 1549 1903 non
1599 1846 1726 1903 alibi
1833 1854 2063 1927 apostoli
2090 1855 2159 1910 ab
2193 1855 2275 1911 eis
2304 1850 2493 1919 ablati,
2543 1858 2600 1906 et
2651 1850 2721 1906 ad
2767 1858 2957 1922 gentes
2993 1847 3288 1920 Et‘angelio
3326 1847 3429 1903 im-

126 1955 301 2011 quam
332 1941 390 1997 in
414 1940 572 1997 cmlis
599 1938 1013 1997 retributionem
1039 1948 1241 2011 speret.
1274 1938 1443 1996 Electi
1464 1937 1629 2010 igitur
1660 1953 1728 1997 ex
1755 1939 1805 2001 B
1830 1946 2075 2003 buendos
2114 1954 2242 2001 sunt
2286 1942 2459 2001 missi.
2513 1940 2778 1999 Videlicet
2804 1940 2955 1995 locus
3004 1952 3144 1993 areae
3175 1935 3427 2004 Nachon,

129 2032 322 2097 Israel,
350 2033 583 2105 populus
606 2040 755 2088 recte
780 2031 1085 2097 credentes,
1112 2039 1423 2101 operantes,
1447 2037 1728 2102 sperantes
1833 2054 1954 2110 qua;
1983 2037 2227 2110 gentium
2276 2035 2402 2091 ﬁdei
2445 2033 2661 2089 Domini
2694 2032 2886 2104 gratiae
2934 2036 3292 2103 prmparatam
3334 2027 3429 2083 de-

128 2125 398 2182 insinuat.
454 2124 566 2181 Viri
622 2132 805 2180 autem
854 2122 990 2180 Juda
1033 2124 1127 2194 qui
1174 2131 1486 2180 erantcum
1533 2122 1719 2191 David,

1832 2134 2121 2193 monstrat,
2169 2124 2439 2182 percussio
2468 2123 2578 2180 Oza
2607 2130 2992 2195 nuncupatur:
3020 2118 3270 2177 videlicet
3297 2117 3426 2190 quia

127 2218 285 2290 ipsos
312 2216 588 2289 apostolos
621 2224 678 2274 et
706 2218 976 2283 doctores,
1008 2216 1100 2286 qui
1130 2216 1287 2273 lateri
1327 2214 1527 2274 Christi
1570 2217 1728 2287 quasi

130 2310 460 2369 familiarius
504 2310 876 2376 adhaerebant,
929 2308 1207 2367 indicant:
1236 2309 1329 2380 qui
1369 2318 1601 2380 utroque
1625 2310 1726 2367 sti-

126 2411 295 2473 patus
345 2402 591 2460 exemita
644 2403 925 2469 Dominus,
981 2417 1163 2463 arcam
1217 2402 1506 2469 adducere,
1544 2403 1595 2457 id
1643 2413 1729 2461 est

128 2494 433 2551 Ecclesiam
459 2496 709 2561 dilatare,
735 2505 791 2552 et
820 2495 879 2551 in
903 2506 1092 2555 eorum
1122 2496 1214 2567 qui
1245 2504 1351 2553 non
1379 2496 1726 2553 crediderunt

124 2585 390 2643 cordibus
438 2584 601 2643 ﬁdem
652 2586 895 2643 inserere
928 2585 1149 2657 gaudet.
1204 2584 1503 2656 lmponitur
1543 2595 1725 2641 autem

126 2692 261 2734 arca
291 2677 535 2749 plaustro
582 2692 744 2744 novo,
793 2686 852 2733 ut
879 2677 1015 2734 Novi
1048 2676 1389 2745 Testamenti
1419 2678 1591 2749 gratia
1638 2693 1724 2734 re—

132 2770 348 2826 novatis
395 2771 451 2827 in
500 2770 778 2842 baptismo
826 2770 1102 2829 mentibus
1142 2770 1497 2827 infundatur:
1528 2786 1724 2827 unum.

133 2876 238 2931 que
262 2876 485 2927 novum,
517 2861 676 2919 novis
701 2860 914 2919 viribus
942 2859 1377 2917 conservandum
1407 2859 1719 2915 mandatur.

125 2951 263 3009 Erat
285 2951 505 3023 quidem
532 2952 686 3023 prius
707 2966 837 3008 arca
864 2951 923 3009 in
951 2950 1112 3011 domo
1139 2950 1445 3014 Abinadab,
1476 2949 1568 3020 qui
1602 2956 1722 3006 erat

127 3045 184 3099 in
215 3041 423 3110 Gabaa,
472 3043 600 3114 quia
646 3043 837 3101 eadem
880 3032 1026 3114 qute
1056 3060 1200 3100 nunc
1246 3042 1578 3116 praedicatur
1620 3043 1723 3100 Ec-

124 3136 311 3193 clesia:
335 3135 491 3205 ﬁdes,
522 3145 578 3193 et
601 3145 729 3193 ante
754 3136 1150 3205 incarnationis
1178 3136 1466 3194 dominica:
1509 3144 1721 3208 tempus

122 3232 377 3297 ﬂorebat,
419 3232 473 3288 in
504 3232 592 3288 his
618 3231 710 3302 qui
746 3231 1182 3303 patriarcharum
1222 3230 1720 3303 prophetarumque

1830 2216 2047 2273 illorum
2100 2216 2356 2272 delictum
2417 2214 2568 2271 salus
2632 2224 2717 2272 est
2766 2213 3036 2285 gentibus.
3114 2209 3427 2271 Obededom

1828 2323 2067 2380 namque
2093 2310 2487 2380 interpretatur
2514 2307 2744 2363 serviens
2784 2305 2939 2361 homo
2969 2323 2983 2361 :
3017 2303 3106 2362 ille
3132 2296 3218 2361 est
3240 2303 3427 2373 utique

1828 2403 1897 2459 de
1942 2417 2052 2473 quo
2104 2402 2367 2469 Dominus
2406 2402 2475 2458 ad
2508 2400 2765 2457 Patrem:
2803 2420 2820 2452 ι
2851 2398 3180 2464 Constitues,
3226 2394 3424 2467 inquit,

1828 2509 1917 2550 me
1955 2495 2011 2551 in
2052 2500 2215 2565 caput
2249 2493 2513 2566 gentium,
2567 2491 2798 2563 populus
2827 2505 2987 2561 quem
3039 2504 3149 2547 non
3191 2487 3423 2561 cognovi

1828 2585 2059 2645 servivit
2092 2585 2225 2641 mihi
2250 2583 2423 2657 (Psal.
2475 2584 2632 2657 xvn).
2664 2603 2683 2635 ι
2725 2582 2822 2640 Ubi
2870 2591 2926 2638 et
2968 2581 3278 2639 Iudaeorum
3334 2595 3422 2639 ac-

1830 2677 2029 2733 tionem
2057 2676 2214 2745 quasi
2249 2675 2374 2732 02a:
2401 2684 2635 2732 mortem
2681 2673 3042 2744 praemittens,
3091 2673 3167 2728 ait
3195 2691 3208 2727 :
3253 2690 3272 2724 ι
3304 2671 3424 2731 Eri-

1826 2770 1944 2842 pies
1986 2784 2075 2825 me
2114 2769 2182 2825 de
2205 2768 2735 2825 contradictionibus
2775 2768 2958 2841 populi
3006 2765 3216 2839 (Ibid).
3258 2786 3278 2819 ι
3312 2766 3421 2822 Νο-

1824 2876 1951 2919 men
1997 2875 2213 2932 quoque
2266 2860 2418 2917 urbis
2465 2859 2738 2930 congruit,
2788 2857 2929 2919 Geth
2972 2858 3119 2919 cnim
3154 2858 3423 2933 interpre-

1827 2965 1972 3013 tatur
2002 2955 2239 3015 torcular
2269 2972 2288 3011 :
2319 2954 2636 3027 signiﬁcans
2666 2968 2907 3018 crucem,
2946 2952 2999 3009 in
3037 2968 3144 3023 qua
3170 2951 3422 3009 Christus

1826 3050 1955 3109 vitis
2010 3064 2141 3109 vera
2189 3048 2389 3105 calcari
2419 3056 2476 3104 et
2507 3047 2739 3120 exprimi
2769 3047 3021 3118 dignatus
3065 3056 3168 3102 est.
3220 3045 3267 3101 A
3314 3060 3421 3115 qua

1822 3155 2052 3202 cunctus
2088 3144 2334 3217 gentium
2380 3141 2611 3214 populus
2645 3141 2845 3199 merito
2872 3140 3128 3199 Gethams
3154 3141 3418 3212 appellari

1823 3244 2023 3307 potest,
2051 3251 2175 3291 cum
2196 3234 2395 3293 dicitur
2421 3251 2435 3289 :
2470 3253 2490 3289 ι
2523 3232 2655 3290 Mihi
2679 3241 2863 3290 autem
2893 3233 3040 3293 absit
3064 3233 3285 3304 gloriari
3312 3233 3419 3290 nisi
3478 3257 3483 3260 ’

131 3335 260 3383 sunt
304 3324 646 3383 devotionem
692 3323 885 3383 secuti.
914 3322 1199 3380 Abinadab
1225 3321 1395 3388 enim,
1425 3322 1518 3393 qui
1548 3322 1718 3378 inter-
1744 3306 1878 3384 Ci"
1924 3342 2088 3385 ενυοο
2117 3326 2332 3385 nomini
2377 3326 2553 3387 nostri
2592 3324 2724 3383 Iesu
2772 3324 2983 3385 Christi
3026 3322 3353 3398 (Gafat.v1).
3390 3344 3413 3380 ι

123 3425 381 3489 pretatur
402 3426 547 3486 pater
572 3431 718 3474 meus
741 3425 1078 3486 spontaneus,
1104 3414 1189 3470 vel
1215 3414 1488 3472 Abraham
1509 3421 1720 3484 patrem

122 3511 281 3578 fidei.
305 3510 391 3567 vel
417 3509 633 3582 Moysen
656 3508 1019 3581 legislatorem
1044 3505 1317 3580 signiﬁcat
1341 3524 1354 3561 :
1380 3505 1473 3577 qui
1494 3513 1721 3575 uterque

124 3606 187 3662 in
235 3602 424 3661 Gabaa
482 3601 721 3659 custodit
767 3615 950 3657 arcam
992 3617 1005 3654 :
1046 3600 1174 3671 quia
1226 3597 1445 3655 sublimi
1501 3597 1720 3655 virtutis

118 3697 397 3769 exemplo,
434 3695 773 3757 credentium
804 3701 1027 3765 pectora
1058 3692 1249 3748 munit.
1278 3689 1431 3749 Unde
1454 3698 1508 3746 et
1534 3688 1719 3749 Gabaa

118 3793 277 3850 collis
306 3792 719 3863 interpretatur,
749 3789 844 3861 qui
882 3796 971 3847 est
1010 3787 1165 3845 locus
1188 3787 1245 3843 in
1275 3786 1496 3844 civitate
1532 3784 1717 3841 Caria-

119 3883 370 3940 tbiarim.
944 3914 966 3933 .

198 3996 219 4031 t
257 3976 411 4035 Elata
439 3988 572 4048 ergo
618 3972 752 4030 foris
778 3988 928 4041 arca,
954 3972 1173 4029 ludebat
1216 3970 1384 4025 David
1432 3977 1490 4027 et
1536 3970 1717 4027 omnis

125 4089 144 4120 ι
186 4068 359 4126 Israel
396 4082 585 4126 coram
634 4066 864 4123 Domino
910 4064 1142 4121 diversis
1176 4063 1505 4119 musicorum
1548 4076 1712 4133 gene-

124 4180 145 4213 ι
185 4159 355 4215 ribus.
393 4176 413 4212 ι
444 4156 581 4226 Quia
624 4171 746 4212 mox
788 4156 1079 4213 inchoante
1109 4168 1261 4208 novae
1293 4153 1483 4224 gratia:
1511 4168 1717 4222 praeco-

114 4252 237 4317 nio,
278 4250 539 4306 Dominus
566 4250 634 4305 ad
662 4245 998 4305 exhibendas
1044 4245 1157 4299 Deo
1204 4243 1570 4313 Patrilaudcs
1614 4243 1715 4298 hu-

114 4344 390 4409 utilitatis,
433 4357 626 4399 omnes
676 4340 893 4406 invitat,
942 4338 1131 4395 dicens
1166 4356 1178 4391 :
1214 4357 1232 4389 ι
1272 4336 1374 4405 Qui
1420 4336 1553 4392 mihi
1606 4337 1710 4393 mi-

112 4438 345 4502 nistrat,
373 4450 461 4493 me
511 4442 768 4511 sequatur
793 4431 976 4500 (Joan.
1008 4429 1131 4500 ιιι).
1166 4450 1184 4482 ι
1219 4446 1239 4483 ι
1273 4428 1379 4485 Alii
1405 4443 1712 4485 sermonem

111 4530 369 4588 scientia:
408 4547 422 4584 :
456 4528 547 4585 alii
582 4527 761 4583 dando
809 4541 908 4596 per
956 4524 1205 4594 spiritum
1260 4537 1568 4581 sermonem
1617 4538 1711 4581 sa-

111 4624 339 4697 pientiae
372 4641 385 4679 :
413 4621 506 4678 alii
534 4636 733 4692 genera
779 4619 1086 4690 linguarum
1122 4635 1134 4671 :
1165 4616 1257 4672 alii
1295 4616 1531 4687 gratiam
1556 4630 1711 4670 cura-

115 4716 329 4772 tienum
359 4711 424 4786 (1
456 4709 579 4768 Cor.
605 4711 736 4782 xu),
773 4728 793 4762 ι
827 4718 932 4766 etc.
965 4706 1071 4765 Sed
1099 4707 1185 4764 his
1211 4714 1375 4778 atque
1401 4705 1709 4778 hujusmodi

110 4803 510 4861 charismatum
550 4800 866 4873 generibus,
910 4797 1291 4871 progrediente
1333 4813 1483 4864 arca,
1514 4798 1566 4853 id
1600 4806 1706 4866 est,

108 4905 403 4957 crescente
428 4895 669 4957 Ecclesia
700 4893 994 4966 primitiva,
1041 4900 1262 4949 ventum
1290 4902 1376 4948 est
1420 4891 1487 4947 ad
1520 4905 1705 4947 aream

110 4988 369 5055 Nachon,
401 4987 452 5043 id
486 4995 590 5055 cst,
623 5001 808 5041 aream
851 4992 1234 5057 praeparatam,
1278 4981 1518 5053 gentium
1558 4981 1709 5037 vide-

108 5082 246 5141 licet
278 5078 578 5136 Ecclesiam
607 5077 729 5134 ﬁdei
761 5076 988 5132 veritate
1018 5073 1461 5131 consecrandam.
1495 5074 1570 5130 De
1599 5089 1705 5144 qua

103 5172 355 5229 Joannes
392 5172 468 5226 ait
509 5188 522 5226 :
550 5190 571 5223 ι
601 5169 667 5225 Et
688 5167 1055 5240 permundabit
1085 5182 1265 5221 aream
1296 5182 1446 5223 suam
1482 5165 1695 5238 (Matth.

106 5264 220 5337 in).
260 5284 279 5317 ι
313 5260 714 5319 Ubi-sacerdos
745 5258 837 5330 qui
867 5272 1051 5315 arcam
1088 5255 1361 5312 incautius
1398 5256 1555 5326 quasi
1586 5273 1706 5312 cor-

104 5354 341 5427 rigendo
378 5353 575 5425 tetigit,
604 5368 730 5408 mox
757 5366 790 5406 a
818 5348 1049 5409 Domino
1086 5362 1381 5420 percussus
1407 5349 1661 5405 occubuit
1689 5369 1700 5405 :

100 5449 238 5521 quia
266 5445 576 5504 Judmorum
596 5444 824 5518 populus
846 5446 972 5500 dum
997 5443 1246 5515 gentibus
1267 5442 1490 5508 invidet,
1513 5442 1705 5501 salutis

97 5558 163 5601 εξ
246 5556 476 5601 munere
537 5540 714 5611 privat
755 5556 769 5594 :
810 5539 938 5599 dum
1006 5537 1182 5611 legem
1250 5536 1367 5593 vult
1414 5534 1705 5609 Evangelia

102 5632 352 5698 misceri,
384 5633 668 5705 utriusque
686 5630 793 5691 sibi
814 5630 1046 5705 gratiam
1078 5628 1233 5685 tollit.

181 5749 200 5781 ι
238 5727 311 5787 Ει
340 5728 536 5797 tenuit,
568 5727 767 5802 inquit,
796 5741 995 5789 arcam,
1046 5724 1303 5798 quoniam
1350 5722 1703 5781 calcitrahaut

104 5845 120 5873 ι
160 5821 356 5879 boves.
386 5840 405 5873 ι
431 5820 604 5878 Boves
657 5819 855 5897 quippe
882 5817 1169 5877 calcitrare
1202 5825 1289 5877 est
1316 5815 1699 5891 praedicatores

96 5910 390 5980 Evangelii
425 5910 648 5969 liberius
691 5910 835 5969 circa
864 5910 1023 5965 ﬁdem
1066 5924 1248 5982 agere,
1292 5922 1467 5979 neque
1507 5922 1699 5966 secun-

1823 3420 1959 3479 Tres
1983 3428 2169 3477 autem
2212 3433 2429 3477 menses
2453 3418 2655 3490 quibus
2683 3418 2884 3477 ibidem
2915 3433 3046 3475 arca
3078 3419 3414 3488 demoratur,

1820 3513 1979 3583 ﬁdes,
2009 3528 2158 3586 spes,
2185 3521 2244 3570 et
2269 3513 2512 3573 cbaritas
2532 3520 2637 3569 est.
2670 3511 2825 3568 Sicut
2854 3511 3000 3568 enim
3025 3510 3216 3568 diebus
3244 3512 3417 3569 adim-

1818 3608 1998 3679 pletur
2043 3607 2278 3674 mensis,
2333 3606 2404 3662 ita
2459 3605 2691 3678 singulae
2740 3605 2975 3662 virtutes
3023 3603 3137 3663 suis
3189 3618 3417 3675 quaeque

1816 3698 2068 3769 passibus
2142 3698 2210 3753 ad
2273 3695 2667 3768 perfectionem
2749 3695 3074 3766 perveniunt
3128 3712 3141 3749 :
3200 3708 3415 3751 menses

1816 3803 2103 3860 quousque
2168 3788 2446 3860 plenitudo
2499 3787 2742 3860 gentium
2792 3787 2991 3853 intret,
3044 3800 3265 3843 currere
3303 3800 3413 3841 non

1819 3890 2055 3939 cessant.
2090 3879 2330 3937 Tandem
2378 3880 2596 3936 rediens
2626 3879 2794 3934 David
2837 3893 3020 3935 arcam
3049 3878 3102 3934 in
3133 3878 3411 3935 civitatem

1819 3972 2050 4038 inducit,
2074 3971 2203 4043 quia
2226 3970 2510 4036 Dominus,
2531 3969 2720 4026 Enoch
2747 3980 2805 4026 et
2826 3968 2941 4025 Elia
2969 3968 3408 4040 prtedicantibus,’

1817 4072 2099 4121 convertet
2135 4061 2301 4119 corda
2342 4071 2558 4134 patrum
2590 4062 2645 4116 in
2689 4060 2852 4127 ﬁlios,
2888 4062 3054 4116 boves
3104 4066 3159 4115 et
3208 4059 3411 4117 arietes

1817 4153 2125 4221 immolans,
2160 4155 2263 4210 hoc
2291 4162 2399 4220 est,
2430 4168 2527 4209 eos
2554 4153 2645 4225 qui
2669 4168 2851 4209 aream
2890 4153 3103 4209 Domini
3132 4153 3405 4221 triturant,

1816 4255 1873 4303 et
1895 4247 2078 4305 ovium
2133 4246 2251 4319 ejus
2296 4244 2551 4302 ducatum
2590 4255 2802 4317 gerunt,
2856 4246 3100 4318 martyrii
3146 4246 3409 4317 sanguine

1815 4356 2104 4409 coronans,
2131 4349 2186 4396 et
2208 4341 2324 4414 ipse
2363 4354 2579 4412 quoque
2600 4355 2713 4397 sua:
2753 4340 3144 4397 incarnationis
3186 4349 3239 4397 et
3276 4356 3405 4413 pas-

1815 4431 1984 4489 sionis
2010 4430 2317 4504 exemplum
2343 4447 2411 4489 eo
2445 4447 2616 4503 usque
2641 4431 2843 4488 Judacis
2868 4447 2975 4488 non
2997 4432 3284 4501 creditum,
3311 4450 3408 4506 pa-

1814 4531 1921 4587 lam
1964 4529 2353 4586 manifestans:
2394 4531 2500 4586 hoc
2526 4530 2672 4586 enim
2724 4529 2996 4602 signiﬁcat
3036 4532 3178 4602 quod
3206 4540 3263 4587 et
3290 4532 3407 4604 ipse

1814 4620 1985 4677 David
2011 4621 2290 4677 accinctus
2317 4630 2436 4677 erat
2464 4621 2639 4692 ephod
2674 4621 2837 4679 lineo.
2874 4621 3009 4679 Nam
3042 4623 3232 4691 linum,
3260 4628 3405 4696 quod

1817 4716 1884 4769 de
1931 4722 2076 4769 terra
2126 4723 2497 4785 procreatum,
2536 4713 2819 4788 multiplici
2865 4715 3050 4773 labore
3090 4717 3161 4772 ad
3198 4719 3402 4774 cando-

1818 4823 1932 4864 rem
1959 4806 2131 4863 vestis
2162 4806 2431 4877 pervenit,
2462 4808 2748 4867 veritatem
2778 4809 3032 4867 bumanze
3057 4810 3237 4865 carnis
3263 4810 3404 4864 inter

1813 4896 2021 4971 flagella
2082 4897 2468 4969 triumphantis
2508 4899 2766 4957 ostendit.
2800 4899 3001 4963 Verum
3052 4902 3266 4959 cunctis
3305 4916 3402 4957 ex-

1814 4989 2141 5084 sultan'tibus
2181 4999 2240 5049 et
2289 4991 2356 5047 ad
2393 5006 2576 5048 arcem
2606 4991 2846 5050 cmlestis
2874 4993 3129 5051 introitus
3170 4994 3401 5065 hymnos

1814 5079 2195 5138 resonantibus
2243 5081 2357 5138 sola
2401 5080 2599 5139 Michol
2628 5082 2736 5139 ﬁlia
2778 5083 2908 5140 Sani
2955 5083 3024 5140 ad
3067 5097 3251 5139 arcam
3288 5084 3399 5140 du-

1808 5174 2059 5233 centibus
2096 5175 2270 5241 abest,
2301 5175 2598 5247 quinetiam
2645 5175 2971 5249 spectaculis
3001 5174 3169 5231 David
3222 5175 3400 5230 humi-

1805 5267 1996 5323 liatum
2046 5268 2321 5340 despicit:
2356 5270 2484 5342 quia
2533 5270 2880 5329 credentibus
2936 5269 2990 5325 in
3045 5267 3230 5323 mundi
3290 5268 3398 5327 ﬁne

1807 5355 2029 5425 Iudaeis,
2081 5366 2246 5415 erunt
2295 5358 2541 5415 nonnulli
2592 5360 2683 5430 qui
2712 5359 2990 5417 Christum
3035 5366 3242 5414 tantum
3271 5375 3399 5431 pro-

1809 5447 2069 5515 fessione,
2100 5448 2195 5505 sed
2227 5464 2392 5521 opere
2419 5461 2718 5522 sequentur
2748 5449 3167 5516 Antichristum,
3201 5450 3396 5521 quibus

1810 5539 2004 5596 merito
2052 5540 2322 5611 congruit,
2367 5541 2511 5611 quod
2540 5540 2729 5597 eadem
2777 5540 2976 5597 Michol
3014 5555 3135 5613 qua:
3162 5541 3232 5597 oh
3263 5542 3398 5616 ﬁgu-

1811 5632 2030 5689 randam
2070 5632 2481 5691 instabilitatcm
2528 5630 2885 5691 carnaliuma
2910 5647 3015 5704 qua
3063 5635 3242 5693 Omnis
3291 5636 3393 5691 viri

1806 5725 2068 5799 iniquitas
2108 5727 2371 5798 procedit,
2417 5735 2614 5799 praeter
2641 5742 2844 5785 morem
2898 5742 3006 5784 non
3038 5744 3177 5785 uxor
3199 5728 3389 5793 David,

1805 5819 1899 5877 sed
1927 5818 2035 5875 ﬁlia
2066 5816 2196 5876 Sani
2221 5818 2558 5891 appellatur:
2588 5820 2714 5893 quia
2749 5821 2841 5894 qui
2881 5817 3099 5881 Christo
3128 5819 3394 5894 ﬁdetcnus

1809 5918 2015 5967 tantum
2072 5911 2332 5976 serviunt,
2386 5927 2491 5968 non
2537 5892 2680 5972 illius
2726 5892 2895 5985 regno
2943 5911 3261 5979 coronandi,
3294 5892 3392 5965 sed
