3970 6332
621 368 718 426 551

1671 355 2032 414 ANGELOMI
2072 353 2543 413 LUXOVIENSIS
2583 353 2894 428 MONACHI

2225 353 2543 413 ovmnsrs
2583 353 2894 428 MONACHI
3728 372 3789 427 33;

627 487 1038 553 persecutorum
1085 474 1220 545 ejus,
1255 488 1391 545 quos
1437 473 1636 528 imitati
1675 481 1821 536 sunt,
1871 469 2220 524 anathemate
2247 470 2299 532 Α
2324 469 2499 539 piunt,
2537 470 2647 540 ipsa
2689 469 2986 524 viventium
3015 477 3160 524 sorte
3189 470 3549 540 reprobantur.
3577 477 3789 550 Aliquando

627 569 938 628 damnandi.
971 566 1175 632 Verum
1210 566 1336 621 licet
1374 565 1528 635 pravi
1575 569 1954 627 succenseant,
2001 560 2222 615 humili-

628 670 797 718 tatem
845 657 1105 714 Ecclesia:
1149 663 1522 720 contemnant,
1553 653 1906 709 nihilominus
1951 667 2078 708 arca
2117 651 2221 707 Do-

628 752 763 810 mini
791 768 950 809 suum
997 751 1179 807 locum
1227 748 1564 819 ingreditur:
1599 746 1821 817 ponitur
1847 745 1902 801 in
1931 745 2112 800 medio
2140 753 2221 799 ta~

629 847 933 913 bernaculi,
983 845 1128 917 quod
1177 839 1480 900 tetenderat
1505 841 1557 896 ei
1587 841 1784 910 David,
1839 842 1894 898 id
1935 851 2036 908 est,
2086 841 2222 898 ﬁdes

628 939 886 994 Ecclesia:
953 935 1304 1008 prwdicatur,
1352 930 1599 1003 proﬁcit,
1651 932 1910 988 inseritur
1966 933 2223 990 cordibus

630 1031 872 1086 omnium
931 1043 1067 1098 quos
1115 1025 1374 1081 Dominus
1419 1024 1488 1079 ad
1533 1024 1705 1080 vitam
1758 1025 2223 1096 prmordinaverat

631 1130 912 1180 aeternam.
943 1119 1114 1176 Offert
1138 1116 1310 1172 David
1335 1115 1654 1173 holocausta
1690 1125 1745 1174 et
1771 1117 1997 1188 paciﬁca
2038 1133 2221 1174 coram

630 1214 890 1277 Domino,
941 1219 996 1266 et
1042 1209 1204 1265 ﬁdem
1252 1208 1705 1279 devotionemque
1757 1208 2015 1264 Ecclesiae
2069 1223 2219 1264 com-

632 1305 855 1362 mendat
887 1302 1034 1358 Patri
1061 1299 1334 1366 Christus,
1366 1299 1460 1370 qui
1483 1309 1568 1355 est
1592 1299 1659 1354 ad
1682 1299 1962 1354 dexteram
1987 1298 2108 1364 Dei,
2129 1298 2221 1368 qui

629 1399 793 1456 etiam
824 1393 1134 1466 interpellat
1155 1409 1256 1464 pro
1279 1393 1456 1449 nobis.
1487 1391 1590 1460 Qui
1617 1393 1670 1447 in
1698 1390 2002 1460 exemplum
2027 1389 2220 1455 David,

628 1491 816 1547 ﬁdeles
871 1488 1215 1558 humilesque
1261 1485 1622 1551 benedicens,
1670 1483 1924 1540 salutaris
1975 1482 2220 1554 mysterii

626 1585 803 1656 pascit
834 1581 1127 1638 alimentis.

703 1697 722 1728 ι
757 1676 1002 1732 Partitus
1030 1675 1260 1746 singulis
1289 1672 1609 1746 collyridam
1635 1673 1792 1744 panis
1819 1665 2004 1738 unam,
2033 1691 2052 1723 ι
2077 1671 2221 1727 illius

626 1769 816 1838 utique
844 1769 937 1839 qui
961 1770 1024 1824 de
1051 1767 1190 1823 caelo
1213 1767 1492 1823 descendit
1512 1774 1568 1821 et
1596 1765 1690 1820 dat
1713 1765 1880 1820 vitam
1912 1765 2038 1820 huic
2063 1779 2221 1818 mun—

2321 560 2487 615 etiam
2523 561 2696 617 sancti
2735 561 2841 616 viri
2870 561 3122 632 quaedam
3165 563 3221 617 in
3265 563 3387 620 imis
3410 565 3790 633 descendentede

2321 659 2472 717 cunt,
2495 651 2741 720 quaedam
2761 636 3129 707 vero'summa
3147 653 3558 725 contemplantes
3575 661 3788 730 profer-uni;

2323 741 2559 812 dumque
2592 744 2703 798 vim
2732 743 2819 800 vel
2865 745 3342 802 condescensionis
3369 749 3451 804 vel
3475 749 3718 813 altitudinis
3738 777 3790 815 ne-

2321 833 2520 900 sciunt,
2563 833 2822 890 audacter
2849 835 2965 890 haec
3014 837 3164 892 stulti
3215 837 3612 910 reprehendunt.
3635 845 3687 901 Et
3717 854 3790 920 quid

2322 933 2408 981 est
2449 925 2655 996 iustum
2695 927 2761 982 de
2803 941 2898 982 sua
2927 929 3391 987 condescensione
3433 933 3560 990 velle
3595 941 3789 1011 corrigere,

2321 1020 2426 1076 nisi
2455 1019 2771 1075 inclinatam
2801 1036 2986 1077 arcam
3016 1024 3248 1093 superba
3278 1026 3673 1094 reprehensionis
3694 1048 3788 1090 mut

2322 1110 2606 1166 relevare?
2625 1109 2768 1178 Quid
2795 1121 2882 1168 est
2902 1111 3112 1183 iustum
3138 1115 3204 1170 de
3233 1115 3497 1188 incognita
3530 1119 3791 1182 locutionem

2321 1203 2682 1275 prehendere,
2707 1204 2813 1259 nisi
2839 1214 3044 1260 motum
3067 1205 3185 1275 ejus
3212 1205 3536 1266 fortitudinis
3555 1216 3711 1271 erroris
3726 1217 3790 1289 lap-

2323 1313 2443 1353 sum
2476 1299 2703 1369 putare?
2728 1297 2837 1354 Sed
2883 1300 3063 1370 perdit
3107 1300 3276 1357 vitam
3303 1303 3392 1373 qui
3431 1303 3518 1360 Dei
3546 1308 3706 1363 tumide
3723 1314 3791 1365 sub-

2321 1387 2465 1444 levat
2507 1405 2520 1442 :
2568 1389 2695 1460 quia
2743 1404 3089 1462 nequaquam
3114 1391 3239 1462 quis
3288 1403 3582 1452 sanctorum
3620 1402 3791 1472 corrigere

2321 1494 2503 1536 arcam
2553 1487 2704 1537 recte
2753 1479 2950 1537 factam
2989 1481 3386 1552 praesumeret,
3411 1487 3508 1542 nisi
3537 1489 3594 1545 de
3633 1507 3676 1546 se
3708 1496 3791 1562 prius

2320 1575 2544 1631 meliora
2583 1575 2867 1630 sensisset.
2898 1576 3053 1632 Unde
3099 1588 3154 1633 et
3179 1578 3397 1636 Levites
3437 1580 3568 1639 idem
3604 1588 3790 1643 recteOn

2321 1665 2536 1729 dicitur,
2587 1667 2731 1736 quod
2759 1666 3011 1722 videlicet
3054 1670 3298 1724 robustus
3340 1670 3542 1728 Domini
3579 1673 3790 1747 interpreta-

2321 1766 2448 1814 tur:
2479 1761 2606 1830 quia
2654 1770 3076 1833 praesnmptores
3121 1764 3328 1834 quique
3376 1767 3554 1823 audaci
3594 1779 3725 1824 mente
3749 1789 3791 1826 re

627 1859 698 1916 do
723 1836 744 1912 ξ
773 1859 839 1914 Ει
861 1836 1168 1914 assaturam
1193 1857 1407 1913 bubulae
1431 1857 1613 1912 carnis
1633 1871 1817 1922 unam,
1843 1854 1989 1910 illius
2011 1854 2221 1911 scilicet
2247 1836 2297 1898 Β
2323 1853 2512 1909 bustos
2549 1868 2608 1908 se
2654 1853 2708 1908 in
2738 1854 2969 1910 Domino
3015 1855 3320 1922 crederent,
3364 1873 3664 1931 nequaquam
3685 1862 3792 1917 melis

627 1951 783 2006 vituli
836 1951 1090 2020 saginati,
1126 1950 1219 2019 qui
1262 1965 1363 2020 pro
1389 1957 1707 2006 revertente
1754 1949 1823 2004 ad
1864 1955 2078 2018 patrem
2104 1947 2219 2003 ﬁlio

627 2042 842 2114 iuniore
874 2052 1146 2099 mactatus
1173 2051 1229 2099 et
1278 2043 1401 2115 igne
1444 2042 1716 2112 passionis
1753 2049 1967 2098 assatus
2001 2051 2106 2108 est,
2140 2041 2221 2098 di-

631 2151 763 2192 cens
792 2155 805 2190 :
843 2153 861 2187 (
890 2135 1124 2190 Exaruit
1147 2135 1290 2189 velut
1313 2142 1454 2190 testa
1481 2135 1653 2189 virtus
1679 2149 1800 2188 mea
1831 2131 2006 2205 (Psal.
2035 2133 2169 2204 xxr).
2196 2151 2215 2184 ι

636 2245 656 2278 ι
695 2226 763 2281 Et
789 2226 1025 2283 similam
1055 2224 1253 2282 frixam
1285 2225 1426 2292 oleo,
1457 2245 1475 2278 ι
1507 2241 1727 2281 carnem
1755 2225 2006 2281 videlicet
2037 2241 2068 2280 a
2089 2240 2220 2296 pec-

632 2320 742 2376 cati
770 2319 890 2375 labe
919 2319 1354 2386 mundissimam,
1378 2319 1474 2374 sed
1502 2319 1573 2374 ob
1595 2318 2064 2374 humanrcsalutis
2093 2333 2222 2373 cau-

632 2424 749 2466 sam
780 2409 1112 2465 uberrimam
1136 2408 1589 2466 delectationibus
1617 2409 1800 2464 crucis
1827 2409 2107 2479 sartagine
2131 2423 2223 2465 co-

631 2508 797 2556 ctam.
845 2500 913 2554 Et
967 2500 1164 2555 merito
1210 2515 1321 2555 una
1361 2500 1521 2570 panis
1566 2499 1852 2571 collyrida,
1897 2514 2002 2554 una
2039 2499 2222 2555 carnis

633 2599 886 2647 assatura
929 2591 1111 2657 datur,
1160 2591 1287 2662 quia
1329 2609 1346 2642 ι
1398 2605 1537 2645 unus
1574 2590 1860 2656 Dominus,
1913 2605 2018 2645 una
2066 2589 2220 2658 ﬁdes,

633 2701 802 2743 unum
853 2686 1144 2756 baptisma,
1190 2699 1328 2740 unus
1372 2684 1635 2741 Dominus
1697 2693 1754 2740 et
1787 2692 1947 2755 pater
1979 2685 2224 2739 omnium

633 2776 854 2850 (Ephes.
883 2777 981 2851 tv).
1016 2796 1035 2829 ι
1079 2776 1254 2832 Aliter
1283 2777 1400 2833 haec
1430 2791 1658 2832 munera
1689 2775 1879 2832 ﬁdeles
1901 2777 2174 2847 accipiunt
2207 2793 2220 2829 :

631 2871 890 2943 quoniam
931 2887 1076 2928 unus
1107 2871 1264 2942 panis
1312 2879 1367 2926 et
1412 2888 1578 2927 unum
1607 2887 1806 2942 corpus
1845 2871 2000 2927 inulti
2038 2887 2225 2927 sumus

633 2961 690 3016 in
719 2959 961 3029 Christo,
993 2979 1106 3018 sua:
1129 2963 1313 3019 carnis
1335 2962 1532 3036 singuli
1567 2963 1846 3019 lasciviam
1872 2963 2236 3034 castigantes,’

636 3067 702 3108 ac
738 3054 988 3108 servituti
1019 3053 1404 3124 subiicientes,
1433 3055 1610 3111 sancti
1646 3053 1883 3126 Spiritus
1911 3055 2035 3126 igne
2063 3054 2219 3110 decc:

635 3156 828 3217 quunt,
857 3161 960 3202 nec
990 3161 1100 3202 non
1143 3155 1201 3202 et
1245 3145 1455 3202 fructus
1499 3161 1725 3217 cperum
1773 3149 2065 3213 bonorum,
2103 3147 2226 3203 oleo

636 3239 1027 3294 misericordia:
1089 3241 1506 3312 pinguissimos,
1553 3241 1930 3311 compassione
1991 3240 2224 3310 proximi
2254 3214 2301 3280 ο

638 3330 854 3386 fervere
887 3331 1118 3388 faciunt.
1145 3333 1219 3388 At
1245 3340 1434 3388 contra
1459 3331 1570 3388 ﬁlia
1600 3329 1750 3399 Saul,
1779 3330 1984 3386 frustra
2006 3331 2228 3386 cubicu-

638 3423 748 3480 lum
782 3426 924 3494 regis
953 3426 1226 3497 ingressa,
1266 3424 1444 3480 nullos
1471 3425 1722 3496 concepti
1758 3424 1984 3480 seminis
2022 3421 2230 3479 fructus

638 3518 731 3571 dat
759 3531 774 3572 :
807 3517 934 3588 quia
961 3519 1186 3574 verbum
1214 3516 1312 3573 Dei
1345 3525 1640 3573 auretenus
1670 3524 1880 3574 tantum
1900 3516 2226 3588 percipiunt,

638 3610 842 3682 absque
869 3612 999 3668 boni
1037 3611 1218 3682 operis
1239 3610 1410 3682 prole,
1441 3611 1586 3667 diem
1610 3618 1890 3682 perpetuae
1917 3611 2112 3668 mortis
2131 3625 2228 3667 cx—

637 3714 906 3775 spectant.
935 3703 1205 3760 Caeterum
1229 3705 1423 3760 beatus
1463 3719 1603 3775 papa
1630 3703 1949 3775 Gregorius,
1993 3705 2120 3759 dum
2165 3706 2231 3761 de

637 3797 866 3852 audacia
899 3796 1241 3852 subditorum
1286 3805 1476 3852 contra
1512 3803 1757 3852 rectores
1799 3811 1928 3851 suos
1966 3803 2233 3852 tractaret

637 3889 944 3956 moraliter,
972 3889 1047 3944 ita
1079 3888 1320 3960 loquitur
1347 3907 1361 3945 :
1392 3889 1566 3962 Smpe,
1610 3889 1808 3960 inquit,
1837 3889 1965 3960 quia
2001 3889 2231 3962 intelligi

636 3994 745 4034 non
805 3979 1028 4047 volent,
1074 3981 1436 4040 deterioribus
1493 3982 1783 4053 displicent
1825 3983 1909 4038 vel
1961 3983 2102 4040 facta
2147 3985 2232 4039 vel

639 4073 782 4127 dicta
820 4073 1128 4140 meliorum,
1176 4077 1268 4131 sed
1309 4075 1375 4130 ab
1417 4075 1498 4131 eis
1525 4090 1633 4131 non
1687 4084 1893 4133 temere
1934 4078 2234 4148 reprehen-

640 4165 813 4220 denda
841 4173 986 4232 sunt,
1013 4167 1138 4237 quia
1166 4167 1572 4239 apprehendere
1591 4169 1864 4225 veraciter
1887 4185 2232 4239 nequaquam

636 4266 882 4330 possunt.
909 4257 1090 4330 'Stepe
1139 4260 1342 4331 aliquid
1389 4277 1419 4316 a
1477 4260 1771 4331 majoribus
1816 4261 2236 4317 dissimulatorie

639 4352 838 4422 agitur,
870 4351 1015 4422 quod
1037 4366 1067 4406 a
1094 4352 1398 4409 minoribus
1425 4353 1585 4409 errol'
1607 4363 1862 4424 putatur;
1889 4370 2034 4426 saepe
2060 4354 2235 4412 multa

638 4462 669 4500 a
704 4446 934 4500 fortibus
973 4445 1245 4511 dicuntur,
1285 4461 1406 4517 qua:
1457 4446 1660 4502 idcirco
1687 4447 1887 4502 inﬁrmi
1914 4447 2234 4518 diiudicant,

639 4537 765 4607 quia
813 4537 1084 4607 ignorant.
1115 4536 1270 4604 Quod
1318 4537 1456 4593 bene
1509 4537 1682 4592 bobus
1711 4537 2235 4594 calcitrantibusin-

639 4629 838 4685 clinata
888 4629 976 4684 illa
1006 4629 1318 4685 testamenti
1345 4644 1472 4684 arca
1523 4629 1774 4697 signavit,
1807 4645 2116 4699 quanquam
2146 4645 2236 4685 ca-

639 4737 825 4778 snrarn
853 4721 1101 4785 credens,
1150 4719 1366 4776 Levites
1393 4721 1602 4791 erigere
1625 4720 1816 4786 voluit,
1859 4736 1983 4776 mox
2018 4730 2234 4778 senten-

638 4813 772 4869 tiam
800 4814 992 4869 mortis
1034 4813 1266 4884 accepit.
1294 4805 1440 4882 Quid
1480 4823 1566 4870 est
1604 4829 1838 4885 namque
1882 4830 2036 4872 mens
2073 4816 2231 4887 justi,

637 4903 744 4960 nisi
780 4919 907 4959 arca
939 4905 1294 4960 testamenti?
1323 4904 1454 4973 Quae
1485 4913 1697 4976 gestata
1735 4905 1909 4962 bobus
1938 4905 2233 4961 calcitran-

641 4996 786 5052 tibus
822 4996 1134 5063 inclinatur,
1167 4997 1294 5067 quia
1339 5012 1726 5068 nonnunquam
1765 4997 1930 5052 etiam
1975 4997 2067 5067 qui
2095 4999 2233 5054 bene

639 5095 876 5158 prmest,
941 5089 1070 5144 dum
1121 5085 1494 5158 subjectorum
1542 5088 1865 5160 populorum
1916 5088 2235 5145 confusione

642 5181 954 5236 concutitur
995 5181 1065 5236 ad
1116 5181 1535 5253 dispensationis
1582 5183 2122 5250 eondescensionem,
2168 5199 2236 5240 ex

643 5271 758 5326 sola
795 5273 1081 5329 dilectione
1135 5281 1499 5344 permovetur.
1547 5272 1652 5328 Sed
1698 5275 1801 5330 hoc
1844 5274 1989 5345 quod
2021 5273 2238 5346 dispen-

643 5365 844 5420 satorie
873 5365 1068 5436 agitur,
1113 5365 1395 5422 inclinatio
1427 5365 1542 5436 ipse
1576 5364 1928 5432 fortitudinis,
1962 5381 2122 5423 casus
2141 5383 2241 5438 pu-

647 5465 792 5511 tatur
815 5457 1096 5529 imperitis.
1123 5457 1280 5515 Unde
1300 5466 1353 5514 et
1373 5457 1618 5514 nonnulli
1649 5460 1850 5516 subditi
1877 5470 2072 5519 contra
2095 5462 2239 5518 hanc

646 5563 866 5603 manum
896 5549 1332 5620 reprehensionis
1360 5551 1605 5619 mittunt,
1641 5551 1736 5609 sed
1771 5568 1803 5608 a
1837 5553 1945 5609 vita
1989 5553 2241 5624 protinus

647 5641 765 5712 ipsa
791 5657 889 5696 sua
915 5645 1226 5702 temeritate
1247 5645 1528 5703 deﬁciunt.
1561 5647 1778 5703 Levites
1803 5662 1934 5719 ergo
1949 5647 2118 5719 .quasi
2145 5647 2240 5703 ad-

639 5733 840 5809 iuvans
869 5753 1088 5794 manum
1110 5742 1370 5807 extendit,
1420 5742 1517 5798 sed
1559 5741 1881 5812 delinquens
1909 5743 2078 5797 vitam
2112 5757 2240 5813 per-

645 5829 805 5901 didit,
837 5833 965 5904 quia
993 5835 1121 5889 dum
1162 5835 1363 5891 inﬁrmi
1391 5837 1594 5905 quique
1622 5835 1845 5893 fortium
1894 5835 2039 5892 facta
2068 5838 2234 5893 corri-

2323 1962 2445 2002 rurn
2474 1946 2617 2002 facta
2648 1945 2732 2001 vel
2759 1947 2926 2014 dicta,
2961 1947 3105 2004 velut
3138 1948 3357 2004 inﬁrma
3393 1949 3680 2018 iudicarent.
3702 1974 3713 2005 ι
3734 1954 3791 2008 Ila-

2321 2037 2519 2094 bitavit
2547 2052 2672 2093 arca
2699 2036 2915 2093 Domini
2951 2038 3008 2093 in
3053 2039 3215 2094 domo
3243 2039 3545 2096 Obededom
3569 2040 3791 2099 Gethaitri-

2321 2129 2424 2184 bus
2455 2128 2734 2185 mensibus
2776 2138 2831 2184 et
2871 2129 3156 2186 benedixit
3203 2131 3464 2187 Dominus
3504 2131 3742 2190 Obededom
3767 2145 3794 2188 et

2322 2230 2378 2278 et
2411 2237 2627 2277 omnem
2657 2221 2874 2277 domum
2907 2220 3046 2290 eius.
3084 2242 3102 2274 ι
3155 2221 3469 2279 Obededom
3497 2222 3700 2280 Gethteus
3731 2223 3793 2279 ideo

2323 2323 2554 2371 vocatur
2579 2356 2594 2381 ,
2636 2330 2701 2370 eo
2740 2315 2883 2386 quod
2929 2315 2987 2370 in
3034 2314 3158 2371 Jeth
3185 2325 3368 2386 .pater
3404 2317 3515 2388 eius
3555 2317 3789 2372 habitaverit

2325 2409 2479 2479 Quod
2510 2423 2642 2465 vero
2694 2409 3040 2480 subiungitur
3069 2427 3082 2464 :
3125 2429 3142 2462 t
3179 2409 3462 2466 Benedixit
3498 2425 3606 2482 eum
3633 2409 3792 2464 Dominus

2325 2509 2380 2556 et
2405 2515 2622 2555 omnem
2671 2499 2892 2554 domum
2934 2498 3074 2567 eius,
3112 2518 3132 2552 ι
3170 2500 3252 2555 sic
3297 2499 3530 2555 nonnulli
3554 2499 3722 2570 intelligi
3746 2514 3792 2552 re

2326 2591 2464 2656 lunt,
2493 2604 2559 2646 eo
2601 2589 2744 2660 quod
2788 2603 2982 2646 omnes
3028 2604 3232 2646 uxores
3266 2588 3383 2658 eius
3410 2597 3464 2645 et
3491 2590 3744 2654 concubina,
3767 2598 3793 2641 et

2327 2699 2522 2749 nurus,
2569 2689 2625 2736 et
2661 2681 2890 2748 ancillae,
2918 2683 3193 2740 masculos
3238 2685 3538 2756 pepererint
3575 2683 3698 2748 ﬁlios,
3725 2697 3790 2736 nec-

2327 2789 2438 2830 non
2469 2782 2524 2829 et
2551 2788 2750 2846 pecora
2786 2785 2843 2830 et
2871 2775 3257 2846 quadrupedes
3293 2775 3529 2848 geminos
3547 2775 3590 2831 ei
3630 2773 3794 2828 ediderint

2328 2867 2492 2924 fetus.
2531 2869 2737 2924 Deinde
2776 2870 3023 2940 sequitur
3060 2871 3299 2942 qualiter
3328 2871 3492 2928 David
3527 2879 3576 2926 et
3606 2869 3794 2926 omnisdo-

2328 2978 2450 3018 mus
2474 2962 2641 3018 Israel
2660 2963 2718 3018 in
2745 2962 3089 3020 Hierusalem
3112 2966 3453 3021 reduxerunt
3478 2979 3635 3020 arcam
3655 2959 3792 3017 Domini.

2329 3054 2573 3125 Cumque
2611 3055 2701 3111 ille
2730 3057 2984 3112 saltasset
3008 3071 3192 3113 coram
3237 3074 3363 3115 arca
3392 3058 3606 3122 Domini,
3626 3065 3669 3111 et
3687 3051 3793 3107 illiciti

2333 3148 2444 3203 ﬁlia
2499 3147 2630 3203 Saul
2682 3148 3022 3218 despexisset
3052 3165 3201 3216 eum,
3258 3161 3313 3207 et
3353 3151 3563 3220 reliqua.
3591 3147 3713 3203 David
3731 3159 3794 3197 cum

2331 3258 2512 3298 arcam
2541 3231 2756 3297 Domini
2783 3242 2834 3296 in
2878 3242 3216 3298 Hierusalem
3250 3242 3574 3307 transferret,
3595 3249 3714 3309 atque
3729 3245 3794 3288 ante

2331 3351 2452 3392 eam
2480 3334 2711 3402 luderet,
2743 3350 2774 3390 a
2804 3334 3002 3390 Michol
3046 3335 3157 3391 ﬁlia
3191 3335 3350 3402 Saul,
3389 3349 3547 3390 uxore
3571 3347 3670 3396 sua,
3694 3324 3793 3382 hostili

2332 3427 2584 3483 irrisione
2639 3428 3007 3482 subsannatus
3050 3435 3164 3493 est;
3223 3427 3305 3483 sic
3351 3425 3592 3481 nimirum
3631 3419 3790 3476 Dominus

2331 3519 2488 3577 Iesus
2517 3520 2790 3588 Christus,
2821 3537 2946 3578 cum
2973 3521 3387 3578 Testamentum
3416 3519 3506 3578 Dei
3533 3519 3582 3575 in
3608 3513 3792 3572 Ecclesian

2333 3627 2488 3667 suam
2521 3612 2818 3668 transferre
2866 3611 3053 3678 voluit,
3105 3613 3211 3668 hoc
3243 3621 3346 3679 est,
3383 3627 3448 3667 ex
3499 3608 3650 3666 Veteri
3689 3601 3792 3657 Tesw

2334 3715 2520 3761 mento
2541 3705 2850 3777 evangelica
2876 3715 3170 3777 praecepta,
3195 3705 3350 3761 velut
3370 3705 3460 3778 qui
3479 3717 3600 3761 nova
3622 3695 3793 3754 conderet

2334 3814 2365 3853 a
2393 3798 2552 3868 plebe
2597 3797 2823 3854 Iudaica
2865 3799 3318 3868 comprehensus,
3361 3807 3517 3870 atque
3552 3796 3598 3850 in
3627 3799 3793 3848 crncesr

2336 3904 2587 3961 spensus,
2632 3889 2922 3946 ludibrium
2968 3892 3050 3947 eis
3094 3889 3284 3948 fuerit.
3337 3889 3394 3946 In
3424 3905 3522 3962 qua
3562 3897 3687 3942 cruce
3717 3875 3794 3932 νειθι

2336 3981 2513 4036 nudus
2539 3981 2619 4036 eis
2649 3983 2920 4052 apparuit,
2955 3983 3085 4038 dum
3126 3983 3426 4054 potentiam
3471 3972 3710 4036 divinitatis
3736 3978 3792 4022 sn:

2335 4073 2443 4129 illis
2471 4074 2829 4140 abscondens,
2859 4075 3232 4132 inﬁrmitatem
3277 4085 3480 4131 tantum
3522 4069 3670 4129 carnis
3689 4071 3791 4120 osten-

2336 4163 2435 4219 dit.
2466 4165 2711 4221 Ancillas
2737 4181 2868 4220 vero
2899 4181 3184 4221 servorum
3211 4167 3384 4222 David
3435 4167 3498 4222 de
3515 4162 3674 4235 quibus
3692 4157 3725 4211 ei
3740 4150 3789 4205 lli-

2339 4253 2460 4309 chol
2486 4255 2848 4326 improperata
2876 4263 2983 4322 est,
3014 4271 3308 4327 personam
3343 4266 3567 4329 gestasse
3591 4255 3788 4308 sanctorum

2337 4363 2447 4403 non
2495 4347 2720 4405 dubium
2767 4358 2870 4405 est.
2922 4349 3001 4406 De
3032 4351 3232 4422 quibus
3280 4367 3438 4408 verus
3465 4345 3627 4411 David,
3660 4343 3728 4398 hoc
3751 4340 3792 4388 εει

2338 4454 2504 4494 manu
2550 4439 2709 4497 fortis
2751 4441 3033 4510 Dominus,
3079 4450 3205 4513 post
3241 4443 3591 4499 ascensionem
3631 4445 3735 4491 suam
3763 4427 3789 4478 in

2340 4530 2524 4598 ccelis,
2555 4547 2655 4602 per
2695 4533 3061 4604 evangelicam
3111 4535 3559 4606 praadieationem,
3585 4542 3663 4601 per
3689 4522 3787 4576 virtu-

2345 4637 2457 4683 tum
2489 4629 2768 4696 miracula,
2803 4640 2860 4686 et
2899 4631 2966 4686 ad
2993 4638 3300 4687 extremum
3340 4646 3432 4704 per
3459 4622 3665 4698 martyrii
3685 4618 3791 4673 triun

2341 4721 2508 4790 pirum
2539 4721 2830 4791 gloriosior
2859 4721 3086 4780 effectus
3127 4733 3212 4781 est
3245 4726 3296 4780 in
3341 4724 3570 4798 gentibus
3591 4713 3714 4773 multo
3727 4719 3789 4762 ωιν

2342 4813 2424 4884 gis
2448 4829 2608 4884 quam
2633 4814 2689 4869 in
2727 4815 2980 4886 passione
3003 4832 3101 4872 sua
3121 4816 3323 4875 Iudaeis
3351 4818 3491 4873 visus
3515 4814 3672 4868 fuerat.

2419 4934 2438 4966 ‹
2477 4913 2674 4970 Micbol
2695 4930 2800 4971 non
2841 4924 2924 4972 est
2950 4927 3113 4974 natus
3142 4919 3336 4974 ﬁlius.»
3369 4914 3549 4974 Micbol
3572 4913 3617 4968 in
3639 4918 3724 4980 typo
3739 4898 3790 4966 5."

2343 5023 2565 5080 "33083:
2583 5009 2786 5065 sterilis
2806 5011 3111 5080 permansit
3138 5029 3153 5068 :
3180 5028 3308 5068 ecce
3333 5007 3610 5082 allegorice.
3631 4998 3790 5058 Deinct‘l'i

2343 5099 2624 5155 moraliter
2679 5100 2880 5156 intueri
2925 5101 3060 5158 libet
3099 5112 3361 5174 quantum
3405 5102 3633 5156 virtutum
3658 5091 3790 5146 mum-7‘

2342 5192 2513 5248 David
2535 5203 2860 5266 perceperat
2891 5214 2904 5251 :
2937 5205 3101 5267 atque
3127 5198 3181 5252 in
3207 5198 3290 5253 his
3315 5196 3547 5254 omnibus
3567 5189 3639 5262 qui
3662 5183 3792 5239 forte!

2343 5283 2648 5340 humilitate
2679 5285 2953 5342 servabat.
2986 5286 3158 5354 Quem
3187 5288 3332 5344 enim
3358 5302 3459 5342 non
3479 5270 3791 5354 extollere”?ra

2343 5372 2562 5428 leonum
2605 5372 2894 5445 frangere,
2943 5351 3195 5432 ursorum
3241 5376 3456 5432 brachia
3497 5351 3792 5445 dissiparet?

2347 5465 2548 5536 spectis
2569 5435 2844 5537 prioribus
2866 5435 3128 5524 fratribus
3156 5467 3314 5539 eligi,
3350 5435 3791 5539 reprobaw’ege’fd

2347 5532 2498 5631 regni
2522 5532 2882 5632 gubernacula
2920 5561 3082 5633 ungi,
3117 5532 3642 5617 timendum'cunctis,
3667 5532 3792 5633 unolt'

2345 5653 2470 5724 pide
2499 5652 2714 5708 Goliath
2752 5662 3032 5722 sternere,
3079 5670 3112 5710 a
3157 5669 3283 5727 rege
3326 5648 3579 5725 proposita
3613 5633 3792 5725 exstinctis

2345 5742 2672 5816 Allophylis,
2710 5760 3000 5802 numerosa
3048 5746 3312 5818 praeputia
3351 5727 3789 5818 reportaremmm‘f'

2346 5804 2482 5892 sum.
2497 5804 2710 5895 tandem
2741 5853 2968 5909 regnum
2993 5804 3272 5912 percipere
3288 5879 3303 5906 ,
3326 5804 3644 5898 cunctumque
3661 5804 3790 5872 Μεθ’
