3970 6332
95 435 206 491 353

1023 423 1279 482 ENARR.
1320 424 1388 480 IN
1427 423 1677 482 LIBROS
1711 423 1983 482 REGUM.
2023 455 2095 466 υ·-
2130 425 2198 482 IN
2233 423 2365 481 LIB.
2406 424 2473 481 II.

3271 429 3376 487 554

96 547 266 602 ticum
307 542 566 616 populum
600 541 717 598 sine
753 539 862 595 ulla
907 541 1338 598 contradictione
1373 539 1688 612 possidere?
1713 541 1764 604 Α
1795 559 1816 592 ‹
1849 539 2018 595 lium?
2047 539 2300 612 Dixitque
2323 539 2539 598 Nathan
2567 543 2636 599 ad
2667 557 2849 617 regem
2878 545 3094 603 :Omne
3127 547 3272 618 quod
3285 557 3380 604 est

93 639 240 695 Ecce
263 649 446 692 tamen
469 650 594 691 cum
634 647 821 689 arcam
853 632 950 688 Dei
987 631 1043 688 in
1071 631 1410 689 Hierusalem
1445 638 1682 696 revocat,

91 729 259 801 quasi
283 727 485 784 oblitus
511 723 796 796 praelatum
842 737 903 779 se
945 739 1097 788 esse,
1135 723 1388 779 omnibus
1422 722 1686 778 admistus

91 821 344 894 pupulis,
375 829 504 875 ante
531 833 717 874 arcam
751 817 1006 873 saltabat.
1055 816 1124 872 Et
1164 817 1291 887 quia
1339 830 1524 872 coram
1558 829 1685 870 arca

91 915 298 970 saltare
325 911 408 984 (ut
437 907 700 979 creditur)
726 908 872 980 vulgi
901 923 1020 964 mos
1056 905 1264 975 fuerat,
1293 921 1390 963 rex
1417 921 1474 962 se
1519 905 1574 960 in
1600 904 1686 960 di-

89 1006 220 1061 vino
248 1002 511 1073 obsequio
543 1016 644 1071 per
689 999 884 1056 saltum
914 1007 1076 1056 rotat.
1127 998 1270 1054 Ecce
1305 1013 1468 1070 quem
1499 995 1684 1052 Domi-

90 1113 197 1151 nus
219 1093 436 1152 cunctis
476 1090 824 1163 singulariter
865 1089 1139 1160 praetulit,
1175 1103 1295 1146 sese
1325 1088 1564 1145 subdidit
1583 1086 1688 1142 Do-

89 1189 277 1254 mino,
319 1196 376 1242 et
417 1184 750 1254 exaequando
801 1182 1073 1250 minimis,
1125 1181 1336 1252 abiecta
1380 1178 1686 1237 exhibendo

88 1279 482 1337 contemnitur.
526 1275 644 1333 Non
686 1283 928 1347 potestas
974 1274 1126 1347 regni
1157 1275 1225 1334 ad
1254 1274 1574 1330 memoriam
1602 1288 1686 1328 re-

86 1373 332 1434 ducitur,
364 1385 467 1426 nec
502 1367 872 1438 subjectorum
915 1367 1087 1423 oculis
1131 1366 1381 1422 saltando
1423 1365 1686 1421 vilescere

86 1465 324 1531 metuit,
357 1479 465 1520 non
509 1478 570 1519 se
601 1463 806 1518 honore
843 1460 1127 1533 praelatum
1156 1461 1368 1518 caeteris
1394 1459 1542 1532 (ante
1569 1459 1686 1530 ejus

86 1572 282 1612 arcam
323 1556 415 1628 qui
462 1555 728 1610 honorem
759 1551 1052 1626 desiderat)
1098 1553 1458 1625 recognoscit.
1486 1552 1682 1608 Coram

87 1650 206 1704 Deo
249 1649 361 1720 egit
385 1647 581 1704 debilia
612 1647 698 1702 vel
739 1654 1019 1711 extrema,
1067 1656 1130 1703 ut
1155 1647 1246 1704 illa
1275 1662 1342 1704 ex
1379 1645 1682 1702 humilitate

82 1740 386 1805 solidaret,
419 1754 540 1809 quae
587 1753 772 1794 coram
833 1738 1142 1794 hominibus
1203 1746 1445 1810 gesserat
1494 1735 1678 1792 fortia.

80 1833 230 1898 Quid
282 1832 350 1887 de
394 1831 510 1902 ejus
553 1829 714 1887 factis
742 1831 810 1886 ab
841 1829 964 1886 aliis
1003 1830 1272 1887 sentiatur
1312 1830 1546 1901 ignoro:
1579 1843 1680 1900 ego

1789 649 1809 684 ε
1845 632 1902 687 in
1950 632 2114 688 corde
2171 642 2291 699 tuo,
2338 633 2477 691 vade
2519 633 2642 704 fac,
2699 636 2831 708 quia
2878 637 3142 695 Dominus
3192 647 3374 695 tecum

1789 739 1810 773 ε
1847 730 1960 789 est,
1997 743 2016 776 ›
2063 735 2170 780 etc.
2201 723 2318 782 IIoc
2355 725 2502 781 enim
2528 726 2744 782 Nathan
2767 743 2836 784 ex
2861 743 2954 798 se,
3001 745 3113 787 non
3147 744 3218 787 ex
3258 746 3378 788 ser-

1785 827 1946 869 mone
1974 813 2188 870 Domini
2232 815 2399 882 dixit;
2450 824 2506 872 et
2533 815 2655 874 ideo
2699 820 2907 876 erravit
2951 819 3020 877 de
3062 835 3226 878 sensu
3273 823 3374 879 suo

1783 919 2119 975 prtesumens
2160 924 2172 962 :
2225 907 2376 978 prius
2413 908 2560 964 enim
2601 910 2771 966 Deum
2800 911 3140 986 interrogare
3165 915 3372 972 debuit.

1785 995 1886 1052 Hic
1927 997 2112 1068 itaque
2140 999 2566 1068 demonstratur,
2596 1005 2743 1071 quod
2780 1003 3004 1074 spiritus
3041 1006 3376 1078 prophetia,

1782 1089 2170 1160 prophetarum
2201 1101 2412 1148 mentes
2437 1108 2547 1150 non
2575 1109 2790 1166 semper
2821 1095 3087 1153 irradiat:
3119 1099 3248 1170 quia
3295 1101 3374 1157 si-

1785 1190 1878 1238 cut
1901 1181 1970 1238 de
1997 1182 2204 1254 Spiritu
2229 1193 2420 1240 sancto
2447 1185 2710 1256 scriptum
2736 1195 2851 1253 est,
2891 1207 2909 1240 ι
2942 1189 3034 1245 ubi
3065 1189 3180 1246 vult
3205 1191 3381 1262 spirat

1785 1269 1968 1343 (Joan.
1993 1274 2099 1345 Ill).
2129 1294 2148 1328 ι
2176 1273 2315 1330 Hinc
2333 1283 2419 1330 est
2433 1275 2601 1331 etiam
2623 1277 2768 1346 quod
2787 1277 3036 1346 Elisatus,
3068 1295 3193 1335 cum
3238 1279 3376 1338 ﬂen-

1784 1367 1895 1417 tem
1943 1363 2228 1420 mulierem
2263 1374 2546 1434 cerneret,
2599 1380 2931 1440 causamque
2988 1371 3259 1438 nesciret,
3308 1374 3378 1430 ad

1781 1451 2159 1522 prohibentem
2211 1455 2354 1512 hanc
2409 1471 2637 1527 puerum
2686 1457 2865 1515 dicit:
2902 1479 2920 1511 ‹
2957 1459 3177 1517 Dimitte
3223 1477 3377 1528 eam,

1783 1543 1909 1614 quia
1937 1545 2116 1600 anima
2149 1547 2269 1618 ejus
2294 1547 2351 1602 in
2380 1549 2743 1605 amaritudine
2765 1560 2851 1606 est
2877 1569 2890 1605 :
2921 1561 2975 1608 et
2998 1551 3258 1610 Dominus
3284 1570 3375 1610 ce-

1783 1633 1918 1691 lavit
1969 1654 2082 1705 me,
2126 1647 2184 1694 et
2223 1655 2332 1696 non
2384 1641 2643 1698 indicavit
2687 1643 2822 1699 mihi
2872 1643 3001 1716 (IV
3043 1647 3174 1719 Reg.
3216 1647 3313 1721 tv).
3353 1669 3371 1701 ι

1784 1727 1937 1796 Quod
1979 1731 2324 1802 omnipotens
2349 1733 2491 1790 Deus
2517 1750 2588 1790 ex
2616 1751 2814 1808 magna
2842 1737 3060 1808 pietatis
3097 1739 3378 1810 dispensa-

1783 1821 1933 1877 tione
1980 1823 2248 1894 disponit,
2294 1825 2420 1895 quia
2471 1827 2599 1881 dum
2642 1827 2944 1898 prophetiae
2992 1830 3245 1900 spiritum
3271 1830 3376 1886 ali-

77 1922 264 1978 David
290 1921 412 1992 plus
443 1921 730 1976 saltantem
753 1929 964 1990 stupeo,
997 1935 1158 1991 quam
1200 1929 1550 1991 pugnantem.
1577 1919 1685 1974 Pu-
1711 1909 1759 1971 Β
1785 1916 2002 1985 quando
2038 1917 2164 1985 dat,
2197 1927 2253 1974 et
2280 1918 2573 1990 aliquando
2607 1921 2910 1990 subtrahit,
2936 1924 3377 1992 prophetantium

77 2013 312 2086 gnando
335 2013 536 2084 quippe
577 2013 763 2068 hostes
787 2011 1056 2075 subdidit,
1093 2010 1343 2067 saltando
1373 2019 1556 2066 autem
1583 2025 1678 2066 co-

74 2122 204 2161 ram
237 2105 468 2162 Domino
507 2105 890 2174 semetipsum;
921 2118 1085 2174 quem
1129 2102 1324 2159 Michol
1358 2102 1488 2158 Saul
1532 2102 1640 2157 lilia
1663 2144 1678 2170 ,

73 2198 270 2252 adhuc
293 2205 597 2252 extumere
625 2195 760 2266 regii
784 2195 1000 2266 generis
1027 2195 1217 2250 insana
1235 2236 1250 2262 ,
1278 2211 1403 2251 eum
1428 2195 1681 2254 humilia-

74 2298 202 2344 tum
230 2286 566 2358 despiceret,
595 2287 817 2343 dicens':
849 2306 868 2338 ‹
899 2285 1072 2354 Quam
1103 2286 1369 2358 gloriosus
1391 2285 1494 2342 fuit
1521 2287 1680 2343 hodie

72 2394 180 2435 rex
208 2377 408 2444 Israel,
441 2377 846 2447 discooperiens
883 2391 943 2432 se
971 2385 1096 2432 ante
1142 2376 1365 2432 ancillas
1398 2392 1680 2433 servorum

70 2485 344 2537 suorum,
371 2477 427 2525 et
467 2469 702 2525 nudatus
727 2477 848 2534 est,
879 2469 1032 2539 quasi
1081 2469 1128 2524 si
1165 2469 1400 2526 nudetur
1430 2486 1572 2526 unus
1613 2471 1679 2526 de

69 2565 318 2623 scurris.
353 2584 372 2617 ι
415 2563 672 2619 Protinus
720 2562 968 2618 audivit:
1005 2581 1024 2614 ι
1067 2561 1210 2618 Ante
1248 2562 1538 2618 Dominum
1585 2563 1678 2634 qui

67 2658 254 2730 elegit
280 2672 366 2712 me
389 2657 573 2729 potius
592 2673 756 2728 quam
784 2664 998 2728 patrem
1021 2664 1193 2710 tuum.
1227 2675 1246 2708 ι
1273 2656 1351 2711 Ac
1376 2655 1538 2726 paulo
1558 2665 1681 2727 post

66 2753 157 2807 ait
190 2768 206 2805 :
243 2769 263 2803 ‹
297 2751 366 2806 Et
387 2749 570 2806 Iudam
595 2758 651 2805 et
667 2749 826 2806 vilior
843 2749 971 2804 liam
993 2748 1115 2820 plus
1135 2764 1298 2818 quam
1329 2749 1504 2805 factus
1535 2764 1674 2816 sum,

65 2857 290 2914 eroque
316 2841 540 2898 humilis
571 2842 626 2896 in
663 2841 835 2897 oculis
857 2841 1014 2896 meis.
1047 2860 1068 2894 ι
1093 2839 1171 2897 Ac
1199 2841 1244 2896 si
1275 2848 1464 2912 aperte
1491 2842 1674 2902 dicat;

67 2933 362 2990 Vilescere
405 2948 590 2989 coram
647 2932 958 2989 hominibus
1005 2940 1236 3004 appeto,
1284 2933 1410 3004 quia
1457 2948 1678 2990 servare

63 3031 217 3086 mihi
247 3045 436 3086 coram
466 3029 578 3084 Deo
607 3028 878 3100 ingenium
923 3043 1023 3099 per
1067 3027 1430 3084 humilitatem
1471 3043 1673 3098 quaero.

63 3122 223 3178 Sunt
253 3137 383 3179 vero
413 3121 660 3177 nonnulli
713 3121 806 3191 qui
851 3120 919 3176 de
966 3121 1270 3194 semetipsis
1304 3120 1527 3176 humilia
1557 3136 1679 3177 sen-

62 3216 240 3279 tiunt,
279 3213 431 3284 quia,
475 3213 530 3268 in
575 3211 872 3268 honoribus
902 3211 1086 3282 positi,
1133 3210 1269 3266 nihil
1292 3226 1352 3266 se
1379 3227 1531 3277 esse,
1569 3211 1674 3266 nisi

1785 2017 1996 2066 mentes
2023 2019 2079 2067 et
2107 2011 2282 2068 elevat
2323 2014 2378 2068 in
2409 2012 2764 2082 celsitudine,
2810 2023 2866 2071 et
2898 2015 3136 2071 custodit
3175 2016 3231 2072 in
3278 2017 3378 2072 hu-

1783 2101 2016 2160 militate
2043 2118 2058 2158 :
2085 2112 2145 2158 ut
2170 2104 2500 2176 accipientes
2521 2105 2809 2176 spiritum,
2840 2107 3120 2164 inveniant
3149 2109 3279 2178 quid
3310 2109 3380 2165 de

1783 2191 1895 2249 Deo
1933 2195 2075 2262 sint,
2103 2204 2160 2251 et
2187 2211 2402 2252 rursum
2427 2197 2726 2268 prophetia:
2758 2198 3008 2269 spiritum
3039 2214 3143 2254 non
3171 2197 3376 2254 haben-

1784 2296 1869 2341 tes
1888 2326 1903 2352 ,
1935 2295 2269 2358 cognoscant
2309 2288 2442 2358 quid
2472 2288 2538 2344 de
2564 2289 2870 2360 semetipsis
2899 2289 3030 2346 sint.
3065 2289 3218 2346 Unde
3245 2305 3375 2360 pro-

1782 2377 1943 2450 pheta
1968 2379 2111 2448 quod
2137 2393 2206 2434 ex
2233 2395 2293 2434 se
2321 2379 2489 2444 dixit,
2520 2388 2741 2451 propter
2776 2396 2932 2436 usum
2961 2381 3263 2452 prophetia:
3281 2421 3296 2448 ,
3321 2389 3376 2436 et

1782 2467 1976 2538 spiritu
2005 2467 2210 2525 dixisse
2238 2467 2510 2525 credebat.
2545 2469 2778 2542 Ideoque
2797 2470 2930 2527 illud
2949 2471 3095 2542 quod
3129 2471 3380 2543 sequitur

1781 2571 1849 2614 ex
1879 2575 2134 2616 sermone
2155 2561 2371 2617 Domini
2400 2562 2556 2618 dixit.

1862 2671 1880 2703 ι
1917 2650 2170 2722 Nunquid
2212 2660 2271 2707 tu
2315 2652 2610 2710 aedilicabis
2640 2653 2774 2732 mihi
2815 2654 3068 2711 domum?
3099 2675 3118 2707 ι
3152 2663 3207 2710 et
3253 2655 3377 2710 reli-

1782 2761 1910 2818 qua.
1937 2745 2017 2801 Ac
2047 2745 2096 2801 si
2137 2745 2342 2801 diceret
2371 2764 2384 2798 :
2414 2744 2534 2802 Non
2561 2747 2768 2818 poteris
2809 2745 3080 2802 aediﬁcare
3118 2746 3253 2801 mihi
3284 2747 3379 2801 do-

1782 2854 1953 2903 mum,
1986 2837 2112 2908 quia
2140 2837 2226 2892 vir
2252 2837 2576 2909 sanguinum
2602 2854 2682 2905 es,
2713 2846 2769 2894 et
2789 2838 3016 2893 multum
3044 2839 3364 2910 sanguinem

1781 2929 2043 2987 eﬂ‘udisti.
2067 2928 2196 2984 Inde
2218 2937 2304 2984 est
2339 2929 2484 2999 quod
2511 2929 2566 2984 in
2599 2929 2834 2984 tentorio
2858 2938 2914 2984 et
2937 2927 3286 2985 tabernaculo
3313 2944 3373 2984 se

1780 3020 1916 3076 dicit
1940 3019 2254 3086 habitasse,
2283 3020 2411 3090 quia
2447 3035 2550 3076 nec
2592 3020 2805 3092 Moyses
2851 3034 2952 3076 nec
2977 3018 3144 3075 Iosue
3186 3028 3376 3091 potue-

1780 3119 1910 3165 runt
1931 3109 2206 3166 aediﬁcare
2229 3110 2474 3178 domum,
2506 3110 2634 3181 quia
2657 3109 2761 3166 viri
2781 3110 3103 3184 sanguinum
3136 3109 3375 3167 fuerunt.

1782 3205 1939 3263 Unde
1964 3213 2022 3261 et
2041 3205 2098 3261 in
2128 3205 2482 3279 sequentibus
2503 3205 2586 3260 ait
2609 3223 2622 3259 :

55 3275 364 3376 pulverem
387 3275 734 3373 favillamque
754 3275 1125 3386 perpendunt;
1155 3302 1250 3356 sed
1282 3311 1464 3358 tamen
1489 3275 1674 3357 coram
1705 3275 1750 3339 (ἶ
1861 3317 1881 3351 α
1917 3299 2173 3370 Nunquid
2203 3275 2449 3371 loquens
2485 3299 2703 3356 locutus
2749 3316 2870 3356 sum
2913 3301 3075 3358 alicui
3111 3302 3282 3374 judici
3312 3304 3380 3360 de

57 3396 402 3452 hominibus
426 3393 559 3449 viles
587 3407 850 3464 apparere
893 3391 1194 3464 refugiunt,
1233 3401 1289 3446 et
1318 3400 1510 3448 contra
1539 3392 1674 3458 hoc,

53 3486 225 3557 quod
254 3485 324 3540 de
353 3499 412 3540 se
454 3483 684 3538 interius
711 3482 986 3554 cogitant,
1016 3482 1171 3552 quasi
1216 3481 1390 3554 rigida
1433 3483 1677 3537 exterius

55 3583 373 3633 venustate
396 3575 712 3647 palliantur.
749 3573 819 3628 Et
855 3581 982 3628 sunt
1013 3572 1292 3640 nonnulli,
1321 3573 1414 3644 qui
1437 3573 1574 3629 viles
1596 3573 1676 3628 vi-

55 3670 197 3727 deri
219 3671 293 3724 ab
320 3667 628 3724 hominibus
651 3673 932 3736 appetunt,
959 3673 1125 3736 atque
1153 3679 1315 3722 omne
1344 3666 1490 3735 quod
1515 3674 1673 3734 sunt,

53 3781 128 3820 se
169 3763 418 3832 dejectos
444 3761 775 3828 exhibendo,
797 3755 1186 3826 contemnunt;
1211 3761 1306 3816 sed
1335 3769 1513 3815 tamen
1536 3763 1676 3830 apud

51 3872 130 3912 se
173 3845 472 3917 introrsus,
505 3853 662 3924 quasi
703 3868 771 3909 ex
800 3853 916 3923 ipso
957 3851 1155 3908 merito
1192 3841 1426 3906 ostensa;
1454 3849 1676 3906 vilitatis

52 3950 490 4013 intumescunt,
541 3954 596 4001 et
641 3954 794 4001 tanto
839 3944 1010 4017 magis
1059 3944 1116 3999 in
1162 3943 1325 4013 corde
1354 3942 1482 3999 elati
1513 3952 1674 4009 sunt,

49 4049 295 4114 quanto
322 4039 556 4110 amplius
591 4040 644 4094 in
689 4038 870 4111 specie
911 4038 1201 4095 elationem
1243 4046 1517 4110 premunt.
1547 4037 1678 4104 Quae

50 4144 319 4202 utraque
341 4132 502 4186 unius
539 4130 791 4188 elationis
812 4129 953 4186 bella
974 4171 990 4196 ,
1019 4145 1215 4202 magna
1248 4130 1419 4186 David
1449 4129 1678 4186 circum-

47 4224 382 4294 scriptione
409 4223 798 4294 deprehendit,
823 4221 962 4276 mira
987 4223 1192 4276 virtute
1220 4221 1519 4293 superavit,
1549 4222 1674 4292 quia

49 4319 230 4376 enim
261 4317 329 4372 de
350 4317 643 4386 semetipso
673 4317 820 4372 intus
850 4315 1076 4371 humilia
1106 4317 1378 4383 sentiens,
1413 4316 1677 4372 honorem

46 4408 328 4466 exterius
359 4423 467 4464 non
514 4424 765 4478 quarens
784 4425 812 4475 ,·
840 4409 1113 4475 insinuat,
1143 4408 1331 4463 dicens
1365 4425 1378 4462 :
1419 4427 1438 4459 ‹
1468 4407 1676 4464 Ludam

45 4513 122 4558 et
161 4499 329 4555 vilior
347 4498 496 4554 liam.
527 4519 545 4551 ι
579 4499 645 4554 Et
662 4500 788 4569 quia
812 4515 911 4572 per
942 4500 1047 4556 hoc
1075 4502 1220 4570 quod
1257 4499 1420 4555 vilem
1445 4515 1502 4556 se
1531 4509 1678 4556 exte-

49 4596 199 4650 rius
229 4593 387 4664 prius
417 4594 681 4663 praebuit,
710 4608 1052 4664 nequaquam
1083 4591 1314 4649 interius
1339 4593 1672 4661 intumescit,

47 4689 363 4761 adiungit:
391 4689 608 4760 Eroque
631 4688 849 4745 humilis
869 4689 923 4744 in
945 4688 1117 4744 oculis
1139 4688 1295 4744 meis.
1321 4688 1400 4744 Ac
1422 4689 1467 4744 si
1489 4688 1635 4745 dicat
1660 4707 1673 4743 :

47 4781 312 4852 Qualem
352 4796 439 4836 me
483 4781 722 4838 exterius
759 4780 1066 4851 despiciens
1104 4781 1370 4848 exhibeo,
1402 4781 1564 4837 talem
1589 4798 1676 4837 me

46 4873 320 4930 interius
344 4873 585 4928 attendo.
617 4872 758 4940 Quid
792 4887 921 4942 ergo
969 4871 1142 4927 acturi
1194 4881 1322 4927 sunt
1368 4887 1506 4942 quos
1545 4872 1674 4928 doc-

47 4967 228 5022 trina
270 4964 484 5036 elevat?
511 4964 557 5020 si
587 4964 756 5019 David
785 4979 852 5020 ex
878 4978 1042 5019 carne
1091 4979 1188 5018 sua
1215 4971 1524 5038 .venturum
1569 4962 1674 5018 Re-

43 5058 427 5128 demptor-em
468 5064 724 5121 noverat,
773 5053 1001 5126 ejusque
1053 5055 1248 5126 gaudia
1299 5056 1674 5127 prophetando

42 5148 403 5214 nuntiabat,
434 5156 492 5203 et
519 5157 730 5214 tamen,
765 5149 821 5203 in
845 5147 1138 5218 semetipso
1163 5148 1433 5204 cervicem
1464 5148 1672 5216 cordis,

35 5239 258 5296 valida
291 5239 635 5295 discretionis
664 5240 813 5296 calce
837 5239 1207 5312 deprimebat,
1233 5241 1459 5299 dicens:
1492 5259 1512 5295 ι
1540 5241 1677 5300 Ero-

35 5347 188 5406 que
217 5331 443 5389 humilis
481 5333 536 5388 in
559 5333 732 5390 oculis
754 5333 911 5390 meis.
949 5352 970 5387 ι

692 5487 920 5547 CAPUT
961 5487 1069 5576 vn.

149 5620 180 5656 ι
215 5600 445 5659 Factum
494 5613 582 5660 est
621 5613 800 5660 autem
853 5619 976 5660 cum
1025 5602 1254 5661 sedisset
1298 5618 1394 5660 rex
1422 5603 1479 5660 in
1513 5601 1675 5660 domo

37 5719 68 5753 ι
131 5712 284 5761 sua,
317 5704 374 5751 et
417 5696 678 5753 Dominus
731 5697 968 5755 dedisset
1011 5697 1062 5753 ei
1111 5697 1386 5768 requiem,
1420 5697 1559 5753 dixit
1606 5696 1674 5753 ad

37 5812 62 5844 σ
121 5786 364 5843 Nathan
384 5789 702 5860 prophetam
727 5809 739 5843 :
768 5787 1005 5846 Videsne
1051 5791 1193 5860 quod
1217 5805 1317 5862 ego
1348 5791 1584 5847 habitem
1619 5793 1674 5848 in

33 5901 58 5933 ιι
117 5879 310 5935 domo
335 5880 552 5936 cedrina
571 5921 585 5948 ,
617 5891 674 5940 et
703 5898 831 5940 arca
856 5881 952 5938 Dei
975 5882 1150 5954 posita
1178 5883 1246 5939 sit
1271 5882 1326 5940 in
1357 5885 1534 5942 medio
1565 5886 1676 5956 pel-

1785 3411 1804 3445 ι
1845 3391 2092 3448 tribubus
2119 3389 2319 3457 Israel,
2345 3391 2433 3446 cui
2458 3391 2693 3462 praecepi
2739 3398 2800 3446 ut
2839 3401 3092 3462 pasceret
3119 3392 3375 3464 populum

1785 3499 1804 3534 ι
1838 3481 2034 3548 Israel,
2068 3483 2256 3538 dicens
2284 3499 2298 3536 :
2328 3480 2508 3548 Quare
2537 3498 2645 3538 non
2675 3482 2956 3539 aediﬁcasti
2985 3484 3118 3539 mihi
3157 3485 3374 3544 domum

1786 3591 1805 3626 ι
1840 3573 2158 3629 cedrinam?
2191 3594 2211 3626 ι
2245 3571 2455 3629 Idcirco
2483 3589 2514 3628 a
2539 3573 2687 3628 nullo
2712 3573 2955 3644 judicum
2987 3574 3091 3630 sibi
3118 3575 3374 3631 aediﬁcari

1780 3664 2000 3720 domum
2038 3664 2314 3720 cedrinam
2357 3664 2554 3736 jussit,
2601 3665 2729 3734 quia
2779 3665 2848 3719 ab
2891 3664 3142 3721 omnibus
3184 3674 3377 3722 contra

1779 3755 1970 3812 hostes
1993 3765 2291 3828 pugnatum
2313 3756 2418 3812 fuit
2433 3797 2448 3823 ,
2472 3765 2529 3812 et
2549 3771 2739 3812 omnes
2760 3755 3026 3813 eliusores
3048 3757 3375 3830 sanguinum

1780 3849 2020 3905 fuerunt.
2058 3849 2231 3906 Filius
2263 3858 2446 3906 tamen
2471 3857 2598 3905 tuus
2639 3849 2726 3905 cui
2769 3865 2880 3905 non
2918 3850 3201 3906 instabunt
3233 3850 3374 3907 bella

1779 3945 2018 4000 hostium
2040 3986 2055 4012 ,
2083 3954 2139 4000 et
2165 3945 2292 4014 quia
2322 3960 2432 4000 non
2457 3943 2565 4000 erit
2595 3943 2682 3998 vir
2716 3943 3070 4016 sanguinum,
3099 3945 3214 4016 ipse
3243 3945 3376 4001 aedi-

1781 4035 1967 4092 ﬁcabit
2011 4036 2144 4092 mihi
2183 4037 2403 4092 domum
2451 4055 2464 4090 :
2509 4052 2637 4091 nam
2691 4037 2835 4106 quod
2893 4037 3180 4108 sequitur:
3223 4055 3242 4090 ι
3277 4051 3378 4108 per

1781 4135 1976 4184 cuncta
2001 4127 2118 4183 loca
2145 4143 2266 4198 quae
2296 4127 2523 4183 transivi
2548 4143 2672 4183 cum
2698 4128 2951 4184 omnibus
2977 4127 3104 4184 ﬁliis
3128 4129 3318 4196 Israel,
3351 4150 3369 4184 ι

1781 4219 2156 4292 intelliguntur
2204 4219 2320 4276 Silo
2353 4211 2408 4274 et
2440 4219 2662 4291 Galgala
2710 4227 2765 4275 et
2809 4218 3025 4287 Nobee,
3077 4231 3133 4276 et
3179 4229 3375 4277 cratera

1779 4312 1901 4370 loca
1935 4313 2028 4369 ubi
2074 4313 2486 4370 tabernaculum
2517 4322 2572 4369 et
2618 4329 2744 4368 arca
2787 4313 3049 4370 collocata
3087 4315 3176 4371 sit.
3205 4315 3376 4373 Porro

1779 4405 1924 4486 quod
1977 4407 2228 4479 superius
2273 4407 2396 4462 ait:
2437 4425 2457 4458 «
2493 4405 2750 4476 Nunquid
2796 4416 2853 4461 tu
2899 4407 3193 4465 aediﬁcabis
3240 4409 3372 4464 mihi

1780 4502 2001 4556 domum
2033 4500 2102 4555 ad
2135 4498 2524 4566 habitandum,
2565 4519 2584 4550 ι
2621 4508 2752 4568 etc.,
2792 4509 2978 4572 potest
3016 4502 3180 4558 etiam
3211 4501 3374 4559 altius

1781 4595 2033 4667 intelligi.
2052 4593 2410 4666 Omnipotens
2425 4593 2571 4650 enim
2593 4593 2736 4650 Deus
2757 4594 3374 4668 qui-incircumscriptus

1783 4688 2005 4760 spiritus
2028 4697 2113 4745 est
2133 4729 2148 4755 ,
2181 4689 2235 4744 in
2263 4688 2514 4744 domibus
2558 4688 2886 4746 manufactis
2923 4690 3110 4762 itaque
3140 4707 3249 4748 non
3278 4693 3375 4747 ha-

1783 4782 1940 4838 bitat.
1993 4781 2149 4838 Unde
2195 4789 2252 4837 et
2299 4781 2472 4836 dicit:
2531 4801 2550 4833 (
2591 4780 2780 4852 Neque
2823 4781 2967 4838 enim
3025 4783 3264 4839 habitavi
3318 4784 3370 4839 in

1782 4871 1944 4928 domo
1959 4912 1974 4939 ,
2005 4886 2074 4927 ex
2095 4886 2203 4941 qua
2226 4871 2312 4928 die
2334 4871 2496 4926 eduxi
2517 4869 2656 4928 ﬁlios
2678 4871 2844 4928 Israel
2863 4873 2930 4928 de
2953 4883 3102 4928 terra
3125 4871 3368 4946 Egypti,

1781 4963 1878 5020 sed
1899 4962 2241 5019 ambulabam
2272 4962 2325 5016 in
2358 4962 2710 5018 tabernaculo
2741 4972 2797 5019 et
2830 4963 2888 5018 in
2920 4964 3172 5020 tentorio.
3213 4982 3232 5016 ι
3267 4964 3370 5019 Ta-

1783 5053 2072 5111 bernaeula
2097 5053 2242 5109 enim
2286 5053 2401 5110 sive
2427 5054 2696 5121 tentoria,
2736 5055 2901 5111 corda
2943 5064 3253 5111 sanctorum
3302 5055 3366 5109 ﬁ-

1781 5146 2043 5218 guraliter
2069 5144 2416 5216 exprimunt,
2466 5145 2523 5201 in
2572 5146 2770 5216 quibus
2815 5146 3076 5202 Dominus
3123 5144 3370 5201 habitare

1780 5238 2054 5311 dignatur.
2085 5237 2192 5294 Sed
2219 5238 2348 5308 quid
2375 5245 2461 5294 est
2487 5239 2633 5310 quod
2658 5237 2875 5294 volente
2903 5237 3072 5293 David
3097 5236 3370 5293 aedificare

1783 5331 2074 5403 templum,
2106 5346 2136 5386 a
2167 5329 2396 5386 Domino
2425 5331 2736 5403 prohibitus
2764 5330 2882 5386 est?
2917 5328 3019 5385 nisi
3050 5329 3176 5401 quia
3220 5331 3327 5388 hoc
3347 5371 3365 5400 ,

1784 5425 2063 5496 Scriptura
2107 5427 2528 5497 prteliguraute,
2569 5424 2995 5491 demonstratur,
3036 5434 3095 5479 ut
3145 5424 3238 5496 qui
3283 5426 3369 5484 vir

1780 5516 2104 5588 sanguinum
2133 5525 2248 5582 est,
2287 5517 2391 5572 hoc
2427 5524 2512 5572 est
2547 5517 2641 5587 qui
2681 5515 2858 5570 adhuc
2890 5513 3199 5572 carnalibus
3226 5516 3365 5574 acti-

1780 5606 1883 5664 bus
1909 5605 2162 5673 incubat,
2196 5607 2454 5677 templum
2482 5607 2627 5674 Deo,
2656 5614 2896 5662 sanctam
2937 5606 3148 5664 scilicet
3174 5607 3366 5667 Eccle-

1782 5699 1919 5755 siam
1935 5739 1949 5766 ,
1982 5714 2079 5769 per
2103 5698 2504 5770 praedicationis
2529 5696 2767 5754 olIicium
2790 5705 3104 5754 construere
3130 5715 3238 5756 non
3269 5699 3367 5756 de—
3439 5727 3444 5734 -

1782 5791 1902 5859 bet,
1935 5808 2030 5850 seu
2054 5792 2218 5848 etiam
2245 5790 2525 5848 moraliter
2571 5790 2834 5859 innuitur,
2863 5792 3005 5862 quod
3047 5793 3279 5849 mundus
3313 5793 3368 5849 in

1784 5903 1842 5942 se
1879 5900 2000 5943 esse
2027 5901 2055 5940 a
2081 5885 2224 5941 vitiis
2251 5885 2439 5953 debet,
2466 5885 2556 5957 qui
2585 5897 2740 5943 curat
2762 5885 2935 5945 aliena
2965 5888 3239 5956 corrigere
3267 5902 3278 5940 :
3313 5883 3365 5939 in
