3970 6332
577 304 688 366 355

1609 298 1962 360 ANGELOMI
2002 297 2470 359 LUXOVIENSIS
2508 293 2818 358 MONACHI

3781 302 3865 366 356

581 435 797 481 terrena
836 438 944 479 non
993 423 1224 494 cogitet,
1253 431 1314 476 ut
1353 421 1660 476 desideriis
1681 419 1882 474 inlimis
1914 433 2021 474 non
2053 433 2175 474 suc-
2204 429 2254 490 Α
2284 435 2303 467 ι
2339 421 2395 471 et
2423 415 2749 472 inhabitabit
2777 429 3021 471 Scorsum
3044 457 3058 480 ,
3087 425 3141 472 et
3169 431 3275 472 non
3297 417 3404 472 erit
3425 416 3704 474 sollicitus
3722 419 3863 486 ultra,

579 517 832 582 cumbat,
859 521 1124 587 quatenus
1157 521 1306 568 tanto
1335 510 1700 582 perspicacius
1745 510 1868 566 aliis
1917 509 2172 578 fugienda

578 607 904 678 praevideat,
947 612 1154 676 quanto
1179 604 1293 659 haec
1336 604 1451 673 ipse
1477 618 1574 672 per
1603 601 1891 657 scientiam
1920 609 1977 656 et
2005 600 2177 654 vitam

578 701 765 754 verius
794 699 1049 754 declinat.
1081 697 1434 767 Nequaquam
1461 709 1595 765 pure
1622 694 1891 749 maculam
1919 694 1974 748 in
2003 708 2176 748 mem-

576 789 682 846 bro
705 790 1018 845 considerat
1050 789 1272 853 oculus,
1313 802 1473 858 quem
1519 785 1692 856 pulvis
1733 794 1956 859 gravat,
1993 795 2052 842 et
2085 802 2176 842 su-

577 883 850 954 periectas
878 884 1066 939 sordes
1091 892 1302 953 tergere
1345 897 1452 936 non
1483 880 1664 935 valent
1687 895 1883 936 manus
1902 920 1916 945 ,
1945 895 2066 950 quae
2092 879 2174 933 lu-

576 985 694 1034 tum
750 987 952 1035 tenent.
1017 977 1169 1032 Unde
1202 987 1283 1031 'et
1324 975 1529 1042 David,
1568 975 1660 1046 qui
1689 975 1847 1046 juxta
1897 977 2170 1031 exteriora

574 1071 714 1128 bella
746 1071 1046 1135 laboravit,
1078 1069 1312 1124 dicitur:

651 1187 670 1220 ‹
711 1167 827 1222 Νοη
853 1176 905 1220 ιιι
931 1164 1224 1221 (ediﬁcabis
1258 1164 1390 1220 mihi
1419 1165 1660 1230 domum,
1685 1164 1812 1234 quia
1831 1164 1916 1218 vir
1955 1163 2172 1236 sangui-

581 1275 600 1309 σ
635 1273 762 1312 num
792 1273 869 1312 es.
907 1277 926 1308 ι
971 1255 1065 1310 Dei
1095 1255 1354 1326 templum
1381 1253 1644 1320 aediﬁcat,
1695 1255 1786 1324 qui
1831 1256 2170 1327 corrigendis

573 1353 841 1407 institutis
869 1353 1245 1423 proximorum
1279 1351 1554 1406 mentibus
1583 1361 1761 1407 vacat.
1796 1351 1904 1407 Sed
1928 1351 2012 1406 vir
2043 1367 2168 1408 san-

570 1443 791 1514 guinum
821 1445 1081 1514 templum
1113 1444 1206 1498 Dei
1235 1443 1506 1500 :ediﬁcare
1544 1445 1885 1514 prohibetur,
1919 1446 2046 1514 quia
2071 1446 2165 1516 qui

571 1536 748 1591 adhuc
796 1536 1010 1592 actibus
1057 1536 1367 1611 carnalibus
1415 1537 1674 1602 incubat,
1723 1549 1946 1591 necesse
1991 1544 2074 1591 est
2109 1545 2170 1590 ut

568 1625 856 1680 instituere
879 1625 1200 1696 spiritaliter
1225 1627 1594 1696 proximorum
1621 1635 1832 1681 mentes
1856 1627 2160 1681 erubescat.

2283 525 2302 558 ‹
2339 516 2396 563 et
2423 523 2534 564 non
2559 517 2797 579 apponet
2823 507 2968 564 ﬁlius
2999 509 3305 578 iniquitatis
3334 511 3637 566 humiliane
3669 516 3864 570 eumsi-

2283 619 2302 652 ι
2337 610 2432 656 cut
2477 602 2544 655 ab
2589 601 2779 667 initio,
2826 616 2859 654 a
2903 600 3098 656 diebus
3125 602 3326 671 quibus
3372 604 3646 659 constitui
3681 603 3865 672 judicet

2283 713 2302 746 σ
2339 709 2504 766 super
2525 695 2782 768 populum
2811 711 2992 752 meum
3038 695 3228 752 Israel.
3274 715 3292 748 ι
3333 695 3451 753 Hoc
3477 706 3595 753 tam
3631 714 3862 769 magnum

2274 787 2478 844 bonum
2497 829 2512 855 ,
2544 789 2792 859 quisquis
2823 789 2876 843 in
2908 789 3012 844 hoc
3033 789 3232 846 saeculo
3263 799 3318 845 et
3345 790 3399 845 in
3433 791 3538 846 hac
3569 801 3738 847 terra
3766 809 3863 862 spe-

2273 889 2393 946 rat,
2419 881 2740 950 insipienter
2759 882 2932 950 sapit,
2985 892 3077 937 aut
3109 883 3377 953 quispiam
3408 883 3639 954 putabit
3683 883 3741 938 in
3759 898 3863 953 pace

2274 969 2582 1027 Salomonis
2613 972 2665 1028 id
2695 985 2816 1027 esse
2844 971 3172 1042 completum
3193 1013 3208 1038 ,
3257 982 3350 1028 aut
3389 973 3634 1042 alicujus
3667 973 3862 1030 alterius

2271 1075 2458 1132 regno.
2491 1060 2627 1116 Nam
2665 1063 3000 1133 temporibus
3022 1061 3265 1133 judicum
3310 1064 3633 1120 humiliavit
3675 1080 3796 1120 eum
3819 1067 3862 1120 Ii-

2270 1151 2376 1208 lius
2399 1154 2735 1224 iniquitatis,
2763 1155 2865 1210 hoc
2893 1163 2979 1211 est
3027 1156 3201 1212 hostis
3227 1155 3558 1228 alienigena,
3587 1173 3706 1228 per
3733 1159 3862 1213 inter-

2269 1247 2408 1302 valla
2435 1258 2772 1318 temporum,
2805 1257 2862 1304 et
2909 1249 3262 1304 inveniuntur
3287 1249 3398 1305 illic
3435 1265 3598 1321 pacns
3643 1260 3862 1322 tempora

2267 1342 2561 1413 prolixiora
2583 1383 2598 1408 ,
2627 1357 2792 1412 quam
2826 1341 3084 1398 Salomon
3112 1343 3332 1408 habuit,
3377 1345 3468 1414 qui
3508 1345 3859 1416 quadraginta

2268 1451 2439 1491 annos
2469 1437 2737 1506 regnavit.
2795 1435 2930 1491 Nam
2963 1437 3064 1492 sub
3090 1453 3156 1492 eo
3187 1437 3402 1506 judice,
3436 1441 3536 1510 qui
3565 1449 3666 1495 est
3698 1441 3856 1511 appel-

2268 1526 2410 1582 latus
2433 1526 2588 1583 Ahod
2609 1568 2622 1593 ,
2651 1530 2926 1600 octoginta
2951 1530 3080 1584 anni
3109 1531 3262 1601 pacis
3289 1530 3530 1587 fuerunt.
3563 1533 3744 1586 Absit
3763 1549 3860 1603 ergo
3941 1529 3943 1603 λ

2265 1629 2325 1674 ut
2353 1619 2628 1676 Salomoni
2658 1623 2774 1676 luce
2801 1630 3074 1692 tempora,
3108 1624 3164 1677 in
3193 1625 3296 1679 hac
3317 1625 3740 1695 promissione,
3769 1642 3858 1696 pto-

573 1735 594 1770 ι
629 1717 864 1788 Fecique
896 1718 992 1772 tibi
1025 1731 1222 1772 nomen
1251 1717 1473 1788 grande.
1509 1737 1528 1768 ι
1561 1716 1822 1772 Videlicet
1857 1727 1917 1772 ut
1947 1717 2164 1773 dicatur
2264 1711 2432 1766 missa
2465 1727 2584 1766 esse
2615 1713 2929 1769 credantur.
2981 1713 3160 1770 Laeus
3189 1729 3321 1786 ergo
3363 1716 3454 1786 qui
3501 1717 3856 1788 promittitur.

567 1806 712 1862 Deus
758 1807 960 1872 David,
994 1807 1136 1862 sicut
1178 1807 1488 1870 Abraham,
1518 1806 1670 1862 Isaac
1693 1817 1748 1862 et
1777 1807 1946 1863 Iacob
1975 1828 1987 1861 :
2021 1807 2162 1864 sicut
2193 1793 2238 1854 Β
2268 1812 2376 1856 tam
2426 1814 2632 1874 pacata:
2680 1820 2744 1860 ac
2791 1821 2997 1862 secura!
3045 1806 3428 1874 habilalionis.
3475 1817 3742 1864 alemus
3768 1819 3856 1874 €53,

565 1895 672 1954 feci
712 1897 880 1970 Moysi
921 1907 975 1952 et
1016 1896 1234 1964 Iosue,
1263 1913 1492 1968 quorum
1525 1901 1746 1955 nomina
1798 1900 2160 1956 famosissima

567 1996 696 2045 sunt
721 1988 776 2042 in
803 1997 978 2054 terra,
1009 1991 1087 2045 sic
1113 1989 1213 2045 feci
1237 1991 1351 2045 tibi.
1387 2009 1405 2042 ‹
1438 1991 1504 2045 Ει
1529 2005 1728 2061 ponam
1753 1991 1932 2046 locum
1961 1991 2162 2062 populo

573 2098 594 2132 ι
631 2095 752 2136 meo
780 2081 965 2138 Israel.
1015 2101 1034 2134 ›
1069 2081 1270 2138 Locum
1317 2098 1478 2154 quem
1528 2083 1788 2139 Dominus
1816 2083 2016 2154 populo
2061 2099 2161 2140 suo

563 2185 994 2246 praparaturum
1022 2191 1080 2231 se
1105 2176 1379 2246 pollicitus
1405 2185 1488 2233 est
1511 2218 1525 2242 ,
1561 2192 1668 2233 non
1719 2177 1786 2233 de
1833 2179 1940 2233 situ
1987 2187 2161 2234 terra-

564 2284 686 2324 rum
705 2308 720 2334 ,
749 2283 924 2339 neque
948 2269 1014 2324 de
1047 2268 1287 2338 quolibet
1317 2269 1453 2336 loco,
1502 2269 1596 2324 sed
1628 2270 1692 2324 de
1721 2268 1928 2324 ccelesti
1967 2269 2161 2324 Hiem-

565 2361 735 2416 salem
787 2359 1124 2431 intelligitur,
1182 2375 1494 2431 quanquam
1540 2361 1608 2415 de
1656 2360 1859 2430 templo
1908 2360 2160 2416 videatur

566 2450 834 2523 intelligi,
867 2460 921 2507 et
949 2455 1016 2506 de
1047 2453 1378 2522 temporibus
1405 2451 1742 2517 Salomonis,
1779 2453 2033 2524 quoniam
2064 2453 2158 2509 ﬁlii

561 2545 729 2600 Israel
759 2545 1162 2615 quodammodo
1189 2545 1288 2600 sub
1311 2560 1446 2615 pace
1473 2553 1656 2600 essent
1681 2545 1940 2614 quieturi,
1965 2553 2021 2600 et
2045 2547 2159 2615 ipse

563 2636 819 2692 Salomon
851 2639 893 2693 si
928 2638 1058 2708 quid
1096 2637 1414 2708 deliquisset
1446 2639 1499 2691 in
1533 2638 1683 2708 virga
1717 2637 1954 2692 virorum
1974 2679 1988 2704 ,
2019 2647 2075 2695 et
2103 2639 2156 2694 in

557 2728 731 2800 plagis
744 2729 976 2783 ﬁliorum
991 2729 1404 2796 bominum,h0c
1415 2737 1518 2795 est,
1533 2746 1638 2784 non
1654 2730 1706 2784 in
1723 2730 1900 2799 gladio
1913 2731 2158 2786 inimico-

557 2836 678 2876 rum
695 2831 750 2877 et
772 2822 1304 2879 incommoditatibus
1329 2837 1616 2894 corporum
1635 2825 1994 2880 humanorum
2012 2833 2158 2880 esset

557 2917 885 2987 arguendus.
912 2916 1065 2984 Quod
1089 2927 1276 2986 postea
1305 2916 1579 2986 expletum
1613 2916 1842 2987 legimus
1867 2919 1919 2972 in
1947 2918 2156 2974 caelesti

561 3005 922 3073 Hierusalem,
948 3009 1038 3062 ubi
1069 3023 1260 3064 omnes
1284 3009 1440 3064 electi
1469 3019 1589 3080 post
1611 3011 1752 3065 diem
1772 3011 1960 3081 judicii
1983 3022 2158 3066 trans-

559 3098 686 3164 lati,
741 3100 944 3170 absque
999 3100 1103 3155 ulla
1160 3102 1570 3172 perturbatione
1621 3103 1722 3157 sub
1764 3103 1878 3172 ipso
1931 3103 2158 3158 Domino

561 3206 737 3261 usque
762 3191 814 3245 in
845 3201 1108 3246 aeternum
1139 3194 1455 3248 manebunt.
1487 3211 1504 3243 ι
1536 3193 1896 3264 Praedicitque
1927 3196 2023 3250 tibi
2057 3196 2161 3250 Do—

568 3301 588 3333 ε
621 3284 802 3338 minus
823 3285 966 3354 quod
989 3285 1207 3339 domum
1231 3283 1398 3340 faciet
1417 3284 1514 3339 tibi
1545 3285 1837 3350 Dominus,
1869 3306 1888 3338 ι
1916 3293 2019 3341 etc.
2058 3287 2162 3340 Do-

561 3391 684 3431 mus
713 3375 882 3430 David
926 3375 1167 3432 Ecclesia
1217 3384 1302 3432 est
1333 3375 1554 3431 Christi.
1598 3375 1714 3431 Hoc
1760 3376 1826 3430 de
1869 3376 2164 3433 Salomone

565 3466 790 3522 credere
829 3467 1124 3522 absurdum
1181 3473 1265 3522 est
1295 3485 1307 3520 :
1339 3466 1428 3522 ille
1455 3467 1601 3521 enim
1630 3467 1846 3521 vivente
1880 3476 2035 3538 patre
2062 3483 2162 3523 suo

479 3587 490 3598 ι
560 3574 791 3630 regnare
823 3562 1005 3632 etrapit.
1041 3560 1139 3616 llic
1168 3569 1350 3615 autem
1379 3560 1509 3616 dicit
1539 3578 1549 3614 :

640 3673 658 3704 ι
696 3653 831 3709 Cum
861 3653 1114 3724 completi
1145 3654 1347 3708 fuerint
1367 3653 1483 3709 dies
1506 3655 1613 3721 tui,
1643 3661 1697 3710 et
1725 3655 2013 3711 dormieris
2035 3669 2159 3710 cum

570 3763 589 3795 ι
627 3743 878 3814 patribus
928 3743 1072 3810 tuis,
1106 3742 1381 3798 suscitabo
1428 3758 1611 3798 semen
1663 3755 1811 3799 tuum
1860 3754 1982 3814 post
2025 3754 2094 3801 te.
2136 3765 2153 3794 ι

566 3835 723 3903 Quod
773 3835 839 3889 de
883 3834 1100 3890 Christo
1147 3834 1375 3889 Domino
1412 3835 1526 3906 (qui
1561 3851 1627 3890 ex
1671 3837 1878 3892 semine
1919 3837 2160 3908 ejusdem

563 3925 732 3980 David
761 3926 1057 3980 secundum
1088 3941 1308 3981 carnem
1354 3931 1500 3982 nasci
1543 3928 1800 4000 dignatus
1825 3929 1932 4000 est)
1964 3930 2161 3986 intelli-

566 4030 692 4087 gere
723 4025 778 4070 et
805 4017 1029 4070 credere
1059 4017 1206 4087 pium
1253 4027 1336 4072 est
1363 4037 1376 4072 :
1407 4020 1561 4090 cujus
1590 4035 1815 4092 regnum
1866 4021 1920 4076 in
1962 4025 2162 4093 sempi-

563 4117 780 4162 ternum
826 4105 1030 4178 jugiter
1059 4119 1414 4180 perseverat:
1447 4111 1601 4182 cujus
1647 4113 1871 4180 domus,
1922 4115 2024 4170 hoc
2074 4122 2159 4170 est

563 4200 803 4255 Ecclesia
833 4200 1099 4256 catholica
1119 4243 1134 4267 ,
1183 4202 1357 4258 ﬁdelis
1386 4217 1570 4258 coram
1599 4219 1664 4259 eo
1694 4220 1867 4274 usque
1899 4205 1954 4260 in
2000 4214 2160 4262 atter-

566 4301 696 4347 tfum
727 4300 1027 4362 permanet.

644 4406 661 4437 ‹
701 4385 802 4453 Qui
843 4387 887 4440 si
938 4387 1122 4457 inique
1167 4388 1369 4457 aliquid
1402 4390 1662 4460 gesserit,
1702 4409 1720 4442 ι
1751 4397 1856 4444 etc.
1905 4387 2020 4444 Non
2055 4389 2160 4444 hoc

567 4482 631 4534 de
665 4478 893 4534 Domino
933 4478 1060 4535 Jesu
1103 4479 1320 4535 Christo
1347 4482 1716 4550 accipiendum
1749 4489 1862 4545 est,
1905 4481 1995 4550 qui
2025 4495 2154 4550 pec-

564 4580 741 4627 catum
777 4588 882 4627 non
923 4573 1050 4628 fecit
1070 4614 1084 4639 ,
1108 4588 1210 4627 nec
1243 4573 1497 4627 inventus
1523 4581 1604 4627 est
1651 4573 1806 4628 dolus
1836 4572 1888 4626 in
1917 4587 2011 4627 ore
2035 4572 2158 4642 ejus

564 4666 698 4738 (Isa.
726 4667 842 4738 LIII)
863 4707 876 4732 ,
907 4668 1000 4722 sed
1023 4668 1090 4720 de
1114 4667 1300 4721 electis
1337 4667 1486 4736 ejus,
1517 4666 1609 4736 qui
1641 4667 1884 4720 membra
1915 4674 2040 4720 sunt
2067 4666 2153 4737 ip-

561 4763 707 4829 sius,
735 4781 802 4820 ex
834 4765 1029 4834 quibus
1059 4765 1175 4818 sine
1205 4772 1430 4833 peccato
1455 4763 1633 4818 nullus
1659 4775 1782 4818 esse
1805 4762 1998 4833 potuit.
2039 4780 2058 4811 ι
2086 4759 2158 4814 Et

568 4877 586 4908 ‹
627 4858 800 4914 ﬁdelis
820 4858 924 4912 erit
948 4857 1140 4912 domus
1163 4866 1269 4911 tua.
1306 4875 1324 4909 ο
1355 4857 1576 4911 Domum
1605 4856 1910 4911 Salomonis
1937 4855 2152 4925 plenam

565 4949 732 5004 fuisse
761 4949 1080 5004 mulieribus
1129 4949 1351 5015 alienis,
1383 4948 1561 5002 nullus
1607 4949 1696 5017 qui
1729 4962 1915 5002 sacras
1945 4946 2154 5000 litteras

565 5042 743 5104 novit,
775 5042 1004 5112 ignorat.
1039 5041 1236 5096 Domus
1260 5041 1426 5110 igitur
1455 5040 1656 5104 ﬁdelis,
1689 5049 1877 5094 sancta
1911 5037 2154 5093 Ecclesia

566 5133 850 5204 accipitur,
904 5149 1025 5204 quae
1069 5147 1251 5187 coram
1294 5133 1522 5189 Domino
1572 5147 1742 5202 usque
1793 5133 1845 5186 in
1897 5139 2158 5185 aeternum

565 5233 870 5280 permanet.
904 5223 1054 5280 Hanc
1085 5225 1226 5280 enim
1271 5225 1486 5280 domum
1532 5232 1586 5278 et
1631 5238 1730 5277 nos
1775 5222 2160 5277 aediﬁcabimus

2187 3154 2231 3216 C

2263 1897 2590 1967 aeternisque
2621 1897 2869 1965 debetur,
2898 1900 2954 1954 in
2985 1908 3157 1956 matre
3175 1901 3512 1958 Hierusalem
3537 1903 3730 1959 libera
3757 1923 3770 1957 :
3793 1906 3856 1958 ubi

2261 1989 2369 2044 erit
2413 1990 2680 2045 veraciter
2721 1991 2950 2061 populus
2993 1992 3195 2059 Israel,
3245 2002 3299 2049 et
3349 1995 3440 2049 ubi
3488 1996 3783 2052 habitabit
3819 1999 3856 2050 in

2261 2089 2525 2136 aeternum
2556 2097 2679 2138 cum
2711 2083 2823 2139 Deo
2847 2095 2903 2138 et
2932 2085 2986 2140 in
3025 2085 3136 2141 Deo
3166 2101 3286 2151 suo,
3354 2096 3409 2142 et
3439 2088 3586 2142 Deus
3619 2105 3760 2143 cum
3788 2105 3853 2159 po

2261 2173 2390 2244 pulo
2434 2185 2596 2245 atque
2649 2175 2701 2229 in
2731 2177 2930 2247 popqu
2975 2191 3107 2243 suo,
3148 2179 3221 2232 ita
3250 2189 3309 2232 ut
3337 2178 3478 2234 Deus
3525 2179 3600 2234 sit
3645 2181 3856 2251 impiam

2261 2268 2520 2338 populum
2549 2284 2706 2323 suum
2726 2311 2740 2335 ,
2767 2277 2822 2325 et
2848 2270 3075 2340 populus
3101 2271 3292 2341 plenus
3318 2271 3429 2328 Deo
3475 2287 3610 2338 suo,
3648 2281 3712 2328 et
3742 2275 3855 2328 Deus

2263 2359 2367 2413 erit
2389 2361 2572 2415 omnia
2593 2362 2648 2416 in
2668 2363 2942 2419 omnibus.
2968 2363 3086 2434 Ipse
3109 2365 3163 2418 in
3183 2380 3317 2436 pace
3341 2365 3534 2421 tribuit
3553 2367 3850 2436 praemium,

2263 2453 2356 2522 qui
2381 2465 2464 2509 est
2495 2455 2666 2511 virtus
2691 2457 2744 2510 in
2772 2457 2934 2513 bello.

2341 2565 2360 2598 ‹
2396 2547 2677 2618 Ingressus
2703 2557 2784 2604 est
2811 2557 2994 2605 autem
3041 2565 3137 2607 rex
3185 2553 3384 2619 David,
3427 2562 3482 2609 et
3509 2555 3660 2610 sedit
3689 2569 3849 2610 eorum

2269 2657 2287 2687 ι
2322 2637 2588 2706 Domino,
2622 2661 2638 2691 ι
2668 2650 2774 2696 etc.
2808 2640 3012 2697 Sedere
3042 2657 3223 2698 coram
3254 2643 3482 2699 Domino
3501 2686 3517 2710 ,
3542 2654 3633 2699 est
3665 2647 3850 2700 benefi-

2262 2729 2345 2784 cia
2377 2730 2494 2800 ejus
2522 2731 2575 2784 in
2611 2731 2914 2786 humilitate
2940 2733 3121 2787 cordis
3151 2733 3422 2788 conﬁteri.

2340 2840 2358 2871 ι
2400 2823 2502 2877 Ista
2561 2833 2645 2878 est
2705 2823 2850 2878 enim
2900 2823 2985 2879 lex
3051 2824 3254 2889 Adam,
3336 2826 3566 2882 Domine
3643 2827 3845 2882 Deus.»

2263 2913 2378 2969 Hoc
2407 2923 2531 2969 est:
2563 2913 2668 2969 Ista
2712 2916 2857 2970 enim
2907 2916 2992 2972 lex
3025 2917 3290 2983 hominis,
3323 2919 3553 2973 Domine
3602 2918 3752 2974 Deus
3807 2928 3849 2972 ut

2265 3007 2361 3061 tibi
2392 3007 2446 3060 in
2481 3007 2832 3077 simplicitate
2878 3008 3060 3063 cordis
3091 3018 3146 3064 et
3176 3010 3417 3080 puritate
3444 3013 3658 3066 serviat
3690 3030 3704 3065 :
3733 3023 3784 3066 et
3809 3022 3846 3063 iu

2263 3097 2434 3153 facias
2463 3098 2514 3153 ei
2549 3099 2980 3154 misericordiam
3026 3107 3206 3169 tuam,
3258 3101 3401 3156 sicut
3431 3101 3570 3156 mihi
3615 3103 3850 3174 dignatus

2262 3206 2322 3246 es
2351 3190 2533 3246 facere
2560 3205 2718 3246 servo
2749 3199 2860 3246 tuo.

2339 3301 2357 3334 ‹
2396 3282 2476 3337 'I‘u
2506 3283 2651 3337 enim
2679 3284 2788 3338 scis
2809 3298 3026 3338 servum
3055 3292 3209 3339 tuum
3228 3325 3243 3350 ,
3270 3283 3499 3340 Domine
3531 3285 3700 3342 Deus.
3733 3287 3840 3342 Pre-

2269 3395 2286 3426 ι
2322 3381 2443 3445 pter
2489 3376 2718 3430 verbum
2759 3383 2931 3442 tuum,
2957 3385 3012 3432 et
3039 3375 3332 3432 secundum
3376 3391 3471 3432 cor
3495 3386 3650 3432 tuum
3692 3380 3842 3434 fecisti

2269 3485 2289 3518 ι
2329 3467 2510 3522 omnia
2539 3466 2809 3538 magnalia
2841 3467 2989 3533 haec,
3023 3467 3096 3522 ita
3136 3475 3195 3522 ut
3241 3477 3428 3523 notum
3463 3468 3680 3524 laceres
3711 3485 3844 3524 servs

2272 3576 2288 3609 ι
2330 3567 2441 3612 tuo.
2486 3577 2504 3611 ι
2539 3557 2616 3612 Ac
2665 3558 2710 3613 si
2741 3557 2950 3613 diceret
2978 3577 2991 3613 :
3021 3558 3249 3630 Propter
3276 3560 3500 3614 verbum
3535 3569 3693 3614 tuum
3721 3560 3840 3630 quod

2261 3648 2558 3719 promisisti
2603 3648 2911 3716 Abraham,
2959 3651 3108 3705 Isaae
3135 3657 3192 3704 et
3218 3648 3418 3715 Iacob,
3453 3650 3637 3706 fecisti
3683 3652 3838 3704 omnia

2263 3741 2395 3794 mihi
2420 3753 2578 3795 servo
2608 3748 2720 3794 tuo.
2749 3739 2856 3795 Sed
2880 3739 3043 3795 etiam
3075 3738 3315 3796 Verbum
3342 3739 3523 3794 Patris
3546 3741 3836 3812 unigenitus

2260 3831 2430 3888 Filius
2471 3841 2586 3899 est,
2625 3834 2716 3904 qui
2769 3842 2852 3889 est
2904 3834 3220 3890 benedictus
3261 3835 3316 3888 in
3363 3835 3586 3890 saecula.
3636 3835 3838 3906 Proplrr

2267 3924 2590 3993 mysterium
2620 3925 2762 3978 enim
2791 3925 3185 3980 incarnationis
3212 3925 3382 3996 ipsius
3423 3940 3494 3980 ex
3521 3929 3734 3982 semine
3759 3931 3836 3983 Da-

2265 4015 2390 4080 vid,
2437 4025 2587 4088 gesta
2615 4027 2741 4073 sunt
2773 4018 2943 4072 multa
2990 4019 3045 4072 in
3077 4019 3266 4073 David.
3300 4018 3456 4086 Quod
3498 4020 3635 4076 dicit
3672 4037 3836 4076 serun-

2272 4112 2398 4166 dum
2420 4125 2516 4166 cor
2538 4121 2688 4166 tuum
2707 4151 2722 4178 ,
2747 4111 3071 4184 intelligitur
3096 4113 3397 4167 secundum
3423 4114 3832 4168 misericordiam

2264 4214 2412 4260 tuam
2427 4247 2438 4259 .

2343 4317 2362 4348 ε
2398 4297 2552 4364 Quod
2588 4311 2694 4352 non
2741 4306 2825 4354 est
2855 4297 3047 4353 similis
3074 4298 3184 4365 tui,
3213 4313 3386 4367 neque
3421 4301 3571 4354 enim
3611 4308 3695 4356 est
3720 4299 3832 4353 Dens

2269 4408 2289 4440 ι
2324 4399 2482 4444 extra
2509 4399 2581 4455 te,
2621 4390 2672 4442 in
2697 4391 2947 4444 omnibus
2982 4404 3104 4459 quae
3143 4390 3450 4446 audivimus
3494 4392 3724 4446 auribus
3757 4409 3830 4444 uo-

2263 4479 2414 4536 stris.
2450 4500 2468 4531 ι
2503 4479 2616 4533 Non
2644 4489 2755 4547 est,
2803 4480 3003 4550 inquit,
3033 4481 3173 4536 Deus
3199 4481 3390 4536 similis
3416 4483 3526 4545 tui,
3553 4483 3650 4552 qui
3678 4485 3834 4536 fecerit

2265 4572 2534 4645 magnalia
2571 4575 2706 4639 hanc,
2755 4588 2876 4645 qua:
2901 4575 3205 4629 audivimus
3230 4574 3453 4629 auribus
3482 4576 3708 4640 nostris,
3729 4585 3832 4633 etc.

2267 4679 2548 4736 usquequo
2574 4665 2649 4719 ait
2681 4684 2693 4719 :

2345 4777 2362 4808 ι
2401 4757 2538 4825 Quia
2574 4766 2631 4813 tu
2649 4798 2664 4822 ,
2697 4757 2924 4812 Domine
2948 4758 3286 4814 exercituum
3311 4757 3453 4813 Deus
3477 4758 3650 4816 Israel
3670 4799 3685 4825 ,
3713 4771 3834 4813 reve-

2264 4870 2281 4902 ι
2318 4850 2441 4904 lasti
2487 4865 2672 4905 aurem
2715 4850 2858 4904 servi
2907 4851 3020 4915 tui,
3052 4851 3238 4905 dicens
3271 4867 3283 4902 :
3312 4849 3550 4904 Domum
3582 4850 3838 4906 aediﬁcabo

2264 4962 2281 4994 ι
2321 4941 2436 4997 tibi.
2478 4953 2498 4994 ι
2533 4943 2730 4996 Aurem
2781 4943 2883 4998 sibi
2931 4943 3206 5006 revelare,
3239 4944 3366 5013 quia
3397 4959 3500 5013 per
3539 4945 3836 5014 prophetali

2261 5033 2613 5103 praadieatum
2636 5042 2753 5098 est,
2782 5035 2999 5088 domum
3025 5035 3128 5090 sibi
3151 5033 3530 5088 aediﬁcandam
3556 5050 3585 5088 a
3613 5035 3834 5090 Domino.

2268 5143 2285 5175 ‹
2325 5124 2456 5190 Qum
2501 5133 2587 5178 est
2633 5134 2814 5178 autem
2863 5133 2926 5178 ut
2975 5124 3204 5194 populus
3251 5133 3376 5180 tuus
3421 5125 3594 5180 Israel
3643 5140 3768 5196 gens
3797 5123 3836 5174 in

2268 5234 2287 5267 ‹
2329 5226 2474 5271 terra
2489 5217 2516 5268 ?'
2549 5233 2568 5267 ι
2597 5217 2729 5283 Quae
2765 5225 2851 5271 est
2875 5232 3009 5287 gens
3037 5218 3092 5272 in
3131 5227 3274 5272 terra
3307 5217 3414 5272 alia
3455 5227 3666 5288 prater
3696 5230 3838 5286 pupu-

571 5316 712 5373 bene
752 5315 1020 5382 vivendo,
1064 5324 1118 5370 et
1165 5315 1337 5380 Deus,
1386 5322 1444 5369 ut
1480 5314 1618 5370 bene
1663 5313 1940 5378 vivamus,
1985 5312 2164 5382 opitu-
2264 5307 2371 5362 lum
2429 5307 2698 5372 electum,
2748 5316 2970 5378 propter
3003 5325 3176 5378 quem
3232 5309 3422 5364 venire
3475 5310 3734 5380 dignatus
3773 5315 3840 5358 est

567 5411 731 5469 laudo
760 5433 772 5466 :
808 5413 934 5483 quia
966 5431 984 5464 ε
1012 5412 1116 5467 nisi
1157 5411 1416 5466 Dominus
1443 5409 1797 5466 aediﬁcaverit
1826 5408 2044 5463 domum
2064 5447 2078 5470 ,
2103 5406 2155 5459 in

566 5519 770 5561 vanum
785 5504 1164 5560 laboraverunt
1179 5503 1271 5576 qui
1286 5502 1560 5558 mdiﬁcant
1575 5518 1696 5558 eam
1713 5499 1885 5573 (Psal.
1903 5498 2108 5567 cxxvr).
2133 5518 2152 5549 ι

572 5597 735 5666 Cujus
753 5599 940 5654 domus
963 5617 1084 5656 cum
1101 5599 1310 5654 venerit
1327 5598 1516 5652 ultima
1539 5595 1828 5660 dedicatio,
1843 5602 1970 5648 tunc
1993 5593 2085 5647 ﬁet
2105 5591 2164 5646 il-

571 5691 663 5746 lvd
680 5693 819 5760 quod
840 5693 976 5747 licus
1003 5694 1086 5747 hic
1109 5707 1205 5762 per
1225 5691 1437 5746 Nathan
1469 5688 1680 5742 locutus
1708 5694 1790 5742 est
1814 5686 2030 5740 dicens:
2056 5703 2072 5735 ι
2095 5683 2161 5738 Et

578 5807 592 5832 ςς
639 5799 668 5851 ιι
693 5801 829 5836 mm
866 5784 1036 5836 l‘it‘lllil
1074 5782 1267 5852 populo
1292 5797 1412 5836 meo
1440 5779 1620 5845 Israel,
1650 5785 1703 5834 et
1730 5775 1985 5846 plantabo
2011 5775 2159 5829 illum

2265 5399 2406 5454 Deus
2430 5400 2523 5456 Dei
2547 5399 2714 5456 Filius
2737 5402 2790 5454 in
2813 5401 2959 5456 hunc
2979 5402 3261 5466 mundum,
3285 5401 3436 5457 velut
3458 5402 3516 5456 in
3541 5401 3839 5474 Egyptum.

2264 5504 2325 5550 ut
2354 5504 2628 5564 assumpta
2655 5494 2830 5549 forma
2860 5497 3034 5560 servi,
3073 5496 3407 5551 commercio
3437 5497 3724 5568 sanguinis
3745 5493 3840 5550 sui.

2268 5589 2560 5644 redimeret
2609 5589 2709 5644 sibi
2743 5589 3020 5659 populum,
3057 5588 3479 5659 acceptabilem,
3533 5595 3844 5644 sectatorem

2268 5684 2530 5738 bonorum
2585 5683 2850 5751 operum?
2900 5682 3068 5738 Deum
3127 5689 3306 5737 autem
3367 5680 3614 5750 ejusdem
3680 5673 3843 5750 νοιιιιιί

2267 5775 2444 5841 electi,
2474 5774 2804 5829 dominicum
2832 5775 3105 5830 hominem
3133 5776 3380 5844 accipere
3419 5783 3636 5846 oportet
3657 5816 3670 5834 ,
3697 5783 3842 5841 quem
