3970 6332
131 352 243 412 357

1038 346 1294 413 ENARR.
1336 354 1406 412 IN
1441 354 1694 414 LIBROS
1737 350 2002 414 REGUM.
2045 390 2099 400 —
2153 357 2223 414 IN
2261 356 2391 414 LIB.
2431 353 2494 415 ll.

3308 358 3454 451 568-

129 466 206 524 de
237 464 503 541 Egypto,
535 468 640 523 hoc
669 475 753 524 est
789 483 857 523 ex
886 469 990 525 hoc
1012 470 1215 526 mundo
1239 484 1338 540 per
1383 476 1598 525 uterum
1620 469 1729 523 vir-
1755 473 1803 534 Α
1830 464 2085 522 candnm.
2117 487 2136 520 ›
2168 467 2236 523 Ει
2269 469 2373 523 hoc
2406 468 2696 538 allegorice
2735 468 2935 525 dictum
2972 444 3076 537 est,
3103 472 3417 544 signiﬁcans

128 557 289 630 ginis
311 558 628 629 assumpsit.
669 575 688 609 ι
719 558 787 614 Ει
808 558 1001 614 domus
1020 560 1161 614 servi
1189 560 1267 614 tui
1293 559 1461 614 David
1488 558 1595 614 erit
1618 567 1728 614 sta-

138 671 160 705 c
201 652 359 709 hilita
403 662 588 708 coram
640 651 889 709 Domino.
926 672 949 706 ι
996 653 1198 710 Domus
1241 652 1442 720 David,
1489 651 1757 708 Ecclesia:

137 743 353 800 Christi
380 743 499 800 sine
524 743 689 800 dubio
714 751 832 810 est,
859 744 927 800 de
956 758 1062 814 qua
1106 745 1238 800 satis
1258 743 1374 815 jam
1414 743 1615 799 dictum
1645 752 1729 799 est

138 835 423 906 superius.
455 854 474 887 ‹
501 833 796 905 Propterea
827 833 1033 890 invenit
1059 846 1249 891 servus
1276 844 1398 891 tuus
1426 848 1521 891 cor
1547 850 1725 895 suum,

146 942 169 977 ι
205 934 272 980 ut
288 933 476 986 oraret
496 933 569 980 te.
604 944 625 978 ι
655 924 790 980 Cum
817 938 948 996 ergo
970 926 1224 996 cogitatio
1262 938 1364 995 per
1382 923 1728 981 discretionis

138 1019 450 1074 custodiam
490 1016 858 1089 restringitur,
900 1032 997 1072 cor
1030 1017 1173 1087 quod
1211 1017 1398 1089 fugere
1424 1017 1726 1084 consuevit,

138 1109 444 1165 invenitur.
480 1108 625 1164 Nihil
653 1110 851 1180 quippe
881 1109 936 1164 in
962 1108 1119 1165 nobis
1142 1117 1226 1164 est
1254 1110 1420 1165 corde
1449 1108 1724 1178 fugacius,

133 1203 290 1274 quod
315 1216 347 1255 a
376 1201 532 1256 nobis
560 1202 724 1256 toties
754 1201 986 1265 recedit,
1038 1201 1250 1272 quoties
1295 1214 1393 1272 per
1416 1215 1612 1271 pravas
1638 1215 1730 1256 co-

134 1296 438 1368 gitationes
482 1293 688 1350 defluit.
745 1293 853 1351 Sed
900 1295 1069 1350 David
1119 1309 1214 1351 cor
1257 1310 1414 1351 suum
1456 1294 1728 1350 invenisse

132 1388 306 1456 dicit,
332 1387 391 1445 id
417 1396 530 1453 est,
555 1386 841 1444 audaciam
867 1387 921 1442 in
950 1387 1115 1445 corde
1141 1396 1202 1443 ut
1229 1393 1412 1444 oraret
1440 1386 1727 1461 Dominum

133 1480 393 1538 oratione
425 1481 551 1537 hac.
1232 1479 1238 1486 '

734 1610 961 1669 CAPUT
1000 1609 1131 1667 Vill.

214 1770 236 1803 ι
270 1749 499 1807 Factum
541 1760 625 1805 est
660 1755 846 1803 autem
897 1755 1021 1818 post
1061 1747 1208 1813 hac,
1239 1745 1515 1817 percussit
1556 1743 1730 1800 David

1829 558 1973 629 quod
2003 558 2058 613 in
2081 574 2176 614 sua
2200 566 2469 631 potestate
2495 560 2767 626 habuerit,
2800 560 2947 616 nullo
2980 563 3165 634 utique
3190 575 3413 621 contra-

1830 654 2063 719 dicente,
2097 667 2233 724 quos
2256 666 2447 709 eorum
2476 653 2597 708 neci
2634 653 2787 707 daret
2814 658 3181 723 contumaces,
3220 662 3275 712 et
3296 659 3418 729 quia

1828 745 1931 800 bus
1970 754 2217 815 parceret
2270 744 2547 816 subjectis.
2572 742 2706 799 Nam
2738 747 2883 816 quod
2917 745 2994 801 ait
3024 765 3036 800 :
3086 766 3105 799 ‹
3140 747 3419 805 Percussit

1829 835 1999 892 David
2024 834 2373 902 Philistbiim,
2396 843 2453 892 et
2473 835 2780 891 bumiliavit
2803 848 2919 902 eos,
2944 836 3171 908 tulitque
3201 837 3415 894 frenum

1831 928 2043 994 tributi,
2070 948 2086 980 I
2117 937 2247 994 etc.,
2274 936 2454 999 potest
2478 928 2764 1000 allegorice
2788 928 3012 1002 intelligi
3043 949 3055 985 :
3084 930 3254 987 David
3284 931 3416 988 Phi-

1830 1018 2054 1076 listhiim
2074 1021 2364 1091 percussit,
2390 1021 2519 1091 quia
2551 1019 2803 1077 Christus
2832 1021 3095 1079 Dominus
3129 1023 3197 1079 de
3241 1025 3417 1081 aereis

1827 1111 2188 1182 potestatibus
2234 1112 2595 1184 triumphans,
2636 1113 2850 1169 frenum
2887 1112 3094 1172 erroris
3127 1116 3272 1187 quod
3312 1114 3415 1174 hu-

1829 1214 1992 1257 mano
2015 1202 2198 1272 generi
2228 1200 2583 1274 imposuerat,
2612 1202 2896 1275 confregit.
2921 1204 3075 1272 Quod
3097 1215 3281 1262 autem
3306 1204 3413 1262 ait:

1835 1313 1853 1347 (
1882 1293 2157 1351 Percussit
2180 1292 2339 1350 Moab
2355 1303 2412 1350 et
2431 1307 2652 1352 mensus
2675 1304 2760 1351 est
2781 1294 2917 1352 duos
2938 1292 3226 1363 funiculus,
3251 1313 3417 1354 unum

1829 1385 1897 1440 ad
1923 1385 2276 1442 occidendum
2323 1391 2377 1440 ct
2428 1400 2594 1439 unum
2643 1385 2710 1441 ad
2733 1384 3136 1441 viviﬁcandum.
3164 1404 3184 1438 ι
3229 1385 3421 1443 Occul-

1829 1485 1942 1533 tam
1979 1478 2149 1548 ipsius
2182 1477 2395 1534 Domini
2441 1477 2612 1533 nostri
2642 1475 2772 1534 Jesu
2811 1474 3014 1534 Christi
3058 1478 3419 1550 dispensatio-

1828 1586 1956 1627 nem
2007 1570 2301 1641 signiiicat,
2345 1569 2436 1640 qui
2491 1585 2654 1640 quam
2695 1585 2760 1626 ex
2807 1569 3007 1641 populo
3038 1569 3262 1638 inﬁdeli,
3287 1569 3422 1627 alios

1830 1662 2071 1734 gratuita
2109 1660 2463 1717 miseratione
2485 1659 2784 1723 viviﬁcans,
2817 1659 2885 1714 ad
2914 1668 3175 1716 aeternam
3203 1659 3425 1716 liberta-

1830 1761 1939 1809 tem
1969 1751 2402 1824 praedestinavit,
2432 1751 2570 1807 alios
2594 1765 2726 1807 vero
2755 1748 2970 1806 occulto
2994 1750 3200 1823 judicio
3229 1751 3283 1806 in
3324 1764 3425 1807 sua

138 1860 162 1897 ι
198 1842 539 1899 Ριιίὶίειὶιὶίω
563 1882 578 1909 ,
609 1850 664 1898 et
693 1839 999 1896 humiliavit
1021 1854 1117 1896 eos
1155 1858 1168 1893 :
1195 1846 1253 1895 et
1276 1838 1403 1894 tulit
1427 1837 1595 1894 David
1622 1838 1730 1892 fre-
1756 1845 1806 1907 Β
1832 1846 2111 1917 impietate
2147 1844 2590 1915 derelinquendo,
2616 1824 2676 1898 ir;
2700 1853 2962 1914 perpetua
2999 1850 3174 1898 morte
3203 1843 3429 1898 damna-

140 1955 162 1989 ο
201 1951 337 1992 num
382 1933 574 1991 tributi
635 1935 703 1989 de
749 1949 917 1989 manu
964 1932 1326 1998 Pbilisthiim,
1355 1941 1412 1988 et
1455 1931 1727 2003 percussit

138 2048 159 2082 ι
190 2028 374 2094 Moab,
418 2040 641 2082 mensus
684 2034 770 2082 est
804 2040 900 2082 eos
929 2024 1169 2082 funiculo
1213 2038 1502 2095 coaequans
1544 2035 1723 2079 teme.

136 2139 158 2172 α
192 2119 418 2175 Mensus
444 2126 529 2174 est
556 2124 739 2173 autem
768 2117 905 2173 duos
952 2114 1255 2182 funiculos,
1286 2129 1453 2170 unum
1483 2115 1550 2169 ad
1576 2114 1726 2171 occi-

136 2232 157 2265 ι
197 2213 473 2279 ciendum,
526 2218 581 2266 et
632 2226 801 2266 unum
845 2210 913 2266 ad
960 2208 1375 2275 viviﬁcandum,
1409 2226 1428 2260 ι
1461 2216 1568 2263 etc.
1596 2206 1729 2262 Fre-

130 2322 272 2362 num
298 2306 522 2369 tributi,
550 2305 791 2375 quinque
808 2310 968 2358 erant
986 2302 1232 2358 civitates
1255 2300 1724 2366 Philisthinorum,

130 2411 262 2466 qua:
294 2395 610 2465 frequenter
653 2392 821 2449 Israel
869 2393 972 2449 sibi
1010 2393 1367 2448 ‘tributarium
1409 2390 1721 2446 faciebant:

129 2501 281 2558 quas
302 2487 383 2543 eis
410 2486 532 2541 tulit
557 2486 726 2541 David
762 2493 819 2540 et
856 2484 1161 2541 humiliavit
1189 2499 1315 2550 eas,
1346 2470 1583 2554 fecitque
1621 2483 1726 2539 sibi

135 2579 479 2634 tributarias.
506 2579 659 2635 Unde
678 2587 734 2634 et
755 2578 810 2633 in
832 2576 1284 2648 Paralipomenon
1306 2576 1502 2649 legitur
1529 2595 1540 2630 :
1572 2595 1591 2627 ι
1622 2575 1727 2630 Hu-

138 2689 161 2723 e
198 2671 573 2739 miliaviteos,
605 2684 662 2726 et
690 2671 815 2726 tulit
840 2670 982 2727 Geth
1023 2679 1079 2727 et
1124 2671 1267 2727 ﬁlias
1303 2669 1422 2742 ejus
1447 2670 1514 2726 de
1560 2686 1725 2726 manu

134 2785 156 2818 ι
194 2780 425 2833 eorum,
464 2774 521 2822 et
560 2766 831 2837 percussit
863 2765 1051 2831 Moab,
1080 2775 1135 2821 et
1166 2778 1385 2820 mensus
1412 2773 1497 2821 est
1520 2780 1615 2820 eos
1638 2763 1725 2818 fu-

132 2880 156 2913 ε
192 2860 382 2916 niculo
407 2875 695 2931 coaequans
721 2868 882 2915 terrae
913 2858 965 2929 (Ι
996 2858 1127 2914 Par.
1153 2858 1334 2930 xvtn).
1366 2879 1385 2911 ι
1415 2856 1568 2925 Quod
1598 2872 1728 2913 vero

127 2952 401 3022 scriptum
424 2961 508 3008 est
533 2953 601 3007 de
628 2951 831 3008 David:
860 2960 916 3008 et
941 2951 1210 3022 percussit
1233 2950 1388 3006 Moab
1414 2958 1470 3004 et
1508 2964 1729 3005 mensus

128 3052 219 3101 est
250 3059 352 3101 eos
382 3044 639 3110 funiculo,
664 3058 956 3115 coaequans
981 3052 1168 3108 terrae,
1196 3041 1540 3113 hyperbolice
1568 3041 1730 3096 debet

128 3135 313 3207 accipi
346 3153 361 3190 :
390 3150 497 3191 non
523 3136 668 3191 enim
696 3134 812 3190 ﬁeri
845 3143 1058 3205 poterat
1102 3142 1161 3188 ut
1207 3135 1456 3189 homines
1497 3134 1555 3189 in
1584 3141 1728 3189 terra

1830 1939 1931 1994 vit.
1963 1937 2121 2007 Quod
2153 1946 2334 1993 autem
2378 1934 2553 1992 David
2590 1933 2768 2002 Moab,
2797 1934 2892 2004 qui
2934 1934 3325 2004 interpretatur
3359 1932 3426 1987 de

1829 2039 2001 2102 patre,
2026 2039 2079 2086 et
2104 2028 2319 2101 Syriam
2344 2027 2588 2093 Damasi,
2624 2034 2681 2083 et
2703 2033 2930 2082 caeteras
2955 2026 3205 2098 regiones
3233 2023 3424 2081 ditioni

1830 2138 1942 2177 sua:
1964 2122 2277 2194 subjugans,
2308 2120 2440 2176 fecit
2460 2134 2583 2177 esse
2603 2118 2920 2176 tributarias
2953 2136 2967 2174 :
2995 2118 3224 2192 mystice
3251 2117 3424 2189 signi-

1830 2213 1995 2268 ﬁcant
2032 2214 2176 2285 quod
2206 2212 2460 2269 Christus
2486 2226 2677 2268 omnes
2699 2222 2889 2284 gentes
2912 2211 3014 2268 sub
3043 2224 3143 2268 sua
3174 2210 3422 2267 domina-

1831 2307 1978 2363 tione
2019 2314 2232 2372 tenens,
2270 2304 2401 2361 facit
2430 2318 2661 2375 pensum
2703 2303 2983 2360 servitutis
3028 2302 3131 2359 sibi
3172 2299 3424 2369 reddere,

1830 2404 1957 2459 dum
1984 2403 2212 2475 singulae
2237 2416 2467 2475 quaeque
2496 2402 2748 2457 nationes
2776 2402 2829 2457 in
2868 2400 3105 2457 nominis
3141 2397 3259 2469 ejus
3293 2414 3428 2456 con-

1828 2493 2063 2550 fessione
2105 2495 2379 2560 adunatze,
2410 2494 2604 2550 devote
2635 2507 2858 2549 censum
2887 2493 3153 2549 bonorum
3197 2505 3422 2563 operum

1829 2584 1905 2639 illi
1940 2584 2243 2640 exsolvunt.
2277 2584 2574 2641 Damascus
2603 2584 2749 2640 enim
2772 2582 2969 2640 nobilis
2993 2592 3078 2639 est
3104 2584 3233 2639 urbs
3262 2582 3426 2638 Phin-

1827 2677 2006 2743 nicire,
2035 2676 2225 2732 eodem
2254 2676 2519 2732 vocabulo
2553 2691 2663 2748 quo
2693 2684 2747 2732 et
2774 2674 2979 2732 Meseth
3005 2675 3217 2731 ancillae
3240 2674 3419 2729 Abra-

1828 2769 1954 2824 ham
1987 2767 2131 2823 ﬁlius
2157 2768 2457 2839 appellatus
2481 2775 2599 2823 est:
2625 2777 2682 2823 et
2710 2766 3008 2822 Damascus
3039 2766 3427 2835 interpretatur

1828 2858 2092 2925 sublimis,
2119 2860 2235 2915 sive
2262 2861 2528 2914 humecta.
2560 2859 2628 2914 Et
2660 2859 2799 2915 bene
2842 2874 2962 2928 quae
2992 2856 3144 2930 prius
3172 2857 3424 2911 humecta

1827 2951 2072 3020 libidine,
2107 2954 2338 3024 superba
2372 2953 2600 3023 spiritu,
2643 2951 2961 3023 sanguinem
3004 2951 3300 3006 humanum
3343 2948 3425 3002 in-

1832 3044 2173 3116 explebiliter
2241 3042 2459 3101 sitiebat
2508 3044 2533 3098 ε’
2564 3060 2706 3100 nunc
2770 3042 3026 3099 mandata
3098 3041 3426 3113 baptismate

1831 3137 2057 3205 Christi,
2092 3136 2339 3195 sublimis
2386 3136 2635 3210 profectu
2671 3137 2956 3203 virtutum,
2987 3134 3265 3208 sanguinis
3307 3134 3424 3207 ejus

127 3225 425 3297 degentes,
481 3226 534 3280 in
588 3222 797 3281 tantum
860 3224 1297 3291 bumiliarentur,
1336 3225 1507 3281 donec
1558 3225 1728 3296 ipsius
1752 3213 1800 3279 C
1830 3228 2081 3300 poculum
2114 3229 2386 3286 desiderat
2414 3230 2716 3300 percipere.
2750 3227 2890 3296 Quid
2923 3238 3104 3283 autem
3151 3225 3426 3297 signiﬁcat

126 3328 301 3375 terrae
314 3317 740 3384 dorso,funiculo
752 3326 1145 3390 superextenso
1156 3321 1729 3389 comprobante,appa-

122 3421 328 3467 rerent
351 3410 583 3481 aquales
608 3429 622 3464 :
655 3410 749 3467 sed
766 3412 1086 3467 immensam
1111 3410 1541 3466 humiliationem
1556 3419 1729 3480 captaa

124 3510 190 3559 et
218 3514 495 3573 oppressa:
522 3504 704 3576 gentis
725 3502 898 3557 voluit
924 3501 1204 3572 Scriptura
1236 3503 1341 3558 hoc
1370 3504 1538 3558 verbo
1567 3517 1729 3558 accu-

124 3592 380 3659 mulare,
414 3601 475 3648 ut
506 3594 714 3650 diceret
746 3594 865 3650 ideo
893 3603 1136 3665 aaquatos
1159 3611 1252 3651 eos
1283 3604 1460 3662 terrae,
1492 3610 1558 3650 eo
1582 3594 1727 3666 quod

126 3694 324 3742 essent
350 3686 546 3757 ejurati
574 3694 739 3757 atque
770 3688 1099 3758 contempti,
1132 3687 1205 3742 ita
1234 3698 1293 3742 ut
1319 3688 1371 3743 in
1421 3687 1570 3745 nullo
1606 3704 1725 3743 am-

124 3778 281 3849 plius
303 3779 554 3835 homines
581 3781 635 3835 in
667 3788 813 3835 terra
841 3780 1126 3850 degentes,
1161 3789 1385 3851 possent
1410 3783 1493 3837 eis
1528 3782 1723 3853 nequi-

124 3870 213 3925 tia
264 3871 557 3941 coaequari.
634 3869 954 3940 Hujusmodi
1009 3871 1301 3927 locutionis
1350 3872 1502 3943 plura
1557 3873 1724 3929 habes

126 3963 383 4034 exempla
430 3963 489 4018 in
531 3962 829 4035 Scripturis
872 3981 885 4019 :
918 3964 1077 4035 quale
1120 3974 1203 4021 est
1244 3964 1374 4019 illud
1408 3965 1721 4037 Evangelii:

133 4074 159 4108 ι
198 4053 341 4110 Sunt
368 4063 549 4111 autem
593 4064 650 4111 et
678 4057 785 4111 alia
822 4056 993 4112 multa
1025 4072 1147 4127 qua:
1195 4056 1325 4112 fecit
1366 4056 1557 4124 Jesus,
1606 4074 1727 4130 quae

130 4166 159 4201 ι
201 4147 251 4203 si
271 4148 583 4203 scribantur
603 4162 704 4220 per
723 4149 957 4220 singula,
984 4164 1082 4206 nec
1109 4149 1285 4221 ipsum
1314 4151 1550 4206 arbitror
1573 4167 1727 4206 mun-

130 4256 159 4293 e
192 4239 324 4294 dum
356 4254 555 4311 capere
580 4254 675 4296 eos
709 4241 802 4312 qui
842 4241 1116 4297 scribendi
1157 4252 1284 4297 sunt
1328 4241 1497 4298 libros
1536 4241 1722 4314 (Joan.

132 4349 159 4383 e
194 4331 335 4404 ut).
371 4350 390 4385 ι
416 4331 697 4399 Quomodo
722 4332 869 4389 enim
892 4346 1000 4389 non
1025 4340 1250 4404 caperet
1268 4330 1509 4390 mundus
1533 4333 1721 4402 libros,

120 4425 228 4498 qui
272 4425 438 4481 scribi
479 4426 783 4496 potuissent
833 4427 889 4481 in
938 4427 1174 4483 mundo?
1198 4425 1306 4483 Sed
1344 4427 1410 4483 ad
1441 4427 1722 4483 insinuan-

123 4518 263 4574 dam
302 4517 763 4590 magnitudinem,
807 4532 872 4574 ac
905 4518 1306 4574 multitudinem
1340 4534 1567 4591 cperum
1613 4520 1720 4576 Do-

120 4609 292 4675 mini,
317 4586 415 4665 tali
454 4611 622 4667 verbo
656 4610 827 4666 voluit
860 4611 937 4666 uti
984 4609 1285 4680 Scriptura.
1314 4586 1393 4667 Et-
1419 4612 1474 4668 in
1505 4612 1725 4685 planctu
1752 4586 1805 4646 Β

122 4703 311 4761 David
356 4718 519 4775 super
565 4702 695 4759 Sani
731 4711 787 4760 et
815 4702 1119 4771 Jonathan,
1165 4704 1360 4775 aquilis
1402 4705 1723 4772 velociores,

122 4799 385 4856 leonibus
433 4800 703 4857 fortiores.
746 4801 846 4857 Cui
891 4802 1225 4858 simillimum
1266 4808 1349 4856 est
1393 4799 1521 4854 illud
1561 4799 1726 4853 etiam

120 4888 474 4947 saecularium
504 4890 827 4948 litterarum.
864 4892 966 4962 Qui
1005 4892 1241 4948 candore
1270 4892 1423 4946 nives
1453 4890 1728 4946 anteirent

116 4980 390 5037 cursibus
428 4996 609 5038 auras.
648 4980 802 5050 Quod
842 4991 1022 5039 autem
1068 4997 1290 5039 mensus
1337 4998 1434 5038 eos
1486 4982 1724 5037 funiculo

120 5074 297 5138 dixit,
349 5072 644 5131 funiculum
698 5075 1019 5145 allegorice,
1079 5090 1180 5147 pro
1221 5082 1368 5131 sorte
1410 5078 1622 5146 posuit,
1661 5092 1726 5134 eo

117 5166 283 5237 quod
309 5164 550 5221 funiculo
576 5166 789 5223 soleant
823 5180 1079 5238 agrorum
1119 5168 1293 5236 spatia
1333 5169 1535 5225 metiri.
1572 5166 1726 5226 Unde

118 5261 401 5332 scriptum
429 5271 513 5316 est
541 5278 554 5314 :
596 5276 617 5312 ‹
654 5260 720 5316 Et
753 5270 902 5317 sorte
934 5261 1117 5317 divisit
1149 5263 1230 5318 eis
1269 5272 1468 5319 terram
1501 5263 1554 5318 in
1586 5262 1728 5318 funi-

115 5353 258 5411 culo
318 5352 731 5411 distributionis.
788 5370 809 5407 i
852 5354 1138 5427 Signiﬁcat
1182 5367 1399 5423 autem,
1438 5359 1567 5428 quia
1612 5365 1724 5413 tam

114 5444 308 5502 libera
331 5446 682 5518 dispositione
703 5446 873 5504 David
898 5448 1145 5520 regiones
1169 5448 1528 5506 Moabilarum
1555 5444 1724 5505 haere-

114 5539 298 5596 dibus
326 5539 520 5610 quibus
543 5540 739 5608 vellet,
780 5542 963 5597 divisit
991 5542 1147 5613 quasi
1180 5558 1463 5614 possessor
1499 5542 1725 5617 quilibet

114 5646 299 5705 agros
343 5633 591 5703 proprios
637 5633 704 5688 ad
750 5642 1175 5721 nutum‘sunm,
1208 5637 1372 5692 ducto
1409 5636 1516 5692 huc
1564 5643 1726 5707 atque

114 5724 262 5782 inde
294 5721 549 5792 funiculo,
582 5725 808 5781 dirimit.
845 5744 865 5776 ‹
904 5717 1121 5784 Mensus
1148 5736 1230 5785 est
1262 5737 1440 5785 autem
1471 5729 1608 5786 duos
1638 5728 1723 5785 fu-

113 5814 365 5881 niculus,
401 5831 566 5871 unum
622 5818 689 5874 ad
737 5817 1089 5875 occidendum
1143 5830 1198 5878 et
1238 5836 1403 5878 unum
1449 5827 1511 5879 ad
1553 5824 1725 5878 viviﬁ-

1832 3319 1975 3390 quod
2005 3320 2177 3376 David
2202 3335 2330 3376 vasa
2360 3335 2527 3375 aurea
2557 3329 2611 3375 et
2638 3326 2897 3392 argentea
2921 3327 3086 3389 atque
3114 3328 3277 3383 aerea,
3304 3331 3425 3387 qua:

1835 3412 2032 3477 tulerat
2069 3414 2136 3468 de
2164 3412 2431 3469 universis
2460 3413 2735 3486 gentibus,
2768 3410 3133 3468 sanctiﬁcavit
3173 3410 3422 3477 Domino,

1830 3506 1935 3562 nisi
1961 3507 2107 3578 quod
2135 3507 2388 3564 Christus
2410 3522 2601 3563 omnes
2629 3523 2767 3578 quos
2793 3507 2859 3563 de
2880 3506 3149 3561 universis
3172 3505 3426 3575 gentibus

1828 3606 2096 3654 convocat
2143 3599 2209 3654 ad
2262 3597 2423 3653 ﬁdem
2466 3614 2619 3654 suam
2653 3615 2667 3652 :
2697 3597 2833 3654 alios
2860 3598 2979 3653 auri
3019 3596 3158 3661 loco,
3191 3596 3293 3651 hoc
3341 3602 3428 3650 est

1830 3704 1993 3746 sensu
2018 3689 2246 3760 spiritali
2278 3691 2570 3761 praeclaros
2597 3709 2610 3745 :
2636 3690 2772 3747 alios
2813 3688 3038 3760 argenti,
3065 3687 3169 3744 hoc
3198 3694 3285 3744 est
3320 3687 3426 3744 elo-

1830 3782 2065 3853 quentiae
2094 3792 2271 3839 nitore
2295 3783 2641 3853 splendentes
2671 3802 2684 3838 :
2719 3783 2857 3839 alios
2885 3797 3013 3838 vero
3042 3780 3426 3853 praedicatione
3494 3838 3501 3845 ,

1829 3877 1995 3933 divini
2024 3877 2247 3933 honoris
2269 3876 2575 3932 sanctiﬁcat
2595 3876 2846 3943 Domino,
2866 3884 2926 3930 ut
2952 3875 3008 3930 in
3029 3875 3146 3946 ejus
3172 3875 3427 3930 taberna-

1828 3972 1952 4027 culo
1980 3971 2214 4028 ﬁdeliter
2239 3972 2629 4040 deservientes,
2657 3972 2828 4044 ipsius
2854 3973 3159 4030 ministerio
3184 3972 3238 4027 in
3268 3980 3428 4028 mter-

1829 4080 1959 4119 num
1994 4065 2376 4122 decentissime
2402 4067 2832 4139 perfungantur?

1864 4174 1867 4175 '
1905 4181 1923 4213 ι
1948 4161 2103 4217 Fecit
2137 4178 2354 4235 quoque
2385 4163 2489 4221 sibi
2518 4164 2688 4219 David
2724 4180 2922 4220 nomen
2965 4179 3090 4220 cum
3123 4168 3427 4220 revertere-

1833 4275 1853 4307 ι
1888 4262 1994 4323 tur,
2025 4266 2183 4327 capta
2215 4254 2373 4330 Syria
2421 4256 2476 4312 in
2516 4256 2655 4313 valle
2686 4255 3020 4325 Salinarnm,
3049 4257 3204 4313 caesis
3234 4256 3424 4313 decem

1832 4369 1851 4401 ι
1884 4356 1941 4405 et
1966 4356 2091 4405 octo
2121 4349 2380 4406 millibus.
2404 4370 2422 4403 ι
2454 4348 2672 4406 Fecisse
2701 4351 2803 4406 sibi
2825 4365 3022 4405 nomen
3051 4344 3270 4415 dicitur,
3296 4347 3425 4419 quia

1798 4441 1882 4495 ‘in
1922 4439 2061 4495 valle
2112 4439 2419 4496 Salinarum
2460 4442 2617 4498 caesis
2664 4442 2848 4498 decem
2904 4449 2959 4496 et
2999 4446 3124 4496 octo
3161 4438 3423 4506 millibus,

1830 4533 2006 4589 erexit
2033 4532 2135 4589 sibi
2174 4532 2437 4589 fornicem
2479 4534 2888 4606 triumphalem.
2928 4533 3079 4590 Fecit
3121 4534 3282 4588 etiam
3322 4531 3426 4589 sibi

1836 4638 2055 4690 nomen,
2100 4624 2226 4694 quia
2267 4625 2409 4680 victa
2448 4623 2604 4698 Syria
2645 4625 2918 4691 Damasci,
2952 4633 3008 4680 et
3044 4622 3203 4696 Syria
3238 4622 3423 4690 Sohal,

1836 4715 2074 4770 erexisse
2111 4714 2214 4770 sibi
2250 4714 2449 4770 dicitur
2476 4715 2701 4770 alteram
2730 4714 2991 4772 fornicem
3019 4713 3422 4787 triumphalem.

1834 4810 1902 4865 Et
1933 4809 1978 4865 si
2009 4824 2172 4879 quem
2207 4819 2413 4876 movet,
2436 4810 2579 4880 quod
2602 4810 2654 4865 in
2690 4809 2961 4881 plerisque
2987 4808 3304 4864 Latinorum
3336 4820 3427 4860 co-

1835 4901 2044 4958 dicibus
2072 4902 2370 4968 invenitur,
2392 4900 2559 4957 David
2590 4918 2700 4957 non
2727 4902 2993 4973 decein.et
3019 4909 3143 4957 octo
3174 4898 3340 4954 millia
3371 4894 3425 4951 in

1834 4994 1973 5050 valle
2020 4993 2351 5060 Salinarum,
2399 4994 2493 5051 sed
2542 4995 2824 5052 duodecim
2876 4993 3179 5051 cecidisse:
3212 4988 3428 5046 noverit

1835 5090 1938 5145 hoc
1967 5089 2158 5143 vitium
2189 5088 2517 5160 scriptorum
2548 5088 2601 5144 in
2631 5089 2837 5145 eisdem
2866 5084 3143 5145 codicibus
3178 5081 3424 5138 molitum

1833 5196 1973 5237 esse.
2001 5176 2284 5237 Veraciter
2309 5188 2438 5235 tunc
2461 5179 2632 5236 David
2659 5176 2712 5235 in
2735 5180 2922 5237 eadem
2947 5177 3084 5232 valle
3112 5172 3422 5231 Salinarum

1833 5273 2021 5330 decem
2058 5280 2113 5329 et
2139 5282 2263 5329 octo
2291 5272 2457 5328 millia
2490 5270 2705 5339 cecidit,
2738 5278 2795 5328 et
2823 5268 2958 5327 Joab
2983 5283 3115 5325 vero
3141 5262 3423 5323 duodecim

1833 5365 2024 5433 millia,
2055 5366 2194 5422 sicut
2242 5366 2293 5421 in
2318 5365 2493 5431 titulo,
2534 5362 2975 5436 Quinquagesimi
3007 5360 3194 5418 Octavi
3229 5358 3425 5433 psalmi

1835 5460 2113 5516 scribitur.
2144 5458 2412 5517 Caeterum
2450 5458 2737 5531 allegorice
2769 5457 2899 5530 quid
2925 5456 2980 5511 in
3006 5469 3267 5528 percussa
3288 5452 3425 5513 mul-

1837 5551 2067 5607 titudine
2100 5568 2129 5606 a
2162 5550 2327 5608 David
2376 5552 2431 5607 in
2482 5530 2793 5606 Salinarum
2838 5546 2979 5603 valle
3022 5547 3283 5621 signatur,
3316 5530 3433 5603 nisi

1835 5644 1960 5715 quia
2009 5644 2339 5716 Redemptor
2383 5652 2571 5701 noster
2618 5657 2730 5697 suae
2775 5640 3027 5699 videlicet
3070 5638 3423 5699 districtionis

1835 5736 2105 5802 examine,
2139 5735 2193 5791 in
2223 5737 2309 5791 his
2333 5735 2423 5804 qui
2456 5734 2522 5788 de
2546 5730 2637 5788 illo
2661 5746 2825 5803 prave
2850 5733 3112 5802 sentiunt,
3136 5731 3420 5790 stultitiam

1837 5828 2176 5884 immodevati
2222 5826 2432 5897 saporis
2473 5826 2803 5898 exstinguit?
2845 5826 2995 5885 Unde
3024 5839 3078 5884 et
3106 5843 3204 5901 per
3227 5839 3416 5897 quent-
