3970 6332
22 4351 34 4592 ἒ

495 432 600 490 559
1530 414 1884 475 ANGELOMI
1923 411 2390 471 LUXOVIENSIS
2432 409 2738 466 MONACHI
3679 403 3786 458 360

493 547 619 602 datu
647 541 950 613 sapientem
986 537 1223 594 dicitur:
1256 554 1274 587 ι
1310 533 1417 591 Cor
1450 535 1644 590 durum
1683 532 1825 588 male
1867 529 2086 586 habebit
2109 531 2162 592 Α
2188 544 2309 583 rum
2344 536 2654 584 sanctarum
2697 525 2940 597 quotidie
2967 538 3152 580 secum
3183 520 3378 576 reﬁcit.
3407 517 3572 576 Unde
3601 519 3790 573 evenit

496 638 550 692 in
601 631 930 698 novissimo;
980 637 1054 685 etp
1079 627 1173 700 qui
1210 632 1360 682 amat
1404 622 1704 697 periculum
1773 623 1828 678 in
1867 620 1958 677 illo
1989 633 2084 691 pe-

498 727 645 784 ribit.
685 743 708 780 ι
1489 721 1494 725 ’

1109 854 1338 913 CAPUT
1370 853 1464 911 IX.

578 1017 595 1048 ι
627 996 696 1052 Ει
737 995 875 1050 dixit
919 991 1130 1048 David:
1163 990 1401 1046 Putasne
1445 995 1532 1044 est
1579 985 1775 1057 aliquis
1819 984 1887 1040 de
1929 985 2089 1038 domo

505 1108 522 1139 ι
567 1086 716 1151 Saul,
756 1095 815 1140 ut
850 1083 1044 1139 faciam
1083 1097 1208 1137 cum
1255 1096 1321 1136 eo
1373 1079 1801 1135 misericordiam
1838 1075 2091 1131 Domini?

506 1197 523 1228 ‹
566 1176 820 1247 Dixitque
857 1174 986 1230 Siba
1032 1172 1147 1244 regi
1176 1191 1188 1226 :
1219 1170 1479 1242 Superest
1510 1169 1651 1225 ﬁlius
1675 1168 1966 1224 Jonatham
1998 1167 2091 1222 de-

505 1288 524 1320 ι
560 1267 688 1323 bilis
707 1266 955 1338 pedibus.
988 1283 1006 1316 ι
1051 1263 1226 1318 David
1254 1278 1362 1317 nou
1389 1262 1677 1316 immemor
1710 1268 1830 1314 erat
1869 1258 2092 1315 ftederis

500 1361 644 1433 quod
659 1361 934 1416 habuerat
960 1372 1087 1413 cum
1109 1354 1401 1412 Jonatham
1425 1363 1481 1410 et
1507 1353 1637 1409 olim
1661 1353 1963 1424 pepigerat,
1997 1351 2092 1406 sed

501 1449 935 1508 misericordiam
969 1462 1132 1519 quam
1159 1447 1209 1502 ei
1247 1444 1575 1516 promiserat
1601 1444 1827 1515 implere
1853 1441 2088 1507 curavit,

501 1543 780 1614 ﬁliumque
827 1540 946 1612 ejus
995 1540 1258 1611 requirit,
1303 1548 1360 1595 et
1403 1537 1830 1594 misericordiam
1878 1552 2000 1592 cum
2027 1551 2093 1591 eo

499 1635 649 1693 fecit.
677 1635 795 1692 Non
837 1634 985 1690 enim
1029 1643 1152 1690 erat
1184 1632 1354 1688 David
1389 1647 1458 1687 ex
1489 1647 1678 1687 eorum
1719 1629 1996 1692 societate,
2029 1629 2095 1684 de

499 1731 697 1802 quibus
739 1728 874 1784 alias
901 1728 1164 1798 scriptum
1204 1735 1290 1782 est
1318 1744 1331 1779 :
1357 1725 1460 1793 Qui
1508 1725 1645 1782 tollit
1686 1727 1753 1780 ab
1791 1725 1966 1779 amico
1998 1740 2095 1780 suo

500 1821 951 1885 misericordiam,
990 1819 1246 1874 timorem
1297 1816 1514 1873 Domini
1566 1816 1911 1886 derelinquit.
1965 1814 2095 1882 Quae

2185 628 2245 674 ut
2274 620 2408 675 tales
2445 617 2683 675 sobolem
2712 618 2956 688 gignant,
2985 616 3077 686 qui
3111 623 3337 670 vocetur
3363 611 3567 668 Micha.
3605 610 3784 666 Micb'

2185 716 2327 770 enim
2368 715 2484 784 quis
2523 722 2598 768 est
2626 710 2817 766 Latine
2847 717 3085 776 resonat,
3115 709 3242 780 quia
3256 707 3597 778 frequenter
3636 713 3696 758 et
3735 703 3787 756 in

2187 805 2599 860 admirationem
2653 802 2834 873 populi
2885 802 3020 856 tales
3070 801 3293 855 veniunt
3337 813 3354 851 :
3393 798 3486 868 qui
3533 810 3729 866 nuper
3759 809 3792 850 e

2188 896 2444 965 despectu
2467 895 2654 951 mundi
2678 893 2866 962 ablati,
2895 892 3114 966 gloriosi
3144 891 3201 947 in
3237 889 3482 946 Ecclesia
3510 887 3622 946 Dei
3651 887 3792 944 dono

2189 988 2544 1059 apparebunt.

2817 1123 3048 1182 CAPUT
3080 1123 3148 1179 Χ.

2265 1281 2283 1312 ι
2323 1261 2546 1317 Factum
2577 1268 2661 1316 est
2695 1268 2873 1316 autem
2916 1269 3037 1330 post
3081 1259 3197 1314 hac
3230 1267 3289 1313 ut
3339 1267 3668 1313 moreretur
3709 1272 3796 1312 res

2197 1372 2216 1404 ι
2260 1351 2491 1407 ﬁliorum
2517 1353 2770 1417 Ammon,
2800 1358 2855 1405 et
2886 1359 3137 1421 regnaret
3163 1349 3352 1404 Hauon
3395 1348 3542 1404 ﬁlius
3572 1363 3690 1419 pro
3717 1364 3795 1401 eo.

2199 1465 2217 1498 ι
2253 1445 2504 1514 Dixitque
2535 1445 2703 1499 David
2743 1461 2757 1498 :
2788 1443 3009 1499 Faciam
3049 1441 3479 1498 misericordiam
3523 1457 3666 1497 cum
3703 1439 3799 1494 Ha-

2201 1558 2219 1589 ‹
2256 1554 2360 1594 non
2387 1538 2498 1594 ﬁlio
2543 1537 2706 1604 Naas,
2731 1538 2872 1593 sicut
2901 1537 3026 1593 fecit
3052 1547 3208 1607 pater
3235 1537 3354 1607 ejus
3385 1549 3612 1590 meeum
3647 1535 3800 1588 mise-

2201 1652 2220 1684 ι
2258 1633 2569 1699 ricordiam,
2610 1652 2627 1683 ›
2673 1643 2728 1687 et
2780 1632 3007 1700 reliqua.
3065 1630 3292 1698 Quando
3345 1629 3482 1701 fugit
3534 1629 3728 1682 David
3775 1644 3798 1680 a

2195 1726 2334 1782 facie
2377 1725 2544 1781 Achis
2593 1725 2736 1796 regis
2777 1724 2939 1789 Geth,
2971 1724 3120 1778 venit
3156 1727 3222 1779 ad
3261 1723 3402 1776 Naas
3444 1737 3645 1794 regem
3681 1723 3800 1773 Am-

2197 1836 2345 1885 mon,
2375 1819 2467 1889 qui
2493 1818 2622 1874 fecit
2645 1834 2769 1872 cum
2809 1832 2874 1872 eo
2903 1815 3351 1878 misericordiam,
3382 1814 3552 1868 multa
3589 1814 3799 1881 imper-

501 1928 593 1968 res
620 1921 675 1967 et
703 1910 1018 1967 ﬁdelitatem
1064 1907 1316 1980 probavit
1359 1905 1654 1962 secundum
1699 1905 1984 1960 historiam
2037 1904 2092 1958 in
2121 1894 2169 1955 Β
2199 1911 2381 1966 ιὶεηίιο
2412 1910 2571 1965 bona,
2606 1911 2681 1964 De
2717 1909 2877 1964 domo
2909 1906 3050 1961 Naas
3079 1907 3260 1974 itaque
3287 1905 3434 1959 venit
3475 1905 3530 1957 in
3571 1903 3802 1972 spem“.

501 2003 641 2069 viro,
671 2010 725 2057 et
767 2007 1170 2058 sacramentum
1205 1997 1362 2068 juxta
1412 1997 1722 2068 allegoriam
1766 1997 2000 2051 ostendit
2037 1995 2090 2050 in

505 2095 666 2150 facto.
701 2093 857 2164 Saepe
877 2093 1024 2149 enim
1046 2091 1249 2149 dictum
1278 2100 1364 2147 est
1387 2091 1558 2146 David
1579 2107 1866 2162 personam
1888 2090 2094 2146 Christi

503 2185 762 2257 ﬁgurare,
791 2200 1003 2241 necnon
1035 2193 1089 2240 et
1123 2185 1178 2240 in
1211 2183 1580 2254 superioribus
1611 2192 2092 2239 commemoratum

503 2285 589 2331 est
618 2295 630 2330 :
663 2274 934 2332 Jonathan
987 2275 1080 2346 qui
1125 2274 1516 2344 interpretatur
1564 2273 1819 2328 columba:
1865 2274 2092 2337 donum,

504 2376 692 2440 typum
733 2376 918 2425 tenere
961 2367 1150 2440 gratia:
1200 2365 1436 2438 Spiritus
1483 2366 1678 2422 sancti.
1717 2365 1917 2420 Habuit
1966 2380 2095 2435 ergo

503 2459 766 2516 Jonathas
833 2459 1000 2515 ﬁlium
1054 2458 1337 2530 parvulum
1402 2459 1621 2514 nomine
1693 2458 2093 2530 Miphiboseth,

505 2561 738 2624 utroque
764 2553 900 2623 pede
936 2553 1213 2619 claudum,
1251 2563 1312 2606 ut
1337 2551 1620 2621 Scriptura
1658 2560 1907 2616 testatur,
1935 2565 2094 2621 quem

505 2641 676 2698 David
719 2643 786 2698 ad
829 2657 887 2698 se
929 2643 1188 2698 accersiri
1230 2641 1429 2710 jussit:
1463 2657 1584 2697 cum
1615 2641 2020 2711 praedestinatio
2043 2649 2098 2695 et

505 2734 844 2804 prtescientia
872 2735 989 2800 Dei,
1015 2749 1138 2790 eum
1183 2750 1347 2804 quem
1393 2736 1462 2790 ad
1491 2735 1673 2790 saeculi
1714 2735 2016 2790 ministeria
2045 2743 2098 2788 et

505 2825 778 2880 mundana
827 2826 1046 2898 negotia
1095 2827 1398 2882 exercenda
1427 2867 1442 2892 ,
1491 2842 1743 2882 sermone
1781 2835 1836 2880 et
1887 2825 2100 2880 actione

506 2917 738 2974 debilem
780 2919 1065 2990 conspicit,
1099 2919 1168 2974 ad
1213 2919 1455 2974 divinum
1498 2917 1863 2973 ministerium
1905 2917 2096 2985 eligit:

507 3011 636 3082 quia
677 3026 839 3082 quem
888 3012 1122 3067 mundus
1169 3026 1266 3081 per
1318 3011 1518 3066 fastum
1573 3009 1823 3066 elationis
1873 3008 2098 3079 spernit,

507 3101 654 3157 hunc
686 3104 829 3158 Deus
862 3114 1081 3176 pr0pter
1109 3105 1451 3159 devotionem
1488 3103 1809 3159 humilitatis
1845 3102 2098 3172 acquirit.

509 3193 906 3264 Interpretatur
947 3197 1091 3250 enim
1144 3195 1507 3264 Miphiboseth
1561 3197 1719 3250 decor
1752 3196 2097 3266 ignominiaa:

2198 2018 2316 2058 eam
2342 2001 2606 2066 Odollam,
2628 1999 2724 2054 ubi
2747 2007 3013 2055 venerunt
3039 1999 3105 2052 ad
3127 2010 3249 2050 eum
3270 2004 3424 2067 pater
3450 2005 3508 2049 et
3535 2002 3733 2048 mater
3757 2005 3803 2047 et

2196 2095 2376 2151 omnis
2414 2095 2607 2149 domus
2643 2091 2780 2161 ejus.
2831 2092 2960 2147 Inde
3003 2091 3152 2146 venit
3188 2090 3258 2144 ab
3296 2088 3473 2153 Moab,
3506 2097 3561 2142 et
3591 2087 3804 2141 dimisit

2199 2187 2340 2258 apud
2385 2200 2508 2240 eum
2558 2194 2768 2256 patrem
2803 2195 2860 2240 et
2899 2193 3159 2248 matrem,
3203 2191 3260 2237 et
3306 2197 3524 2236 omnem
3571 2181 3801 2234 domum

2199 2294 2389 2344 suam,
2436 2287 2492 2333 et
2544 2277 2706 2332 rediit
2747 2276 2814 2330 ad
2864 2275 3029 2330 Achis
3083 2289 3284 2345 regem.
3336 2273 3452 2339 Quo
3485 2272 3636 2334 viso,
3672 2272 3806 2324 dixit

2199 2370 2366 2426 Achis
2393 2384 2488 2425 rex
2513 2369 2654 2426 Geth
2681 2385 2696 2423 :
2722 2368 2944 2424 Hiccine
2975 2367 3306 2436 ingredietur
3334 2366 3557 2419 domum
3581 2365 3804 2418 manu?

2200 2463 2349 2518 Abiit
2379 2463 2504 2518 inde
2527 2471 2582 2517 et
2605 2460 2739 2532 fugit
2763 2461 2816 2515 in
2841 2460 3154 2530 speluncam
3182 2457 3448 2514 Odollam.
3472 2457 3632 2511 Abiit
3657 2456 3802 2516 inde,

2204 2553 2402 2624 inquit,
2443 2552 2764 2608 subauditur
2790 2552 2855 2607 de
2887 2551 3048 2605 domo
3076 2549 3240 2615 Naas,
3273 2558 3328 2604 et
3366 2547 3504 2618 fugit
3544 2548 3618 2601 ad
3660 2562 3806 2602 eam-

2203 2648 2324 2702 dem
2353 2645 2683 2715 speluncam.
2717 2641 2774 2697 Si
2804 2657 2933 2697 vero
2960 2641 3241 2710 quaeritur,
3269 2649 3428 2710 prout
3451 2639 3614 2709 longe
3641 2655 3802 2708 supe-

2203 2740 2318 2794 rius
2346 2737 2561 2808 legitur,
2586 2751 2684 2790 cur
2709 2734 2778 2788 ad
2803 2734 2968 2788 Achis
2993 2732 3162 2788 Da‘vid
3186 2732 3466 2802 requierit,
3491 2739 3626 2784 ante
3653 2730 3806 2798 cujus

2203 2833 2398 2887 faciem
2441 2831 2682 2899 fugerat,
2733 2828 3144 2900 intelligendum
3191 2835 3274 2882 est
3313 2827 3456 2896 quod
3499 2825 3604 2880 iste
3639 2825 3805 2878 Achis

2207 2925 2350 2980 ﬁlius
2383 2924 2547 2979 fuerit
2576 2923 2736 2977 illius.
2773 2922 2926 2977 Unde
2964 2930 3019 2976 et
3041 2920 3205 2975 Achis
3234 2935 3357 2975 cum
3398 2935 3507 2988 quo
3546 2919 3726 2973 David
3759 2917 3806 2970 in

2205 3015 2449 3087 praelium
2471 3021 2660 3070 contra
2687 3011 2817 3068 Saul
2843 3013 3224 3078 descendebat,
3243 3011 3385 3066 ﬁlius
3408 3008 3581 3064 fuisse
3605 3009 3808 3064 dicitur

2208 3109 2418 3165 Maoch.
2451 3107 2567 3164 Non
2617 3106 2762 3162 enim
2811 3122 2842 3160 a
2885 3115 3062 3176 patre,
3100 3106 3203 3160 hoc
3235 3119 3432 3160 nomen
3467 3103 3808 3172 patronymi-

2209 3217 2357 3267 cum,
2386 3201 2481 3256 sed
2501 3207 2730 3268 almatre
2751 3199 2982 3268 sumpsit
3009 3213 3128 3268 qua:
3158 3196 3380 3252 Maacha
3398 3195 3722 3254 vocabatur.
3759 3203 3806 3245 et

512 3283 560 3339 is
607 3260 738 3356 ergo
787 3285 942 3356 cujus
984 3260 1254 3355 loquelam
1303 3295 1358 3341 et
1397 3260 1796 3355 praascientiatn
1852 3283 2106 3354 superbia

2217 3293 2418 3348 idcirco
2451 3307 2560 3346 nou
2601 3307 2632 3346 a
2680 3299 2834 3361 patre
2873 3290 2977 3345 hoc
3021 3288 3252 3358 sumpsit
3295 3301 3516 3351 nomen,
3549 3301 3616 3340 eo
3669 3284 3806 3354 quod

514 3378 702 3433 mundi
743 3378 993 3449 despicit,
1027 3378 1123 3433 Dei
1165 3378 1307 3434 dono
1349 3378 1499 3432 utilis
1534 3379 1602 3432 ad
1632 3377 1874 3448 spiritale
1907 3384 2110 3446 myste—

515 3470 657 3526 rium
685 3471 740 3526 in
779 3471 1025 3528 Ecclesia
1057 3471 1360 3542 apparebit.
1391 3470 1530 3537 Quid
1561 3478 1644 3525 est
1671 3483 1801 3540 ergo
1839 3469 1982 3538 quod
2011 3467 2113 3521 Da-

515 3563 607 3620 vid
646 3563 831 3620 Sibam
876 3580 1093 3620 servum
1130 3563 1263 3619 Saul
1291 3563 1550 3632 de‘stirpe
1590 3561 1721 3618 Saul
1753 3576 2022 3631 qumrens,
2047 3575 2113 3615 eo

515 3654 815 3722 revelante,
858 3655 1220 3726 Miphiboseth
1251 3655 1479 3719 invenit,
1505 3654 1607 3710 nisi
1637 3653 1765 3724 quia
1786 3654 2116 3724 Redemptor

517 3758 704 3804 uoster
729 3749 1025 3806 electorum
1058 3764 1348 3804 numerum
1377 3747 1719 3803 discutiendo
1742 3747 1884 3801 inter
1905 3761 1998 3801 ms
2022 3746 2112 3817 qui

520 3842 817 3913 contempti
866 3843 1130 3898 mundum
1170 3842 1528 3912 reliquerunt,
1552 3841 1619 3897 ad
1656 3856 1713 3896 se
1736 3840 1922 3895 venire
1953 3839 2114 3894 fecit?

522 3931 651 3988 Siba
692 3933 838 3988 enim
866 3948 1141 4005 egressus,
1168 3934 1320 3989 venit
1362 3933 1416 3988 iu
1454 3941 1714 4005 tempore.
1747 3933 2116 4003 Interrogatus

521 4041 653 4098 ergo
681 4025 808 4081 Siba
851 4041 881 4081 a
923 4041 1086 4099 rege,
1137 4026 1500 4097 Miphiboseth
1541 4026 1712 4081 ﬁlium
1758 4025 2024 4091 .lonathaa,
2063 4025 2117 4080 in

523 4117 687 4172 domo
715 4116 926 4173 Machir
967 4117 1066 4174 ﬁlii
1105 4119 1284 4175 Amiel
1309 4120 1364 4174 in
1389 4119 1641 4175 Lodobar
1667 4133 1787 4174 esse
1818 4116 2115 4189 respondit.

523 4207 655 4276 Qua:
684 4224 773 4265 res
808 4211 1062 4280 praesenti
1097 4211 1427 4282 expositioni
1464 4212 1603 4267 bene
1631 4211 1919 4266 convenit:
1953 4209 2122 4264 luter-

523 4307 773 4370 pretatur
817 4301 962 4356 enim
1002 4300 1234 4370 Machir,
1273 4303 1500 4358 vendens
1539 4301 1623 4357 vel
1662 4303 1726 4356 de
1770 4302 2120 4372 infirmitate:

524 4391 725 4457 Amiel,
764 4391 987 4462 populus
1030 4394 1146 4463 ejus
1183 4393 1385 4450 dicitur
1416 4413 1426 4447 :
1457 4393 1709 4448 Lodobar
1741 4393 1856 4463 ipse
1888 4392 2119 4447 verbum.

526 4481 772 4550 Denique
812 4482 982 4539 David
1018 4492 1203 4539 uoster
1249 4482 1686 4553 contemptibiles
1725 4481 1886 4550 hujus
1914 4483 2120 4545 mundi,

527 4581 583 4625 et
605 4586 667 4626 ea
695 4588 814 4642 qua:
840 4588 948 4628 non
978 4589 1104 4629 sunt
1135 4573 1358 4646 eligens,
1391 4581 1534 4628 utea
1559 4589 1680 4643 quae
1704 4582 1831 4627 sunt
1854 4572 2118 4636 destruat,

526 4677 621 4718 eos
662 4663 959 4720 vendibiles
1001 4665 1218 4730 mundo,
1253 4672 1308 4719 et
1345 4664 1401 4718 in
1437 4662 1754 4717 inﬁrmitate
1799 4662 2123 4718 constitutos

530 4757 870 4826 reperiendo,
903 4756 1100 4828 populo
1135 4772 1233 4812 suo
1282 4756 1474 4826 dignos
1519 4754 1687 4810 verbo
1722 4753 2126 4824 praedicationis

527 4849 744 4914 ascivit,
774 4851 960 4920 eisque
1003 4851 1213 4920 regium
1263 4850 1525 4904 honorem
1565 4847 1708 4901 inter
1754 4847 1893 4902 ﬁlios
1923 4848 2128 4903 habere

530 4941 816 4998 concessit.
852 4941 1002 4997 Unde
1027 4950 1082 4996 et
1104 4941 1272 4997 David
1302 4956 1461 5016 agros
1492 4938 1624 4994 Saul
1658 4939 1907 4994 servituti
1942 4940 2132 5011 Miphi-

530 5030 721 5086 boseth
772 5031 1012 5098 donans,
1043 5031 1219 5100 ipsum
1259 5032 1619 5104 Miphiboseth
1659 5033 1942 5088 convivam
1975 5048 2131 5088 suum

533 5139 696 5194 super
724 5140 971 5182 mensam
998 5139 1152 5181 suam
1177 5125 1337 5181 simul
1363 5143 1487 5184 cum
1521 5128 1647 5185 ﬁliis
1674 5144 1795 5184 esse
1822 5125 2081 5198 praecepit
2114 5142 2126 5178 :

534 5218 660 5288 quia
691 5218 1007 5275 mediatoris
1033 5219 1207 5300 nostri
1237 5221 1433 5293 gratia,
1464 5238 1585 5294 quae
1625 5222 1920 5279 secundum
1949 5219 2132 5274 Maria:

535 5326 764 5367 vocem:
805 5331 822 5362 ε
861 5311 1119 5383 Deposuit
1167 5323 1416 5385 potentes
1461 5317 1528 5372 de
1571 5317 1730 5380 sede,
1777 5324 1832 5370 et
1879 5312 2134 5370 exultavit

537 5403 770 5460 humiles
810 5403 962 5475 (Luc.
999 5406 1073 5476 l).
1118 5426 1136 5458 ι
1196 5405 1263 5462 Et
1315 5405 1467 5477 juxta
1520 5407 1863 5478 prophetiam
1919 5407 2130 5462 Annua:

544 5513 565 5546 ι
601 5494 883 5551 Suscitans
917 5496 984 5551 de
1023 5496 1245 5568 pulvere
1285 5513 1538 5568 egenum,
1571 5509 1625 5554 et
1657 5500 1723 5556 de
1753 5506 1996 5555 stercore
2023 5496 2134 5552 eri-

541 5603 675 5659 gens
715 5606 1042 5661 pauperem:
1076 5602 1136 5648 ut
1163 5595 1350 5650 sedeat
1383 5609 1504 5650 cum
1547 5594 1906 5666 principibus,
1949 5599 2006 5648 et
2048 5605 2136 5646 so-

543 5680 674 5738 lium
724 5682 908 5753 gloria:
965 5693 1146 5744 teneat
1177 5685 1248 5759 (I
1283 5687 1412 5761 Reg.
1461 5689 1563 5762 ιι).
1616 5710 1634 5742 ι
1690 5687 2140 5758 Contemptihiles

543 5789 806 5847 personas
846 5777 914 5833 de
958 5780 1158 5836 mundo
1198 5780 1473 5848 auferens,
1505 5795 1846 5854 possessores
1874 5779 2137 5834 virtutum

581 5867 730 5940 ilicit,
758 5881 814 5930 et
840 5873 1066 5930 scientia
1106 5874 1336 5944 spiritali
1362 5891 1523 5947 super
1552 5891 1795 5933 mensam
1825 5873 2138 5943 Scriptura-

2214 3385 2384 3440 David
2412 3400 2442 3438 a
2473 3400 2532 3440 se
2577 3381 2856 3452 ahjecerit.
2889 3381 2986 3436 His
3009 3381 3152 3436 enim
3195 3377 3511 3444 enucleatis,
3546 3377 3615 3432 ad
3647 3376 3804 3447 spiri-

2217 3479 2378 3532 talem
2449 3474 2864 3546 intelligentiam
2930 3473 3294 3545 apostrophen
3365 3471 3657 3526 faciamus.
3725 3469 3808 3522 Ait

2216 3572 2360 3627 enim
2395 3587 2408 3623 :

2293 3679 2312 3711 ‹
2359 3659 2612 3730 Dixitque
2658 3658 2830 3715 David
2872 3672 2886 3712 :
2928 3655 3145 3712 Faciam
3199 3651 3633 3709 misericordiam
3689 3666 3802 3704 eum

2224 3773 2243 3805 ‹
2272 3753 2486 3819 Hauon,
2517 3772 2535 3805 ι
2569 3761 2702 3818 etc.,
2732 3763 3013 3819 usquequo
3035 3748 3113 3802 ait
3141 3766 3153 3800 :
3184 3766 3203 3797 ι
3243 3745 3389 3801 Tulit
3413 3745 3600 3814 itaque
3623 3741 3802 3796 Hauon

2225 3867 2242 3898 ‹
2281 3861 2469 3901 servos
2518 3844 2718 3909 David,
2761 3843 3002 3910 rasitque
3051 3840 3329 3895 dimidiam
3374 3845 3587 3908 partem
3633 3835 3804 3890 barbae

2225 3957 2242 3987 ς
2279 3950 2498 3998 eorum,
2536 3955 2554 3986 ι
2609 3942 2666 3989 et
2706 3932 2936 4002 reliqua.
2977 3930 3208 3998 Hauon,
3260 3930 3354 4000 qui
3400 3929 3806 3999 interpretatur,

2221 4027 2375 4082 dolor
2399 4044 2604 4094 eorum,
2635 4027 2757 4096 quis
2790 4025 2982 4080 melius
3030 4023 3256 4094 intelligi
3288 4031 3468 4094 potest
3496 4037 3662 4091 quam
3702 4021 3806 4074 dia-

2222 4119 2398 4184 bolus,
2431 4118 2524 4188 qui
2553 4117 2988 4174 Ammonitarum
3019 4114 3404 4187 spiritualium,
3431 4114 3486 4169 id
3517 4125 3602 4169 est
3627 4112 3806 4182 malig-

2223 4227 2419 4266 norqu
2467 4211 2757 4281 spirituum
2800 4217 2982 4264 rector
3018 4208 3232 4262 videtur
3273 4207 3432 4262 esse?
3457 4205 3610 4261 Idem
3645 4214 3728 4260 est
3763 4211 3807 4255 et

2225 4303 2479 4373 princeps
2522 4301 2684 4370 hujus
2725 4301 2945 4366 mundi,
2987 4299 3246 4370 populum
3281 4297 3540 4352 videlicet
3574 4294 3808 4351 mirareris

2226 4405 2283 4451 et
2311 4412 2525 4466 semper
2552 4396 2607 4449 in
2627 4394 2875 4466 angustia
2898 4391 3201 4458 constituti,
3229 4391 3322 4460 qui
3350 4389 3715 4460 comprimere
3737 4384 3808 4439 vel

2229 4494 2588 4557 coaugustare
2628 4486 2873 4541 homines
2913 4484 3203 4540 desiderat.
3247 4482 3402 4537 Sicut
3442 4482 3594 4537 enim
3639 4480 3809 4534 Hauon

2231 4593 2326 4632 rex
2357 4576 2517 4632 Moab
2562 4591 2748 4631 servos
2783 4575 2983 4640 David,
3023 4575 3091 4630 ad
3135 4589 3194 4628 se
3231 4573 3458 4636 missos,
3495 4571 3810 4642 deturpavit,

2227 4677 2389 4738 atque
2417 4667 2704 4722 ludibriter
2729 4666 2961 4721 foedatos
2990 4667 3057 4721 ad
3088 4664 3338 4720 eumdem
3363 4664 3536 4719 David
3595 4663 3810 4719 remisit;

2229 4762 2305 4816 ita
2328 4768 2384 4815 et
2411 4760 2654 4816 diabolus
2684 4760 2938 4830 princeps
2983 4757 3144 4826 hujus
3179 4758 3386 4823 mundi,
3415 4758 3716 4828 plerosque
3745 4770 3814 4808 re-

2233 4855 2453 4926 ligiosos
2498 4864 2552 4909 et
2592 4853 2953 4924 praedicantes
2993 4851 3156 4906 Verbi
3197 4851 3292 4906 Dei
3333 4850 3813 4908 conversationem.

2234 4964 2332 5021 per
2374 4947 2723 5017 subrepentia
2752 4946 2882 5000 vitia
2921 4944 3212 5013 deturpare
3237 4943 3541 4999 consuevit.
3577 4943 3682 5008 Qui
3711 4942 3816 4996 dum

2237 5054 2425 5096 eorum
2451 5038 2674 5093 latentia
2704 5037 2867 5104 mala,
2891 5036 2944 5090 in
2976 5044 3161 5106 aperta
3198 5033 3470 5107 flagitiosa
3498 5041 3821 5106 perpetrata-

2233 5146 2339 5201 que
2366 5130 2582 5185 luxuria
2614 5128 2838 5199 detegit,
2880 5129 3034 5199 quasi
3069 5143 3257 5182 eorum
3301 5127 3625 5182 indumenta
3668 5139 3820 5194 usque

2234 5224 2303 5279 ad
2341 5233 2494 5279 nates
2531 5222 2767 5288 abscisa,
2810 5221 3018 5278 nudosa
3056 5220 3317 5292 dignitate
3360 5219 3643 5274 castitatis
3688 5219 3822 5272 dere-

2235 5315 2407 5386 liuqui
2434 5332 2446 5368 :
2483 5323 2537 5370 et
2566 5315 2620 5368 iu
2655 5314 2828 5370 oculis
2855 5312 3136 5368 hominum
3179 5309 3358 5380 turpia
3388 5308 3555 5372 facta,
3585 5324 3710 5380 qua:
3736 5303 3824 5376 ipsi

2237 5421 2616 5485 persuaserat,
2657 5409 2882 5466 revelat.
2917 5408 2985 5463 Et
3015 5407 3143 5463 dum
3169 5406 3458 5478 pristinam
3492 5419 3688 5459 eorum
3726 5404 3826 5457 for-

2242 5508 2528 5563 titudinem
2573 5505 2758 5576 eripit,
2793 5502 2942 5558 velut
2983 5501 3211 5556 barbam
3257 5498 3421 5553 radit.
3460 5496 3614 5564 Quos
3660 5506 3826 5550 tamen

2243 5611 2406 5652 verus
2444 5595 2637 5661 David,
2672 5595 2933 5650 Dominus
2977 5591 3186 5648 scilicet
3209 5597 3266 5645 et
3299 5588 3552 5645 Salvator
3588 5581 3829 5642 clementi

2246 5697 2524 5760 respectu,
2551 5703 2648 5759 per
2682 5685 3083 5758 paenitentiam,
3115 5685 3183 5739 ab
3219 5681 3550 5754 indulgentia
3595 5697 3702 5734 non
3744 5690 3828 5731 ex-

2247 5780 2418 5836 cludit
2444 5798 2457 5834 :
2482 5794 2618 5849 quos
2646 5788 2702 5833 et
2731 5779 2786 5832 iu
2821 5775 3059 5841 Jericho,
3092 5775 3197 5829 hoc
3225 5781 3309 5828 est
3346 5772 3444 5828 sub
3491 5771 3826 5825 anathemate

2249 5871 2584 5944 paenitentiae
2623 5878 2678 5928 et
2709 5867 3004 5942 opprobrio
3046 5869 3329 5925 meliorum
3375 5865 3617 5922 residere
3641 5862 3819 5934 jubet:

3946 2174 3950 2418 ι

3947 2420 3952 2650 1

3953 3152 3958 3423 l
