4044 6336
693 340 800 396 563
1711 339 2062 396 ANGELOMI
2097 339 2564 400 LUXOVIENSIS
2604 345 2914 404 MONACHI
3770 377 3827 434 δεῖ*

695 457 796 558 hee
822 455 1020 558 quippe
1047 455 1444 558 interpretatur.
1463 463 1648 558 puteus
1677 455 2068 558 septimusfeu
2097 464 2282 558 pateas
2310 459 2358 518 Α
2391 475 2410 508 ‹
2444 458 2695 558 Dixitque
2755 460 2967 515 Nathan
3031 465 3098 519 ad
3155 464 3321 522 David
3373 485 3386 522 :
3435 470 3661 533 Dominus
3697 497 3828 558 quoque

694 549 976 615 satietatis,
1005 557 1252 604 sanctam
1285 548 1538 604 videlicet
1564 547 1915 618 praeﬁgurans
1942 547 2237 603 Ecclesiam
2266 565 2280 602 :
2390 568 2408 602 ι
2446 552 2720 607 transtulit
2768 565 3048 622 peccatum
3083 566 3263 623 tuum;
3300 575 3404 615 non
3433 566 3668 622 morieris.
3691 547 3829 633 Vienna

697 639 750 694 in
781 654 885 708 qua
914 647 1000 694 est
1027 637 1359 708 scptil‘ormis
1403 637 1575 710 gratia
1623 635 1860 704 Spiritus
1901 636 2096 704 sancti,
2127 635 2284 706 cujus
2389 655 2410 691 ι
2450 647 2629 696 tamen
2669 644 2924 712 quoniam
2961 644 3332 716 blasphemare
3366 651 3530 707 fecisti
3573 656 3828 721 inituicosuo-

696 730 839 784 dono
885 743 1075 784 omnes
1119 729 1277 784 electi
1328 729 1610 784 satiantur.
1647 725 1808 782 Urias
1853 743 1984 782 vero
2027 727 2122 780 tua:
2167 744 2284 782 mea
2391 747 2409 781 ι
2447 746 2570 786 men
2597 733 2806 788 Domini
2837 745 3057 806 propter
3081 740 3304 794 verbum
3347 741 3468 808 hoc,
3504 743 3625 802 ﬁlius
3647 753 3718 818 qui
3741 768 3829 813 nata

697 821 958 876 Dominus
1005 821 1229 876 dicitur.
1288 819 1541 892 Hetlmus
1589 819 1825 874 abscisus
1875 821 2282 890 interpretatur,
2391 839 2410 873 ι
2444 823 2644 878 esttibi
2672 834 2844 880 morte
2875 828 3156 883 morietur.
3200 850 3217 882 ι
3254 831 3354 886 [lic
3385 836 3691 894 considerare
3717 861 3828 913 passu.

697 926 988 982 personam
1012 912 1066 966 in
1095 927 1155 969 se
1181 911 1491 981 exprimens
1517 910 1746 965 diaboli:
1770 927 1861 980 qtu
1888 927 2014 966 cum
2038 911 2108 966 sit
2136 919 2286 967 tene—
2386 925 2509 966 mus
2533 923 2792 982 quantum
2817 916 2961 972 valet
2985 920 3125 988 apud
3166 921 3332 975 Deum
3361 923 3568 980 humilis
3591 937 3636 982 et
3658 910 3749 985 vera
3769 933 3838 1004 pm.‘

696 1002 914 1068 hrosus,
951 1003 1099 1058 etde
1135 1011 1280 1057 terra
1309 1001 1606 1056 viventium
1643 1001 1905 1068 abscisus,
1935 1001 2195 1057 transfert
2226 1017 2285 1059 se
2386 1003 2639 1070 nitentia,
2669 1005 2713 1060 si
2755 1020 2821 1060 ex
2853 1009 3014 1063 corde
3055 1008 3234 1064 fuerit.
3267 1011 3402 1066 Nam
3435 1013 3592 1068 David
3630 1019 3733 1072 nihil
3752 1001 3830 1079 aliut

698 1093 754 1146 in
778 1092 1026 1164 angelum
1050 1091 1206 1157 lucis,
1229 1099 1285 1145 et
1311 1090 1466 1163 ﬁngit
1503 1106 1561 1146 se
1588 1107 1709 1148 esse
1736 1092 1880 1161 quod
1916 1108 2022 1147 non
2058 1101 2160 1158 est,
2184 1108 2282 1147 au-
2385 1093 2541 1157 dixit,
2571 1104 2853 1164 pastquam
2900 1107 3179 1167 peccatum
3220 1116 3376 1155 suum
3408 1103 3683 1175 increpatus
3713 1127 3734 1163 ει
3765 1128 3831 1180 pto-

693 1185 833 1248 ..dcns
858 1187 925 1240 de
951 1185 1061 1240 Deo
1086 1184 1286 1249 dicere,
1312 1184 1403 1238 lux
1431 1199 1575 1252 mea,
1601 1185 1694 1242 Dei
1721 1195 1825 1242 est.
1849 1187 2134 1243 Oderimus
2156 1203 2284 1259 ergo
2385 1183 2544 1252 pheta
2573 1186 2840 1254 cognovit,
2865 1186 2969 1240 nisi
2999 1201 3106 1241 uno
3129 1189 3296 1244 verbo
3319 1192 3587 1247 confessus
3603 1198 3828 1260 est,diceus:

697 1284 1000 1344 peccatum,
1029 1275 1122 1330 sed
1157 1275 1498 1345 prophetiam
1533 1291 1640 1331 non
1673 1277 2098 1348 exstinguamus.
2124 1280 2285 1334 Ame-

2232 1293 2285 1334 θ-
2392 1293 2410 1325 (
2431 1273 2654 1328 Peccavi
2677 1275 2922 1342 Domino,
2945 1297 2963 1330 ι
2984 1287 3038 1333 et
3056 1281 3238 1334 statim
3269 1283 3480 1336 veniam
3501 1297 3758 1343 consecutus
3776 1303 3829 1352 at,

697 1381 821 1420 mus
851 1364 1002 1420 illum
1043 1365 1215 1422 David
1251 1375 1511 1436 quantum
1551 1369 1812 1423 amandus
1854 1376 1954 1434 est,
1983 1369 2075 1438 qui
2119 1383 2216 1424 nos
2253 1383 2284 1424 a
2388 1371 2525 1419 teste
2561 1366 2818 1434 propheta
2850 1369 2941 1436 qui
2969 1369 3090 1422 ait:
3127 1389 3146 1421 ί
3180 1371 3442 1427 Dominus
3481 1388 3668 1443 quoque
3689 1387 3832 1433 transtu-

697 1455 914 1512 diabolo
962 1471 1058 1526 per
1117 1457 1550 1512 misericordiam
1597 1457 1868 1514 liberavit.
1927 1459 2185 1516 Amemus
2231 1470 2286 1515 et
2392 1473 2409 1505 ε
2445 1455 2506 1508 lit
2539 1464 2822 1525 peccatum
2853 1465 3022 1523 tuum,
3056 1475 3161 1513 non
3202 1461 3466 1516 morieris.
3505 1482 3522 1514 ι
3552 1463 3648 1519 Hoc
3675 1476 3738 1520 est
3755 1472 3832 1537 qui

695 1545 859 1601 istum
889 1546 1243 1616 poenitentem
1288 1546 1484 1613 David,
1516 1547 1608 1618 qui
1641 1555 1750 1603 tam
1785 1564 1948 1620 grave
1989 1551 2042 1605 in
2076 1566 2135 1606 se
2163 1550 2282 1605 vul-
2385 1545 2646 1616 scriptum
2694 1557 2779 1603 est
2817 1562 2831 1602 :
2876 1566 2894 1599 ι
2933 1547 2990 1603 Si
3037 1549 3317 1605 confessus
3379 1553 3692 1622 iugcmucris,
3731 1557 3832 1613 saluis

695 1652 801 1692 nus
832 1636 1134 1707 iniquitatis
1161 1638 1497 1707 poenitentiae
1519 1646 1574 1693 et
1598 1639 1918 1695 humilitatis
1946 1640 2284 1696 confessione
2385 1639 2515 1694 eris.
2553 1657 2572 1690 ι
2605 1639 2673 1694 Ει
2699 1639 2827 1694 illud
2857 1654 2871 1693 :
2907 1659 2925 1692 ι
2959 1639 3093 1696 Nolo
3120 1653 3352 1697 mortem
3391 1644 3687 1713 peccatoris,
3707 1649 3768 1702 sed
3785 1666 3833 1719 ρο»

697 1727 931 1784 sanavit.
977 1727 1062 1782 Ad
1104 1729 1208 1784 hoc
1255 1744 1384 1798 ergo
1419 1729 1472 1783 in
1505 1727 1788 1800 Scriptura
1840 1745 1995 1786 sacra
2042 1732 2282 1786 virorum
2387 1729 2496 1785 tius
2544 1738 2603 1784 ut
2652 1740 3000 1786 convertatur
3027 1740 3081 1787 et
3113 1732 3264 1787 vivat
3295 1731 3506 1804 (Ezech.
3536 1736 3685 1808 xvm).
3715 1756 3727 1789 ι
3761 1738 3832 1793 Hinc

699 1820 908 1886 talium,
940 1819 992 1874 id
1019 1827 1102 1874 est
1135 1819 1304 1874 David
1329 1830 1382 1874 et
1410 1819 1574 1886 Petri,
1602 1830 1819 1890 peccata
1850 1830 1976 1876 sunt
2018 1823 2276 1889 indicata,
2309 1825 2356 1886 B
2385 1822 2578 1877 iterum
2640 1823 2900 1892 scriptum
2952 1831 3034 1878 est
3083 1837 3096 1877 :
3155 1841 3174 1875 ι
3228 1823 3510 1891 Peccator,
3539 1826 3586 1880 in
3629 1842 3834 1896 quacunque

701 1918 762 1964 ut
803 1909 1012 1965 cautela
1053 1911 1125 1964 sit
1172 1911 1474 1977 minorum,
1519 1910 1678 1966 ruina
1733 1909 2018 1980 majorum.
2060 1913 2142 1967 Ad
2182 1915 2286 1969 hoc
2386 1915 2472 1970 dte
2524 1929 2814 1969 conversus
2846 1914 3030 1980 fuerit,
3070 1915 3252 1969 omnia
3303 1925 3521 1986 peccata
3567 1918 3666 1986 ejus
3704 1921 3741 1972 in
3763 1921 3832 1973 ohli
3890 1909 3891 1934 ἦ

701 2012 832 2053 vero
871 2007 1225 2068 utrorumque
1260 2000 1370 2054 illic
1413 2009 1468 2054 et
1505 2001 1823 2069 pmnitentia
1868 2002 2196 2069 insinuatur,
2232 2011 2289 2058 et
2381 2005 2543 2060 vione
2567 2013 2728 2060 erunt
2755 2020 2940 2060 coram
2971 2021 3058 2060 me
3091 2004 3311 2076 (Ezech.
3342 2006 3554 2077 xxxiii).
3593 2027 3611 2059 ›
3644 2008 3714 2063 Sic
3748 2011 3833 2061 nimi-

701 2090 879 2158 venia,
909 2099 968 2145 ut
1005 2105 1128 2162 spes
1163 2091 1505 2161 pereuntium
1554 2093 1624 2147 sit
1671 2095 2006 2164 recuperatio
2053 2095 2286 2166 perdito-
2387 2115 2507 2154 rum
2558 2099 2754 2154 Petrus
2785 2107 3064 2168 respectus
3092 2114 3123 2151 a
3151 2098 3381 2153 Domino
3408 2099 3546 2154 ﬂevit
3582 2109 3628 2154 et
3659 2111 3833 2169 peccatum

701 2195 842 2234 rum.
877 2179 955 2234 De
989 2187 1130 2234 statu
1165 2195 1262 2235 suo
1300 2179 1469 2234 David
1497 2181 1747 2247 cadente,
1774 2197 1935 2238 nemo
1967 2183 2284 2252 superbiat:
2385 2189 2687 2261 negationis
2730 2188 2907 2244 ﬂendo
2943 2188 3156 2244 delevit.
3208 2188 3300 2243 Sic
3330 2191 3466 2244 latro
3501 2191 3550 2243 in
3578 2201 3792 2252 momento,
3809 2192 3834 2241 in

701 2275 768 2328 de
797 2273 951 2344 lapsu
985 2272 1149 2327 etiam
1185 2286 1284 2327 suo
1322 2271 1493 2327 David
1523 2281 1797 2342 surgente,
1825 2290 1984 2329 nemo
2016 2275 2284 2345 desperet.
2385 2284 2729 2339 extremitate
2778 2283 2902 2337 vita:
2951 2281 3259 2338 conﬁtendo
3315 2282 3478 2337 Deum
3506 2324 3521 2348 ,
3571 2293 3618 2338 et
3659 2294 3834 2353 peccatum

703 2364 811 2419 56d
857 2362 1093 2420 {0113558
1125 2363 1247 2432 quis
1283 2363 1448 2426 diem:
1479 2362 1523 2417 εί
1555 2362 1725 2418 Πανία
1771 2363 2059 2434 imaginem
2087 2363 2287 2419 Christi
2386 2389 2540 2430 suum
2575 2371 2968 2444 cognoscendo,
2999 2373 3183 2427 dicens
3218 2389 3231 2426 :
3273 2391 3292 2422 ι
3331 2371 3438 2427 Nos
3460 2374 3605 2442 digna
3633 2371 3833 2424 lactismi-
3891 2362 3893 2398 ⁵

702 2455 947 2526 gerebat,
975 2453 1245 2525 quomodo
1284 2452 1482 2508 multas
1516 2468 1712 2509 uxores
1737 2463 1793 2508 et
1827 2455 2156 2510 concubinas
2186 2455 2285 2509 hac

2235 2470 2285 2508 λ’
2385 2469 2562 2538 pimus
2587 2467 2764 2540 (Joau.
2798 2467 2937 2538 xm),
2972 2488 2989 2521 ι
3021 2467 3335 2538 paradisum
3359 2466 3650 2537 promeruit.
3677 2463 3832 2531 Seduni:

704 2547 888 2604 buisse
914 2547 1192 2614 scribitur,
1222 2561 1346 2601 cum
1386 2545 1486 2601 has
1531 2560 1619 2601 res
1655 2546 1904 2602 Christus
1934 2549 2288 2603 exhorrescat
2387 2561 2634 2630 exigente
2671 2575 2833 2614 causa
2864 2561 3030 2614 David
3064 2560 3131 2614 ad
3170 2560 3410 2615 medium
3437 2560 3644 2614 deducto
3666 2559 3706 2612 in
3725 2557 3831 2610 ordine

704 2647 761 2694 et
789 2639 1040 2695 damnet?
1070 2639 1182 2694 lloc
1203 2639 1346 2694 enim
1372 2652 1469 2708 per
1489 2637 1717 2710 ﬁguram
1743 2638 1922 2694 ﬁebat.
1947 2638 2124 2693 Multae
2143 2639 2287 2694 enim

2387 2650 2649 2716 historia},
2673 2651 2805 2704 tanti
2833 2647 3088 2705 facinoris
3117 2649 3439 2704 memoriam
3476 2648 3690 2710 fecimus,
3710 2646 3836 2699 lectore
3893 2637 3894 2693 1

702 2746 900 2788 uxores
927 2731 1095 2786 David
1131 2731 1422 2787 multarum
1458 2728 1699 2802 gentium
1743 2738 1798 2785 et
1839 2730 2118 2786 nationum
2155 2732 2290 2785 ima—

2239 2745 2290 2784 I-
2385 2738 2620 2796 fortasse
2657 2741 2872 2794 animus
2903 2748 3182 2794 movetur:
3213 2755 3314 2794 cur
3340 2738 3657 2808 omnipotens
3679 2735 3836 2789 Deuseus

703 2824 885 2896 ginem
915 2823 1265 2879 indicabant:
1299 2839 1420 2893 quae
1463 2837 1560 2893 per
1588 2824 1749 2878 ﬁdem
1781 2821 1979 2877 Christi
2018 2823 2290 2879 consortio
2390 2847 2525 2904 quos
2552 2832 2604 2886 in
2635 2840 2951 2902 perpetuum
2989 2831 3168 2900 elegit,
3204 2845 3344 2899 quos
3371 2830 3436 2883 ad
3470 2830 3696 2882 bonorum
3715 2836 3837 2894 quoque

695 2919 1076 2990 iungerentur.
1104 2917 1432 2974 Concubinze
1467 2932 1598 2972 vero
1629 2915 1746 2986 ejus
1778 2917 2086 2988 signiﬁcant
2113 2918 2288 2973 luere-
2392 2923 2713 2992 spiritalium
2753 2921 2961 2975 culmen
3007 2922 3253 2982 assumit,
3287 2921 3483 2975 illmsos
3527 2934 3554 3002 ξι
3594 2913 3837 2985 corporalibus

705 3013 936 3068 ticorum
981 3012 1266 3078 ecclesias,
1311 3027 1431 3080 qua:
1479 3011 1580 3066 sub
1627 3010 1828 3066 Christi
1866 3011 2097 3090 nominis
2137 3009 2293 3064 titulo
2391 3009 2538 3068 vitiis
2566 3028 2670 3067 non
2689 3013 2973 3068 custodit?
2997 3012 3150 3068 Unde
3173 3013 3302 3080 quia
3333 3011 3573 3066 satisﬁeri
3600 3002 3837 3064 citiuscredi-
3895 3002 3897 3072 ᾗ

704 3118 929 3168 manere
965 3118 1024 3161 se
1054 3103 1396 3174 gloriantur:
1429 3103 1522 3158 sed
1545 3103 1671 3172 quia
1693 3112 1913 3172 propter
1940 3102 2176 3158 carnalia
2205 3103 2289 3156 lu-
2339 3174 2342 3175 ν
2391 3121 2540 3170 mus,
2574 3105 2814 3160 breviter
2852 3105 3244 3175 respondemus
3271 3123 3284 3159 :
3311 3103 3553 3158 Nonnulli
3581 3101 3697 3156 enim
3718 3108 3837 3167 perac-

707 3209 801 3259 era
839 3202 1118 3250 sectantur
1163 3191 1470 3258 Christum,
1509 3208 1617 3247 non
1661 3190 1916 3264 conjuges
1960 3194 2052 3248 sed
2087 3199 2292 3248 concu-
2317 3174 2363 3238 (ἶ
2393 3206 2547 3268 cepta
2575 3197 2711 3252 dona
2749 3174 3033 3259 virtutum,
3065 3211 3162 3264 per
3184 3194 3481 3264 impensam
3524 3191 3715 3263 gratiam
3745 3187 3837 3239 bono-

707 3283 850 3338 binae
876 3291 1156 3338 vocantur.
1188 3282 1432 3352 Denique
1463 3296 1564 3336 nec
1596 3295 1751 3350 reges
1778 3281 1822 3335 si
1857 3281 2039 3350 plures
2065 3282 2296 3335 habeant
2395 3303 2515 3341 rum
2542 3279 2787 3356 dperum,
2820 3286 2872 3340 in
2902 3285 3166 3354 superbiae
3193 3285 3389 3339 vitium
3418 3284 3623 3348 eadunt,
3650 3279 3720 3333 sed
3739 3287 3839 3329 ωηιξη

708 3391 908 3432 uxores
937 3375 1019 3431 vel
1045 3375 1380 3431 concubinas
1399 3414 1415 3440 ,
1440 3373 1646 3427 crimen
1679 3380 1784 3436 est,
1811 3373 1936 3441 quia
1976 3373 2090 3442 jam
2120 3381 2296 3427 trans-
2396 3394 2503 3449 quo
2549 3379 2859 3433 ceciderant
2888 3393 2991 3431 non
3026 3386 3346 3448 agnoscunt.
3371 3375 3591 3431 Proinde
3629 3377 3764 3428 contra
3793 3377 3840 3416 eus

705 3465 889 3520 ierunt
915 3465 1120 3537 ﬁgurae,
1157 3479 1257 3535 pro
1294 3463 1492 3534 quibus
1516 3475 1748 3516 uxorum
1769 3460 1850 3514 vel
1877 3461 2296 3516 concubinarum
2396 3469 2569 3524 hostis
2599 3471 2872 3538 antiquus,
2905 3469 2993 3537 qui
3018 3468 3131 3539 jam
3173 3467 3406 3522 interius
3455 3456 3839 3521 dominatur,eti.1m

708 3557 866 3612 venia
888 3555 1563 3622 conecdebatur:atnunc,
1585 3555 1710 3625 quia
1738 3553 1922 3624 ﬁgurae
1945 3555 2296 3621 transierunt,
2397 3559 2638 3614 exterius
2688 3559 2878 3613 smvire
2930 3557 3266 3626 permittitur
3317 3575 3330 3609 :
3365 3564 3421 3609 ut
3452 3555 3537 3624 qui
3563 3554 3609 3606 in
3636 3545 3841 3637 cogit-itane

708 3648 866 3704 "mia
898 3647 1044 3702 “una
1073 3647 1250 3701 (Ιδιυτο
2399 3650 2524 3703 elati
2563 3658 2708 3715 sunt,
2736 3664 2833 3720 per
2864 3649 3043 3703 carnis
3073 3647 3344 3702 luxuriam
3393 3649 3758 3716 prosternautur.

1315 3738 1540 3794 CAPUT
1583 3738 1692 3794 XII.
2400 3763 2519 3802 mus
2550 3753 2732 3800 autem
2777 3745 2902 3814 quia

2400 3763 2519 3802 mus
2550 3753 2732 3800 autem
2777 3745 2902 3814 quia
2947 3743 3236 3813 aliquando
3272 3743 3449 3797 minus
3477 3749 3584 3802 cst,
3628 3737 3670 3789 in
3702 3737 3841 3795 corpus

791 3852 806 3884 ι
847 3832 994 3889 Misit
1021 3847 1154 3904 ergo
1179 3832 1439 3887 Dominus
1467 3831 1677 3886 Nathau
1715 3832 1782 3886 ad
1829 3833 2016 3899 David,
2048 3833 2139 3904 qui
2175 3848 2298 3889 cum
2401 3837 2803 3906 corruptionem
2851 3835 3065 3900 cadere,
3106 3849 3271 3903 quam
3323 3831 3633 3904 cogitatione
3675 3820 3783 3876 tacita
3810 3826 3842 3908 et

722 3941 740 3974 ι
779 3922 1016 3978 venisset
1046 3923 1114 3976 ad
1143 3936 1290 3988 eum,
1333 3921 1470 3976 dixit
1496 3922 1545 3976 ci
1577 3939 1589 3974 :
1621 3922 1736 3977 Duo
1771 3923 1871 3976 viri
1897 3933 2053 3977 erant
2085 3925 2137 3978 in
2171 3923 2302 3978 civi-
2403 3931 2696 3985 deliberata
2725 3928 2958 3983 elatione
3004 3940 3251 3998 peccare.
3289 3925 3394 3978 Sed
3423 3937 3539 3978 cum
3584 3917 3724 3971 minus
3753 3915 3843 3970 ωτικὲ

715 4035 740 4068 ι
779 4024 889 4071 tate
911 4031 1046 4081 una,
1077 4022 1184 4069 etc.
1239 4033 1258 4068 ι
1301 4014 1594 4070 Sciendum
1624 4022 1709 4068 est
1737 4015 1880 4084 quod
1919 4012 2129 4067 Nathan
2176 4028 2303 4084 pro-

2246 4028 2303 4068 ο·
2403 4019 2655 4090 superbia
2704 4018 2960 4083 creditur,
3014 4016 3194 4070 minus
3239 4014 3484 4067 vitatur:
3533 4004 3746 4090 luxuriam
3779 4003 3843 4043 πη

713 4110 877 4177 pheta
939 4107 1008 4162 ad
1058 4107 1226 4162 David
1280 4121 1502 4177 regem,
1564 4121 1671 4161 non
1721 4106 1906 4160 statim
1975 4105 2191 4173 quando
2247 4105 2299 4159 in
2404 4089 2483 4164 eo,
2525 4108 2695 4178 magis
2732 4108 3062 4162 erubescunt
3116 4103 3392 4166 homines,
3447 4113 3547 4169 quo
3583 4089 3712 4150 simul
3743 4092 3845 4178 omnes:

716 4169 1014 4255 Detbsabee
1055 4198 1169 4268 ipse
1219 4169 1387 4251 David
1433 4197 1699 4267 peccavit,
1745 4211 1774 4250 a
1823 4169 2050 4249 Domino
2104 4195 2305 4248 missus
2408 4169 2644 4270 turpemv
2665 4206 2957 4253 noverunt.
2987 4196 3143 4252 Unde
3183 4195 3240 4249 ﬁt
3285 4193 3614 4264 plermnque,
3642 4191 3687 4237 ut
3709 4169 3844 4233 nouat]li

716 4301 827 4360 est,
873 4291 968 4347 sed
1007 4299 1295 4360 postquam
1350 4291 1596 4344 eamdem
1646 4288 1929 4344 mulierem
1981 4288 2034 4342 in
2087 4287 2305 4342 domum
2406 4300 2528 4361 post
2562 4290 2870 4360 superbiam
2921 4289 2973 4342 in
3025 4286 3291 4340 luxuriam
3339 4271 3846 4338 eorruentes,eHPf"-°

717 4397 872 4436 suam
903 4381 1226 4444 introduxit,
1273 4388 1436 4450 atque
1471 4380 1615 4434 ﬁlius
1645 4395 1712 4433 ex
1759 4394 1822 4433 ea
1870 4385 2031 4432 natus
2080 4386 2204 4443 est,
2247 4385 2307 4432 ut
2408 4399 2558 4449 casu,
2610 4383 2811 4438 malum
2871 4381 3039 4450 ουιρω
3087 4377 3308 4433 latentis
3367 4373 3680 4456 erubescant,
3714 4363 3846 4456 et.

719 4472 1014 4527 obstinatio
1044 4471 1252 4540 peccati
1297 4471 1639 4525 occasionem
1681 4485 1790 4524 non
1840 4468 2066 4523 haberet
2116 4467 2303 4524 defen-
2333 4521 2381 4546 η
2409 4475 2574 4530 etiam
2605 4471 2808 4540 majora
2845 4471 3146 4538 corrigunt,
3181 4483 3304 4520 cum
3356 4457 3602 4534 prostrati
3646 4453 3689 4508 in

718 4563 908 4620 sionis.
935 4562 1069 4619 Cum
1103 4573 1284 4618 autem
1313 4578 1343 4616 a
1371 4561 1679 4632 praepositis
1725 4561 1981 4616 Ecclesire
2020 4559 2179 4635 huius
2205 4577 2304 4616 επι-
2329 4521 2382 4580 D
2407 4565 2626 4636 gravius
2660 4561 3086 4618 confunduntur.
3117 4558 3260 4612 Reos
3287 4557 3435 4610 enim
3484 4567 3539 4608 se
3586 4542 3846 4650 intervallm":

717 4653 824 4708 culi
866 4661 1116 4724 potentes
1149 4662 1472 4724 arguuntur,
1509 4653 1659 4722 prius
1685 4668 1782 4723 per
1822 4653 2082 4721 quasdam
2116 4652 2300 4708 simili-
2409 4655 2768 4726 conspiciunt,
2821 4655 2912 4723 qui
2942 4653 3143 4707 liberos
3173 4651 3312 4704 inter
3347 4647 3583 4718 graviora
3610 4632 3847 4732 crediderit:

719 4744 933 4802 tudines
984 4745 1130 4800 velut
1180 4745 1248 4800 de
1284 4744 1462 4800 alieno
1517 4745 1736 4814 negotio
1789 4745 2102 4814 requirendi
2156 4753 2299 4799 sunt.
2409 4745 2502 4800 Pia
2533 4760 2662 4815 ergo
2699 4744 2910 4798 Domini
2936 4741 3332 4811 dispensatione
3353 4739 3571 4796 laxatos,
3594 4719 3848 4836 ιιίζῐξηυηςνξξξ

718 4835 938 4892 Etcum
993 4844 1194 4892 rectam
1247 4837 1571 4892 sententiam
1592 4811 1769 4906 _quasi
1813 4811 1883 4890 in
1913 4836 2146 4892 alterum
2175 4851 2304 4891 con-
2411 4811 2676 4908 malignus
2706 4835 2928 4906 spiritus
2967 4834 3031 4889 de
3053 4833 3210 4902 culpa
3241 4832 3305 4885 ad
3332 4829 3534 4898 culpam
3561 4817 3715 4877 trahit,
3737 4811 3848 4908 cl‘f‘ll‘l

719 4937 802 4980 tra
855 4940 914 4982 se
968 4927 1067 4996 ipsi
1118 4926 1465 4996 protulerint,
1503 4897 1647 4980 tunc.
1667 4925 1840 4979 modis
1887 4925 2308 4995 congruentibus
2411 4897 2852 4999 plusvpercu-tit,
2903 4925 3028 4979 inde
3070 4939 3195 4978 eum
3236 4936 3394 4990 quem
3439 4921 3655 4984 ceperat,
3697 4897 3848 4999 amittit-1

719 5016 788 5071 de
825 5018 1044 5086 proprio
1072 5026 1222 5072 reatu
1256 5015 1482 5071 feriendi
1507 5026 1654 5078 sunt,
1683 5023 1738 5069 et
1769 5024 1828 5069 ut
1858 5024 2068 5071 mentes
2095 5024 2303 5086 tempo-
2414 4990 2575 5088 atque
2615 5019 2755 5072 unde
2788 5017 2936 5087 prius
2975 5015 3168 5070 vicisse
3202 5014 3462 5075 cernitur,
3510 5009 3559 5060 in
3579 5004 3635 5094 le.
3657 4990 3847 5094 sint)???

723 5106 822 5160 rali
853 5107 1093 5177 potentia
1141 5106 1388 5169 tumidae,
1434 5116 1623 5160 contra
1670 5106 2053 5174 eorripieutem
2107 5121 2310 5174 nequa-
2415 5108 2771 5166 considerare
2813 5108 2943 5162 libet
3011 5106 3152 5160 inter
3205 5103 3467 5158 munimm
3511 5090 3675 5168 gratias
3721 5082 3847 5178 sint?"

722 5215 885 5266 quam
919 5213 977 5253 se
1012 5197 1243 5268 erigant,
1295 5213 1414 5267 quae
1463 5197 1567 5251 sibi
1599 5211 1697 5252 suo
1717 5195 1923 5264 judicio
1966 5197 2167 5267 pmprii
2196 5197 2309 5251 oris
2417 5198 2632 5270 quando
2693 5198 2834 5251 Deus
2892 5195 3276 5250 misericordiae
3326 5193 3503 5246 favore
3564 5197 3646 5238 uos
3690 5177 3847 5298 cmi”;

726 5287 758 5298 ι.
884 5296 889 5298 .
2417 5285 2457 5298 ..ε
2667 5284 2678 5295 ο
2746 5285 2756 5298 ι
2877 5284 2886 5290 -
2928 5292 2938 5298 _
2987 5292 3026 5298 ,κ
3195 5297 3203 5298 ,
3236 5293 3267 5298 ,-
3313 5281 3365 5298 ιι.
3428 5292 3517 5298 --_
3545 5270 3700 5298 utrium
3726 5274 3754 5298 {lt
3839 5268 3848 5276 ’

726 5253 919 5358 ligant.
1097 5253 1126 5268 ν
1314 5253 1328 5267 Ι
1966 5253 1981 5266 ⁸
2067 5253 2081 5267 ⁸
2417 5253 2681 5354 éceequi
2728 5285 2792 5337 de
2840 5284 3037 5337 virtute
3086 5298 3144 5337 se
3182 5281 3394 5342 extulit,
3425 5253 3850 5380 perviliqu

803 5399 821 5430 ι
853 5379 1213 5446 Quamobrem
1245 5394 1350 5433 non
1398 5379 1619 5434 recedet
1664 5377 1872 5448 gladius
1916 5379 1982 5434 de
2014 5380 2173 5434 domo
2220 5389 2308 5435 tua
2418 5375 2701 5428 mililalem
2733 5372 2889 5427 redil-
2937 5372 3038 5438 Qui
3079 5387 3205 5425 vero
3233 5369 3462 5437 ηοθθβίίε
3500 5347 3850 5470 “maelii:

734 5488 754 5521 ι
802 5485 970 5542 usque
1001 5473 1053 5526 in
1080 5473 1494 5542 sempiternum.
1532 5491 1550 5522 ›
1584 5471 1720 5525 Nota
1748 5472 2018 5540 quomodo
2047 5472 2112 5526 de
2152 5472 2313 5526 domo
2413 5466 2560 5530 litur,
2588 5481 2693 5519 non
2722 5464 2919 5535 gladio.
2956 5463 3068 5522 Sed.
3105 5471 3164 5516 ut
3204 5463 3276 5516 ita
3318 5441 3849 5562 (“ﬁctili-lt

734 5531 921 5629 David,
955 5565 1059 5620 hoc
1091 5575 1176 5620 est
1201 5531 1410 5635 .populi
1446 5531 1782 5628 Judatorum,
1834 5562 2054 5618 ultionis
2103 5563 2315 5635 gladius

2253 5577 2315 5618 us
2416 5557 2746 5612 vulneratur.
2782 5555 2919 5622 Quid
2959 5554 3102 5608 enim
3133 5563 3216 5608 est
3259 5552 3445 5611 virtus,
3478 5541 3572 5598 nisi
3614 5531 3850 5654 ιηειίισῗηξὲ

2550 5651 2567 5654 _
2603 5649 2642 5654 _
2772 5648 2783 5654 -
2810 5648 2820 5654 .
2993 5648 3004 5654 -
3038 5647 3049 5654 .
3231 5645 3244 5654 .
3281 5643 3292 5654 .
3392 5639 3405 5654 1
3486 5633 3538 5654 ,ο
3562 5627 3661 5654 -..2η
3688 5629 3763 5654 ΜΨ.
3813 5631 3818 5650 ι

735 5671 906 5727 usque
936 5657 988 5710 in
1014 5666 1274 5713 aeternum
1311 5673 1416 5712 non
1445 5656 1680 5712 recedet.
2423 5651 2571 5704 tum?
2603 5649 2670 5703 Et
2694 5648 2822 5718 quid
2853 5655 2933 5701 est
2956 5647 3168 5708 vitium,
3194 5643 3294 5697 nisi
3323 5633 3538 5743 vulnus?

812 5713 834 5798 ί
869 5745 935 5803 Et
964 5748 1098 5802 dixit
1143 5748 1307 5802 David
1363 5748 1430 5803 ad
1488 5747 1744 5802 Natban:
1785 5747 2010 5801 Peccavi
2066 5746 2312 5802 Domino.
2422 5745 2486 5800 de
2513 5713 2902 5799 medicamento
2923 5741 3114 5794 vulnus
3142 5736 3386 5796 facimus,
3419 5727 3534 5782 facit
3557 5719 3628 5776 ille
3647 5713 3698 5768 dc
3722 5713 3848 5756 "5”"
