4044 6336
152 355 262 414 565

1067 351 1324 408 ENARR.
1364 346 1432 405 1N
1470 347 1721 406 LIBROS
1762 345 2023 403 REGUM.
2062 375 2133 387 —
2167 343 2238 400 IN
2277 344 2406 429 LI_B.
2447 343 2510 402 Il.

3291 346 3403 405 566

155 466 633 530 medicamentum,
660 471 719 518 ut
740 463 830 535 qui
865 459 1063 520 virtute
1081 463 1431 534 percutimur,
1458 461 1592 516 vitio
1632 476 1726 516 cu-
1753 463 1804 522 Α
1905 476 1924 510 ι
1955 456 2302 528 Etjejunavit
2327 455 2494 512 David
2509 453 2746 526 jejunio,
2777 465 2832 512 et
2857 455 3130 530 ingressus
3157 473 3401 517 seorsum

158 571 363 610 remur.
395 553 502 610 Sed
529 555 668 609 inter
705 555 820 609 haec
849 555 1127 609 sciendum
1153 554 1296 623 quod
1336 552 1578 623 plerique
1623 552 1725 606 ho-

157 647 387 708 minum,
436 644 528 715 qui
567 644 621 697 in
665 643 848 698 multis
899 653 1192 709 corruunt,
1231 645 1430 698 arctius
1472 642 1725 711 ligantur.

156 736 401 806 Cumque
441 750 536 790 eos
579 725 1037 804 antiquus'hostis
1081 750 1148 789 ex
1179 750 1286 789 uno
1327 732 1460 787 vitio
1497 731 1730 802 percutit

158 840 220 885 ut
247 829 553 892 concidant,
582 843 649 882 ex
671 827 778 881 alio
816 840 1030 896 quoque
1059 825 1188 896 ligat
1215 840 1282 880 ne
1311 831 1551 894 surgant.
1593 821 1730 877 Con-

159 922 365 976 sideret
389 921 572 988 itaque
610 920 772 972 homo
797 933 918 972 cum
947 933 1052 986 quo
1087 915 1398 972 adversario
1422 913 1618 969 bellum
1639 927 1732 983 ge-

160 1021 270 1075 rat,
292 1018 348 1064 et
378 1011 421 1065 si
447 1009 561 1079 jam
588 1024 647 1063 se
671 1007 851 1076 aliquo
873 1007 1161 1076 deliquisse
1203 1004 1506 1074 perpendit,
1539 1003 1728 1058 saltem

157 1101 228 1156 ad
259 1100 480 1170 culpa
495 1098 736 1170 protrahi
759 1112 826 1151 ex
849 1098 1004 1167 culpa
1026 1097 1389 1166 pertimescat,
1413 1105 1470 1150 ut
1493 1093 1732 1150 studiose

156 1192 400 1245 vitentur
423 1189 664 1253 vulnera,
693 1186 888 1257 quibus
929 1185 1238 1256 frequenter
1260 1182 1514 1238 interﬁcit
1549 1201 1562 1237 :
1604 1183 1731 1252 quia

157 1283 318 1336 valde
348 1296 526 1336 rarum
561 1287 667 1345 est,
703 1278 848 1349 quod
890 1277 1062 1334 hostis
1107 1285 1291 1330 noster
1321 1274 1615 1330 electorum
1645 1288 1732 1329 sa-

158 1371 281 1438 luti,
307 1373 469 1426 etiam
515 1369 831 1423 vulneribus
880 1367 1068 1422 servit.
1101 1365 1438 1424 Erudiendos
1466 1364 1632 1427 enim,
1660 1361 1732 1417 si-

157 1469 254 1516 cut
295 1461 550 1525 diximus,
585 1458 785 1514 electos
819 1472 944 1512 suos
984 1455 1240 1511 Dominus
1286 1469 1428 1525 saepe
1477 1452 1731 1508 tentatori

158 1553 399 1622 subiicit,
429 1552 567 1607 sicut
593 1558 715 1620 post
744 1549 980 1618 paradisi
1001 1549 1259 1610 claustra,
1286 1554 1409 1618 post
1433 1546 1578 1602 tertii
1607 1543 1732 1600 celi

157 1652 403 1708 secreta,
440 1657 507 1696 ne
545 1639 934 1695 revelationum
982 1637 1350 1708 magnitudine
1396 1635 1595 1691 Paulus
1638 1650 1736 1691 ex-

157 1736 272 1791 tolli
294 1735 576 1806 potuisset,
604 1733 654 1788 ei
683 1732 896 1787 Satanae
911 1731 1139 1800 angelus
1165 1730 1320 1784 datus
1348 1728 1395 1800 (1
1406 1727 1432 1782 ι
1456 1727 1578 1782 Car.
1607 1727 1726 1800 xu).

1834 569 1853 602 ί
1881 549 2055 618 jacuit
2101 563 2262 620 super
2289 557 2526 613 terram,
2561 568 2581 600 ι
2624 556 2730 604 etc.
2765 548 2935 603 David
2977 557 3181 620 septem
3214 551 3403 608 diebus

1830 641 2095 696 recubans
2119 653 2216 708 pro
2248 637 2485 693 facinore
2510 653 2627 704 suo,
2653 637 3030 716 donecoinfans
3071 651 3402 712 moreretur,

1829 730 2122 803 perfectam
2148 729 2315 799 gessit
2346 729 2758 798 paenitudinem,
2798 729 3008 786 cunctis
3037 730 3287 788 videlicet
3311 733 3405 790 de-

1829 821 2192 893 linquentibus
2215 861 2230 882 ,
2276 821 2506 877 formam
2553 821 2861 892 relinquens
2911 823 3244 892 paenitentia:
3281 843 3298 882 ς
3343 834 3404 882 ut

1829 917 2040 984 quoties
2083 916 2351 986 quispiam
2379 925 2690 972 nostrorum
2733 915 2788 970 in
2818 915 3060 986 quolibet
3100 915 3299 974 labitur
3327 918 3406 976 fa-

1829 1007 2035 1072 cinore,
2067 1008 2252 1062 tandiu
2279 1007 2408 1062 ﬁetu
2457 1008 2712 1063 insistere
2755 1006 2972 1074 debeat,
2997 1007 3168 1065 donec
3196 1011 3406 1080 peccati

1830 1097 2157 1153 desiderium
2183 1097 2239 1152 in
2267 1097 2543 1154 voluntate
2587 1104 2773 1153 nostra
2817 1097 3057 1153 funditus
3101 1098 3403 1156 abolentur.

1832 1188 2052 1260 Septem
2087 1204 2217 1245 vero
2266 1189 2454 1245 diebus
2476 1229 2493 1255 ,
2545 1189 2916 1260 septiformem
2963 1191 3135 1246 sancti
3173 1189 3410 1262 Spiritus

1831 1282 2056 1352 gratiam
2078 1280 2410 1353 signiﬁcasse
2427 1296 2534 1338 non
2565 1281 2788 1336 dubium
2809 1288 2913 1346 est,
2937 1281 3056 1337 sine
3073 1279 3226 1350 cujus
3243 1283 3406 1348 dono,

1829 1373 2010 1428 nullus
2039 1372 2306 1443 pmnitens
2355 1371 2740 1444 indulgentiam
2776 1379 3124 1442 peccatorum
3148 1370 3411 1442 consequi

1831 1471 2029 1532 potest.

1909 1569 1929 1602 ι
1953 1551 2018 1607 Et
2038 1550 2346 1608 consolatus
2370 1560 2455 1606 est
2474 1551 2640 1607 David
2665 1551 2962 1610 Bethsabee
2987 1566 3210 1608 uxorem
3231 1566 3409 1618 suam,

1839 1661 1860 1696 ς
1897 1643 2274 1713 ingressusque
2293 1643 2362 1698 ad
2397 1658 2518 1698 eam
2540 1643 2796 1699 dormivit
2817 1658 2940 1698 cum
2964 1658 3051 1708 ea,
3079 1659 3198 1713 qua:
3223 1643 3414 1713 genuit

1840 1749 1862 1786 ι
1894 1731 2086 1796 ﬁlium,
2118 1739 2170 1786 et
2208 1732 2423 1786 vocavit
2447 1745 2644 1786 nomen
2684 1732 2802 1801 ejus
2832 1729 3110 1796 Salomon,
3146 1740 3203 1786 et
3229 1731 3414 1786 Domi-

157 1804 375 1890 Sed,_ut
397 1821 607 1894 prmfati
648 1837 854 1886 sumus,
887 1820 1000 1890 ipsa
1031 1820 1133 1876 hac
1174 1819 1468 1874 tentatione
1496 1818 1732 1889 disponi-
1761 1804 1806 1864 Β
1841 1840 1860 1874 ι
1897 1837 2002 1876 nus
2042 1821 2228 1876 dilexit
2252 1835 2396 1875 eum.
2448 1820 2702 1890 Misitque
2743 1836 2868 1876 eum
2897 1820 2952 1874 in
3002 1836 3166 1875 manu
3195 1819 3410 1875 Nathan

157 1924 269 1980 tur,
298 1924 359 1969 ut
393 1914 484 1985 qui
527 1913 660 1968 elati
685 1912 863 1982 perire
889 1918 1161 1982 poterant,
1199 1910 1467 1965 humiliati
1496 1925 1526 1964 a
1555 1910 1733 1981 perdi-

157 2008 308 2062 tione
335 2012 637 2061 serventur.
663 2002 885 2059 Secreto
925 2019 1054 2074 ergo
1083 2002 1497 2073 dispensationis
1519 2002 1730 2070 ordine,

155 2099 303 2154 unde
325 2098 516 2154 savire
550 2096 879 2166 permittitur
923 2094 1183 2164 iniquitas
1229 2093 1449 2159 diaboli,
1495 2093 1618 2148 inde
1647 2094 1736 2164 pie

153 2189 438 2261 perﬁcitur
462 2185 768 2258 benignitas
800 2185 895 2241 Dei
940 2204 954 2239 :
993 2185 1121 2255 quia
1169 2185 1510 2240 adversarius
1553 2193 1738 2242 noster

156 2279 284 2332 ideo
313 2278 648 2345 obtemperat
675 2273 892 2329 nutibus
913 2289 1161 2344 superna:
1181 2273 1386 2342 gratiae,
1415 2272 1556 2328 unde
1584 2287 1738 2328 exer-

157 2377 251 2424 cet
282 2369 417 2422 iram
442 2366 788 2436 nequissima:
810 2365 1104 2421 voluntatis
1147 2380 1278 2419 sum.
1306 2363 1412 2420 Sed
1440 2365 1738 2420 notandum

154 2466 267 2522 est,
300 2456 422 2526 quia
453 2455 643 2510 adhoc
669 2454 724 2508 in
767 2452 1048 2524 Scriptura
1078 2467 1236 2508 sacra
1256 2453 1496 2508 virorum
1529 2453 1734 2520 talium,

155 2549 218 2602 id
245 2557 331 2602 est
353 2547 519 2602 David
544 2554 598 2602 et
618 2545 787 2611 Petri,
811 2555 1032 2617 peccata
1059 2555 1187 2601 sunt
1221 2546 1409 2612 indita,
1435 2554 1493 2600 ut
1525 2545 1738 2601 cautela

153 2640 428 2694 minorum
454 2639 523 2694 sit
568 2639 722 2692 ruina
753 2636 1037 2705 majorum.
1069 2637 1151 2692 Ad
1176 2637 1279 2692 hoc
1305 2651 1432 2691 vero
1469 2646 1740 2691 utrorum-

153 2746 269 2801 que
303 2729 441 2786 illico
467 2740 523 2785 et
548 2730 864 2802 paenitentia
892 2729 1198 2784 insinuatur
1224 2738 1279 2784 et
1306 2730 1480 2794 venia,
1512 2738 1572 2784 ut
1616 2745 1741 2801 spes

153 2822 503 2895 pereuntium
546 2822 618 2876 sit
659 2821 1000 2890 recuperatio
1055 2820 1410 2890 perditorum.
1457 2819 1532 2874 De
1594 2828 1739 2874 statu

155 2928 296 2984 ergo
322 2927 437 2977 suo,
485 2911 651 2966 David
680 2911 930 2976 cadente,
957 2925 1150 2980 nempe
1200 2909 1474 2979 superbiat
1511 2924 1526 2963 :
1567 2911 1634 2965 de
1664 2909 1742 2965 la-

153 3023 267 3079 psu
290 3009 454 3063 etiam
487 3021 604 3071 suo,
634 3005 803 3061 David
831 3005 1076 3070 cadente,
1109 3018 1270 3059 nemo
1303 3003 1572 3072 desperet.
1602 3003 1743 3060 Ecce

156 3114 329 3170 quam
383 3096 706 3152 mirabiliter
769 3095 1051 3166 Scriptura
1117 3109 1272 3150 sacra
1335 3094 1524 3148 eodem
1582 3093 1740 3148 modo

153 3190 331 3245 verbo
362 3188 625 3257 superbos
665 3186 883 3258 premit,
931 3201 1038 3254 quo
1083 3185 1249 3239 verbo
1297 3183 1527 3238 humiles
1572 3183 1736 3250 levat,

151 3294 435 3349 unamque
460 3294 571 3333 rem
601 3286 808 3348 gestam
849 3275 1050 3341 retulit,
1093 3283 1149 3330 et
1190 3275 1404 3329 diverso
1441 3273 1600 3330 modo
1651 3289 1742 3328 su-

149 3371 363 3441 perbos
403 3370 614 3438 quidem
643 3368 712 3422 ad
735 3365 1056 3421 humilitatis
1092 3363 1484 3430 fortitudinem,
1513 3363 1742 3418 humiles

153 3474 297 3514 vero
330 3458 397 3512 ad
425 3459 533 3528 spei
559 3457 811 3512 ﬁduciam
837 3455 1127 3510 revocavit.
1148 3453 1192 3509 0
1214 3454 1591 3508 inaestimabile
1618 3454 1742 3509 novi

153 3551 383 3622 generis
421 3549 895 3614 medicamentum,
922 3548 1066 3618 quod
1095 3563 1203 3602 uno
1231 3548 1528 3617 eodemque
1553 3547 1744 3604 ordine

153 3642 427 3711 positum,
443 3641 740 3710 premendo
773 3639 1034 3694 tumentia
1057 3638 1316 3703 exsiccat,
1337 3648 1392 3693 et
1421 3638 1745 3693 sublevando

154 3731 374 3786 arentia
401 3729 649 3784 infundit.
687 3729 760 3783 De
792 3727 1055 3797 majorum
1089 3743 1186 3783 nos
1217 3728 1368 3798 lapsu
1409 3729 1623 3794 terruit,
1651 3728 1746 3783 sed

155 3821 232 3876 de
287 3819 627 3889 reparatione
683 3819 974 3873 roboravit.
1028 3817 1120 3874 Sic
1167 3819 1363 3889 quippe
1401 3833 1614 3888 semper
1668 3818 1750 3873 sic

153 3924 265 3964 nos
286 3908 467 3963 divina
503 3908 873 3964 misericordia
896 3908 1267 3979 superbientes
1293 3909 1559 3979 reprimit,
1601 3917 1655 3963 et
1679 3924 1749 3964 ne

153 3999 233 4052 ad
273 3999 704 4070 desperationem
758 4009 1077 4053 corruamus
1107 3997 1280 4053 fulcit.
1314 3996 1424 4054 Sed
1468 3999 1750 4068 requiren-

153 4091 296 4146 dum
339 4099 444 4157 est,
469 4090 514 4144 si
559 4095 838 4158 peccatum
878 4089 1044 4143 David
1076 4096 1184 4142 tam
1224 4088 1540 4144 detestabile
1570 4088 1752 4143 Domi-

156 4196 271 4237 nus
313 4180 607 4245 transtulit,
655 4179 785 4248 quid
833 4189 918 4234 est
965 4178 1108 4249 quod
1157 4169 1338 4233 omnia
1381 4193 1502 4248 qua:
1559 4177 1750 4233 eodem

152 4283 392 4345 peccato
438 4287 537 4341 per
580 4271 900 4342 prophetam
941 4269 992 4326 ei
1039 4285 1070 4322 a
1121 4268 1348 4324 Domino
1396 4268 1540 4324 dicta
1603 4279 1751 4334 sunt,

153 4365 511 4435 postmodum
560 4361 841 4418 toleravit?
889 4360 995 4416 Sed
1040 4360 1229 4433 procul
1274 4360 1436 4414 dubio
1490 4358 1750 4414 Dominus

153 4453 314 4508 delet
361 4451 509 4518 illud,
539 4453 633 4508 sed
675 4453 792 4506 sine
819 4451 1020 4506 ultione
1049 4467 1155 4506 non
1185 4450 1384 4506 deserit
1427 4469 1441 4504 :
1474 4458 1566 4504 aut
1602 4448 1745 4504 enim

154 4546 284 4615 ipse
330 4545 432 4599 hoc
458 4545 619 4599 homo
662 4543 718 4598 in
768 4544 1116 4614 poenitentem
1157 4542 1332 4612 punit,
1361 4550 1456 4596 aut
1483 4541 1586 4597 hoc
1613 4540 1754 4597 Deus

155 4653 296 4693 cum
328 4637 546 4692 homine
594 4636 875 4690 vindicans
904 4635 1155 4704 percutit.
1201 4632 1552 4704 Nequaquam
1589 4633 1753 4704 igitur

154 4735 455 4800 peccatum
508 4727 770 4798 parcitur,
802 4727 947 4797 quod
996 4725 1301 4780 nullatenus
1351 4725 1467 4779 sine
1515 4724 1751 4780 vindicta

154 4823 408 4878 laxatur.
443 4821 534 4876 Sic
561 4822 706 4876 enim
737 4820 909 4876 David
961 4821 1147 4874 audire
1194 4828 1316 4890 post
1343 4819 1751 4875 conversionem

155 4915 375 4971 meruit
405 4932 419 4968 :
454 4933 471 4966 ι
510 4915 768 4971 Dominus
814 4913 1082 4968 transtulit
1113 4920 1396 4981 peccatum
1421 4922 1599 4974 tuum,
1647 4930 1665 4962 ι
1699 4917 1754 4966 et

155 5017 356 5062 tamen
403 5007 584 5062 multis
631 5015 752 5076 post
794 5005 1120 5061 cruciatibus
1173 5003 1403 5058 aﬂlictus
1449 5001 1749 5071 aufugiens,

151 5107 387 5155 reatum
409 5098 578 5168 culpae
611 5113 774 5167 quam
815 5104 1220 5167 perpetraverat
1257 5093 1503 5150 exsolvit.
1533 5092 1624 5147 Sic
1653 5107 1754 5147 nos

151 5192 690 5257 salutis‘vindicta,
749 5206 779 5244 a
831 5190 986 5260 culpa
1053 5189 1211 5260 primi
1273 5187 1512 5258 parentis
1572 5183 1751 5240 exsol-

150 5283 376 5347 vimur,
407 5283 504 5339 sed
533 5293 712 5338 tamen
757 5290 967 5338 reatum
1003 5281 1242 5351 ejusdem
1268 5279 1437 5348 culpa
1467 5277 1754 5343 diluentes,

149 5374 410 5432 absoluti
439 5389 651 5445 quoque
681 5375 858 5430 adhuc
890 5373 1185 5429 carnaliter
1223 5371 1437 5429 obimus
1467 5389 1480 5424 :
1505 5370 1630 5440 quia
1659 5371 1754 5426 de-

149 5468 304 5525 licta
332 5475 538 5532 nostra,
556 5467 668 5522 sive
691 5481 786 5536 per
803 5481 903 5524 nos
931 5481 1024 5522 seu
1050 5479 1152 5536 per
1170 5463 1514 5534 semetipsum
1546 5471 1756 5520 resecat

149 5561 347 5617 etiam
386 5575 508 5614 cum
539 5559 764 5615 relaxat.
791 5559 874 5615 Ab
895 5558 1081 5615 electis
1100 5558 1244 5613 enim
1270 5557 1384 5613 suis
1411 5556 1756 5626 iniquitatum

149 5651 422 5709 maculas
449 5651 628 5708 studet
655 5651 938 5722 temporali
966 5649 1254 5707 afﬂictione
1286 5657 1518 5722 tergere,
1543 5664 1680 5720 quas
1703 5649 1756 5705 in

148 5745 248 5804 eis
275 5744 338 5800 in
369 5753 688 5816 perpetuum
716 5760 822 5801 non
854 5743 968 5800 vult
996 5743 1196 5804 videre.

1765 3144 1812 3206 C

1839 1929 1858 1961 ι
1891 1910 2192 1981 prophetae,
2216 1917 2273 1964 et
2310 1909 2526 1965 vocavit
2553 1924 2750 1965 nomen
2775 1907 2891 1978 ejus
2924 1909 3185 1965 Amabilis
3227 1910 3412 1965 Domi-

1839 2018 1858 2052 ι
1893 2015 1996 2068 no,
2046 2015 2112 2054 eo
2155 1999 2302 2070 quod
2349 2000 2620 2072 diligeret,
2651 2021 2670 2053 ι
2709 2010 2766 2057 et
2801 2001 3024 2071 reliqua.
3074 2002 3132 2057 In
3188 2001 3414 2058 Hebraeo

1833 2092 2086 2158 habetur,
2124 2110 2143 2144 ‹
2179 2100 2233 2146 et
2271 2093 2484 2150 vocavit
2513 2108 2708 2150 nomen
2738 2108 2854 2162 ejus
2881 2094 3050 2162 Dida,
3086 2114 3106 2149 ι
3139 2095 3192 2151 id
3217 2105 3300 2152 est
3328 2098 3412 2151 di-

1835 2183 1998 2240 lectus
2051 2184 2285 2239 Domini.
2332 2183 2562 2254 Propter
2607 2186 2891 2246 Dominum
2939 2187 3137 2242 dicitur
3165 2187 3434 2255 dilectus,‘

1835 2283 2058 2346 propter
2083 2290 2236 2331 suam
2259 2275 2465 2330 scilicet
2487 2277 2914 2333 misericordiam
2945 2279 3256 2350 gratuitam,
3304 2296 3414 2353 qua

1835 2384 1959 2426 eum
1987 2368 2209 2440 diligere
2236 2368 2487 2439 dignatus
2502 2377 2606 2424 est.
2621 2368 2757 2425 Cum
2778 2370 2963 2441 utique
2987 2371 3104 2442 ejus
3128 2372 3416 2431 dilectione

1837 2472 1892 2516 et
1929 2461 2300 2518 misericordia
2323 2461 2574 2533 indignus
2625 2462 2906 2531 existeret,
2938 2479 3098 2535 quem
3125 2465 3414 2523 constabat

1838 2566 2062 2606 manzer
2095 2566 2237 2608 esse.

1914 2662 1933 2696 ι
1978 2642 2146 2714 lgitur
2189 2645 2465 2714 pugnabat
2506 2644 2644 2700 Joab
2684 2654 2878 2702 contra
2930 2645 3143 2701 Rabath
3182 2645 3418 2702 ﬁliorum

1844 2751 1864 2786 ι
1899 2733 2161 2800 Ammon,
2196 2753 2215 2786 ›
2246 2742 2302 2788 et
2339 2735 2569 2804 reliqua.
2594 2735 2900 2791 Notandum
2923 2737 3065 2804 quod
3093 2736 3148 2790 in
3169 2729 3438 2804 Hebrum,‘

1839 2825 2058 2896 quando
2106 2840 2230 2880 cum
2277 2823 2579 2894 adjectione
2623 2827 2843 2897 ponitur
2869 2827 3168 2892 nominum,
3207 2827 3416 2883 Rabatlt

1841 2916 2115 2980 scribitur,
2144 2915 2286 2970 sicut
2309 2924 2391 2971 est
2417 2916 2524 2970 hic.
2554 2915 2779 2983 Quando
2808 2931 2938 2973 vero
2973 2918 3094 2974 sine
3119 2919 3421 2989 adjectione

1841 3005 2121 3060 nominum
2145 3020 2254 3060 non
2280 3004 2513 3072 Rabath,
2544 3007 2639 3062 sed
2661 3006 2811 3060 Raba
2843 3009 3116 3064 scribitur.

1917 3112 1937 3144 c
1973 3094 2331 3164 Congregavit
2361 3094 2544 3165 itaque
2591 3095 2760 3150 David
2789 3111 3002 3152 omnem
3053 3099 3329 3169 populum,
3365 3109 3427 3157 et

1848 3201 1867 3233 ι
1904 3181 2176 3253 profectus
2197 3191 2279 3238 est
2313 3183 2598 3239 adversum
2627 3185 2861 3240 Rabath.
2891 3185 3135 3257 Cumque
3165 3189 3423 3246 dimicas‘

1849 3289 1868 3324 ι
1906 3280 2010 3338 set,
2037 3273 2179 3342 cepit
2202 3288 2320 3328 eam
2347 3281 2404 3328 et
2425 3273 2547 3328 tulit
2575 3275 2821 3330 diadema
2846 3277 2988 3348 regis
3013 3291 3202 3334 eorum
3241 3281 3308 3336 de
3333 3296 3424 3339 eno

1851 3380 1870 3413 ι
1899 3363 2010 3432 pite
2031 3362 2148 3431 ejus
2169 3363 2347 3433 pondo
2359 3365 2479 3420 auri
2505 3364 2789 3430 talentum,
2813 3386 2832 3419 ›
2856 3376 2962 3422 etc.
2979 3369 3039 3424 ln
3052 3370 3422 3443 Paralipome-

1846 3468 1954 3508 non
1994 3453 2132 3508 libro
2158 3453 2232 3508 ita
2271 3454 2538 3510 habetur:
2571 3472 2589 3506 ι
2619 3454 2793 3524 Tulit,
2833 3457 3029 3527 inquit,
3057 3459 3226 3516 David
3268 3477 3427 3520 coro-

1847 3564 1971 3603 nam
2017 3547 2280 3604 Melchom
2320 3549 2386 3604 de
2426 3548 2602 3620 capite
2646 3547 2782 3618 ejus,
2805 3558 2860 3605 et
2898 3550 3103 3606 invenit
3128 3553 3182 3608 in
3209 3568 3272 3609 ea
3305 3557 3424 3612 auri

1846 3637 2024 3708 pondo
2077 3637 2339 3692 talentum
2363 3677 2379 3704 ,
2446 3647 2502 3694 et
2548 3639 2969 3708 pretiosissimas
3015 3657 3257 3710 gemmas
3278 3683 3295 3710 ,
3351 3645 3428 3700 fe-

1847 3727 2030 3797 citque
2051 3727 2298 3782 diadema
2335 3727 2478 3782 inde.
2510 3746 2530 3778 ι
2561 3727 2825 3784 Melchom
2851 3731 3050 3802 quippe
3086 3747 3192 3787 non
3219 3742 3304 3790 est
3333 3749 3429 3790 no-

1849 3833 1972 3875 men
2007 3819 2286 3890 proprium
2328 3819 2491 3890 regis,
2524 3819 2623 3875 sed
2656 3819 2859 3876 idolum
2902 3821 3048 3876 fuit:
3079 3831 3136 3880 et
3161 3824 3426 3896 interpre-

1851 3918 1999 3966 tatur
2022 3926 2114 3965 rex
2157 3926 2358 3965 eorum.
2389 3909 2555 3981 Cujus
2583 3909 2902 3968 diadematis
2941 3928 3133 3969 aurum
3175 3923 3230 3971 et
3279 3931 3430 3986 gem-

1852 4015 1969 4056 mas
1996 3999 2262 4056 conﬁasse
2289 4009 2344 4056 et
2376 4015 2639 4072 purgasse
2677 4001 2873 4058 dicitur
2913 4004 3084 4059 David
3129 4007 3432 4063 secundum

1852 4089 2044 4161 legem,
2082 4091 2275 4147 fecisse
2316 4091 2419 4148 sibi
2449 4092 2698 4148 diadema
2729 4093 2870 4163 quod
2895 4094 2984 4149 hic
3007 4096 3242 4166 positum
3264 4112 3431 4168 super

1852 4187 2016 4249 caput
2040 4178 2157 4249 ejus
2190 4181 2386 4236 dicitur
2413 4199 2427 4235 :
2462 4201 2480 4233 ι
2510 4180 2620 4237 Sed
2640 4181 2698 4236 et’
2717 4183 2956 4251 praedam
2978 4184 3216 4242 civitatis
3242 4201 3431 4258 aspor-

1861 4287 1879 4320 ι
1917 4270 2054 4326 tavit
2093 4269 2320 4325 multam
2340 4270 2514 4327 valde.
2562 4269 2823 4342 Populum
2851 4287 3065 4344 quoque
3091 4274 3210 4346 ejus
3253 4277 3430 4332 addu-

1860 4379 1879 4412 ι
1914 4375 2044 4416 cens
2092 4362 2352 4428 servavit,
2400 4370 2458 4418 et
2509 4362 2827 4433 circumegit
2873 4377 3038 4435 super
3083 4379 3177 4438 eos
3226 4365 3434 4423 ferrata

1863 4471 1882 4505 ο
1919 4462 2196 4524 carpenta.
2223 4455 2519 4526 Divisitque
2547 4454 2738 4512 cultris
2783 4464 2840 4512 et
2873 4457 3180 4513 transduxit
3209 4458 3264 4514 in
3307 4468 3438 4531 typo

1862 4562 1880 4597 ι
1916 4545 2164 4602 laterum.
2202 4567 2222 4600 ι
2255 4548 2312 4604 ld
2342 4557 2426 4604 est
2457 4549 2688 4604 serravit
2731 4547 2950 4606 ferratis
2998 4551 3272 4620 carpentis
3312 4568 3436 4608 cor-

1858 4650 1991 4706 pora
2037 4637 2351 4702 hominum,
2396 4646 2451 4692 et
2490 4638 2674 4694 divisit
2719 4638 2908 4694 cultris
2943 4637 3158 4706 ferreis,
3187 4641 3327 4696 sicut
3355 4642 3436 4696 la-

1859 4736 2002 4783 teres
2054 4727 2217 4783 dividl
2274 4728 2487 4795 solent,
2530 4729 2622 4799 qui
2669 4744 2737 4784 ex
2782 4730 2950 4798 paleis
2999 4739 3054 4786 et
3097 4731 3211 4789 luto
3268 4731 3435 4787 conﬁ-

1859 4821 2092 4875 ciuntur.
2125 4819 2362 4875 Victoria
2406 4828 2586 4876 autem
2637 4821 2752 4878 haec
2795 4821 2961 4877 David
2992 4822 3046 4876 in
3084 4822 3430 4888 Ammonitis,

1859 4926 2022 4982 quam
2047 4911 2156 4966 dux
2184 4928 2314 4969 suus
2341 4910 2589 4968 bellando
2618 4911 2911 4979 inchoavit,
2938 4913 3031 4968 sed
3055 4927 3150 4968 rex
3172 4913 3285 4982 ipse
3307 4926 3436 4981 per-

1856 5009 2019 5075 fecit,
2063 5010 2192 5080 quid
2223 5009 2489 5080 signiﬁcat
2520 5007 2624 5064 nisi
2655 5007 2797 5077 regis
2842 5008 3014 5064 nostri
3057 5007 3338 5063 victoriam
3375 5005 3432 5060 in

1858 5101 2068 5157 cunctis
2110 5099 2390 5172 gentibus?
2433 5100 2549 5154 Dux
2589 5098 2735 5154 enim
2791 5097 2960 5153 David
3001 5105 3191 5152 contra
3245 5096 3432 5152 hostes

1856 5192 2056 5248 bellum
2102 5191 2234 5260 agit,
2283 5204 2406 5245 cum
2451 5189 2586 5246 ordo
2630 5196 2941 5244 sanctorum
2992 5184 3450 5257 prsdieatorum,.

1827 5290 2046 5340 econtra
2091 5280 2278 5336 mundi
2315 5287 2595 5351 potentes,
2624 5287 2838 5337 scutum
2882 5275 3273 5346 ﬁdei'oppouit.
3321 5273 3432 5330 Sed

1858 5375 1982 5432 ﬁnis
2009 5373 2323 5431 certaminis
2350 5379 2406 5428 et
2447 5372 2754 5442 triumphus
2785 5369 2909 5427 belli
2949 5368 3018 5425 ad
3052 5381 3239 5439 regem
3269 5364 3430 5424 Chri-

1858 5479 2001 5525 stum
2045 5466 2378 5524 solummodo
2415 5465 2659 5524 defertur
2699 5482 2713 5518 :
2755 5463 2882 5534 quia
2925 5461 3027 5534 ipsi
3071 5461 3247 5517 omnis
3279 5469 3430 5530 pote—

1859 5568 1998 5622 stas,
2029 5566 2085 5614 et
2104 5556 2343 5629 potentia
2374 5556 2522 5628 regni
2568 5533 2872 5612 ascribitur.
2906 5570 2926 5605 ι
2948 5533 3105 5607 Deus
3143 5557 3228 5607 est
3258 5533 3449 5613 enim,"

1860 5649 2156 5704 secundum
2195 5647 2510 5718 Apostolum
2538 5686 2554 5711 ,
2605 5645 2696 5714 qui
2757 5651 3012 5714 operatur
3063 5643 3116 5698 in
3161 5639 3316 5697 nobis
3373 5645 3432 5694 et

1864 5743 1997 5802 velle
2027 5751 2080 5801 et
2120 5741 2403 5812 perﬁcere,
2447 5747 2502 5798 et
2527 5739 2640 5812 ipse
2670 5737 2965 5810 triumphat
2995 5751 3090 5794 nos
3135 5748 3348 5804 semper
3378 5731 3434 5785 in
