4044 6336
683 369 789 422 ’557

1636 439 1642 446 ι
1709 360 2052 420 ANGELOMI
2097 361 2558 418 LUXOV’IENSIS
2599 361 2903 418 MONACHI
3772 377 3834 433 ωε

685 476 904 530 Christo
937 474 1085 530 lesu.
1128 497 1144 527 ι
1194 476 1464 530 Coronam
1495 490 1624 546 ergo
1663 474 1806 542 regis
1842 471 2022 542 populi
2055 472 2268 526 hostilis
2295 477 2346 535 Α
2373 482 2553 528 rantes
2581 473 2684 528 sibi
2709 475 2972 546 malignos
2992 475 3230 546 spiritus,
3259 477 3316 530 in
3344 493 3522 533 necem
3547 492 3833 548 nostramttn.

685 564 856 618 David
899 566 966 618 de
994 565 1170 634 capite
1199 566 1341 627 tulit,
1365 574 1419 619 et
1448 565 1550 618 sibi
1579 562 1824 616 diadema
1851 559 1975 614 inde
1996 555 2268 625 formavit,

685 669 812 707 eum
863 652 1198 722 Redemptor
1227 665 1412 706 noster
1455 668 1522 706 ex
1568 649 1842 705 contraria
1890 656 2156 718 potestate
2188 665 2272 703 re-

687 759 855 812 gnum
904 731 1177 807 auferens,
1213 743 1427 796 sibimet
1473 740 1683 809 insigne
1736 739 1991 792 decorum
2037 739 2264 808 paravit.

687 835 820 900 Qum
853 843 1036 888 autem
1085 833 1277 887 melius
1305 846 1500 886 corona
1531 827 1696 883 David
1750 829 2080 898 intelligitur,
2110 844 2272 898 quam

689 939 990 979 convenats
1033 923 1212 993 populi
1257 921 1548 976 catholici?
1607 935 1728 988 qum
1775 927 1938 988 caput
1985 927 2270 983 nostrum,

664 1029 874 1089 regem
919 1012 1170 1068 videlicet
1213 1011 1522 1077 Christum,
1561 1010 1724 1067 corde
1758 1011 1975 1066 credulo
2021 1011 2276 1065 nobiliter

689 1101 860 1156 ambit
901 1109 956 1156 et
991 1092 1148 1172 digne
1175 1096 1506 1156 conversans
1533 1097 1788 1155 decenter
1815 1102 2078 1155 coronat?
2096 1101 2275 1154 omnis

689 1192 836 1245 enim
873 1199 1178 1246 sanctorum
1211 1189 1392 1254 labor,
1439 1199 1494 1244 et
1523 1199 1795 1244 certamen
1838 1198 1998 1258 atque
2027 1189 2270 1251 victoria,

691 1282 761 1336 ad
787 1282 1046 1335 honorem
1068 1278 1303 1334 caelestis
1326 1280 1468 1350 regis
1495 1277 1726 1334 refertur
1752 1319 1766 1345 ,
1799 1281 1922 1348 quia
1947 1279 2062 1348 ipse
2085 1286 2167 1332 est
2188 1277 2275 1332 cui

694 1389 714 1422 ι
749 1385 910 1426 omne
948 1385 1086 1440 genu
1135 1369 1394 1436 flectitur,
1451 1370 1756 1425 ctelestium
1801 1378 1864 1423 ~et
1915 1370 2272 1434 terrestrium,

687 1470 850 1530 atque
881 1460 1216 1517 infernorum
1250 1477 1263 1514 :
1297 1469 1350 1515 et
1394 1461 1571 1515 omnis
1602 1461 1781 1529 lingua
1809 1458 2118 1525 confitetur,
2149 1461 2274 1529 quia

686 1553 948 1608 Dominus
991 1551 1149 1608 Jesus
1195 1553 1440 1609 Christus
1494 1554 1547 1608 in
1603 1554 1771 1623 gloria
1816 1561 1900 1607 est
1948 1554 2042 1608 Dei
2100 1553 2276 1608 Patris

686 1643 858 1714 (Phil.
896 1645 978 1716 ll).
1022 1665 1039 1697 ι
1075 1645 1285 1700 Bahth
1325 1661 1457 1716 ergo
1499 1645 1690 1700 civitas
1717 1653 1799 1700 est
1843 1645 1992 1715 regni
2023 1645 2274 1710 Ammon,

688 1730 811 1800 qua:
858 1749 1000 1788 nunc
1038 1733 1405 1802 Philadelphia
1458 1742 1704 1799 vocatur,
1743 1732 1896 1801 cujus
1929 1733 2175 1788 meminit
2221 1743 2277 1788 ct

2374 564 2563 633 spiret,
2587 579 2651 619 ac
2675 565 2834 619 morti
2859 575 3132 636 perpetuae
3169 565 3369 620 tradat.

2450 673 2469 705 ι
2506 654 2677 710 Porro
2702 656 2955 710 Absalom
2987 656 3195 728 fugiens
3221 657 3353 712 abiit
3377 659 3444 713 ad
3474 657 3713 717 Thol‘omai
3733 665 3835 724 lilium

2373 745 2643 810 Ammiud,
2663 762 2842 815 regem
2863 745 3084 812 Gessor,
3122 767 3140 798 ›
3168 757 3294 811 etc.,
3319 751 3588 818 usquequo
3609 751 3703 804 ait:
3725 774 3738 806 t
3761 757 3836 810 (les

2380 856 2397 887 ι
2431 838 2676 906 savitque
2721 837 2889 890 David
2937 853 3030 892 rex
3070 829 3322 909 persequi
3362 839 3622 904 Absalom,
3667 856 3718 895 eo
3752 850 3836 912 quod

2381 947 2400 978 ‹
2436 929 2745 982 consolatus
2780 944 2943 1000 super
2965 930 3177 985 Amnon
3206 931 3447 985 interitu.
3484 949 3502 982 ι
3529 925 3732 986 Tradunt
3750 938 3836 989 enim

2374 1018 2609 1083 Hebraei,
2643 1020 2784 1073 sicut
2819 1036 2848 1072 a
2895 1019 3215 1088 quibusdam
3262 1019 3443 1083 didici,
3473 1021 3607 1089 quod
3647 1011 3836 1079 Tholomai

2373 1116 2528 1176 pater
2564 1106 2664 1161 fuit
2707 1107 2923 1161 Maacha
2964 1108 3155 1162 matris
3195 1107 3467 1171 Absalom,
3499 1125 3645 1177 quam
3671 1109 3837 1165 Davidin

2374 1199 2558 1268 praelio
2603 1198 2780 1266 cepit,
2830 1207 2885 1252 et
2930 1197 3218 1258 Caesarem,
3257 1209 3318 1254 ut
3366 1200 3622 1269 inquiunt,
3663 1203 3839 1272 unguibus

2375 1288 2612 1357 praaeisis
2644 1289 2934 1343 secundum
2971 1289 3164 1358 legem,
3192 1291 3402 1360 accepit
3427 1301 3712 1356 uxorem,et
3736 1308 3778 1347 et
3803 1309 3837 1346 ea

2375 1377 2558 1447 genuit
2587 1376 2821 1432 Thamar
2865 1387 2920 1433 et
2953 1379 3205 1434 Absalom
3230 1397 3248 1445 ;
3278 1389 3334 1434 et
3361 1381 3477 1435 ideo
3503 1381 3563 1434 ad
3587 1396 3690 1434 eum
3713 1382 3836 1453 fugisse

2375 1467 2677 1538 perhibent.
2710 1468 2840 1524 Nam
2879 1471 3020 1540 quod
3042 1471 3288 1541 sequitur
3316 1492 3330 1526 :
3361 1493 3379 1524 ‹
3409 1472 3719 1543 Cessavitque
3739 1475 3836 1530 David

2381 1558 2630 1626 persequi
2653 1557 2930 1625 Absalom,
2957 1580 2974 1611 ›
3005 1561 3057 1614 in
3083 1560 3338 1626 Hebraeo,
3361 1571 3419 1615 ut
3444 1563 3596 1618 iidem
3623 1563 3778 1617 Hebr-ai
3795 1565 3838 1617 [ες

2378 1652 2528 1708 runt,
2563 1645 2760 1716 legitur
2794 1667 2807 1699 :
2848 1666 2865 1697 ‹
2913 1650 3158 1704 Cessavit
3199 1651 3383 1720 itaque
3416 1666 3508 1705 rex
3535 1653 3681 1718 exire,
3710 1672 3724 1704 ›
3750 1653 3839 1707 idest

2375 1734 2607 1790 voluisse
2639 1737 2776 1790 idem
2805 1737 2972 1792 David
2994 1740 3143 1794 exire
3169 1749 3229 1794 ut
3252 1741 3535 1796 reduceret
3556 1739 3837 1804 Absalom,sd

687 1819 957 1876 Jereutias
1004 1822 1266 1890 propheta
1313 1821 1447 1893 (Jer.
1483 1821 1629 1891 χιιι)
1652 1861 1666 1886 ,
1717 1821 2106 1890 interpretatur
2147 1837 2275 1893 ergo
2303 1814 2350 1874 Β
2377 1835 2712 1894 pertractans
2742 1829 2794 1882 in
2825 1831 2987 1884 corde
3012 1846 3129 1896 suo,
3161 1832 3306 1900 quod
3333 1833 3542 1901 quoties
3569 1847 3674 1886 eum
3695 1829 3837 1892 videret.
3900 1875 3901 1886 χ

689 1908 904 1964 Rabath
951 1909 1103 1963 multi
1154 1926 1173 1964 :
1222 1918 1277 1964 et
1331 1910 1582 1964 Salvator
1636 1911 1688 1966 in
1748 1911 2036 1979 Evangelio
2096 1912 2274 1967 dicit:

689 2019 715 2052 ‹
752 2001 888 2069 Quia
918 2001 1072 2056 multi
1099 2002 1314 2056 venient
1343 2001 1412 2056 ab
1445 2003 1652 2058 oriente
1695 2012 1749 2058 et
1776 2004 2076 2068 occidente,
2106 2014 2160 2058 et
2191 2019 2275 2058 re-

687 2093 956 2147 cumbent'
987 2107 1110 2147 cum
1134 2092 1408 2146 Abraham
1441 2102 1497 2148 et
1525 2093 1672 2148 Isaac
1713 2103 1768 2149 et
1796 2092 1964 2150 Jacoh
2013 2095 2066 2148 in
2109 2108 2275 2168 regno

689 2183 953 2236 caalorum
981 2181 1175 2254 (Marc.
1209 2184 1306 2256 Ix).
1345 2203 1363 2236 ›
1393 2184 1594 2239 Verum
1620 2186 1774 2256 juxta
1821 2181 2108 2241 historiam.
2146 2187 2274 2242 hinc

689 2271 868 2326 Verba
895 2270 1102 2326 dierum
1143 2271 1216 2326 ita
1241 2283 1465 2328 narrant
1490 2292 1502 2326 :
1525 2292 1543 2325 ι
1580 2274 1858 2329 Manubias
1887 2289 2098 2344 quoque
2123 2275 2274 2330 urbis

687 2362 954 2432 plurimas
1003 2363 1122 2418 tulit
1181 2381 1194 2417 :
1240 2365 1494 2435 populum
1555 2375 1739 2421 autem
1791 2367 1884 2436 qui
1926 2373 2046 2422 erat
2103 2368 2158 2422 in
2207 2381 2272 2422 ea

690 2455 904 2521 eduxit,
919 2464 976 2511 et
1001 2455 1127 2511 fecit
1145 2471 1307 2527 super
1325 2455 1420 2514 eos
1445 2459 1670 2514 tribulas
1697 2468 1752 2515 et
1776 2461 1977 2528 trahas,
1994 2470 2048 2518 et
2069 2461 2272 2518 ferrata

688 2551 950 2614 carpenta
995 2545 1225 2600 transire
1257 2566 1269 2599 :
1303 2548 1377 2602 ita
1408 2556 1465 2602 ut
1491 2549 1891 2604 dissecarentur
1930 2559 1985 2604 et
2028 2560 2276 2606 contere-

689 2644 904 2692 rentur.
938 2655 958 2691 ι
993 2635 1086 2694 Sic
1123 2636 1252 2693 fecit
1286 2639 1467 2694 David
1517 2640 1730 2694 cunctis
1780 2639 2003 2695 urbibus
2043 2640 2271 2696 filiorum

687 2726 945 2794 Ammon,
968 2737 1023 2783 et
1050 2742 1296 2785 reversus
1317 2739 1394 2785 est
1421 2746 1544 2786 cum
1567 2731 1716 2785 omni
1741 2731 1938 2800 populo
1969 2733 2020 2786 in
2052 2731 2272 2788 Jerusa-

688 2815 816 2872 lem.
847 2816 1052 2875 Idcirco
1082 2819 1181 2876 ista
1210 2819 1533 2879 subnectere
1565 2822 1772 2889 curavi,
1800 2831 1858 2877 ut
1883 2823 2164 2880 historiam
2195 2823 2274 2879 lu-

689 2906 864 2964 cidius
902 2907 1265 2980 propalarem.

1302 3050 1525 3107 CAPUT
1566 3043 1697 3106 Xlll.

766 3185 972 3242 Deinde
1016 3186 1259 3256 sequitur
1297 3185 1530 3254 qualiter
1570 3201 1789 3240 exesam
1835 3184 2018 3238 habuit
2063 3183 2269 3237 Amnon
2301 3174 2345 3243 C

695 3289 937 3333 sororem
957 3291 1110 3331 suam
1142 3277 1379 3330 Thamar
1410 3283 1530 3344 post
1560 3284 1860 3344 peceatum,
1899 3289 2092 3344 magno
2148 3273 2272 3328 odio

693 3366 893 3432 nimis,
931 3375 1036 3421 etc.
1078 3366 1288 3420 Amnon
1339 3365 1577 3418 Thamar
1621 3378 1861 3418 sororem
1910 3381 2060 3419 suam
2109 3380 2271 3419 causa

691 3455 1006 3512 offensionis
1037 3455 1204 3510 David
1263 3457 1432 3525 patris
1474 3456 1578 3521 sui,
1611 3455 1934 3510 incestavit:
1975 3457 2078 3510 hoc
2127 3457 2269 3511 enim

687 3548 790 3601 fuit
827 3546 1037 3601 initium
1076 3547 1313 3602 scanda‘li
1357 3546 1537 3600 domui
1579 3539 1716 3616 ejus.
1759 3546 1910 3614 Quod
1940 3557 2117 3602 autem
2151 3555 2272 3616 post

687 3646 1001 3708 perpetrato
1031 3638 1236 3693 scelere
1264 3651 1484 3691 exesam
1511 3651 1631 3690 eam
1658 3637 1910 3691 habuisse
1934 3637 2148 3708 legitur,
2173 3651 2270 3691 eo-

685 3745 804 3783 rum
840 3744 1128 3799 personam
1175 3728 1463 3798 expressit,
1492 3728 1581 3796 qui
1609 3736 1730 3796 post
1777 3728 2069 3782 admissum
2103 3726 2272 3795 quod-

683 3818 820 3873 libet
867 3818 1081 3872 facinus
1111 3816 1284 3888 majus
1321 3817 1445 3871 odio
1495 3817 1693 3871 habent
1730 3825 1891 3886 quam
1933 3824 2054 3870 ante
2079 3831 2272 3884 perpe-

686 3910 977 3964 trationem
1031 3907 1158 3964 illud
1200 3907 1518 3972 dilexerant,
1551 3919 1604 3963 et
1631 3909 1701 3963 oh
1737 3908 1839 3962 hoc
1869 3908 2031 3962 citius
2057 3907 2268 3960 veniant

686 4009 1116 4070 consequuntur,
1148 4016 1309 4070 quam
1359 4000 1430 4054 illi
1461 4001 1550 4070 qui
1595 3999 1798 4055 faciunt
1843 4008 1896 4052 et
1935 3999 2190 4068 diligunt,
2225 3997 2271 4052 si

687 4103 868 4146 tamen
915 4091 967 4145 in
995 4090 1138 4144 aliud
1186 4091 1383 4144 malum
1415 4091 1592 4145 denuo
1643 4103 1746 4143 non
1775 4089 2072 4143 oll‘endunt.
2119 4088 2273 4141 Sicut

691 4183 930 4246 Amnon,
960 4181 1054 4250 qui
1093 4191 1214 4250 post
1252 4182 1543 4235 admissum
1573 4189 1817 4250 stuprum
1853 4180 1903 4233 in
1931 4194 2119 4233 sorore
2150 4193 2268 4242 sua,

683 4273 756 4329 ob
785 4275 887 4328 hoc
914 4281 1145 4328 mortem
1169 4289 1272 4328 non
1302 4275 1494 4338 evasit,
1529 4273 1653 4342 quia
1676 4272 2020 4336 ebrietatem,
2046 4287 2164 4341 qua:
2193 4269 2274 4324 fo-

685 4380 803 4420 mes
829 4373 913 4421 est
950 4364 1200 4431 luxurie,
1232 4381 1338 4420 non
1381 4365 1590 4419 vitavit.
1633 4363 1907 4418 Moraliter
1931 4377 2060 4418 vero
2089 4378 2273 4417 moue-

684 4471 810 4510 mur
846 4457 948 4511 hoc
975 4455 1138 4521 facto,
1189 4465 1247 4510 ut
1278 4470 1493 4524 semper
1527 4463 1684 4509 caute
1714 4471 1776 4509 ac
1813 4453 2106 4523 prudenter
2134 4468 2265 4524 aga-

2377 1917 2538 1972 toties
2559 1917 2798 1972 dolorem
2830 1919 3022 1974 mortis
3067 1920 3283 1976 Amnon
3325 1921 3374 1975 ei
3419 1922 3486 1976 ad
3520 1923 3771 1976 memoriam
3792 1929 3838 1974 re-
3900 1901 3901 1968 ἲ

2375 2009 2636 2064 duceret:
2669 2011 2869 2066 idcirco
2916 2028 3158 2069 cessasse
3203 2014 3405 2068 dicitur
3449 2014 3592 2069 exire
3614 2023 3712 2084 post
3739 2014 3838 2069 Absa-

2373 2098 2501 2164 lom,
2535 2101 2850 2155 subauditur
2880 2110 2938 2155 ut
2982 2118 3105 2158 eum
3134 2103 3202 2158 ad
3238 2104 3458 2174 pr0pria
3497 2112 3745 2158 revocaret.
3765 2097 3838 2155 Illud

2373 2191 2534 2245 etiam
2562 2192 2704 2262 quod
2735 2193 3074 2250 subinfertur
3102 2211 3117 2250 :
3152 2213 3169 2246 ι
3213 2194 3533 2250 Consolatus
3564 2204 3637 2249 est
3655 2195 3773 2248 David
3789 2209 3839 2246 Stl-

2372 2296 2471 2353 per
2496 2281 2707 2337 Amnon
2744 2284 2989 2350 interitu,
3029 2304 3046 2336 ι
3080 2286 3154 2340 ita
3183 2283 3411 2356 intelligi
3463 2286 3651 2350 volunt,
3683 2283 3839 2337 videlicet

2370 2381 2655 2442 postquam
2697 2373 2867 2426 noluit
2911 2376 3062 2430 exire
3091 2385 3212 2446 post
3252 2375 3530 2439 Absalom,
3562 2386 3614 2429 ut
3655 2375 3837 2429 reduceret

2372 2478 2496 2518 eum
2527 2471 2583 2518 et
2607 2464 2880 2518 videretur
2905 2467 2970 2520 ab
2991 2480 3075 2530 eo,
3101 2466 3266 2536 coepit
3291 2465 3556 2520 consolari
3587 2479 3718 2533 super
3739 2471 3837 2514 morte

2372 2554 2604 2609 Amnon.
2638 2553 2882 2621 Quandiu
2923 2555 3068 2609 enim
3107 2557 3406 2626 putabatur
3456 2553 3626 2608 reduci
3660 2549 3838 2606 Absalom.
3901 2549 3903 2564 ³

2373 2655 2434 2700 ut
2461 2646 2732 2702 videretur
2759 2662 2788 2700 a
2834 2647 3020 2711 David,
3048 2662 3261 2717 semper
3304 2663 3452 2702 mors
3497 2648 3681 2701 Amnon
3715 2641 3778 2697 ﬁlii
3794 2639 3837 2695 sui

2376 2735 2556 2788 animo
2602 2733 2718 2802 eius
2763 2736 3086 2790 occurrebat
3116 2753 3128 2788 :
3163 2737 3279 2790 sive
3325 2736 3622 2792 consolatus
3654 2741 3719 2788 est
3748 2745 3838 2799 super

2375 2823 2492 2894 ejus
2535 2824 2776 2888 interitu,
2827 2825 2968 2879 sicut
3009 2825 3166 2880 nobis
3201 2826 3439 2891 videtur,
3468 2841 3530 2881 eo
3561 2825 3681 2895 quod
3713 2821 3839 2877 noverit

2375 2929 2498 2967 eum
2549 2912 2865 2984 flagitiosum
2916 2923 2970 2968 et
3007 2915 3225 2984 dignum
3275 2924 3478 2982 morte,
3527 2914 3838 2982 meritoquepe-

2375 3018 2531 3058 TISSC.

2857 3141 3083 3199 eaeor
3123 3131 3236 3197 xtv
3278 3153 3337 3198 et
3371 3133 3482 3198 xv.
3511 3103 3514 3106 ’

2451 3295 2469 3326 ι
2507 3274 2807 3345 hnelligens
2854 3285 3033 3331 autem
3085 3275 3220 3330 Joab
3268 3277 3410 3332 filius
3437 3275 3644 3337 Sarviae,
3667 3271 3770 3341 quod
3786 3279 3836 3322 (Of

2379 3383 2398 3415 ι
2442 3365 2583 3436 regis
2607 3381 2822 3418 versum
2862 3375 3006 3419 esset
3048 3366 3115 3418 ad
3145 3366 3424 3430 Absalom,
3467 3363 3603 3418 misit
3637 3361 3833 3415 Thecuant,

2379 3475 2398 3508 ε
2436 3465 2489 3511 et
2539 3457 2663 3510 tulit
2711 3456 2831 3509 inde
2876 3456 3157 3510 mulierem
3206 3457 3544 3525 sapientem,
3593 3452 3776 3518 dixitque
3800 3445 3836 3498 ad

2378 3566 2396 3598 ‹
2429 3563 2548 3602 eam
2575 3561 2589 3599 :
2621 3546 2827 3616 Lugerc
2869 3555 2920 3599 te
2951 3546 3160 3611 simula,
3189 3553 3244 3600 et
3276 3546 3499 3599 induere
3531 3551 3660 3597 veste
3689 3533 3834 3607 lugubri.
3905 3547 3907 3562 ³

2376 3655 2394 3688 ι
2432 3646 2486 3690 et
2535 3651 2601 3690 ne
2628 3636 2844 3706 ungat-is
2873 3635 3014 3700 oleo,
3060 3643 3120 3689 ut
3163 3635 3239 3688 sis
3283 3634 3440 3704 quasi
3485 3632 3658 3687 mulier
3681 3627 3831 3699 plurima

2377 3748 2395 3779 ι
2427 3729 2538 3798 jam
2571 3736 2811 3798 tempore
2839 3727 3026 3796 lugens
3049 3734 3342 3780 mortuum.
3379 3744 3397 3776 ›
3429 3725 3532 3780 Cor
3563 3723 3684 3792 regis
3708 3727 3835 3771 versum

2370 3834 2491 3873 esse
2525 3821 2590 3872 ad
2620 3818 2871 3871 Absalom
2903 3818 3102 3872 vidisse
3128 3817 3329 3871 dicitur
3356 3815 3510 3882 Joab,
3540 3831 3598 3870 eo
3631 3809 3741 3881 quod
3755 3805 3838 3857 vile-

2372 3909 2443 3962 rit
2490 3924 2614 3961 eum
2653 3923 2754 3978 pro
2783 3907 3037 3960 Absalom
3085 3908 3385 3977 suspirare,
3422 3917 3478 3961 et
3523 3908 3571 3961 in
3597 3919 3652 3958 eo
3675 3892 3839 3954 intellexit

2372 4001 2513 4069 quod
2542 4015 2636 4052 eor
2663 4000 2779 4068 ejus
2809 4011 3023 4053 versum
3041 4009 3197 4074 esset
3225 3999 3294 4052 ad
3321 3998 3586 4052 Absalom.
3611 4054 3613 4056 ,

2447 4111 2463 4140 ‹
2516 4089 2660 4142 Misit
2708 4088 2984 4142 Thecuam
3007 4073 3090 4156 'et'
3115 4088 3235 4141 tulit
3280 4088 3404 4142 inde
3433 4086 3686 4141 mulierem
3709 4073 3839 4142 θερίαν

2378 4198 2396 4230 ‹
2433 4189 2560 4234 tem.
2596 4199 2614 4230 ›
2652 4173 2875 4232 Thecua
2915 4169 3108 4232 civitas
3147 4160 3253 4241 est,
3296 4179 3361 4230 de
3393 4191 3495 4246 qua
3520 4174 3610 4228 fuit
3634 4171 3758 4224 Amos
3775 4171 3840 4230 μη»

2371 4273 2552 4344 pheta.
2585 4271 2814 4324 Putatur
2839 4279 3018 4324 autem
3042 4267 3232 4323 eadem
3271 4267 3433 4320 vidua
3472 4265 3582 4318 avia
3607 4259 3738 4314 fuisse
3755 4250 3836 4316 Cll"

2373 4365 2492 4420 dem
2523 4363 2686 4418 Amos
2709 4363 3001 4432 prophetae.
3031 4359 3160 4426 Qua:
3185 4357 3463 4426 respondit
3491 4372 3504 4407 :

2451 4475 2467 4506 ι
2506 4454 2622 4508 lleu
2662 4452 2858 4506 mulier
2887 4451 3042 4505 vidua
3071 4463 3172 4517 ego
3200 4463 3340 4502 sum.
3381 4445 3609 4500 Mortuus
3637 4445 3705 4492 est
3735 4437 3838 4517 autent

684 4562 829 4611 mus,
858 4562 926 4602 ne
954 4545 1092 4602 forte
1132 4545 1477 4600 dominentur
1505 4546 1556 4598 in
1590 4545 1742 4598 nobis
1771 4522 1901 4598 vitia
1932 4552 1986 4600 et
2014 4522 2264 4613 princeps
2294 4527 2346 4591 Ι)
2379 4565 2396 4598 ι
2432 4546 2515 4600 vir
2544 4560 2714 4606 meus,
2759 4553 2815 4598 et
2851 4542 3056 4596 ancilla:
3103 4550 3204 4595 tute
3229 4547 3386 4594 erant
3414 4538 3516 4592 duo
3541 4533 3641 4594 lilii,
3662 4525 3730 4598 qui
3747 4522 3838 4613 rixa“

682 4639 914 4710 peccati,
951 4639 1043 4709 qui
1077 4638 1265 4692 falsam
1315 4653 1498 4707 pacem
1546 4636 1979 4706 periclitantibus
2022 4637 2268 4705 spondet,

685 4744 788 4784 nos
811 4729 1109 4798 imparatos
1137 4729 1439 4791 inveniens,
1466 4735 1628 4794 atque
1656 4725 1975 4795 improvisos
2001 4724 2229 4779 trucidet
2256 4742 2267 4777 :

683 4825 829 4880 sicut
872 4822 1125 4877 Absalom
1159 4821 1365 4876 Amnon
1397 4819 1621 4874 fratrem
1673 4834 1851 4882 suum,
1901 4826 2122 4888 propter
2161 4825 2274 4871 stu-

685 4932 843 4986 prum
877 4915 1114 4972 Thamar
1149 4915 1422 4968 ineantum
1455 4913 1687 4966 necavit.
1729 4911 1984 4966 Absalom
2009 4921 2158 4980 pater
2181 4927 2275 4986 pa-

687 4983 784 5069 ris,
819 5007 933 5061 sive
980 5007 1145 5076 patris
1193 5021 1299 5073 pax
1340 5003 1727 5074 interpretatur
1761 5020 1773 5054 :
1811 5003 2019 5054 Amnon
2046 4983 2271 5061 donans,

690 5105 743 5148 et
765 5095 1002 5150 Thamar
1030 5093 1330 5148 amaritudo
1356 5111 1372 5156 ;
1401 5094 1490 5162 qui
1521 5093 1666 5146 enim
1699 5091 1940 5145 membra
1982 5104 2077 5143 sua
2109 5088 2275 5142 donat

688 5187 932 5252 libidini,L
949 5195 1004 5240 et
1042 5186 1389 5255 semetipsum
1419 5184 1638 5238 tradidit
1669 5183 1872 5236 servire
1903 5179 2174 5250 iniquitati
2205 5180 2274 5233 ad

690 5275 1059 5347 iniquitatem,
1110 5277 1165 5330 in
1203 5276 1413 5346 peccati
1461 5272 1877 5328 amaritudinem
1917 5271 2101 5326 cadit:
2147 5269 2274 5324 licet

691 5367 948 5426 inimicus
968 5384 1027 5425 se
1051 5369 1204 5440 quasi
1241 5378 1449 5440 patrem
1477 5367 1627 5437 pacis
1651 5372 1909 5430 ostentet,
1932 5374 1986 5418 et
2014 5378 2272 5433 prospera

693 5477 792 5531 pro
815 5461 1014 5518 talibus
1039 5461 1194 5517 factis
1215 5460 1500 5532 provenire
1533 5458 1668 5514 falso
1695 5458 1998 5528 promittat.
2031 5454 2271 5510 Necesse

695 5563 779 5606 est
806 5553 951 5606 enim
982 5563 1048 5607 ut-
1067 5554 1178 5609 cito
1211 5555 1280 5607 ad
1315 5549 1688 5620 paenitentiam
1720 5556 1840 5619 post
1872 5545 2050 5602 scelus
2081 5545 2272 5600 redea-

697 5647 838 5705 nius,
871 5659 939 5698 ne
965 5644 1101 5699 forte
1125 5644 1387 5706 diabolus,
1414 5643 1458 5698 si
1483 5642 1658 5696 adhuc
1688 5637 1935 5694 ebrietati
1962 5635 2273 5692 inservieri-

698 5753 838 5808 mus,
868 5740 995 5796 etin
1025 5741 1204 5797 luxum
1246 5739 1424 5797 saeculi
1477 5737 1825 5801 resolvamur,
1868 5747 1962 5804 per
1990 5733 2271 5801 obtempe-

2382 4656 2400 4688 ι
2441 4646 2566 4691 sunt
2591 4636 2850 4690 adversus
2882 4648 2939 4688 se
2971 4633 3023 4686 in
3051 4647 3204 4702 agro,
3235 4629 3519 4696 nullusque
3562 4629 3665 4677 erat
3697 4612 3763 4684 qui

2383 4747 2399 4779 ι
2439 4727 2728 4797 prohibere
2755 4726 2944 4789 possit,
2967 4733 3021 4778 et
3057 4721 3326 4791 percussit
3365 4719 3502 4772 alter
3540 4708 3783 4797 alterumfl
3801 4709 3840 4797 "1"

2381 4837 2399 4869 ι
2439 4777 2669 4871 ierfecit.
2697 4816 2760 4868 Et
2800 4828 2925 4868 ecce
2951 4823 3284 4878 consurgens
3315 4808 3560 4860 universa
3585 4789 3776 4888 cognatio
3789 4777 3840 4833 τά

2383 4928 2400 4959 ε
2436 4921 2625 4960 versus
2647 4905 2897 4960 ancillam
2931 4912 3097 4965 tuam,
3127 4900 3256 4953 dicit
3291 4916 3302 4951 :
3337 4897 3511 4950 Trade
3553 4903 3661 4945 eum
3691 4885 3839 4965 qui

2385 5015 2402 5047 ι
2438 4997 2604 5049 eu55it
2646 4995 2866 5046 fratrem
2898 5007 3074 5045 suum.
3118 5009 3134 5040 ι
3171 4989 3227 5040 In
3264 4986 3492 5040 veritate
3533 4990 3705 5036 autem,
3735 4959 3840 5019 NH“

2379 5086 2510 5140 brzei
2541 5085 2778 5146 tradunt,
2821 5083 2934 5135 haec
2977 5079 3172 5133 mulier
3198 5077 3379 5140 vidua,
3425 5075 3554 5127 duos
3583 5066 3697 5120 filios
3717 5054 3839 5110 hab?re

2377 5176 2715 5248 poterat,qui
2747 5175 2904 5228 rixati
2933 5181 3057 5227 sunt
3090 5171 3142 5224 in
3173 5183 3302 5239 agro
3335 5181 3495 5234 super
3520 5153 3838 5248 haereditate

2415 5222 2606 5239 """""
2627 5222 2715 5246 τ’·
2749 5222 2904 5228 --------
2933 5222 3054 5227 ——m
3092 5222 3122 5224 η
3206 5222 3236 5239 υ
3404 5222 3416 5234 _

2377 5222 2478 5322 trris
2527 5267 2629 5322 sui.
2679 5273 2733 5318 et
2777 5263 3006 5318 alterum
3049 5260 3116 5314 ab
3170 5260 3342 5314 altero
3390 5222 3839 5326 interemptumisftl

2381 5358 2561 5427 seipsa
2589 5365 2764 5410 tamen
2787 5354 2974 5408 eadem
3023 5353 3180 5407 vidua
3210 5351 3260 5404 in
3289 5359 3516 5418 persona
3559 5325 3838 5427 Davidgpo‘stlll.

2379 5461 2434 5505 et
2461 5416 2596 5504 duos
2645 5448 2784 5502 filios
2829 5461 2955 5502 suos
2985 5447 3036 5500 in
3079 5416 3309 5515 persona
3349 5440 3555 5494 Amnon
3590 5416 3838 5515 el

2379 5539 2764 5610 Cognationem
2808 5551 2939 5590 vero
2973 5549 3092 5603 quae
3133 5529 3470 5586 consurrexit
3501 5522 3719 5610 adversus

2379 5591 2554 5693 suum,
2597 5629 2649 5683 in
2674 5643 2901 5698 persona
2938 5633 3256 5682 czeterorum
3299 5620 3525 5676 filiorum
3553 5603 3711 5667 David.
3736 5591 3840 5648 Dim“

2379 5738 2481 5792 que
2511 5720 2701 5775 mulier
2730 5737 2744 5774 :
