4044 6336
167 303 264 362 569
1055 297 1308 354 manu.
1353 297 1420 352 IN
1457 281 1704 343 LIBROS
1745 281 2006 340 REGUM.
2045 317 2118 328 -
2149 279 2216 346 lat
2255 293 2381 350 LIB.
2421 295 2482 352 u.
3283 299 3386 356 57o

227 435 250 468 ε
277 415 330 470 lu
353 427 454 477 me,
481 411 708 468 Domine
731 409 806 470 mi
833 425 946 476 rex,
981 411 1234 480 iniquitas
1259 419 1314 466 et
1343 411 1396 464 in
1419 411 1578 472 domo
1619 425 1706 480 pa-
1733 408 1786 470 Α
1811 425 1840 464 a
1867 409 1976 468 Deo
2000 410 2190 468 collata
2217 411 2454 468 fuerant.‘
2475 411 2580 480 Qui
2615 425 2800 480 paceni
2825 425 2948 466 cum
2973 421 3160 468 nostro
3217 411 3390 470 David

167 527 190 562 ι
217 507 310 562 tris
335 504 456 570 mei,
491 519 584 558 rex
611 511 792 558 autem
819 511 876 557 et
905 485 1098 558 domus
1121 501 1236 570 ejus
1259 503 1334 558 sit
1353 502 1638 580 innocens.
1685 521 1705 556 ι
1813 501 2040 558 1)οωίηο
2067 503 2274 560 scilicet
2307 502 2590 558 Salvatore
2637 501 2838 557 habere
2877 499 3065 556 noluit.
3121 501 3212 556 Ait
3243 503 3390 560 enim
3447 573 3454 582 ‘

163 601 236 658 Ae
258 599 302 656 si
325 597 522 653 diceret
551 613 566 650 :
591 595 696 650 Dm
723 609 790 650 eo
817 594 966 664 quod
1016 595 1152 650 alter
1192 595 1332 650 ﬁlius
1381 595 1434 650 in
1483 593 1712 648 alterum
1813 587 1954 646 idem
1975 591 2224 650 Absalom
2261 611 2273 624 -
2303 647 2306 650 .

161 688 562 752 consurrexerit,
591 687 644 740 in
667 701 756 740 me
775 685 846 740 sit
869 685 1146 755 iniquitas,
1175 685 1300 754 quia
1333 685 1538 754 absque
1555 685 1714 754 culpa
1887 706 1906 740 ι
1945 687 2074 755 Quis
2117 704 2206 746 me
2251 689 2546 744 constituat
2579 685 2818 755 iudicem
2875 701 3038 756 super
3083 687 3338 744 terram?
3367 707 3386 742 ι

167 795 218 838 es
253 781 300 834 in
323 793 384 834 eo
407 779 550 848 quod
581 777 656 832 illi
681 777 790 832 duo
813 777 1010 832 fratres
1041 777 1186 832 inter
1233 791 1294 834 se
1335 777 1708 832 conﬂixerant.
1811 785 1918 832 etc.
1951 777 2216 832 Simulata
2233 779 2506 836 humilitas
2535 779 2590 832 in
2609 777 2860 834 Absalom
2885 777 3252 834 demonstrata
3277 787 3392 834 est:

169 869 226 928 Et
249 871 378 926 sicut
403 883 500 940 ego
525 871 730 938 absque
769 869 930 938 culpa
962 883 1108 934 sum,
1166 882 1266 938 pro
1309 881 1374 922 eo
1412 869 1558 937 quod
1609 869 1714 922 duo
1813 867 1946 922 nihil
1975 867 2118 924 enim
2145 877 2228 924 est
2255 869 2518 936 deterius,
2547 882 2712 938 quam
2741 883 2836 938 per
2864 869 3192 940 hypocrisim
3228 869 3396 944 falsas

173 959 254 1016 iiii
277 961 370 1014 mei
399 967 858 1016 consurrexerunt
887 959 1170 1014 adversum
1202 973 1279 1024 se,
1309 967 1368 1014 et
1399 958 1722 1014 interfectus
1813 961 2042 1016 virtutes
2062 961 2368 1032 quempiam
2393 975 2744 1032 exaggerare,
2779 968 2835 1016 et
2855 976 2951 1030 per
2969 961 3258 1018 elationem
3279 977 3399 1018 cor-

169 1059 240 1106 est
273 1051 398 1104 alter
417 1051 486 1106 ab
505 1049 696 1114 altero,
725 1049 800 1104 ita
827 1057 882 1102 et
903 1057 972 1116 tu_
991 1047 1194 1117 absque
1221 1047 1376 1117 culpa
1410 1061 1492 1114 es,
1521 1063 1620 1116 pro
1649 1061 1716 1104 eo
1815 1050 1898 1106 dis
1929 1049 2190 1120 majorum
2213 1059 2334 1106 acta
2356 1059 2410 1107 et
2439 1049 2602 1106 fortia
2624 1051 3390 1122 reprehendendoAdili‘amare.

155 1143 296 1214 quod
315 1141 560 1197 Absalom
581 1143 810 1206 Amnon,
837 1141 1056 1216 dignum
1083 1149 1278 1206 morte,
1301 1140 1594 1216 interfecit.
1817 1139 1968 1198 Sicut
1987 1149 2043 1196 et
2065 1141 2316 1198 Absalom
2347 1142 2516 1210 patris
2547 1141 2628 1196 sui
2649 1139 2796 1209 justa
2833 1141 3032 1210 judicia
3069 1157 3202 1206 ausu
3227 1153 3396 1204 teme-

231 1253 252 1288 ι
277 1233 398 1302 Qua:
419 1235 494 1290 ait
520 1249 536 1288 :
564 1233 896 1290 Recordetur
919 1247 1018 1288 rex
1037 1231 1248 1286 Domini
1269 1231 1364 1288 Dei
1388 1231 1492 1296 sui,
1521 1239 1582 1286 ut
1613 1245 1720 1288 non
1818 1229 1964 1284 rario
1983 1245 2168 1286 coram
2193 1230 2336 1286 omni
2379 1230 2573 1302 populo
2621 1231 3018 1300 reprehendere
3047 1248 3152 1288 non
3177 1233 3393 1298 timuit.

161 1343 188 1378 ς
217 1323 624 1394 multiplicemur
649 1321 880 1394 proximi
927 1321 1206 1390 sanguinis
1235 1321 1300 1376 ad
1327 1321 1714 1386 ulciscendum,
1893 1339 1912 1372 ε
1941 1319 2072 1376 Post
2097 1321 2448 1394 quadraginta
2473 1329 2650 1388 autem
2681 1337 2854 1376 anites
2883 1323 3020 1378 dixit
3053 1321 3304 1380 Absalom
3331 1325 3400 1382 ad

161 1433 186 1466 ς
213 1423 270 1470 et
291 1429 622 1485 nequaquam
667 1412 994 1472 interﬁciant
1023 1411 1190 1466 ﬁlium
1243 1427 1440 1466 meum.
1471 1431 1490 1464 ι
1522 1411 1724 1468 Recor-
1825 1427 1844 1462 ι
1877 1425 2054 1480 regem
2073 1427 2090 1467 :
2109 1409 2342 1478 Vadam,
2365 1419 2422 1466 et
2447 1413 2664 1468 reddam
2693 1421 2816 1466 vota
2843 1426 2984 1478 mea,
3015 1427 3135 1482 quae
3147 1418 3272 1470 vovi
3295 1415 3388 1470 Do-

155 1507 300 1564 datio
323 1507 408 1562 hic
441 1521 540 1576 pro
562 1505 874 1576 iuramento
905 1493 1081 1574 posita
1103 1513 1208 1570 est,
1241 1519 1306 1560 ac
1347 1505 1394 1560 si
1423 1513 1610 1576 aperte
1637 1505 1720 1560 di—
1826 1517 1846 1552 σ
1883 1503 2030 1556 mino
2059 1502 2112 1556 in
2141 1501 2378 1558 llebron.
2417 1523 2436 1556 ι
2501 1501 2957 1573 Quadragesimus
3011 1505 3268 1574 agebatur
3301 1519 3400 1558 au-

149 1605 362 1656 ceretur
389 1617 402 1652 :
435 1599 770 1654 Recordetur
797 1613 888 1654 rex
920 1597 1294 1668 promissionis
1333 1611 1466 1663 suae,
1511 1597 1620 1652 imo
1637 1596 1724 1666 ju—
1821 1605 1924 1646 nus
1951 1606 2014 1646 ex
2047 1605 2110 1646 co
2137 1599 2379 1662 tempore
2397 1591 2506 1660 quo
2529 1590 2656 1646 Saul
2691 1589 2838 1646 Nube
2859 1591 3132 1648 civitatem
3159 1607 3282 1648 cum
3309 1607 3402 1648 sa-

153 1690 396 1754 ramenti,
427 1703 530 1758 quo
565 1689 696 1744 mihi
725 1703 822 1758 per
849 1687 1128 1742 Dominum
1173 1687 1342 1742 Deum
1397 1702 1552 1742 suum
1607 1686 1724 1757 pol-
1752 1757 1764 1758 η
1821 1681 2126 1736 cerdotibus
2152 1682 2422 1751 octoginta
2453 1682 2688 1750 quinque
2733 1691 2954 1752 propter
2990 1682 3160 1738 David
3206 1683 3404 1740 interc.

151 1777 330 1834 licitus
345 1757 459 1844 est,
476 1785 534 1832 ut
563 1757 1118 1848 non-multiplicemur
1165 1777 1398 1847 proximi
1447 1777 1720 1848 sanguinis
1749 1757 1794 1818 Β
1821 1773 1938 1837 mit,
1953 1782 2008 1828 et
2029 1773 2228 1830 idcirco
2249 1773 2490 1828 hicidem
2509 1774 2950 1846 quadragesimus
2975 1791 3148 1832 annus
3161 1779 3400 1848 ponitur,

151 1871 222 1924 ad
251 1869 625 1924 ulciscendum.
695 1891 698 1894 λ
1823 1871 1882 1918 ιιι
1915 1873 2248 1920 monstretur
2271 1867 2506 1920 divinam
2531 1865 2786 1920 ultionem
2811 1869 3060 1922 suscitari
3093 1885 3254 1940 super
3301 1871 3406 1924 Da-

227 1979 248 2012 ι
279 1959 518 2030 Dixitque
545 1959 776 2014 mulier:
809 1958 988 2026 Quare
1009 1957 1260 2028 cogitasti
1279 1955 1576 2012 istiusmodi
1605 1971 1718 2012 rem
1821 1953 1930 2018 vid,
1971 1969 2036 2008 eo
2087 1953 2228 2024 quod
2277 1954 2586 2010 Abimclech
2641 1956 2974 2028 sacerdotem
3029 1957 3300 2024 fefellerit,
3349 1969 3408 2016 et

155 2068 180 2102 ‹
213 2059 394 2106 contra
427 2049 680 2120 populum
705 2049 824 2114 Dei,
873 2059 928 2104 et
973 2049 1182 2102 locutus
1228 2057 1308 2102 est
1359 2062 1454 2102 rex
1497 2047 1720 2102 verbum
1821 2051 2038 2111 propter
2065 2057 2186 2098 eum
2205 2043 2544 2098 sacerdotum
2571 2045 2744 2100 ccedes
2767 2043 2906 2100 facta
2929 2045 3110 2102 fuerit.
3140 2047 3302 2114 Cave,
3323 2049 3405 2104 le-

155 2159 178 2194 ι
211 2141 348 2196 istud
385 2149 444 2196 ut
467 2147 670 2210 peccet,
705 2149 896 2196 etnon
939 2141 1164 2194 redueat
1201 2140 1430 2210 ejectum
1485 2155 1662 2194 suum.
1695 2159 1714 2192 ι
1822 2142 1958 2196 ClOl‘.
1987 2131 2274 2204 plerosque
2311 2135 2600 2190 mendosos
2647 2135 2882 2202 codices,
2935 2135 2988 2191 in
3025 2137 3218 2208 quibus
3271 2141 3408 2194 scri-

149 2233 230 2288 Ex
253 2233 352 2288 hcc
375 2232 490 2288 loco
511 2233 908 2288 demonstratur
931 2232 1060 2286 illud
1081 2233 1220 2300 quod
1251 2231 1496 2302 superius
1519 2229 1720 2286 dictum
1821 2231 1974 2294 ptum
1999 2223 2293 2290 invenitur,
2319 2233 2440 2295 post
2467 2233 2730 2296 quatuor,
2749 2241 2854 2282 non
2889 2237 3010 2298 post
3050 2229 3406 2302 quadraginta

147 2333 272 2378 est:
309 2341 326 2374 ι
353 2321 595 2376 Cessavit
629 2321 794 2376 David
823 2337 914 2376 rex
961 2322 1112 2376 exire
1137 2329 1260 2392 post
1297 2320 1576 2388 Absalom,
1603 2341 1622 2374 ι
1661 2321 1715 2376 id
1823 2315 2090 2370 annos:in
2113 2315 2494 2372 vetustioribus
2513 2331 2642 2374 vero
2667 2317 2966 2384 codicibus,
2991 2319 3116 2376 etin
3135 2319 3402 2376 Hebraica

143 2421 254 2478 est,
271 2411 500 2468 cessavit
525 2419 586 2467 ut
611 2427 720 2468 non
732 2411 974 2468 exiretur
999 2413 1068 2468 ab
1089 2412 1270 2483 aliquo
1293 2420 1348 2468 et
1375 2427 1482 2468 non
1505 2413 1724 2470 reduce.
1823 2406 2074 2472 veritate,
2109 2423 2216 2464 non
2241 2417 2496 2480 quatuor,
2547 2411 2642 2466 sed
2687 2409 3041 2484 quadraginta
3093 2413 3410 2470 scribuntur

147 2511 238 2560 ret
255 2501 522 2558 Absalom.
1823 2495 1972 2550 anni.
2003 2497 2060 2552 Si
2087 2513 2218 2554 vero
2251 2499 2374 2568 quis
2401 2499 2772 2558 contentiosus
2815 2503 3032 2558 eosdem
3053 2511 3286 2572 quatuor
3313 2521 3408 2560 aii-

221 2591 348 2646 Inde
373 2593 448 2647 ait
467 2593 696 2648 mulier:
725 2611 744 2644 ς
775 2593 844 2648 Et
861 2591 1072 2648 locutus
1095 2601 1178 2648 est
1203 2607 1296 2648 rex
1327 2591 1549 2648 verbum
1593 2592 1722 2648 illud
1825 2603 1924 2644 nos
1951 2597 2194 2656 astruere
2219 2591 2468 2657 voluerit,
2491 2593 2560 2646 ab
2605 2607 2674 2648 eo
2719 2601 2960 2664 tempore
3007 2609 3116 2664 quo
3153 2595 3406 2652 Absaloni

147 2703 170 2734 c
207 2693 266 2738 ut
287 2692 494 2754 peccet,
519 2693 698 2740 etnon
727 2683 948 2740 reducat
987 2685 1216 2754 ejectum
1263 2699 1438 2738 suum.
1485 2705 1502 2737 ι
1563 2685 1718 2752 Quod
1821 2679 2034 2736 Amnon
2059 2679 2284 2750 fratrem
2311 2697 2466 2736 suum
2487 2681 2782 2750 interfecit,
2809 2697 2982 2753 usque
3003 2685 3070 2740 ad
3099 2685 3228 2742 illud
3265 2695 3404 2742 tem-

145 2789 278 2830 vero
303 2776 418 2830 ait:
457 2795 474 2826 ι
506 2775 684 2842 Quare
727 2777 974 2848 cogitasti
1022 2775 1326 2830 istiusmodi
1375 2791 1488 2830 rem
1535 2783 1724 2832 contra
1822 2783 1924 2838 pus
1951 2781 2060 2838 quo
2079 2769 2218 2838 patri
2241 2769 2376 2825 dixit
2413 2787 2426 2822 ε
2467 2789 2484 2822 ι
2519 2769 2748 2836 Vadam.
2799 2777 2854 2828 el
2881 2771 3104 2828 reddam
3131 2781 3258 2830 vota
3285 2787 3406 2830 mea

137 2849 398 2934 populum
419 2867 552 2922 Dei?
581 2885 600 2918 ι
633 2865 894 2936 Populum
923 2865 1016 2920 Dei
1055 2873 1214 2920 vocat
1251 2863 1500 2920 eumdem
1546 2865 1724 2920 Absa-
1823 2873 1944 2928 quae
1971 2859 2094 2914 vovi
2125 2859 2352 2916 Domino
2381 2860 2432 2914 in
2461 2859 2700 2928 llebron,
2734 2881 2758 2916 ι
2797 2863 3080 2936 perspicue
3103 2880 3162 2921 se
3199 2881 3406 2930 errare,

135 2954 278 3018 Ioni,
307 2955 418 3010 sive
447 2971 540 3012 eos
575 2957 666 3026 qui
695 2971 818 3020 cum
845 2957 936 3010 illo
965 2965 1158 3010 erant:
1195 2955 1288 3024 qui
1331 2956 1484 3026 quasi
1529 2956 1724 3026 captivi
1825 2947 1874 3003 Si
1929 2947 2215 3020 diligcnler
2269 2959 2642 3024 perscrutatus
2691 2949 2878 3020 fuerit,
2931 2953 3172 3026 inveniet
3219 2975 3232 3010 :
3281 2971 3404 3012 cum

135 3053 202 3100 et
237 3045 396 3116 ejecli
425 3055 600 3112 erant,
627 3047 846 3116 etquod
883 3061 990 3102 non
1029 3046 1418 3101 reducerentur
1442 3046 1508 3102 ad
1555 3045 1724 3102 luere-
1757 3107 1794 3120 Α
1825 3040 2014 3110 utique
2036 3042 2250 3098 Amnon
2301 3041 2610 3108 interfecto,
2657 3043 2910 3101 Absalom
2956 3046 3232 3118 ingressus
3267 3051 3410 3120 apud

129 3107 366 3194 ditaiem
389 3135 504 3202 Dei,
543 3107 612 3194 ne
663 3107 802 3192 forte
853 3137 1028 3192 coacti
1073 3135 1176 3192 diis
1227 3135 1416 3192 alienis
1469 3135 1522 3190 in
1579 3145 1722 3191 terra
1751 3107 1796 3174 α
1827 3107 2116 3198 Tholomai
2137 3149 2318 3206 regem
2351 3135 2524 3192 tribus
2551 3136 2728 3202 annis,
2759 3143 2814 3192 et
2841 3137 2894 3192 in
2915 3107 3266 3206 Hierusalem
3285 3107 3410 3200 inde

131 3227 320 3282 aliena
349 3227 634 3282 servirent.
1827 3233 2132 3290 revocatus,
2187 3241 2294 3281 non
2345 3227 2460 3282 viso
2503 3235 2658 3298 patre
2709 3228 2918 3286 duobus
2967 3239 3212 3288 moratos
3251 3233 3412 3289 annis

215 3337 234 3370 ε
263 3317 380 3374 Nec
405 3318 518 3374 vult
539 3320 718 3390 perire
749 3319 890 3376 Deus
917 3318 1172 3386 animam,
1217 3319 1312 3376 scd
1347 3327 1602 3376 retractat
1639 3333 1730 3374 co-
1827 3313 2010 3382 fuerit,
2042 3324 2098 3372 et
2123 3325 2274 3372 sexto
2305 3331 2445 3374 anno
2475 3316 2666 3374 faciem
2697 3321 2864 3390 patris
2889 3322 3105 3390 viderit,
3129 3332 3186 3380 et
3219 3333 3408 3382 contra

129 3431 152 3464 ς
193 3411 382 3482 gitaus
411 3426 478 3466 ne
505 3421 690 3483 pereat
739 3413 956 3484 penitus
987 3415 1080 3484 qui
1105 3413 1352 3486 abiectus
1375 3421 1476 3470 est.
1513 3433 1534 3466 ι
1575 3413 1726 3474 Acsi
1827 3419 1950 3462 eum
1975 3407 2395 3476 perduellionem
2437 3411 2778 3480 praeparavit.
2829 3411 3022 3468 Votum
3075 3429 3308 3486 namque
3349 3431 3414 3472 se

119 3503 354 3558 diceret
381 3519 397 3558 ε
428 3503 567 3560 Deus
591 3513 906 3576 peccalores
1060 3521 1090 3560 ει
1123 3505 1332 3562 diabolo
1357 3505 1554 3578 captivi
1589 3504 1724 3560 deli-
1827 3497 2039 3552 VOYiSSG
2063 3495 2372 3554 mentiendo
2403 3499 2558 3563 dixit,
2655 3509 2757 3566 851,
2773 3501 3070 3557 orationem
3093 3501 3334 3558 facturus
3357 3504 3410 3558 ill

117 3599 362 3656 nentur,
389 3599 448 3646 ut
471 3593 542 3648 ad
561 3609 620 3648 se
643 3603 1048 3662 convertantur,
1073 3606 1230 3656 vocat
1255 3613 1269 3650 :
1293 3606 1348 3654 et
1375 3605 1432 3652 tu
1471 3597 1562 3668 qui
1603 3611 1728 3652 eum
1828 3585 1947 3642 loco
1975 3603 2080 3656 quo
2109 3588 2454 3658 requiescunt
2482 3589 2777 3658 Abraham,
2809 3591 2956 3650 Isaac
2977 3601 3030 3650 et
3055 3593 3241 3650 Jacob.

119 3685 342 3740 imitari
371 3685 548 3750 debes,
581 3701 681 3742 om.
707 3703 814 3742 non
841 3703 906 3744 eo
935 3689 1094 3744 modo
1121 3689 1270 3760 agis?
1903 3697 1924 3730 ς
1952 3679 2112 3734 Venit
2140 3687 2320 3736 autem
2355 3689 2408 3734 et
2431 3681 2630 3746 Zadoc,
2667 3691 2722 3738 et
2753 3684 2988 3740 universi
3039 3685 3238 3744 Levita:
3289 3705 3412 3744 cum

213 3793 238 3830 ι
265 3773 338 3828 Et
363 3775 576 3844 quando
625 3775 882 3834 tondebat
909 3777 1394 3848 capillum-(semel
1449 3787 1628 3836 autem
1673 3779 1726 3836 in
1833 3791 1852 3824 ι
1891 3786 1976 3838 eo,
2009 3781 2292 3843 portantes
2319 3788 2500 3828 arcam
2533 3773 2756 3830 foederis
2786 3775 3022 3846 Domini,
3049 3787 3106 3836 et
3147 3782 3410 3850 deposue-

123 3883 148 3916 ι
191 3879 346 3920 anno
365 3865 688 3944 tondebatur
714 3867 754 3940 ),
793 3885 810 3919 ι
847 3867 902 3924 ιη
927 3867 1154 3930 neme
1181 3871 1344 3940 igitur
1381 3871 1456 3928 ira
1500 3871 1726 3942 legitur;
1836 3879 1854 3912 ι
1892 3869 2016 3916 runt
2039 3877 2222 3916 arcam
2247 3861 2364 3916 Dei.
2395 3863 2462 3916 Et
2488 3863 3018 3922 ascenditAbiathar
3041 3870 3208 3942 donec
3231 3857 3412 3941 exple:

119 3975 146 4006 ε
201 3955 276 4010 Et
303 3957 520 4025 quando
549 3961 872 4016 tondebatur
899 3969 1060 4030 caput
1085 3959 1220 4028 ejus,
1253 3970 1458 4020 statuto
1491 3971 1716 4034 tempore

1835 3969 1852 4002 ς
1889 3959 1976 4006 tus
2005 3959 2150 4010 esset
2171 3951 2348 4006 omnis
2373 3953 2600 4024 populus
2627 3955 2720 4026 qui
2752 3971 3000 4027 egressus
3033 3961 3206 4014 fuerat
3242 3959 3413 4028 deﬁci-

111 4045 490 4112 wndebatur,
527 4067 544 4099 ι
585 4056 640 4102 et
665 4049 890 4118 reliqua.
939 4047 1056 4104 Non
1083 4052 1226 4104 enim
1279 4053 1444 4106 semel
1475 4053 1528 4106 in
1561 4067 1726 4116 anno,
1835 4061 1854 4094 ι
1890 4043 2074 4098 vitate.
2107 4063 2124 4096 ι
2159 4043 2282 4102 Ideo
2311 4061 2492 4102 arcam
2527 4048 2622 4106 Dei
2651 4049 2966 4118 deposuisse
3021 4051 3298 4117 dicuntur,
3353 4059 3414 4106 ut

111 4145 190 4190 ut
237 4133 428 4192 Latini
474 4139 688 4196 codices
731 4141 956 4209 habent,
987 4143 1326 4206 tondebatur,
1379 4143 1472 4200 sed
1531 4153 1732 4200 statuto
1831 4137 2094 4196 Dominus
2122 4139 2190 4196 ab
2216 4141 2480 4200 Abiatlmr
2525 4143 2808 4198 sacerdOte
2860 4144 3250 4212 consuleretur,
3305 4161 3414 4216 quo

107 4241 408 4302 tempore,
441 4233 494 4288 id
530 4243 614 4288 est
654 4235 708 4288 in
755 4235 974 4307 triginta
1023 4237 1230 4294 diebus.
1287 4238 1392 4294 sed
1447 4255 1546 4294 nos
1595 4241 1734 4296 hanc
1835 4247 2021 4288 versus
2047 4233 2216 4288 David
2247 4233 2328 4290 ire
2349 4235 2588 4290 deberet.
2609 4235 2932 4292 Ascendisse
2955 4247 3134 4294 autem
3151 4239 3416 4294 Abiatbar

107 4324 458 4394 opinionem
489 4325 792 4396 aliquorum
843 4329 1180 4397 omittentes,
1219 4331 1538 4400 simpliciter
1589 4333 1734 4388 sicut
1833 4325 2050 4391 dicitur,
2087 4325 2140 4380 id
2181 4333 2266 4386 eSt
2303 4341 2510 4392 orasse,
2555 4335 2609 4382 et
2659 4327 2785 4400 quia
2835 4329 3116 4386 oraculum
3173 4331 3414 4386 divinum

105 4418 276 4488 apud
323 4433 428 4474 nos
469 4419 682 4490 legitur,
731 4421 978 4478 videlicet
1017 4425 1228 4492 quando
1273 4425 1526 4480 ιοηιιθιηιι
1567 4431 1728 4494 ραρυι
1758 4457 1808 4516 D
1835 4431 1942 4470 non
1969 4415 2018 4472 ei
2047 4430 2368 4492 responsum
2389 4426 2492 4484 est,
2517 4417 2720 4476 idcirco
2741 4419 2794 4476 in
2811 4421 3260 4490 subsequentibus
3277 4421 3414 4480 dixit

101 4507 334 4578 (semel
355 4511 612 4566 autem-in
635 4525 780 4567 anno
801 4513 1146 4586 tondebatur)
1163 4513 1342 4586 legere
1357 4517 1722 4572 decrevimus:
1761 4505 1801 4516 “’
1833 4505 2036 4572 Πενίάν.
2061 4515 2122 4566 ιιι
2147 4515 2516 4576 reponat“!!!
2543 4523 2668 4564 arca
2695 4509 2788 4564 Dei
2817 4509 2870 4564 ill
2903 4509 3112 4566 urbem-

101 4597 256 4666 quia
287 4597 440 4654 hanc
467 4601 872 4658 translationem
901 4619 968 4658 ex
989 4603 1254 4662 Hebraico
1285 4606 1432 4664 fonte
1475 4607 1724 4668 haustam
2321 4675 2326 4680 ,
2425 4669 2458 4680 η
2478 4669 2489 4680 .
2511 4669 2646 4680 ,μη-
2685 4669 2778 4680 ...ν

99 4687 432 4746 credimus.
471 4689 640 4746 Porro
659 4701 840 4748 autem
865 4695 1008 4764 quod
1031 4695 1108 4750 ait
1145 4713 1162 4750 :
2321 4675 2326 4680 ’
2361 4723 2366 4726 -
2419 4669 2646 4752 CAPUT
2685 4669 2820 4725 XVI-

193 4797 218 4832 ε
255 4777 406 4834 Nam
433 4781 574 4838 sicut
593 4785 846 4842 Absalom
871 4787 952 4842 vir
977 4803 1082 4842 non
1115 4797 1230 4846 erat
1253 4789 1476 4860 pulcher
1503 4792 1554 4844 in
1579 4793 1726 4848 omni
1915 4803 1932 4834 ι
1961 4785 2026 4839 Εἰ
2046 4786 2192 4842 venit
2217 4787 2382 4844 David
2417 4805 2586 4858 usque
2615 4789 2890 4846 Bahurim.
2921 4793 2988 4847 Et
3013 4807 3140 4850 ecce
3169 4793 3414 4864 egredie-

103 4891 126 4922 ι
173 4869 366 4926 Israel
395 4879 454 4926 et
475 4871 704 4932 decorus
737 4877 920 4932 nimis.
959 4877 1002 4932 Α
1027 4879 1252 4950 vestigio
1281 4881 1432 4951 pedis
1460 4897 1628 4951 usque
1661 4883 1728 4938 ad
1843 4895 1860 4926 ι
1893 4877 2050 4932 batur
2077 4878 2202 4934 inde
2231 4879 2313 4934 vir
2347 4881 2412 4936 de
2435 4881 2756 4952 cognatione
2797 4883 2924 4938 Saul
2951 4886 3166 4942 nomine
3213 4885 3416 4948 Semei,

101 4981 126 5012 ι
177 4969 624 5034 verticem,_non
647 4975 768 5020 erat
809 4967 864 5020 in
905 4981 978 5022 eo
1015 4967 1120 5022 ulla
1165 4969 1394 5024 macula.
1431 4969 1532 5034 Qui
1557 4971 1728 5036 etiam
1843 4989 1860 5020 ι
1897 4968 2040 5026 ﬁlius
2087 4969 2245 5037 Cera,
2277 4981 2331 5028 et
2375 4973 2734 5030 maledicebat
2777 4977 2966 5034 David.
3011 4977 3196 5033 Abisai
3233 4985 3416 5030 autem

97 5071 124 5102 ι
169 5059 390 5122 postea
421 5050 554 5108 facit
577 5053 680 5108 sibi
703 5071 898 5110 currus
925 5065 978 5110 et
999 5059 1226 5128 equites,
1275 5059 1364 5128 qui
1395 5069 1444 5114 et
1467 5058 1728 5128 judicium
1841 5083 1858 5112 ι
1895 5062 2032 5118 dixit
2061 5081 2074 5118 :
2107 5065 2310 5120 Vadam
2341 5075 2398 5122 et
2424 5069 2712 5140 amputabo
2747 5079 2909 5140 caput
2951 5069 3086 5138 ejus,
3123 5089 3140 5122 ι
3193 5076 3250 5122 et
3293 5067 3420 5122 reli-

95 5163 118 5192 σ
167 5143 376 5212 patris
401 5151 553 5198 stans
585 5144 641 5198 in
681 5155 834 5216 porta
880 5147 1330 5220 reprehendebat.
1373 5169 1392 5202 ι
1437 5149 1620 5206 Potest
1665 5151 1730 5206 ﬁ-
1833 5169 1962 5224 qua,
1993 5171 2270 5228 usquequo
2297 5159 2412 5214 ait:
2441 5179 2458 5210 ι
2485 5160 2624 5228 Quid
2647 5163 2848 5218 mihiet
2869 5163 3041 5228 vobis,
3067 5161 3160 5218 ﬁlii
3189 5159 3420 5216 Sari/iac?

85 5233 402 5306 guraliter
423 5235 648 5310 intelligi
667 5239 922 5296 Absalom
949 5241 1064 5312 ipse
1087 5241 1230 5298 ﬁlius
1255 5245 1422 5300 David
1479 5245 1594 5317 (qui
1649 5247 1730 5302 in-
1839 5263 1858 5296 ι
1891 5245 2146 5302 dimittite
2201 5255 2260 5303 ut
2316 5249 2622 5306 maledicat.
2667 5273 2686 5306 ι
2749 5253 3006 5310 Hebraeus
3057 5269 3162 5308 non
3211 5253 3416 5319 habet,

85 5333 478 5394 terpretatur
498 5329 664 5397 patris
691 5347 816 5402 pax,
845 5331 912 5386 de
933 5349 1038 5402 qua
1063 5333 1506 5406 interpretatione
1533 5339 1728 5394 dicturi
1841 5353 1860 5388 ι
1897 5337 2150 5394 dimittite
2173 5347 2234 5396 ut
2261 5341 2568 5408 maledicat,
2603 5362 2620 5396 ι
2657 5345 2750 5400 sed
2777 5353 2986 5400 tantum
3015 5361 3036 5396 ς
3067 5344 3371 5402 maledica.
3394 5365 3414 5398 ι

81 5433 324 5472 ειιιιιιιε
359 5418 418 5474 iu
443 5423 810 5496 sequentibus)
853 5425 1078 5494 ﬁguram
1123 5427 1352 5498 gestavit
1405 5429 1584 5500 pepuli
1631 5429 1728 5500 ,1η-
1835 5427 2018 5484 Abisai
2067 5429 2215 5486 solus
2255 5431 2510 5488 dixerat:
2553 5453 2570 5484 ι
2605 5433 2808 5510 Vadam
2829 5443 2884 5490 et
2913 5435 3204 5504 amputabo
3257 5445 3422 5508 caput

79 5513 378 5564 (laser-um
415 5531 430 5566 :
461 5513 552 5582 qui
591 5513 729 5572 bene
778 5517 1006 5572 decorus
1051 5531 1174 5574 esse
1219 5519 1438 5586 dicitur,
1482 5521 1624 5589 quod
1664 5519 1728 5574 ad
1834 5519 1982 5590 ejus;
2015 5541 2034 5574 ι
2061 5531 2116 5578 et
2143 5524 2311 5580 David
2345 5525 2414 5580 ad
2437 5525 2620 5580 Abisai
2643 5523 2852 5580 etJoab
2881 5525 3175 5594 respondit,
3201 5525 3415 5584 dicens:

75 5602 392 5658 eumdem
441 5607 694 5678 populum
735 5609 1030 5680 ﬁguraliter
1069 5609 1324 5678 refertur,
1375 5621 1594 5684 prepter
1639 5629 1726 5668 re—
1841 5611 2014 5679 «Quid
2031 5615 2238 5690 mihiet
2257 5615 2431 5682 vobis,
2449 5615 2540 5670 ﬁlii
2561 5615 2832 5670 Sarvim?»
2861 5615 2936 5672 Ac
2957 5617 3000 5672 si
3019 5617 3418 5674 diceret:Nun-

74 5711 286 5766 gnum
325 5704 386 5752 et
417 5699 800 5770 sacerdotium,
841 5709 1000 5772 atque
1031 5711 1224 5760 caetera
1255 5703 1394 5760 dona
1442 5719 1558 5772 quae
1599 5705 1726 5762 olim
1837 5703 1962 5774 quid
1989 5705 2148 5762 vultis
2175 5705 2480 5764 interﬁcere
2517 5705 2700 5766 istum.
2749 5706 2888 5764 sicut
2932 5707 3280 5766 interfecislis
3307 5706 3440 5770 Ala--
