4044 6336
741 293 846 354 871

1762 293 2114 352 ANGELOMI
2153 289 2626 380 LuxowENsrs,
2647 291 2969 359 uomunt
3786 317 3840 376 δη

739 412 874 469 uer?
896 409 1159 467 Dominus
1179 408 1322 464 enim
1350 407 1608 478 praecepit
1633 407 1681 462 ei
1726 415 1784 462 ut
1819 407 2166 464 malediceret
2216 406 2322 464 Da-
2346 411 2397 470 Α
2425 415 2582 463 cente
2616 426 2634 462 ε-
2669 426 2688 459 r
2723 404 2887 464 Fﬁios
2911 407 3467 478 enutrivietexaltavi,
3497 413 3584 486 ipsi
3608 426 3741 476 autem
3757 439 3838 494 ερη.

738 503 852 558 vid.
878 502 944 558 Et
972 502 1094 573 quis
1111 510 1195 556 est
1221 500 1314 570 qui
1344 499 1508 565 dicat,
1537 513 1704 570 quare
1731 499 1811 552 sic
1850 498 2075 553 fecerit?
2116 497 2326 554 Subau-

739 594 888 648 ditur
917 611 930 647 :
957 591 1138 658 Quare
1167 592 1245 646 sic
1267 589 1474 654 fecerit,
1501 605 1608 644 non
1641 589 1921 672 Dominus,
1969 589 2074 644 sed.
2118 587 2319 645 Semei.

737 683 920 742 δειηεί
947 684 1040 754 qui
1070 684 1348 738 maledixit
1369 681 1563 747 David,
1599 682 1715 752 ipse
1754 682 1856 746 cst,
1903 691 1963 736 ut
2004 681 2217 738 Hebrmi
2245 683 2324 738 di-

736 781 897 840 cunt,
919 773 1161 838 Nabath,
1188 785 1342 843 pater
1366 771 1652 828 Jeroboam
1670 813 1685 838 ,
1717 773 1809 842 qui
1841 771 1984 828 ﬁlius
2005 771 2202 827 Jemini
2237 773 2321 828 di—

733 867 904 934 citur,
939 874 994 921 et
1028 866 1082 920 in
1107 865 1222 921 zelo
1252 865 1442 920 domus
1471 864 1600 920 Saul
1630 865 1984 922 maledicebat
2009 867 2198 921 David.
2224 866 2324 922 No-

733 971 863 1013 men
888 972 1016 1012 vero
1043 957 1126 1012 avi
1158 956 1275 1026 ejus
1300 955 1478 1012 Semel
1503 955 1625 1023 fuit,
1649 964 1706 1011 et
1741 957 1856 1027 ipse
1883 958 2062 1012 Semei
2083 973 2150 1013 ex
2177 958 2322 1014 tribu

735 1049 993 1119 Ephraim
1036 1049 1130 1104 ﬁlii
1179 1048 1379 1120 Joseph
1411 1049 1639 1104 exstitit.
1685 1050 1838 1106 Unde
1875 1059 1931 1105 et
1960 1050 2100 1105 idem
2142 1049 2322 1106 Semei

735 1141 806 1196 ad
826 1139 993 1195 David
1021 1140 1157 1196 dixit
1183 1157 1197 1195 :
1222 1159 1241 1192 ε
1272 1139 1487 1197 Primus
1499 1155 1714 1212 quoaue
1737 1142 1863 1200 veni
1897 1141 2056 1198 hodie
2080 1141 2149 1199 de
2171 1145 2320 1200 omni

733 1231 878 1287 tribu
905 1229 1124 1302 Josepb.
1163 1251 1183 1285 ι

811 1337 831 1371 ι
858 1320 990 1376 Cum
1012 1329 1192 1378 autem
1210 1324 1451 1379 venisset
1472 1323 1670 1380 Chusai
1690 1323 1973 1380 Arachites
1996 1324 2202 1381 amicus
2219 1325 2322 1380 Da-

734 1429 756 1462 ι
785 1409 874 1466 vid
904 1413 971 1467 ad
1001 1412 1276 1482 Absalom,
1324 1415 1533 1472 locutus
1557 1425 1640 1472 est
1663 1415 1730 1470 ad
1782 1432 1904 1471 eum
1939 1436 1952 1471 :
1990 1415 2149 1473 Salve
2198 1433 2318 1483 rex,

733 1517 754 1550 ι
787 1501 936 1584 salve
958 1518 1074 1560 rex.
1110 1505 1192 1561 Ad
1214 1521 1372 1576 quem
1387 1507 1640 1563 Absalom
1670 1527 1683 1562 :
1708 1509 1834 1564 Htec
1856 1516 1960 1575 est,
1976 1509 2170 1580 inquit,
2197 1525 2319 1580 gra-

731 1611 752 1645 ι
789 1595 861 1650 tia
893 1597 959 1652 ad
987 1598 1222 1654 amicum
1245 1601 1432 1656 tuum?
1460 1621 1478 1653 ι
1512 1601 1568 1655 In
1599 1600 1826 1658 Hebraao
1866 1603 2100 1672 legitur:
2136 1621 2153 1652 ι
2193 1602 2318 1658 Ηωο

732 1700 755 1736 ι
789 1695 890 1750 est,
924 1687 1116 1758 inquit,
1148 1689 1526 1746 misericordia
1555 1693 1624 1748 ad
1649 1693 1882 1748 amicum
1913 1702 2088 1760 tuum,
2123 1713 2142 1745 ›
2172 1694 2315 1764 quod

2425 509 2620 555 verunt
2643 515 2730 556 me
2759 500 2896 572 (Ira.
2925 499 2987 573 ι).
3017 519 3043 553 ι
3071 501 3238 557 Filius
3258 519 3382 574 ergo
3418 505 3524 574 ejus
3553 509 3709 580 impius
3726 521 3840 587 tropice

2423 591 2591 660 accipi
2615 599 2792 660 potest
2816 591 3046 662 populus
3065 587 3341 659 Iudaicus,
3369 597 3456 664 qui
3477 611 3586 652 eum
3603 603 3774 658 tradidit
3787 609 3840 663 At

2423 679 2594 736 salom
2633 690 2836 748 autem,
2887 683 3026 738 sicut
3047 691 3173 739 ante
3197 681 3307 752 jam
3333 685 3526 741 dictant
3571 698 3654 753 est,
3698 692 3841 767 intelligi

2423 778 2514 824 tur
2540 772 2704 840 patris
2730 789 2860 843 pax.
2893 772 3048 840 Quod
3076 773 3272 829 mirum
3311 777 3512 831 videtur
3535 778 3838 856 ilhistoria,pa.

2423 863 2524 917 tris
2543 879 2646 933 pax
2675 865 3125 934 quemadmodum
3154 867 3324 935 possit
3347 868 3576 941 intelligi,
3616 871 3686 942 qui
3717 886 3839 944 putrem

2422 953 2562 1010 bello
2589 964 2672 1010 est
2699 965 3036 1026 persecutus.
3087 955 3195 1011 Sed
3224 958 3314 1026 qui
3361 959 3620 1030 diligenter
3653 964 3839 1034 allegorian

2422 1043 2728 1110 intendunt,
2758 1045 3051 1115 inspiciunt
3065 1045 3317 1103 Absalom
3336 1064 3454 1104 esse
3479 1049 3744 1108 Hierusalem
3761 1073 3840 1124 :qtae

2421 1135 2586 1189 etiam
2615 1143 2670 1192 et
2703 1137 2818 1206 ipsa
2846 1151 2953 1206 pas;
2977 1137 3381 1206 interpretatur.
3411 1139 3456 1192 A
3477 1138 3611 1208 cujus
3633 1140 3734 1196 facie
3749 1145 3781 1196 in
3793 1145 3840 1197 ςε-

2421 1225 2613 1282 lilwam
2647 1225 2808 1296 fugit,
2847 1226 3103 1282 Christus
3141 1228 3408 1294 videlicet,
3455 1229 3538 1298 qui
3568 1244 3666 1284 eam
3699 1233 3840 1300 muenia

2421 1319 2700 1385 deserens,
2728 1320 2784 1374 in
2814 1319 3062 1389 gentibus
3086 1335 3184 1389 per
3210 1321 3368 1376 ﬁdem
3406 1321 3625 1377 secessit.
3664 1322 3737 1375 Alii
3753 1325 3839 1376 Alias

2421 1407 2548 1474 lom,
2577 1406 2768 1464 Iudam
2799 1409 3117 1465 traditorem
3141 1410 3430 1479 accipiunt,
3473 1425 3614 1480 quem
3635 1426 3714 1465 non
3734 1413 3839 1466 bonum

2421 1509 2571 1556 tanta
2595 1502 2760 1557 etiam
2789 1502 3032 1557 miranda
3063 1503 3318 1572 patientia
3364 1502 3594 1558 Christus
3615 1503 3771 1572 pertulit
3783 1515 3840 1557 ut

2421 1607 2584 1662 quam
2613 1593 2844 1659 bonum,
2868 1608 2989 1648 cum
3017 1592 3136 1661 ejus
3167 1593 3515 1664 cogitationes
3540 1609 3629 1648 non
3667 1594 3838 1662 ignoraret

2420 1682 2552 1738 Cum
2583 1683 2828 1739 adhibuit
2855 1684 3181 1749 convivium,
3213 1684 3268 1738 in
3296 1699 3404 1754 quo
3430 1686 3647 1756 corporis
3665 1687 3840 1754 etsangti

724 1789 837 1829 non
859 1775 1198 1843 afﬁrmando,
1231 1779 1323 1834 sed
1347 1781 1595 1852 negando
1620 1758 2082 1851 pronuntiandum
2097 1758 2218 1850 est}
2263 1793 2321 1842 ει
2344 1758 2392 1817 Β
2420 1774 2508 1829 nis
2531 1773 2614 1830 sui
2642 1773 2897 1844 ﬁguram,
2931 1774 3206 1844 discipulis
3233 1775 3612 1830 commendavit
3636 1785 3679 1829 et
3697 1777 3836 1829 tradidit:

724 1872 815 1920 est
838 1880 1034 1924 sensus
1060 1886 1072 1921 :
1100 1867 1466 1926 Misericordia
1491 1881 1574 1926 est
1599 1881 1692 1927 aut
1711 1873 1815 1928 dici
1838 1873 2015 1938 debet,
2047 1875 2190 1944 quod
2211 1874 2316 1930 Da-

725 1958 819 2016 vid
854 1962 1089 2020 amicum
1122 1972 1274 2018 tuum
1310 1963 1584 2031 dimisisti,
1621 1973 1820 2020 etcum
1846 1982 1911 2022 eo
1932 1981 2039 2024 non
2068 1967 2178 2022 isti.

1305 2116 1532 2175 CAPUT
1555 2115 1728 2176 'XVII.

809 2242 828 2276 ι
865 2223 1014 2281 Dixit
1056 2226 1222 2298 igitur
1277 2227 1598 2296 Achitophel
1650 2228 1717 2284 ad
1768 2228 2022 2285 Absal'om
2061 2230 2310 2307 :Eligam

731 2333 753 2366 ε
786 2315 919 2371 mihi
942 2315 1225 2374 duodecim
1256 2319 1426 2374 millia
1451 2320 1714 2386 virorum,
1745 2327 1802 2376 et
1831 2335 2164 2392 consurgens
2196 2335 2314 2391 pcr-

729 2427 752 2458 σ
781 2421 978 2479 sequar
1023 2409 1192 2464 David
1242 2411 1345 2465 hac
1390 2418 1547 2466 nocte
1574 2429 1593 2464 :1
1616 2419 1671 2466 et
1707 2413 1910 2466 irruam
1955 2425 2117 2481 super
2163 2425 2309 2478 eum,

727 2517 753 2550 c
795 2499 1003 2570 quippe
1027 2501 1118 2570 qui
1143 2501 1318 2557 lassus
1339 2509 1423 2556 est
1445 2509 1500 2555 et
1523 2500 1774 2556 resolutis
1811 2500 2090 2566 manibus,
2113 2515 2309 2570 percu-

727 2610 752 2644 ε
787 2593 921 2648 tiam
951 2609 1096 2650 eum.
1165 2593 1408 2665 Cumque
1459 2593 1657 2666 fugerit
1707 2594 1886 2650 omnis
1935 2593 2164 2664 populus
2215 2593 2309 2664 qui

726 2701 752 2736 ι
783 2689 909 2741 cum
943 2700 1019 2742 eo
1038 2694 1138 2750 est,
1171 2684 1476 2757 percutiam
1501 2701 1682 2757 regem
1705 2684 2004 2741 desolatum
2033 2703 2050 2740 :
2079 2693 2133 2740 et
2157 2684 2311 2739 redu-

723 2792 748 2826 1
781 2789 901 2830 cam
927 2777 1240 2832 universum
1282 2777 1535 2847 populum
1577 2777 1846 2847 quomodo
1879 2793 2068 2833 omnes
2108 2775 2308 2832 reverti

723 2885 747 2918 ι
779 2869 983 2926 solent.
1001 2890 1020 2923 ι
1046 2869 1283 2936 Scilicet,
1315 2871 1458 2926 sicut
1487 2871 1687 2926 reverti
1717 2870 1894 2926 solent
1915 2869 1973 2925 lii
2002 2869 2092 2940 qui
2111 2869 2308 2924 amisso

715 2959 775 3014 in
829 2962 1014 3029 prtelio
1058 2977 1185 3032 rege
1230 2971 1594 3028 revertuntur,
1625 2962 1706 3018 sic
1749 2962 2036 3018 universus
2081 2962 2308 3034 populus

716 3047 888 3104 lérael
917 3059 1222 3107 revertetur
1247 3052 1314 3106 ad
1351 3062 1405 3106 te

795 3156 817 3191 ‹
851 3140 918 3195 Ει
947 3157 1072 3198 cum
1091 3141 1348 3197 ceciderit
1372 3157 1511 3197 unus
1539 3143 1763 3211 quilibet
1793 3144 1844 3197 in
1873 3144 2159 3214 principio,
2213 3159 2308 3199 au-

727 3251 748 3284 c
784 3231 898 3288 diat
931 3233 1237 3304 quicunque
1271 3236 1502 3291 audierit
1533 3276 1549 3300 ,
1577 3245 1630 3291 et
1652 3237 1795 3292 dicet
1825 3252 1840 3292 :
1871 3239 2037 3293 Facta
2054 3248 2137 3293 est
2153 3239 2306 3310 plaga

727 3343 748 3376 ι
785 3325 840 3381 in
869 3327 1066 3398 populo
1099 3329 1192 3398 qui
1219 3327 1546 3398 sequebatur
1572 3329 1848 3386 Absalom.
1890 3331 1956 3385 Et
1978 3331 2305 3391 fortissimus

721 3433 743 3466 ι
776 3417 1023 3487 quisque,
1039 3417 1192 3486 cujus
1207 3433 1301 3473 cor
1313 3426 1396 3474 est
1411 3418 1566 3488 quasi
1584 3419 1772 3486 leonis,
1795 3435 1993 3490 pavore
2013 3421 2265 3476 solvetur.
2283 3439 2300 3475 ι

681 3510 777 3588 ‘ln
823 3510 1050 3566 Hebraeo
1081 3513 1155 3566 ita
1203 3512 1435 3566 habetur
1460 3529 1473 3565 :
1498 3511 1566 3566 Et
1607 3510 1934 3569 fortissimus
1977 3514 2092 3585 ipse
2152 3513 2306 3584 cujus

716 3617 816 3660 cor
833 3604 950 3672 ejus
980 3603 1143 3673 quasi
1169 3601 1362 3668 leonis,
1413 3618 1613 3674 pavore
1653 3604 1908 3660 solvetur.
1945 3626 1964 3658 ›
2014 3605 2168 3675 Quod
2197 3621 2304 3663 non

714 3692 1066 3761 afﬁrmando,
1091 3697 1184 3750 sed
1209 3695 1455 3767 negando
1484 3698 1938 3766 pronuntiandum
1974 3707 2074 3754 est.
2101 3700 2306 3757 Fortis-

713 3785 886 3840 simus
915 3785 1022 3840 iste
1040 3785 1207 3840 David
1233 3785 1610 3857 intelligendus
1638 3795 1744 3854 est,
1773 3789 1913 3859 quod
1947 3797 2001 3845 et
2027 3791 2302 3862 sequentia

713 3876 1012 3933 declarant.

793 3988 812 4020 ι
846 3969 962 4026 Scit
981 3971 1125 4028 enim
1145 3971 1322 4028 omnis
1347 3970 1513 4029 Israel
1541 3971 1734 4030 fortem
1757 3989 1876 4031 esse
1897 3983 2105 4047 patrem
2131 3984 2300 4042 tuum,

717 4075 739 4111 ι
774 4069 831 4116 et
859 4062 1109 4119 robustos
1130 4065 1438 4136 omnesqui
1481 4079 1603 4120 cum
1633 4081 1699 4122 eo
1745 4075 1888 4122 sunt.
1927 4087 1946 4120 ι
2015 4065 2122 4123 Sed
2173 4066 2303 4136 quid

710 4149 817 4207 iste
840 4152 1163 4225 Achitophel
1184 4156 1468 4227 signiﬁcet,
1491 4156 1732 4212 dicemus
1760 4158 1814 4212 in
1843 4165 2142 4227 posterum.

790 4265 811 4298 ι
851 4245 1116 4306 Jonathas
1140 4259 1321 4306 autem
1343 4256 1399 4305 et
1424 4248 1715 4305 Achimaas
1747 4251 1966 4306 stabant
1999 4249 2154 4321 juxta
2177 4248 2308 4304 fon--

716 4356 736 4390 ι
774 4346 880 4394 tem
899 4339 1090 4412 Rogel.
1119 4340 1266 4396 Abiit
1287 4341 1480 4396 ancilla
1510 4349 1566 4396 et
1587 4341 1974 4407 nuntiaviteis,
2006 4350 2061 4396 et
2082 4341 2154 4395 illi
2177 4357 2302 4411 pro-

715 4447 736 4480 ι
775 4428 902 4485 fecti
931 4439 1074 4487 sunt.
1111 4451 1129 4484 ι
1161 4429 1286 4488 Haec
1313 4431 1506 4488 ancilla
1529 4433 1683 4502 quasi
1711 4431 1924 4487 lavandi
1973 4433 2145 4502 gratia
2175 4448 2296 4487 cum

706 4521 903 4590 pannis
939 4521 1231 4578 ad-fontem
1255 4521 1432 4592 Rogel.
1451 4525 1692 4590 ierat,.ut
1721 4524 1934 4594 penitus
1964 4539 2052 4579 res
2076 4539 2184 4579 non
2208 4525 2297 4580 de-

705 4613 1338 4685 prehenderetur:puer
1357 4625 1538 4671 autem
1568 4616 1658 4687 qui
1711 4631 1826 4671 rem
1875 4616 2078 4671 indicat
2119 4615 2291 4671 Absa-

706 4701 840 4766 lom.
878 4703 1019 4759 ﬁlius
1044 4703 1286 4771 ejusdem
1329 4704 1536 4761 ancilla:
1575 4705 1834 4774 parvulus
1863 4705 2062 4760 dicitur
2103 4703 2291 4759 fuisse.

705 4791 868 4849 Prius
893 4794 1038 4848 enim
1063 4793 1325 4864 paulatim
1348 4794 1637 4851 historiam
1665 4795 2036 4852 continuando
2064 4793 2154 4849 hic
2174 4803 2293 4850 tan-

705 4900 836 4957 gere
863 4887 1222 4954 decrevimus,
1276 4895 1335 4942 ut
1363 4888 1703 4957 postmodum
1735 4887 1865 4958 quid
1909 4887 2132 4958 mystice
2162 4901 2295 4942 con-

703 4978 902 5045 tinuat,
933 4981 1234 5052 indagando
1259 4984 1622 5054 propalemus.
1673 4983 1780 5040 Sed
1806 4985 1931 5056 quia
1953 4985 2018 5038 de
2037 4983 2289 5039 Absalom

703 5064 933 5122 historia
955 5073 1419 5143 prtetergreditur,
1458 5075 1752 5131 secundum
1779 5075 2088 5145 allegoriam
2113 5075 2292 5129 consi-

703 5153 896 5212 derare
921 5158 1070 5228 libet,
1097 5163 1225 5232 quid
1261 5164 1388 5220 illud
1418 5166 1705 5235 signiﬁcet,
1752 5166 1892 5236 quod
1919 5165 2187 5237 parricida
2228 5164 2290 5219 ﬁ-

705 5243 810 5302 lius
839 5259 1048 5319 patrem
1099 5255 1425 5326 insequitur.
1457 5259 1660 5324 Primo,
1685 5267 1840 5331 pater
1867 5259 1983 5330 ejus
2013 5259 2290 5314 declinans

705 5334 843 5408 fugit
890 5351 1018 5400 ante
1072 5345 1266 5403 faciem
1315 5347 1450 5417 ejus,
1482 5366 1707 5406 securus
1749 5351 1813 5406 de
1851 5349 2081 5404 victoria
2116 5369 2128 5404 :
2161 5351 2288 5420 quia

703 5426 916 5486 sciebat
945 5435 1165 5506 impium
1201 5440 1402 5508 perire,
1434 5455 1593 5510 quem
1623 5441 1788 5495 etiam
1816 5439 1962 5495 ﬂevit
1983 5456 2176 5511 magno
2206 5441 2289 5495 lu-

707 5527 822 5586 ctu,
852 5534 908 5580 et
931 5528 1146 5586 deﬂevit
1170 5535 1373 5588 exitum
1408 5533 1712 5605 parricidm.
1738 5533 2011 5589 Scribitur
2036 5534 2180 5589 enim
2213 5534 2294 5588 fu-

709 5609 853 5677 gisse
895 5614 1112 5674 Davida
1147 5622 1282 5679 facie
1324 5623 1571 5680 bellantis
1625 5625 1908 5680 adversum
1960 5639 2018 5680 se
2060 5625 2170 5679 ﬁlii.
2226 5625 2293 5680 Et

709 5699 838 5759 alibi
874 5709 1133 5780 scriptum
1163 5716 1328 5772 estde
1355 5715 1927 5787 populoilierusalem,
1962 5718 2189 5776 Domino
2214 5719 2293 5775 di-

2419 1865 2562 1935 quod
2583 1865 2814 1936 denique
2840 1867 2892 1920 in
2923 1866 3035 1935 ipsa
3070 1866 3358 1922 traditione
3387 1875 3438 1922 et
3479 1868 3684 1923 osculum
3717 1871 3838 1937 accepit

2417 1957 2564 2014 Bene
2602 1959 2916 2029 intelligitur
2939 1975 3129 2030 pacem
3173 1960 3448 2016 Christum
3471 1962 3725 2016 exhibuisse
3757 1962 3838 2014 tuli.

2421 2053 2522 2106 tori
2557 2067 2674 2118 suo,
2706 2052 2953 2122 quamvis
2979 2053 3068 2108 ille
3093 2054 3372 2109 sceleratas
3396 2054 3696 2126 cogitationis
3726 2055 3840 2108 interm

2415 2140 2556 2197 bello
2576 2149 2903 2197 vastaretur.
2938 2141 3007 2196 Et
3033 2141 3154 2197 ideo
3182 2142 3440 2199 Absalom
3467 2143 3616 2213 patri:
3632 2157 3713 2211 pa:
3725 2141 3840 2199 dicitur,

2412 2234 2540 2304 quia
2589 2242 2744 2304 pater
2797 2234 2986 2290 habuit
3038 2249 3226 2305 pacem
3285 2251 3446 2306 quam
3492 2234 3573 2289 ille
3613 2249 3696 2288 non
3730 2230 3840 2286 habuit.

2414 2323 2566 2383 Hanc
2601 2328 2745 2382 enim
2782 2329 3140 2400 posteriorem
3191 2331 3511 2384 sententiam
3552 2343 3643 2382 non
3681 2337 3839 2380 commeo

2411 2417 2576 2473 tando
2599 2418 2943 2488 protulimus,
2970 2419 3063 2474 sed
3093 2418 3158 2473 de
3184 2418 3350 2475 dictis
3398 2417 3533 2473 beati
3576 2412 3781 2484 Augustini
3809 2424 3839 2463 ex

2413 2507 2570 2564 titulo
2594 2509 2844 2564 videlicet
2873 2509 3021 2563 tertii
3045 2509 3238 2578 psalmi
3287 2510 3340 2563 in
3368 2508 3552 2579 quibus
3590 2515 3774 2573 tanquam
3790 2499 3840 2551 de

2411 2596 2628 2652 rissima
2655 2598 2785 2653 tuba
2814 2597 3143 2668 disputando
3170 2612 3436 2653 resonans
3481 2595 3708 2656 edisserit,
3747 2592 3840 2646 deur-

2410 2689 2632 2759 psimus.
2660 2687 2981 2758 AeliiIOphel
3016 2687 3181 2758 igitur
3206 2689 3323 2758 qui,
3355 2688 3595 2744 recedens
3619 2701 3643 2740 a
3663 2682 3786 2742 David,
3811 2679 3840 2730 td

2409 2776 2663 2834 Absalom
2697 2778 3199 2848 transmigraverat,
3234 2777 3515 2832 haereticos
3561 2772 3762 2845 signiﬁcat
3785 2767 3838 2835 qui.

2407 2877 2724 2925 receoentes
2757 2885 2788 2924 a
2817 2869 3035 2924 tramite
3054 2871 3325 2936 veritatis,
3357 2885 3414 2925 se
3441 2869 3628 2924 sociant
3651 2862 3751 2920 hosti
3769 2858 3840 2912 uiti

2409 2973 2538 3030 quo,
2571 2968 2625 3014 et
2650 2959 3054 3028 subsequuntur
3077 2974 3322 3015 errorem
3358 2979 3371 3014 :
3401 2959 3840 3029 interpretaturum

2413 3048 2576 3117 frater
2628 3064 2773 3104 nacus
2819 3047 3009 3102 cadens
3048 3047 3356 3104 :Gilonites
3405 3063 3530 3104 vero
3575 3037 3840 3109 transmutari?-

2409 3138 2610 3196 Contra
2641 3153 2777 3210 quos
2805 3138 3074 3209 Propheta
3101 3139 3411 3210 increpans,
3435 3136 3589 3192 dicit:
3615 3152 3632 3185 ί
3657 3133 3699 3186 In
3717 3125 3840 3182 Doutine

2410 3227 2644 3295 conﬁdo,
2674 3230 2943 3300 quomodo
2978 3230 3158 3284 dicitis
3185 3230 3382 3284 animae
3406 3243 3550 3292 mete,
3575 3216 3840 3287 transmittam

2405 3330 2646 3377 montem
2695 3321 2836 3376 sicut
2881 3335 3069 3391 passer
3121 3319 3294 3389 (l’sal.
3325 3318 3416 3392 x)?
3452 3335 3472 3372 θ
3503 3317 3564 3371 Et
3601 3312 3747 3369 merito
3776 3303 3842 3358 tales

2407 3407 2602 3482 laqueo
2647 3411 2842 3466 diaboli
2895 3419 3057 3480 atque
3084 3411 3306 3466 malitiae
3346 3426 3457 3466 suae
3501 3408 3644 3462 vitam
3682 3396 3840 3473 propriam

2407 3503 2624 3570 ﬁniunt,
2656 3505 2748 3576 qui
2779 3504 3009 3559 alienam
3034 3505 3216 3574 pravis
3251 3504 3589 3560 suasionibus
3623 3499 3840 3585 corrumpi“

2403 3603 2678 3667 satagunt.
2714 3594 2865 3651 Sicut
2895 3596 3011 3667 ipse
3037 3596 3089 3650 in
3117 3596 3338 3666 propria
3369 3597 3526 3651 domo
3560 3583 3775 3658 suspendio
3801 3583 3839 3628 no

2405 3685 2572 3750 teriit,
2597 3686 2686 3755 qui
2717 3686 2905 3741 alienae
2932 3687 3078 3753 vitae,
3107 3687 3210 3768 hoc
3234 3696 3322 3742 est
3347 3685 3530 3750 David,
3571 3675 3838 3768 insitliatuscsl-

2406 3775 2560 3834 Unde
2588 3779 2847 3848 scriptum
2889 3789 3012 3835 est:
3050 3799 3068 3831 ι
3101 3766 3202 3847 Qui
3233 3779 3370 3834 fodit
3420 3778 3632 3835 foveam,
3656 3766 3838 3856 incidat“

2405 3867 2549 3922 illam
2577 3844 2760 3937 (Prov.
2785 3883 2943 3933 xxvr;
2971 3844 3221 3938 Eccldx).
3259 3887 3276 3919 ι
3311 3867 3422 3924 Sed
3450 3865 3569 3936 qttid
3593 3861 3715 3915 aliter
3732 3844 3840 3921 535m

2405 3967 2510 4023 cet,
2551 3958 2792 4012 dicemus
2827 3959 2881 4013 in
2909 3967 3204 4028 posterum.

2481 4067 2508 4101 ι.
2537 4048 2697 4103 Venit
2716 4057 2897 4105 autem
2922 4059 2978 4105 et
3003 4049 3177 4106 Sadoc
3201 4059 3257 4106 et
3281 4050 3520 4105 universi
3541 4044 3688 4102 levita
3705 4042 3838 4092 cumet

2409 4157 2430 4194 ι
2465 4149 2746 4212 portantes
2771 4155 2958 4196 arcam
3001 4139 3224 4197 ftederis
3249 4141 3366 4208 Dei,
3407 4150 3460 4196 et
3487 4134 3773 4208 deposuerunt
3795 4134 3836 4172 π·

2407 4255 2426 4289 ε
2469 4253 2588 4292 cam
2611 4237 2724 4292 Dei.
2751 4236 2817 4291 Et
2839 4238 3080 4292 ascendit
3101 4237 3386 4302 Abiathar,
3422 4237 3582 4292 donec
3605 4227 3780 4298 expletus
3801 4221 3838 4266 es!

2407 4351 2426 4385 ι
2463 4333 2640 4388 omnis
2661 4333 2910 4403 populus,
2938 4333 3028 4402 qui
3053 4323 3303 4402 egressus
3327 4331 3502 4386 fuerat
3527 4327 3588 4382 de
3606 4323 3781 4380 civitate.
3808 4306 3838 4359 Ει

2409 4446 2427 4479 ‹
2464 4427 2600 4482 dixit
2628 4443 2721 4482 rex
2749 4426 2812 4480 ad
2847 4427 3058 4482 Sadoc:
3083 4427 3523 4497 Reportaarcam
3553 4419 3634 4476 Dei
3663 4419 3702 4471 in
3723 4407 3837 4463 urban-

2407 4537 2425 4568 (
2467 4516 2524 4571 Si
2556 4516 2814 4572 invenero
2842 4517 3069 4587 gratiam
3093 4517 3148 4570 in
3175 4516 3349 4572 oculis
3371 4513 3594 4576 Domini,
3624 4507 3779 4563 reducet

2405 4627 2426 4660 ‹
2469 4618 2523 4664 et
2555 4608 2802 4664 ostendet
2836 4609 2965 4663 mihi
3001 4624 3120 4664 eam
3152 4617 3206 4663 et
3235 4605 3626 4662 tabernaculum
3665 4605 3783 4651 suum-
3806 4591 3838 4680 ’Ν

2406 4720 2424 4752 t
2457 4707 2636 4756 autem
2664 4701 2878 4764 dixerit,
2909 4699 3026 4753 Non
3050 4699 3251 4768 places,
3288 4717 3305 4752 ι
3337 4706 3392 4753 et
3423 4697 3632 4764 reliqua.
3665 4687 3748 4741 12m
3765 4683 3838 4767 ei“?

2400 4790 2546 4860 quod
2575 4790 2872 4845 secundum
2899 4789 3181 4844 historiam
3208 4789 3309 4844 ista
3339 4786 3628 4856 signiﬁcent
3665 4769 3839 4866 inculti"

2399 4899 2540 4939 mus.
2573 4883 2840 4939 Czeterum
2885 4890 3144 4952 quantum
3177 4884 3244 4938 ad
3289 4883 3530 4936 altiorem
3562 4865 3839 4963 intelliguntur

2394 4972 2648 5045 pertinet,
2699 4971 2875 5028 Sadoc
2917 4973 3188 5037 sacerdos,
3229 4975 3320 5042 qui
3366 4973 3709 5039 interpretatur
3731 4959 3838 5023 jus!“

2395 5067 2487 5137 qui
2514 5082 2696 5122 arcam
2736 5059 2948 5121 Domini
2997 5067 3295 5136 reportavit
3339 5065 3392 5120 in
3439 5063 3631 5121 urbem,
3664 5048 3838 5137 p850”?

2394 5135 2626 5229 gestavit
2663 5167 2994 5223 sanctorum,
3025 5135 3292 5212 et'eorum
3318 5156 3561 5210 videlicet
3584 5147 3660 5218 qni

2393 5227 2660 5318 passionis
2685 5247 2920 5312 Domini,
2949 5247 3077 5303 licet
3104 5263 3327 5318 corpore
3348 5247 3401 5300 in
3424 5243 3566 5300 brevi
3589 5240 3645 5293 ab
3662 5247 3710 5288 ec
3729 5227 3839 5318 dis“?

2398 5317 2727 5406 serunt,tide
2747 5352 2924 5398 tamen
2946 5350 3000 5397 et
3021 5341 3306 5397 dilectione
3323 5341 3536 5395 minime
3557 5321 3741 5400 separati
3762 5317 3838 5369 sunt

2475 5461 2504 5494 ι.
2532 5443 2598 5498 Ει
2627 5444 2762 5498 dixit
2787 5445 2952 5499 David
2977 5445 3043 5498 ad
3067 5442 3264 5499 Chusai
3297 5441 3592 5496 Arachitcm
3619 5427 3697 5483 :Si
3719 5425 3840 5514 return

2405 5556 2426 5589 ς
2458 5553 2694 5603 mecum,
2715 5539 2824 5594 eris
2853 5539 2981 5593 mihi
3009 5539 3182 5602 oneri,
3214 5558 3232 5590 ι
3259 5545 3360 5590 etc.
3400 5534 3526 5588 Nam
3572 5535 3618 5581 et
3651 5521 3726 5574 i519
3751 5512 3840 5603 “"3213

2399 5627 2597 5684 Chusai
2627 5640 2840 5686 anticus
2855 5629 3043 5694 David,
3066 5630 3157 5698 qui
3181 5630 3556 5697 interpretatur
3578 5601 3840 5702 Ῑθδίέπθηξῖῗιῗι

2401 5728 2456 5776 et
2480 5722 2546 5778 ab
2568 5737 2634 5779 eo
2662 5723 2714 5778 in
2743 5690 3100 5780 Hierusalem-
3114 5729 3414 5785 revertens,
3437 5709 3684 5773 consilium
3705 5690 3841 5752 Aclnl't'
