  <div class='ocr_page' id='page_1' title='image "/cluster/home/n/w/nwhite01/storage/ocr_20150623/115/hvd.32044015466873/190.png"; bbox 0 0 4044 6336; ppageno 0'>
   <div class='ocr_carea' id='block_1_1' title="bbox 188 313 3453 375">
    <p class='ocr_par' dir='ltr' id='par_1_1' title="bbox 188 313 3453 375">
     <span class='ocr_line' id='line_1_1' title="bbox 188 313 3453 375; baseline -0 0"><span class='ocrx_word' id='word_1_1' title='bbox 188 319 300 375; x_wconf 78' lang='lat'><strong>575</strong></span> <span class='ocrx_word' id='word_1_2' title='bbox 1123 313 1380 370; x_wconf 76' lang='lat' dir='ltr'><strong>ENARR.</strong></span> <span class='ocrx_word' id='word_1_3' title='bbox 1425 313 1494 368; x_wconf 76' lang='lat' dir='ltr'><strong>IN</strong></span> <span class='ocrx_word' id='word_1_4' title='bbox 1533 313 1778 371; x_wconf 80' lang='lat' dir='ltr'><strong>LIBROS</strong></span> <span class='ocrx_word' id='word_1_5' title='bbox 1819 315 2080 372; x_wconf 78' lang='lat' dir='ltr'><strong>REGUM.</strong></span> <span class='ocrx_word' id='word_1_6' title='bbox 2123 349 2191 356; x_wconf 95' lang='lat'><strong><em>—</em></strong></span> <span class='ocrx_word' id='word_1_7' title='bbox 2225 315 2292 372; x_wconf 84' lang='lat' dir='ltr'><strong>lN</strong></span> <span class='ocrx_word' id='word_1_8' title='bbox 2333 316 2462 373; x_wconf 76' lang='lat' dir='ltr'><strong>LIB.</strong></span> <span class='ocrx_word' id='word_1_9' title='bbox 2504 319 2564 374; x_wconf 86' lang='lat' dir='ltr'><strong>ll.</strong></span> <span class='ocrx_word' id='word_1_10' title='bbox 3347 321 3453 375; x_wconf 71' lang='grc'><strong>574</strong></span> 
     </span>
    </p>
   </div>
   <div class='ocr_carea' id='block_1_2' title="bbox 187 399 3453 508">
    <p class='ocr_par' dir='ltr' id='par_1_2' title="bbox 187 399 3453 508">
     <span class='ocr_line' id='line_1_2' title="bbox 187 399 3453 508; baseline -0.001 -19"><span class='ocrx_word' id='word_1_11' title='bbox 187 433 320 508; x_wconf 88' lang='lat' dir='ltr'><strong>pbel</strong></span> <span class='ocrx_word' id='word_1_12' title='bbox 341 427 642 500; x_wconf 79' lang='lat' dir='ltr'><strong>dissipavit,</strong></span> <span class='ocrx_word' id='word_1_13' title='bbox 689 399 972 499; x_wconf 83' lang='lat' dir='ltr'><strong>personam</strong></span> <span class='ocrx_word' id='word_1_14' title='bbox 999 429 1228 500; x_wconf 84' lang='lat' dir='ltr'><strong>gestavit</strong></span> <span class='ocrx_word' id='word_1_15' title='bbox 1243 441 1430 481; x_wconf 89' lang='lat' dir='ltr'><strong>eorum</strong></span> <span class='ocrx_word' id='word_1_16' title='bbox 1452 428 1538 496; x_wconf 86' lang='lat' dir='ltr'><strong>qui</strong></span> <span class='ocrx_word' id='word_1_17' title='bbox 1561 427 1769 481; x_wconf 91' lang='lat' dir='ltr'><strong>occulte</strong></span> <span class='ocrx_word' id='word_1_18' title='bbox 1795 431 1846 490; x_wconf 82' lang='grc' dir='ltr'><strong>Α</strong></span> <span class='ocrx_word' id='word_1_19' title='bbox 1872 431 2068 484; x_wconf 86' lang='lat' dir='ltr'><strong>mentis</strong></span> <span class='ocrx_word' id='word_1_20' title='bbox 2091 429 2158 483; x_wconf 92' lang='lat' dir='ltr'><strong>ad</strong></span> <span class='ocrx_word' id='word_1_21' title='bbox 2179 430 2317 484; x_wconf 89' lang='lat' dir='ltr'><strong>male</strong></span> <span class='ocrx_word' id='word_1_22' title='bbox 2343 438 2649 500; x_wconf 90' lang='lat' dir='ltr'><strong>perpetrata</strong></span> <span class='ocrx_word' id='word_1_23' title='bbox 2680 432 3030 486; x_wconf 76' lang='lat' dir='ltr'><strong>recurrimus.</strong></span> <span class='ocrx_word' id='word_1_24' title='bbox 3079 432 3225 487; x_wconf 82' lang='lat' dir='ltr'><strong>Leve</strong></span> <span class='ocrx_word' id='word_1_25' title='bbox 3253 433 3453 502; x_wconf 74' lang='lat' dir='ltr'><strong>quippe</strong></span> 
     </span>
    </p>
   </div>
   <div class='ocr_carea' id='block_1_3' title="bbox 190 518 3454 592">
    <p class='ocr_par' dir='ltr' id='par_1_3' title="bbox 190 518 3454 592">
     <span class='ocr_line' id='line_1_3' title="bbox 190 518 3454 592; baseline -0.002 -10"><span class='ocrx_word' id='word_1_26' title='bbox 190 533 357 583; x_wconf 89' lang='lat' dir='ltr'><strong>erant</strong></span> <span class='ocrx_word' id='word_1_27' title='bbox 389 539 458 578; x_wconf 79' lang='lat' dir='ltr'><strong>ex</strong></span> <span class='ocrx_word' id='word_1_28' title='bbox 503 521 700 592; x_wconf 84' lang='lat' dir='ltr'><strong>populo</strong></span> <span class='ocrx_word' id='word_1_29' title='bbox 735 520 1041 576; x_wconf 70' lang='lat' dir='ltr'><strong>Iudaeorum</strong></span> <span class='ocrx_word' id='word_1_30' title='bbox 1077 519 1319 589; x_wconf 84' lang='lat' dir='ltr'><strong>discipuli</strong></span> <span class='ocrx_word' id='word_1_31' title='bbox 1369 519 1604 584; x_wconf 86' lang='lat' dir='ltr'><strong>Domini,</strong></span> <span class='ocrx_word' id='word_1_32' title='bbox 1632 519 1774 576; x_wconf 90' lang='lat' dir='ltr'><strong>sicut</strong></span> <span class='ocrx_word' id='word_1_33' title='bbox 1872 518 2142 572; x_wconf 75' lang='lat' dir='ltr'><strong>videbitur</strong></span> <span class='ocrx_word' id='word_1_34' title='bbox 2183 520 2325 588; x_wconf 91' lang='lat' dir='ltr'><strong>quod</strong></span> <span class='ocrx_word' id='word_1_35' title='bbox 2352 520 2546 588; x_wconf 82' lang='lat' dir='ltr'><strong>injuria</strong></span> <span class='ocrx_word' id='word_1_36' title='bbox 2576 519 2928 588; x_wconf 82' lang='lat' dir='ltr'><strong>percutitnur,</strong></span> <span class='ocrx_word' id='word_1_37' title='bbox 2983 520 3110 573; x_wconf 91' lang='lat' dir='ltr'><strong>dum</strong></span> <span class='ocrx_word' id='word_1_38' title='bbox 3141 520 3194 574; x_wconf 89' lang='lat' dir='ltr'><strong>in</strong></span> <span class='ocrx_word' id='word_1_39' title='bbox 3241 521 3454 575; x_wconf 79' lang='lat' dir='ltr'><strong>actione</strong></span> 
     </span>
    </p>
   </div>
   <div class='ocr_carea' id='block_1_4' title="bbox 191 611 1770 682">
    <p class='ocr_par' dir='ltr' id='par_1_4' title="bbox 191 611 1770 682">
     <span class='ocr_line' id='line_1_4' title="bbox 191 611 1770 682; baseline -0.003 -11"><span class='ocrx_word' id='word_1_40' title='bbox 191 619 296 674; x_wconf 69' lang='lat' dir='ltr'><strong>fuit</strong></span> <span class='ocrx_word' id='word_1_41' title='bbox 315 614 634 669; x_wconf 84' lang='lat' dir='ltr'><strong>Nicodemus</strong></span> <span class='ocrx_word' id='word_1_42' title='bbox 657 621 711 667; x_wconf 90' lang='lat' dir='ltr'><strong>et</strong></span> <span class='ocrx_word' id='word_1_43' title='bbox 733 612 930 682; x_wconf 82' lang='lat' dir='ltr'><strong>Josepb</strong></span> <span class='ocrx_word' id='word_1_44' title='bbox 953 613 1022 666; x_wconf 87' lang='lat' dir='ltr'><strong>ab</strong></span> <span class='ocrx_word' id='word_1_45' title='bbox 1042 612 1390 676; x_wconf 85' lang='lat' dir='ltr'><strong>Arimatbaea,</strong></span> <span class='ocrx_word' id='word_1_46' title='bbox 1449 611 1534 665; x_wconf 87' lang='lat' dir='ltr'><strong>vel</strong></span> <span class='ocrx_word' id='word_1_47' title='bbox 1589 613 1770 667; x_wconf 71' lang='lat' dir='ltr'><strong>czeteri</strong></span> 
     </span>
    </p>
   </div>
   <div class='ocr_carea' id='block_1_5' title="bbox 191 701 1772 776">
    <p class='ocr_par' dir='ltr' id='par_1_5' title="bbox 191 701 1772 776">
     <span class='ocr_line' id='line_1_5' title="bbox 191 701 1772 776; baseline -0.006 -14"><span class='ocrx_word' id='word_1_48' title='bbox 191 704 524 776; x_wconf 79' lang='lat' dir='ltr'><strong>bujusmodi.</strong></span> <span class='ocrx_word' id='word_1_49' title='bbox 587 702 770 756; x_wconf 82' lang='lat' dir='ltr'><strong>Potest</strong></span> <span class='ocrx_word' id='word_1_50' title='bbox 810 702 977 756; x_wconf 88' lang='lat' dir='ltr'><strong>etiam</strong></span> <span class='ocrx_word' id='word_1_51' title='bbox 1024 701 1330 771; x_wconf 87' lang='lat' dir='ltr'><strong>signiﬁcare</strong></span> <span class='ocrx_word' id='word_1_52' title='bbox 1367 701 1650 754; x_wconf 76' lang='lat' dir='ltr'><strong>credentes</strong></span> <span class='ocrx_word' id='word_1_53' title='bbox 1704 715 1772 754; x_wconf 84' lang='lat' dir='ltr'><strong>ex</strong></span> 
     </span>
    </p>
   </div>
   <div class='ocr_carea' id='block_1_6' title="bbox 189 791 1772 870">
    <p class='ocr_par' dir='ltr' id='par_1_6' title="bbox 189 791 1772 870">
     <span class='ocr_line' id='line_1_6' title="bbox 189 791 1772 870; baseline -0.003 -18"><span class='ocrx_word' id='word_1_54' title='bbox 189 798 464 870; x_wconf 78' lang='lat' dir='ltr'><strong>gentibus,</strong></span> <span class='ocrx_word' id='word_1_55' title='bbox 492 795 580 866; x_wconf 88' lang='lat' dir='ltr'><strong>qui</strong></span> <span class='ocrx_word' id='word_1_56' title='bbox 602 794 728 849; x_wconf 91' lang='lat' dir='ltr'><strong>licet</strong></span> <span class='ocrx_word' id='word_1_57' title='bbox 743 809 863 848; x_wconf 89' lang='lat' dir='ltr'><strong>cum</strong></span> <span class='ocrx_word' id='word_1_58' title='bbox 893 795 1148 849; x_wconf 83' lang='lat' dir='ltr'><strong>Absalom</strong></span> <span class='ocrx_word' id='word_1_59' title='bbox 1175 792 1461 862; x_wconf 82' lang='lat' dir='ltr'><strong>aliquando</strong></span> <span class='ocrx_word' id='word_1_60' title='bbox 1483 791 1649 846; x_wconf 87' lang='lat' dir='ltr'><strong>fuisse</strong></span> <span class='ocrx_word' id='word_1_61' title='bbox 1672 791 1772 847; x_wconf 83' lang='lat' dir='ltr'><strong>visi</strong></span> 
     </span>
    </p>
   </div>
   <div class='ocr_carea' id='block_1_7' title="bbox 190 885 1773 956">
    <p class='ocr_par' dir='ltr' id='par_1_7' title="bbox 190 885 1773 956">
     <span class='ocr_line' id='line_1_7' title="bbox 190 885 1773 956; baseline -0.004 -12"><span class='ocrx_word' id='word_1_62' title='bbox 190 896 340 952; x_wconf 88' lang='lat' dir='ltr'><strong>sunt,</strong></span> <span class='ocrx_word' id='word_1_63' title='bbox 367 897 544 941; x_wconf 89' lang='lat' dir='ltr'><strong>tamen</strong></span> <span class='ocrx_word' id='word_1_64' title='bbox 565 885 749 956; x_wconf 77' lang='lat' dir='ltr'><strong>pravis</strong></span> <span class='ocrx_word' id='word_1_65' title='bbox 774 885 890 954; x_wconf 84' lang='lat' dir='ltr'><strong>ejus</strong></span> <span class='ocrx_word' id='word_1_66' title='bbox 908 885 1162 955; x_wconf 86' lang='lat' dir='ltr'><strong>operibus</strong></span> <span class='ocrx_word' id='word_1_67' title='bbox 1199 900 1306 939; x_wconf 90' lang='lat' dir='ltr'><strong>non</strong></span> <span class='ocrx_word' id='word_1_68' title='bbox 1349 892 1504 938; x_wconf 89' lang='lat' dir='ltr'><strong>erant</strong></span> <span class='ocrx_word' id='word_1_69' title='bbox 1537 899 1773 938; x_wconf 88' lang='lat' dir='ltr'><strong>commu-</strong></span> 
     </span>
    </p>
   </div>
   <div class='ocr_carea' id='block_1_8' title="bbox 190 975 1769 1046">
    <p class='ocr_par' dir='ltr' id='par_1_8' title="bbox 190 975 1769 1046">
     <span class='ocr_line' id='line_1_8' title="bbox 190 975 1769 1046; baseline -0.003 -13"><span class='ocrx_word' id='word_1_70' title='bbox 190 981 462 1042; x_wconf 85' lang='lat' dir='ltr'><strong>nicantes,</strong></span> <span class='ocrx_word' id='word_1_71' title='bbox 485 991 586 1031; x_wconf 90' lang='lat' dir='ltr'><strong>nec</strong></span> <span class='ocrx_word' id='word_1_72' title='bbox 613 975 931 1045; x_wconf 78' lang='lat' dir='ltr'><strong>Achitophel</strong></span> <span class='ocrx_word' id='word_1_73' title='bbox 965 976 1164 1046; x_wconf 87' lang='lat' dir='ltr'><strong>iniquis</strong></span> <span class='ocrx_word' id='word_1_74' title='bbox 1201 976 1634 1046; x_wconf 86' lang='lat' dir='ltr'><strong>suggestionibus</strong></span> <span class='ocrx_word' id='word_1_75' title='bbox 1668 991 1769 1030; x_wconf 85' lang='lat' dir='ltr'><strong>un-</strong></span> 
     </span>
    </p>
   </div>
   <div class='ocr_carea' id='block_1_9' title="bbox 186 1065 1770 1138">
    <p class='ocr_par' dir='ltr' id='par_1_9' title="bbox 186 1065 1770 1138">
     <span class='ocr_line' id='line_1_9' title="bbox 186 1065 1770 1138; baseline -0.001 -17"><span class='ocrx_word' id='word_1_76' title='bbox 186 1083 356 1138; x_wconf 91' lang='lat' dir='ltr'><strong>quam</strong></span> <span class='ocrx_word' id='word_1_77' title='bbox 407 1065 846 1120; x_wconf 85' lang='lat' dir='ltr'><strong>consentientes:</strong></span> <span class='ocrx_word' id='word_1_78' title='bbox 873 1065 964 1120; x_wconf 89' lang='lat' dir='ltr'><strong>sed</strong></span> <span class='ocrx_word' id='word_1_79' title='bbox 999 1080 1122 1120; x_wconf 89' lang='lat' dir='ltr'><strong>cum</strong></span> <span class='ocrx_word' id='word_1_80' title='bbox 1157 1065 1324 1120; x_wconf 83' lang='lat' dir='ltr'><strong>David</strong></span> <span class='ocrx_word' id='word_1_81' title='bbox 1375 1065 1605 1120; x_wconf 89' lang='lat' dir='ltr'><strong>ﬁdeliter</strong></span> <span class='ocrx_word' id='word_1_82' title='bbox 1649 1069 1770 1135; x_wconf 91' lang='lat' dir='ltr'><strong>p’er-</strong></span> 
     </span>
    </p>
   </div>
   <div class='ocr_carea' id='block_1_10' title="bbox 187 1156 1768 1227">
    <p class='ocr_par' dir='ltr' id='par_1_10' title="bbox 187 1156 1768 1227">
     <span class='ocr_line' id='line_1_10' title="bbox 187 1156 1768 1227; baseline -0.002 -14"><span class='ocrx_word' id='word_1_83' title='bbox 187 1165 530 1213; x_wconf 85' lang='lat' dir='ltr'><strong>manserunt.</strong></span> <span class='ocrx_word' id='word_1_84' title='bbox 583 1157 973 1227; x_wconf 85' lang='lat' dir='ltr'><strong>Interpretatur</strong></span> <span class='ocrx_word' id='word_1_85' title='bbox 1020 1163 1198 1211; x_wconf 89' lang='lat' dir='ltr'><strong>autem</strong></span> <span class='ocrx_word' id='word_1_86' title='bbox 1241 1157 1443 1212; x_wconf 90' lang='lat' dir='ltr'><strong>Chusai</strong></span> <span class='ocrx_word' id='word_1_87' title='bbox 1501 1156 1768 1227; x_wconf 76' lang='lat' dir='ltr'><strong>/Ethi0ps,</strong></span> 
     </span>
    </p>
   </div>
   <div class='ocr_carea' id='block_1_11' title="bbox 186 1246 1768 1319">
    <p class='ocr_par' dir='ltr' id='par_1_11' title="bbox 186 1246 1768 1319">
     <span class='ocr_line' id='line_1_11' title="bbox 186 1246 1768 1319; baseline 0 -16"><span class='ocrx_word' id='word_1_88' title='bbox 186 1249 480 1304; x_wconf 78' lang='lat' dir='ltr'><strong>Arachites</strong></span> <span class='ocrx_word' id='word_1_89' title='bbox 511 1247 780 1318; x_wconf 75' lang='lat' dir='ltr'><strong>longitudo</strong></span> <span class='ocrx_word' id='word_1_90' title='bbox 808 1265 942 1302; x_wconf 80' lang='lat' dir='ltr'><strong>mea.</strong></span> <span class='ocrx_word' id='word_1_91' title='bbox 984 1246 1118 1303; x_wconf 85' lang='lat' dir='ltr'><strong>Hinc</strong></span> <span class='ocrx_word' id='word_1_92' title='bbox 1158 1263 1372 1318; x_wconf 90' lang='lat' dir='ltr'><strong>quoque</strong></span> <span class='ocrx_word' id='word_1_93' title='bbox 1414 1249 1467 1304; x_wconf 92' lang='lat' dir='ltr'><strong>in</strong></span> <span class='ocrx_word' id='word_1_94' title='bbox 1510 1249 1768 1319; x_wconf 82' lang='lat' dir='ltr'><strong>propheta</strong></span> 
     </span>
    </p>
   </div>
   <div class='ocr_carea' id='block_1_12' title="bbox 186 1335 1766 1408">
    <p class='ocr_par' dir='ltr' id='par_1_12' title="bbox 186 1335 1766 1408">
     <span class='ocr_line' id='line_1_12' title="bbox 186 1335 1766 1408; baseline -0.002 -14"><span class='ocrx_word' id='word_1_95' title='bbox 186 1339 452 1408; x_wconf 70' lang='lat' dir='ltr'><strong>scriptum</strong></span> <span class='ocrx_word' id='word_1_96' title='bbox 479 1344 564 1391; x_wconf 85' lang='lat' dir='ltr'><strong>est</strong></span> <span class='ocrx_word' id='word_1_97' title='bbox 595 1354 610 1390; x_wconf 88' lang='lat'><strong>:</strong></span> <span class='ocrx_word' id='word_1_98' title='bbox 643 1355 661 1387; x_wconf 75' lang='grc' dir='ltr'><strong><em>ι</em></strong></span> <span class='ocrx_word' id='word_1_99' title='bbox 695 1335 919 1390; x_wconf 79' lang='lat' dir='ltr'><strong>Mutavit</strong></span> <span class='ocrx_word' id='word_1_100' title='bbox 941 1335 1196 1407; x_wconf 63' lang='lat' dir='ltr'><strong>Ethiops</strong></span> <span class='ocrx_word' id='word_1_101' title='bbox 1223 1337 1416 1408; x_wconf 89' lang='lat' dir='ltr'><strong>pellem</strong></span> <span class='ocrx_word' id='word_1_102' title='bbox 1443 1353 1595 1392; x_wconf 90' lang='lat' dir='ltr'><strong>suam</strong></span> <span class='ocrx_word' id='word_1_103' title='bbox 1634 1337 1766 1408; x_wconf 83' lang='lat' dir='ltr'><strong>(Jer.</strong></span> 
     </span>
    </p>
   </div>
   <div class='ocr_carea' id='block_1_13' title="bbox 185 1428 1770 1502">
    <p class='ocr_par' dir='ltr' id='par_1_13' title="bbox 185 1428 1770 1502">
     <span class='ocr_line' id='line_1_13' title="bbox 185 1428 1770 1502; baseline -0.002 -15"><span class='ocrx_word' id='word_1_104' title='bbox 185 1432 344 1502; x_wconf 67' lang='lat' dir='ltr'><strong>aut);</strong></span> <span class='ocrx_word' id='word_1_105' title='bbox 380 1450 399 1482; x_wconf 76' lang='grc' dir='ltr'><strong><em>ι</em></strong></span> <span class='ocrx_word' id='word_1_106' title='bbox 443 1438 497 1485; x_wconf 91' lang='lat' dir='ltr'><strong>et</strong></span> <span class='ocrx_word' id='word_1_107' title='bbox 529 1429 696 1482; x_wconf 91' lang='lat' dir='ltr'><strong>illud:</strong></span> <span class='ocrx_word' id='word_1_108' title='bbox 735 1448 754 1480; x_wconf 69' lang='grc' dir='ltr'><strong>ε</strong></span> <span class='ocrx_word' id='word_1_109' title='bbox 791 1428 1092 1499; x_wconf 65' lang='lat' dir='ltr'><strong>Ethiopia,</strong></span> <span class='ocrx_word' id='word_1_110' title='bbox 1140 1430 1336 1498; x_wconf 89' lang='lat' dir='ltr'><strong>inquit,</strong></span> <span class='ocrx_word' id='word_1_111' title='bbox 1383 1429 1603 1484; x_wconf 83' lang='lat' dir='ltr'><strong>festinet</strong></span> <span class='ocrx_word' id='word_1_112' title='bbox 1649 1444 1770 1484; x_wconf 84' lang='lat' dir='ltr'><strong>ma-</strong></span> 
     </span>
    </p>
   </div>
   <div class='ocr_carea' id='block_1_14' title="bbox 183 1517 1772 1590">
    <p class='ocr_par' dir='ltr' id='par_1_14' title="bbox 183 1517 1772 1590">
     <span class='ocr_line' id='line_1_14' title="bbox 183 1517 1772 1590; baseline 0.001 -16"><span class='ocrx_word' id='word_1_113' title='bbox 183 1537 294 1575; x_wconf 80' lang='lat' dir='ltr'><strong>nus</strong></span> <span class='ocrx_word' id='word_1_114' title='bbox 315 1520 444 1574; x_wconf 89' lang='lat' dir='ltr'><strong>dare</strong></span> <span class='ocrx_word' id='word_1_115' title='bbox 471 1519 599 1573; x_wconf 89' lang='lat' dir='ltr'><strong>Deo.</strong></span> <span class='ocrx_word' id='word_1_116' title='bbox 631 1537 650 1570; x_wconf 76' lang='grc' dir='ltr'><strong><em>ι</em></strong></span> <span class='ocrx_word' id='word_1_117' title='bbox 683 1517 818 1584; x_wconf 87' lang='lat' dir='ltr'><strong>Quia</strong></span> <span class='ocrx_word' id='word_1_118' title='bbox 842 1520 1058 1590; x_wconf 77' lang='lat' dir='ltr'><strong>gentilis</strong></span> <span class='ocrx_word' id='word_1_119' title='bbox 1107 1519 1336 1590; x_wconf 91' lang='lat' dir='ltr'><strong>populus</strong></span> <span class='ocrx_word' id='word_1_120' title='bbox 1379 1527 1666 1590; x_wconf 82' lang='lat' dir='ltr'><strong>postquam</strong></span> <span class='ocrx_word' id='word_1_121' title='bbox 1711 1536 1772 1576; x_wconf 82' lang='lat' dir='ltr'><strong>se</strong></span> 
     </span>
    </p>
   </div>
   <div class='ocr_carea' id='block_1_15' title="bbox 181 1611 1769 1683">
    <p class='ocr_par' dir='ltr' id='par_1_15' title="bbox 181 1611 1769 1683">
     <span class='ocr_line' id='line_1_15' title="bbox 181 1611 1769 1683; baseline 0.001 -18"><span class='ocrx_word' id='word_1_122' title='bbox 181 1611 470 1682; x_wconf 79' lang='lat' dir='ltr'><strong>nigredine</strong></span> <span class='ocrx_word' id='word_1_123' title='bbox 495 1617 842 1680; x_wconf 87' lang='lat' dir='ltr'><strong>peccatorum</strong></span> <span class='ocrx_word' id='word_1_124' title='bbox 895 1611 1068 1676; x_wconf 80' lang='lat' dir='ltr'><strong>exuit,</strong></span> <span class='ocrx_word' id='word_1_125' title='bbox 1114 1626 1388 1682; x_wconf 84' lang='lat' dir='ltr'><strong>nunquam</strong></span> <span class='ocrx_word' id='word_1_126' title='bbox 1416 1627 1446 1666; x_wconf 93' lang='lat' dir='ltr'><strong>a</strong></span> <span class='ocrx_word' id='word_1_127' title='bbox 1475 1621 1626 1683; x_wconf 88' lang='lat' dir='ltr'><strong>tergo</strong></span> <span class='ocrx_word' id='word_1_128' title='bbox 1664 1613 1769 1668; x_wconf 78' lang='lat' dir='ltr'><strong>Do-</strong></span> 
     </span>
    </p>
   </div>
   <div class='ocr_carea' id='block_1_16' title="bbox 183 1700 1765 1776">
    <p class='ocr_par' dir='ltr' id='par_1_16' title="bbox 183 1700 1765 1776">
     <span class='ocr_line' id='line_1_16' title="bbox 183 1700 1765 1776; baseline 0.004 -23"><span class='ocrx_word' id='word_1_129' title='bbox 183 1701 323 1755; x_wconf 87' lang='lat' dir='ltr'><strong>mini</strong></span> <span class='ocrx_word' id='word_1_130' title='bbox 354 1701 610 1756; x_wconf 89' lang='lat' dir='ltr'><strong>recessit:</strong></span> <span class='ocrx_word' id='word_1_131' title='bbox 637 1707 692 1754; x_wconf 91' lang='lat' dir='ltr'><strong>et</strong></span> <span class='ocrx_word' id='word_1_132' title='bbox 719 1700 811 1770; x_wconf 90' lang='lat' dir='ltr'><strong>qui</strong></span> <span class='ocrx_word' id='word_1_133' title='bbox 835 1710 953 1755; x_wconf 86' lang='lat' dir='ltr'><strong>erat</strong></span> <span class='ocrx_word' id='word_1_134' title='bbox 973 1700 1150 1772; x_wconf 83' lang='lat' dir='ltr'><strong>longe,</strong></span> <span class='ocrx_word' id='word_1_135' title='bbox 1198 1701 1372 1758; x_wconf 85' lang='lat' dir='ltr'><strong>factus</strong></span> <span class='ocrx_word' id='word_1_136' title='bbox 1391 1711 1474 1758; x_wconf 91' lang='lat' dir='ltr'><strong>est</strong></span> <span class='ocrx_word' id='word_1_137' title='bbox 1510 1718 1680 1776; x_wconf 88' lang='lat' dir='ltr'><strong>prope</strong></span> <span class='ocrx_word' id='word_1_138' title='bbox 1709 1704 1765 1760; x_wconf 90' lang='lat' dir='ltr'><strong>in</strong></span> 
     </span>
    </p>
   </div>
   <div class='ocr_carea' id='block_1_17' title="bbox 177 1791 705 1862">
    <p class='ocr_par' dir='ltr' id='par_1_17' title="bbox 177 1791 705 1862">
     <span class='ocr_line' id='line_1_17' title="bbox 177 1791 705 1862; baseline -0.004 -16"><span class='ocrx_word' id='word_1_139' title='bbox 177 1793 448 1862; x_wconf 78' lang='lat' dir='ltr'><strong>sanguine</strong></span> <span class='ocrx_word' id='word_1_140' title='bbox 484 1791 705 1847; x_wconf 88' lang='lat' dir='ltr'><strong>Christi.</strong></span> 
     </span>
    </p>
   </div>
   <div class='ocr_carea' id='block_1_18' title="bbox 257 1884 1768 1956">
    <p class='ocr_par' dir='ltr' id='par_1_18' title="bbox 257 1884 1768 1956">
     <span class='ocr_line' id='line_1_18' title="bbox 257 1884 1768 1956; baseline 0.005 -18"><span class='ocrx_word' id='word_1_141' title='bbox 257 1897 286 1925; x_wconf 75' lang='grc' dir='ltr'>α</span> <span class='ocrx_word' id='word_1_142' title='bbox 317 1884 517 1940; x_wconf 88' lang='lat' dir='ltr'><strong>Deinde</strong></span> <span class='ocrx_word' id='word_1_143' title='bbox 572 1885 816 1954; x_wconf 87' lang='lat' dir='ltr'><strong>sequitur</strong></span> <span class='ocrx_word' id='word_1_144' title='bbox 861 1885 1096 1956; x_wconf 88' lang='lat' dir='ltr'><strong>qualiter</strong></span> <span class='ocrx_word' id='word_1_145' title='bbox 1143 1887 1384 1942; x_wconf 91' lang='lat' dir='ltr'><strong>occurrit</strong></span> <span class='ocrx_word' id='word_1_146' title='bbox 1429 1887 1596 1944; x_wconf 84' lang='lat' dir='ltr'><strong>David</strong></span> <span class='ocrx_word' id='word_1_147' title='bbox 1638 1888 1768 1946; x_wconf 91' lang='lat' dir='ltr'><strong>Siba</strong></span> 
     </span>
    </p>
   </div>
   <div class='ocr_carea' id='block_1_19' title="bbox 178 1976 1769 2046">
    <p class='ocr_par' dir='ltr' id='par_1_19' title="bbox 178 1976 1769 2046">
     <span class='ocr_line' id='line_1_19' title="bbox 178 1976 1769 2046; baseline 0.005 -17"><span class='ocrx_word' id='word_1_148' title='bbox 178 1991 324 2046; x_wconf 89' lang='lat' dir='ltr'><strong>puer</strong></span> <span class='ocrx_word' id='word_1_149' title='bbox 370 1976 760 2046; x_wconf 78' lang='lat' dir='ltr'><strong>Mipliiboseth,</strong></span> <span class='ocrx_word' id='word_1_150' title='bbox 809 1994 933 2033; x_wconf 93' lang='lat' dir='ltr'><strong>cum</strong></span> <span class='ocrx_word' id='word_1_151' title='bbox 983 1979 1192 2034; x_wconf 91' lang='lat' dir='ltr'><strong>duobus</strong></span> <span class='ocrx_word' id='word_1_152' title='bbox 1226 1979 1393 2034; x_wconf 85' lang='lat' dir='ltr'><strong>asinis</strong></span> <span class='ocrx_word' id='word_1_153' title='bbox 1418 1982 1678 2046; x_wconf 86' lang='lat' dir='ltr'><strong>oneratis,</strong></span> <span class='ocrx_word' id='word_1_154' title='bbox 1716 1991 1769 2037; x_wconf 90' lang='lat' dir='ltr'><strong>et</strong></span> 
     </span>
    </p>
   </div>
   <div class='ocr_carea' id='block_1_20' title="bbox 177 2068 1768 2141">
    <p class='ocr_par' dir='ltr' id='par_1_20' title="bbox 177 2068 1768 2141">
     <span class='ocr_line' id='line_1_20' title="bbox 177 2068 1768 2141; baseline 0.004 -19"><span class='ocrx_word' id='word_1_155' title='bbox 177 2069 444 2123; x_wconf 86' lang='lat' dir='ltr'><strong>mentitus</strong></span> <span class='ocrx_word' id='word_1_156' title='bbox 492 2075 576 2121; x_wconf 88' lang='lat' dir='ltr'><strong>est</strong></span> <span class='ocrx_word' id='word_1_157' title='bbox 629 2068 696 2124; x_wconf 90' lang='lat' dir='ltr'><strong>de</strong></span> <span class='ocrx_word' id='word_1_158' title='bbox 736 2069 952 2124; x_wconf 88' lang='lat' dir='ltr'><strong>domino</strong></span> <span class='ocrx_word' id='word_1_159' title='bbox 1000 2085 1122 2136; x_wconf 86' lang='lat' dir='ltr'><strong>suo,</strong></span> <span class='ocrx_word' id='word_1_160' title='bbox 1175 2078 1232 2126; x_wconf 91' lang='lat' dir='ltr'><strong>et</strong></span> <span class='ocrx_word' id='word_1_161' title='bbox 1279 2080 1558 2141; x_wconf 87' lang='lat' dir='ltr'><strong>propterea</strong></span> <span class='ocrx_word' id='word_1_162' title='bbox 1593 2073 1668 2127; x_wconf 88' lang='lat' dir='ltr'><strong>ait</strong></span> <span class='ocrx_word' id='word_1_163' title='bbox 1719 2071 1768 2128; x_wconf 90' lang='lat' dir='ltr'><strong>ei</strong></span> 
     </span>
    </p>
   </div>
   <div class='ocr_carea' id='block_1_21' title="bbox 177 2159 1768 2234">
    <p class='ocr_par' dir='ltr' id='par_1_21' title="bbox 177 2159 1768 2234">
     <span class='ocr_line' id='line_1_21' title="bbox 177 2159 1768 2234; baseline 0.003 -20"><span class='ocrx_word' id='word_1_164' title='bbox 177 2160 354 2214; x_wconf 85' lang='lat' dir='ltr'><strong>David</strong></span> <span class='ocrx_word' id='word_1_165' title='bbox 404 2177 418 2214; x_wconf 88' lang='lat'><strong>:</strong></span> <span class='ocrx_word' id='word_1_166' title='bbox 470 2177 491 2210; x_wconf 72' lang='grc' dir='ltr'><strong><em>ι</em></strong></span> <span class='ocrx_word' id='word_1_167' title='bbox 529 2159 642 2214; x_wconf 90' lang='lat' dir='ltr'><strong>Tua</strong></span> <span class='ocrx_word' id='word_1_168' title='bbox 676 2160 786 2214; x_wconf 91' lang='lat' dir='ltr'><strong>sint</strong></span> <span class='ocrx_word' id='word_1_169' title='bbox 828 2160 1030 2228; x_wconf 89' lang='lat' dir='ltr'><strong>omnia,</strong></span> <span class='ocrx_word' id='word_1_170' title='bbox 1081 2177 1199 2231; x_wconf 76' lang='lat' dir='ltr'><strong>quae</strong></span> <span class='ocrx_word' id='word_1_171' title='bbox 1246 2162 1466 2216; x_wconf 89' lang='lat' dir='ltr'><strong>fuerunt</strong></span> <span class='ocrx_word' id='word_1_172' title='bbox 1505 2163 1768 2234; x_wconf 84' lang='lat' dir='ltr'><strong>Mipbibo-</strong></span> 
     </span>
    </p>
   </div>
   <div class='ocr_carea' id='block_1_22' title="bbox 175 2249 1769 2324">
    <p class='ocr_par' dir='ltr' id='par_1_22' title="bbox 175 2249 1769 2324">
     <span class='ocr_line' id='line_1_22' title="bbox 175 2249 1769 2324; baseline 0.003 -20"><span class='ocrx_word' id='word_1_173' title='bbox 175 2250 328 2305; x_wconf 83' lang='lat' dir='ltr'><strong>setb.</strong></span> <span class='ocrx_word' id='word_1_174' title='bbox 363 2270 380 2302; x_wconf 73' lang='grc' dir='ltr'>ι</span> <span class='ocrx_word' id='word_1_175' title='bbox 439 2249 576 2304; x_wconf 80' lang='lat' dir='ltr'><strong>Hinc</strong></span> <span class='ocrx_word' id='word_1_176' title='bbox 617 2250 762 2306; x_wconf 86' lang='lat' dir='ltr'><strong>enim</strong></span> <span class='ocrx_word' id='word_1_177' title='bbox 794 2251 1218 2318; x_wconf 88' lang='lat' dir='ltr'><strong>demonstratur,</strong></span> <span class='ocrx_word' id='word_1_178' title='bbox 1249 2252 1376 2322; x_wconf 87' lang='lat' dir='ltr'><strong>quia</strong></span> <span class='ocrx_word' id='word_1_179' title='bbox 1401 2253 1769 2324; x_wconf 74' lang='lat' dir='ltr'><strong>spirituspro-</strong></span> 
     </span>
    </p>
   </div>
   <div class='ocr_carea' id='block_1_23' title="bbox 175 2341 1770 2415">
    <p class='ocr_par' dir='ltr' id='par_1_23' title="bbox 175 2341 1770 2415">
     <span class='ocr_line' id='line_1_23' title="bbox 175 2341 1770 2415; baseline 0 -17"><span class='ocrx_word' id='word_1_180' title='bbox 175 2343 382 2413; x_wconf 74' lang='lat' dir='ltr'><strong>phetiae</strong></span> <span class='ocrx_word' id='word_1_181' title='bbox 407 2341 570 2412; x_wconf 87' lang='lat' dir='ltr'><strong>(sicut</strong></span> <span class='ocrx_word' id='word_1_182' title='bbox 597 2343 843 2413; x_wconf 88' lang='lat' dir='ltr'><strong>superius</strong></span> <span class='ocrx_word' id='word_1_183' title='bbox 865 2343 1143 2415; x_wconf 79' lang='lat' dir='ltr'><strong>diximus),</strong></span> <span class='ocrx_word' id='word_1_184' title='bbox 1174 2345 1456 2415; x_wconf 87' lang='lat' dir='ltr'><strong>prophetis</strong></span> <span class='ocrx_word' id='word_1_185' title='bbox 1495 2361 1600 2400; x_wconf 91' lang='lat' dir='ltr'><strong>non</strong></span> <span class='ocrx_word' id='word_1_186' title='bbox 1631 2358 1770 2400; x_wconf 90' lang='lat' dir='ltr'><strong>sem-</strong></span> 
     </span>
    </p>
   </div>
   <div class='ocr_carea' id='block_1_24' title="bbox 175 2435 1769 2508">
    <p class='ocr_par' dir='ltr' id='par_1_24' title="bbox 175 2435 1769 2508">
     <span class='ocr_line' id='line_1_24' title="bbox 175 2435 1769 2508; baseline 0.001 -19"><span class='ocrx_word' id='word_1_187' title='bbox 175 2451 284 2505; x_wconf 87' lang='lat' dir='ltr'><strong>per</strong></span> <span class='ocrx_word' id='word_1_188' title='bbox 335 2435 506 2498; x_wconf 89' lang='lat' dir='ltr'><strong>adest,</strong></span> <span class='ocrx_word' id='word_1_189' title='bbox 561 2449 663 2488; x_wconf 86' lang='lat' dir='ltr'><strong>nec</strong></span> <span class='ocrx_word' id='word_1_190' title='bbox 705 2449 736 2490; x_wconf 90' lang='lat' dir='ltr'><strong>e</strong></span> <span class='ocrx_word' id='word_1_191' title='bbox 775 2435 1022 2504; x_wconf 81' lang='lat' dir='ltr'><strong>proximo</strong></span> <span class='ocrx_word' id='word_1_192' title='bbox 1055 2444 1366 2508; x_wconf 76' lang='lat' dir='ltr'><strong>tanguntur.</strong></span> <span class='ocrx_word' id='word_1_193' title='bbox 1416 2435 1550 2490; x_wconf 84' lang='lat' dir='ltr'><strong>Nam</strong></span> <span class='ocrx_word' id='word_1_194' title='bbox 1599 2437 1769 2492; x_wconf 88' lang='lat' dir='ltr'><strong>David</strong></span> 
     </span>
    </p>
   </div>
   <div class='ocr_carea' id='block_1_25' title="bbox 176 2525 1764 2594">
    <p class='ocr_par' dir='ltr' id='par_1_25' title="bbox 176 2525 1764 2594">
     <span class='ocr_line' id='line_1_25' title="bbox 176 2525 1764 2594; baseline 0.004 -14"><span class='ocrx_word' id='word_1_195' title='bbox 176 2542 398 2580; x_wconf 85' lang='lat' dir='ltr'><strong>servum</strong></span> <span class='ocrx_word' id='word_1_196' title='bbox 433 2525 810 2594; x_wconf 83' lang='lat' dir='ltr'><strong>Miphibosetb,</strong></span> <span class='ocrx_word' id='word_1_197' title='bbox 861 2527 990 2583; x_wconf 87' lang='lat' dir='ltr'><strong>Siba</strong></span> <span class='ocrx_word' id='word_1_198' title='bbox 1015 2529 1284 2594; x_wconf 86' lang='lat' dir='ltr'><strong>videlicet,</strong></span> <span class='ocrx_word' id='word_1_199' title='bbox 1333 2529 1434 2584; x_wconf 87' lang='lat' dir='ltr'><strong>sibi</strong></span> <span class='ocrx_word' id='word_1_200' title='bbox 1455 2538 1638 2584; x_wconf 89' lang='lat' dir='ltr'><strong>contra</strong></span> <span class='ocrx_word' id='word_1_201' title='bbox 1667 2529 1764 2586; x_wconf 83' lang='lat' dir='ltr'><strong>d0-</strong></span> 
     </span>
    </p>
   </div>
   <div class='ocr_carea' id='block_1_26' title="bbox 177 2617 1770 2686">
    <p class='ocr_par' dir='ltr' id='par_1_26' title="bbox 177 2617 1770 2686">
     <span class='ocr_line' id='line_1_26' title="bbox 177 2617 1770 2686; baseline 0.005 -14"><span class='ocrx_word' id='word_1_202' title='bbox 177 2618 394 2672; x_wconf 85' lang='lat' dir='ltr'><strong>minum</strong></span> <span class='ocrx_word' id='word_1_203' title='bbox 440 2631 598 2671; x_wconf 92' lang='lat' dir='ltr'><strong>suum</strong></span> <span class='ocrx_word' id='word_1_204' title='bbox 657 2617 1006 2674; x_wconf 83' lang='lat' dir='ltr'><strong>mentientem</strong></span> <span class='ocrx_word' id='word_1_205' title='bbox 1059 2635 1164 2674; x_wconf 92' lang='lat' dir='ltr'><strong>non</strong></span> <span class='ocrx_word' id='word_1_206' title='bbox 1213 2619 1492 2686; x_wconf 84' lang='lat' dir='ltr'><strong>intellexit,</strong></span> <span class='ocrx_word' id='word_1_207' title='bbox 1551 2629 1606 2676; x_wconf 91' lang='lat' dir='ltr'><strong>et</strong></span> <span class='ocrx_word' id='word_1_208' title='bbox 1646 2622 1770 2680; x_wconf 90' lang='lat' dir='ltr'><strong>ideo</strong></span> 
     </span>
    </p>
   </div>
   <div class='ocr_carea' id='block_1_27' title="bbox 173 2707 1767 2784">
    <p class='ocr_par' dir='ltr' id='par_1_27' title="bbox 173 2707 1767 2784">
     <span class='ocr_line' id='line_1_27' title="bbox 173 2707 1767 2784; baseline 0.006 -23"><span class='ocrx_word' id='word_1_209' title='bbox 173 2707 364 2762; x_wconf 84' lang='lat' dir='ltr'><strong>omnia</strong></span> <span class='ocrx_word' id='word_1_210' title='bbox 402 2708 602 2762; x_wconf 78' lang='lat' dir='ltr'><strong>domini</strong></span> <span class='ocrx_word' id='word_1_211' title='bbox 631 2708 713 2762; x_wconf 91' lang='lat' dir='ltr'><strong>sui</strong></span> <span class='ocrx_word' id='word_1_212' title='bbox 742 2709 791 2762; x_wconf 88' lang='lat' dir='ltr'><strong>ei</strong></span> <span class='ocrx_word' id='word_1_213' title='bbox 828 2710 1118 2765; x_wconf 87' lang='lat' dir='ltr'><strong>concessit.</strong></span> <span class='ocrx_word' id='word_1_214' title='bbox 1172 2709 1269 2766; x_wconf 91' lang='lat' dir='ltr'><strong>Cui</strong></span> <span class='ocrx_word' id='word_1_215' title='bbox 1303 2711 1349 2766; x_wconf 93' lang='lat' dir='ltr'><strong>si</strong></span> <span class='ocrx_word' id='word_1_216' title='bbox 1373 2711 1596 2782; x_wconf 90' lang='lat' dir='ltr'><strong>spiritus</strong></span> <span class='ocrx_word' id='word_1_217' title='bbox 1641 2729 1767 2784; x_wconf 90' lang='lat' dir='ltr'><strong>pro-</strong></span> 
     </span>
    </p>
   </div>
   <div class='ocr_carea' id='block_1_28' title="bbox 172 2798 1766 2872">
    <p class='ocr_par' dir='ltr' id='par_1_28' title="bbox 172 2798 1766 2872">
     <span class='ocr_line' id='line_1_28' title="bbox 172 2798 1766 2872; baseline 0.007 -22"><span class='ocrx_word' id='word_1_218' title='bbox 172 2798 380 2867; x_wconf 64' lang='lat' dir='ltr'><strong>phetiae</strong></span> <span class='ocrx_word' id='word_1_219' title='bbox 411 2799 645 2864; x_wconf 87' lang='lat' dir='ltr'><strong>adesset,</strong></span> <span class='ocrx_word' id='word_1_220' title='bbox 697 2801 1048 2856; x_wconf 89' lang='lat' dir='ltr'><strong>mentientem</strong></span> <span class='ocrx_word' id='word_1_221' title='bbox 1077 2802 1522 2872; x_wconf 88' lang='lat' dir='ltr'><strong>deprehenderet.</strong></span> <span class='ocrx_word' id='word_1_222' title='bbox 1567 2805 1766 2861; x_wconf 80' lang='lat' dir='ltr'><strong>Verum</strong></span> 
     </span>
    </p>
   </div>
   <div class='ocr_carea' id='block_1_29' title="bbox 171 2891 1766 2964">
    <p class='ocr_par' dir='ltr' id='par_1_29' title="bbox 171 2891 1766 2964">
     <span class='ocr_line' id='line_1_29' title="bbox 171 2891 1766 2964; baseline 0.006 -22"><span class='ocrx_word' id='word_1_223' title='bbox 171 2906 202 2942; x_wconf 86' lang='lat' dir='ltr'><strong>e</strong></span> <span class='ocrx_word' id='word_1_224' title='bbox 229 2891 484 2957; x_wconf 77' lang='lat' dir='ltr'><strong>proximo</strong></span> <span class='ocrx_word' id='word_1_225' title='bbox 518 2899 694 2946; x_wconf 90' lang='lat' dir='ltr'><strong>tactus</strong></span> <span class='ocrx_word' id='word_1_226' title='bbox 724 2905 831 2946; x_wconf 90' lang='lat' dir='ltr'><strong>non</strong></span> <span class='ocrx_word' id='word_1_227' title='bbox 872 2891 1070 2959; x_wconf 90' lang='lat' dir='ltr'><strong>fuerat,</strong></span> <span class='ocrx_word' id='word_1_228' title='bbox 1119 2909 1241 2948; x_wconf 91' lang='lat' dir='ltr'><strong>cum</strong></span> <span class='ocrx_word' id='word_1_229' title='bbox 1269 2895 1515 2964; x_wconf 88' lang='lat' dir='ltr'><strong>superius</strong></span> <span class='ocrx_word' id='word_1_230' title='bbox 1554 2895 1766 2952; x_wconf 70' lang='lat' dir='ltr'><strong>Amasae</strong></span> 
     </span>
    </p>
   </div>
   <div class='ocr_carea' id='block_1_30' title="bbox 168 2981 1761 3053">
    <p class='ocr_par' dir='ltr' id='par_1_30' title="bbox 168 2981 1761 3053">
     <span class='ocr_line' id='line_1_30' title="bbox 168 2981 1761 3053; baseline 0.006 -21"><span class='ocrx_word' id='word_1_231' title='bbox 168 2981 524 3049; x_wconf 86' lang='lat' dir='ltr'><strong>promiserat,</strong></span> <span class='ocrx_word' id='word_1_232' title='bbox 579 2982 800 3036; x_wconf 89' lang='lat' dir='ltr'><strong>dicens:</strong></span> <span class='ocrx_word' id='word_1_233' title='bbox 834 2982 959 3037; x_wconf 70' lang='lat' dir='ltr'><strong>llam</strong></span> <span class='ocrx_word' id='word_1_234' title='bbox 985 2981 1146 3038; x_wconf 80' lang='lat' dir='ltr'><strong>faciat</strong></span> <span class='ocrx_word' id='word_1_235' title='bbox 1173 2985 1301 3038; x_wconf 89' lang='lat' dir='ltr'><strong>mibi</strong></span> <span class='ocrx_word' id='word_1_236' title='bbox 1342 2993 1399 3039; x_wconf 89' lang='lat' dir='ltr'><strong>et</strong></span> <span class='ocrx_word' id='word_1_237' title='bbox 1427 2985 1543 3040; x_wconf 72' lang='lat' dir='ltr'><strong>luec</strong></span> <span class='ocrx_word' id='word_1_238' title='bbox 1578 2986 1761 3053; x_wconf 88' lang='lat' dir='ltr'><strong>addat,</strong></span> 
     </span>
    </p>
   </div>
   <div class='ocr_carea' id='block_1_31' title="bbox 168 3072 1761 3141">
    <p class='ocr_par' dir='ltr' id='par_1_31' title="bbox 168 3072 1761 3141">
     <span class='ocr_line' id='line_1_31' title="bbox 168 3072 1761 3141; baseline 0.005 -17"><span class='ocrx_word' id='word_1_239' title='bbox 168 3072 216 3124; x_wconf 88' lang='lat' dir='ltr'><strong>si</strong></span> <span class='ocrx_word' id='word_1_240' title='bbox 255 3085 365 3125; x_wconf 88' lang='lat' dir='ltr'><strong>non</strong></span> <span class='ocrx_word' id='word_1_241' title='bbox 394 3074 649 3141; x_wconf 77' lang='lat' dir='ltr'><strong>magister</strong></span> <span class='ocrx_word' id='word_1_242' title='bbox 673 3072 876 3128; x_wconf 66' lang='lat' dir='ltr'><strong>militia)</strong></span> <span class='ocrx_word' id='word_1_243' title='bbox 908 3073 1074 3128; x_wconf 88' lang='lat' dir='ltr'><strong>fueris</strong></span> <span class='ocrx_word' id='word_1_244' title='bbox 1111 3090 1293 3129; x_wconf 89' lang='lat' dir='ltr'><strong>coram</strong></span> <span class='ocrx_word' id='word_1_245' title='bbox 1333 3090 1421 3130; x_wconf 92' lang='lat' dir='ltr'><strong>me</strong></span> <span class='ocrx_word' id='word_1_246' title='bbox 1449 3076 1596 3130; x_wconf 89' lang='lat' dir='ltr'><strong>omni</strong></span> <span class='ocrx_word' id='word_1_247' title='bbox 1625 3086 1761 3132; x_wconf 84' lang='lat' dir='ltr'><strong>tem-</strong></span> 
     </span>
    </p>
   </div>
   <div class='ocr_carea' id='block_1_32' title="bbox 1873 609 3474 678">
    <p class='ocr_par' dir='ltr' id='par_1_32' title="bbox 1873 609 3474 678">
     <span class='ocr_line' id='line_1_32' title="bbox 1873 609 3474 678; baseline 0.004 -15"><span class='ocrx_word' id='word_1_248' title='bbox 1873 619 2056 663; x_wconf 90' lang='lat' dir='ltr'><strong>nostra</strong></span> <span class='ocrx_word' id='word_1_249' title='bbox 2105 610 2484 678; x_wconf 86' lang='lat' dir='ltr'><strong>conspicimus,</strong></span> <span class='ocrx_word' id='word_1_250' title='bbox 2523 609 2648 677; x_wconf 91' lang='lat' dir='ltr'><strong>quia</strong></span> <span class='ocrx_word' id='word_1_251' title='bbox 2685 610 2838 678; x_wconf 89' lang='lat' dir='ltr'><strong>pejus</strong></span> <span class='ocrx_word' id='word_1_252' title='bbox 2861 619 2946 664; x_wconf 90' lang='lat' dir='ltr'><strong>est</strong></span> <span class='ocrx_word' id='word_1_253' title='bbox 2973 611 3115 677; x_wconf 82' lang='lat' dir='ltr'><strong>quqd</strong></span> <span class='ocrx_word' id='word_1_254' title='bbox 3157 626 3474 670; x_wconf 56' lang='lat' dir='ltr'><strong>meremun</strong></span> 
     </span>
    </p>
   </div>
   <div class='ocr_carea' id='block_1_33' title="bbox 1875 697 3475 769">
    <p class='ocr_par' dir='ltr' id='par_1_33' title="bbox 1875 697 3475 769">
     <span class='ocr_line' id='line_1_33' title="bbox 1875 697 3475 769; baseline 0.003 -17"><span class='ocrx_word' id='word_1_255' title='bbox 1875 697 2074 766; x_wconf 84' lang='lat' dir='ltr'><strong>Sicque</strong></span> <span class='ocrx_word' id='word_1_256' title='bbox 2120 697 2182 752; x_wconf 89' lang='lat' dir='ltr'><strong>ﬁt</strong></span> <span class='ocrx_word' id='word_1_257' title='bbox 2207 705 2267 751; x_wconf 93' lang='lat' dir='ltr'><strong>ut</strong></span> <span class='ocrx_word' id='word_1_258' title='bbox 2309 698 2668 763; x_wconf 83' lang='lat' dir='ltr'><strong>contumeliis,</strong></span> <span class='ocrx_word' id='word_1_259' title='bbox 2708 700 2898 766; x_wconf 69' lang='lat' dir='ltr'><strong>gratim</strong></span> <span class='ocrx_word' id='word_1_260' title='bbox 2943 699 3122 769; x_wconf 87' lang='lat' dir='ltr'><strong>potius</strong></span> <span class='ocrx_word' id='word_1_261' title='bbox 3151 715 3313 768; x_wconf 89' lang='lat' dir='ltr'><strong>quam</strong></span> <span class='ocrx_word' id='word_1_262' title='bbox 3359 701 3475 757; x_wconf 66' lang='lat' dir='ltr'><strong>ira--</strong></span> 
     </span>
    </p>
   </div>
   <div class='ocr_carea' id='block_1_34' title="bbox 1874 785 3467 860">
    <p class='ocr_par' dir='ltr' id='par_1_34' title="bbox 1874 785 3467 860">
     <span class='ocr_line' id='line_1_34' title="bbox 1874 785 3467 860; baseline 0.003 -20"><span class='ocrx_word' id='word_1_263' title='bbox 1874 785 2024 841; x_wconf 88' lang='lat' dir='ltr'><strong>reddi</strong></span> <span class='ocrx_word' id='word_1_264' title='bbox 2050 786 2358 855; x_wconf 88' lang='lat' dir='ltr'><strong>jubeantur,</strong></span> <span class='ocrx_word' id='word_1_265' title='bbox 2384 802 2610 856; x_wconf 90' lang='lat' dir='ltr'><strong>quarum</strong></span> <span class='ocrx_word' id='word_1_266' title='bbox 2636 788 2940 844; x_wconf 85' lang='lat' dir='ltr'><strong>interventu</strong></span> <span class='ocrx_word' id='word_1_267' title='bbox 2961 791 3072 843; x_wconf 88' lang='lat' dir='ltr'><strong>Deo</strong></span> <span class='ocrx_word' id='word_1_268' title='bbox 3090 791 3271 860; x_wconf 86' lang='lat' dir='ltr'><strong>judice</strong></span> <span class='ocrx_word' id='word_1_269' title='bbox 3294 805 3467 860; x_wconf 67' lang='lat' dir='ltr'><strong>paena</strong></span> 
     </span>
    </p>
   </div>
   <div class='ocr_carea' id='block_1_35' title="bbox 1875 868 3448 947">
    <p class='ocr_par' dir='ltr' id='par_1_35' title="bbox 1875 868 3448 947">
     <span class='ocr_line' id='line_1_35' title="bbox 1875 868 3448 947; baseline 0.003 -19"><span class='ocrx_word' id='word_1_270' title='bbox 1875 877 2090 947; x_wconf 78' lang='lat' dir='ltr'><strong>gravior</strong></span> <span class='ocrx_word' id='word_1_271' title='bbox 2131 868 2392 932; x_wconf 79' lang='lat' dir='ltr'><strong>declinari</strong></span> <span class='ocrx_word' id='word_1_272' title='bbox 2421 893 2580 947; x_wconf 88' lang='lat' dir='ltr'><strong>posse</strong></span> <span class='ocrx_word' id='word_1_273' title='bbox 2619 879 2923 934; x_wconf 87' lang='lat' dir='ltr'><strong>conliditur.</strong></span> <span class='ocrx_word' id='word_1_274' title='bbox 2973 897 2991 931; x_wconf 72' lang='grc' dir='ltr'>ι</span> <span class='ocrx_word' id='word_1_275' title='bbox 3023 879 3092 935; x_wconf 83' lang='lat' dir='ltr'><strong>Et</strong></span> <span class='ocrx_word' id='word_1_276' title='bbox 3121 881 3198 934; x_wconf 86' lang='lat' dir='ltr'><strong>ait</strong></span> <span class='ocrx_word' id='word_1_277' title='bbox 3239 881 3406 935; x_wconf 85' lang='lat' dir='ltr'><strong>David</strong></span> <span class='ocrx_word' id='word_1_278' title='bbox 3436 900 3448 933; x_wconf 86' lang='lat'><em>:</em></span> 
     </span>
    </p>
   </div>
   <div class='ocr_carea' id='block_1_36' title="bbox 1874 966 3455 1030">
    <p class='ocr_par' dir='ltr' id='par_1_36' title="bbox 1874 966 3455 1030">
     <span class='ocr_line' id='line_1_36' title="bbox 1874 966 3455 1030; baseline 0.003 -7"><span class='ocrx_word' id='word_1_279' title='bbox 1874 968 1985 1023; x_wconf 91' lang='lat' dir='ltr'><strong>Cur</strong></span> <span class='ocrx_word' id='word_1_280' title='bbox 2011 966 2282 1022; x_wconf 85' lang='lat' dir='ltr'><strong>eﬁicimini</strong></span> <span class='ocrx_word' id='word_1_281' title='bbox 2323 970 2454 1025; x_wconf 92' lang='lat' dir='ltr'><strong>mihi</strong></span> <span class='ocrx_word' id='word_1_282' title='bbox 2496 971 2654 1027; x_wconf 91' lang='lat' dir='ltr'><strong>hodie</strong></span> <span class='ocrx_word' id='word_1_283' title='bbox 2700 973 2754 1026; x_wconf 90' lang='lat' dir='ltr'><strong>in</strong></span> <span class='ocrx_word' id='word_1_284' title='bbox 2796 972 3047 1027; x_wconf 69' lang='lat' dir='ltr'><strong>Satan?»</strong></span> <span class='ocrx_word' id='word_1_285' title='bbox 3091 971 3230 1028; x_wconf 86' lang='lat' dir='ltr'><strong>Huic</strong></span> <span class='ocrx_word' id='word_1_286' title='bbox 3275 973 3455 1030; x_wconf 84' lang='lat' dir='ltr'><strong>simile</strong></span> 
     </span>
    </p>
   </div>
   <div class='ocr_carea' id='block_1_37' title="bbox 1875 1059 3456 1131">
    <p class='ocr_par' dir='ltr' id='par_1_37' title="bbox 1875 1059 3456 1131">
     <span class='ocr_line' id='line_1_37' title="bbox 1875 1059 3456 1131; baseline 0.001 -16"><span class='ocrx_word' id='word_1_287' title='bbox 1875 1059 2066 1116; x_wconf 85' lang='lat' dir='ltr'><strong>Petrus</strong></span> <span class='ocrx_word' id='word_1_288' title='bbox 2106 1061 2402 1131; x_wconf 90' lang='lat' dir='ltr'><strong>apostolus,</strong></span> <span class='ocrx_word' id='word_1_289' title='bbox 2455 1063 2580 1118; x_wconf 90' lang='lat' dir='ltr'><strong>licet</strong></span> <span class='ocrx_word' id='word_1_290' title='bbox 2609 1063 2923 1118; x_wconf 85' lang='lat' dir='ltr'><strong>inﬁrmitate</strong></span> <span class='ocrx_word' id='word_1_291' title='bbox 2953 1063 3166 1128; x_wconf 85' lang='lat' dir='ltr'><strong>mentis,</strong></span> <span class='ocrx_word' id='word_1_292' title='bbox 3223 1078 3330 1119; x_wconf 90' lang='lat' dir='ltr'><strong>non</strong></span> <span class='ocrx_word' id='word_1_293' title='bbox 3369 1072 3456 1117; x_wconf 82' lang='lat' dir='ltr'><strong>tu-</strong></span> 
     </span>
    </p>
   </div>
   <div class='ocr_carea' id='block_1_38' title="bbox 1876 1155 3454 1227">
    <p class='ocr_par' dir='ltr' id='par_1_38' title="bbox 1876 1155 3454 1227">
     <span class='ocr_line' id='line_1_38' title="bbox 1876 1155 3454 1227; baseline 0.003 -20"><span class='ocrx_word' id='word_1_294' title='bbox 1876 1169 2028 1208; x_wconf 88' lang='lat' dir='ltr'><strong>more</strong></span> <span class='ocrx_word' id='word_1_295' title='bbox 2071 1155 2272 1221; x_wconf 88' lang='lat' dir='ltr'><strong>cordis,</strong></span> <span class='ocrx_word' id='word_1_296' title='bbox 2326 1155 2467 1210; x_wconf 90' lang='lat' dir='ltr'><strong>sicut</strong></span> <span class='ocrx_word' id='word_1_297' title='bbox 2496 1156 2680 1212; x_wconf 85' lang='lat' dir='ltr'><strong>Abisai</strong></span> <span class='ocrx_word' id='word_1_298' title='bbox 2716 1172 2730 1210; x_wconf 91' lang='lat'><strong>:</strong></span> <span class='ocrx_word' id='word_1_299' title='bbox 2759 1157 2939 1212; x_wconf 91' lang='lat' dir='ltr'><strong>audita</strong></span> <span class='ocrx_word' id='word_1_300' title='bbox 2971 1157 3149 1212; x_wconf 83' lang='lat' dir='ltr'><strong>futura</strong></span> <span class='ocrx_word' id='word_1_301' title='bbox 3201 1155 3454 1227; x_wconf 85' lang='lat' dir='ltr'><strong>passione</strong></span> 
     </span>
    </p>
   </div>
   <div class='ocr_carea' id='block_1_39' title="bbox 1877 1245 3454 1318">
    <p class='ocr_par' dir='ltr' id='par_1_39' title="bbox 1877 1245 3454 1318">
     <span class='ocr_line' id='line_1_39' title="bbox 1877 1245 3454 1318; baseline 0.001 -18"><span class='ocrx_word' id='word_1_302' title='bbox 1877 1245 2088 1300; x_wconf 90' lang='lat' dir='ltr'><strong>Domini</strong></span> <span class='ocrx_word' id='word_1_303' title='bbox 2144 1246 2259 1314; x_wconf 90' lang='lat' dir='ltr'><strong>ipse</strong></span> <span class='ocrx_word' id='word_1_304' title='bbox 2303 1247 2644 1316; x_wconf 89' lang='lat' dir='ltr'><strong>respondisse</strong></span> <span class='ocrx_word' id='word_1_305' title='bbox 2695 1248 2749 1302; x_wconf 91' lang='lat' dir='ltr'><strong>in</strong></span> <span class='ocrx_word' id='word_1_306' title='bbox 2796 1247 3084 1318; x_wconf 89' lang='lat' dir='ltr'><strong>Evangelio</strong></span> <span class='ocrx_word' id='word_1_307' title='bbox 3112 1247 3324 1318; x_wconf 81' lang='lat' dir='ltr'><strong>legitur,</strong></span> <span class='ocrx_word' id='word_1_308' title='bbox 3377 1247 3454 1302; x_wconf 86' lang='lat' dir='ltr'><strong>di-</strong></span> 
     </span>
    </p>
   </div>
   <div class='ocr_carea' id='block_1_40' title="bbox 1876 1337 3542 1410">
    <p class='ocr_par' dir='ltr' id='par_1_40' title="bbox 1876 1337 3542 1410">
     <span class='ocr_line' id='line_1_40' title="bbox 1876 1337 3542 1410; baseline 0.001 -19"><span class='ocrx_word' id='word_1_309' title='bbox 1876 1350 2004 1392; x_wconf 89' lang='lat' dir='ltr'><strong>cens</strong></span> <span class='ocrx_word' id='word_1_310' title='bbox 2043 1353 2056 1390; x_wconf 92' lang='lat'><strong>:</strong></span> <span class='ocrx_word' id='word_1_311' title='bbox 2098 1354 2117 1389; x_wconf 72' lang='grc'><strong>(</strong></span> <span class='ocrx_word' id='word_1_312' title='bbox 2151 1337 2308 1392; x_wconf 78' lang='lat' dir='ltr'><strong>Absit</strong></span> <span class='ocrx_word' id='word_1_313' title='bbox 2355 1353 2385 1392; x_wconf 92' lang='lat' dir='ltr'><strong>a</strong></span> <span class='ocrx_word' id='word_1_314' title='bbox 2418 1346 2490 1404; x_wconf 91' lang='lat' dir='ltr'><strong>te,</strong></span> <span class='ocrx_word' id='word_1_315' title='bbox 2521 1340 2764 1404; x_wconf 90' lang='lat' dir='ltr'><strong>Domine,</strong></span> <span class='ocrx_word' id='word_1_316' title='bbox 2819 1355 2927 1394; x_wconf 88' lang='lat' dir='ltr'><strong>non</strong></span> <span class='ocrx_word' id='word_1_317' title='bbox 2955 1339 3046 1394; x_wconf 89' lang='lat' dir='ltr'><strong>ﬁet</strong></span> <span class='ocrx_word' id='word_1_318' title='bbox 3068 1340 3208 1394; x_wconf 90' lang='lat' dir='ltr'><strong>istud</strong></span> <span class='ocrx_word' id='word_1_319' title='bbox 3255 1339 3448 1410; x_wconf 79' lang='lat' dir='ltr'><strong>(Marc.</strong></span> <span class='ocrx_word' id='word_1_320' title='bbox 3535 1357 3542 1364; x_wconf 73' lang='grc'><em>’</em></span> 
     </span>
    </p>
   </div>
   <div class='ocr_carea' id='block_1_41' title="bbox 1875 1426 3448 1498">
    <p class='ocr_par' dir='ltr' id='par_1_41' title="bbox 1875 1426 3448 1498">
     <span class='ocr_line' id='line_1_41' title="bbox 1875 1426 3448 1498; baseline 0.001 -18"><span class='ocrx_word' id='word_1_321' title='bbox 1875 1427 2018 1498; x_wconf 79' lang='lat' dir='ltr'><strong>vni).</strong></span> <span class='ocrx_word' id='word_1_322' title='bbox 2059 1446 2078 1480; x_wconf 78' lang='grc' dir='ltr'><strong><em>ι</em></strong></span> <span class='ocrx_word' id='word_1_323' title='bbox 2139 1426 2249 1482; x_wconf 89' lang='lat' dir='ltr'><strong>Cur</strong></span> <span class='ocrx_word' id='word_1_324' title='bbox 2295 1427 2556 1484; x_wconf 89' lang='lat' dir='ltr'><strong>Dominus</strong></span> <span class='ocrx_word' id='word_1_325' title='bbox 2597 1443 2627 1484; x_wconf 89' lang='lat' dir='ltr'><strong>e</strong></span> <span class='ocrx_word' id='word_1_326' title='bbox 2665 1429 2960 1493; x_wconf 88' lang='lat' dir='ltr'><strong>contrario,</strong></span> <span class='ocrx_word' id='word_1_327' title='bbox 3013 1429 3153 1483; x_wconf 87' lang='lat' dir='ltr'><strong>sicut</strong></span> <span class='ocrx_word' id='word_1_328' title='bbox 3192 1437 3247 1482; x_wconf 91' lang='lat' dir='ltr'><strong>et</strong></span> <span class='ocrx_word' id='word_1_329' title='bbox 3281 1427 3448 1482; x_wconf 87' lang='lat' dir='ltr'><strong>David</strong></span> 
     </span>
    </p>
   </div>
   <div class='ocr_carea' id='block_1_42' title="bbox 1874 1515 3450 1589">
    <p class='ocr_par' dir='ltr' id='par_1_42' title="bbox 1874 1515 3450 1589">
     <span class='ocr_line' id='line_1_42' title="bbox 1874 1515 3450 1589; baseline 0 -19"><span class='ocrx_word' id='word_1_330' title='bbox 1874 1515 2083 1582; x_wconf 81' lang='lat' dir='ltr'><strong>Abisai,</strong></span> <span class='ocrx_word' id='word_1_331' title='bbox 2123 1515 2450 1587; x_wconf 89' lang='lat' dir='ltr'><strong>increpando</strong></span> <span class='ocrx_word' id='word_1_332' title='bbox 2483 1518 2796 1589; x_wconf 89' lang='lat' dir='ltr'><strong>respondit:</strong></span> <span class='ocrx_word' id='word_1_333' title='bbox 2833 1536 2851 1569; x_wconf 72' lang='grc' dir='ltr'><strong><em>ι</em></strong></span> <span class='ocrx_word' id='word_1_334' title='bbox 2892 1517 3040 1573; x_wconf 76' lang='lat' dir='ltr'><strong>Vade</strong></span> <span class='ocrx_word' id='word_1_335' title='bbox 3075 1526 3198 1589; x_wconf 87' lang='lat' dir='ltr'><strong>post</strong></span> <span class='ocrx_word' id='word_1_336' title='bbox 3225 1533 3330 1584; x_wconf 90' lang='lat' dir='ltr'><strong>me,</strong></span> <span class='ocrx_word' id='word_1_337' title='bbox 3356 1516 3450 1571; x_wconf 88' lang='lat' dir='ltr'><strong>Sa-</strong></span> 
     </span>
    </p>
   </div>
   <div class='ocr_carea' id='block_1_43' title="bbox 1876 1607 3464 1695">
    <p class='ocr_par' dir='ltr' id='par_1_43' title="bbox 1876 1607 3464 1695">
     <span class='ocr_line' id='line_1_43' title="bbox 1876 1607 3464 1695; baseline 0 -33"><span class='ocrx_word' id='word_1_338' title='bbox 1876 1615 2025 1674; x_wconf 89' lang='lat' dir='ltr'><strong>tana,</strong></span> <span class='ocrx_word' id='word_1_339' title='bbox 2078 1607 2206 1678; x_wconf 90' lang='lat' dir='ltr'><strong>quia</strong></span> <span class='ocrx_word' id='word_1_340' title='bbox 2229 1623 2335 1663; x_wconf 91' lang='lat' dir='ltr'><strong>non</strong></span> <span class='ocrx_word' id='word_1_341' title='bbox 2363 1608 2509 1678; x_wconf 85' lang='lat' dir='ltr'><strong>sapis</strong></span> <span class='ocrx_word' id='word_1_342' title='bbox 2534 1624 2596 1664; x_wconf 89' lang='lat' dir='ltr'><strong>ea</strong></span> <span class='ocrx_word' id='word_1_343' title='bbox 2617 1624 2736 1686; x_wconf 65' lang='lat' dir='ltr'><strong>quae</strong></span> <span class='ocrx_word' id='word_1_344' title='bbox 2766 1609 2862 1664; x_wconf 87' lang='lat' dir='ltr'><strong>Dei</strong></span> <span class='ocrx_word' id='word_1_345' title='bbox 2885 1617 3032 1675; x_wconf 90' lang='lat' dir='ltr'><strong>sunt,</strong></span> <span class='ocrx_word' id='word_1_346' title='bbox 3083 1610 3177 1664; x_wconf 91' lang='lat' dir='ltr'><strong>sed</strong></span> <span class='ocrx_word' id='word_1_347' title='bbox 3205 1623 3324 1679; x_wconf 65' lang='lat' dir='ltr'><strong>quae</strong></span> <span class='ocrx_word' id='word_1_348' title='bbox 3352 1609 3464 1695; x_wconf 40' lang='lat' dir='ltr'><strong>ho-‘</strong></span> 
     </span>
    </p>
   </div>
   <div class='ocr_carea' id='block_1_44' title="bbox 1874 1697 3445 1771">
    <p class='ocr_par' dir='ltr' id='par_1_44' title="bbox 1874 1697 3445 1771">
     <span class='ocr_line' id='line_1_44' title="bbox 1874 1697 3445 1771; baseline -0.002 -18"><span class='ocrx_word' id='word_1_349' title='bbox 1874 1699 2080 1754; x_wconf 87' lang='lat' dir='ltr'><strong>minum</strong></span> <span class='ocrx_word' id='word_1_350' title='bbox 2107 1697 2290 1771; x_wconf 86' lang='lat' dir='ltr'><strong>(Ibid).</strong></span> <span class='ocrx_word' id='word_1_351' title='bbox 2330 1718 2349 1750; x_wconf 81' lang='grc'>›</span> <span class='ocrx_word' id='word_1_352' title='bbox 2368 1730 2436 1740; x_wconf 88' lang='lat'><strong>—-</strong></span> <span class='ocrx_word' id='word_1_353' title='bbox 2461 1717 2481 1751; x_wconf 86' lang='grc'><em>‹</em></span> <span class='ocrx_word' id='word_1_354' title='bbox 2521 1701 2588 1754; x_wconf 85' lang='lat' dir='ltr'><strong>Et</strong></span> <span class='ocrx_word' id='word_1_355' title='bbox 2613 1701 2688 1754; x_wconf 88' lang='lat' dir='ltr'><strong>ait</strong></span> <span class='ocrx_word' id='word_1_356' title='bbox 2711 1699 3031 1769; x_wconf 84' lang='lat' dir='ltr'><strong>Acbitopbel</strong></span> <span class='ocrx_word' id='word_1_357' title='bbox 3062 1698 3127 1752; x_wconf 89' lang='lat' dir='ltr'><strong>ad</strong></span> <span class='ocrx_word' id='word_1_358' title='bbox 3154 1697 3406 1753; x_wconf 87' lang='lat' dir='ltr'><strong>Absalom</strong></span> <span class='ocrx_word' id='word_1_359' title='bbox 3431 1714 3445 1750; x_wconf 87' lang='lat'><strong>:</strong></span> 
     </span>
    </p>
   </div>
   <div class='ocr_carea' id='block_1_45' title="bbox 1799 1783 3452 1860">
    <p class='ocr_par' dir='ltr' id='par_1_45' title="bbox 1799 1783 3452 1860">
     <span class='ocr_line' id='line_1_45' title="bbox 1799 1783 3452 1860; baseline 0 -16"><span class='ocrx_word' id='word_1_360' title='bbox 1799 1783 1845 1844; x_wconf 90' lang='lat' dir='ltr'><strong>B</strong></span> <span class='ocrx_word' id='word_1_361' title='bbox 1873 1790 2156 1860; x_wconf 84' lang='lat' dir='ltr'><strong>Ingredere</strong></span> <span class='ocrx_word' id='word_1_362' title='bbox 2194 1791 2262 1845; x_wconf 92' lang='lat' dir='ltr'><strong>ad</strong></span> <span class='ocrx_word' id='word_1_363' title='bbox 2295 1792 2624 1846; x_wconf 88' lang='lat' dir='ltr'><strong>concubinas</strong></span> <span class='ocrx_word' id='word_1_364' title='bbox 2661 1791 2830 1860; x_wconf 91' lang='lat' dir='ltr'><strong>patris</strong></span> <span class='ocrx_word' id='word_1_365' title='bbox 2878 1791 2972 1844; x_wconf 90' lang='lat' dir='ltr'><strong>tui.</strong></span> <span class='ocrx_word' id='word_1_366' title='bbox 3026 1809 3044 1842; x_wconf 83' lang='grc'>›</span> <span class='ocrx_word' id='word_1_367' title='bbox 3089 1798 3193 1844; x_wconf 88' lang='lat' dir='ltr'><strong>etc.</strong></span> <span class='ocrx_word' id='word_1_368' title='bbox 3245 1788 3452 1844; x_wconf 82' lang='lat' dir='ltr'><strong>Concu-</strong></span> 
     </span>
    </p>
   </div>
   <div class='ocr_carea' id='block_1_46' title="bbox 1867 1879 3448 1952">
    <p class='ocr_par' dir='ltr' id='par_1_46' title="bbox 1867 1879 3448 1952">
     <span class='ocr_line' id='line_1_46' title="bbox 1867 1879 3448 1952; baseline -0.005 -14"><span class='ocrx_word' id='word_1_369' title='bbox 1867 1882 2023 1938; x_wconf 88' lang='lat' dir='ltr'><strong>binas</strong></span> <span class='ocrx_word' id='word_1_370' title='bbox 2053 1881 2222 1936; x_wconf 84' lang='lat' dir='ltr'><strong>David</strong></span> <span class='ocrx_word' id='word_1_371' title='bbox 2247 1897 2384 1952; x_wconf 91' lang='lat' dir='ltr'><strong>quas</strong></span> <span class='ocrx_word' id='word_1_372' title='bbox 2407 1881 2660 1937; x_wconf 86' lang='lat' dir='ltr'><strong>Absalom</strong></span> <span class='ocrx_word' id='word_1_373' title='bbox 2693 1881 2832 1936; x_wconf 88' lang='lat' dir='ltr'><strong>ﬁlius</strong></span> <span class='ocrx_word' id='word_1_374' title='bbox 2863 1881 2979 1951; x_wconf 87' lang='lat' dir='ltr'><strong>ejus</strong></span> <span class='ocrx_word' id='word_1_375' title='bbox 3009 1880 3212 1935; x_wconf 80' lang='lat' dir='ltr'><strong>nefarie</strong></span> <span class='ocrx_word' id='word_1_376' title='bbox 3237 1879 3448 1949; x_wconf 88' lang='lat' dir='ltr'><strong>polluit,</strong></span> 
     </span>
    </p>
   </div>
   <div class='ocr_carea' id='block_1_47' title="bbox 1868 1971 3446 2045">
    <p class='ocr_par' dir='ltr' id='par_1_47' title="bbox 1868 1971 3446 2045">
     <span class='ocr_line' id='line_1_47' title="bbox 1868 1971 3446 2045; baseline -0.002 -19"><span class='ocrx_word' id='word_1_377' title='bbox 1868 1973 2096 2045; x_wconf 88' lang='lat' dir='ltr'><strong>ﬁguram</strong></span> <span class='ocrx_word' id='word_1_378' title='bbox 2135 1973 2391 2028; x_wconf 89' lang='lat' dir='ltr'><strong>habuisse</strong></span> <span class='ocrx_word' id='word_1_379' title='bbox 2427 1971 2664 2028; x_wconf 74' lang='lat' dir='ltr'><strong>Iudaica:</strong></span> <span class='ocrx_word' id='word_1_380' title='bbox 2710 1972 2883 2042; x_wconf 89' lang='lat' dir='ltr'><strong>plebis</strong></span> <span class='ocrx_word' id='word_1_381' title='bbox 2932 1988 3038 2026; x_wconf 91' lang='lat' dir='ltr'><strong>non</strong></span> <span class='ocrx_word' id='word_1_382' title='bbox 3083 1971 3302 2026; x_wconf 91' lang='lat' dir='ltr'><strong>dubium</strong></span> <span class='ocrx_word' id='word_1_383' title='bbox 3343 1979 3446 2034; x_wconf 88' lang='lat' dir='ltr'><strong>est,</strong></span> 
     </span>
    </p>
   </div>
   <div class='ocr_carea' id='block_1_48' title="bbox 1866 2059 3448 2134">
    <p class='ocr_par' dir='ltr' id='par_1_48' title="bbox 1866 2059 3448 2134">
     <span class='ocr_line' id='line_1_48' title="bbox 1866 2059 3448 2134; baseline -0.002 -17"><span class='ocrx_word' id='word_1_384' title='bbox 1866 2078 2002 2134; x_wconf 91' lang='lat' dir='ltr'><strong>quas</strong></span> <span class='ocrx_word' id='word_1_385' title='bbox 2023 2063 2264 2133; x_wconf 87' lang='lat' dir='ltr'><strong>magistri</strong></span> <span class='ocrx_word' id='word_1_386' title='bbox 2295 2064 2514 2129; x_wconf 90' lang='lat' dir='ltr'><strong>erroris,</strong></span> <span class='ocrx_word' id='word_1_387' title='bbox 2565 2062 2767 2119; x_wconf 75' lang='lat' dir='ltr'><strong>Scriba:</strong></span> <span class='ocrx_word' id='word_1_388' title='bbox 2803 2062 3052 2118; x_wconf 86' lang='lat' dir='ltr'><strong>videlicet</strong></span> <span class='ocrx_word' id='word_1_389' title='bbox 3086 2069 3137 2116; x_wconf 90' lang='lat' dir='ltr'><strong>et</strong></span> <span class='ocrx_word' id='word_1_390' title='bbox 3161 2059 3448 2125; x_wconf 81' lang='lat' dir='ltr'><strong>Pharisaei,</strong></span> 
     </span>
    </p>
   </div>
   <div class='ocr_carea' id='block_1_49' title="bbox 1867 2151 3453 2224">
    <p class='ocr_par' dir='ltr' id='par_1_49' title="bbox 1867 2151 3453 2224">
     <span class='ocr_line' id='line_1_49' title="bbox 1867 2151 3453 2224; baseline -0.004 -15"><span class='ocrx_word' id='word_1_391' title='bbox 1867 2153 2020 2209; x_wconf 89' lang='lat' dir='ltr'><strong>vanis</strong></span> <span class='ocrx_word' id='word_1_392' title='bbox 2057 2154 2534 2224; x_wconf 90' lang='lat' dir='ltr'><strong>superstitionibus</strong></span> <span class='ocrx_word' id='word_1_393' title='bbox 2575 2154 2708 2220; x_wconf 91' lang='lat' dir='ltr'><strong>suis,</strong></span> <span class='ocrx_word' id='word_1_394' title='bbox 2763 2162 2925 2224; x_wconf 90' lang='lat' dir='ltr'><strong>atque</strong></span> <span class='ocrx_word' id='word_1_395' title='bbox 2968 2167 3064 2220; x_wconf 89' lang='lat' dir='ltr'><strong>per</strong></span> <span class='ocrx_word' id='word_1_396' title='bbox 3101 2167 3322 2222; x_wconf 88' lang='lat' dir='ltr'><strong>pravam</strong></span> <span class='ocrx_word' id='word_1_397' title='bbox 3359 2151 3453 2205; x_wconf 89' lang='lat' dir='ltr'><strong>do-</strong></span> 
     </span>
    </p>
   </div>
   <div class='ocr_carea' id='block_1_50' title="bbox 1865 2241 3450 2316">
    <p class='ocr_par' dir='ltr' id='par_1_50' title="bbox 1865 2241 3450 2316">
     <span class='ocr_line' id='line_1_50' title="bbox 1865 2241 3450 2316; baseline -0.003 -16"><span class='ocrx_word' id='word_1_398' title='bbox 1865 2243 2101 2300; x_wconf 88' lang='lat' dir='ltr'><strong>ctrinam</strong></span> <span class='ocrx_word' id='word_1_399' title='bbox 2130 2253 2558 2316; x_wconf 85' lang='lat' dir='ltr'><strong>corrumpentes,</strong></span> <span class='ocrx_word' id='word_1_400' title='bbox 2609 2260 2641 2299; x_wconf 92' lang='lat' dir='ltr'><strong>a</strong></span> <span class='ocrx_word' id='word_1_401' title='bbox 2676 2244 2904 2300; x_wconf 86' lang='lat' dir='ltr'><strong>Domino</strong></span> <span class='ocrx_word' id='word_1_402' title='bbox 2929 2243 3054 2298; x_wconf 81' lang='lat' dir='ltr'><strong>Jesu</strong></span> <span class='ocrx_word' id='word_1_403' title='bbox 3077 2241 3294 2297; x_wconf 89' lang='lat' dir='ltr'><strong>Christo</strong></span> <span class='ocrx_word' id='word_1_404' title='bbox 3328 2255 3450 2296; x_wconf 86' lang='lat' dir='ltr'><strong>eam</strong></span> 
     </span>
    </p>
   </div>
   <div class='ocr_carea' id='block_1_51' title="bbox 1866 2334 3454 2405">
    <p class='ocr_par' dir='ltr' id='par_1_51' title="bbox 1866 2334 3454 2405">
     <span class='ocr_line' id='line_1_51' title="bbox 1866 2334 3454 2405; baseline 0 -15"><span class='ocrx_word' id='word_1_405' title='bbox 1866 2335 2100 2394; x_wconf 90' lang='lat' dir='ltr'><strong>alienam</strong></span> <span class='ocrx_word' id='word_1_406' title='bbox 2139 2336 2409 2405; x_wconf 80' lang='lat' dir='ltr'><strong>fecerunt,</strong></span> <span class='ocrx_word' id='word_1_407' title='bbox 2470 2339 2612 2394; x_wconf 91' lang='lat' dir='ltr'><strong>sicut</strong></span> <span class='ocrx_word' id='word_1_408' title='bbox 2658 2346 2714 2394; x_wconf 93' lang='lat' dir='ltr'><strong>et</strong></span> <span class='ocrx_word' id='word_1_409' title='bbox 2753 2336 2991 2392; x_wconf 62' lang='lat' dir='ltr'><strong>haeretici</strong></span> <span class='ocrx_word' id='word_1_410' title='bbox 3044 2334 3234 2391; x_wconf 89' lang='lat' dir='ltr'><strong>crebro</strong></span> <span class='ocrx_word' id='word_1_411' title='bbox 3273 2334 3454 2390; x_wconf 87' lang='lat' dir='ltr'><strong>facere</strong></span> 
     </span>
    </p>
   </div>
   <div class='ocr_carea' id='block_1_52' title="bbox 1866 2427 3450 2501">
    <p class='ocr_par' dir='ltr' id='par_1_52' title="bbox 1866 2427 3450 2501">
     <span class='ocr_line' id='line_1_52' title="bbox 1866 2427 3450 2501; baseline -0.003 -15"><span class='ocrx_word' id='word_1_412' title='bbox 1866 2445 1976 2486; x_wconf 89' lang='lat' dir='ltr'><strong>non</strong></span> <span class='ocrx_word' id='word_1_413' title='bbox 2015 2439 2272 2487; x_wconf 89' lang='lat' dir='ltr'><strong>verentur</strong></span> <span class='ocrx_word' id='word_1_414' title='bbox 2304 2450 2318 2486; x_wconf 89' lang='lat'><strong>:</strong></span> <span class='ocrx_word' id='word_1_415' title='bbox 2360 2431 2489 2487; x_wconf 90' lang='lat' dir='ltr'><strong>dum</strong></span> <span class='ocrx_word' id='word_1_416' title='bbox 2523 2437 2767 2501; x_wconf 89' lang='lat' dir='ltr'><strong>apostata</strong></span> <span class='ocrx_word' id='word_1_417' title='bbox 2793 2428 3030 2500; x_wconf 84' lang='lat' dir='ltr'><strong>Angelus</strong></span> <span class='ocrx_word' id='word_1_418' title='bbox 3056 2428 3319 2498; x_wconf 89' lang='lat' dir='ltr'><strong>quosdam</strong></span> <span class='ocrx_word' id='word_1_419' title='bbox 3359 2427 3450 2496; x_wconf 89' lang='lat' dir='ltr'><strong>qui</strong></span> 
     </span>
    </p>
   </div>
   <div class='ocr_carea' id='block_1_53' title="bbox 1866 2519 3448 2592">
    <p class='ocr_par' dir='ltr' id='par_1_53' title="bbox 1866 2519 3448 2592">
     <span class='ocr_line' id='line_1_53' title="bbox 1866 2519 3448 2592; baseline -0.004 -16"><span class='ocrx_word' id='word_1_420' title='bbox 1866 2521 2118 2577; x_wconf 85' lang='lat' dir='ltr'><strong>videntur</strong></span> <span class='ocrx_word' id='word_1_421' title='bbox 2158 2536 2344 2592; x_wconf 86' lang='lat' dir='ltr'><strong>regere</strong></span> <span class='ocrx_word' id='word_1_422' title='bbox 2365 2529 2420 2576; x_wconf 92' lang='lat' dir='ltr'><strong>et</strong></span> <span class='ocrx_word' id='word_1_423' title='bbox 2449 2521 2724 2577; x_wconf 85' lang='lat' dir='ltr'><strong>custodire</strong></span> <span class='ocrx_word' id='word_1_424' title='bbox 2746 2519 2998 2590; x_wconf 87' lang='lat' dir='ltr'><strong>populum</strong></span> <span class='ocrx_word' id='word_1_425' title='bbox 3024 2519 3142 2584; x_wconf 93' lang='lat' dir='ltr'><strong>Dei,</strong></span> <span class='ocrx_word' id='word_1_426' title='bbox 3191 2527 3448 2587; x_wconf 87' lang='lat' dir='ltr'><strong>tanquam</strong></span> 
     </span>
    </p>
   </div>
   <div class='ocr_carea' id='block_1_54' title="bbox 1866 2609 3448 2680">
    <p class='ocr_par' dir='ltr' id='par_1_54' title="bbox 1866 2609 3448 2680">
     <span class='ocr_line' id='line_1_54' title="bbox 1866 2609 3448 2680; baseline -0.004 -12"><span class='ocrx_word' id='word_1_427' title='bbox 1866 2612 2196 2668; x_wconf 86' lang='lat' dir='ltr'><strong>concubinas</strong></span> <span class='ocrx_word' id='word_1_428' title='bbox 2235 2611 2452 2666; x_wconf 90' lang='lat' dir='ltr'><strong>domum</strong></span> <span class='ocrx_word' id='word_1_429' title='bbox 2480 2612 2672 2677; x_wconf 89' lang='lat' dir='ltr'><strong>David,</strong></span> <span class='ocrx_word' id='word_1_430' title='bbox 2711 2611 2964 2666; x_wconf 59' lang='lat' dir='ltr'><strong>haeretica</strong></span> <span class='ocrx_word' id='word_1_431' title='bbox 2989 2611 3256 2680; x_wconf 89' lang='lat' dir='ltr'><strong>pravitate</strong></span> <span class='ocrx_word' id='word_1_432' title='bbox 3290 2609 3448 2665; x_wconf 82' lang='lat' dir='ltr'><strong>sedu-</strong></span> 
     </span>
    </p>
   </div>
   <div class='ocr_carea' id='block_1_55' title="bbox 1867 2697 3453 2771">
    <p class='ocr_par' dir='ltr' id='par_1_55' title="bbox 1867 2697 3453 2771">
     <span class='ocr_line' id='line_1_55' title="bbox 1867 2697 3453 2771; baseline -0.003 -14"><span class='ocrx_word' id='word_1_433' title='bbox 1867 2701 2062 2767; x_wconf 90' lang='lat' dir='ltr'><strong>cendo,</strong></span> <span class='ocrx_word' id='word_1_434' title='bbox 2109 2700 2311 2770; x_wconf 91' lang='lat' dir='ltr'><strong>decipit</strong></span> <span class='ocrx_word' id='word_1_435' title='bbox 2347 2716 2444 2771; x_wconf 91' lang='lat' dir='ltr'><strong>per</strong></span> <span class='ocrx_word' id='word_1_436' title='bbox 2470 2716 2584 2757; x_wconf 88' lang='lat' dir='ltr'><strong>eos.</strong></span> <span class='ocrx_word' id='word_1_437' title='bbox 2631 2700 2712 2754; x_wconf 85' lang='lat' dir='ltr'><strong>Ad</strong></span> <span class='ocrx_word' id='word_1_438' title='bbox 2745 2715 2880 2770; x_wconf 89' lang='lat' dir='ltr'><strong>quas</strong></span> <span class='ocrx_word' id='word_1_439' title='bbox 2908 2708 3086 2754; x_wconf 89' lang='lat' dir='ltr'><strong>tamen</strong></span> <span class='ocrx_word' id='word_1_440' title='bbox 3115 2699 3284 2754; x_wconf 91' lang='lat' dir='ltr'><strong>David</strong></span> <span class='ocrx_word' id='word_1_441' title='bbox 3311 2697 3453 2752; x_wconf 82' lang='lat' dir='ltr'><strong>ultra</strong></span> 
     </span>
    </p>
   </div>
   <div class='ocr_carea' id='block_1_56' title="bbox 1865 2786 3450 2861">
    <p class='ocr_par' dir='ltr' id='par_1_56' title="bbox 1865 2786 3450 2861">
     <span class='ocr_line' id='line_1_56' title="bbox 1865 2786 3450 2861; baseline -0.004 -16"><span class='ocrx_word' id='word_1_442' title='bbox 1865 2805 1974 2846; x_wconf 87' lang='lat' dir='ltr'><strong>non</strong></span> <span class='ocrx_word' id='word_1_443' title='bbox 2013 2789 2337 2861; x_wconf 89' lang='lat' dir='ltr'><strong>ingreditur,</strong></span> <span class='ocrx_word' id='word_1_444' title='bbox 2406 2790 2500 2846; x_wconf 91' lang='lat' dir='ltr'><strong>sed</strong></span> <span class='ocrx_word' id='word_1_445' title='bbox 2549 2791 2604 2845; x_wconf 92' lang='lat' dir='ltr'><strong>in</strong></span> <span class='ocrx_word' id='word_1_446' title='bbox 2651 2789 2894 2845; x_wconf 89' lang='lat' dir='ltr'><strong>custodia</strong></span> <span class='ocrx_word' id='word_1_447' title='bbox 2942 2788 3134 2859; x_wconf 88' lang='lat' dir='ltr'><strong>positis</strong></span> <span class='ocrx_word' id='word_1_448' title='bbox 3193 2786 3450 2840; x_wconf 88' lang='lat' dir='ltr'><strong>alimenta</strong></span> 
     </span>
    </p>
   </div>
   <div class='ocr_carea' id='block_1_57' title="bbox 1866 2878 3454 2956">
    <p class='ocr_par' dir='ltr' id='par_1_57' title="bbox 1866 2878 3454 2956">
     <span class='ocr_line' id='line_1_57' title="bbox 1866 2878 3454 2956; baseline -0.003 -22"><span class='ocrx_word' id='word_1_449' title='bbox 1866 2879 2106 2951; x_wconf 77' lang='lat' dir='ltr'><strong>praebet;</strong></span> <span class='ocrx_word' id='word_1_450' title='bbox 2136 2881 2374 2951; x_wconf 73' lang='lat' dir='ltr'><strong>ipsaeque</strong></span> <span class='ocrx_word' id='word_1_451' title='bbox 2403 2880 2458 2934; x_wconf 93' lang='lat' dir='ltr'><strong>in</strong></span> <span class='ocrx_word' id='word_1_452' title='bbox 2495 2881 2757 2936; x_wconf 91' lang='lat' dir='ltr'><strong>viduitate</strong></span> <span class='ocrx_word' id='word_1_453' title='bbox 2803 2880 3068 2944; x_wconf 87' lang='lat' dir='ltr'><strong>viventes,</strong></span> <span class='ocrx_word' id='word_1_454' title='bbox 3099 2878 3295 2933; x_wconf 82' lang='lat' dir='ltr'><strong>clausae</strong></span> <span class='ocrx_word' id='word_1_455' title='bbox 3325 2886 3454 2956; x_wconf 83' lang='lat' dir='ltr'><strong>sunt</strong></span> 
     </span>
    </p>
   </div>
   <div class='ocr_carea' id='block_1_58' title="bbox 1865 2957 3450 3043">
    <p class='ocr_par' dir='ltr' id='par_1_58' title="bbox 1865 2957 3450 3043">
     <span class='ocr_line' id='line_1_58' title="bbox 1865 2957 3450 3043; baseline -0.004 -16"><span class='ocrx_word' id='word_1_456' title='bbox 1865 2987 2036 3042; x_wconf 90' lang='lat' dir='ltr'><strong>usque</strong></span> <span class='ocrx_word' id='word_1_457' title='bbox 2085 2972 2153 3027; x_wconf 93' lang='lat' dir='ltr'><strong>ad</strong></span> <span class='ocrx_word' id='word_1_458' title='bbox 2194 2972 2337 3027; x_wconf 90' lang='lat' dir='ltr'><strong>diem</strong></span> <span class='ocrx_word' id='word_1_459' title='bbox 2385 2973 2574 3028; x_wconf 91' lang='lat' dir='ltr'><strong>mortis</strong></span> <span class='ocrx_word' id='word_1_460' title='bbox 2614 2988 2747 3038; x_wconf 70' lang='lat' dir='ltr'><strong>sum,</strong></span> <span class='ocrx_word' id='word_1_461' title='bbox 2795 2972 2920 3043; x_wconf 91' lang='lat' dir='ltr'><strong>quia</strong></span> <span class='ocrx_word' id='word_1_462' title='bbox 2963 2971 3086 3026; x_wconf 89' lang='lat' dir='ltr'><strong>dum</strong></span> <span class='ocrx_word' id='word_1_463' title='bbox 3123 2968 3330 3039; x_wconf 85' lang='lat' dir='ltr'><strong>decepti</strong></span> <span class='ocrx_word' id='word_1_464' title='bbox 3381 2957 3450 3021; x_wconf 84' lang='lat' dir='ltr'><strong>ab</strong></span> 
     </span>
    </p>
   </div>
   <div class='ocr_carea' id='block_1_59' title="bbox 1867 3059 3442 3126">
    <p class='ocr_par' dir='ltr' id='par_1_59' title="bbox 1867 3059 3442 3126">
     <span class='ocr_line' id='line_1_59' title="bbox 1867 3059 3442 3126; baseline -0.003 -10"><span class='ocrx_word' id='word_1_465' title='bbox 1867 3061 2140 3118; x_wconf 58' lang='lat' dir='ltr'><strong>haereticis</strong></span> <span class='ocrx_word' id='word_1_466' title='bbox 2179 3077 2209 3115; x_wconf 91' lang='lat' dir='ltr'><strong>a</strong></span> <span class='ocrx_word' id='word_1_467' title='bbox 2234 3061 2322 3116; x_wconf 90' lang='lat' dir='ltr'><strong>via</strong></span> <span class='ocrx_word' id='word_1_468' title='bbox 2350 3063 2596 3118; x_wconf 88' lang='lat' dir='ltr'><strong>veritatis</strong></span> <span class='ocrx_word' id='word_1_469' title='bbox 2623 3063 2964 3126; x_wconf 81' lang='lat' dir='ltr'><strong>oberrantes,</strong></span> <span class='ocrx_word' id='word_1_470' title='bbox 3007 3061 3185 3115; x_wconf 91' lang='lat' dir='ltr'><strong>denuo</strong></span> <span class='ocrx_word' id='word_1_471' title='bbox 3226 3059 3294 3114; x_wconf 88' lang='lat' dir='ltr'><strong>ad</strong></span> <span class='ocrx_word' id='word_1_472' title='bbox 3323 3074 3442 3112; x_wconf 87' lang='lat' dir='ltr'><strong>eam</strong></span> 
     </span>
    </p>
   </div>
   <div class='ocr_carea' id='block_1_60' title="bbox 167 3140 3451 3239">
    <p class='ocr_par' dir='ltr' id='par_1_60' title="bbox 167 3140 3451 3239">
     <span class='ocr_line' id='line_1_60' title="bbox 167 3140 3451 3239; baseline -0.002 -30"><span class='ocrx_word' id='word_1_473' title='bbox 167 3176 311 3231; x_wconf 68' lang='lat' dir='ltr'><strong>pare</strong></span> <span class='ocrx_word' id='word_1_474' title='bbox 351 3178 448 3233; x_wconf 79' lang='lat' dir='ltr'><strong>pro</strong></span> <span class='ocrx_word' id='word_1_475' title='bbox 477 3140 631 3228; x_wconf 69' lang='lat' dir='ltr'><strong>joab,</strong></span> <span class='ocrx_word' id='word_1_476' title='bbox 671 3163 922 3220; x_wconf 68' lang='lat' dir='ltr'><strong>videlicet</strong></span> <span class='ocrx_word' id='word_1_477' title='bbox 959 3166 1087 3235; x_wconf 76' lang='lat' dir='ltr'><strong>quid</strong></span> <span class='ocrx_word' id='word_1_478' title='bbox 1129 3177 1451 3235; x_wconf 55' lang='lat' dir='ltr'><strong>sequeretur</strong></span> <span class='ocrx_word' id='word_1_479' title='bbox 1491 3169 1762 3239; x_wconf 61' lang='lat' dir='ltr'><strong>ignorans,</strong></span> <span class='ocrx_word' id='word_1_480' title='bbox 1792 3140 1836 3202; x_wconf 71' lang='grc' dir='ltr'><strong>Ο</strong></span> <span class='ocrx_word' id='word_1_481' title='bbox 1870 3155 2046 3210; x_wconf 89' lang='lat' dir='ltr'><strong>redire</strong></span> <span class='ocrx_word' id='word_1_482' title='bbox 2095 3154 2466 3222; x_wconf 86' lang='lat' dir='ltr'><strong>dissimulant,</strong></span> <span class='ocrx_word' id='word_1_483' title='bbox 2527 3170 2636 3210; x_wconf 76' lang='lat' dir='ltr'><strong>non</strong></span> <span class='ocrx_word' id='word_1_484' title='bbox 2672 3162 2797 3209; x_wconf 92' lang='lat' dir='ltr'><strong>sunt</strong></span> <span class='ocrx_word' id='word_1_485' title='bbox 2843 3153 2989 3222; x_wconf 85' lang='lat' dir='ltr'><strong>digni</strong></span> <span class='ocrx_word' id='word_1_486' title='bbox 3049 3151 3451 3207; x_wconf 81' lang='lat' dir='ltr'><strong>cobahitationo</strong></span> 
     </span>
    </p>
   </div>
   <div class='ocr_carea' id='block_1_61' title="bbox 167 3241 3450 3326">
    <p class='ocr_par' dir='ltr' id='par_1_61' title="bbox 167 3241 3450 3326">
     <span class='ocr_line' id='line_1_61' title="bbox 167 3241 3450 3326; baseline -0.001 -24"><span class='ocrx_word' id='word_1_487' title='bbox 167 3254 319 3322; x_wconf 81' lang='lat' dir='ltr'><strong>Quia</strong></span> <span class='ocrx_word' id='word_1_488' title='bbox 367 3254 562 3312; x_wconf 69' lang='lat' dir='ltr'><strong>Amm</strong></span> <span class='ocrx_word' id='word_1_489' title='bbox 603 3255 743 3310; x_wconf 80' lang='lat' dir='ltr'><strong>idem</strong></span> <span class='ocrx_word' id='word_1_490' title='bbox 782 3271 888 3311; x_wconf 83' lang='lat' dir='ltr'><strong>non</strong></span> <span class='ocrx_word' id='word_1_491' title='bbox 929 3257 1098 3312; x_wconf 80' lang='lat' dir='ltr'><strong>solum</strong></span> <span class='ocrx_word' id='word_1_492' title='bbox 1148 3258 1506 3326; x_wconf 66' lang='lat' dir='ltr'><strong>principatum</strong></span> <span class='ocrx_word' id='word_1_493' title='bbox 1565 3259 1766 3315; x_wconf 63' lang='grc' dir='ltr'><strong>ηιίιίιῑω</strong></span> <span class='ocrx_word' id='word_1_494' title='bbox 1869 3246 2091 3314; x_wconf 89' lang='lat' dir='ltr'><strong>Christi,</strong></span> <span class='ocrx_word' id='word_1_495' title='bbox 2145 3247 2240 3302; x_wconf 91' lang='lat' dir='ltr'><strong>scd</strong></span> <span class='ocrx_word' id='word_1_496' title='bbox 2281 3246 2470 3312; x_wconf 88' lang='lat' dir='ltr'><strong>clausi,</strong></span> <span class='ocrx_word' id='word_1_497' title='bbox 2508 3245 2559 3300; x_wconf 91' lang='lat' dir='ltr'><strong>id</strong></span> <span class='ocrx_word' id='word_1_498' title='bbox 2609 3255 2692 3300; x_wconf 92' lang='lat' dir='ltr'><strong>est</strong></span> <span class='ocrx_word' id='word_1_499' title='bbox 2725 3245 2958 3314; x_wconf 88' lang='lat' dir='ltr'><strong>separati</strong></span> <span class='ocrx_word' id='word_1_500' title='bbox 3009 3252 3067 3299; x_wconf 91' lang='lat' dir='ltr'><strong>et</strong></span> <span class='ocrx_word' id='word_1_501' title='bbox 3102 3259 3134 3297; x_wconf 91' lang='lat' dir='ltr'><strong>a</strong></span> <span class='ocrx_word' id='word_1_502' title='bbox 3175 3241 3450 3298; x_wconf 90' lang='lat' dir='ltr'><strong>consortio</strong></span> 
     </span>
    </p>
   </div>
   <div class='ocr_carea' id='block_1_62' title="bbox 166 3334 3446 3418">
    <p class='ocr_par' dir='ltr' id='par_1_62' title="bbox 166 3334 3446 3418">
     <span class='ocr_line' id='line_1_62' title="bbox 166 3334 3446 3418; baseline -0.002 -20"><span class='ocrx_word' id='word_1_503' title='bbox 166 3358 278 3413; x_wconf 87' lang='lat' dir='ltr'><strong>pro</strong></span> <span class='ocrx_word' id='word_1_504' title='bbox 312 3343 446 3400; x_wconf 83' lang='lat' dir='ltr'><strong>Joab</strong></span> <span class='ocrx_word' id='word_1_505' title='bbox 487 3361 590 3399; x_wconf 91' lang='lat' dir='ltr'><strong>non</strong></span> <span class='ocrx_word' id='word_1_506' title='bbox 618 3346 936 3416; x_wconf 88' lang='lat' dir='ltr'><strong>susciperet,</strong></span> <span class='ocrx_word' id='word_1_507' title='bbox 968 3347 1062 3402; x_wconf 86' lang='lat' dir='ltr'><strong>sed</strong></span> <span class='ocrx_word' id='word_1_508' title='bbox 1096 3347 1258 3401; x_wconf 84' lang='lat' dir='ltr'><strong>etiam</strong></span> <span class='ocrx_word' id='word_1_509' title='bbox 1304 3357 1426 3417; x_wconf 89' lang='lat' dir='ltr'><strong>post</strong></span> <span class='ocrx_word' id='word_1_510' title='bbox 1463 3347 1599 3402; x_wconf 84' lang='lat' dir='ltr'><strong>Joab</strong></span> <span class='ocrx_word' id='word_1_511' title='bbox 1638 3365 1766 3418; x_wconf 79' lang='lat' dir='ltr'><strong>pau—</strong></span> <span class='ocrx_word' id='word_1_512' title='bbox 1867 3337 1983 3408; x_wconf 88' lang='lat' dir='ltr'><strong>ejus</strong></span> <span class='ocrx_word' id='word_1_513' title='bbox 2018 3339 2199 3405; x_wconf 88' lang='lat' dir='ltr'><strong>alieni,</strong></span> <span class='ocrx_word' id='word_1_514' title='bbox 2227 3346 2565 3410; x_wconf 88' lang='lat' dir='ltr'><strong>permanent.</strong></span> <span class='ocrx_word' id='word_1_515' title='bbox 2599 3337 2705 3394; x_wconf 88' lang='lat' dir='ltr'><strong>Sed</strong></span> <span class='ocrx_word' id='word_1_516' title='bbox 2733 3339 2971 3393; x_wconf 87' lang='lat' dir='ltr'><strong>clemens</strong></span> <span class='ocrx_word' id='word_1_517' title='bbox 2994 3336 3102 3401; x_wconf 88' lang='lat' dir='ltr'><strong>ille,</strong></span> <span class='ocrx_word' id='word_1_518' title='bbox 3139 3336 3231 3406; x_wconf 86' lang='lat' dir='ltr'><strong>qui</strong></span> <span class='ocrx_word' id='word_1_519' title='bbox 3277 3334 3446 3391; x_wconf 85' lang='lat' dir='ltr'><strong>solent</strong></span> 
     </span>
    </p>
   </div>
   <div class='ocr_carea' id='block_1_63' title="bbox 165 3425 3447 3506">
    <p class='ocr_par' dir='ltr' id='par_1_63' title="bbox 165 3425 3447 3506">
     <span class='ocr_line' id='line_1_63' title="bbox 165 3425 3447 3506; baseline -0.004 -14"><span class='ocrx_word' id='word_1_520' title='bbox 165 3435 352 3490; x_wconf 67' lang='lat' dir='ltr'><strong>Iulum</strong></span> <span class='ocrx_word' id='word_1_521' title='bbox 371 3435 542 3489; x_wconf 85' lang='lat' dir='ltr'><strong>vitam</strong></span> <span class='ocrx_word' id='word_1_522' title='bbox 562 3435 758 3491; x_wconf 90' lang='lat' dir='ltr'><strong>ﬁniret.</strong></span> <span class='ocrx_word' id='word_1_523' title='bbox 790 3436 1000 3492; x_wconf 88' lang='lat' dir='ltr'><strong>Etcum</strong></span> <span class='ocrx_word' id='word_1_524' title='bbox 1031 3437 1287 3506; x_wconf 87' lang='lat' dir='ltr'><strong>templum</strong></span> <span class='ocrx_word' id='word_1_525' title='bbox 1317 3437 1426 3492; x_wconf 90' lang='lat' dir='ltr'><strong>Deo</strong></span> <span class='ocrx_word' id='word_1_526' title='bbox 1451 3447 1766 3495; x_wconf 73' lang='lat' dir='ltr'><strong>construere</strong></span> <span class='ocrx_word' id='word_1_527' title='bbox 1866 3448 2022 3488; x_wconf 90' lang='lat' dir='ltr'><strong>suum</strong></span> <span class='ocrx_word' id='word_1_528' title='bbox 2062 3433 2193 3487; x_wconf 90' lang='lat' dir='ltr'><strong>oriri</strong></span> <span class='ocrx_word' id='word_1_529' title='bbox 2235 3431 2364 3488; x_wconf 81' lang='lat' dir='ltr'><strong>facit</strong></span> <span class='ocrx_word' id='word_1_530' title='bbox 2405 3447 2568 3502; x_wconf 89' lang='lat' dir='ltr'><strong>super</strong></span> <span class='ocrx_word' id='word_1_531' title='bbox 2610 3433 2778 3488; x_wconf 89' lang='lat' dir='ltr'><strong>honos</strong></span> <span class='ocrx_word' id='word_1_532' title='bbox 2819 3439 2874 3486; x_wconf 89' lang='lat' dir='ltr'><strong>et</strong></span> <span class='ocrx_word' id='word_1_533' title='bbox 2902 3430 3092 3494; x_wconf 88' lang='lat' dir='ltr'><strong>malos,</strong></span> <span class='ocrx_word' id='word_1_534' title='bbox 3124 3445 3230 3484; x_wconf 92' lang='lat' dir='ltr'><strong>non</strong></span> <span class='ocrx_word' id='word_1_535' title='bbox 3267 3425 3447 3490; x_wconf 74' lang='lat' dir='ltr'><strong>renuit</strong></span> 
     </span>
    </p>
   </div>
   <div class='ocr_carea' id='block_1_64' title="bbox 165 3521 3448 3600">
    <p class='ocr_par' dir='ltr' id='par_1_64' title="bbox 165 3521 3448 3600">
     <span class='ocr_line' id='line_1_64' title="bbox 165 3521 3448 3600; baseline -0 -23"><span class='ocrx_word' id='word_1_536' title='bbox 165 3524 375 3589; x_wconf 88' lang='lat' dir='ltr'><strong>voluit,</strong></span> <span class='ocrx_word' id='word_1_537' title='bbox 427 3525 553 3595; x_wconf 86' lang='lat' dir='ltr'><strong>quid</strong></span> <span class='ocrx_word' id='word_1_538' title='bbox 581 3541 612 3580; x_wconf 91' lang='lat' dir='ltr'><strong>e</strong></span> <span class='ocrx_word' id='word_1_539' title='bbox 647 3526 825 3581; x_wconf 90' lang='lat' dir='ltr'><strong>vicino</strong></span> <span class='ocrx_word' id='word_1_540' title='bbox 857 3537 1175 3598; x_wconf 87' lang='lat' dir='ltr'><strong>sequeretur</strong></span> <span class='ocrx_word' id='word_1_541' title='bbox 1209 3529 1476 3595; x_wconf 90' lang='lat' dir='ltr'><strong>nesciens,</strong></span> <span class='ocrx_word' id='word_1_542' title='bbox 1528 3531 1762 3600; x_wconf 86' lang='lat' dir='ltr'><strong>prophe-</strong></span> <span class='ocrx_word' id='word_1_543' title='bbox 1863 3523 2144 3579; x_wconf 88' lang='lat' dir='ltr'><strong>beneﬁciis</strong></span> <span class='ocrx_word' id='word_1_544' title='bbox 2192 3523 2307 3580; x_wconf 89' lang='lat' dir='ltr'><strong>suis</strong></span> <span class='ocrx_word' id='word_1_545' title='bbox 2351 3533 2562 3594; x_wconf 89' lang='lat' dir='ltr'><strong>pastum</strong></span> <span class='ocrx_word' id='word_1_546' title='bbox 2611 3524 2802 3579; x_wconf 88' lang='lat' dir='ltr'><strong>talibus</strong></span> <span class='ocrx_word' id='word_1_547' title='bbox 2832 3523 2884 3577; x_wconf 90' lang='lat' dir='ltr'><strong>in</strong></span> <span class='ocrx_word' id='word_1_548' title='bbox 2917 3523 3018 3576; x_wconf 92' lang='lat' dir='ltr'><strong>boc</strong></span> <span class='ocrx_word' id='word_1_549' title='bbox 3065 3521 3265 3574; x_wconf 91' lang='lat' dir='ltr'><strong>mundo</strong></span> <span class='ocrx_word' id='word_1_550' title='bbox 3312 3531 3448 3588; x_wconf 68' lang='lat' dir='ltr'><strong>prter</strong></span> 
     </span>
    </p>
   </div>
   <div class='ocr_carea' id='block_1_65' title="bbox 169 3607 3448 3690">
    <p class='ocr_par' dir='ltr' id='par_1_65' title="bbox 169 3607 3448 3690">
     <span class='ocr_line' id='line_1_65' title="bbox 169 3607 3448 3690; baseline -0.003 -17"><span class='ocrx_word' id='word_1_551' title='bbox 169 3629 296 3674; x_wconf 85' lang='lat' dir='ltr'><strong>tam</strong></span> <span class='ocrx_word' id='word_1_552' title='bbox 350 3619 579 3674; x_wconf 88' lang='lat' dir='ltr'><strong>alterum</strong></span> <span class='ocrx_word' id='word_1_553' title='bbox 631 3621 933 3690; x_wconf 84' lang='lat' dir='ltr'><strong>requisivit.</strong></span> <span class='ocrx_word' id='word_1_554' title='bbox 997 3641 1016 3672; x_wconf 85' lang='grc'><em>‹</em></span> <span class='ocrx_word' id='word_1_555' title='bbox 1080 3621 1236 3676; x_wconf 77' lang='lat' dir='ltr'><strong>venit</strong></span> <span class='ocrx_word' id='word_1_556' title='bbox 1282 3636 1414 3690; x_wconf 79' lang='lat' dir='ltr'><strong>ergo</strong></span> <span class='ocrx_word' id='word_1_557' title='bbox 1458 3637 1554 3676; x_wconf 63' lang='lat' dir='ltr'><strong>rex</strong></span> <span class='ocrx_word' id='word_1_558' title='bbox 1595 3623 1763 3677; x_wconf 72' lang='lat' dir='ltr'><strong>David</strong></span> <span class='ocrx_word' id='word_1_559' title='bbox 1866 3611 2015 3676; x_wconf 87' lang='lat' dir='ltr'><strong>bere,</strong></span> <span class='ocrx_word' id='word_1_560' title='bbox 2066 3622 2126 3666; x_wconf 85' lang='lat' dir='ltr'><strong>ut</strong></span> <span class='ocrx_word' id='word_1_561' title='bbox 2177 3627 2273 3683; x_wconf 89' lang='lat' dir='ltr'><strong>per</strong></span> <span class='ocrx_word' id='word_1_562' title='bbox 2310 3613 2504 3669; x_wconf 88' lang='lat' dir='ltr'><strong>collata</strong></span> <span class='ocrx_word' id='word_1_563' title='bbox 2553 3612 2814 3669; x_wconf 88' lang='lat' dir='ltr'><strong>beneﬁcia</strong></span> <span class='ocrx_word' id='word_1_564' title='bbox 2861 3611 3204 3668; x_wconf 85' lang='lat' dir='ltr'><strong>occasionem</strong></span> <span class='ocrx_word' id='word_1_565' title='bbox 3241 3607 3448 3664; x_wconf 87' lang='lat' dir='ltr'><strong>tribuat</strong></span> 
     </span>
    </p>
   </div>
   <div class='ocr_carea' id='block_1_66' title="bbox 171 3703 2235 3782">
    <p class='ocr_par' dir='ltr' id='par_1_66' title="bbox 171 3703 2235 3782">
     <span class='ocr_line' id='line_1_66' title="bbox 171 3703 2235 3782; baseline -0.002 -17"><span class='ocrx_word' id='word_1_566' title='bbox 171 3726 355 3782; x_wconf 87' lang='lat' dir='ltr'><strong>usque</strong></span> <span class='ocrx_word' id='word_1_567' title='bbox 378 3710 652 3765; x_wconf 85' lang='lat' dir='ltr'><strong>Baburim.</strong></span> <span class='ocrx_word' id='word_1_568' title='bbox 697 3711 836 3764; x_wconf 87' lang='lat' dir='ltr'><strong>Ecce</strong></span> <span class='ocrx_word' id='word_1_569' title='bbox 868 3710 1249 3781; x_wconf 87' lang='lat' dir='ltr'><strong>egrediebatur</strong></span> <span class='ocrx_word' id='word_1_570' title='bbox 1286 3710 1411 3765; x_wconf 90' lang='lat' dir='ltr'><strong>inde</strong></span> <span class='ocrx_word' id='word_1_571' title='bbox 1434 3711 1517 3764; x_wconf 89' lang='lat' dir='ltr'><strong>vir</strong></span> <span class='ocrx_word' id='word_1_572' title='bbox 1560 3711 1626 3765; x_wconf 89' lang='lat' dir='ltr'><strong>de</strong></span> <span class='ocrx_word' id='word_1_573' title='bbox 1663 3726 1760 3764; x_wconf 85' lang='lat' dir='ltr'><strong>co-</strong></span> <span class='ocrx_word' id='word_1_574' title='bbox 1866 3703 2235 3758; x_wconf 77' lang='lat' dir='ltr'><strong>convertendi.</strong></span> 
     </span>
    </p>
   </div>
   <div class='ocr_carea' id='block_1_67' title="bbox 169 3801 1759 3875">
    <p class='ocr_par' dir='ltr' id='par_1_67' title="bbox 169 3801 1759 3875">
     <span class='ocr_line' id='line_1_67' title="bbox 169 3801 1759 3875; baseline -0.001 -17"><span class='ocrx_word' id='word_1_575' title='bbox 169 3805 434 3875; x_wconf 83' lang='lat' dir='ltr'><strong>gnatione</strong></span> <span class='ocrx_word' id='word_1_576' title='bbox 479 3804 669 3858; x_wconf 91' lang='lat' dir='ltr'><strong>domus</strong></span> <span class='ocrx_word' id='word_1_577' title='bbox 711 3801 866 3868; x_wconf 87' lang='lat' dir='ltr'><strong>Saul,</strong></span> <span class='ocrx_word' id='word_1_578' title='bbox 902 3802 1121 3858; x_wconf 91' lang='lat' dir='ltr'><strong>nomine</strong></span> <span class='ocrx_word' id='word_1_579' title='bbox 1159 3801 1357 3866; x_wconf 87' lang='lat' dir='ltr'><strong>Semei,</strong></span> <span class='ocrx_word' id='word_1_580' title='bbox 1411 3802 1552 3857; x_wconf 89' lang='lat' dir='ltr'><strong>ﬁlius</strong></span> <span class='ocrx_word' id='word_1_581' title='bbox 1599 3801 1759 3868; x_wconf 90' lang='lat' dir='ltr'><strong>Bera,</strong></span> 
     </span>
    </p>
   </div>
   <div class='ocr_carea' id='block_1_68' title="bbox 167 3893 1761 3964">
    <p class='ocr_par' dir='ltr' id='par_1_68' title="bbox 167 3893 1761 3964">
     <span class='ocr_line' id='line_1_68' title="bbox 167 3893 1761 3964; baseline 0.001 -15"><span class='ocrx_word' id='word_1_582' title='bbox 167 3902 223 3949; x_wconf 89' lang='lat' dir='ltr'><strong>et</strong></span> <span class='ocrx_word' id='word_1_583' title='bbox 255 3893 633 3958; x_wconf 88' lang='lat' dir='ltr'><strong>maledicebat,</strong></span> <span class='ocrx_word' id='word_1_584' title='bbox 671 3912 689 3944; x_wconf 80' lang='grc' dir='ltr'><strong><em>ι</em></strong></span> <span class='ocrx_word' id='word_1_585' title='bbox 718 3893 906 3958; x_wconf 89' lang='lat' dir='ltr'><strong>David,</strong></span> <span class='ocrx_word' id='word_1_586' title='bbox 940 3901 1072 3959; x_wconf 91' lang='lat' dir='ltr'><strong>etc.,</strong></span> <span class='ocrx_word' id='word_1_587' title='bbox 1093 3909 1266 3964; x_wconf 91' lang='lat' dir='ltr'><strong>usque</strong></span> <span class='ocrx_word' id='word_1_588' title='bbox 1293 3910 1401 3964; x_wconf 91' lang='lat' dir='ltr'><strong>quo</strong></span> <span class='ocrx_word' id='word_1_589' title='bbox 1431 3895 1543 3950; x_wconf 88' lang='lat' dir='ltr'><strong>ait:</strong></span> <span class='ocrx_word' id='word_1_590' title='bbox 1573 3913 1592 3947; x_wconf 75' lang='grc' dir='ltr'>ι</span> <span class='ocrx_word' id='word_1_591' title='bbox 1621 3895 1761 3963; x_wconf 83' lang='lat' dir='ltr'><strong>Quid</strong></span> 
     </span>
    </p>
   </div>
   <div class='ocr_carea' id='block_1_69' title="bbox 170 3985 1761 4051">
    <p class='ocr_par' dir='ltr' id='par_1_69' title="bbox 170 3985 1761 4051">
     <span class='ocr_line' id='line_1_69' title="bbox 170 3985 1761 4051; baseline 0.003 -11"><span class='ocrx_word' id='word_1_592' title='bbox 170 3987 314 4040; x_wconf 87' lang='lat' dir='ltr'><strong>mihi</strong></span> <span class='ocrx_word' id='word_1_593' title='bbox 345 3995 399 4039; x_wconf 89' lang='lat' dir='ltr'><strong>et</strong></span> <span class='ocrx_word' id='word_1_594' title='bbox 419 3985 588 4050; x_wconf 90' lang='lat' dir='ltr'><strong>vobis,</strong></span> <span class='ocrx_word' id='word_1_595' title='bbox 643 3985 742 4040; x_wconf 88' lang='lat' dir='ltr'><strong>ﬁlii</strong></span> <span class='ocrx_word' id='word_1_596' title='bbox 771 3985 1002 4051; x_wconf 74' lang='lat' dir='ltr'><strong>Sat-vim,</strong></span> <span class='ocrx_word' id='word_1_597' title='bbox 1044 4002 1143 4042; x_wconf 91' lang='lat' dir='ltr'><strong>cur</strong></span> <span class='ocrx_word' id='word_1_598' title='bbox 1163 3985 1469 4042; x_wconf 85' lang='lat' dir='ltr'><strong>eﬁiciamini</strong></span> <span class='ocrx_word' id='word_1_599' title='bbox 1494 3987 1628 4042; x_wconf 90' lang='lat' dir='ltr'><strong>mihi</strong></span> <span class='ocrx_word' id='word_1_600' title='bbox 1659 3989 1761 4045; x_wconf 90' lang='lat' dir='ltr'><strong>bo-</strong></span> 
     </span>
    </p>
   </div>
   <div class='ocr_carea' id='block_1_70' title="bbox 170 4078 1759 4150">
    <p class='ocr_par' dir='ltr' id='par_1_70' title="bbox 170 4078 1759 4150">
     <span class='ocr_line' id='line_1_70' title="bbox 170 4078 1759 4150; baseline 0.004 -16"><span class='ocrx_word' id='word_1_601' title='bbox 170 4081 258 4135; x_wconf 91' lang='lat' dir='ltr'><strong>die</strong></span> <span class='ocrx_word' id='word_1_602' title='bbox 292 4078 345 4133; x_wconf 90' lang='lat' dir='ltr'><strong>in</strong></span> <span class='ocrx_word' id='word_1_603' title='bbox 378 4079 585 4133; x_wconf 87' lang='lat' dir='ltr'><strong>Satan?</strong></span> <span class='ocrx_word' id='word_1_604' title='bbox 618 4079 840 4134; x_wconf 90' lang='lat' dir='ltr'><strong>Dimitte</strong></span> <span class='ocrx_word' id='word_1_605' title='bbox 867 4094 1012 4134; x_wconf 89' lang='lat' dir='ltr'><strong>eum.</strong></span> <span class='ocrx_word' id='word_1_606' title='bbox 1060 4098 1078 4131; x_wconf 74' lang='grc'><strong>»</strong></span> <span class='ocrx_word' id='word_1_607' title='bbox 1119 4079 1360 4136; x_wconf 82' lang='lat' dir='ltr'><strong>Perfecta</strong></span> <span class='ocrx_word' id='word_1_608' title='bbox 1387 4082 1646 4150; x_wconf 89' lang='lat' dir='ltr'><strong>patientia</strong></span> <span class='ocrx_word' id='word_1_609' title='bbox 1671 4083 1759 4141; x_wconf 85' lang='lat' dir='ltr'><strong>illa</strong></span> 
     </span>
    </p>
   </div>
   <div class='ocr_carea' id='block_1_71' title="bbox 169 4169 1761 4242">
    <p class='ocr_par' dir='ltr' id='par_1_71' title="bbox 169 4169 1761 4242">
     <span class='ocr_line' id='line_1_71' title="bbox 169 4169 1761 4242; baseline 0.005 -18"><span class='ocrx_word' id='word_1_610' title='bbox 169 4180 254 4225; x_wconf 89' lang='lat' dir='ltr'><strong>est</strong></span> <span class='ocrx_word' id='word_1_611' title='bbox 293 4185 414 4222; x_wconf 88' lang='lat' dir='ltr'><strong>eum</strong></span> <span class='ocrx_word' id='word_1_612' title='bbox 444 4169 674 4224; x_wconf 86' lang='lat' dir='ltr'><strong>libenter</strong></span> <span class='ocrx_word' id='word_1_613' title='bbox 718 4170 1008 4235; x_wconf 88' lang='lat' dir='ltr'><strong>sustinere,</strong></span> <span class='ocrx_word' id='word_1_614' title='bbox 1060 4171 1145 4225; x_wconf 89' lang='lat' dir='ltr'><strong>cui</strong></span> <span class='ocrx_word' id='word_1_615' title='bbox 1184 4170 1344 4226; x_wconf 89' lang='lat' dir='ltr'><strong>facile</strong></span> <span class='ocrx_word' id='word_1_616' title='bbox 1375 4173 1498 4242; x_wconf 91' lang='lat' dir='ltr'><strong>quis</strong></span> <span class='ocrx_word' id='word_1_617' title='bbox 1535 4175 1761 4232; x_wconf 85' lang='lat' dir='ltr'><strong>reddere</strong></span> 
     </span>
    </p>
   </div>
   <div class='ocr_carea' id='block_1_72' title="bbox 166 4261 1759 4336">
    <p class='ocr_par' dir='ltr' id='par_1_72' title="bbox 166 4261 1759 4336">
     <span class='ocr_line' id='line_1_72' title="bbox 166 4261 1759 4336; baseline 0.003 -20"><span class='ocrx_word' id='word_1_618' title='bbox 166 4262 430 4316; x_wconf 85' lang='lat' dir='ltr'><strong>talionem</strong></span> <span class='ocrx_word' id='word_1_619' title='bbox 477 4267 654 4330; x_wconf 88' lang='lat' dir='ltr'><strong>potest</strong></span> <span class='ocrx_word' id='word_1_620' title='bbox 694 4277 706 4314; x_wconf 92' lang='lat'>:</span> <span class='ocrx_word' id='word_1_621' title='bbox 749 4262 894 4316; x_wconf 88' lang='lat' dir='ltr'><strong>sicut</strong></span> <span class='ocrx_word' id='word_1_622' title='bbox 927 4261 980 4315; x_wconf 93' lang='lat' dir='ltr'><strong>in</strong></span> <span class='ocrx_word' id='word_1_623' title='bbox 1024 4261 1191 4316; x_wconf 83' lang='lat' dir='ltr'><strong>David</strong></span> <span class='ocrx_word' id='word_1_624' title='bbox 1241 4270 1458 4317; x_wconf 91' lang='lat' dir='ltr'><strong>ostensa</strong></span> <span class='ocrx_word' id='word_1_625' title='bbox 1511 4271 1617 4330; x_wconf 83' lang='lat' dir='ltr'><strong>est,</strong></span> <span class='ocrx_word' id='word_1_626' title='bbox 1667 4267 1759 4336; x_wconf 93' lang='lat' dir='ltr'><strong>qui</strong></span> 
     </span>
    </p>
   </div>
   <div class='ocr_carea' id='block_1_73' title="bbox 168 4351 1758 4425">
    <p class='ocr_par' dir='ltr' id='par_1_73' title="bbox 168 4351 1758 4425">
     <span class='ocr_line' id='line_1_73' title="bbox 168 4351 1758 4425; baseline 0.006 -21"><span class='ocrx_word' id='word_1_627' title='bbox 168 4351 636 4422; x_wconf 85' lang='lat' dir='ltr'><strong>blasphemantem</strong></span> <span class='ocrx_word' id='word_1_628' title='bbox 680 4366 738 4406; x_wconf 88' lang='lat' dir='ltr'><strong>se</strong></span> <span class='ocrx_word' id='word_1_629' title='bbox 779 4352 956 4406; x_wconf 88' lang='lat' dir='ltr'><strong>Semei</strong></span> <span class='ocrx_word' id='word_1_630' title='bbox 1007 4353 1180 4422; x_wconf 87' lang='lat' dir='ltr'><strong>magis</strong></span> <span class='ocrx_word' id='word_1_631' title='bbox 1225 4353 1430 4408; x_wconf 89' lang='lat' dir='ltr'><strong>studuit</strong></span> <span class='ocrx_word' id='word_1_632' title='bbox 1485 4356 1758 4425; x_wconf 88' lang='lat' dir='ltr'><strong>patienter</strong></span> 
     </span>
    </p>
   </div>
   <div class='ocr_carea' id='block_1_74' title="bbox 169 4439 1758 4518">
    <p class='ocr_par' dir='ltr' id='par_1_74' title="bbox 169 4439 1758 4518">
     <span class='ocr_line' id='line_1_74' title="bbox 169 4439 1758 4518; baseline 0.009 -24"><span class='ocrx_word' id='word_1_633' title='bbox 169 4439 320 4496; x_wconf 86' lang='lat' dir='ltr'><strong>ferre</strong></span> <span class='ocrx_word' id='word_1_634' title='bbox 369 4457 528 4510; x_wconf 88' lang='lat' dir='ltr'><strong>quam</strong></span> <span class='ocrx_word' id='word_1_635' title='bbox 557 4441 744 4497; x_wconf 90' lang='lat' dir='ltr'><strong>ulcisci</strong></span> <span class='ocrx_word' id='word_1_636' title='bbox 777 4461 790 4496; x_wconf 87' lang='lat'><strong>:</strong></span> <span class='ocrx_word' id='word_1_637' title='bbox 821 4459 942 4499; x_wconf 90' lang='lat' dir='ltr'><strong>cum</strong></span> <span class='ocrx_word' id='word_1_638' title='bbox 964 4459 1086 4499; x_wconf 88' lang='lat' dir='ltr'><strong>eum</strong></span> <span class='ocrx_word' id='word_1_639' title='bbox 1135 4454 1214 4500; x_wconf 92' lang='lat' dir='ltr'><strong>tot</strong></span> <span class='ocrx_word' id='word_1_640' title='bbox 1241 4447 1388 4502; x_wconf 88' lang='lat' dir='ltr'><strong>vitiis</strong></span> <span class='ocrx_word' id='word_1_641' title='bbox 1415 4457 1650 4518; x_wconf 80' lang='lat' dir='ltr'><strong>urgeret,</strong></span> <span class='ocrx_word' id='word_1_642' title='bbox 1700 4460 1758 4507; x_wconf 89' lang='lat' dir='ltr'><strong>et</strong></span> 
     </span>
    </p>
   </div>
   <div class='ocr_carea' id='block_1_75' title="bbox 170 4533 1755 4609">
    <p class='ocr_par' dir='ltr' id='par_1_75' title="bbox 170 4533 1755 4609">
     <span class='ocr_line' id='line_1_75' title="bbox 170 4533 1755 4609; baseline 0.007 -23"><span class='ocrx_word' id='word_1_643' title='bbox 170 4533 371 4588; x_wconf 87' lang='lat' dir='ltr'><strong>armati</strong></span> <span class='ocrx_word' id='word_1_644' title='bbox 416 4548 668 4603; x_wconf 89' lang='lat' dir='ltr'><strong>proceres</strong></span> <span class='ocrx_word' id='word_1_645' title='bbox 696 4533 883 4590; x_wconf 84' lang='lat' dir='ltr'><strong>ulcisci</strong></span> <span class='ocrx_word' id='word_1_646' title='bbox 921 4537 1331 4603; x_wconf 84' lang='lat' dir='ltr'><strong>contenderent,</strong></span> <span class='ocrx_word' id='word_1_647' title='bbox 1377 4539 1500 4595; x_wconf 88' lang='lat' dir='ltr'><strong>ait:</strong></span> <span class='ocrx_word' id='word_1_648' title='bbox 1555 4559 1573 4592; x_wconf 74' lang='grc' dir='ltr'>ι</span> <span class='ocrx_word' id='word_1_649' title='bbox 1615 4541 1755 4609; x_wconf 85' lang='lat' dir='ltr'><strong>Quid</strong></span> 
     </span>
    </p>
   </div>
   <div class='ocr_carea' id='block_1_76' title="bbox 169 4624 1754 4687">
    <p class='ocr_par' dir='ltr' id='par_1_76' title="bbox 169 4624 1754 4687">
     <span class='ocr_line' id='line_1_76' title="bbox 169 4624 1754 4687; baseline 0.005 -8"><span class='ocrx_word' id='word_1_650' title='bbox 169 4625 306 4679; x_wconf 86' lang='lat' dir='ltr'><strong>mihi</strong></span> <span class='ocrx_word' id='word_1_651' title='bbox 339 4634 392 4679; x_wconf 88' lang='lat' dir='ltr'><strong>et</strong></span> <span class='ocrx_word' id='word_1_652' title='bbox 420 4624 588 4687; x_wconf 85' lang='lat' dir='ltr'><strong>vobis,</strong></span> <span class='ocrx_word' id='word_1_653' title='bbox 616 4624 710 4679; x_wconf 89' lang='lat' dir='ltr'><strong>ﬁlii</strong></span> <span class='ocrx_word' id='word_1_654' title='bbox 739 4625 984 4680; x_wconf 76' lang='lat' dir='ltr'><strong>Sarvim?</strong></span> <span class='ocrx_word' id='word_1_655' title='bbox 1031 4626 1296 4684; x_wconf 89' lang='lat' dir='ltr'><strong>Dimittite</strong></span> <span class='ocrx_word' id='word_1_656' title='bbox 1339 4645 1460 4684; x_wconf 90' lang='lat' dir='ltr'><strong>eum</strong></span> <span class='ocrx_word' id='word_1_657' title='bbox 1502 4639 1562 4683; x_wconf 87' lang='lat' dir='ltr'><strong>ut</strong></span> <span class='ocrx_word' id='word_1_658' title='bbox 1588 4632 1754 4687; x_wconf 87' lang='lat' dir='ltr'><strong>male-</strong></span> 
     </span>
    </p>
   </div>
   <div class='ocr_carea' id='block_1_77' title="bbox 171 4715 1758 4790">
    <p class='ocr_par' dir='ltr' id='par_1_77' title="bbox 171 4715 1758 4790">
     <span class='ocr_line' id='line_1_77' title="bbox 171 4715 1758 4790; baseline 0.004 -20"><span class='ocrx_word' id='word_1_659' title='bbox 171 4717 324 4771; x_wconf 86' lang='lat' dir='ltr'><strong>dicat</strong></span> <span class='ocrx_word' id='word_1_660' title='bbox 357 4715 513 4784; x_wconf 81' lang='lat' dir='ltr'><strong>juxta</strong></span> <span class='ocrx_word' id='word_1_661' title='bbox 565 4725 891 4786; x_wconf 70' lang='lat' dir='ltr'><strong>prarceptum</strong></span> <span class='ocrx_word' id='word_1_662' title='bbox 943 4718 1174 4783; x_wconf 88' lang='lat' dir='ltr'><strong>Domini,</strong></span> <span class='ocrx_word' id='word_1_663' title='bbox 1223 4719 1266 4774; x_wconf 91' lang='lat' dir='ltr'><strong>si</strong></span> <span class='ocrx_word' id='word_1_664' title='bbox 1303 4719 1443 4774; x_wconf 90' lang='lat' dir='ltr'><strong>forte</strong></span> <span class='ocrx_word' id='word_1_665' title='bbox 1501 4723 1758 4790; x_wconf 87' lang='lat' dir='ltr'><strong>respiciat</strong></span> 
     </span>
    </p>
   </div>
   <div class='ocr_carea' id='block_1_78' title="bbox 171 4807 1754 4874">
    <p class='ocr_par' dir='ltr' id='par_1_78' title="bbox 171 4807 1754 4874">
     <span class='ocr_line' id='line_1_78' title="bbox 171 4807 1754 4874; baseline 0.006 -13"><span class='ocrx_word' id='word_1_666' title='bbox 171 4807 432 4862; x_wconf 88' lang='lat' dir='ltr'><strong>Dominus</strong></span> <span class='ocrx_word' id='word_1_667' title='bbox 458 4810 523 4862; x_wconf 88' lang='lat' dir='ltr'><strong>ad</strong></span> <span class='ocrx_word' id='word_1_668' title='bbox 555 4807 897 4863; x_wconf 77' lang='lat' dir='ltr'><strong>alﬁictionem</strong></span> <span class='ocrx_word' id='word_1_669' title='bbox 938 4825 1136 4874; x_wconf 87' lang='lat' dir='ltr'><strong>meam,</strong></span> <span class='ocrx_word' id='word_1_670' title='bbox 1167 4820 1222 4865; x_wconf 90' lang='lat' dir='ltr'><strong>et</strong></span> <span class='ocrx_word' id='word_1_671' title='bbox 1261 4812 1612 4872; x_wconf 81' lang='lat' dir='ltr'><strong>reddatmihi</strong></span> <span class='ocrx_word' id='word_1_672' title='bbox 1658 4817 1754 4871; x_wconf 88' lang='lat' dir='ltr'><strong>bo-</strong></span> 
     </span>
    </p>
   </div>
   <div class='ocr_carea' id='block_1_79' title="bbox 171 4899 1754 4974">
    <p class='ocr_par' dir='ltr' id='par_1_79' title="bbox 171 4899 1754 4974">
     <span class='ocr_line' id='line_1_79' title="bbox 171 4899 1754 4974; baseline 0.006 -22"><span class='ocrx_word' id='word_1_673' title='bbox 171 4913 305 4954; x_wconf 90' lang='lat' dir='ltr'><strong>num</strong></span> <span class='ocrx_word' id='word_1_674' title='bbox 335 4914 433 4968; x_wconf 90' lang='lat' dir='ltr'><strong>pro</strong></span> <span class='ocrx_word' id='word_1_675' title='bbox 459 4899 836 4954; x_wconf 88' lang='lat' dir='ltr'><strong>maledictione</strong></span> <span class='ocrx_word' id='word_1_676' title='bbox 861 4901 964 4954; x_wconf 86' lang='lat' dir='ltr'><strong>hac</strong></span> <span class='ocrx_word' id='word_1_677' title='bbox 1003 4902 1284 4956; x_wconf 82' lang='lat' dir='ltr'><strong>hodierna.</strong></span> <span class='ocrx_word' id='word_1_678' title='bbox 1332 4921 1350 4954; x_wconf 82' lang='grc'>›</span> <span class='ocrx_word' id='word_1_679' title='bbox 1397 4904 1603 4970; x_wconf 87' lang='lat' dir='ltr'><strong>Quibus</strong></span> <span class='ocrx_word' id='word_1_680' title='bbox 1629 4921 1754 4974; x_wconf 83' lang='lat' dir='ltr'><strong>pro-</strong></span> 
     </span>
    </p>
   </div>
   <div class='ocr_carea' id='block_1_80' title="bbox 173 4990 1751 5066">
    <p class='ocr_par' dir='ltr' id='par_1_80' title="bbox 173 4990 1751 5066">
     <span class='ocr_line' id='line_1_80' title="bbox 173 4990 1751 5066; baseline 0.008 -22"><span class='ocrx_word' id='word_1_681' title='bbox 173 4990 317 5047; x_wconf 86' lang='lat' dir='ltr'><strong>fecto</strong></span> <span class='ocrx_word' id='word_1_682' title='bbox 343 4994 525 5048; x_wconf 87' lang='lat' dir='ltr'><strong>verbis</strong></span> <span class='ocrx_word' id='word_1_683' title='bbox 553 4993 774 5059; x_wconf 89' lang='lat' dir='ltr'><strong>indicat,</strong></span> <span class='ocrx_word' id='word_1_684' title='bbox 822 4995 948 5063; x_wconf 91' lang='lat' dir='ltr'><strong>quia</strong></span> <span class='ocrx_word' id='word_1_685' title='bbox 978 5010 1078 5065; x_wconf 92' lang='lat' dir='ltr'><strong>pro</strong></span> <span class='ocrx_word' id='word_1_686' title='bbox 1107 5004 1416 5066; x_wconf 90' lang='lat' dir='ltr'><strong>perpetrato</strong></span> <span class='ocrx_word' id='word_1_687' title='bbox 1450 4997 1751 5056; x_wconf 87' lang='lat' dir='ltr'><strong>Betbsabee</strong></span> 
     </span>
    </p>
   </div>
   <div class='ocr_carea' id='block_1_81' title="bbox 173 5083 1755 5157">
    <p class='ocr_par' dir='ltr' id='par_1_81' title="bbox 173 5083 1755 5157">
     <span class='ocr_line' id='line_1_81' title="bbox 173 5083 1755 5157; baseline 0.004 -20"><span class='ocrx_word' id='word_1_688' title='bbox 173 5083 400 5149; x_wconf 81' lang='lat' dir='ltr'><strong>scelere,</strong></span> <span class='ocrx_word' id='word_1_689' title='bbox 455 5093 836 5156; x_wconf 76' lang='lat' dir='ltr'><strong>exsurgentem</strong></span> <span class='ocrx_word' id='word_1_690' title='bbox 876 5095 1062 5140; x_wconf 89' lang='lat' dir='ltr'><strong>contra</strong></span> <span class='ocrx_word' id='word_1_691' title='bbox 1091 5100 1150 5140; x_wconf 91' lang='lat' dir='ltr'><strong>se</strong></span> <span class='ocrx_word' id='word_1_692' title='bbox 1184 5085 1352 5141; x_wconf 89' lang='lat' dir='ltr'><strong>ﬁlium</strong></span> <span class='ocrx_word' id='word_1_693' title='bbox 1382 5085 1612 5157; x_wconf 80' lang='lat' dir='ltr'><strong>fugiens,</strong></span> <span class='ocrx_word' id='word_1_694' title='bbox 1670 5103 1755 5144; x_wconf 90' lang='lat' dir='ltr'><strong>rc-</strong></span> 
     </span>
    </p>
   </div>
   <div class='ocr_carea' id='block_1_82' title="bbox 175 5171 1755 5252">
    <p class='ocr_par' dir='ltr' id='par_1_82' title="bbox 175 5171 1755 5252">
     <span class='ocr_line' id='line_1_82' title="bbox 175 5171 1755 5252; baseline 0.007 -26"><span class='ocrx_word' id='word_1_695' title='bbox 175 5171 325 5228; x_wconf 79' lang='lat' dir='ltr'><strong>duxit</strong></span> <span class='ocrx_word' id='word_1_696' title='bbox 356 5174 422 5228; x_wconf 89' lang='lat' dir='ltr'><strong>ad</strong></span> <span class='ocrx_word' id='word_1_697' title='bbox 452 5175 688 5230; x_wconf 84' lang='lat' dir='ltr'><strong>animum</strong></span> <span class='ocrx_word' id='word_1_698' title='bbox 722 5177 920 5230; x_wconf 92' lang='lat' dir='ltr'><strong>malum</strong></span> <span class='ocrx_word' id='word_1_699' title='bbox 948 5177 1090 5246; x_wconf 89' lang='lat' dir='ltr'><strong>quod</strong></span> <span class='ocrx_word' id='word_1_700' title='bbox 1113 5180 1466 5248; x_wconf 89' lang='lat' dir='ltr'><strong>perpetravit,</strong></span> <span class='ocrx_word' id='word_1_701' title='bbox 1491 5190 1550 5234; x_wconf 88' lang='lat' dir='ltr'><strong>ct</strong></span> <span class='ocrx_word' id='word_1_702' title='bbox 1577 5197 1755 5252; x_wconf 65' lang='lat' dir='ltr'><strong>aequa-</strong></span> 
     </span>
    </p>
   </div>
   <div class='ocr_carea' id='block_1_83' title="bbox 174 5265 1754 5338">
    <p class='ocr_par' dir='ltr' id='par_1_83' title="bbox 174 5265 1754 5338">
     <span class='ocr_line' id='line_1_83' title="bbox 174 5265 1754 5338; baseline 0.005 -20"><span class='ocrx_word' id='word_1_703' title='bbox 174 5265 396 5321; x_wconf 91' lang='lat' dir='ltr'><strong>nimiter</strong></span> <span class='ocrx_word' id='word_1_704' title='bbox 429 5266 650 5338; x_wconf 88' lang='lat' dir='ltr'><strong>pertulit</strong></span> <span class='ocrx_word' id='word_1_705' title='bbox 683 5269 824 5336; x_wconf 87' lang='lat' dir='ltr'><strong>quod</strong></span> <span class='ocrx_word' id='word_1_706' title='bbox 849 5269 1072 5331; x_wconf 87' lang='lat' dir='ltr'><strong>audivit,</strong></span> <span class='ocrx_word' id='word_1_707' title='bbox 1097 5277 1151 5322; x_wconf 91' lang='lat' dir='ltr'><strong>et</strong></span> <span class='ocrx_word' id='word_1_708' title='bbox 1179 5270 1562 5326; x_wconf 84' lang='lat' dir='ltr'><strong>contumeliosa</strong></span> <span class='ocrx_word' id='word_1_709' title='bbox 1590 5274 1754 5328; x_wconf 90' lang='lat' dir='ltr'><strong>verba</strong></span> 
     </span>
    </p>
   </div>
   <div class='ocr_carea' id='block_1_84' title="bbox 175 5357 1761 5430">
    <p class='ocr_par' dir='ltr' id='par_1_84' title="bbox 175 5357 1761 5430">
     <span class='ocr_line' id='line_1_84' title="bbox 175 5357 1761 5430; baseline 0.008 -25"><span class='ocrx_word' id='word_1_710' title='bbox 175 5366 281 5408; x_wconf 88' lang='lat' dir='ltr'><strong>non</strong></span> <span class='ocrx_word' id='word_1_711' title='bbox 309 5364 418 5409; x_wconf 85' lang='lat' dir='ltr'><strong>tam</strong></span> <span class='ocrx_word' id='word_1_712' title='bbox 467 5357 708 5410; x_wconf 83' lang='lat' dir='ltr'><strong>convicia</strong></span> <span class='ocrx_word' id='word_1_713' title='bbox 755 5373 916 5427; x_wconf 89' lang='lat' dir='ltr'><strong>quam</strong></span> <span class='ocrx_word' id='word_1_714' title='bbox 963 5357 1226 5425; x_wconf 87' lang='lat' dir='ltr'><strong>adjutoria</strong></span> <span class='ocrx_word' id='word_1_715' title='bbox 1267 5360 1515 5423; x_wconf 87' lang='lat' dir='ltr'><strong>credidit,</strong></span> <span class='ocrx_word' id='word_1_716' title='bbox 1562 5362 1761 5430; x_wconf 89' lang='lat' dir='ltr'><strong>quibus</strong></span> 
     </span>
    </p>
   </div>
   <div class='ocr_carea' id='block_1_85' title="bbox 175 5447 1755 5518">
    <p class='ocr_par' dir='ltr' id='par_1_85' title="bbox 175 5447 1755 5518">
     <span class='ocr_line' id='line_1_85' title="bbox 175 5447 1755 5518; baseline 0.006 -21"><span class='ocrx_word' id='word_1_717' title='bbox 175 5458 232 5497; x_wconf 86' lang='lat' dir='ltr'><strong>se</strong></span> <span class='ocrx_word' id='word_1_718' title='bbox 255 5447 473 5515; x_wconf 85' lang='lat' dir='ltr'><strong>purgari</strong></span> <span class='ocrx_word' id='word_1_719' title='bbox 522 5448 732 5517; x_wconf 90' lang='lat' dir='ltr'><strong>sibique</strong></span> <span class='ocrx_word' id='word_1_720' title='bbox 772 5449 1016 5502; x_wconf 75' lang='lat' dir='ltr'><strong>misereri</strong></span> <span class='ocrx_word' id='word_1_721' title='bbox 1064 5463 1225 5518; x_wconf 88' lang='lat' dir='ltr'><strong>posse</strong></span> <span class='ocrx_word' id='word_1_722' title='bbox 1271 5449 1549 5504; x_wconf 83' lang='lat' dir='ltr'><strong>indicavit.</strong></span> <span class='ocrx_word' id='word_1_723' title='bbox 1606 5451 1755 5508; x_wconf 88' lang='lat' dir='ltr'><strong>Tune</strong></span> 
     </span>
    </p>
   </div>
   <div class='ocr_carea' id='block_1_86' title="bbox 175 5536 1754 5605">
    <p class='ocr_par' dir='ltr' id='par_1_86' title="bbox 175 5536 1754 5605">
     <span class='ocr_line' id='line_1_86' title="bbox 175 5536 1754 5605; baseline 0.007 -18"><span class='ocrx_word' id='word_1_724' title='bbox 175 5536 317 5589; x_wconf 84' lang='lat' dir='ltr'><strong>enim</strong></span> <span class='ocrx_word' id='word_1_725' title='bbox 348 5537 494 5592; x_wconf 87' lang='lat' dir='ltr'><strong>illata</strong></span> <span class='ocrx_word' id='word_1_726' title='bbox 521 5539 765 5595; x_wconf 89' lang='lat' dir='ltr'><strong>convicia</strong></span> <span class='ocrx_word' id='word_1_727' title='bbox 792 5539 929 5594; x_wconf 89' lang='lat' dir='ltr'><strong>bene</strong></span> <span class='ocrx_word' id='word_1_728' title='bbox 960 5539 1271 5605; x_wconf 89' lang='lat' dir='ltr'><strong>toleramus,</strong></span> <span class='ocrx_word' id='word_1_729' title='bbox 1303 5555 1425 5595; x_wconf 90' lang='lat' dir='ltr'><strong>cum</strong></span> <span class='ocrx_word' id='word_1_730' title='bbox 1459 5539 1512 5594; x_wconf 90' lang='lat' dir='ltr'><strong>in</strong></span> <span class='ocrx_word' id='word_1_731' title='bbox 1545 5551 1754 5599; x_wconf 88' lang='lat' dir='ltr'><strong>secreto</strong></span> 
     </span>
    </p>
   </div>
   <div class='ocr_carea' id='block_1_87' title="bbox 245 5648 1752 5720">
    <p class='ocr_par' dir='ltr' id='par_1_87' title="bbox 245 5648 1752 5720">
     <span class='ocr_line' id='line_1_87' title="bbox 245 5648 1752 5720; baseline 0.005 -18"><span class='ocrx_word' id='word_1_732' title='bbox 245 5648 428 5720; x_wconf 57' lang='lat' dir='ltr'><strong>iLﬂie.</strong></span> <span class='ocrx_word' id='word_1_733' title='bbox 479 5651 532 5704; x_wconf 92' lang='lat' dir='ltr'><strong>in</strong></span> <span class='ocrx_word' id='word_1_734' title='bbox 559 5651 850 5720; x_wconf 74' lang='lat' dir='ltr'><strong>exemplari</strong></span> <span class='ocrx_word' id='word_1_735' title='bbox 891 5657 1104 5715; x_wconf 82' lang='lat' dir='ltr'><strong>nostro,</strong></span> <span class='ocrx_word' id='word_1_736' title='bbox 1135 5666 1347 5705; x_wconf 90' lang='lat' dir='ltr'><strong>rursum</strong></span> <span class='ocrx_word' id='word_1_737' title='bbox 1385 5651 1606 5716; x_wconf 86' lang='lat' dir='ltr'><strong>ponitur</strong></span> <span class='ocrx_word' id='word_1_738' title='bbox 1639 5653 1752 5709; x_wconf 78' lang='lat' dir='ltr'><strong>CA-</strong></span> 
     </span>
    </p>
   </div>
   <div class='ocr_carea' id='block_1_88' title="bbox 174 5714 1655 5792">
    <p class='ocr_par' dir='ltr' id='par_1_88' title="bbox 174 5714 1655 5792">
     <span class='ocr_line' id='line_1_88' title="bbox 174 5714 1655 5792; baseline 0.006 -23"><span class='ocrx_word' id='word_1_739' title='bbox 174 5714 311 5772; x_wconf 72' lang='lat' dir='ltr'><strong>PUT</strong></span> <span class='ocrx_word' id='word_1_740' title='bbox 359 5719 493 5774; x_wconf 78' lang='lat' dir='ltr'><strong>XVI.</strong></span> <span class='ocrx_word' id='word_1_741' title='bbox 545 5714 834 5792; x_wconf 69' lang='lat' dir='ltr'><strong>Expositio</strong></span> <span class='ocrx_word' id='word_1_742' title='bbox 860 5722 1004 5776; x_wconf 90' lang='lat' dir='ltr'><strong>enim</strong></span> <span class='ocrx_word' id='word_1_743' title='bbox 1048 5714 1173 5775; x_wconf 89' lang='lat' dir='ltr'><strong>ante</strong></span> <span class='ocrx_word' id='word_1_744' title='bbox 1204 5722 1346 5777; x_wconf 81' lang='lat' dir='ltr'><strong>dicta</strong></span> <span class='ocrx_word' id='word_1_745' title='bbox 1379 5714 1655 5780; x_wconf 82' lang='lat' dir='ltr'><strong>retractat.</strong></span> 
     </span>
    </p>
   </div>
   <div class='ocr_carea' id='block_1_89' title="bbox 1936 3789 3443 3865">
    <p class='ocr_par' dir='ltr' id='par_1_89' title="bbox 1936 3789 3443 3865">
     <span class='ocr_line' id='line_1_89' title="bbox 1936 3789 3443 3865; baseline 0.001 -23"><span class='ocrx_word' id='word_1_746' title='bbox 1936 3792 1964 3832; x_wconf 67' lang='grc' dir='ltr'>δ</span> <span class='ocrx_word' id='word_1_747' title='bbox 2007 3809 2025 3842; x_wconf 71' lang='grc' dir='ltr'>α</span> <span class='ocrx_word' id='word_1_748' title='bbox 2061 3791 2205 3847; x_wconf 67' lang='lat' dir='ltr'><strong>Dint</strong></span> <span class='ocrx_word' id='word_1_749' title='bbox 2243 3794 2407 3864; x_wconf 86' lang='lat' dir='ltr'><strong>igitur</strong></span> <span class='ocrx_word' id='word_1_750' title='bbox 2447 3791 2766 3865; x_wconf 79' lang='lat' dir='ltr'><strong>AchitOphcl</strong></span> <span class='ocrx_word' id='word_1_751' title='bbox 2812 3793 2876 3849; x_wconf 91' lang='lat' dir='ltr'><strong>ad</strong></span> <span class='ocrx_word' id='word_1_752' title='bbox 2903 3790 3156 3852; x_wconf 85' lang='lat' dir='ltr'><strong>Absalom</strong></span> <span class='ocrx_word' id='word_1_753' title='bbox 3193 3809 3206 3846; x_wconf 87' lang='lat'><strong>:</strong></span> <span class='ocrx_word' id='word_1_754' title='bbox 3236 3789 3443 3860; x_wconf 85' lang='lat' dir='ltr'><strong>Eligam</strong></span> 
     </span>
    </p>
   </div>
   <div class='ocr_carea' id='block_1_90' title="bbox 1871 3884 3446 3952">
    <p class='ocr_par' dir='ltr' id='par_1_90' title="bbox 1871 3884 3446 3952">
     <span class='ocr_line' id='line_1_90' title="bbox 1871 3884 3446 3952; baseline -0.001 -15"><span class='ocrx_word' id='word_1_755' title='bbox 1871 3903 1890 3936; x_wconf 72' lang='grc' dir='ltr'>ι</span> <span class='ocrx_word' id='word_1_756' title='bbox 1936 3885 2068 3939; x_wconf 89' lang='lat' dir='ltr'><strong>mibi</strong></span> <span class='ocrx_word' id='word_1_757' title='bbox 2130 3884 2411 3940; x_wconf 88' lang='lat' dir='ltr'><strong>duodecim</strong></span> <span class='ocrx_word' id='word_1_758' title='bbox 2458 3886 2628 3940; x_wconf 89' lang='lat' dir='ltr'><strong>millia</strong></span> <span class='ocrx_word' id='word_1_759' title='bbox 2671 3888 2934 3951; x_wconf 88' lang='lat' dir='ltr'><strong>virorum,</strong></span> <span class='ocrx_word' id='word_1_760' title='bbox 2993 3895 3048 3939; x_wconf 87' lang='lat' dir='ltr'><strong>et</strong></span> <span class='ocrx_word' id='word_1_761' title='bbox 3111 3884 3446 3952; x_wconf 80' lang='lat' dir='ltr'><strong>consurgens</strong></span> 
     </span>
    </p>
   </div>
   <div class='ocr_carea' id='block_1_91' title="bbox 1871 3971 3448 4045">
    <p class='ocr_par' dir='ltr' id='par_1_91' title="bbox 1871 3971 3448 4045">
     <span class='ocr_line' id='line_1_91' title="bbox 1871 3971 3448 4045; baseline 0 -20"><span class='ocrx_word' id='word_1_762' title='bbox 1871 3992 1888 4025; x_wconf 85' lang='grc'><strong>‹</strong></span> <span class='ocrx_word' id='word_1_763' title='bbox 1936 3989 2232 4045; x_wconf 88' lang='lat' dir='ltr'><strong>persequar</strong></span> <span class='ocrx_word' id='word_1_764' title='bbox 2282 3975 2449 4031; x_wconf 86' lang='lat' dir='ltr'><strong>David</strong></span> <span class='ocrx_word' id='word_1_765' title='bbox 2511 3977 2612 4030; x_wconf 89' lang='lat' dir='ltr'><strong>bac</strong></span> <span class='ocrx_word' id='word_1_766' title='bbox 2662 3985 2841 4031; x_wconf 91' lang='lat' dir='ltr'><strong>nocte.</strong></span> <span class='ocrx_word' id='word_1_767' title='bbox 2887 3996 2902 4028; x_wconf 77' lang='grc' dir='ltr'><strong><em>ι</em></strong></span> <span class='ocrx_word' id='word_1_768' title='bbox 2956 3972 3302 4044; x_wconf 83' lang='lat' dir='ltr'><strong>Acbitopbel,</strong></span> <span class='ocrx_word' id='word_1_769' title='bbox 3347 3971 3448 4042; x_wconf 87' lang='lat' dir='ltr'><strong>qui</strong></span> 
     </span>
    </p>
   </div>
   <div class='ocr_carea' id='block_1_92' title="bbox 1864 4063 3442 4136">
    <p class='ocr_par' dir='ltr' id='par_1_92' title="bbox 1864 4063 3442 4136">
     <span class='ocr_line' id='line_1_92' title="bbox 1864 4063 3442 4136; baseline -0.002 -16"><span class='ocrx_word' id='word_1_770' title='bbox 1864 4067 2128 4121; x_wconf 87' lang='lat' dir='ltr'><strong>adversus</strong></span> <span class='ocrx_word' id='word_1_771' title='bbox 2173 4066 2341 4121; x_wconf 86' lang='lat' dir='ltr'><strong>David</strong></span> <span class='ocrx_word' id='word_1_772' title='bbox 2389 4068 2683 4136; x_wconf 89' lang='lat' dir='ltr'><strong>pessimum</strong></span> <span class='ocrx_word' id='word_1_773' title='bbox 2738 4067 2884 4122; x_wconf 87' lang='lat' dir='ltr'><strong>dedit</strong></span> <span class='ocrx_word' id='word_1_774' title='bbox 2923 4066 3227 4131; x_wconf 91' lang='lat' dir='ltr'><strong>consilium,</strong></span> <span class='ocrx_word' id='word_1_775' title='bbox 3289 4063 3442 4119; x_wconf 73' lang='lat' dir='ltr'><strong>Juda:</strong></span> 
     </span>
    </p>
   </div>
   <div class='ocr_carea' id='block_1_93' title="bbox 1862 4153 3448 4231">
    <p class='ocr_par' dir='ltr' id='par_1_93' title="bbox 1862 4153 3448 4231">
     <span class='ocr_line' id='line_1_93' title="bbox 1862 4153 3448 4231; baseline -0.002 -23"><span class='ocrx_word' id='word_1_776' title='bbox 1862 4154 2155 4231; x_wconf 75' lang='lat' dir='ltr'><strong>proditoris</strong></span> <span class='ocrx_word' id='word_1_777' title='bbox 2203 4157 2450 4225; x_wconf 79' lang='lat' dir='ltr'><strong>gestavit</strong></span> <span class='ocrx_word' id='word_1_778' title='bbox 2503 4171 2817 4226; x_wconf 88' lang='lat' dir='ltr'><strong>personam,</strong></span> <span class='ocrx_word' id='word_1_779' title='bbox 2872 4155 2963 4225; x_wconf 86' lang='lat' dir='ltr'><strong>qui</strong></span> <span class='ocrx_word' id='word_1_780' title='bbox 3013 4154 3211 4209; x_wconf 71' lang='lat' dir='ltr'><strong>Iudaeis</strong></span> <span class='ocrx_word' id='word_1_781' title='bbox 3261 4153 3448 4207; x_wconf 87' lang='lat' dir='ltr'><strong>adver-</strong></span> 
     </span>
    </p>
   </div>
   <div class='ocr_carea' id='block_1_94' title="bbox 1862 4244 3443 4319">
    <p class='ocr_par' dir='ltr' id='par_1_94' title="bbox 1862 4244 3443 4319">
     <span class='ocr_line' id='line_1_94' title="bbox 1862 4244 3443 4319; baseline -0.004 -15"><span class='ocrx_word' id='word_1_782' title='bbox 1862 4266 1955 4306; x_wconf 92' lang='lat' dir='ltr'><strong>sus</strong></span> <span class='ocrx_word' id='word_1_783' title='bbox 2020 4249 2294 4304; x_wconf 88' lang='lat' dir='ltr'><strong>Christum</strong></span> <span class='ocrx_word' id='word_1_784' title='bbox 2340 4250 2488 4305; x_wconf 86' lang='lat' dir='ltr'><strong>dedit</strong></span> <span class='ocrx_word' id='word_1_785' title='bbox 2539 4250 2821 4305; x_wconf 91' lang='lat' dir='ltr'><strong>consilium</strong></span> <span class='ocrx_word' id='word_1_786' title='bbox 2884 4247 3218 4319; x_wconf 88' lang='lat' dir='ltr'><strong>proditionis.</strong></span> <span class='ocrx_word' id='word_1_787' title='bbox 3277 4244 3443 4300; x_wconf 82' lang='lat' dir='ltr'><strong>Acbi-</strong></span> 
     </span>
    </p>
   </div>
   <div class='ocr_carea' id='block_1_95' title="bbox 1863 4336 3437 4414">
    <p class='ocr_par' dir='ltr' id='par_1_95' title="bbox 1863 4336 3437 4414">
     <span class='ocr_line' id='line_1_95' title="bbox 1863 4336 3437 4414; baseline -0.006 -15"><span class='ocrx_word' id='word_1_788' title='bbox 1863 4341 2040 4414; x_wconf 89' lang='lat' dir='ltr'><strong>tophel</strong></span> <span class='ocrx_word' id='word_1_789' title='bbox 2071 4344 2266 4414; x_wconf 89' lang='lat' dir='ltr'><strong>quippe</strong></span> <span class='ocrx_word' id='word_1_790' title='bbox 2309 4343 2697 4413; x_wconf 90' lang='lat' dir='ltr'><strong>interpretatur</strong></span> <span class='ocrx_word' id='word_1_791' title='bbox 2725 4343 2880 4396; x_wconf 81' lang='lat' dir='ltr'><strong>ruina</strong></span> <span class='ocrx_word' id='word_1_792' title='bbox 2929 4341 3132 4410; x_wconf 74' lang='lat' dir='ltr'><strong>fratris,</strong></span> <span class='ocrx_word' id='word_1_793' title='bbox 3161 4339 3304 4409; x_wconf 92' lang='lat' dir='ltr'><strong>quod</strong></span> <span class='ocrx_word' id='word_1_794' title='bbox 3336 4336 3437 4407; x_wconf 90' lang='lat' dir='ltr'><strong>ipsi</strong></span> 
     </span>
    </p>
   </div>
   <div class='ocr_carea' id='block_1_96' title="bbox 1859 4429 3442 4506">
    <p class='ocr_par' dir='ltr' id='par_1_96' title="bbox 1859 4429 3442 4506">
     <span class='ocr_line' id='line_1_96' title="bbox 1859 4429 3442 4506; baseline -0.007 -14"><span class='ocrx_word' id='word_1_795' title='bbox 1859 4435 2010 4492; x_wconf 66' lang='lat' dir='ltr'><strong>Iudae</strong></span> <span class='ocrx_word' id='word_1_796' title='bbox 2035 4433 2295 4506; x_wconf 89' lang='lat' dir='ltr'><strong>proditori</strong></span> <span class='ocrx_word' id='word_1_797' title='bbox 2323 4435 2509 4506; x_wconf 90' lang='lat' dir='ltr'><strong>procul</strong></span> <span class='ocrx_word' id='word_1_798' title='bbox 2537 4434 2700 4490; x_wconf 91' lang='lat' dir='ltr'><strong>dubio</strong></span> <span class='ocrx_word' id='word_1_799' title='bbox 2721 4433 2968 4503; x_wconf 82' lang='lat' dir='ltr'><strong>congruit</strong></span> <span class='ocrx_word' id='word_1_800' title='bbox 2999 4446 3013 4486; x_wconf 89' lang='lat'><strong>:</strong></span> <span class='ocrx_word' id='word_1_801' title='bbox 3048 4430 3138 4500; x_wconf 84' lang='lat' dir='ltr'><strong>qui</strong></span> <span class='ocrx_word' id='word_1_802' title='bbox 3169 4429 3324 4484; x_wconf 83' lang='lat' dir='ltr'><strong>ruina</strong></span> <span class='ocrx_word' id='word_1_803' title='bbox 3347 4442 3442 4482; x_wconf 72' lang='lat' dir='ltr'><strong>ex-</strong></span> 
     </span>
    </p>
   </div>
   <div class='ocr_carea' id='block_1_97' title="bbox 1862 4520 3440 4596">
    <p class='ocr_par' dir='ltr' id='par_1_97' title="bbox 1862 4520 3440 4596">
     <span class='ocr_line' id='line_1_97' title="bbox 1862 4520 3440 4596; baseline -0.006 -14"><span class='ocrx_word' id='word_1_804' title='bbox 1862 4526 2000 4582; x_wconf 88' lang='lat' dir='ltr'><strong>stitit</strong></span> <span class='ocrx_word' id='word_1_805' title='bbox 2037 4526 2178 4581; x_wconf 91' lang='lat' dir='ltr'><strong>illius</strong></span> <span class='ocrx_word' id='word_1_806' title='bbox 2228 4525 2320 4595; x_wconf 85' lang='lat' dir='ltr'><strong>qui</strong></span> <span class='ocrx_word' id='word_1_807' title='bbox 2352 4525 2603 4596; x_wconf 84' lang='lat' dir='ltr'><strong>dignatus</strong></span> <span class='ocrx_word' id='word_1_808' title='bbox 2647 4525 2936 4579; x_wconf 89' lang='lat' dir='ltr'><strong>estdicere</strong></span> <span class='ocrx_word' id='word_1_809' title='bbox 2966 4539 2978 4576; x_wconf 89' lang='lat'><strong>:</strong></span> <span class='ocrx_word' id='word_1_810' title='bbox 3018 4539 3036 4572; x_wconf 86' lang='grc'><em>‹</em></span> <span class='ocrx_word' id='word_1_811' title='bbox 3068 4520 3312 4575; x_wconf 87' lang='lat' dir='ltr'><strong>Narrabo</strong></span> <span class='ocrx_word' id='word_1_812' title='bbox 3343 4534 3440 4573; x_wconf 55' lang='lat' dir='ltr'><strong>no.</strong></span> 
     </span>
    </p>
   </div>
   <div class='ocr_carea' id='block_1_98' title="bbox 1860 4610 3445 4688">
    <p class='ocr_par' dir='ltr' id='par_1_98' title="bbox 1860 4610 3445 4688">
     <span class='ocr_line' id='line_1_98' title="bbox 1860 4610 3445 4688; baseline -0.006 -14"><span class='ocrx_word' id='word_1_813' title='bbox 1860 4634 1984 4674; x_wconf 90' lang='lat' dir='ltr'><strong>men</strong></span> <span class='ocrx_word' id='word_1_814' title='bbox 2013 4627 2162 4673; x_wconf 90' lang='lat' dir='ltr'><strong>tuum</strong></span> <span class='ocrx_word' id='word_1_815' title='bbox 2186 4616 2446 4672; x_wconf 87' lang='lat' dir='ltr'><strong>fratribus</strong></span> <span class='ocrx_word' id='word_1_816' title='bbox 2470 4617 2604 4672; x_wconf 85' lang='lat' dir='ltr'><strong>meis</strong></span> <span class='ocrx_word' id='word_1_817' title='bbox 2632 4615 2804 4688; x_wconf 76' lang='lat' dir='ltr'><strong>(Psal.</strong></span> <span class='ocrx_word' id='word_1_818' title='bbox 2837 4614 2970 4686; x_wconf 72' lang='lat' dir='ltr'><strong>XXI).</strong></span> <span class='ocrx_word' id='word_1_819' title='bbox 3011 4632 3028 4665; x_wconf 74' lang='grc' dir='ltr'><strong><em>ι</em></strong></span> <span class='ocrx_word' id='word_1_820' title='bbox 3063 4611 3162 4680; x_wconf 84' lang='lat' dir='ltr'><strong>Qui</strong></span> <span class='ocrx_word' id='word_1_821' title='bbox 3185 4618 3239 4664; x_wconf 92' lang='lat' dir='ltr'><strong>et</strong></span> <span class='ocrx_word' id='word_1_822' title='bbox 3268 4610 3445 4680; x_wconf 63' lang='lat' dir='ltr'><strong>dispoo</strong></span> 
     </span>
    </p>
   </div>
   <div class='ocr_carea' id='block_1_99' title="bbox 1861 4700 3443 4781">
    <p class='ocr_par' dir='ltr' id='par_1_99' title="bbox 1861 4700 3443 4781">
     <span class='ocr_line' id='line_1_99' title="bbox 1861 4700 3443 4781; baseline -0.008 -15"><span class='ocrx_word' id='word_1_823' title='bbox 1861 4711 1960 4766; x_wconf 88' lang='lat' dir='ltr'><strong>sita</strong></span> <span class='ocrx_word' id='word_1_824' title='bbox 1977 4712 2136 4766; x_wconf 86' lang='lat' dir='ltr'><strong>domo</strong></span> <span class='ocrx_word' id='word_1_825' title='bbox 2157 4726 2273 4775; x_wconf 89' lang='lat' dir='ltr'><strong>sua,</strong></span> <span class='ocrx_word' id='word_1_826' title='bbox 2290 4718 2474 4781; x_wconf 89' lang='lat' dir='ltr'><strong>postea</strong></span> <span class='ocrx_word' id='word_1_827' title='bbox 2500 4708 2789 4778; x_wconf 86' lang='lat' dir='ltr'><strong>suspendio</strong></span> <span class='ocrx_word' id='word_1_828' title='bbox 2817 4706 3040 4761; x_wconf 85' lang='lat' dir='ltr'><strong>interiit.</strong></span> <span class='ocrx_word' id='word_1_829' title='bbox 3071 4703 3186 4759; x_wconf 89' lang='lat' dir='ltr'><strong>Iloc</strong></span> <span class='ocrx_word' id='word_1_830' title='bbox 3204 4710 3255 4757; x_wconf 89' lang='lat' dir='ltr'><strong>et</strong></span> <span class='ocrx_word' id='word_1_831' title='bbox 3277 4700 3443 4756; x_wconf 80' lang='lat' dir='ltr'><strong>Judas</strong></span> 
     </span>
    </p>
   </div>
   <div class='ocr_carea' id='block_1_100' title="bbox 1860 4795 3438 4872">
    <p class='ocr_par' dir='ltr' id='par_1_100' title="bbox 1860 4795 3438 4872">
     <span class='ocr_line' id='line_1_100' title="bbox 1860 4795 3438 4872; baseline -0.009 -13"><span class='ocrx_word' id='word_1_832' title='bbox 1860 4805 1913 4859; x_wconf 93' lang='lat' dir='ltr'><strong>in</strong></span> <span class='ocrx_word' id='word_1_833' title='bbox 1947 4803 2233 4872; x_wconf 86' lang='lat' dir='ltr'><strong>Evangelio</strong></span> <span class='ocrx_word' id='word_1_834' title='bbox 2264 4802 2532 4866; x_wconf 89' lang='lat' dir='ltr'><strong>similiter,</strong></span> <span class='ocrx_word' id='word_1_835' title='bbox 2567 4810 2625 4854; x_wconf 92' lang='lat' dir='ltr'><strong>ut</strong></span> <span class='ocrx_word' id='word_1_836' title='bbox 2652 4797 2973 4870; x_wconf 86' lang='lat' dir='ltr'><strong>Acbitopbel</strong></span> <span class='ocrx_word' id='word_1_837' title='bbox 3009 4795 3203 4852; x_wconf 88' lang='lat' dir='ltr'><strong>fecisse</strong></span> <span class='ocrx_word' id='word_1_838' title='bbox 3227 4795 3438 4863; x_wconf 87' lang='lat' dir='ltr'><strong>legitur.</strong></span> 
     </span>
    </p>
   </div>
   <div class='ocr_carea' id='block_1_101' title="bbox 1858 4883 3442 4964">
    <p class='ocr_par' dir='ltr' id='par_1_101' title="bbox 1858 4883 3442 4964">
     <span class='ocr_line' id='line_1_101' title="bbox 1858 4883 3442 4964; baseline -0.01 -13"><span class='ocrx_word' id='word_1_839' title='bbox 1858 4896 1996 4950; x_wconf 88' lang='lat' dir='ltr'><strong>llinc</strong></span> <span class='ocrx_word' id='word_1_840' title='bbox 2041 4895 2284 4964; x_wconf 87' lang='lat' dir='ltr'><strong>sequitur</strong></span> <span class='ocrx_word' id='word_1_841' title='bbox 2333 4893 2566 4964; x_wconf 90' lang='lat' dir='ltr'><strong>qualiter</strong></span> <span class='ocrx_word' id='word_1_842' title='bbox 2619 4891 2881 4950; x_wconf 80' lang='lat' dir='ltr'><strong>Jonatbas</strong></span> <span class='ocrx_word' id='word_1_843' title='bbox 2924 4899 2979 4944; x_wconf 90' lang='lat' dir='ltr'><strong>et</strong></span> <span class='ocrx_word' id='word_1_844' title='bbox 3038 4888 3324 4942; x_wconf 89' lang='lat' dir='ltr'><strong>Acbimaas</strong></span> <span class='ocrx_word' id='word_1_845' title='bbox 3375 4883 3442 4936; x_wconf 92' lang='lat' dir='ltr'><strong>ad</strong></span> 
     </span>
    </p>
   </div>
   <div class='ocr_carea' id='block_1_102' title="bbox 1854 4980 3439 5059">
    <p class='ocr_par' dir='ltr' id='par_1_102' title="bbox 1854 4980 3439 5059">
     <span class='ocr_line' id='line_1_102' title="bbox 1854 4980 3439 5059; baseline -0.011 -13"><span class='ocrx_word' id='word_1_846' title='bbox 1854 4989 2243 5059; x_wconf 84' lang='lat' dir='ltr'><strong>explorandum</strong></span> <span class='ocrx_word' id='word_1_847' title='bbox 2285 4985 2569 5042; x_wconf 89' lang='lat' dir='ltr'><strong>consilium</strong></span> <span class='ocrx_word' id='word_1_848' title='bbox 2612 4983 2900 5050; x_wconf 82' lang='lat' dir='ltr'><strong>Absalom,</strong></span> <span class='ocrx_word' id='word_1_849' title='bbox 2933 4993 2988 5038; x_wconf 90' lang='lat' dir='ltr'><strong>et</strong></span> <span class='ocrx_word' id='word_1_850' title='bbox 3033 4980 3200 5036; x_wconf 90' lang='lat' dir='ltr'><strong>David</strong></span> <span class='ocrx_word' id='word_1_851' title='bbox 3242 4992 3439 5032; x_wconf 63' lang='lat' dir='ltr'><strong>renun:</strong></span> 
     </span>
    </p>
   </div>
   <div class='ocr_carea' id='block_1_103' title="bbox 1858 5073 3440 5147">
    <p class='ocr_par' dir='ltr' id='par_1_103' title="bbox 1858 5073 3440 5147">
     <span class='ocr_line' id='line_1_103' title="bbox 1858 5073 3440 5147; baseline -0.01 -11"><span class='ocrx_word' id='word_1_852' title='bbox 1858 5081 2115 5141; x_wconf 88' lang='lat' dir='ltr'><strong>tiandum,</strong></span> <span class='ocrx_word' id='word_1_853' title='bbox 2142 5078 2383 5135; x_wconf 88' lang='lat' dir='ltr'><strong>derclicti</strong></span> <span class='ocrx_word' id='word_1_854' title='bbox 2417 5086 2573 5142; x_wconf 86' lang='lat' dir='ltr'><strong>sunt,</strong></span> <span class='ocrx_word' id='word_1_855' title='bbox 2613 5087 2667 5134; x_wconf 91' lang='lat' dir='ltr'><strong>et</strong></span> <span class='ocrx_word' id='word_1_856' title='bbox 2711 5076 2978 5147; x_wconf 82' lang='lat' dir='ltr'><strong>fugientes</strong></span> <span class='ocrx_word' id='word_1_857' title='bbox 3029 5073 3440 5128; x_wconf 86' lang='lat' dir='ltr'><strong>declinaverunt</strong></span> 
     </span>
    </p>
   </div>
   <div class='ocr_carea' id='block_1_104' title="bbox 1858 5159 3442 5238">
    <p class='ocr_par' dir='ltr' id='par_1_104' title="bbox 1858 5159 3442 5238">
     <span class='ocr_line' id='line_1_104' title="bbox 1858 5159 3442 5238; baseline -0.011 -10"><span class='ocrx_word' id='word_1_858' title='bbox 1858 5174 1912 5228; x_wconf 89' lang='lat' dir='ltr'><strong>in</strong></span> <span class='ocrx_word' id='word_1_859' title='bbox 1943 5191 1961 5223; x_wconf 85' lang='grc'><strong><em>‹</em></strong></span> <span class='ocrx_word' id='word_1_860' title='bbox 1992 5173 2210 5226; x_wconf 90' lang='lat' dir='ltr'><strong>domum</strong></span> <span class='ocrx_word' id='word_1_861' title='bbox 2240 5169 2518 5238; x_wconf 86' lang='lat' dir='ltr'><strong>cujusdam</strong></span> <span class='ocrx_word' id='word_1_862' title='bbox 2541 5170 2642 5224; x_wconf 89' lang='lat' dir='ltr'><strong>viri</strong></span> <span class='ocrx_word' id='word_1_863' title='bbox 2684 5169 2740 5224; x_wconf 94' lang='lat' dir='ltr'><strong>in</strong></span> <span class='ocrx_word' id='word_1_864' title='bbox 2771 5166 3048 5229; x_wconf 89' lang='lat' dir='ltr'><strong>Bahurim,</strong></span> <span class='ocrx_word' id='word_1_865' title='bbox 3084 5161 3176 5234; x_wconf 89' lang='lat' dir='ltr'><strong>qui</strong></span> <span class='ocrx_word' id='word_1_866' title='bbox 3203 5159 3442 5224; x_wconf 72' lang='lat' dir='ltr'><strong>habebat,</strong></span> 
     </span>
    </p>
   </div>
   <div class='ocr_carea' id='block_1_105' title="bbox 1857 5255 3436 5337">
    <p class='ocr_par' dir='ltr' id='par_1_105' title="bbox 1857 5255 3436 5337">
     <span class='ocr_line' id='line_1_105' title="bbox 1857 5255 3436 5337; baseline -0.011 -16"><span class='ocrx_word' id='word_1_867' title='bbox 1857 5277 2078 5337; x_wconf 88' lang='lat' dir='ltr'><strong>puteum</strong></span> <span class='ocrx_word' id='word_1_868' title='bbox 2123 5264 2176 5318; x_wconf 89' lang='lat' dir='ltr'><strong>in</strong></span> <span class='ocrx_word' id='word_1_869' title='bbox 2221 5263 2488 5318; x_wconf 85' lang='lat' dir='ltr'><strong>vestibulo</strong></span> <span class='ocrx_word' id='word_1_870' title='bbox 2535 5279 2658 5328; x_wconf 89' lang='lat' dir='ltr'><strong>suo,</strong></span> <span class='ocrx_word' id='word_1_871' title='bbox 2685 5271 2742 5316; x_wconf 90' lang='lat' dir='ltr'><strong>et</strong></span> <span class='ocrx_word' id='word_1_872' title='bbox 2771 5258 3166 5317; x_wconf 87' lang='lat' dir='ltr'><strong>descenderunt</strong></span> <span class='ocrx_word' id='word_1_873' title='bbox 3191 5255 3246 5307; x_wconf 91' lang='lat' dir='ltr'><strong>in</strong></span> <span class='ocrx_word' id='word_1_874' title='bbox 3289 5266 3436 5305; x_wconf 85' lang='lat' dir='ltr'><strong>eum.</strong></span> 
     </span>
    </p>
   </div>
   <div class='ocr_carea' id='block_1_106' title="bbox 1861 5347 3440 5423">
    <p class='ocr_par' dir='ltr' id='par_1_106' title="bbox 1861 5347 3440 5423">
     <span class='ocr_line' id='line_1_106' title="bbox 1861 5347 3440 5423; baseline -0.012 -9"><span class='ocrx_word' id='word_1_875' title='bbox 1861 5357 2005 5414; x_wconf 91' lang='lat' dir='ltr'><strong>Tulit</strong></span> <span class='ocrx_word' id='word_1_876' title='bbox 2050 5363 2228 5410; x_wconf 87' lang='lat' dir='ltr'><strong>autem</strong></span> <span class='ocrx_word' id='word_1_877' title='bbox 2275 5354 2489 5419; x_wconf 89' lang='lat' dir='ltr'><strong>mulier,</strong></span> <span class='ocrx_word' id='word_1_878' title='bbox 2514 5363 2571 5410; x_wconf 89' lang='lat' dir='ltr'><strong>et</strong></span> <span class='ocrx_word' id='word_1_879' title='bbox 2616 5352 2874 5423; x_wconf 76' lang='lat' dir='ltr'><strong>expandit</strong></span> <span class='ocrx_word' id='word_1_880' title='bbox 2905 5347 3148 5402; x_wconf 86' lang='lat' dir='ltr'><strong>velamen</strong></span> <span class='ocrx_word' id='word_1_881' title='bbox 3184 5357 3347 5414; x_wconf 85' lang='lat' dir='ltr'><strong>super</strong></span> <span class='ocrx_word' id='word_1_882' title='bbox 3379 5357 3440 5420; x_wconf 82' lang='lat' dir='ltr'><strong>os</strong></span> 
     </span>
    </p>
   </div>
   <div class='ocr_carea' id='block_1_107' title="bbox 1860 5435 3440 5524">
    <p class='ocr_par' dir='ltr' id='par_1_107' title="bbox 1860 5435 3440 5524">
     <span class='ocr_line' id='line_1_107' title="bbox 1860 5435 3440 5524; baseline -0.011 -19"><span class='ocrx_word' id='word_1_883' title='bbox 1860 5449 2008 5521; x_wconf 91' lang='lat' dir='ltr'><strong>putei</strong></span> <span class='ocrx_word' id='word_1_884' title='bbox 2037 5447 2430 5524; x_wconf 78' lang='lat' dir='ltr'><strong>quasisiccans</strong></span> <span class='ocrx_word' id='word_1_885' title='bbox 2453 5447 2717 5517; x_wconf 89' lang='lat' dir='ltr'><strong>ptisanas,</strong></span> <span class='ocrx_word' id='word_1_886' title='bbox 2741 5453 2795 5502; x_wconf 87' lang='lat' dir='ltr'><strong>et</strong></span> <span class='ocrx_word' id='word_1_887' title='bbox 2816 5444 2894 5499; x_wconf 90' lang='lat' dir='ltr'><strong>sic</strong></span> <span class='ocrx_word' id='word_1_888' title='bbox 2924 5439 3196 5496; x_wconf 89' lang='lat' dir='ltr'><strong>reslatuit.</strong></span> <span class='ocrx_word' id='word_1_889' title='bbox 3223 5459 3240 5489; x_wconf 77' lang='grc' dir='ltr'><strong><em>ι</em></strong></span> <span class='ocrx_word' id='word_1_890' title='bbox 3262 5435 3440 5508; x_wconf 42' lang='lat' dir='ltr'><strong>Signis</strong></span> 
     </span>
    </p>
   </div>
   <div class='ocr_carea' id='block_1_108' title="bbox 1860 5529 3533 5610">
    <p class='ocr_par' dir='ltr' id='par_1_108' title="bbox 1860 5529 3533 5610">
     <span class='ocr_line' id='line_1_108' title="bbox 1860 5529 3533 5610; baseline -0.009 -10"><span class='ocrx_word' id='word_1_891' title='bbox 1860 5543 2025 5600; x_wconf 89' lang='lat' dir='ltr'><strong>ﬁcant</strong></span> <span class='ocrx_word' id='word_1_892' title='bbox 2044 5551 2226 5597; x_wconf 90' lang='lat' dir='ltr'><strong>autem</strong></span> <span class='ocrx_word' id='word_1_893' title='bbox 2256 5539 2345 5595; x_wconf 91' lang='lat' dir='ltr'><strong>isti</strong></span> <span class='ocrx_word' id='word_1_894' title='bbox 2369 5541 2473 5596; x_wconf 93' lang='lat' dir='ltr'><strong>duo</strong></span> <span class='ocrx_word' id='word_1_895' title='bbox 2493 5540 2739 5610; x_wconf 90' lang='lat' dir='ltr'><strong>juvenes,</strong></span> <span class='ocrx_word' id='word_1_896' title='bbox 2764 5535 3026 5591; x_wconf 76' lang='lat' dir='ltr'><strong>Jonatlias</strong></span> <span class='ocrx_word' id='word_1_897' title='bbox 3048 5531 3316 5597; x_wconf 85' lang='lat' dir='ltr'><strong>videlicet,</strong></span> <span class='ocrx_word' id='word_1_898' title='bbox 3341 5529 3439 5602; x_wconf 85' lang='lat' dir='ltr'><strong>qui</strong></span> <span class='ocrx_word' id='word_1_899' title='bbox 3517 5561 3533 5574; x_wconf 91' lang='lat'><strong>-</strong></span> 
     </span>
    </p>
   </div>
   <div class='ocr_carea' id='block_1_109' title="bbox 1933 5647 3009 5725">
    <p class='ocr_par' dir='ltr' id='par_1_109' title="bbox 1933 5647 3009 5725">
     <span class='ocr_line' id='line_1_109' title="bbox 1933 5647 3009 5725; baseline -0.012 -12"><span class='ocrx_word' id='word_1_900' title='bbox 1933 5658 1962 5701; x_wconf 75' lang='lat' dir='ltr'><strong>l-</strong></span> <span class='ocrx_word' id='word_1_901' title='bbox 2002 5657 2199 5712; x_wconf 89' lang='lat' dir='ltr'><strong>lterum</strong></span> <span class='ocrx_word' id='word_1_902' title='bbox 2223 5665 2437 5725; x_wconf 85' lang='lat' dir='ltr'><strong>quoque</strong></span> <span class='ocrx_word' id='word_1_903' title='bbox 2466 5652 2555 5707; x_wconf 90' lang='lat' dir='ltr'><strong>hic</strong></span> <span class='ocrx_word' id='word_1_904' title='bbox 2589 5649 2814 5706; x_wconf 84' lang='lat' dir='ltr'><strong>CAPUT</strong></span> <span class='ocrx_word' id='word_1_905' title='bbox 2849 5647 3009 5702; x_wconf 76' lang='lat' dir='ltr'><strong>XVII.</strong></span> 
     </span>
    </p>
   </div>
  </div>
