4044 6336
691 284 796 341 575

1708 283 2062 340 ANGELOMI
2099 277 2566 340 LUXOV’IENSIS
2606 278 2918 338 MONACHI
2983 293 2988 296 '
3756 298 3817 356 ὅτε

687 400 1075 467 interpretatur
1117 397 1370 452 columbae
1413 399 1630 462 donum,
1667 404 1722 452 et
1758 395 2070 460 Acbimaas,
2101 395 2266 464 frater
2292 399 2345 456 Α
2369 394 2614 450 cissimas
2637 434 2652 459 ,
2683 409 2804 464 quae
2859 396 2912 449 in
2945 394 3081 450 saltu
3112 403 3300 460 erant,
3327 395 3524 454 Hebraei
3562 410 3818 474 autumant:

683 502 855 553 meus,
883 501 977 542 eos
1007 487 1098 555 qui
1127 503 1224 555 per
1249 487 1476 558 gratiam
1510 487 1683 540 sancti
1714 485 1950 554 Spiritus
1981 484 2175 549 renati,
2209 492 2265 538 et

683 579 741 632 in
777 591 1004 631 numero
1033 575 1274 636 fratrum
1307 585 1431 630 sunt
1454 576 1697 644 ascripti.
1727 574 1827 641 Qui
1855 574 2169 630 recedentes
2196 576 2264 630 ab
2352 631 2354 633 ,

682 666 940 723 Absalom
983 666 1240 736 fugiunt,
1271 682 1396 723 cum
1453 666 1714 736 malignos
1763 665 1985 735 spiritus
2035 667 2265 721 evadere

683 766 955 828 quierunt.
1008 757 1074 812 Hi
1103 773 1232 829 ergo
1251 759 1468 813 stabant
1489 759 1644 828 juxta
1694 757 1898 813 fontem
1949 758 2136 830 Rege],
2169 759 2262 829 qui

683 848 1077 918 interpretatur
1121 850 1284 903 tristis
1313 849 1398 904 vel
1443 849 1706 915 deorsum,
1735 865 1856 904 cum
1902 850 2178 904 tristitiam
2207 858 2264 906 et

685 938 1003 1008 despectum
1029 938 1082 993 in
1111 939 1214 994 hoc
1254 939 1456 994 mundo
1482 942 1746 1010 appetunt
1790 939 2013 1004 habere,
2041 949 2262 1009 propter

682 1029 924 1085 caelestis
961 1029 1113 1100 regni
1151 1029 1501 1084 desiderium.
1546 1029 1829 1084 Declinant
1871 1044 2002 1100 ergo
2049 1031 2261 1084 concito

680 1123 852 1191 gradu
871 1121 1137 1192 fugientes
1152 1121 1206 1174 in
1233 1121 1452 1176 domum
1477 1121 1759 1190 cujusdam
1777 1121 1882 1175 viri
1902 1120 1956 1174 in
1981 1119 2257 1188 Bahurim,

679 1213 774 1283 qui
828 1214 996 1269 locus
1033 1213 1422 1284 interpretatur
1471 1213 1664 1268 electus
1716 1213 1829 1268 sive
1868 1213 2105 1282 juvenis,
2135 1228 2258 1268 cum

679 1305 1058 1361 adolescentia:
1102 1312 1349 1375 tempora
1380 1306 1446 1360 in
1481 1305 1798 1361 memoriam
1831 1303 2114 1360 reducunt.
2157 1307 2259 1360 De-

677 1397 947 1452 scendunt
992 1397 1047 1452 in
1093 1405 1316 1468 puteum
1368 1397 1461 1466 qui
1507 1405 1625 1452 erat
1673 1397 1728 1452 in
1779 1396 2048 1452 vestibulo
2075 1437 2090 1464 ,
2131 1412 2257 1452 cum

675 1488 949 1558 patientia:
979 1503 1040 1545 se
1071 1488 1348 1543 humiliter
1368 1487 1663 1564 subjiciunt
1689 1504 1809 1559 quae
1831 1489 2043 1545 cunctis
2060 1491 2257 1545 neces-

673 1579 818 1634 saria
850 1586 958 1646 est,
979 1586 1106 1633 ante
1133 1577 1293 1634 ﬁnem
1321 1579 1529 1633 scilicet
1554 1580 1837 1650 praesentis
1863 1579 2008 1634 vitae.
2045 1579 2257 1650 Expan-

669 1669 754 1723 dit
797 1668 994 1724 mulier
1041 1667 1288 1724 velamen
1330 1685 1494 1740 super
1537 1684 1600 1725 os
1643 1670 1815 1740 putei,
1845 1685 1969 1726 cum
2014 1670 2254 1726 Ecclesia

2367 485 2561 554 quibus
2581 484 2762 554 plures
2782 485 3090 554 consumpti
3131 499 3288 554 quam
3312 487 3480 556 gladio
3499 493 3646 546 vorati
3664 494 3816 555 fuerunt

2443 591 2461 625 ι
2508 573 2721 628 Accidit
2779 583 2958 628 autem
3002 584 3061 630 ut
3101 585 3412 632 occurreret
3455 580 3674 636 Absalom
3713 591 3818 645 servis

2363 665 2556 730 David,
2585 665 2779 721 sedens
2803 667 2970 733 mulo,
3017 687 3037 720 ι
3069 676 3173 722 etc.
3217 667 3466 723 Absalom
3495 671 3620 727 mulo
3644 676 3710 729 cui
3729 678 3817 734 inse-

2363 757 2517 812 derat
2549 767 2969 827 pertranseunte
2994 800 3009 826 ,
3034 759 3149 829 ipse
3191 760 3409 830 quercui
3449 761 3714 830 inhaerens,
3734 769 3817 825 inter

2361 850 2556 905 ccelum
2619 860 2674 906 et
2735 859 2936 908 terram
3001 867 3293 922 suspensus
3363 860 3462 908 est.
3525 852 3605 909 Sic
3651 858 3816 915 nimirum

2363 939 2566 996 Scriba:
2629 949 2683 996 et
2747 942 3006 997 Pharisaei
3033 980 3054 1010 ,
3118 943 3390 1013 principes
3460 941 3751 1012 Iudazorurp,
3788 952 3817 1005 in

2359 1031 2505 1102 ligno
2550 1034 2731 1090 crucis
2765 1034 2818 1089 in
2848 1051 2954 1104 quo
2995 1035 3283 1090 Dominum
3313 1035 3490 1092 Iesum
3517 1035 3738 1093 Christum
3756 1040 3817 1094 alii

2360 1132 2547 1193 gentes
2574 1125 2993 1194 suspenderunt,
3021 1125 3233 1182 occulto
3256 1124 3457 1194 judicio
3482 1126 3532 1181 in
3565 1127 3715 1182 eodem
3733 1129 3817 1201 ligno

2359 1215 2599 1270 damnati
2662 1224 2812 1281 sunt,
2861 1225 3025 1287 atque
3061 1217 3308 1272 eumdem
3350 1216 3589 1286 pepulum
3610 1217 3817 1274 Judeorum

2359 1305 2452 1377 qui
2478 1306 2682 1362 carnali
2725 1309 2949 1373 sensui,
2974 1309 3120 1364 velut
3163 1308 3514 1364 irrationabili
3542 1308 3666 1364 mulo
3699 1314 3813 1379 μηθεὶ-

2357 1399 2484 1454 dere
2519 1398 2862 1466 videbantur,
2887 1401 2941 1455 in
2971 1400 3368 1471 dispersionem
3390 1401 3609 1471 gentium
3630 1409 3814 1470 pertms

2355 1497 2568 1554 euntes,
2595 1489 2697 1560 ipsi
2725 1491 3086 1560 principatum
3113 1492 3318 1562 pariter
3367 1499 3421 1546 et
3448 1490 3670 1562 populum
3697 1494 3813 1547 amise

2356 1589 2500 1635 runt.
2532 1580 2785 1638 Dicamus
2829 1593 2884 1638 et
2916 1583 3278 1649 manifestius,
3303 1585 3444 1654 quod
3485 1583 3700 1640 Absalom
3726 1586 3814 1639 mulo

2357 1669 2570 1742 fugiens
2597 1671 2654 1726 iu
2680 1687 2908 1742 quercu
2931 1688 3028 1743 per
3057 1675 3336 1730 caesariem
3379 1673 3560 1742 capitis
3590 1674 3658 1729 sui
3679 1689 3817 1743 suspen-

672 1776 892 1831 precum
939 1760 1257 1815 assiduitate
1286 1760 1482 1816 delicta
1523 1759 1824 1830 juventutis
1849 1770 1906 1816 et
1938 1761 2256 1831 ignorantiae
2282 1741 2330 1801 B
2357 1741 2450 1819 sus
2478 1770 2584 1830 est,
2627 1741 2731 1818 hoc
2755 1741 3094 1835 signiﬁcabat
3131 1765 3274 1835 quod
3325 1741 3490 1820 Iudaei
3532 1764 3725 1818 stultitia:
3745 1741 3814 1817 mr-

671 1869 895 1910 suorum
922 1853 1153 1908 ﬁliorum
1182 1853 1510 1910 abscondere
1537 1862 1708 1909 certat
1738 1856 1890 1924 quasi
1918 1855 2128 1910 siccans
2150 1854 2255 1926 pti-

671 1960 858 2013 sanas,
881 1962 1004 2002 eum
1023 1947 1208 2002 carnis
1227 1945 1502 2002 lasciviam
1527 1963 1625 2018 per
1645 1949 1994 2004 continentia:
2018 1949 2252 2020 rigorem

670 2035 1015 2104 constringit.
1047 2035 1138 2091 Sic
1161 2044 1216 2091 et
1254 2051 1342 2092 res
1361 2035 1494 2092 latet
1521 2038 1974 2110 transgressionis
2001 2039 2254 2095 videlicet

670 2133 928 2189 humanae
976 2132 1133 2199 vitae,
1165 2132 1290 2202 quia
1340 2147 1440 2202 per
1489 2133 1862 2189 assiduitatem
1927 2148 2150 2204 precum
2198 2135 2251 2190 in

670 2223 1091 2294 compunctione
1141 2223 1541 2294 lacrymarum,
1588 2233 1645 2280 et
1691 2240 1788 2296 per
1843 2226 2252 2296 castigationem

669 2315 923 2386 corporis
968 2316 1149 2370 omnia
1195 2315 1390 2372 delicta
1437 2317 1868 2384 absconduntur,
1901 2333 1967 2372 ac
2007 2319 2253 2376 homines

669 2420 703 2458 a
757 2406 1135 2476 persecutione
1173 2407 1382 2476 antiqui
1431 2407 1604 2464 hostis
1651 2409 1882 2478 protecti
1931 2407 2248 2462 liberantur.

668 2514 692 2545 ε
741 2495 992 2566 Cumque
1029 2496 1273 2552 venisset
1325 2497 1494 2552 David
1549 2499 1603 2553 in
1659 2507 1838 2554 castra
1896 2497 2059 2554 Sochi
2110 2500 2252 2554 ﬁlius

665 2585 879 2642 Naahas
898 2589 964 2643 de
995 2587 1213 2643 Rabath
1243 2587 1482 2644 ﬁliorum
1505 2588 1763 2653 Ammon,
1794 2600 1847 2644 et
1870 2589 2079 2645 Machir
2109 2591 2252 2647 ﬁlius

660 2679 880 2736 Amihel‘
897 2681 968 2736 de
997 2680 1265 2749 Lodabar,
1297 2691 1352 2738 et
1377 2683 1644 2739 Berzellai
1695 2683 2006 2741 Galaadites
2035 2683 2100 2738 de
2143 2683 2252 2738 Ro-

661 2772 846 2843 gelim,
879 2775 1196 2831 obtulerunt
1224 2777 1275 2831 ei
1303 2778 1558 2833 stratoria
1597 2789 1654 2834 et
1683 2778 1908 2848 tapetia,
1940 2797 1957 2830 ι
1990 2785 2098 2833 etc.
2148 2776 2250 2832 Ca-

663 2874 782 2921 stra
833 2867 926 2923 ubi
969 2869 1118 2924 venit
1156 2869 1328 2927 David
1379 2871 1645 2928 Hebraice
1689 2873 1924 2928 Manaim
1975 2873 2245 2944 leguntur,

669 2957 813 3013 sicut
837 2974 999 3029 supra
1022 2961 1318 3028 innuimus,
1343 2964 1430 3019 hic
1458 2977 1542 3020 est
1565 2964 1716 3020 locus
1730 2966 1820 3020 ubi
1854 2966 1998 3021 obvii
2029 2966 2250 3020 fuerunt

621 3047 624 3050 ’
664 3047 838 3104 Iacob
867 3051 1042 3120 angeli
1071 3052 1191 3118 Dei,
1221 3053 1360 3108 sicut
1386 3055 1439 3109 in
1463 3055 1660 3111 Genesi
1691 3057 1905 3128 legitur.
1938 3057 2091 3113 Unde
2113 3059 2248 3114 scri-

2353 1853 2493 1909 nalis
2523 1867 2712 1909 sensus
2734 1855 3130 1919 incumbentes,
3158 1863 3380 1926 propter
3398 1854 3815 1925 superstitiositatem

2352 1946 2715 2017 pharisaicam
2773 1946 2943 2017 legem
2987 1956 3337 2016 corrumpent
3362 1986 3376 2010 ,
3407 1961 3501 2015 per
3542 1946 3683 2014 ipsam
3721 1959 3814 2012 quam

2354 2042 2420 2094 ad
2454 2039 2850 2095 correctionem
2878 2039 3002 2094 vitte
3044 2046 3424 2110 perceperant,
3457 2036 3628 2091 mortis
3663 2036 3814 2090 occasio-

2352 2145 2476 2185 nem
2505 2129 2828 2184 habuerant.
2857 2129 3010 2203 Unde
3032 2139 3088 2185 et
3119 2130 3372 2185 Salvator
3399 2129 3452 2182 in
3481 2127 3723 2196 Evangelia
3737 2126 3814 2178 dixit

2353 2222 2422 2276 ad
2449 2236 2582 2286 eos:
2621 2239 2640 2272 ‹
2673 2219 2850 2276 Nolite
2873 2221 3128 2276 arbitrari
3160 2221 3302 2290 quod
3325 2235 3424 2290 ego
3457 2216 3813 2274 accusatumssim

2351 2329 2449 2369 vos
2471 2312 2611 2382 apud
2633 2312 2850 2366 Patrem
2877 2320 3078 2387 meum.
3127 2312 3339 2382 Moyses
3365 2310 3504 2366 enim
3543 2310 3590 2364 in
3616 2323 3736 2378 quem
3763 2321 3815 2360 vos

2351 2403 2642 2466 conﬁditis,
2671 2403 2760 2459 ille
2788 2419 2885 2459 vos
2913 2413 3137 2460 accusat
3168 2403 3353 2475 (Joan.
3383 2404 3456 2474 v).
3496 2423 3514 2456 ι
3552 2402 3666 2458 Ioab
3682 2415 3770 2456 vero
3784 2399 3813 2452 in

2351 2512 2446 2552 cor
2464 2495 2719 2551 Absalom
2743 2503 2851 2551 tres
2866 2497 3084 2552 lanceas
3107 2497 3302 2568 inﬁgit,
3326 2512 3447 2551 eum
3470 2495 3687 2564 antiquus
3705 2493 3809 2546 hostis

2352 2587 2681 2657 superbiam,
2716 2587 2998 2641 avaritiam
3029 2596 3084 2642 et
3142 2587 3401 2642 invidiam
3431 2600 3524 2640 seu
3557 2582 3769 2653 perfidiam
3787 2580 3814 2632 in

2353 2692 2448 2733 cor
2474 2676 2687 2735 Iudaici
2717 2679 2897 2749 pepuli
2927 2680 3173 2744 immisit,
3202 2694 3326 2748 qua:
3353 2678 3457 2733 illis
3485 2677 3685 2732 maxime
3703 2671 3810 2744 perdi-

2352 2769 2518 2824 tionis
2545 2785 2710 2824 causa
2737 2779 2912 2824 erant.
2948 2769 3177 2840 Superbi
3209 2770 3450 2833 fuerunt,
3481 2769 3564 2837 qui
3593 2767 3636 2821 in
3659 2773 3814 2820 contem-

2350 2870 2444 2931 ptu
2475 2859 2569 2914 Dei
2599 2861 2740 2915 idola
2765 2861 3192 2921 fabricaverunt.
3225 2859 3420 2930 Cupidi
3447 2857 3656 2920 fuerunt,
3682 2854 3744 2923 qui
3763 2867 3812 2929 res

2354 2951 2707 3007 transitorias
2740 2951 2996 3005 virtutum
3029 2950 3250 3005 deliciis
3281 2950 3644 3020 pneponebant
3667 2963 3678 2998 :
3700 2939 3816 3013 pertiti1

2353 3058 2482 3099 vero
2508 3051 2564 3097 et
2592 3041 2780 3104 invidi,
2813 3041 2906 3111 qui
2931 3056 3038 3096 non
3062 3041 3238 3096 solum
3265 3040 3430 3096 dictis
3459 3039 3581 3110 legis
3604 3046 3650 3092 et
3665 3031 3814 3104 prophe-

747 3103 825 3104 ,
940 3103 1041 3120 νηί
1071 3103 1100 3106 η
1222 3103 1360 3108 --,---
1470 3103 1660 3111 -------
1691 3103 1905 3128 ηοω-.-
1944 3103 2090 3113 ,μην
2113 3103 2220 3114 η..

666 3144 823 3207 ptum
872 3150 957 3194 est
1001 3158 1014 3194 :
1069 3160 1087 3193 ι
1126 3143 1356 3198 Vocavit
1409 3143 1577 3201 Iacob
1616 3162 1814 3202 nomen
1863 3147 1966 3202 loci
2014 3148 2248 3204 lllanaim

2216 3103 2248 3202 ᾖ
2277 3103 2324 3166 C
2358 3146 2534 3192 tarum
2565 3103 2956 3206 repugnabant,
2982 3135 3074 3190 sed
3096 3136 3258 3189 etiam
3287 3133 3458 3202 ipsius
3479 3127 3723 3186 Salvatoris
3739 3136 3813 3193 pm-

602 3281 610 3288 ,
665 3226 821 3296 (Gen.
852 3231 1082 3303 uxr-1),»
1110 3233 1163 3288 id
1184 3243 1267 3289 est
1288 3245 1488 3292 castra.
1520 3236 1649 3292 Sobi
1675 3254 1912 3308 namque
1940 3240 2147 3308 quievit
2170 3242 2248 3296 ibi

665 3333 792 3375 cum
839 3324 1186 3391 muneribus,
1211 3327 1278 3382 ad
1326 3326 1516 3393 David,
1553 3326 1694 3382 ﬁlius
1717 3327 1818 3382 fuit
1866 3328 2045 3384 Nahas
2083 3331 2250 3400 regis,

664 3428 792 3468 cum
824 3431 936 3486 quo
971 3419 1232 3488 pugnavit
1263 3419 1392 3474 Saul
1422 3438 1436 3474 :
1464 3435 1570 3490 quo
1599 3430 1834 3486 mortuo,
1862 3422 1998 3477 dixit
2034 3423 2201 3479 David
2231 3441 2246 3478 :
2289 3491 2294 3496 _

659 3503 884 3561 Faciam
909 3508 1340 3565 misericordiam
1363 3526 1487 3566 eum
1519 3511 1748 3568 Ammon
1772 3513 1915 3567 sicut
1936 3512 2067 3568 fecit
2095 3523 2250 3584 pater

561 3615 563 3617 ί
661 3597 780 3666 ejus
807 3599 1233 3658 Nahasmecum.
1256 3603 1584 3674 lntcrempto
1604 3621 1734 3662 vero
1749 3622 1778 3661 a
1802 3606 1974 3661 David
1992 3607 2244 3674 Ammon,

640 3688 758 3758 'qui
787 3689 837 3744 ei
885 3689 1010 3746 inde
1051 3691 1330 3748 calvandis
1378 3694 1550 3748 servis
1589 3694 1701 3749 suis
1749 3694 1974 3764 injurias
2020 3695 2243 3763 fecerat,

662 3783 995 3839 constitutus
1028 3791 1113 3839 est
1142 3786 1210 3840 ab
1236 3786 1424 3841 eodem
1451 3787 1642 3855 David,
1674 3790 1728 3843 in
1765 3789 1886 3846 loco
1925 3789 2111 3846 fratris
2163 3793 2247 3848 sui

666 3869 821 3926 Sobi.
853 3872 1121 3928 Cteterum
1153 3877 1466 3946 spiritaliter
1499 3879 1818 3950 obsequium
1847 3879 1997 3949 ejus,
2024 3881 2108 3936 vel
2145 3897 2248 3938 CII!-

660 3971 906 4017 terorum
935 3963 1276 4021 Galilaeorum
1304 3967 1488 4033 David,
1513 3969 1747 4024 delatum
1765 4011 1779 4036 ,
1815 3971 1975 4026 ﬁdem
2007 3981 2240 4042 praeten-

662 4050 823 4105 debat
849 4053 1028 4124 populi
1056 4056 1294 4123 gentium
1331 4057 1385 4110 in
1414 4056 1701 4113 Dominum
1734 4057 1918 4116 Iesum
1946 4059 2241 4116 Christum.

659 4140 800 4198 Nam
823 4144 961 4199 sicut
981 4145 1147 4202 David
1173 4150 1609 4217 persecutionem
1633 4150 1911 4206 declinans
1942 4150 2036 4205 ﬁlii
2067 4152 2150 4207 sui
2175 4152 2244 4207 ab

661 4231 1002 4290 Hierusalem
1032 4239 1276 4304 recessit,
1296 4250 1456 4310 atque
1478 4258 1506 4296 a
1539 4241 1774 4298 Galilaais
1807 4244 2038 4315 benigne
2065 4261 2245 4301 susce-

661 4337 790 4395 ptus
823 4336 908 4382 est
944 4346 956 4382 :
991 4329 1069 4384 sic
1097 4331 1351 4386 nimirum
1394 4333 1655 4390 Dominus
1683 4335 1843 4390 Iesus
1883 4335 2132 4392 Christus
2170 4339 2240 4394 ob

665 4416 1006 4486 impietatem
1058 4419 1273 4477 Iudaeos
1323 4424 1619 4491 deserens,
1665 4441 1696 4480 a
1751 4427 1948 4496 populo
1999 4429 2239 4498 gentium

663 4522 947 4584 susceptus
973 4523 1093 4569 est:
1125 4517 1214 4585 qui
1255 4518 1452 4574 multos
1493 4519 1733 4574 ﬁdelium
1756 4521 2022 4577 varietate
2064 4523 2239 4578 virtu-

663 4612 780 4660 tum
812 4616 866 4663 et
886 4607 1255 4666 doctrinarum
1288 4623 1509 4668 ornatos
1539 4614 1768 4671 contulit
1796 4616 2040 4673 Domino.

1233 4765 1459 4824 CAPUT
1498 4768 1678 4824 XVIII.

733 4887 751 4919 ι
796 4868 862 4924 Et
883 4874 1144 4943 praecepit
1162 4891 1260 4931 rex
1285 4875 1420 4933 Ioab
1438 4887 1493 4934 et
1521 4879 1708 4935 Abisai
1731 4881 1993 4948 etEthazi,
2016 4883 2236 4940 dicens:

662 4978 682 5010 ι
726 4959 954 5017 Servate
1004 4965 1136 5019 mihi
1181 4983 1408 5036 puerum
1451 4968 1728 5025 Absalom.
1780 4990 1800 5024 ›
1851 4973 2004 5040 Quod
2059 4985 2238 5030 autem

653 5054 910 5112 Absalom
940 5066 1095 5128 pater
1115 5059 1230 5128 ejus
1264 5061 1432 5116 David
1453 5079 1680 5134 puerum
1713 5066 1967 5136 appellat,
2001 5083 2104 5122 non
2139 5070 2242 5124 uti-

655 5165 760 5218 que
781 5159 940 5208 :etate
963 5155 1163 5219 carnis,
1192 5156 1285 5210 sed
1313 5157 1584 5226 parvitate
1615 5173 1829 5224 sensus,
1859 5158 1963 5215 hoc
1987 5169 2071 5214 est
2103 5161 2240 5215 stul-

655 5237 797 5304 titia,
829 5255 936 5294 non
972 5241 1112 5297 mole
1138 5245 1381 5313 corporis
1410 5245 1562 5301 dicit.

665 5351 667 5354 ⁴
733 5348 751 5378 ε
797 5329 923 5385 Fuit
949 5341 1131 5387 autem
1160 5335 1231 5389 ibi
1251 5335 1492 5405 prtelium
1520 5337 1822 5407 dispersum
1852 5355 2014 5409 super
2042 5339 2236 5397 faciem

663 5435 684 5470 α
728 5423 902 5476 omnis
937 5431 1116 5490 terr-.e,
1147 5435 1203 5480 et
1243 5426 1410 5482 multo
1459 5427 1640 5497 plures
1671 5439 1829 5484 erant
1875 5447 2011 5501 quos
2065 5432 2239 5488 saltus

567 5519 586 5537 θ
669 5531 688 5563 ι
733 5527 1145 5586 consumpserat
1173 5519 1240 5574 de
1266 5519 1484 5591 pepulo,
1511 5537 1675 5592 quam
1698 5522 1754 5577 hi
1782 5537 1918 5592 quos
1949 5533 2241 5579 voraverat

668 5619 688 5650 ι
735 5602 944 5672 gladius
973 5607 1026 5661 in
1062 5609 1222 5667 bello.
1263 5632 1280 5664 ι
1318 5611 1498 5668 Saltus
1539 5612 1627 5668 hic
1657 5612 1748 5682 qui
1776 5613 1958 5682 plures
1988 5629 2242 5670 consum-

659 5693 837 5768 psisse
869 5697 1063 5754 dicitur
1093 5717 1252 5772 quam
1282 5703 1490 5774 gladius
1544 5717 1763 5760 vorasse
1798 5719 1812 5757 :
1852 5705 2052 5760 bestias
2096 5703 2239 5761 fero-

2267 4469 2319 4530 D

2353 3228 2580 3284 sentiam
2612 3227 2959 3296 spernebant,
2994 3234 3049 3280 et
3079 3225 3360 3280 beneﬁciis
3385 3223 3498 3292 ejus
3523 3220 3686 3292 ingrati
3711 3213 3813 3270 exsti-

2355 3328 2552 3374 terant.
2585 3317 2722 3373 llinc
2759 3327 2815 3372 et
2842 3317 2894 3371 in
2922 3317 3173 3387 passione
3217 3331 3319 3371 sua
3341 3315 3649 3387 Ihlasphema
3671 3302 3814 3361 γορεθά

2351 3409 2585 3464 Pilatum
2629 3408 2882 3464 dicebant
2923 3426 2935 3461 :
2976 3425 2995 3457 ‹
3058 3406 3174 3462 Νοη
3196 3405 3461 3462 habemus
3482 3417 3641 3472 regem
3663 3393 3813 3452 nisillr

2350 3516 2551 3558 sarem.
2591 3520 2608 3552 ›
2641 3499 2842 3571 Ingrati
2889 3500 3216 3554 exstiterant
3265 3498 3508 3552 dicentes
3548 3512 3560 3548 :
3604 3512 3621 3544 ι
3656 3491 3702 3545 Si
3733 3489 3814 3540 hunc

2349 3595 2599 3661 dimittis,
2631 3592 2737 3650 non
2769 3609 2830 3648 es
2869 3593 3076 3648 amicus
3105 3591 3340 3647 Caesaris
3372 3589 3545 3661 (Joan.
3575 3585 3686 3652 nx).
3711 3600 3724 3632 ι
3745 3580 3807 3631 ΑΙ)-

2349 3686 2518 3741 salom
2562 3700 2777 3755 quoque
2820 3691 2944 3754 post
2985 3683 3261 3737 interitum
3321 3681 3375 3736 in
3421 3679 3615 3735 foveam
3649 3667 3812 3742 grandem

2348 3779 2549 3834 missus
2578 3785 2662 3832 est
2689 3792 2812 3832 cum
2841 3775 3060 3845 iniquus
3084 3775 3318 3845 quisque
3358 3780 3480 3843 post
3503 3769 3677 3826 obitum
3707 3757 3813 3816 cmis

2347 3869 2403 3923 in
2433 3869 2611 3923 lacum
2631 3865 2824 3922 inferni
2853 3867 3134 3936 mergitur.
3165 3865 3346 3936 Super
3367 3880 3521 3935 quem
3541 3851 3811 3918 acervuslal’l'

2347 3960 2473 4014 dum
2497 3959 2809 4030 congeritur
2846 3977 2866 4012 ε
2888 3975 3012 4014 cum
3043 3958 3241 4014 duritia
3268 3957 3469 4012 mentis
3496 3968 3594 4008 sua:
3619 3949 3676 4004 illi
3697 3955 3813 4011 expro-

2345 4051 2555 4106 bratur.
2587 4049 2756 4105 David
2781 4050 3109 4105 exstinctum
3139 4048 3363 4118 quidem
3388 4043 3602 4116 ploravit
3625 4052 3716 4093 cum
3736 4034 3811 4085 inte

2346 4142 2513 4196 ritum
2553 4141 2735 4212 populi
2775 4140 2984 4196 Iudaici
3021 4140 3280 4196 Dominus
3309 4137 3474 4201 ﬂevit,
3498 4137 3620 4190 sicut
3643 4129 3682 4184 in
3711 4125 3812 4220 Enr

2346 4234 2485 4306 gelio
2521 4234 2718 4302 legitur
2756 4251 2768 4287 :
2816 4253 2834 4285 ι
2869 4233 3063 4288 Videas
3091 4233 3368 4286 civitatem
3403 4225 3710 4299 Hierusalem,
3729 4215 3813 4268 ﬂeti!

2346 4341 2506 4396 super
2553 4325 2702 4380 illam
2757 4323 2906 4395 (Luc.
2952 4323 3051 4395 ix).
3098 4343 3141 4375 i-
3171 4321 3339 4390 Cujus
3385 4319 3596 4392 miserita
3621 4315 3664 4369 in
3684 4315 3809 4401 tantutn

2347 4430 2663 4484 compassus
2691 4424 2796 4480 est,
2825 4421 2885 4467 ut
2912 4413 3077 4467 etiam
3099 4427 3271 4482 usque
3300 4413 3371 4466 ad
3390 4417 3603 4466 inertem
3626 4400 3764 4475 crucis,
3781 4400 3812 4445 ill

2349 4507 2655 4562 eruditione
2683 4516 2738 4562 et
2766 4521 2898 4562 cura
2932 4505 3123 4561 salutis
3164 4521 3275 4560 suae
3305 4498 3656 4574 permanserit.
3697 4539 3702 4546 .

2425 4616 2443 4649 ι
2485 4596 2724 4652 Currens
2771 4611 2900 4667 ergo
2943 4596 3235 4651 Achimaas
3264 4612 3364 4666 per
3413 4595 3547 4648 viam
3590 4577 3810 4652 compendii.

2351 4690 2600 4746 transivit
2626 4689 2810 4746 Chusi.
2847 4707 2867 4741 ι
2893 4689 3186 4744 Achimaas
3209 4689 3349 4743 ﬁlius
3377 4675 3811 4747 διιάοεὴνψιῖβθθίθ

2347 4781 2460 4837 rior
2505 4781 2672 4852 coepit
2719 4789 2772 4836 et
2810 4781 2958 4850 prior
2999 4781 3114 4850 ipse
3156 4777 3540 4850 prtecucurrit,
3581 4765 3808 4858 alacritatem

2349 4871 2708 4942 quorumdam
2760 4879 3073 4926 sanctorum
3118 4871 3490 4941 prieﬁgurasse
3530 4878 3623 4918 non
3672 4853 3809 4950 finiti“?

2347 4971 2449 5017 est.
2505 4961 2609 5028 Qui
2642 4976 2766 5015 cum
2791 4961 2902 5014 sint
2929 4962 3285 5016 conversione
3332 4954 3615 5017 novissimi,
3642 4946 3810 5038 plurimos

2348 5027 2620 5109 tamenex
2641 5053 2722 5108 eis
2747 5052 2839 5122 qui
2865 5051 2983 5108 illos
3006 5054 3200 5122 praeire
3227 5052 3554 5110 videbantur,
3581 5042 3664 5097 ﬁde
3681 5045 3720 5091 et
3737 5027 3810 5084 dii?

2349 5146 2526 5200 ctione
2549 5153 2713 5214 atque
2737 5143 2950 5198 fervore
2979 5144 3202 5212 spiritus
3228 5140 3558 5196 antecedunt.

2919 5242 3148 5298 CAPUT
3196 5241 3334 5296 XIX.

2428 5357 2446 5388 ε
2491 5335 2759 5406 Venitque
2784 5335 3072 5390 universus
3115 5333 3342 5402 populus
3369 5343 3543 5386 coram
3580 5303 3809 5390 regenllle

2349 5428 2603 5483 videlicet
2645 5427 2734 5496 qui
2782 5443 2905 5482 cum
2953 5425 3122 5480 David
3174 5428 3549 5495 permanserat.
3597 5406 3810 5496 Quod

2351 5522 2442 5586 ait,
2486 5540 2504 5571 ι
2542 5488 2708 5575 Israel
2753 5519 2888 5591 fugit
2935 5520 2987 5574 in
3022 5488 3367 5591 tabernacula
3406 5529 3517 5579 sua,
3551 5530 3568 5562 ι
3598 5506 3643 5563 hi
3682 5488 3808 5591 illiilli“

2351 5581 2510 5685 gendi
2542 5619 2670 5667 sunt
2695 5612 2787 5681 qui
2811 5581 2937 5668 cum
2966 5589 3219 5668 AbsalOm
3251 5605 3637 5680 perduellionem
3664 5581 3809 5647 rebelles

2349 5705 2686 5760 exstiterant.
