4044 6336
179 299 290 357 577

1111 297 1363 355 ENARR.
1403 298 1471 354 IN
1509 293 1754 354 LIBROS
1793 291 2054 350 REGUM.
2085 325 2158 336 —
2192 297 2260 354 IN
2297 299 2426 360 LIB.
2466 301 2526 358 II.

3320 305 3425 362 578

247 430 268 464 ι
293 410 656 483 Miphiboseth
677 425 912 481 quoque,
937 410 1078 468 ﬁlius
1100 411 1365 478 Ionathaz,
1396 412 1676 469 descendit
1695 412 1749 466 in
1775 409 1831 472 Α
1853 411 2152 476 exstitit,et
2175 413 2264 482 qui
2292 414 2508 484 aliquod
2530 413 2809 470 consilium
2839 415 3315 487 requirebant,hic
3345 419 3430 474 in-

174 524 196 558 c
221 518 511 559 occursum
535 504 680 576 regis
703 504 864 560 illotis
884 505 1124 575 pedibus.
1157 525 1176 557 ι
1209 505 1267 560 In
1290 505 1518 562 Hebraeo
1539 521 1646 560 non
1673 506 1751 561 lo-

169 596 262 656 tis,
280 595 376 649 sed
396 594 603 663 infectis
635 594 830 665 legitur
849 595 1096 666 pedibus.
1121 595 1354 652 Fecerat
1373 611 1604 666 namque
1625 597 1749 661 sibi,

170 695 232 738 ut
290 684 504 740 Hebraei
574 687 814 753 tradunt,
880 687 1085 757 ligneos
1141 687 1342 758 pedes,
1410 687 1606 757 quibus
1673 687 1751 741 uti

171 775 332 845 quasi
362 790 463 846 pro
504 776 845 832 naturalibus
891 777 1140 841 solebat,
1170 777 1311 832 sicut
1357 777 1535 833 solent
1573 776 1752 834 facere

173 866 375 930 claudi,
406 869 859 937 quemadmodum
892 876 946 924 et
974 869 1063 923 ille
1081 878 1216 923 erat.

254 975 274 1007 ι
316 956 408 1011 Ait
437 967 621 1013 autem
652 973 745 1012 rex
778 959 844 1012 ad
873 958 1231 1029 Miphiboseth
1267 977 1280 1012 :
1317 958 1453 1027 Quid
1484 960 1628 1015 ultra
1675 959 1754 1015 lo-

182 1065 202 1099 c
232 1046 455 1116 queris?
490 1047 681 1102 Fixum
725 1056 809 1103 est
837 1049 979 1119 quod
1007 1047 1221 1103 locutus
1248 1063 1389 1104 sum.
1417 1049 1497 1104 Tu
1543 1060 1599 1106 et
1625 1049 1753 1105 Siba

185 1157 205 1189 ι
239 1137 465 1193 dividite
491 1140 880 1210 possessiones.
921 1157 940 1190 ι
973 1140 1031 1193 In
1066 1138 1291 1195 Hebraeo
1320 1157 1504 1211 agrum
1535 1141 1753 1211 legitur.

177 1226 320 1294 Quia
349 1228 401 1282 in
433 1229 536 1284 hoc
575 1229 694 1285 loco
738 1229 906 1284 David
937 1229 1222 1284 immemor
1250 1229 1504 1284 amicitiae
1555 1229 1654 1284 fuit
1701 1237 1757 1285 et

175 1316 424 1384 fmderis,
451 1318 560 1373 imo
591 1318 884 1390 juramenti
911 1319 1052 1389 quod
1079 1319 1269 1374 habuit
1313 1335 1435 1376 cum
1463 1318 1756 1388 Jonathan,

174 1419 234 1468 et
263 1420 372 1465 tam
404 1411 622 1467 crudele
651 1413 796 1469 dedit
813 1411 1096 1481 judicium,
1122 1413 1309 1468 dicens
1340 1429 1354 1466 :
1391 1433 1409 1465 ‹
1448 1411 1528 1467 Tu
1553 1421 1605 1468 et
1629 1412 1758 1468 Siba

173 1501 406 1557 dividite
447 1517 658 1574 agrum.
705 1523 724 1556 ι
757 1503 964 1559 Idcirco
994 1503 1237 1560 Roboam
1275 1511 1332 1559 et
1360 1501 1666 1568 Jeroboam,
1698 1513 1761 1560 ut

174 1592 356 1656 aiunt,
380 1592 680 1649 diviserunt
705 1595 822 1666 ejus
852 1611 1096 1666 regnum.
1128 1595 1489 1666 Miphiboseth
1517 1596 1662 1650 enim
1703 1596 1760 1650 in

175 1683 449 1739 Samuelis
477 1684 614 1742 libro
640 1685 855 1756 legitur,
882 1686 937 1740 id
964 1694 1070 1752 est,
1097 1685 1454 1755 Mipbiboseth
1493 1685 1758 1755 interpre-

1854 504 2222 572 terrogabant.
2264 504 2332 560 Et
2359 514 2413 561 tu
2437 507 2635 577 quaeris
2674 514 2881 563 tantam
2913 511 3193 565 destruere
3237 511 3428 566 civita-

1853 599 1982 656 tem,
2009 600 2062 646 et
2090 601 2318 649 matrem
2348 596 2557 651 consilii
2583 606 2828 652 evertere
2851 599 2906 653 in
2942 599 3145 653 Israel?
3173 601 3428 657 Dicamus

1853 685 2278 742 convenientius.
2307 689 2398 742 Ait
2429 690 2573 742 enim
2599 703 2616 741 :
2645 697 2675 739 ἰ
2714 687 2907 745 Sermo
2944 692 3142 745 dicitur
3174 693 3229 746 in
3256 693 3428 747 veteri

1853 777 2156 845 proverbio,
2192 797 2212 830 ι
2243 787 2347 833 etc.
2399 777 2458 833 In
2487 777 2709 833 Hebraeo
2749 795 2857 835 non
2887 781 3124 836 habetur
3148 801 3166 833 ‹
3201 796 3428 850 prover-
3529 838 3532 840 γ

1853 867 1962 920 bio.
2006 887 2024 918 ι
2064 867 2171 922 Iste
2198 883 2398 934 sermo,
2433 885 2610 925 sermo
2632 869 2766 942 legis
2807 879 2891 926 est
2919 873 2973 927 in
3002 887 3107 941 qua
3151 872 3371 942 jubetur
3397 888 3428 928 a
3497 947 3502 950 _

1854 957 2083 1017 Domino
2122 975 2219 1031 per
2265 961 2518 1032 Moysen,
2545 971 2606 1018 ut
2651 964 2866 1034 quando
2909 965 3208 1036 ingressuri
3248 974 3432 1022 essent

1857 1063 2060 1110 terram
2101 1053 2356 1108 Chanaan
2387 1062 2442 1108 et
2471 1063 2658 1125 gentes
2685 1055 2935 1122 deleturi,
2980 1057 3216 1126 primum
3244 1073 3433 1127 pacem

1857 1144 2114 1201 oﬁerrent
2145 1164 2165 1201 ι
2189 1154 2246 1200 et
2275 1146 2317 1200 si
2347 1161 2452 1216 pax
2475 1148 2541 1200 ab
2567 1146 2651 1201 eis
2673 1147 3031 1216 reciperetur,
3062 1163 3252 1218 pacem
3295 1150 3431 1204 reci-

1855 1238 2066 1309 pientes
2105 1239 2375 1293 tributarii
2423 1254 2611 1294 eorum
2660 1239 2999 1294 edicerentur
3034 1258 3048 1294 :
3079 1243 3135 1295 et
3169 1241 3214 1296 si
3245 1256 3432 1310 pacem

1858 1345 1968 1386 non
2016 1331 2337 1400 reciperent,
2367 1340 2496 1386 tunc
2537 1345 2568 1384 a
2611 1331 2737 1386 ﬁliis
2778 1331 2941 1387 Israel
2971 1332 3300 1388 delerentur.
3343 1332 3430 1388 ldo

1860 1421 2006 1478 circo
2038 1421 2374 1477 exclamasse
2402 1421 2596 1476 mulier
2623 1423 2837 1491 sapiens
2865 1423 2932 1478 de
2971 1423 3186 1479 civitate
3222 1423 3432 1478 fertur:

1935 1530 1954 1564 ι
2001 1511 2193 1567 Nonne
2217 1527 2314 1582 ego
2351 1527 2472 1568 sum
2509 1526 2630 1581 quze
2669 1513 3010 1582 respondebo
3051 1513 3335 1567 veritatem
3377 1512 3434 1567 in

1867 1620 1885 1654 ι
1919 1602 2104 1668 Israel,
2128 1611 2184 1658 et
2211 1612 2266 1657 tu
2295 1603 2500 1673 quaeris
2544 1603 2862 1658 subvertere
2905 1604 3222 1660 civitatem?
3258 1603 3437 1671 Quare

1868 1713 1887 1746 ι
1917 1696 2222 1766 ρηπεοίρίιθε
2253 1696 2624 1751 haereditatem
2657 1696 2907 1751 Domini?
2942 1717 2962 1748 ι
2995 1696 3075 1752 Ae
3104 1699 3149 1753 si
3183 1699 3428 1753 diceret:

173 1785 331 1829 tatur
359 1775 567 1846 Iitigans
598 1795 716 1831 cum
747 1777 1042 1833 Altissimo.
1079 1776 1321 1848 Litigans
1340 1777 1484 1833 enim
1511 1793 1630 1832 cum
1654 1776 1752 1830 Al-

1862 1786 1968 1843 Cur
1996 1787 2079 1842 vis
2118 1787 2399 1842 destruere
2426 1787 2703 1844 civitatem
2736 1777 2877 1842 hanc
2908 1797 3197 1858 antequam
3245 1805 3434 1858 pacem

176 1866 418 1928 tissimn,
441 1865 493 1920 id
521 1875 605 1922 est
631 1867 742 1922 Deo
765 1867 932 1922 fuisse
955 1867 1175 1933 dicitur,
1193 1883 1258 1923 eo
1285 1868 1424 1937 quod
1452 1867 1757 1922 reduxisset

175 1959 352 2013 David
377 1973 502 2013 cum
531 1975 682 2030 pace.
718 1960 872 2016 Unde
901 1960 1044 2030 quod
1063 1960 1140 2014 ait
1171 1959 1283 2031 regi
1314 1978 1328 2014 :
1367 1979 1386 2012 ‹
1422 1959 1596 2016 Etiam
1627 1975 1758 2014 cun-

179 2067 200 2100 l
236 2057 324 2103 cta
356 2049 588 2119 accipiat
617 2058 902 2121 postquam
928 2064 1180 2105 reversus
1200 2058 1287 2104 est
1322 2049 1573 2104 dominus
1604 2063 1760 2104 meus

179 2157 201 2190 ‹
233 2154 332 2194 rex
358 2139 412 2194 in
441 2141 657 2196 domum
673 2157 824 2196 suam
855 2141 1101 2211 paciﬁce,
1135 2161 1154 2194 ι
1187 2157 1294 2196 non
1317 2142 1421 2197 hoc
1445 2141 1645 2198 dixisse
1669 2157 1759 2196 su-

175 2231 423 2301 spicatur
469 2232 759 2303 gratulanti
811 2233 1010 2296 animo,
1040 2232 1134 2286 sed
1174 2231 1494 2297 insultanti,
1524 2240 1580 2286 et
1601 2230 1759 2302 quasi

175 2331 376 2378 contra
403 2322 573 2378 Deum
602 2322 984 2389 murmuranti,
1016 2337 1086 2378 eo
1109 2321 1254 2393 quod
1293 2321 1553 2378 Dominus
1589 2321 1760 2378 David

175 2416 236 2471 in
263 2429 397 2486 pace
422 2417 746 2472 reduxisset.

260 2524 282 2558 ι
326 2507 392 2560 Et
442 2507 519 2561 ait
562 2505 824 2562 Berzellai
870 2506 940 2562 ad
995 2522 1220 2578 regem:
1252 2505 1350 2561 Est
1389 2513 1571 2562 autem
1619 2505 1759 2561 Cha-

181 2618 207 2652 ‹
242 2613 418 2652 maam
467 2615 656 2654 servus
696 2610 839 2666 tuus,
870 2601 986 2670 ipse
1033 2599 1291 2655 ascendat
1337 2607 1534 2654 tecum.
1572 2618 1590 2652 ι
1622 2598 1762 2654 Cha-

177 2707 364 2746 maam
392 2692 779 2762 interpretatur
825 2693 1132 2763 suspirans,
1158 2692 1398 2762 quandiu
1439 2691 1583 2745 enim
1637 2704 1760 2744 cum

173 2791 337 2852 patre
366 2785 684 2852 permansit,
713 2785 992 2854 suspirans
1040 2791 1264 2839 vocatus
1314 2790 1416 2838 est.
1464 2783 1761 2850 Postquam

175 2870 410 2931 vero'in
459 2876 760 2936 doctrinam
807 2877 982 2933 David
1019 2877 1264 2941 transiit,
1292 2890 1402 2930 non
1443 2874 1757 2940 Chamaam,

176 2966 280 3021 sed
330 2965 553 3035 Chama,
597 2969 740 3038 quod
787 2969 1176 3039 interpretatur
1235 2966 1434 3036 ﬁdelis,
1465 2965 1766 3036 appellatus,

178 3065 299 3113 est.

769 3127 996 3184 CAPUT
1036 3126 1154 3182 XX.

263 3259 288 3292 α
326 3239 536 3296 Accidit
569 3249 748 3296 autem
791 3249 850 3294 ut
897 3239 970 3296 ibi
1016 3247 1162 3295 esset
1209 3238 1292 3293 vir
1329 3237 1516 3304 Belial,
1545 3235 1764 3292 nomine

180 3355 199 3385 ε
239 3331 411 3398 Seba,
439 3331 579 3388 ﬁlius
613 3332 832 3398 Bochri,
857 3333 940 3386 vir
980 3330 1274 3394 Jemineus,
1318 3349 1336 3381 ι
1369 3339 1472 3384 etc.
1513 3327 1652 3384 Seba
1680 3327 1763 3381 vir

174 3423 377 3488 Belial,
408 3424 499 3494 qui
526 3424 877 3481 Israeliticum
899 3422 1158 3494 populum
1185 3437 1214 3475 a
1241 3422 1402 3476 domo
1427 3420 1594 3475 David
1625 3417 1760 3474 (livi-

173 3516 318 3570 dere
356 3524 577 3571 conatus
619 3523 704 3570 est
731 3555 746 3580 ,
786 3514 1015 3586 ﬁguram
1065 3512 1297 3583 gestavit
1342 3511 1718 3566 luereticorum
1743 3548 1758 3574 ,

175 3606 276 3676 qui
309 3604 516 3674 plebem
547 3605 641 3660 Dei
668 3606 914 3660 scindere
940 3605 1206 3668 volentes,
1238 3603 1293 3656 in
1317 3603 1434 3672 ipsa
1468 3616 1563 3657 sua
1594 3615 1762 3671 prava

176 3697 483 3752 intentione
525 3697 676 3766 prius
716 3695 955 3751 damnati
996 3693 1065 3748 ab
1111 3693 1351 3749 Ecclesia
1376 3732 1398 3757 ,
1436 3691 1759 3775 nloriuntur,

175 3801 349 3855 quam
389 3785 495 3841 hoc
519 3787 663 3856 quod
707 3792 1006 3854 (ceperant,
1037 3783 1262 3854 implere
1291 3782 1521 3854 possint.
1553 3781 1628 3836 De
1652 3794 1760 3850 quo

175 3876 398 3947 plenius
427 3877 670 3932 dicemus
696 3877 751 3931 in
785 3883 1083 3946 posterum.

256 3987 280 4020 ι
328 3967 472 4022 Dixit
514 3969 698 4039 itaque
721 3967 856 4024 .Ioab
881 3968 950 4023 ad
992 3967 1248 4022 Amasam
1284 3985 1295 4020 :
1327 3965 1506 4031 Salve,
1537 3965 1611 4019 mi
1653 3963 1762 4019 fra-

181 4079 201 4112 σ
237 4068 348 4114 ter.
377 4059 444 4113 Et
473 4060 644 4114 tenuit
666 4076 829 4114 manu
852 4059 1074 4114 dextera
1098 4067 1335 4113 mentum
1369 4056 1583 4110 Amasre
1603 4055 1759 4126 quasi

183 4170 201 4202 ι
235 4149 495 4206 osculans
537 4167 682 4207 eum.
712 4151 882 4207 Porro
907 4151 1108 4205 Amasa
1149 4165 1256 4204 non
1286 4148 1596 4220 observavit
1642 4146 1759 4217 gla-

181 4259 200 4292 ι
239 4239 394 4296 dium
420 4255 578 4310 quem
624 4239 860 4295 habebat
884 4238 1040 4306 Joab,
1073 4239 1163 4308 qui
1215 4238 1485 4308 percussit
1531 4251 1654 4291 eum
1705 4235 1760 4290 in

181 4352 200 4385 ι
236 4335 435 4400 latere,
460 4342 516 4388 et
557 4333 744 4390 eﬁ'udit
776 4333 1033 4388 intestina
1075 4332 1190 4402 ejus
1221 4332 1274 4386 in
1301 4340 1522 4386 terram.
1566 4348 1585 4381 ι
1622 4327 1762 4396 Quid

175 4433 261 4480 est
312 4426 456 4494 quod
504 4424 637 4481 Joab
668 4423 881 4480 Amasee
905 4423 1152 4479 meutum’
1178 4423 1399 4478 dextera
1447 4421 1638 4486 tenuit,
1665 4419 1760 4475 sed

175 4515 460 4570 sinistram
489 4517 556 4570 ad
596 4515 829 4586 gladium
857 4515 1086 4570 latenter
1125 4515 1366 4579 mittens,
1399 4513 1517 4584 ejus
1546 4513 1760 4568 viscera

176 4606 390 4672 eﬁ'udit,
416 4606 521 4661 nisi
553 4607 656 4662 hoc
683 4607 825 4678 quod
856 4614 1108 4678 patenter
1133 4605 1293 4660 datur
1333 4605 1596 4675 intelligi?
1623 4606 1764 4660 Dex-

177 4705 300 4752 tera
325 4713 558 4768 namque
586 4707 828 4754 mcntum
861 4707 1047 4753 tenere
1090 4707 1200 4763 est,
1229 4697 1383 4766 quasi
1411 4713 1480 4752 ex
1516 4695 1764 4766 benigni-

180 4797 294 4842 tate
320 4787 575 4843 blandiri.
608 4789 714 4844 Sed
744 4789 1022 4845 sinistram
1060 4787 1126 4842 ad
1173 4788 1410 4857 gladium
1453 4788 1642 4854 mittit,
1670 4787 1762 4857 qui

179 4880 413 4936 latenter
430 4897 500 4937 ex
524 4883 726 4937 malitia
753 4883 1003 4952 percutit.
1036 4881 1126 4937 Sic
1172 4881 1307 4937 Joab
1335 4896 1550 4952 quoque
1570 4881 1763 4935 blande

178 4979 230 5024 et
260 4971 496 5042 benigne
517 4973 727 5028 locutus
745 4983 848 5039 est,
877 4973 973 5028 sed
996 4987 1062 5027 ex
1085 4972 1286 5027 malitia
1313 4973 1368 5027 in
1389 4973 1514 5028 dolo
1537 4971 1752 5026 occidit.

257 5080 278 5112 ‹
323 5061 392 5116 Ει
434 5062 760 5118 exclamavit
807 5063 1002 5118 mulier
1036 5065 1252 5133 sapiens
1294 5065 1359 5120 de
1415 5064 1634 5120 civitate
1691 5062 1760 5117 ad

187 5170 206 5203 ι
241 5151 378 5206 Joab
402 5193 416 5216 ,
441 5153 626 5209 dicens
659 5173 672 5208 :
721 5153 932 5219 Sermo,
967 5155 1163 5224 inquit,
1196 5155 1476 5210 dicebatur
1505 5155 1560 5210 in
1591 5153 1760 5210 veteri

191 5263 208 5294 ι
236 5247 528 5316 proverbio
560 5267 573 5302 :
615 5249 716 5316 Qui
748 5249 1104 5320 interrogant,
1130 5250 1462 5320 interrogent
1487 5249 1679 5313 Abela,
1707 5257 1764 5303 et

163 5383 166 5386 .
190 5353 209 5384 ι
246 5336 325 5392 sic
354 5338 728 5408 proﬁciebant.
771 5339 959 5394 Nonne
988 5355 1087 5410 ego
1112 5355 1229 5395 sum
1258 5356 1376 5410 qua:
1424 5340 1760 5410 respondebo

191 5446 210 5476 c
246 5430 530 5485 veritatem
541 5429 727 5498 Israel,
748 5441 803 5486 et
828 5440 884 5487 tu
906 5433 1104 5501 qumris
1123 5433 1436 5488 subvertere
1449 5431 1759 5488 civitatem?

191 5535 211 5566 ι
246 5524 301 5571 et
323 5518 552 5589 reliqua.
585 5539 602 5571 ι
632 5520 724 5575 Ait
747 5521 891 5576 enim
919 5537 932 5576 :
973 5541 991 5572 ι
1023 5519 1454 5591 δειωοιίηίιιιίι,
1481 5521 1760 5576 dicebatur

185 5609 240 5664 in
264 5612 486 5682 antiquo
510 5615 815 5689 proverbio,
839 5615 928 5683 qui
949 5614 1308 5686 interrogant,
1341 5615 1695 5684 interrogent,
1735 5633 1752 5666 ι

186 5711 294 5757 etc.
322 5705 400 5760 Ac
427 5706 471 5761 si
487 5715 669 5777 aperte
693 5707 961 5764 diceretur
987 5721 1001 5760 :
1033 5705 1153 5762 llazc
1179 5706 1368 5763 civitas
1391 5707 1518 5763 urbs
1549 5705 1758 5763 consilii

1858 1877 2241 1949 interrogando
2285 1877 2520 1944 otl'eras,
2566 1877 2707 1932 sicut
2750 1877 2805 1932 in
2859 1877 2977 1948 lege
3019 1877 3284 1945 jubetur?
3324 1880 3434 1934 Cur

1859 1971 2022 2024 etiam
2051 1985 2158 2024 non
2207 1969 2378 2040 legem
2406 1970 2458 2023 in
2504 1969 2661 2024 nobis
2699 1969 2958 2024 Israelitis
2989 1985 3195 2035 servas,
3229 1984 3350 2040 quae
3379 1969 3436 2023 in

1859 2062 2175 2133 alienigenis
2199 2061 2326 2116 olim
2353 2069 2566 2116 servata
2594 2061 2720 2116 est?

1934 2176 1952 2206 ε
1998 2155 2120 2210 Fuit
2146 2163 2324 2210 autem
2351 2153 2485 2209 .Ioab
2509 2169 2669 2223 super
2695 2169 2908 2210 omnem
2933 2153 3120 2209 Israel.
3151 2172 3170 2206 ι
3213 2151 3438 2209 Reditus

1857 2249 2039 2318 itaque
2063 2246 2342 2302 Israelitici
2368 2245 2548 2316 populi
2571 2245 2638 2300 ad
2660 2246 2826 2299 David
2855 2254 2975 2315 post
3003 2243 3435 2299 interfectionem

1856 2338 2142 2404 Absalom,
2162 2338 2394 2393 reditum
2441 2336 2640 2406 prioris
2666 2335 2846 2406 populi
2877 2337 2944 2390 ad
2991 2335 3266 2390 Christum
3314 2345 3437 2404 post

1859 2428 2141 2485 interitum
2169 2441 2458 2498 pravorum
2481 2426 2866 2496 magistrorum
2899 2424 3252 2496 signiﬁcabat.
3295 2421 3437 2478 Seba

1857 2533 1986 2590 ergo
2017 2518 2162 2572 ﬁlius
2185 2517 2406 2583 Bochri,
2438 2517 2530 2586 qui
2559 2516 2810 2586 populum
2834 2515 3138 2570 seducendo
3152 2516 3218 2570 ad
3244 2513 3438 2578 David,

1858 2608 2154 2671 avertebat,
2184 2623 2423 2663 errorem
2467 2606 2741 2676 signiﬁcat
2773 2607 2865 2676 qui
2926 2606 2979 2660 in
3033 2604 3313 2676 Synagoga
3342 2601 3439 2658 Ju-

1861 2701 2097 2756 daeorum
2139 2700 2342 2754 diutius
2379 2698 2778 2762 dominabatur,
2805 2705 2859 2752 et
2893 2712 2921 2749 a
2955 2697 3201 2751 veritatis
3249 2694 3437 2749 auditu

1859 2795 2115 2866 pupulum
2140 2794 2508 2849 subvertebat.
2546 2792 2944 2860 Interpretatur
2967 2798 3149 2844 autem
3182 2789 3326 2842 Seba
3355 2804 3434 2840 se-

1861 2895 1968 2952 cta,
1995 2902 2025 2940 a
2051 2886 2304 2948 secando,
2329 2899 2434 2938 non
2463 2899 2494 2938 a
2526 2882 2802 2937 sectando.
2834 2879 3030 2934 Boehri
3053 2889 3236 2934 autem
3267 2880 3437 2933 inter—

1860 2985 2106 3050 pretatur
2131 2977 2506 3047 primogenitus
2533 2990 2700 3028 meus.
2745 2972 2911 3028 Israel
2939 2987 3067 3042 ergo
3092 2972 3158 3027 de
3180 2986 3286 3040 quo
3308 2971 3443 3026 scri-

1788 3114 1834 3176 C
1863 3077 2011 3139 ptum
2041 3078 2125 3124 est
2157 3087 2168 3122 :
2207 3087 2226 3120 ι
2265 3067 2434 3122 Filius
2461 3065 2852 3137 primogenitus
2889 3064 3054 3120 Israel
3087 3079 3246 3134 quem
3277 3063 3443 3118 eduxi
3483 3077 3487 3080 '

1869 3161 1937 3217 de
1978 3159 2214 3230 Egypto
2255 3157 2452 3229 (Mich.
2507 3156 2620 3227 vr),
2657 3176 2675 3208 ι
2723 3155 2952 3219 Sebam,
2984 3155 3039 3209 id
3095 3162 3180 3210 est
3212 3169 3440 3207 errorem

1867 3260 2094 3316 secutus,
2124 3248 2558 3318 resequestrabat
2589 3235 2622 3301 a
2644 3245 2803 3303 domo
2832 3247 3018 3308 David,
3038 3245 3332 3301 Ecclesiam
3356 3259 3444 3299 se-

1865 3343 2154 3412 metipsam
2201 3340 2488 3410 separabat
2518 3381 2534 3407 ,
2571 3355 2693 3395 cum
2744 3337 2862 3409 ejus
2920 3345 3242 3393 conventum
3293 3349 3447 3390 exse-

1867 3432 2068 3489 crando
2122 3433 2374 3501 negabat.
2434 3431 2498 3484 Ili
2553 3444 2682 3500 ergo
2727 3437 3010 3499 postquam
3055 3443 3152 3497 per
3203 3425 3447 3480 mu.ieris

1866 3522 2128 3592 sapientis
2157 3521 2581 3593 suggestionem,
2600 3530 2656 3574 et
2680 3519 2940 3588 spiritalis
2968 3517 3230 3573 doctrinae
3253 3516 3439 3570 crudi—

1864 3615 2063 3670 tionem
2112 3621 2273 3683 caput
2314 3612 2455 3667 Seba
2502 3611 2866 3674 absciderant,
2895 3609 2948 3663 id
2979 3617 3064 3663 est
3108 3607 3381 3662 diabolum
3411 3621 3444 3660 a

1865 3705 2029 3761 corde
2068 3719 2167 3758 suo
2210 3701 2535 3771 abiecerant,
2569 3716 2694 3755 mox
2729 3701 2798 3754 ad
2856 3699 3026 3753 David
3074 3704 3443 3760 revertuntur,

1865 3780 1990 3850 cum
2034 3794 2310 3850 Christum
2359 3793 2553 3848 Filium
2597 3793 2688 3848 Dei
2729 3792 2890 3848 corde
2929 3788 3152 3846 credulo
3177 3801 3442 3844 veneran-

1867 3899 1972 3944 tur.

2447 4016 2672 4074 CAPUT
2704 4014 2848 4071 XXI.

1932 4150 2032 4206 Hic
2076 4148 2336 4220 sequitur.
2365 4147 2596 4218 qualiter
2649 4145 2819 4200 fames
2856 4144 2998 4198 facta
3047 4140 3218 4196 estin
3259 4139 3447 4194 diebus

1864 4241 2031 4296 David
2064 4239 2235 4308 tribus
2263 4237 2440 4292 annis.
2475 4235 2543 4290 Et
2581 4249 2702 4289 cum
2735 4231 3094 4288 consuluisset
3134 4229 3443 4292 Dominum,

1863 4313 2192 4402 responsum
2209 4331 2336 4386 est:
2368 4328 2518 4396 Quod
2549 4335 2768 4398 propter
2794 4324 2923 4381 Saul
2977 4333 3032 4378 et
3070 4324 3287 4378 domum
3329 4320 3448 4393 ejus

1865 4434 1920 4480 et
1951 4425 2287 4495 sanguinem,
2335 4423 2460 4492 quia
2495 4420 2696 4476 occidit
2738 4418 3084 4482 Gabaonitas,
3117 4425 3173 4471 et
3218 4413 3443 4484 reliqua.

1867 4516 1988 4571 Filii
2020 4513 2148 4570 Saul
2173 4513 2263 4583 qui
2295 4528 2416 4568 cum
2445 4511 2590 4582 Doeg
2636 4509 2889 4574 Idumam,
2919 4510 3044 4564 dum
3094 4508 3268 4562 adhuc
3295 4505 3447 4575 pueri

1870 4615 2070 4672 essent,
2100 4604 2413 4660 sacerdotes
2432 4613 2486 4658 et
2515 4601 2842 4656 Gabaonitas
2861 4600 2912 4653 in
2937 4597 3085 4653 Nube
3110 4597 3442 4656 occiderant,

1871 4699 1928 4754 hi
1954 4705 2079 4753 sunt
2100 4696 2323 4751 Armoni
2348 4702 2404 4748 et
2437 4692 2814 4762 Miphiboseth,
2849 4705 2985 4760 quos
3013 4689 3219 4760 peperit
3239 4688 3287 4742 ei
3313 4685 3447 4740 Res-

1869 4789 1975 4858 pha
1997 4786 2106 4842 ﬁlia
2132 4785 2292 4850 Allia,
2317 4794 2372 4839 et
2391 4785 2628 4853 quinque
2657 4782 2748 4836 ﬁlii
2773 4781 2964 4836 Michol
2993 4781 3114 4834 ﬁlia:
3136 4779 3283 4842 Saul,
3313 4791 3449 4845 quos

1871 4857 2057 4952 genuit
2081 4877 2285 4931 Adrieli
2317 4875 2428 4930 ﬁlio
2451 4874 2730 4937 Berzellai,
2749 4873 2838 4942 qui
2869 4873 2968 4926 fuit
2987 4873 3054 4927 de
3081 4857 3241 4925 demo
3266 4865 3445 4920 Lathi.

1869 4971 2138 5041 Quaeritur
2173 4985 2270 5024 cur
2291 4968 2384 5022 ﬁlii
2413 4966 2606 5022 Michol
2635 4965 2902 5028 dicuntur,
2935 4981 3054 5019 cum
3081 4977 3186 5017 non
3227 4955 3445 5021 Michol,

1869 5065 1962 5120 sed
1983 5063 2098 5133 ejus
2124 5075 2278 5116 soror
2305 5057 2488 5112 Merod
2517 5072 2654 5112 uxor
2688 5055 2850 5110 fuerit
2874 5053 3070 5109 Adrieli
3101 5051 3208 5104 ﬁlio
3235 5045 3448 5100 Bereci-

1869 5153 1973 5208 lai?
2003 5152 2154 5219 Quod
2178 5151 2250 5204 ita
2279 5149 2506 5205 solvitur
2535 5166 2548 5201 :
2577 5145 2759 5200 Merob
2785 5145 2981 5214 quippe
3011 5157 3104 5196 eos
3133 5135 3450 5192 naturaliter

1871 5243 2077 5315 genuit,
2105 5249 2159 5296 et
2211 5239 2408 5294 Michol
2437 5254 2573 5292 uxor
2601 5237 2790 5300 David,
2822 5250 2941 5303 qua:
2970 5239 3023 5285 et
3070 5229 3200 5299 Egla
3227 5226 3444 5289 dicitur,

1871 5319 1965 5388 eos
1997 5332 2046 5385 in
2075 5331 2192 5386 loco
2223 5330 2452 5384 ﬁliorum
2488 5327 2735 5390 nutrivit,
2762 5318 2816 5378 et
2845 5323 2943 5378 sibi
2975 5322 3024 5373 in
3055 5319 3192 5373 ﬁlios
3221 5317 3446 5386 adopta-

1867 5424 1967 5489 vit,
2013 5410 2360 5490 idtireo'ejus
2391 5421 2481 5475 ﬁlii
2509 5411 2762 5474 dicuntur
2796 5437 2808 5470 :
2849 5435 2866 5465 ι
2901 5412 3022 5467 Filii
3063 5412 3209 5464 enim
3257 5408 3448 5471 Israel,

1865 5523 1924 5570 ut
1955 5514 2231 5586 Scriptura
2261 5512 2450 5578 refert,
2469 5510 2786 5580 iuraverunt
2827 5503 3163 5566 Gabaonitis,
3199 5501 3292 5556 sed
3320 5497 3447 5553 Saul

1866 5609 2034 5664 voluit
2060 5617 2344 5680 percutere
2383 5621 2477 5660 eos
2523 5604 2637 5659 zelo
2685 5601 2837 5671 quasi
2885 5615 2981 5670 pro
3014 5596 3135 5651 ﬁliis
3171 5591 3332 5652 Israel
3394 5600 3450 5647 et

1865 5703 2024 5772 Iuda,
2055 5723 2070 5756 ι
2105 5719 2170 5760 eo
2195 5703 2335 5772 quod
2361 5700 2577 5758 eosdem
2609 5697 2785 5752 vivere
2814 5693 2974 5751 Iosue
2997 5691 3161 5764 gratis
3183 5687 3445 5760 quodam-
