4044 6336
589 329 695 385 579

1629 317 1984 377 ANGELOMI
2022 314 2480 374 LUXOVIENSIS
2514 315 2815 376 MONACHI

3765 313 3863 373 $80

578 438 742 493 modo
762 435 1090 507 permiserit,
1134 441 1189 491 et
1216 432 1502 491 abstulerit
1526 447 1555 488 a
1587 432 1710 487 ﬁliis
1730 430 1897 487 Israel
1925 429 2161 500 prmdam
2192 434 2235 495 Α
2266 432 2339 486 rit
2358 436 2389 497 ,‘
2409 432 2495 487 vel
2528 432 2693 488 alium
2736 429 3035 503 quemlibet
3053 430 3159 488 hoc
3204 431 3427 489 nomine
3458 430 3761 499 notaverit,
3784 429 3862 487 iu-

580 546 769 589 eorun
794 531 1020 602 injuste.
1062 529 1232 600 Hujus
1274 528 1494 583 ultionis
1521 541 1683 583 causa
1729 526 1782 580 in
1839 524 2168 581 Gabaonitas
2273 531 2480 577 certum
2508 531 2607 577 est.
3454 568 3459 573 .

572 620 890 677 Abimeleclt
911 619 1163 675 sacerdos
1183 619 1414 683 exstitit,
1441 626 1495 674 et
1516 618 1634 671 ideo
1656 615 1827 672 fames
1854 625 2039 671 exorta
2065 624 2165 671 est.

582 713 779 767 Fames
808 712 989 780 itaque
1046 709 1163 765 hzec
1201 707 1471 776 signiﬁcat
1521 706 1863 762 sterilitatem
1906 707 2173 761 bonorum

581 819 806 873 cperum
829 802 882 856 in
906 800 1175 870 plebibus,
1205 807 1425 868 propter
1450 797 1832 868 negligentiam
1864 796 2168 861 doctorum,

590 894 719 949 dum
762 892 1060 948 inserviunt
1093 889 1475 959 cupiditatibus
1514 888 1767 953 terrenis,
1799 895 1854 941 et
1899 903 2005 941 non
2051 901 2173 956 pro-

586 994 786 1041 curant
820 993 1033 1057 pastum
1078 982 1387 1051 impendere
1441 979 1862 1051 prazdicationis.
1903 978 2172 1034 Necantur

585 1089 720 1144 ergo
746 1072 1079 1137 Gabaonitaa,
1104 1086 1226 1126 cum
1253 1071 1490 1127 studium
1530 1078 1691 1125 recta:
1721 1068 2166 1132 conversationis,

586 1176 645 1222 et
694 1165 1015 1221 restauratio
1057 1162 1413 1234 pcenitentiae,
1441 1169 1564 1233 post
1598 1160 1806 1231 lapsum
1834 1162 1903 1216 ab
1942 1160 2172 1215 incautis

586 1270 684 1326 per
709 1256 994 1311 haereticos
1024 1269 1116 1309 seu
1141 1268 1237 1324 per
1263 1251 1527 1323 malignos
1553 1252 1779 1322 spiritus
1813 1251 2167 1306 subtrahitur.

586 1340 805 1398 Gabaon
835 1345 977 1397 enim
1008 1341 1159 1397 collis
1195 1342 1428 1396 maeroris
1458 1342 1863 1412 interpretatur.
1915 1340 1984 1395 Et
2035 1340 2172 1395 bene

586 1434 900 1491 Gabaonita:
926 1434 1196 1490 interfecti
1223 1434 1494 1498 dicuntur,
1526 1449 1650 1489 cum
1691 1432 1942 1489 desidiosi
1973 1433 2172 1502 quique

583 1533 707 1594 post
736 1531 1040 1594 perpetrata
1091 1522 1317 1587 scelera,
1345 1538 1485 1578 vana
1533 1538 1628 1593 spe
1656 1522 1968 1579 securitatis
1993 1538 2023 1576 a
2057 1522 2173 1576 dia-

584 1614 709 1669 bolo
748 1614 1094 1679 deluduntur,
1142 1613 1233 1683 qui
1285 1613 1471 1668 dicunt
1501 1630 1515 1667 :
1554 1633 1572 1665 ι
1607 1613 1895 1669 Faciamus
1923 1610 2083 1677 mala,
2114 1620 2174 1668 ut

583 1705 805 1761 veniant
853 1706 1007 1761 nobis
1034 1707 1174 1759 bona
1205 1703 1377 1775 (Rom.
1411 1708 1493 1775 ιιι)
1526 1724 1538 1759 :
1580 1725 1600 1758 ι
1637 1720 1866 1775 quorum
1896 1705 2175 1762 damnatio

2348 631 2369 665 ι
2396 614 2653 681 Quartum
2676 613 2874 668 bellum
2896 611 2999 668 fuit
3022 613 3079 669 in
3098 614 3260 679 Geth,
3284 633 3304 668 ι
3332 621 3388 670 et
3417 613 3656 684 reliqua,
3674 626 3865 681 usque-

2272 717 2381 772 quo
2422 703 2517 769 ait,
2554 723 2572 754 ι
2621 701 2687 756 Hi
2718 711 2950 773 quatuor
2973 703 3083 758 nati
3109 714 3235 759 sunt
3279 704 3346 760 de
3372 703 3597 772 Arapha
3623 703 3682 757 in
3706 701 3863 766 Geth.

2278 812 2297 844 ι
2344 803 2398 848 et
2449 795 2763 851 ceciderunt
2808 797 2862 850 in
2885 811 3045 849 manu
3077 796 3244 851 David
3269 805 3324 853 et
3346 811 3635 851 servorum
3672 794 3812 863 ejus.
3843 815 3860 848 ι

2272 882 2515 951 Quatuor
2550 885 2651 938 ista
2678 883 2814 938 bella
2842 893 3031 940 contra
3067 883 3384 940 Palmstinos
3426 885 3637 940 bellum
3666 883 3866 954 signiﬁ-

2271 983 2396 1029 cant
2425 973 2626 1030 Christi
2653 976 2794 1045 quod
2824 976 2969 1030 omni
2999 985 3240 1047 tempore
3266 977 3427 1031 istius
3453 977 3584 1031 vita:
3612 976 3675 1029 in
3703 991 3863 1030 mem-

2271 1064 2386 1121 bris
2427 1069 2539 1122 suis
2567 1078 2756 1123 contra
2801 1067 3038 1138 perﬁdos
3076 1085 3320 1140 quosque
3365 1070 3526 1124 istius
3576 1068 3865 1133 saeculi,et

2271 1168 2461 1213 contra
2507 1160 2779 1231 spiritales
2812 1161 3082 1231 nequitias
3141 1163 3479 1219 incessanter
3530 1162 3677 1232 agit.
3730 1160 3865 1215 Licet

2271 1251 2414 1303 enim
2444 1249 2614 1305 fastus
2635 1251 2960 1316 mundanus,
2991 1250 3070 1304 vel
3084 1259 3305 1321 propter
3330 1253 3469 1306 vitas
3495 1250 3866 1321 malignam

2271 1338 2578 1409 spirituum,
2618 1354 2679 1394 se
2714 1338 2889 1409 erigat
2930 1349 3117 1394 contra
3150 1339 3449 1395 Ecclesiam
3474 1338 3729 1402 Christi,
3766 1354 3867 1393 om-

2271 1429 2357 1484 nis
2404 1438 2583 1485 tamen
2628 1432 2967 1502 principatus
3015 1433 3472 1499 adversariorum,
3501 1447 3646 1488 vero
3688 1433 3867 1497 David,

2272 1523 2376 1577 hoc
2408 1532 2491 1578 est
2512 1539 2637 1593 rege
2663 1523 2880 1580 Christo
2919 1525 3215 1595 imperante
3270 1541 3336 1580 ac
3364 1524 3553 1595 praelia
3574 1540 3865 1579 servorum

2273 1629 2491 1670 suorum
2523 1616 2862 1686 disponente,
2915 1617 3078 1683 cedit,
3109 1624 3167 1673 et
3204 1631 3395 1672 omnes
3416 1615 3740 1671 adversarii
3765 1616 3869 1669 vin-

2273 1714 2486 1759 cuntur.
2527 1705 2681 1762 Unde
2727 1706 3011 1763 Psalmista
3051 1720 3119 1761 ex
3162 1722 3393 1778 persona
3434 1706 3723 1787 Ecclesig
3740 1720 3867 1760 cou-

581 1796 733 1866 justa
779 1804 882 1851 est.
916 1796 1022 1851 Sed
1051 1794 1270 1865 Respha
1298 1810 1418 1863 quae
1453 1795 1844 1865 interpretatur
1874 1810 2079 1860 cursus,
2114 1794 2175 1848 ﬁ-
2203 1788 2250 1848 B
2277 1794 2507 1857 ﬁdenter
2558 1797 2691 1854 dicit
2730 1814 2743 1850 :
2799 1816 2819 1850 ‹
2880 1797 2940 1853 In
2996 1798 3110 1854 Deo
3166 1794 3805 1877 facierth-tutem,
3845 1816 3865 1849 ι

588 1885 661 1940 lia
692 1884 860 1945 Allia},
878 1885 967 1955 qui
993 1885 1378 1952 interpretatur
1402 1883 1705 1952 fraterejus,
1719 1883 1903 1938 tollens
1920 1883 2171 1950 cilicium,

591 1976 886 2031 substravit
920 1975 1021 2030 sibi
1050 1990 1211 2044 super
1236 1983 1467 2042 petram,
1504 1985 1559 2028 et
1587 1975 1757 2029 donec
1787 1974 2014 2029 stillaret
2035 1991 2175 2045 aqua

593 2079 759 2134 super
792 2079 885 2119 eos
912 2064 978 2119 de
1016 2065 1186 2129 coelo,
1217 2073 1272 2117 et
1298 2079 1403 2117 non
1433 2063 1635 2118 dimisit
1659 2078 1784 2119 aves
1814 2063 2055 2120 lacerare
2084 2079 2179 2120 eos

590 2170 691 2226 per
717 2156 883 2219 diem,
914 2170 1087 2225 neque
1112 2153 1318 2210 bestias
1347 2169 1446 2224 per
1490 2162 1725 2219 noctem,
1763 2169 1886 2208 cum
1922 2153 2009 2224 pia
2031 2154 2174 2210 solli-

592 2245 774 2302 citudo
829 2256 1136 2301 sanctorum
1190 2245 1387 2301 talibus
1419 2260 1745 2301 succurrens
1772 2246 1961 2316 rigore
1983 2243 2181 2315 jejunii

593 2344 757 2406 atque
800 2337 1070 2393 instantiae
1096 2352 1319 2408 precum
1350 2337 1636 2403 incumbit,
1668 2337 1838 2392 donec
1862 2337 2180 2392 misericor-

593 2427 736 2481 diam
766 2426 861 2483 Dei
893 2427 1145 2496 impetret
1182 2442 1345 2498 super
1383 2442 1477 2483 eos
1519 2428 1586 2482 de
1610 2427 1748 2484 caelo
1780 2443 1797 2481 :
1831 2442 2180 2499 compescens

589 2516 839 2572 videlicet
870 2532 1067 2586 pravos
1108 2518 1374 2584 homines,
1403 2533 1611 2573 necnon
1641 2526 1697 2573 et
1725 2519 1991 2589 malignos
2018 2517 2181 2588 spiri-

591 2617 700 2674 tus,
726 2609 908 2679 pravis
941 2607 1369 2680 suggestionibus
1395 2623 1582 2663 eorum
1613 2607 1779 2663 vitam
1808 2607 2183 2663 ulteriuscor-

591 2711 862 2766 rumpere.

670 2806 689 2839 ‹
733 2786 959 2842 Factum
1005 2796 1092 2844 est
1140 2795 1321 2843 autem
1376 2803 1592 2843 rursum
1644 2786 1890 2858 prtelium
1950 2785 2187 2842 Philisti-

594 2893 613 2926 o
658 2890 850 2931 norum
891 2877 1151 2932 adversus
1199 2876 1405 2942 Israel,
1459 2896 1478 2930 ι
1519 2886 1576 2932 et
1618 2877 1865 2948 reliqua,
1904 2890 2184 2948 usquequo

591 2967 692 3031 ait,
734 2986 753 3018 ‹
813 2967 1030 3022 tertium
1078 2983 1293 3038 quoque
1337 2968 1537 3024 bellum
1587 2968 1687 3023 l'uit
1728 2969 1783 3023 in
1826 2968 1944 3024 Gob
1993 2976 2183 3024 contra

604 3076 623 3106 ι
670 3056 1044 3123 Philistiueos,
1090 3058 1145 3111 in
1194 3074 1304 3129 quo
1352 3059 1623 3128 percussit
1680 3059 1991 3115 Adeodatus
2040 3058 2182 3114 illius

599 3167 617 3199 ι
666 3147 834 3204 saltus
882 3149 1259 3221 polymitarius
1313 3150 1729 3208 Bethlehemites
1762 3140 2016 3207 'Goliath
2077 3151 2182 3208 Ge-

599 3258 619 3290 (
667 3239 882 3294 linteum.
929 3260 947 3291 ι
984 3238 1134 3293 Multi
1165 3240 1328 3310 igitur
1375 3241 1660 3310 requirunt
1709 3241 1833 3311 quis
1879 3241 2042 3296 fuerit
2079 3242 2181 3297 iste

599 3330 928 3398 Adeodatus,
959 3331 1098 3386 ﬁlius
1119 3330 1307 3395 saltus,
1333 3332 2177 3404 polymitarius,Bethlchemites.

600 3419 710 3476 Sed
739 3418 996 3477 Hebrzeus
1041 3435 1181 3491 saepe
1225 3420 1402 3476 dictus
1442 3423 1513 3476 ita
1546 3424 1786 3493 exponit.
1845 3422 2179 3491 Adeodatus,

592 3511 789 3581 inquit,
832 3512 946 3583 ipse
995 3521 1081 3567 est
1113 3512 1302 3567 David.
1344 3512 1550 3568 Idcirco
1603 3514 1803 3568 dicitur
1846 3512 2176 3581 Adeodatus,

592 3603 716 3673 quia
747 3618 777 3658 a
800 3603 910 3659 Deo
934 3603 1139 3660 electus
1166 3612 1251 3658 est
1275 3605 1329 3659 in
1352 3619 1599 3676 regnum.
1627 3604 1797 3661 Filius
1826 3606 2014 3671 saltus,
2045 3607 2176 3677 quia

591 3693 660 3749 de
688 3693 825 3748 saltu
854 3694 946 3749 ubi
973 3709 1103 3749 oves
1127 3695 1403 3764 pascebat,
1424 3697 1649 3753 eductus
1669 3706 1771 3753 est.
1794 3697 2181 3769 Polymitarius

591 3799 743 3849 vero,
771 3786 896 3855 quia
928 3785 995 3840 de
1025 3801 1223 3857 genere
1266 3787 1503 3842 Beseleel
1525 3796 1700 3844 mater
1718 3788 1835 3858 ejus
1864 3788 1991 3845 fuit.
2016 3789 2183 3845 Beth-

598 3873 907 3943 lehcmites,
940 3878 1066 3947 quia
1094 3878 1161 3932 de
1199 3878 1512 3934 Bethlchem
1544 3881 1762 3936 civitate
1790 3882 2018 3938 exstitit.
2044 3881 2179 3937 Nam

596 3966 789 4024 Noemi
827 3978 882 4025 et
911 3969 1057 4026 Ruth
1088 3980 1333 4042 tempore
1371 3973 1656 4039 ubertatis,
1693 3988 1757 4028 ex
1785 3974 1982 4043 quibus
2012 3973 2179 4029 David

593 4065 747 4112 ortus
770 4067 875 4115 est.
907 4074 1139 4115 reversa:
1167 4071 1293 4115 sunt
1317 4062 1371 4115 in
1393 4060 1731 4117 Bethlehem.
1762 4063 1831 4117 Et
1859 4063 1985 4133 quia
2015 4078 2182 4118 causa

597 4152 754 4219 panis
780 4149 925 4205 Ruth
965 4150 1107 4207 Booz
1147 4161 1272 4208 nota
1302 4160 1388 4209 est
1434 4173 1448 4209 :
1504 4154 1710 4211 idcirco
1737 4155 1879 4211 idem
1907 4154 2057 4211 locus
2085 4155 2182 4211 do-

598 4256 723 4295 mus
746 4243 899 4310 panis
927 4252 1150 4298 vocatus
1168 4252 1271 4299 est.
1296 4239 1450 4300 Unde
1468 4244 1586 4300 Gob
1614 4245 1668 4299 in
1703 4260 1812 4315 quo
1835 4232 1938 4299 fuit
1959 4244 2178 4312 bellum,

594 4343 656 4387 ut
680 4332 818 4388 idem
843 4333 1099 4392 ilebrteus
1140 4336 1431 4402 transtulit,
1462 4336 1611 4391 lacus
1642 4339 2030 4408 interpretatur
2059 4353 2074 4392 :
2102 4337 2182 4392 id-

594 4424 742 4480 circo
769 4427 896 4495 quia
931 4428 1070 4483 sicut
1098 4429 1152 4483 in
1196 4429 1372 4484 lacum
1423 4427 1636 4484 leonum
1679 4430 1803 4500 quis
1843 4430 2083 4485 nutritur
2123 4437 2179 4485 et

591 4506 837 4586 prteceps
874 4516 1092 4584 labitur,
1135 4520 1209 4573 ita
1259 4518 1429 4574 David
1461 4519 1813 4590 semetipsum
1844 4528 2036 4574 contra
2069 4518 2174 4575 Go-

514 4606 519 4609 ’
592 4605 724 4661 liatli
765 4605 976 4663 fortiter
1008 4609 1074 4663 ad
1112 4610 1456 4680 pugnandum
1482 4612 1749 4680 opposuit.
1803 4610 1974 4678 Quem
2013 4612 2176 4665 etiam

594 4710 817 4750 sensum
841 4696 1094 4753 videlicet
1109 4696 1251 4767 quod
1279 4700 1346 4753 ab
1371 4714 1437 4755 eo
1463 4700 1618 4755 datus
1644 4700 1810 4755 David
1842 4700 2174 4772 intelligitur,

593 4786 877 4855 sequentia
924 4788 1224 4855 declarant,
1283 4789 1397 4856 ubi,
1438 4790 1666 4861 erpletis
1688 4791 1909 4862 praeliis,
1960 4791 2182 4860 subjun-

591 4877 767 4946 gitur:

669 4986 687 5017 ε
740 4967 802 5021 ili
825 4978 1058 5038 quatuor
1087 4971 1199 5026 nati
1227 4981 1354 5026 sunt
1388 4972 1454 5028 de
1484 4973 1698 5043 Arapha
1730 4974 1785 5029 in
1816 4972 1977 5039 Geth,
2008 4982 2060 5029 et
2088 4988 2178 5030 ce-

599 5077 617 5108 r
663 5060 910 5115 ciderunt
940 5061 993 5115 in
1019 5076 1178 5116 manu
1207 5063 1374 5117 David
1400 5071 1456 5118 et
1483 5079 1761 5119 servorum
1785 5062 1921 5134 ejus.
1954 5083 1972 5117 ι
2005 5063 2177 5121 Judaei

594 5164 809 5220 quoque
837 5152 981 5207 hanc
1004 5152 1307 5223 Arapham,
1334 5163 1560 5210 matrem
1585 5155 1861 5227 gigantum
1892 5173 1905 5209 :
1931 5153 2175 5226 Orphan,

596 5256 793 5296 nurum
830 5243 1016 5301 Noemi
1058 5259 1180 5300 esse
1218 5245 1570 5301 arbitrantur.
1607 5246 1743 5301 Nam
1772 5255 1828 5303 et
1874 5246 2056 5303 taliter
2077 5262 2177 5303 nos

594 5333 759 5388 etiam
813 5334 865 5389 in
896 5336 1176 5406 cujusdam
1233 5336 1508 5392 volumine
1553 5338 1812 5407 scriptum
1850 5337 2175 5408 reperimus.

597 5420 867 5493 Jusephus
893 5426 943 5479 in
970 5427 1178 5481 duobus
1204 5426 1404 5497 preeliis
1446 5428 1740 5483 concordat
1759 5426 2180 5497 cum,Scriptura

597 5511 832 5584 Regum.
876 5518 952 5572 De
981 5520 1141 5574 tertio
1170 5519 1356 5590 praelia
1393 5521 1470 5574 ait
1497 5536 1509 5571 :
1541 5520 1683 5590 quod
1723 5518 1972 5590 apparuit
2004 5518 2178 5583 fortis,

597 5605 845 5662 mittente
871 5608 1039 5663 David
1065 5614 1367 5667 exercitum
1399 5612 1615 5669 nomine
1666 5611 1874 5682 Ephan,
1919 5617 2180 5679 cognatus

595 5695 734 5766 ejus.
771 5695 878 5755 Sed
904 5706 1082 5757 utrum
1107 5704 1278 5773 ipsum
1302 5702 1639 5761 Adeodatum
1664 5701 1851 5773 Ephan
1877 5697 2181 5773 appellave-

2207 3128 2254 3195 C

2205 4479 2253 4539 D

2276 1892 2382 1942 etc.

2837 2019 3065 2078 CAPUT
3106 2021 3269 2079 XXII.

2357 2176 2376 2209 ι
2407 2156 2643 2211 Locutus
2682 2163 2765 2209 est
2805 2162 2985 2209 autem
3035 2152 3202 2208 David
3252 2152 3480 2208 Domino
3528 2153 3711 2209 verba
3763 2171 3871 2211 ar-

2285 2270 2304 2302 ι
2347 2249 2507 2305 minis
2546 2247 2725 2317 hujus,
2775 2247 2830 2301 in
2865 2245 2954 2301 die
2991 2260 3098 2315 qua
3139 2245 3389 2300 liberavit
3434 2261 3560 2300 eum
3601 2245 3869 2302 Dominus

2285 2357 2304 2390 ι
2340 2338 2407 2393 de
2431 2352 2591 2391 manu
2616 2335 2855 2391 omnium
2882 2334 3225 2389 inimicorum
3254 2349 3494 2399 suorum,
3520 2343 3581 2390 et
3606 2337 3684 2390 de
3712 2352 3865 2390 manu

2286 2448 2307 2482 ι
2344 2429 2492 2485 Saul.
2525 2429 2593 2482 Et
2615 2427 2725 2481 ait:
2753 2426 3015 2480 Dominus
3040 2431 3194 2495 petra
3222 2438 3365 2491 mea,
3401 2443 3419 2476 ι
3452 2433 3562 2480 etc.
3592 2424 3871 2492 Quaeritur

2282 2536 2382 2577 cur
2421 2519 2567 2576 solus
2620 2518 2880 2589 septimus
2925 2515 3167 2571 decimus
3201 2516 3441 2586 psalmus
3487 2518 3867 2571 tantummodo

2283 2612 2338 2667 in
2372 2611 2511 2666 libro
2540 2608 2746 2680 Regum
2774 2607 3077 2677 reperiatur
3116 2608 3452 2677 conscriptus
3471 2605 3497 2659 ἵ
3521 2604 3637 2661 Nec
3680 2605 3869 2662 imme-

2284 2703 2393 2757 rito
2425 2700 2667 2771 psalmus
2703 2697 2805 2753 iste
2832 2697 2885 2750 in
2921 2696 3230 2766 Regnorum
3262 2695 3415 2751 libris
3463 2695 3612 2751 solus
3658 2697 3866 2751 inveni-

2282 2780 2398 2857 tur,
2426 2790 2548 2865 quia
2580 2804 2800 2860 regnum
2844 2786 2972 2842 illud
3017 2786 3310 2857 signiﬁcat,
3349 2787 3441 2842 ubi
3490 2786 3869 2841 adversarium

2284 2882 2488 2937 nullum
2520 2880 2854 2936 habebimus.
2903 2877 2971 2932 Et
3008 2877 3112 2933 hoc
3153 2886 3265 2944 est,
3301 2876 3444 2947 quod
3474 2876 3526 2931 in
3560 2875 3862 2947 praetitula-

2285 2975 2432 3029 tione
2476 2971 2668 3043 psalmi
2708 2969 2869 3039 hujus
2911 2968 3167 3026 scribitur
3205 2982 3220 3023 :
3256 2988 3276 3020 ι
3314 2968 3379 3023 In-
3409 2969 3498 3024 die
3529 2983 3636 3038 qua
3668 2967 3867 3037 eripuit

2287 3079 2415 3119 eum
2447 3061 2706 3117 Dominus
2758 3061 2825 3116 de
2863 3075 3027 3115 manu
3079 3059 3322 3115 omnium
3353 3059 3707 3116 inimicorum
3752 3075 3867 3116 suo-

2285 3170 2425 3220 rum,
2462 3162 2517 3211 et
2543 3153 2615 3207 de
2637 3167 2799 3207 manu
2834 3149 2981 3205 Saul.
3023 3168 3045 3202 ι

2359 3264 2379 3297 ε
2405 3246 2472 3301 Ει
2494 3245 2607 3298 ait:
2640 3241 2900 3298 Dominus
2918 3249 3067 3311 petra
3096 3256 3214 3296 mea
3236 3252 3291 3298 et
3316 3241 3582 3313 refugium
3611 3254 3812 3294 meum.
3838 3258 3863 3290 ι

2283 3335 2415 3404 Quis
2443 3335 2586 3390 enim
2617 3333 2879 3403 ﬁguratur
2907 3330 2960 3384 in
2996 3329 3160 3384 David
3189 3330 3293 3384 nisi
3334 3330 3423 3386 ille
3452 3331 3543 3400 qui
3588 3331 3742 3385 venit
3778 3347 3863 3386 se-

2283 3427 2516 3485 cundum
2562 3438 2780 3480 carnem
2821 3438 2888 3478 ex
2923 3422 3131 3477 semine
3175 3422 3343 3478 David
3374 3423 3400 3477 Ψ
3435 3422 3536 3491 Qui
3582 3423 3777 3491 utique
3811 3422 3859 3475 in

2283 3528 2511 3587 corpore
2556 3529 2656 3569 suo
2693 3512 2835 3583 quod
2876 3518 2963 3566 est
3002 3510 3261 3576 Ecclesia,
3304 3512 3481 3568 adhuc
3517 3513 3735 3582 patitur
3768 3512 3852 3565 ini-

2281 3610 2476 3674 micos,
2505 3608 2647 3678 quod
2676 3618 2872 3675 corpus
2904 3618 3010 3657 non
3050 3602 3280 3672 eripitur
3322 3605 3390 3661 de
3419 3619 3582 3658 manu
3616 3603 3857 3657 inimico-

2280 3717 2425 3766 rum,
2457 3700 2569 3757 nisi
2595 3714 2716 3755 cum
2741 3708 2797 3753 et
2826 3714 2845 3748 ι
2889 3696 2978 3752 illa
3024 3697 3317 3753 novrssima
3358 3696 3579 3752 inimica
3623 3696 3857 3750 destrue-

2283 3801 2373 3848 tur
2407 3806 2555 3847 mors
2601 3789 2654 3863 (Ι
2697 3789 2819 3845 Cor.
2850 3790 2963 3861 xv),
2993 3810 3012 3844 ι
3044 3798 3108 3846 ιιι
3145 3787 3497 3859 perveniatur
3538 3784 3611 3839 ad
3641 3798 3855 3855 reg-un

2280 3880 2398 3936 Dei.
2427 3879 2562 3934 Nam
2603 3879 2840 3950 psalmus
2867 3880 2958 3935 hic
3000 3880 3093 3935 uni
3126 3887 3335 3934 tantum
3377 3891 3485 3932 non
3511 3884 3694 3946 potest
3736 3889 3857 3929 cou-

2285 3971 2467 4027 venire
2492 3984 2756 4040 personze,
2786 3970 2880 4026 sed
2906 3978 3140 4040 quatuor
3164 3967 3523 4026 divisionibus
3543 3966 3853 4034 subiacebit.

2279 4061 2338 4117 Id
2373 4070 2478 4127 est,
2515 4062 2692 4132 primo
2726 4061 2916 4116 ordine
2953 4060 3214 4131 propheta
3256 4057 3519 4127 loquitur,
3548 4056 3645 4127 qui
3666 4054 3857 4122 gratias

2282 4151 2393 4223 agit
2420 4150 2564 4221 quod
2588 4164 2712 4204 eum
2741 4150 2808 4204 de
2832 4148 3090 4220 gravibus
3120 4147 3376 4220 periculis
3402 4146 3588 4200 divina
3614 4146 3783 4215 pietas
3802 4143 3855 4196 li-

2281 4241 2477 4297 berare
2501 4242 2720 4311 dtgnata
2746 4249 2849 4295 est.
2890 4239 3162 4305 Secundo,
3208 4237 3475 4301 Ecclesia,
3502 4252 3570 4293 eo
3602 4236 3745 4307 quod
3770 4248 3853 4303 per

2281 4334 2481 4391 multas
2508 4333 2843 4391 calamitates
2886 4332 3254 4388 Christianum
3288 4329 3548 4401 populum
3580 4328 3650 4383 ad
3691 4326 3852 4395 baptio

2282 4440 2458 4482 smum
2482 4426 2547 4481 de
2571 4424 2719 4481 orbis
2746 4423 3099 4479 universitate
3128 4421 3362 4493 collegit.
3390 4419 3605 4483 Tertio,
3630 4432 3731 4472 vox
3750 4414 3850 4470 Sal-

2277 4514 2484 4571 vatoris
2515 4514 2774 4578 illabitur,
2820 4512 2911 4568 ubi
2936 4510 3324 4584 pulcherrimis
3377 4506 3849 4564 ailusionibusvir-

2277 4613 2367 4663 tus
2403 4608 2521 4678 ejus
2554 4614 2605 4661 et
2642 4613 2879 4677 potestas
2906 4604 3246 4661 describitur.
3278 4601 3509 4670 Quarto,
3550 4601 3743 4657 iterum
3766 4597 3851 4651 Ec-

2279 4698 2460 4755 clesia:
2503 4697 2643 4753 dicta
2674 4681 3047 4768 proferun'tur,
3073 4702 3130 4749 et
3158 4706 3417 4749 concessa
3457 4707 3686 4748 munera
3716 4687 3851 4745 Chri-

2282 4790 2352 4847 sti
2386 4789 2693 4845 Iaudantur.
2713 4803 2719 4808 ‘

2358 4901 2377 4933 ε
2413 4880 2480 4935 Ει
2524 4879 2778 4935 exaudiet
2807 4878 2873 4934 de
2898 4876 3097 4948 templo
3123 4884 3312 4933 sancto
3349 4889 3469 4932 suo.
3524 4894 3546 4928 ι
3592 4871 3847 4943 Templum

2282 4972 2401 5037 Dei,
2439 4970 2610 5025 Filius
2636 4969 2749 5023 Dei.

2355 5079 2376 5112 ‹
2414 5058 2484 5114 Ει
2524 5057 2849 5114 contremuit
2869 5064 3035 5112 terra.
3078 5075 3099 5109 ι
3133 5055 3300 5111 Terra
3327 5060 3573 5124 peccato.
3609 5071 3630 5103 ι
3662 5047 3851 5106 Funda-

2288 5168 2308 5204 t
2344 5156 2527 5206 menta
2569 5149 2858 5213 montium,
2898 5166 2918 5201 ι
2963 5161 3092 5218 spes
3140 5146 3518 5216 superborum.
3560 5162 3581 5194 ι
3609 5139 3849 5210 Quoniam

2287 5259 2306 5293 ι
2340 5240 2513 5295 iratus
2540 5247 2627 5294 est
2667 5238 2771 5303 eis,
2807 5256 2827 5289 ι
2853 5236 2980 5307 quia
3011 5243 3447 5307 recognoverunt
3468 5234 3610 5288 iram
3651 5232 3761 5286 Dei.

2363 5351 2383 5385 σ
2413 5331 2640 5397 Fumus,
2672 5349 2691 5383 ι
2720 5329 3065 5400 compunctio
3104 5328 3502 5400 ptenitentium.
3546 5346 3565 5378 ι
3600 5325 3853 5380 Carboaes

2293 5442 2313 5476 ‹
2346 5422 2589 5479 succensi
2609 5430 2735 5477 sunt
2760 5421 2830 5476 ab
2848 5435 2934 5476 eo.
2965 5438 2987 5474 ι
3016 5419 3192 5475 Corda
3230 5418 3510 5473 hominum
3538 5415 3853 5472 inﬂammata

2287 5528 2319 5570 a
2351 5513 2551 5585 Spiritu
2580 5521 2793 5568 sancto.

2363 5623 2383 5657 ‹
2425 5604 2705 5660 lnclinavit
2732 5602 2919 5660 ctelos.
2942 5620 2963 5656 ι
2986 5599 3124 5670 Quia
3153 5601 3322 5672 ipsos,
3350 5601 3418 5657 de
3448 5598 3649 5670 quibus
3668 5596 3854 5652 dictum

2285 5704 2371 5755 est
2392 5712 2407 5754 :
2427 5715 2446 5751 ι
2466 5694 2598 5754 Coeli
2622 5701 2879 5751 enarrant
2892 5693 3118 5764 gloriam
3132 5691 3230 5749 Dei
3245 5688 3418 5765 (Paul.
3443 5690 3628 5759 xviii),
3649 5686 3759 5742 ad:
3772 5681 3838 5738 ad
