4044 6336
217 267 338 328 38!

1169 277 1422 336 ENARR.
1461 280 1532 338 IN
1569 281 1814 340 LIBROS
1851 282 2116 342 REGUM.
2155 321 2224 330 υ-
2261 291 2330 348 IN
2367 295 2498 354 LIB.
2539 297 2604 355 II.

3383 307 3492 368 382

217 393 406 480 ventu
426 399 544 480 suo
571 387 792 444 nuntios
817 389 986 460 misit,
1013 401 1070 448 et
1093 393 1398 462 descendit,
1419 395 1648 454 formam
1671 401 1816 456 servi
1841 407 1892 466 Α
1917 405 2144 462 victoria
2175 411 2388 476 mortis,
2413 409 2626 468 laudem
2651 415 2824 470 sancti
2847 415 2902 470 in
2929 425 3192 474 aeternum
3223 421 3334 476 Deo
3369 439 3504 480 ean-

215 477 606 548 suscipiendo.

307 587 326 620 ι
363 567 684 636 Cherubim,
713 590 738 624 ›
763 573 1002 632 scientia
1045 577 1342 648 plenitudo.
1375 597 1394 632 ι
1429 579 1644 638 Pennas
1687 597 1816 640 ven-

225 675 254 710 e
291 667 502 726 torum,
537 679 558 714 ι
589 663 828 720 scientite
855 675 1190 724 sanctorum.

305 777 326 810 α
357 759 596 816 Tonabit
615 761 858 818 de—coelis
883 764 1156 832 Dominus,
1189 785 1208 816 ι
1239 765 1290 820 id
1311 775 1416 832 est,
1445 767 1522 822 de
1535 770 1808 840 apostolis.

305 867 326 902 ε
379 849 528 906 Misit
589 854 818 924 sagittas
867 869 1008 910 suas.
1065 875 1084 908 ι
1145 855 1387 926 Sagittae,
1445 861 1812 930 evangelistae.

221 961 252 994 ι
291 941 558 1014 Fulgura,
593 965 612 996 ›
653 947 912 1000 miracula
943 957 1278 1002 sanctorum.

303 1053 326 1088 ε
363 1035 734 1092 Fundamenta
761 1044 938 1102 terrae,
967 1059 986 1090 ι
1015 1039 1148 1094 ﬁdes
1175 1039 1428 1096 Ecclesia:
1449 1042 1808 1100 manifestata.

297 1143 324 1178 ι
359 1127 512 1182 Misit
537 1127 604 1182 de
627 1129 767 1182 ctelo
789 1137 843 1183 et
884 1130 1176 1200 assumpsit
1203 1145 1308 1186 me.
1343 1149 1362 1182 ι
1389 1131 1446 1186 Id
1475 1141 1578 1196 est,
1615 1133 1808 1188 Filium

209 1231 386 1272 suum
413 1215 776 1282 Patermisit,
799 1219 1496 1292 dan-apsum
1517 1239 1698 1280 nam.

301 1325 324 1358 ι
370 1306 646 1364 Liberavit
697 1323 784 1364 me
809 1311 873 1366 de
911 1311 1134 1368 inimico
1181 1329 1302 1370 meo
1343 1317 1740 1385 potentissimo,
1781 1337 1800 1370 ›

207 1397 276 1452 id
301 1409 410 1468 est,
443 1416 506 1456 ex
533 1399 762 1456 diabolo.

301 1507 322 1540 ε
361 1489 432 1544 Et
471 1489 658 1544 eduxit
697 1507 786 1548 me
820 1493 874 1548 in
921 1493 1221 1562 latitudine,
1255 1515 1276 1549 ›
1303 1497 1406 1553 hoc
1449 1505 1554 1564 est,
1599 1499 1652 1553 in
1675 1499 1806 1554 cha-

205 1577 412 1634 ritate.

303 1693 324 1724 ι
365 1673 658 1730 Betribuet
705 1677 842 1732 mihi
889 1679 1180 1736 secundum
1224 1679 1494 1750 justitiam
1538 1699 1736 1740 meam.
1779 1703 1797 1736 ι

1921 497 2128 554 tabunt.
2161 519 2180 552 ι
2223 501 2370 556 Dixit
2393 503 2476 558 vir
2503 503 2592 560 cui
2651 505 3006 561 constitutum
3053 517 3136 564 est
3173 511 3238 564 de
3281 511 3502 572 Christo

1923 607 1942 640 ‹
1975 589 2070 644 Dei
2109 587 2274 646 Iacob
2307 611 2318 646 :
2348 595 2596 665 egregius
2631 596 2832 666 psaltes
2855 597 3038 652 Israel.
3079 619 3100 652 ›
3143 599 3198 654 Id
3245 611 3349 668 est,
3397 621 3501 660 no-

1913 675 2036 732 bilis
2063 680 2366 748 psahnista,
2415 685 2504 752 qui
2553 685 2802 740 videlicet
2821 694 2876 742 et
2915 688 3176 756 propheta
3227 689 3500 750 luculento

1912 779 2160 822 sermone
2181 777 2237 822 et
2266 771 2702 828 manifestissime
2743 775 2809 830 de
2838 775 3058 832 Christo
3086 777 3224 834 Filio
3269 781 3362 836 Dei
3409 781 3498 838 Ια-

1913 857 2032 922 cob,
2057 867 2112 912 et
2145 859 2212 914 de
2235 860 2600 918 incarnatione
2625 865 2764 934 ejus,
2795 881 2856 921 ac
2883 867 3252 938 redemptione
3305 871 3500 928 huma-

1919 947 1968 1002 ni
1993 949 2204 1020 gene-ris
2249 953 2612 1020 prophetarit.

1987 1059 2005 1090 ε
2047 1039 2282 1110 Spiritus
2309 1043 2518 1100 Domini
2567 1047 2776 1102 loeutus
2799 1056 2884 1104 est
2929 1065 3030 1120 per
3071 1061 3266 1116 met
3307 1071 3496 1112 sermo

1915 1149 1934 1184 ε
1964 1131 2080 1200 ejus
2105 1149 2202 1202 per
2229 1135 2464 1207 linguam
2491 1155 2690 1196 meam.
2741 1141 2888 1198 Deus
2909 1143 3084 1200 Israel
3123 1145 3256 1200 mihi
3283 1147 3496 1204 locutus

1905 1243 1932 1278 ι
1959 1234 2072 1290 est,
2091 1225 2462 1292 ﬁmislsrael,
2481 1229 2786 1286 dominator
2811 1233 3088 1288 hominum
3110 1233 3312 1302 justus.
3335 1255 3354 1288 ›
3377 1237 3495 1308 Spi-

1909 1317 2048 1372 ritus
2087 1319 2230 1372 euim
2293 1320 2524 1384 Domini,
2579 1323 2668 1390 qui
2717 1331 2800 1377 est
2848 1322 3082 1394 Spiritus
3136 1337 3396 1382 sanctus:
3443 1337 3500 1384 et

1911 1423 2086 1464 sermo
2115 1411 2344 1476 Domini,
2375 1412 2466 1482 qui
2493 1421 2578 1466 est
2609 1411 2775 1468 Filius
2801 1413 2894 1468 Dei
2928 1433 2942 1468 :
2971 1431 3034 1470 ea
3073 1431 3193 1486 quae
3237 1419 3500 1488 prepheta

1907 1501 2316 1566 vaticinavcrut,
2347 1517 2444 1570 per
2477 1505 2710 1574 gratiam
2741 1520 2908 1574 suam,
2929 1507 3202 1562 veraciter
3247 1507 3494 1578 proferre

1913 1591 2222 1646 donaverat.

1985 1699 2004 1732 ι
2049 1681 2166 1750 Ipse
2191 1696 2336 1736 enim
2375 1683 2602 1753 spiritus
2635 1685 2732 1738 Dei
2763 1683 2932 1740 Iacob
2979 1687 3288 1742 dominatur
3329 1689 3384 1742 in
3425 1689 3500 1744 ti-

205 1767 276 1822 ω
317 1778 424 1835 est,
489 1771 784 1826 secundum
829 1773 1194 1830 innocentiam
1248 1775 1374 1830 ﬁdei
1437 1785 1492 1832 et
1539 1777 1801 1832 bonorum
1835 1769 1878 1830 Β
1912 1794 1936 1827 εν
1977 1789 2126 1830 more
2154 1773 2388 1840 Domini,
2417 1776 2668 1830 sicutqu
2711 1793 2922 1832 aurora:
2941 1779 3152 1834 oriente
3181 1779 3314 1844 sole,
3337 1795 3498 1836 mane

207 1875 449 1930 operum
493 1869 548 1915 et
588 1871 854 1916 actuum.-

301 1973 318 2003 ε
357 1953 494 2010 Cum
523 1962 712 2010 sancto
755 1963 978 2011 sanctus
1001 1959 1128 2014 eris.
1166 1977 1188 2012 ι
1229 1959 1312 2016 Ad
1345 1961 1630 2016 Dominum
1673 1961 1810 2018 diei;-

207 2053 332 2110 tur,
357 2045 450 2114 qui
479 2061 600 2101 cum
627 2053 814 2100 saneto
843 2047 1026 2116 utique
1055 2055 1294 2106 sanctus.

301 2155 322 2186 ι
365 2135 502 2190 Cum
533 2135 706 2190 electo
733 2135 936 2192 electus
965 2139 1096 2204 eris,
1123 2149 1180 2195 et
1217 2155 1340 2194 cum
1385 2155 1642 2212 perverso
1685 2159 1812 2214 per-

219 2246 242 2280 ι
287 2227 544 2282 verteris.
581 2245 598 2278 ι
647 2225 730 2282 Ob
769 2227 870 2284 hoc
895 2230 1036 2298 quod
1057 2230 1138 2284 eis
1179 2245 1284 2284 non
1309 2229 1474 2298 favet,
1519 2248 1807 2302 perversos

207 2335 344 2376 esse
367 2319 582 2374 videtur
614 2339 628 2374 :
659 2321 784 2390 quia
819 2339 840 2372 ε
867 2321 1114 2392 superbis
1139 2323 1362 2390 resistit,
1393 2325 1686 2380 humilibus
1713 2325 1805 2380 dat

207 2415 454 2488 gratiam
485 2414 628 2480 (Jac.
667 2413 764 2488 iv).
799 2435 822 2469 ι

305 2523 324 2556 ι
357 2505 414 2558 In
439 2505 550 2560 Deo
577 2519 700 2560 meo
747 2507 1042 2562 transiliam
1089 2523 1324 2562 murum.
1367 2523 1386 2558 ι
1431 2507 1640 2563 Murum
1699 2509 1804 2564 ita-

205 2608 330 2664 que
357 2595 524 2659 illam,
553 2609 714 2665 quem
745 2596 980 2650 humano
1021 2597 1203 2668 generi
1235 2597 1376 2652 inter
1399 2597 1566 2652 Deum
1611 2605 1667 2652 et
1709 2597 1808 2654 lio-

207 2685 428 2740 mincm
455 2695 742 2740 erexerant
773 2693 1026 2755 peccata.

297 2795 318 2828 ι
363 2775 664 2846 Comquans
697 2778 858 2848 pedes
897 2791 1046 2832 meos
1088 2779 1285 2834 cervis.
1325 2798 1344 2830 ι
1387 2779 1592 2834 Cervos
1635 2779 1804 2848 spiri-

205 2865 398 2922 tuales
437 2867 586 2924 viros
635 2867 890 2938 appellat,
939 2877 1160 2940 propter
1212 2868 1548 2924 alacritatem
1597 2865 1804 2924 velocis

205 2973 434 3014 cursus.
469 2979 490 3011 ι
525 2959 722 3030 Spinas
749 2969 804 3016 et
827 2975 1038 3030 vepres.
1077 2981 1096 3014 ι
1129 2960 1242 3016 Ποο
1273 2969 1380 3027 est,
1400 2961 1802 3032 implieamcnta

205 3051 402 3116 stcculi
431 3050 592 3120 hujus
615 3053 998 3108 transilientes.

1917 1885 1936 1916 ε
1981 1865 2186 1936 absque
2211 1867 2442 1922 nubibus
2463 1867 2666 1922 rutilat.
2701 1889 2720 1920 ι
2751 1867 3266 1936 Aurora,l£cclesia,
3287 1871 3498 1924 oriente

1913 1956 2048 2020 sole,
2079 1956 2296 2012 Christo
2322 1967 2636 2028 resurgente
2665 1973 2696 2012 a
2733 1959 2982 2022 mortuis,
3017 1959 3220 2030 absque
3263 1959 3498 2014 nubibus

1913 2047 2118 2110 rutilat,
2143 2045 2194 2100 id
2223 2053 2330 2110 est,
2351 2047 2556 2116 absque
2587 2055 2806 2117 peccato
2835 2049 3166 2104 inﬁdelitatis
3195 2049 3502 2119 reSplcndet

1907 2135 1966 2190 in.
1995 2135 2288 2190 miraculis.
2323 2133 2530 2200 Pluvia,
2555 2135 2877 2204 Evangelica
2921 2137 3234 2208 praedicatio
3265 2155 3280 2190 :
3323 2137 3496 2192 herba

1907 2227 2216 2282 credentem
2241 2226 2508 2296 signiﬁcat
2535 2227 2790 2298 populum
2819 2246 2832 2282 :
2859 2238 3000 2282 terra
3025 2244 3150 2284 vero
3171 2227 3492 2300 Ecclesium.

1907 2315 2092 2372 Potest
2119 2317 2393 2372 moraliter
2421 2317 2642 2390 intelligi
2669 2320 2848 2388 aptius
2877 2337 2890 2373 :
2921 2319 3022 2386 Qui
3047 2320 3192 2374 enim
3223 2319 3276 2380 in
3301 2319 3500 2374 timore

1907 2406 2118 2462 Domini
2177 2407 2598 2462 dominationem
2665 2409 2722 2464 in
2775 2407 3004 2476 subditis
3057 2417 3296 2474 exercet,
3363 2409 3500 2464 lucis

1905 2513 2070 2568 Opera
2117 2513 2214 2568 per
2263 2497 2430 2552 solem
2465 2497 2692 2568 justitite
2739 2499 3044 2554 illuminata
3095 2499 3342 2570 profert:
3387 2513 3492 2552 nec

1907 2587 1960 2642 in
1987 2587 2068 2642 eis
2091 2586 2294 2656 aliquid
2325 2585 2626 2642 remanebit
2671 2587 2982 2652 obscurum,
3029 2588 3124 2642 sed
3171 2587 3344 2642 imbre
3385 2599 3498 2640 etn—

1903 2677 2056 2732 Iestis
2081 2679 2268 2748 gratiae
2309 2679 2588 2748 irrigatus,
2635 2681 2878 2751 germina
2923 2680 3183 2738 virtutum
3235 2681 3288 2734 in
3333 2693 3500 2734 carne

1903 2769 2113 2833 vivens,
2145 2767 2458 2825 fructiﬁcat.

1983 2879 2008 2912 σ-
2031 2857 2142 2914 Nec
2173 2869 2320 2914 tanta
2343 2869 2428 2916 est
2463 2861 2654 2916 domus
2691 2877 2812 2916 mea
2863 2863 3004 2932 apud
3061 2865 3250 2928 Deum,
3305 2873 3364 2918 ut
3405 2880 3502 2934 pa-

1911 2971 1932 3006 ι
1977 2963 2122 3008 ctum
2143 2960 2404 3008 :ntet‘num
2463 2955 2626 3010 iniret
2663 2971 2872 3010 mecum
2905 2955 3118 3010 ﬁrmum
3155 2957 3212 3012 in
3251 2957 3502 3014 omnibus

1913 3061 1932 3095 ι
1981 3053 2142 3113 atque
2175 3043 2462 3096 munitum.
2495 3043 2700 3100 Cuncta
2731 3045 2876 3100 enim
2917 3044 3068 3100 sal-us
3095 3061 3212 3100 mea
3243 3057 3294 3100 et
3319 3047 3508 3102 omnis.

327 3159 344 3192 ε
383 3141 686 3214 pel-sequar
709 3143 958 3200 inimicos
982 3159 1131 3200 meos
1159 3151 1214 3200 ει
1257 3151 1558 3208 conteram,
1594 3154 1650 3200 et
1693 3160 1800 3200 non
1831 3123 1882 3187 ϐ
1915 3157 1932 3188 ‹
1979 3135 2252 3202 voluntas,
2283 3151 2382 3190 nec
2413 3145 2498 3192 est
2529 3137 2820 3206 quidquam
2861 3153 2930 3194 ex
2957 3153 3020 3192 ea
3053 3139 3196 3207 quod
3231 3155 3338 3192 non
3377 3153 3500 3210 ger-

211 3256 236 3290 σ-
271 3245 524 3294 revertar
571 3237 742 3294 donec
787 3253 1098 3294 consumam
1121 3253 1236 3294 eos.
1275 3259 1298 3292 ι
1325 3239 1570 3294 Christus
1589 3237 1804 3294 Iudaeos

203 3337 388 3398 atque
410 3343 596 3388 omnes
625 3329 868 3386 inﬁdeles
894 3333 1186 3398 consumit,
1231 3331 1485 3387 similiter
1525 3339 1580 3386 et
1625 3331 1804 3386 anima

203 3419 394 3476 electa
419 3421 546 3476 vitia
579 3435 678 3475 sua
709 3437 802 3492 per
825 3430 1112 3492 augmenta
1149 3423 1408 3476 virtutum
1437 3429 1799 3478 consummat.

295 3527 318 3562 ι
355 3509 604 3566 Inimicos
623 3525 772 3566 meos
799 3511 992 3566 dedisti
1017 3513 1146 3566 mihi
1171 3513 1413 3566 dorsum.
1453 3531 1472 3564 ι
1521 3509 1632 3566 Hoc
1659 3509 1802 3578 quod

207 3587 638 3672 alibi‘scriptnm
669 3609 752 3656 est
791 3617 806 3655 :
844 3619 864 3652 ι
919 3601 1060 3658 Sede
1113 3617 1144 3657 a
1191 3603 1402 3658 dextris
1449 3601 1804 3665 meis,donec

215 3709 238 3742 ο
289 3703 486 3758 ponam
535 3689 782 3746 inimicos
825 3699 950 3746 tuos
1001 3691 1294 3748 scabellum
1335 3692 1532 3763 pedum
1585 3699 1800 3746 tuorum

211 3777 400 3852 (Ρεαι.
435 3779 570 3852 cu).
609 3801 628 3834 ι

315 3889 336 3924 ‹
385 3869 630 3926 Salvabis
665 3887 752 3927 me
808 3887 838 3926 a
868 3873 1362 3928 contradicentibus
1401 3871 1582 3944 populi
1605 3873 1742 3928 mei.
1775 3891 1800 3924 ›

209 3959 340 4018 Vox
367 3961 570 4018 Christi
595 3979 626 4016 a
663 3963 1090 4018 contradicuone
1130 3961 1464 4028 Judatorum,
1487 3977 1582 4033 per
1623 3961 1804 4016 Patris

211 4054 304 4111 sui
329 4055 624 4126 potentiam
649 4055 886 4112 salvatus
919 4063 1080 4126 atque
1107 4056 1166 4112 in
1201 4063 1364 4126 caput
1389 4055 1630 4118 gentium
1673 4069 1804 4110 con-

209 4145 458 4201 stitutus.

291 4251 310 4286 ι
345 4233 466 4288 Filii
493 4235 650 4290 alieni
677 4236 932 4292 resistent
949 4235 1102 4290 mihi.
1129 4255 1148 4288 ι
1165 4231 1639 4290 FiliialienitJudtei
1655 4239 1798 4298 sunt,

209 4325 412 4398 quibus
459 4327 660 4382 dictum
701 4336 830 4382 est:
868 4347 886 4379 ι
939 4327 1050 4384 Vos
1097 4323 1620 4398 expatre‘diabolo
1667 4321 1801 4380 estis

211 4415 274 4486 (1
279 4433 402 4472 oan.
431 4415 574 4488 νιιι).
613 4435 644 4470 ι..
1683 4403 1686 4408 ’

1913 3245 1932 3280 ι
1975 3228 2162 3282 minet.
2222 3245 2240 3278 ι
2295 3225 2432 3282 IIinc
2475 3227 2616 3282 idem
2661 3229 2922 3298 propheta
2969 3227 3022 3282 in
3072 3228 3304 3284 Psalmis
3341 3229 3494 3292 dicit,

1907 3317 2050 3387 quod
2076 3316 2268 3371 beatus
2311 3315 2394 3370 vir
2425 3317 2516 3388 qui
2565 3317 2618 3370 in
2659 3317 2775 3388 lege
2821 3317 3034 3372 Domini
3083 3319 3375 3372 meditatur
3411 3319 3500 3372 die

1905 3423 1972 3462 ac
1999 3415 2191 3472 nocte,
2219 3407 2296 3460 sit
2335 3415 2590 3476 tanquam
2639 3407 2840 3477 lignum
2885 3409 3026 3476 quod
3069 3409 3368 3480 piantalum
3415 3419 3500 3464 est

1903 3511 2060 3552 secus
2089 3495 2350 3552 decursus
2385 3511 2670 3566 aquarum,
2715 3497 2856 3565 quod
2885 3497 3120 3552 fructum
3149 3513 3306 3552 suum
3349 3497 3500 3552 dahit

1903 3589 1958 3644 in
1985 3598 2226 3660 tempore
2249 3603 2368 3652 suo,
2391 3597 2446 3642 et
2471 3587 2656 3642 folium
2683 3587 2800 3656 ejus
2841 3603 2948 3642 non
2987 3587 3206 3654 delluet,
3230 3599 3284 3644 et
3315 3591 3496 3644 tritinia

1903 3695 2240 3752 quaecunque
2264 3679 2444 3742 faciet,
2477 3679 2950 3750 prosperabuntur
2993 3677 3164 3751 (Psal.
3211 3679 3274 3750 ι).

1979 3791 1998 3822 ι
2057 3769 2510 3824 Praevaricatores
2543 3777 2730 3824 autem
2779 3771 2934 3838 quasi
2979 3769 3146 3840 spinae
3203 3769 3498 3824 evellentur

1909 3883 1934 3918 ι
1975 3863 2234 3930 universi,
2259 3865 2348 3933 qui
2375 3879 2484 3918 non
2521 3863 2780 3918 tolluntur
2831 3865 3080 3918 manibus
3115 3881 3130 3918 :
3167 3865 3234 3918 Et
3275 3865 3336 3920 si.
3369 3867 3494 3934 quis

1908 3973 1928 4006 ι
1977 3963 2196 4024 tangere
2241 3953 2478 4006 voluerit
2525 3968 2640 4018 eas,
2685 3955 2988 4010 armabitur
3034 3955 3180 4010 ferro
3223 3955 3494 4022 lanccato,

1909 4067 1927 4100 ε
1973 4047 2204 4116 igneque
2226 4059 2502 4100 succensae
2523 4045 2908 4100 comburantur
2931 4063 3100 4116 usque
3116 4050 3183 4102 ad
3211 4049 3456 4103 nihilum.
3473 4067 3490 4098 ι

1903 4136 2053 4204 Quod
2075 4145 2256 4208 potest
2285 4143 2338 4190 et
2369 4133 2528 4204 juxta
2557 4137 2894 4206 superiorem
2925 4151 3142 4190 sensum
3191 4139 3256 4192 de
3297 4137 3496 4194 Iudaeis

1903 4237 1960 4282 et
1987 4227 2052 4282 de
2077 4226 2364 4292 haereticis,
2407 4227 2498 4296 qui
2529 4226 2675 4282 velut
2719 4227 2907 4298 spime,
2952 4227 3020 4282 de
3066 4219 3328 4290 Ecclesia,
3375 4243 3496 4298 qua:

1903 4327 1988 4374 est
2021 4327 2164 4372 terra
2191 4317 2508 4382 viventium,
2559 4317 2762 4380 evulsi,
2803 4325 2966 4386 atque
3004 4327 3208 4374 aeterno
3245 4320 3498 4374 inccndio

1907 4413 2118 4476 traditi,
2164 4413 2472 4482 specialiter
2525 4411 2770 4484 intelligi.
2833 4411 3020 4467 Potest
3067 4420 3122 4468 et
3169 4411 3498 4482 generaliter

291 4527 312 4562 ε
351 4510 494 4564 Deus
511 4487 602 4578 qui
631 4509 728 4565 das
757 4509 1025 4566 vindictas
1051 4509 1206 4564 mihi.
1228 4528 1248 4562 ι
1266 4507 1378 4564 Hoc
1404 4517 1516 4574 est,
1541 4505 1594 4562 in
1617 4506 1798 4562 futuro
1824 4487 1880 4548 D
1903 4511 1968 4566 de
1993 4509 2242 4566 omnibus
2261 4511 2510 4580 reprobis
2533 4507 2942 4580 intelligi,juxta
2960 4509 3106 4579 quod
3123 4509 3178 4564 in
3201 4507 3498 4580 Evangelio

209 4599 440 4672 judicio,
475 4616 598 4656 cum
643 4601 724 4656 eis
769 4603 998 4672 emperit
1037 4601 1262 4658 reddere
1305 4601 1450 4670 quod
1495 4607 1796 4656 merentur.

291 4713 312 4746 ι
343 4695 392 4748 Α
413 4695 532 4750 viro
561 4695 746 4763 iniquo
773 4693 1026 4750 liberabis
1063 4709 1168 4750 me.
1191 4715 1210 4746 ι
1239 4694 1352 4749 IIoc
1377 4691 1798 4760 est,Ecclesiam

219 4799 372 4840 suam
413 4787 480 4840 de
501 4793 768 4856 potestate
791 4785 988 4840 diaboli
1019 4793 1304 4858 erepturus
1333 4793 1434 4840 est.

295 4895 314 4927 ι
346 4875 414 4930 Ει
449 4875 654 4930 faciens
701 4875 1130 4930 miscricordiam
1167 4873 1384 4930 Christo
1415 4887 1514 4928 suo
1547 4869 1734 4928 David.
1775 4889 1794 4922 ι

219 4963 389 5020 David
417 4965 694 5022 Christum
726 4965 1014 5036 signiﬁcat,
1069 4979 1254 5020 semen
1301 4963 1418 5034 ejus
1460 4977 1648 5018 omnes
1693 4959 1802 5016 cle-

221 5068 356 5116 ctos.

779 5191 1006 5248 CAPUT
1057 5189 1244 5246 XXIII.

295 5345 318 5380 ε
349 5325 478 5383 Haec
493 5333 620 5382 sunt
633 5323 798 5382 verba
827 5325 1120 5382 novissima
1139 5325 1308 5382 David
1321 5323 1416 5380 ﬁlii
1433 5323 1556 5382 Isai.
1573 5343 1598 5380 ιν
1623 5323 1802 5382 Verba

221 5419 504 5476 novissima
517 5419 684 5474 David
701 5433 804 5474 non
819 5417 1050 5476 ﬁnienda
1064 5419 1312 5486 dicit,sed
1325 5419 1650 5488 perﬁcienda
1669 5436 1680 5472 :
1697 5433 1802 5474 non

221 5509 706 5576 consumenda,scd
717 5525 838 5580 qute
853 5511 1060 5566 eunetis
1075 5511 1320 5566 ﬁdelibus
1336 5509 1678 5579 perfectionis
1689 5509 1802 5579 ple-

223 5603 518 5660 nitudinem
547 5603 826 5660 conferant
863 5613 958 5659 :et
985 5605 1106 5660 ideo
1129 5605 1376 5660 ultimam
1401 5603 1796 5662 confessionem

223 5691 388 5752 laudis
411 5695 740 5768 signiﬁcant,
773 5711 934 5766 quam
971 5705 1226 5767 superato
1249 5697 1428 5766 hoste,
1475 5705 1528 5752 ct
1573 5705 1792 5767 peracta

1901 4603 2100 4658 dicitur
2127 4619 2140 4656 :
2173 4621 2190 4652 ι
2213 4601 2402 4658 Omnis
2429 4603 2592 4658 arbor
2613 4615 2732 4670 quae
2758 4617 2864 4656 non
2893 4601 3020 4656 facit
3040 4602 3272 4656 fructmn
3295 4603 3493 4656 bonum

1899 4692 2182 4748 excidctur
2205 4691 2418 4762 (Matth.
2447 4693 2552 4764 III),
2585 4711 2602 4742 ι
2631 4699 2736 4746 etc.
2765 4691 2834 4746 Et
2871 4693 3066 4746 iterum
3091 4707 3108 4746 :
3137 4711 3156 4744 ε
3187 4691 3376 4758 Filius,
3407 4693 3492 4746 in-

1901 4785 2038 4854 quit,
2053 4783 2288 4838 hominis
2305 4783 2484 4838 mittet
2507 4785 2726 4852 angelos
2747 4799 2874 4840 suos
2895 4793 2950 4838 et
2969 4783 3222 4856 colligent
3241 4785 3306 4838 de
3329 4799 3496 4852 regno

1903 4873 2020 4942 ejus
2047 4873 2228 4928 omnia
2263 4871 2538 4938 scandala,
2571 4883 2626 4928 et
2643 4889 2738 4930 eos
2771 4874 2860 4944 qui
2887 4874 3096 4930 faciunt
3129 4874 3493 4944 iniquitatem,

1903 4975 1960 5020 et
1991 4965 2168 5020 mittet
2195 4979 2288 5020 eos
2329 4963 2382 5016 in
2429 4963 2700 5020 caminum
2755 4965 2896 5036 ignis
2927 4981 2942 5020 :
2969 4965 3040 5020 ibi
3091 4965 3196 5020 erit
3239 4963 3396 5018 ﬂetus
3423 4971 3500 5030 et

1907 5055 2108 5112 stridor
2135 5053 2374 5112 dentium
2405 5053 2618 5124 (Matth.
2647 5053 2790 5126 xm).
2817 5075 2834 5106 ι
2857 5054 2946 5110 Ille
2967 5055 3170 5110 scilicet
3189 5053 3342 5122 quasi
3371 5062 3496 5108 tan-

1905 5163 2038 5220 gens
2055 5147 2236 5218 spinas
2273 5145 2572 5202 armabitur
2621 5145 2768 5204 ferro
2805 5155 2860 5202 et
2903 5147 3048 5218 ligno
3085 5145 3348 5210 lanceato,
3397 5145 3498 5214 qui

1905 5241 2309 5296 eommunicans
2333 5240 2570 5311 peccatis
2595 5239 2787 5296 alienis
2821 5247 3042 5310 prapter
3087 5237 3342 5292 duritiam
3371 5229 3494 5294 cior-

1907 5333 1990 5388 dis
2017 5333 2122 5398 sui,
2145 5331 2485 5402 iniquitatum
2513 5333 2752 5402 pondere
2770 5329 3056 5400 premitur,
3075 5339 3128 5384 et
3145 5327 3338 5398 jaculis
3367 5345 3498 5400 pec—

1905 5433 2148 5480 catorum
2179 5423 2520 5480 confodietur
2558 5442 2572 5478 :
2627 5423 2888 5494 cujusque
2929 5435 3092 5491 opera
3137 5421 3358 5478 aeternis
3399 5437 3500 5494 ge-

1903 5517 2096 5574 hennae
2123 5515 2336 5588 ignibus
2361 5517 2518 5588 digna
2552 5517 2618 5572 ad
2647 5515 2874 5570 nihilum
2905 5511 3234 5584 redigentur.

1979 5627 1997 5660 ι
2049 5607 2176 5664 Haec
2201 5609 2418 5662 nomina
2457 5607 2680 5664 fortium
2725 5605 2892 5661 David
2923 5605 3118 5662 sedens
3151 5605 3204 5662 in
3231 5605 3494 5662 cathedra

1905 5719 1922 5754 ι
1969 5699 2400 5770 sapientissimus
2421 5697 2676 5769 princeps
2705 5697 2848 5752 inter
2879 5709 2990 5756 tres
3023 5697 3178 5771 :ipsc
3207 5707 3292 5756 est
3331 5695 3492 5770 quasi
