4044 6336
511 321 620 380 585
1547 311 1896 369 ANGELOMI
1937 305 2398 364 LUXOVIENSIS
2437 303 2740 361 MONACHI
3691 303 3804 360 384

515 451 540 490 ι
583 431 908 490 tenerrimus
941 429 1069 500 ligni
1108 427 1452 490 vermiculus,
1482 427 1570 495 qui
1615 427 1974 494 octingentos‘
2006 423 2084 476 in-
2114 425 2162 483 Α
2188 417 2471 489 pervenire
2498 387 2890 486 nequiverunt?
2909 412 3065 468 Illum
3091 411 3344 470 Videlicet
3374 415 3573 471 fontem
3596 414 3804 470 sitien-

514 541 541 578 ι
583 521 796 578 terfecit
821 521 1022 589 impetu
1051 534 1176 570 uno.
1215 538 1232 568 ι
1259 517 1411 583 Quod
1456 516 1653 569 dicitur
1700 515 1766 569 de
1807 513 2092 581 sapientis-
2197 521 2300 576 tes,
2335 511 2387 564 in
2411 524 2518 578 quo
2546 516 2630 562 est
2657 506 2906 561 remissio
2937 515 3321 576 peccatorum:
3365 523 3473 562 non
3507 507 3610 576 qui-
3641 507 3804 577 peri—

511 615 650 670 simo
672 611 916 682 principe
944 609 1162 662 fortium
1212 606 1398 667 David,
1437 606 1592 674 cujus
1635 605 1850 672 quidem
1899 618 2097 656 nomen
2198 601 2332 655 culis
2360 605 2694 669 quaereretur
2723 596 2947 662 alienis,
2981 596 3076 649 sed
3103 596 3194 666 qui
3225 597 3399 650 aliena
3426 591 3684 666 pericula
3712 598 3808 652 de-

514 709 570 762 in
611 705 820 774 Regum
850 701 988 755 libro
1036 706 1264 762 tacetur,
1291 705 1347 750 at
1373 711 1505 750 vero
1550 696 1602 749 in
1648 694 1784 748 libro
1824 693 2098 762 Paralipo-
2197 696 2351 750 leret.
2403 695 2601 749 Verum
2650 691 2932 748 moraliter
2977 706 3045 746 ex
3092 692 3194 746 hoc
3238 691 3382 746 facto
3433 690 3804 761 cogitandum

514 814 711 854 menon
735 794 984 850 Jesbaam
1013 790 1341 845 nominatur.
1379 806 1397 838 ι
1443 787 1562 856 lpse
1589 796 1673 840 est
1712 785 1864 854 quasi
1915 794 2097 838 tener-
2200 799 2541 853 summopere
2570 791 2672 848 est,
2722 791 2784 837 ut
2817 784 2910 853 qui
2951 797 3011 838 se
3052 780 3532 836 illicita-meminit
3561 780 3806 834 commi-

513 891 687 946 rimus
706 886 835 957 ligni
851 882 1192 940 vermiculus.
1227 900 1244 932 ι
1266 879 1449 934 Virtus
1479 880 1531 932 in
1568 878 1669 932 hoc
1694 877 1907 942 bellica,
1938 876 2098 930 simul
2198 877 2367 940 sisse,
2404 890 2436 928 a
2467 874 2786 944 quibusdam
2817 874 2983 930 etiam
3019 873 3182 928 licitis
3225 873 3437 926 studeat
3478 871 3803 934 abstinere,

514 987 570 1035 et
602 978 843 1034 modesta
873 975 974 1029 viri
1003 973 1317 1042 designatur
1340 971 1572 1025 civilitas
1610 986 1624 1023 :
1675 969 1800 1037 quia
1851 967 2098 1021 videlicet
2197 977 2462 1036 quatenus
2492 981 2589 1035 per
2616 965 2720 1019 hoc
2747 963 3024 1019 Conditori
3068 977 3166 1017 suo
3210 960 3554 1017 satisfaciat:
3601 969 3670 1013 ut
3709 960 3799 1028 qui

515 1071 659 1124 sicut
681 1064 1008 1122 vermiculus
1036 1062 1187 1133 ligni,
1217 1069 1369 1114 tener
1398 1053 1614 1128 quidem
1644 1066 1698 1112 et
1729 1057 1936 1127 fragilis
1985 1063 2098 1110 toto
2198 1057 2469 1114 commisit
2509 1055 2813 1126 prohibita,
2856 1053 3175 1122 sibimetipsi
3223 1051 3550 1107 abscindere
3603 1049 3806 1102 debeat

515 1174 614 1215 suo
645 1173 896 1228 corpore,
922 1149 1021 1211 nec
1045 1171 1151 1209 non
1181 1161 1236 1208 et
1275 1151 1618 1222 permodicus
1667 1155 1910 1220 apparet,
1965 1148 2100 1201 nihi—
2200 1147 2363 1202 etiam
2400 1145 2714 1210 commissa,
2741 1151 2798 1197 et
2825 1158 2885 1198 se
2918 1142 3274 1212 reprehendat
3305 1141 3361 1194 in
3398 1138 3680 1204 minimis,
3717 1140 3806 1207 qui

513 1250 748 1306 lominus
792 1258 971 1304 tamen
1034 1246 1389 1302 fortissinmm
1448 1244 1577 1316 ligni
1632 1245 1796 1300 robur
1857 1245 2094 1300 exedens
2147 1293 2150 1296 .
2200 1258 2259 1300 se
2289 1239 2537 1298 meminit
2580 1239 2634 1295 in
2681 1236 2933 1293 maximis
2961 1236 3267 1306 deliquisse.
3300 1233 3482 1289 Nimia
3513 1242 3655 1288 sunt
3685 1247 3808 1301 qua:

513 1337 804 1402 consumit,
835 1345 892 1392 et
932 1337 1243 1391 seabrosum
1285 1344 1340 1390 et
1384 1335 1668 1389 cariosum.
1702 1332 1894 1388 reddit.
1949 1335 2100 1391 Unde
2198 1337 2421 1405 loquor,
2456 1333 2498 1388 si
2539 1334 2656 1388 haec
2689 1348 2758 1386 ex
2796 1331 2936 1385 sacri
2967 1329 3164 1397 eloquii
3197 1325 3510 1382 testimonio
3551 1339 3678 1378 non
3726 1321 3806 1375 af—

521 1437 578 1483 et
603 1444 632 1482 a
659 1428 882 1484 terendo
921 1427 1064 1496 ligna
1097 1425 1371 1481 teredonis
1405 1440 1601 1479 nomen
1645 1423 1825 1478 habet.
1880 1422 1969 1478 Sic
2013 1425 2101 1480 ille
2201 1426 2378 1480 firmo.
2410 1425 2520 1479 Lex
2544 1431 2691 1478 certe
2713 1422 2927 1476 Veteris
2949 1419 3278 1474 Testamenti
3306 1417 3540 1472 alienam
3567 1429 3808 1469 uxorem

521 1519 753 1575 aﬂabilis
799 1519 1050 1574 omnibus
1092 1517 1259 1581 domi,
1309 1525 1364 1571 et
1410 1515 1623 1585 quietus
1667 1523 1829 1584 atque
1880 1515 2100 1571 humilis
2201 1515 2508 1585 concupisci
2553 1513 2842 1583 prohibet:
2895 1520 2951 1566 at
2997 1526 3180 1582 regem
3227 1520 3356 1564 vero
3397 1507 3558 1562 fortia
3605 1505 3808 1575 jubere

515 1611 800 1677 videbatur
831 1627 844 1664 :
876 1619 930 1663 at
969 1609 1036 1662 in'
1053 1608 1350 1662 certamine
1370 1607 1582 1678 publico
1625 1605 1906 1660 robustum
1931 1621 1989 1660 se
2020 1613 2102 1660 at-
2202 1607 2484 1670 militibus,
2509 1604 2594 1659 vel
2615 1604 2925 1658 desiderare
2947 1617 3162 1670 aquam,
3187 1616 3293 1654 non
3314 1598 3613 1669 poenaliter
3637 1605 3807 1651 vetat.

516 1717 624 1773 que
675 1699 1070 1756 intolerabilem
1125 1692 1734 1754 hostibus'exhibchat.
1787 1695 1894 1750 Sed
1953 1697 2098 1752 hunc
2132 1767 2168 1773 _
2202 1697 2270 1751 Et
2292 1696 2469 1750 cuncti
2497 1694 2744 1748 novimus
2788 1693 2928 1761 quod
2962 1692 3149 1756 David,
3192 1689 3663 1759 concupiscentiae
3699 1703 3812 1740 mu-

515 1767 822 1866 principem
861 1791 1122 1846 Hebraeus
1163 1791 1337 1860 ipsum
1385 1782 1691 1860 StISpicatur
1740 1804 1860 1843 esse
1913 1789 2097 1843 David.
2129 1767 2176 1826 Β
2207 1803 2372 1842 crone
2405 1785 2718 1848 transfixus,
2746 1783 2978 1838 alienam
3001 1780 3279 1851 coniugem
3309 1780 3574 1850 appetivit
3604 1786 3670 1831 et
3699 1777 3814 1830 abs-

519 1884 660 1939 Ecce
687 1883 968 1937 historiam
1023 1880 1338 1948 tetigimus,
1366 1879 1459 1934 sed
1502 1878 1632 1948 quid
1669 1877 1986 1948 spiritaliter
2034 1878 2108 1932 δίο

522 1975 762 2047 gnificet,
792 1974 1030 2028 breviter
1072 1974 1402 2044 indagemus.
1455 1973 1545 2027 Ait
1572 1973 1714 2027 enim
1747 1991 1758 2026 :
1797 1992 1815 2024 ‹
1867 1973 1984 2042 Ipse
2024 1963 2124 2028 est

515 2065 675 2136 quasi
697 2064 1022 2120 tenerrimus
1059 2064 1188 2131 ligni
1219 2065 1563 2119 vermiculus.
1599 2086 1616 2117 ι
1645 2065 1812 2119 David
1835 2065 1964 2135 ligni
1988 2081 2109 2120 ver-

524 2158 756 2214 miculas
792 2158 956 2213 fuisse
993 2157 1278 2222 scribitur,
1313 2158 1453 2226 quod
1479 2159 1664 2227 utique
1706 2159 1985 2212 Dominico
2014 2159 2110 2214 ho-

521 2249 655 2305 mini
679 2249 986 2319 specialiter
1009 2249 1256 2319 congruit
1279 2267 1290 2302 :
1327 2265 1392 2303 ex
1431 2248 1585 2317 cujus
1612 2265 1839 2319 persona
1865 2250 2108 2304 Psalmo-

521 2338 761 2410 graphus
806 2338 1037 2393 cecinit:
1076 2355 1096 2388 ‹
1132 2337 1243 2406 Ego
1281 2347 1459 2391 autem
1504 2353 1622 2392 sum
1669 2338 1868 2393 vermis
1906 2348 1962 2393 et
2005 2356 2110 2394 non

520 2428 683 2484 homo
730 2427 902 2499 (Psal.
936 2427 1036 2500 xl).
1073 2446 1093 2480 ι
1139 2427 1601 2494 Quemadmodum
1636 2429 1778 2483 enim
1810 2429 2012 2499 lignum
2045 2446 2109 2483 ex

517 2537 579 2578 se
625 2521 977 2577 vermiculum
1026 2529 1303 2590 procreat,
1357 2521 1430 2574 ita
1476 2535 1689 2590 quoque
1734 2521 1895 2575 beata
1943 2521 2110 2574 Maria

520 2613 709 2684 virgo,
736 2612 985 2667 videlicet
1014 2611 1081 2667 de
1123 2612 1306 2666 radice
1350 2611 1534 2676 Jesse,
1566 2613 1769 2680 absque
1798 2627 1960 2681 opere
2008 2628 2112 2665 nu-

517 2702 692 2772 ptiali,
725 2701 910 2756 florem
942 2701 1165 2771 protulit
1191 2701 1481 2755 Dominum
1510 2710 1564 2752 et
1600 2699 1936 2754 Salvatorem
1965 2719 1977 2753 :
2019 2701 2111 2770 qui

519 2793 864 2864 octingentos
897 2792 1234 2848 interfecisse
1261 2794 1460 2862 impetu
1495 2809 1604 2847 uno
1631 2794 1868 2847 dicitur:
1903 2795 2028 2862 quia
2056 2801 2115 2846 ut

521 2882 867 2953 Evangelista
897 2883 1212 2953 pronuntiat
1238 2883 1302 2938 de
1331 2884 1548 2939 homine
1593 2899 1699 2938 uno
1718 2925 1733 2950 ,
1773 2885 1862 2954 qui
1891 2883 2112 2939 univer-

519 2989 705 3028 sarum
735 2975 973 3045 gentium
1003 2986 1184 3046 typum
1212 2974 1558 3044 prteferebat,
1581 2996 1598 3026 ‹
1622 2991 1728 3030 uno
1755 2977 1976 3046 impetu,
2009 2994 2026 3026 ι
2061 2975 2113 3030 id

527 3071 610 3118 est
633 3065 899 3120 sermonis
928 3065 1173 3134 imperio,
1201 3065 1464 3135 legionem
1494 3067 1698 3136 expulit
1726 3067 2049 3120 daemonum.

604 3176 622 3208 ι
657 3156 783 3212 Post
812 3158 954 3213 hunc
980 3157 1196 3212 Semma
1242 3152 1398 3214 filius
1419 3159 1530 3227 Age
1573 3158 1640 3214 de
1679 3159 1855 3213 Arari.
1886 3160 1951 3212 Et
1983 3175 2112 3214 con-

528 3269 545 3299 c
583 3249 788 3319 gregali
810 3259 936 3304 sunt
962 3249 1292 3304 Philisthiim
1319 3251 1372 3304 in
1397 3251 1662 3314 statione,
1701 3270 1719 3302 ι
1761 3258 1865 3304 etc.
1896 3249 2112 3305 Semma

529 3336 773 3404 audiens,
802 3337 914 3408 Age
939 3338 1196 3390 meditans
1229 3337 1342 3391 sive
1371 3339 1603 3408 loquens,
1644 3338 1886 3393 Ararites
1910 3351 2114 3393 monta-

529 3447 650 3484 nus.
683 3429 922 3495 Semma,
954 3425 1094 3484 filius
1120 3429 1264 3500 Age,
1302 3444 1591 3498 personam
1634 3429 1864 3499 gestavit
1902 3429 2113 3484 Domini

529 3531 584 3577 et
623 3520 922 3577 Salvatoris
967 3521 1173 3584 nostri,
1218 3520 1332 3575 sive
1362 3518 1670 3574 sanctorum
1703 3521 2113 3589 praedicatorum

527 3615 682 3684 ejus:
727 3615 819 3684 qui
865 3614 919 3668 in
959 3627 1088 3682 agro
1133 3611 1384 3666 Ecclesia:
1412 3621 1578 3677 stans,
1615 3612 1827 3666 infirma
1872 3613 2112 3669 membra

527 3706 672 3760 illius
723 3705 789 3760 de
843 3702 1168 3757 adversariis
1213 3702 1605 3772 potestatibus,
1653 3701 1800 3756 velut
1851 3703 2114 3758 hordeum

524 3802 712 3848 tuetur
736 3813 748 3848 :
779 3793 863 3848 vel
893 3800 1040 3847 certe
1063 3792 1439 3846 verecundiam
1467 3782 1732 3847 castitatis
1753 3793 1804 3846 in
1831 3795 2113 3849 continen-

524 3886 698 3949 tibus,-
719 3886 877 3955 quasi
918 3885 1090 3940 lentes
1121 3883 1299 3955 gladio
1330 3885 1442 3940 oris
1471 3885 1589 3951 sui,
1620 3894 1807 3940 contra
1842 3886 2114 3943 luxuriam

528 3977 788 4034 defendit.

600 4088 620 4120 ί
663 4067 881 4124 Necnon
928 4076 983 4123 et
1021 4077 1146 4124 ante
1192 4069 1584 4125 descenderant
1630 4077 1776 4134 tres,
1824 4069 1916 4140 qui
1959 4077 2117 4124 erant

534 4179 552 4213 ε
589 4162 863 4232 principes
901 4161 954 4216 in
983 4162 1225 4232 triginta,
1251 4171 1305 4216 et
1334 4170 1600 4218 venerunt
1643 4172 1883 4232 tempore
1923 4162 2116 4219 messis

531 4271 550 4303 ι
589 4253 655 4308 ad
682 4253 851 4306 David
881 4253 932 4307 in
964 4253 1275 4323 speluncam
1322 4253 1590 4310 Odollam.
1631 4272 1650 4306 ι
1701 4251 1834 4307 Tres
1874 4252 1963 4306 isti
1999 4251 2117 4307 fue-

527 4351 672 4409 runt,
699 4342 883 4398 Abisai
908 4343 1047 4398 filius
1072 4343 1278 4398 Sarvite
1303 4352 1358 4398 et
1386 4343 1486 4398 sub
1514 4343 1617 4398 hoc
1641 4341 1741 4397 Hai
1774 4341 2033 4408 Usatites,
2061 4350 2117 4397 et

525 4432 800 4490 Jonathan
831 4433 973 4490 filius
1001 4434 1252 4489 Sammaa
1283 4435 1468 4490 fratris
1496 4434 1686 4489 David.

603 4545 622 4578 ι
659 4525 723 4580 Hi
757 4526 918 4580 etiam
948 4534 1058 4580 tres
1087 4526 1400 4596 irruperunt
1427 4535 1607 4580 castra
1640 4524 2106 4594 Philisthinorum,

532 4636 552 4669 α
585 4624 638 4672 et
667 4616 963 4670 hauserunt
990 4631 1182 4684 aquam
1212 4617 1278 4670 de
1313 4616 1549 4671 cisterna
1585 4615 1917 4670 Dethlchem.
1952 4615 2018 4669 Et
2047 4617 2113 4671 de

532 4727 552 4761 ι
592 4696 764 4763 tribus
785 4708 903 4762 istis
917 4708 1100 4762 Abisai
1126 4723 1340 4777 quoque
1360 4706 1530 4762 frater
1545 4706 1700 4772 Joab,
1722 4706 1862 4761 filius
1883 4706 2108 4772 Sarviae,

533 4820 555 4852 ι
591 4795 843 4872 princeps
884 4809 1004 4854 erat
1033 4800 1099 4854 de
1132 4800 1303 4854 tribus
1345 4800 1462 4854 istis
1501 4800 1818 4860 nominatis,
1855 4799 1908 4852 in
1944 4798 2115 4855 tribus

531 4913 550 4944 ι
591 4893 697 4949 illis
721 4903 776 4948 et
803 4894 944 4947 inter
970 4903 1083 4947 tres
1113 4881 1360 4946 nobilior.
1393 4892 1731 4947 Desideravit
1759 4892 1921 4962 igitur
1949 4892 2115 4946 David

531 5002 550 5033 ε
585 4993 638 5036 et
668 4983 745 5036 ait
772 4998 786 5036 :
829 4982 887 5037 Si
915 4981 1035 5051 quis
1066 4981 1196 5034 mihi
1235 4981 1386 5035 daret
1421 4971 1606 5050 potum
1639 4981 1706 5035 de
1736 4982 1967 5035 cisterna
1997 4996 2116 5050 quae

532 5093 550 5124 ι
585 5082 666 5128 est
705 5075 757 5128 in
802 5073 1114 5129 Bethlehem
1156 5074 1310 5144 juxta
1342 5083 1574 5142 portam.
1625 5073 1942 5142 lrruperunt
1986 5087 2117 5143 ergo

531 5177 552 5212 σ
590 5170 701 5216 tres
750 5161 920 5216 fortes
965 5171 1144 5217 castra
1194 5161 1670 5227 Philisthinorum,
1721 5171 1775 5216 et
1822 5163 2122 5216 hauserunt

533 5269 551 5301 ι
588 5267 801 5321 aquam.
833 5255 903 5308 At
937 5254 1026 5309 ille
1070 5255 1242 5308 noluit
1272 5255 1475 5319 bibere,
1507 5255 1602 5310 sed
1629 5255 1816 5310 libavit
1846 5254 1990 5309 illam
2016 5255 2120 5309 Do-

536 5360 555 5393 ι
595 5346 756 5400 mino.
779 5357 809 5399 ἰ
844 5347 945 5414 Qui
972 5345 1174 5401 fuerint
1199 5347 1253 5401 hi
1279 5355 1388 5401 tres
1414 5347 1715 5412 fortissimi,
1733 5347 1845 5417 jam
1869 5347 2115 5416 superius

530 5434 939 5494 inculcavimus.
971 5438 1240 5494 Ctetcrum
1273 5440 1591 5510 spiritaliter
1618 5455 1779 5510 quem
1810 5440 1862 5494 in
1894 5441 1996 5494 hoc
2025 5441 2116 5494 de-

533 5527 732 5583 siderio
762 5530 877 5600 ipse
919 5533 1086 5589 David
1128 5534 1515 5606 praefiguravit,
1553 5533 1657 5589 nisi
1685 5549 1877 5590 omnes
1904 5542 2117 5591 sanctos

533 5619 742 5688 Patres,
773 5625 861 5692 qui
887 5634 1009 5681 ante
1038 5627 1232 5698 legem,
1259 5630 1340 5684 vel
1374 5630 1472 5686 sub
1499 5630 1615 5700 lege
1643 5628 1885 5694 fuerunt,
1911 5629 1999 5698 qui
2028 5628 2118 5684 ad-

536 5721 758 5769 ventum
783 5714 1080 5774 Salvatoris
1109 5723 1500 5787 tu'a‘stolantes,
1539 5721 1603 5777 ad
1636 5720 1750 5790 ejus
1777 5719 2120 5790 praesentiam

2143 4473 2195 4534 D

2208 1879 2362 1943 tulit,
2395 1878 2548 1947 cujus
2593 1875 2805 1946 culpam
2837 1875 2997 1944 digna
3027 1874 3257 1928 verbera
3302 1879 3427 1926 sunt
3469 1877 3722 1924 secuta:
3763 1875 3814 1920 et

2206 1972 2408 2028 malum
2456 1970 2598 2040 quod
2644 1968 3006 2038 perpetravit,
3058 1981 3150 2036 per
3199 1962 3530 2034 paenitentiae
3559 1961 3816 2014 lamenta

2208 2062 2459 2118 correxit.
2480 2060 2578 2127 Qui
2603 2075 2747 2117 etim.
2771 2058 2926 2128 longe
2954 2065 3100 2126 post,
3124 2064 3310 2108 contra
3333 2053 3532 2106 ostium
3554 2050 3812 2112 sederet,

2210 2169 2408 2223 aquam
2440 2151 2626 2204 bibere
2647 2165 2710 2203 ex
2747 2164 2933 2202 eorum
2957 2147 3192 2200 cisterna
3222 2159 3288 2198 ex
3317 2141 3592 2197 desiderio
3617 2138 3814 2192 voluit.

2209 2239 2374 2310 Cujus
2420 2240 2576 2295 electi
2624 2238 2860 2303 milites,
2905 2238 3046 2292 inter
3091 2242 3337 2290 catervas
3380 2230 3818 2286 adversantium.

2211 2335 2415 2389 medias
2445 2340 2832 2401 erumpentes,
2869 2345 3066 2399 aquam
3108 2343 3269 2397 quam
3310 2342 3403 2380 rex
3449 2322 3822 2379 desiderabat

2213 2429 2362 2484 illzt‘si
2392 2426 2716 2482 detulerant.
2770 2426 2873 2480 Sed
2905 2425 2990 2478 vir
3018 2422 3242 2493 flagellis
3285 2419 3562 2482 eruditus,
3599 2405 3816 2472 semet-

2215 2525 2388 2593 ipsum
2417 2522 2668 2592 protinus
2694 2537 2814 2574 cum
2837 2519 3078 2591 periculo
3105 2517 3336 2572 militum
3360 2530 3555 2584 aquam
3587 2513 3820 2568 deside-

2215 2630 2363 2670 rasse
2394 2612 2768 2683 reprehendit,
2798 2625 3025 2680 eamque
3062 2607 3290 2662 Domino
3314 2605 3546 2659 fundens
3581 2603 3820 2665 libavit,

2215 2707 2354 2761 sicut
2381 2705 2486 2759 illic
2513 2705 2774 2773 scriptum
2803 2711 2922 2757 est:
2963 2721 2980 2752 ι
3015 2701 3226 2755 Libavit
3253 2714 3372 2754 eam
3401 2697 3666 2750 Domino.
3711 2716 3732 2746 ι
3765 2697 3822 2750 In

2215 2801 2544 2856 sacrificium
2571 2799 2768 2867 quippe
2793 2796 3002 2850 Domini
3031 2794 3197 2849 effusa
3225 2808 3360 2862 aqua
3394 2805 3668 2858 conversa
3701 2801 3818 2852 est,

2217 2893 2342 2962 quia
2371 2890 2584 2959 culpam
2609 2887 3060 2957 concupiscentize
3089 2885 3347 2940 mactavit
3367 2924 3382 2946 ,
3408 2899 3503 2952 per
3539 2882 3826 2952 paenitens

2217 2983 2347 3038 tiam
2385 2979 2822 3050 reprehensionis
2845 2989 2974 3032 suae.
3019 2977 3120 3044 Qui
3150 2991 3280 3046 ergo
3305 2973 3575 3044 quondam
3604 2987 3822 3026 concu-

2215 3075 2426 3145 piscere
2472 3072 2702 3126 alienam
2749 3067 3028 3139 coniugem
3074 3081 3412 3137 nequaquam
3446 3063 3657 3128 timuit,
3693 3073 3824 3133 post

2216 3165 2379 3218 etiam
2425 3163 2551 3232 quia
2590 3161 2972 3230 concupiverat
2999 3159 3233 3228 expavit.
3277 3157 3414 3224 Quia
3441 3156 3586 3210 enim
3614 3155 3815 3209 illicita

2216 3261 2561 3324 perpetrasse
2588 3250 2927 3313 meminerat,
2960 3259 3146 3304 contra
3173 3247 3522 3315 semetipsum
3538 3243 3658 3312 jam
3697 3245 3817 3314 τίείς

2217 3345 2337 3409 dus,
2369 3343 2534 3398 etiam
2567 3357 2596 3396 a
2626 3341 2789 3395 licitis
2823 3339 3144 3394 abstinebat.
3177 3337 3268 3391 Sic
3294 3351 3516 3406 agamus
3535 3336 3817 3404 pmnitem

2219 3437 2381 3501 tiam,
2422 3444 2482 3489 ut
2524 3449 2589 3489 ea
2634 3449 2754 3502 qua:
2798 3432 3168 3486 commisimus
3209 3429 3446 3498 perfecte
3490 3426 3816 3480 deﬂeamus.

2223 3507 2418 3581 Verum
2443 3526 2596 3596 juxta
2629 3523 2911 3578 historiam
2943 3521 3086 3591 quod
3115 3519 3352 3573 oblatam
3391 3532 3591 3585 aquam
3623 3516 3815 3569 bibere

2219 3617 2415 3680 noluit,
2450 3615 2544 3670 sed
2571 3629 2691 3669 eam
2723 3613 2949 3666 Domino
2980 3611 3192 3675 libavit,
3227 3608 3536 3683 exemplum
3578 3608 3810 3674 pratbuit

2217 3709 2479 3764 militibus
2509 3707 2620 3762 suis
2655 3705 2988 3760 fortitudinis
3014 3711 3068 3758 et
3105 3701 3447 3757 constantiae.
3492 3698 3638 3753 Vicit
3685 3711 3811 3766 ergo

2216 3809 2489 3865 naturam,
2518 3807 2579 3853 ut
2608 3798 2799 3852 sitiens
2829 3812 2939 3851 non
2965 3795 3192 3860 biberet,
3225 3802 3285 3848 ut
3304 3806 3403 3847 suo
3428 3788 3679 3860 exemplo
3705 3803 3812 3843 om-

2217 3895 2302 3948 nis
2324 3892 2597 3948 exercitus
2627 3890 2773 3946 sitim
2801 3887 3052 3944 disceret.

2293 4004 2312 4035 ι
2351 3983 2532 4036 Abisai
2561 3995 2775 4052 quoque
2804 3977 2972 4033 frater
2991 3977 3147 4040 Joab,
3193 3975 3335 4029 filius
3377 3972 3619 4036 Sarvite,
3661 3971 3811 4042 prin-

2221 4094 2240 4128 ι
2282 4089 2409 4144 ceps
2438 4082 2556 4128 erat
2585 4073 2649 4128 de
2679 4071 2870 4125 tribus.
2904 4069 3021 4139 Ipse
3047 4066 3244 4122 levavit
3270 4067 3484 4119 hastam
3511 4077 3665 4117 suam
3691 4075 3810 4115 con-

2223 4185 2242 4217 ι
2281 4175 2360 4220 tra
2401 4171 2667 4218 trecentos
2696 4176 2832 4232 quos
2857 4157 3153 4223 interfecit,
3191 4154 3504 4210 nominatus
3533 4152 3588 4206 in
3617 4151 3808 4212 tribus.

2225 4275 2242 4308 ι
2281 4265 2338 4310 et
2368 4254 2508 4309 inter
2531 4262 2640 4309 tres
2666 4251 2915 4314 nobilior,
2951 4258 3176 4317 eratque
3204 4261 3390 4300 eorum
3419 4244 3694 4316 princeps,
3720 4240 3808 4297 sed

2226 4367 2245 4402 ι
2281 4363 2452 4419 usque
2477 4346 2542 4401 ad
2574 4355 2682 4400 tres
2705 4344 2908 4414 primos
2933 4358 3039 4397 non
3076 4347 3418 4412 pervenerat.
3462 4357 3480 4388 ι
3520 4335 3806 4391 Sciendum

2221 4446 2305 4492 est
2350 4435 2490 4508 quod
2536 4435 2622 4488 isti
2667 4443 2778 4487 tres
2814 4433 2972 4502 primi
3019 4432 3119 4502 (ad
3149 4445 3283 4500 quos
3311 4429 3497 4483 Abisai
3519 4469 3534 4492 ,
3565 4428 3660 4497 qui
3695 4433 3806 4482 erat

2221 4532 2364 4584 inter
2384 4538 2494 4584 tres
2517 4526 2749 4581 nobilior
2769 4535 2823 4578 ct
2841 4526 3114 4596 princeps,
3135 4539 3241 4578 non
3261 4523 3578 4593 pervenisse
3599 4521 3804 4590 dicitur)

2221 4637 2396 4693 neque
2423 4621 2475 4675 in
2499 4621 2602 4674 hoc
2621 4617 2916 4682 volumine,
2934 4632 3104 4686 neque
3127 4616 3180 4670 in
3203 4615 3654 4684 Paralipomenon
3678 4613 3805 4668 libro

2221 4717 2312 4787 qui
2355 4714 2552 4769 fuerint
2583 4713 2875 4783 leguntur:
2919 4725 3126 4764 necnon
3174 4709 3338 4763 etiam
3385 4708 3616 4762 ferventi
3657 4715 3800 4764 aestu,

2221 4809 2390 4861 libros
2434 4790 2828 4873 Antiquitatum
2875 4801 3094 4870 Josephi
3131 4800 3524 4871 perlustrantes
3547 4841 3560 4865 ,
3598 4799 3801 4854 minime

2224 4896 2468 4951 invenire
2493 4894 2762 4964 potuimus
2787 4932 2801 4957 ,
2832 4891 2936 4944 nisi
2966 4888 3104 4944 forte
3145 4889 3217 4942 illi
3245 4889 3622 4959 intelliguntur
3645 4889 3800 4957 (sicut

2219 4985 2429 5040 Hebrmi
2469 4983 2714 5051 tradunt)
2761 4995 2898 5050 quos
2943 4979 3190 5049 superius
3223 4978 3334 5047 jam
3375 4979 3798 5032 nominavimus:

2222 5084 2315 5130 aut
2341 5075 2436 5138 illi,
2469 5089 2605 5142 quos
2644 5071 2912 5141 Iosephus
2942 5080 3129 5126 narrat
3173 5086 3369 5140 aquam
3413 5070 3582 5124 David
3630 5071 3692 5124 de
3733 5069 3798 5122 ci-

2221 5176 2404 5222 sterna
2441 5164 2750 5220 Bethlehcm
2783 5163 3060 5230 attulisse,
3107 5179 3244 5234 quos
3283 5163 3526 5217 nominat
3562 5159 3794 5217 Jesbaam

2224 5257 2393 5312 filium
2420 5255 2733 5319 Accameni,
2759 5271 2918 5324 quem
2944 5256 3068 5310 alibi
3092 5253 3357 5309 Eusebius
3379 5253 3547 5306 filium
3568 5251 3792 5306 Achimei

2223 5354 2518 5416 nuncupat,
2541 5354 2595 5401 et
2618 5346 2936 5401 Eleazarum
2960 5346 3124 5401 filium
3151 5345 3342 5409 Ochoi,
3361 5359 3521 5413 quem
3545 5345 3669 5398 dicit
3687 5356 3792 5398 esse

2227 5439 2394 5492 filium
2421 5437 2633 5499 Dodim,
2660 5447 2822 5506 atque
2850 5437 3069 5491 Semma
3101 5435 3265 5490 filium
3291 5437 3422 5506 Age,
3447 5451 3603 5504 quem
3626 5434 3790 5502 appel-

2227 5529 2302 5582 lat
2332 5528 2456 5583 alibi
2503 5526 2667 5580 lilium
2701 5527 2847 5592 lleli,
2898 5527 2963 5582 de
3009 5526 3206 5596 quibus
3235 5541 3387 5580 sacra
3426 5524 3692 5594 Scriptura
3717 5518 3787 5574 nil

2230 5622 2485 5692 loquitur.
2519 5619 2670 5674 Unde
2698 5621 2937 5676 nonnulli
2969 5637 3076 5675 non
3107 5620 3276 5675 solum
3313 5619 3678 5678 Hebraeorum,
3707 5628 3786 5666 xcv

2234 5727 2352 5768 rum
2380 5709 2541 5765 etiam
2574 5707 2907 5778 Latinorum,
2939 5709 3142 5780 tropice
3167 5718 3275 5765 tres
3300 5709 3534 5778 primos,
3570 5715 3672 5760 tres
3692 5702 3786 5756 vi.“-
