4044 6336
193 402 308 458 585

1113 391 1370 447 ENARR.
1410 387 1477 445 ΙΝ
1513 387 1758 444 LIBROS
1797 386 2057 442 ΠΕΟ-ΟΜ.
2102 417 2168 429 -
2208 386 2272 442 IN
2314 387 2438 441 LIB.
2482 385 2546 440 ll.

3342 385 3450 440 386

192 521 350 566 tutes
379 507 576 572 David,
621 503 844 572 intelligi
874 502 1091 568 volun‘t,
1134 501 1451 572 sapientiam
1495 499 1778 561 videlicet,
1807 505 1856 562 Α
1889 513 1907 546 ‹
1941 495 2199 550 Dominus
2225 494 2513 550 :ediﬁcabit
2537 491 2666 548 Sion
2695 490 2866 564 (Psal.
2898 493 2996 564 Cl),
3026 512 3044 544 ι
3073 507 3236 563 quam
3262 493 3460 552 Paulus

191 601 586 664 humilitatem,
617 606 671 652 et
701 595 1093 661 fortitudinem,
1123 595 1262 649 sicut
1283 594 1335 647 in
1357 592 1783 663 prmcedentibus

193 695 434 758 dicitur,
473 710 492 744 ι
525 690 718 746 sedens
743 690 797 743 in
826 688 1081 743 cathedra
1119 685 1574 755 sapientissimus,
1607 702 1625 734 ι
1657 696 1786 737 ecce

191 785 545 854 sapientiam.
578 800 596 833 ε
631 781 747 850 Ipse
768 786 852 834 est
877 779 1030 846 quasi
1060 777 1382 831 tenerrimus
1416 775 1544 844 ligni
1587 774 1784 827 vermi-

191 873 380 938 culus,
428 890 445 924 ι
485 883 610 925 ecce
639 867 1016 923 humilitatem.
1059 885 1076 917 ι
1115 865 1217 932 Qui
1246 865 1586 934 octingentos
1615 862 1785 915 inter-

192 963 333 1019 fecit
370 963 571 1032 impetu
611 975 754 1022 uno,
788 977 805 1011 ι
841 972 965 1012 ecce
1003 955 1392 1009 fortitudinem.
1432 954 1513 1008 Ad
1544 955 1642 1007 has
1675 961 1784 1008 tres

189 1053 433 1106 virtutes
461 1047 858 1112 nemoforttum
899 1045 1068 1100 David
1095 1045 1374 1114 pervenit,
1407 1043 1633 1112 ideoque
1669 1041 1784 1110 ipse

191 1150 287 1196 est
314 1141 567 1210 princeps
602 1138 821 1192 fortium
865 1151 1102 1190 suorum.
1148 1132 1345 1188 Verum
1386 1134 1430 1188 si
1474 1134 1592 1202 quis
1623 1133 1783 1186 aliam

191 1230 598 1300 expositionem
643 1225 942 1289 invenerit,
985 1223 1326 1294 promulgare
1362 1229 1574 1278 studeat
1603 1231 1658 1276 et
1687 1237 1784 1277 nos

191 1322 436 1377 libenter
465 1321 514 1374 ei
541 1320 858 1388 obsequium
889 1318 1167 1382 dabimus,
1205 1318 1299 1386 qui
1346 1317 1586 1388 profecto
1623 1316 1783 1370 aliam

193 1411 453 1465 invenire
481 1425 584 1464 non
608 1409 875 1479 potuimus
903 1425 916 1460 :
959 1408 1044 1461 his
1073 1407 1215 1462 enim
1246 1407 1494 1478 expletis,
1523 1407 1650 1476 quid
1677 1406 1786 1477 spi-

193 1501 438 1556 ritaliter
463 1499 760 1568 signiﬁcet,
791 1498 1095 1551 innuamus.
1134 1496 1238 1551 Iste
1263 1497 1407 1552 enim
1448 1497 1661 1562 Abisai,
1692 1496 1782 1566 qui

189 1592 404 1647 levavit
433 1606 651 1646 manum
684 1605 836 1645 suam
863 1596 1051 1644 contra
1080 1595 1369 1654 trecentos,
1399 1586 1625 1659 ﬁguram
1651 1603 1784 1657 prae-

179 1685 446 1740 tendisse
483 1683 796 1739 ‘Salvatoris
847 1683 960 1736 sive
1011 1691 1318 1736 sanctorum
1369 1682 1782 1751 praedicatorum

189 1793 311 1830 non
342 1777 564 1831 dubium
595 1786 705 1833 est:
730 1778 820 1846 qui
847 1777 1041 1831 vexillo
1063 1777 1240 1832 crucis
1266 1785 1428 1846 atque
1453 1778 1607 1831 hasta
1650 1791 1781 1846 pra:-

191 1872 514 1936 dicationis,
543 1871 788 1926 inimicos
815 1871 958 1937 ﬁdei,
983 1870 1128 1926 velut
1164 1878 1433 1926 trecentos
1465 1869 1628 1936 viros,
1657 1884 1786 1924 con-
1815 1848 1860 1906 Β

175 1961 432 2015 Vincunt
457 1969 619 2030 atque
645 1968 1009 2031 prosternunt.

276 2070 296 2102 α
332 2047 402 2106 Et
426 2051 676 2117 Banaias,
709 2052 850 2106 filius
878 2049 1099 2116 ’Joiadae,
1129 2051 1230 2105 viri
1257 2051 1537 2107 fortissimi
1565 2067 1786 2122 magno-

196 2160 218 2192 ι
260 2156 385 2195 rum
415 2155 634 2210 operum
665 2141 730 2196 de
756 2137 998 2211 Capseel,
1029 2134 1427 2211 ipse-percussit
1446 2143 1582 2197 duos
1606 2143 1785 2198 leones

197 2249 218 2281 ι
259 2229 444 2294 Moab,
475 2239 528 2284 et
555 2230 669 2299 ipse
692 2231 966 2285 descendit
986 2239 1041 2284 et
1067 2232 1334 2300 percussit
1363 2231 1570 2287 leonem
1602 2232 1654 2285 in
1673 2248 1787 2286 rne-

199 2339 218 2368 α
265 2320 360 2374 dio
392 2320 643 2374 cisterna:
687 2321 876 2375 diebus
910 2321 1068 2376 nivis.
1109 2321 1227 2390 Ipse
1271 2336 1484 2392 quoque
1514 2323 1785 2377 interfecit

197 2435 216 2462 ι
263 2412 445 2466 virum
480 2411 813 2484 Egyptium,
855 2413 1028 2468 virum
1061 2414 1280 2484 dignum
1324 2415 1647 2485 spectaculo,
1690 2416 1783 2470 ha-

197 2523 217 2553 ι
263 2505 484 2559 bente‘m
509 2505 562 2558 in
583 2519 749 2558 manu
775 2504 1005 2559 hastam.
1045 2504 1228 2574 Itaque
1266 2519 1388 2560 cum
1420 2506 1785 2562 descendisset

198 2615 219 2646 ι
262 2595 332 2649 ad
359 2611 480 2650 eum
503 2596 555 2649 in
579 2596 849 2665 virga,vir
869 2596 1099 2650 extorsit
1119 2595 1329 2650 hastam
1355 2597 1418 2651 de
1441 2612 1601 2652 manu
1621 2596 1785 2668 :‘Egy-

196 2706 217 2737 ι
258 2688 387 2756 ptii,
417 2696 469 2742 et
497 2687 766 2743 interfecit
793 2700 912 2743 eum
936 2690 1092 2743 hasta
1120 2705 1234 2743 sua.
1269 2710 1287 2742 ι
1317 2690 1620 2744 Notandum
1643 2692 1783 2760 quod

187 2779 250 2831 in
277 2777 510 2832 Hebraeo
537 2793 643 2832 non
670 2779 915 2844 habetur,
946 2779 1108 2850 (sicut
1129 2779 1181 2832 in
1203 2777 1482 2846 cujusdam
1508 2779 1782 2834 volumine

185 2868 493 2937 reperitur)
526 2883 836 2937 magnorum
853 2883 1073 2938 operum
1095 2908 1110 2933 ,
1140 2869 1234 2924 sed
1259 2870 1514 2938 magister
1537 2885 1779 2938 operum.

186 2957 430 3026 Capseel
474 2959 616 3014 enim
650 2960 1039 3030 interpretatur
1083 2962 1412 3030 congregatio
1448 2961 1583 3014 Dei:
1615 2963 1784 3030 magi-

185 3057 315 3102 ster
360 3048 505 3102 enim
550 3059 669 3104 erat
694 3051 760 3105 de
789 3051 1205 3121 congregatione
1238 3061 1292 3105 et
1323 3050 1532 3120 legione
1569 3050 1696 3116 Dei,
1731 3051 1784 3105 id

183 3149 277 3192 est
309 3137 528 3192 Cerethi
559 3139 905 3204 etPherethi,
929 3141 1019 3209 qui
1045 3141 1466 3209 interpretantur
1497 3142 1781 3194 occidentes

181 3237 244 3283 et
282 3228 621 3296 viviﬁcantes.
653 3229 769 3298 ipse
789 3231 930 3284 enim
961 3231 1223 3299 percussit
1245 3231 1379 3286 duos
1401 3231 1582 3286 leones
1603 3232 1780 3296 Moab,

184 3334 338 3387 quos
368 3319 611 3374 nonnulli
642 3320 864 3392 intelligi
897 3321 1114 3386 volunt,
1143 3323 1277 3376 duos
1305 3331 1548 3392 potentes
1585 3339 1647 3378 ac
1673 3322 1784 3377 for—

183 3413 445 3467 tissimos
472 3415 618 3468 viros
645 3414 697 3467 in
734 3429 902 3484 regno
932 3413 1106 3468 Moab.
1139 3414 1196 3468 ln
1231 3430 1338 3484 quo
1368 3415 1528 3469 etiam
1571 3415 1783 3470 intelle-

180 3510 316 3564 ctu,
349 3501 433 3554 vir
461 3503 674 3570 quidam
714 3502 902 3558 doctus
947 3503 1000 3556 in
1048 3501 1374 3573 Scripturis,
1421 3514 1476 3558 et
1519 3505 1690 3559 solcrs
1728 3505 1782 3559 in

184 3606 390 3645 amore
434 3593 742 3662 sapientiaz,
785 3593 875 3662 qui
925 3607 1011 3647 me
1050 3593 1101 3647 in
1145 3595 1314 3648 sacris
1343 3593 1538 3648 litteris
1568 3595 1784 3650 erudire

182 3682 500 3744 consuevit,
535 3683 839 3736 consentire
868 3683 1093 3738 videtur.
1136 3685 1280 3751 Quos
1308 3685 1782 3755 Paralipomenon,

184 3772 339 3826 duos
367 3770 513 3825 Ariel
537 3770 690 3826 Moab
722 3773 982 3826 nominat.
1019 3772 1170 3828 Unde
1198 3783 1252 3827 et
1274 3772 1419 3828 Ariel
1447 3774 1530 3829 vel
1562 3775 1658 3828 viri
1685 3791 1781 3845 po-

182 3869 378 3916 tentes
404 3861 558 3916 Moab
587 3863 670 3916 vel
700 3863 879 3917 leones
917 3875 1314 3932 nuncupantur.
1349 3864 1494 3916 Ariel
1532 3865 1674 3918 cnim
1705 3865 1786 3918 in-

181 3961 530 4021 terpretatur
575 3952 653 4005 leo
681 3951 800 4005 Dei.
831 3951 976 4018 Quos
1001 3952 1260 4016 Banaias,
1295 3953 1420 4007 dum
1463 3963 1785 4022 provocatus

183 4051 344 4097 esset
370 4043 440 4096 ab
471 4041 597 4107 illis,
631 4052 911 4111 superatos
941 4042 1228 4097 interfecit.
1270 4044 1493 4110 Quando
1515 4044 1656 4098 enim
1687 4044 1787 4098 Da-

179 4131 292 4189 vid
322 4133 542 4188 eosdem
569 4132 829 4188 Moabitas
853 4132 993 4188 bello
1020 4149 1306 4204 aggressus
1326 4143 1427 4200 est,
1453 4143 1506 4189 et
1528 4134 1655 4190 fecit
1677 4143 1785 4189 tres

184 4223 473 4278 funiculos
503 4223 638 4278 duos
667 4224 732 4277 ad
763 4221 1192 4278 mortiﬁcandmn
1211 4263 1227 4288 ,
1265 4231 1324 4278 et
1353 4239 1518 4278 unum
1556 4223 1624 4277 ad
1651 4222 1786 4277 vivi-

185 4314 509 4379 ficandum,
555 4314 644 4369 isti
691 4321 937 4383 potentes
984 4312 1245 4368 Moabitas
1282 4315 1586 4370 tuebantur.
1631 4313 1784 4380 Quod

185 4404 404 4460 dicitur
428 4404 497 4458 de
528 4404 770 4458 Banaia:
808 4423 826 4456 ι
864 4412 917 4458 et
954 4404 1064 4474 ipse
1103 4403 1382 4459 descendit
1427 4413 1481 4460 et
1517 4403 1784 4474 percussit

183 4497 246 4551 in
282 4493 463 4548 media
492 4494 725 4548 cisterna
769 4494 954 4550 diebus
1001 4494 1140 4550 nivis
1186 4493 1396 4549 leonem
1429 4513 1447 4546 ι
1471 4535 1485 4560 ,
1513 4494 1782 4564 quomodo

183 4588 264 4641 sit
298 4585 521 4650 factum,
549 4583 814 4654 Josephus
843 4593 1027 4638 narrat
1055 4584 1331 4654 apertius:
1365 4583 1491 4653 quia
1532 4583 1782 4638 videlicet

184 4676 435 4729 cisterna
458 4673 619 4728 fuerit
643 4674 864 4728 nimium
887 4673 1171 4742 profunda,
1187 4689 1307 4744 qua:
1330 4684 1569 4744 tempore
1589 4675 1784 4730 hiemis

185 4781 320 4819 cum
349 4774 536 4818 essent
561 4765 741 4819 omnia
771 4765 982 4820 nivibus
1011 4765 1190 4835 plena,
1221 4767 1336 4836 ipsa
1370 4781 1584 4836 quoque
1614 4766 1783 4820 nimio

187 4856 406 4911 nivium
438 4871 665 4926 aggere,
699 4855 861 4911 fuerit
889 4865 1185 4926 coacquata.
1225 4857 1282 4910 ln
1329 4872 1489 4926 quam
1532 4871 1655 4911 cum
1700 4856 1784 4910 leo

188 4948 589 5018 superveniens
623 4948 844 5018 periculi
880 4949 1094 5004 nescius
1140 4949 1452 5017 incidisset,
1480 4949 1785 5018 ibidemque

188 5047 490 5104 conclusus
535 5048 724 5117 grandi
772 5048 948 5118 rugitu
982 5048 1274 5114 clamaret,
1303 5049 1659 5104 accurrebant
1689 5049 1784 5102 ho-

189 5140 378 5193 mines
417 5139 598 5194 videre
632 5138 758 5208 quid
796 5148 957 5193 esset.
1002 5139 1069 5192 Et
1102 5141 1228 5194 dum
1269 5154 1392 5193 cum
1427 5138 1545 5192 aliis
1576 5138 1642 5192 ad
1681 5137 1783 5192 tale

192 5229 569 5297 spectaculum
596 5229 876 5284 adveniret
913 5229 1163 5295 Banaias,
1191 5229 1392 5285 desiliit
1415 5229 1595 5282 statim
1625 5229 1677 5282 in
1709 5229 1786 5283 ci-

193 5330 483 5375 sternam:
530 5330 585 5372 et
628 5335 938 5389 aggressum
970 5319 1158 5374 mediis
1190 5321 1241 5374 in
1281 5319 1493 5374 nivibus
1519 5321 1784 5388 percussit

193 5419 251 5464 et
285 5409 561 5464 interfecit
585 5410 813 5464 leonem.
857 5409 1181 5479 Spiritaliter
1207 5410 1466 5476 Banaias,
1499 5409 1590 5478 qui
1619 5409 1784 5464 inter-

194 5511 448 5573 pretatur
472 5501 764 5571 wdiﬁcator
785 5501 1060 5567 Dominus,
1091 5517 1376 5572 personam
1407 5502 1460 5556 in
1484 5517 1542 5556 se
1568 5515 1784 5571 expres-

196 5594 271 5647 sit
302 5591 637 5657 Salvatoris,
679 5592 744 5646 de
771 5607 876 5661 quo
899 5592 1166 5663 Propheta
1209 5594 1626 5656 vaticinaverat,
1656 5593 1782 5660 quia

196 5697 298 5749 per
321 5697 446 5736 eum
476 5681 787 5737 aediﬁcanda
817 5682 1053 5736 Ecclesia
1081 5692 1246 5748 esset,
1283 5685 1465 5738 dicens
1492 5701 1504 5736 :
1535 5701 1553 5734 ι
1593 5681 1784 5736 ΑΞᾱίίί-

198 5791 334 5831 cans
367 5774 698 5831 Hierusalem
727 5774 983 5830 Dominus
1005 5772 1173 5846 (Psal.
1193 5791 1312 5831 CXL‘
1334 5776 1390 5846 ι).
1419 5796 1436 5828 ι
1469 5775 1530 5830 Et
1553 5776 1776 5833 iterum:

1885 589 2126 644 construi
2153 589 2343 643 videns
2365 589 2580 642 aiebat:
2616 605 2634 638 ‹
2667 587 2760 640 Dei
2791 587 3074 642 aediﬁcatio
3094 588 3228 642 estis
3253 588 3304 659 (1
3333 587 3455 646 Cor.

1881 677 1965 742 ru)
1991 696 2002 731 :
2041 697 2058 729 ι
2087 678 2186 744 Qui
2211 678 2276 732 de
2297 677 2446 732 caelis
2480 675 2753 730 descendit
2777 675 2829 728 in
2857 676 3030 729 lacum
3055 676 3237 730 seculi
3263 677 3456 732 istius:

1881 766 1972 834 qui
1995 767 2229 821 calentes
2253 781 2440 836 aquas,
2472 766 2575 820 hoc
2603 773 2687 818 est
2715 773 2922 819 mentes
2942 766 3242 830 hominum,
3273 767 3326 820 in
3349 782 3463 821 ma-

1873 853 1997 908 litia
2030 854 2319 922 ferventes,
2353 855 2474 910 nive
2501 863 2556 908 et
2582 855 2782 924 frigore
2821 855 3182 920 inﬁdelitatis,
3230 857 3286 910 in
3319 871 3463 927 aqua

1879 945 2280 1014 praedicationis
2313 960 2444 1008 suae,
2473 945 2586 998 sive
2617 943 2816 998 ﬂuento
2845 943 3206 1012 baptismatis,
3236 945 3460 1018 refrige-

1881 1036 2058 1089 ravit:
2102 1053 2120 1086 ι
2167 1044 2222 1090 et
2261 1035 2533 1090 interfecit
2574 1035 2814 1101 leonem,
2850 1055 2870 1088 ι
2906 1037 3007 1091 hoc
3034 1045 3118 1092 est
3145 1037 3457 1106 diabolum,

1883 1125 2058 1198 gladio
2075 1126 2222 1180 verbi
2250 1125 2354 1180 sui.
2382 1143 2402 1178 ‹
2431 1125 2548 1196 lpse
2569 1117 2712 1180 enim
2740 1135 2823 1180 est
2844 1127 3200 1182 auricularius
3220 1129 3409 1197 David,
3438 1149 3458 1182 ι

1882 1219 1975 1274 Dei
2006 1219 2207 1274 scilicet
2237 1218 2416 1273 Patris
2441 1237 2454 1271 :
2493 1219 2577 1272 cui
2599 1234 2723 1272 vera
2752 1219 3008 1274 divinitas
3037 1236 3251 1277 omnem
3282 1222 3463 1278 scien-

1883 1311 2016 1366 tiam
2036 1321 2198 1382 atque
2227 1310 2636 1381 intelligentiam
2674 1311 2919 1365 contulit.

1953 1440 1973 1473 ί
2030 1426 2156 1482 Haec
2197 1427 2324 1482 fecit
2347 1427 2598 1493 Banaias,
2629 1426 2770 1482 ﬁlius
2795 1427 3016 1493 Joiadae,
3045 1435 3098 1484 et
3129 1430 3248 1501 ipse
3284 1430 3458 1486 nomi-

1889 1537 1908 1570 ‹
1954 1527 2117 1572 natur
2147 1519 2286 1572 inter
2315 1527 2426 1573 tres
2455 1518 2857 1573 robustissimos
2881 1519 2972 1588 qui
2999 1529 3156 1574 erant
3189 1521 3332 1575 inter
3369 1521 3464 1574 tri-

1888 1625 1907 1658 ι
1953 1607 2101 1678 ginta
2141 1609 2448 1665 nobiliores.
2494 1610 2880 1666 Verumtamen
2921 1627 3089 1680 usque
3117 1612 3185 1666 ad
3213 1621 3323 1668 tres
3355 1627 3461 1669 non

1888 1714 1906 1747 ι
1949 1706 2287 1766 pervenerat.
2331 1717 2349 1749 ι
2407 1697 2746 1768 lntelligitur,
2777 1701 2902 1767 quia
2941 1700 3054 1770 ipse
3084 1700 3352 1754 nominari
3382 1699 3462 1754 di-

1889 1800 2025 1855 gnus
2054 1796 2198 1840 esset
2232 1786 2375 1841 inter
2403 1788 2674 1852 robustos,
2707 1788 2759 1840 id
2789 1797 2872 1842 est
2895 1789 3079 1844 Abisai
3109 1798 3164 1844 et
3195 1789 3462 1845 Subochai

1887 1885 1940 1930 et
1965 1877 2256 1942 Jonathan,
2301 1878 2496 1948 quippe
2547 1880 2637 1948 qui
2668 1879 2880 1954 viribus.
2908 1880 2988 1934 eis
3024 1880 3226 1950 aequari
3256 1888 3460 1952 posset,

1881 1968 1976 2038 qui
2026 1969 2189 2022 etiam
2239 1979 2394 2023 erant
2447 1970 2588 2023 inter
2636 1970 2874 2041 triginta.
2943 1970 3247 2026 Notandum
3319 1971 3462 2041 quod

1885 2059 2102 2129 quidam
2135 2058 2482 2113 l‘lehrreorum
2511 2059 2722 2114 leonem
2761 2061 2905 2116 hunc
2932 2077 3092 2132 quem
3124 2063 3351 2118 Banaias
3381 2063 3462 2118 in-

1885 2148 2120 2211 terfecit,
2145 2148 2278 2203 Joab
2307 2149 2527 2220 intelligi
2559 2151 2772 2204 volunt:
2795 2153 2887 2220 qui
2919 2153 2971 2206 in
3003 2153 3177 2207 media
3204 2155 3461 2219 cisterna,

1885 2239 1938 2293 id
1969 2247 2070 2304 est,
2106 2240 2158 2292 in
2189 2240 2347 2294 domo
2377 2241 2607 2305 Domini,
2639 2241 2726 2294 ubi
2765 2257 2965 2296 cornua
2997 2242 3182 2298 altaris
3213 2244 3456 2306 tenebat,

1885 2328 2093 2382 occisus
2137 2335 2240 2382 est.
2289 2329 2357 2382 Et
2398 2337 2525 2398 puta
2571 2329 2741 2385 altare
2785 2332 3076 2386 cisternam
3122 2332 3461 2404 signiﬁcare:

1884 2417 2132 2472 videlicet
2157 2419 2304 2487 quia,
2338 2419 2530 2487 inquit,
2583 2420 2722 2474 sicut
2771 2436 2910 2490 aqua
2957 2422 3204 2476 cisternae
3253 2422 3464 2477 mundi-

1887 2506 2013 2561 tiem
2049 2506 2243 2571 aﬁ‘ert,
2295 2509 2369 2562 ita
2414 2509 2761 2564 nihilominus
2829 2513 3195 2566 sanctuarium
3245 2511 3462 2568 Domini

1885 2607 2106 2668 peccata
2140 2599 2413 2668 expiabat.
2451 2619 2467 2650 ι
2498 2600 2558 2652 ln
2585 2600 2772 2655 diebus
2798 2602 2958 2666 nivis,
2995 2622 3012 2654 ι
3043 2603 3170 2672 quia
3196 2617 3294 2672 per
3323 2617 3464 2656 moro

1888 2696 1993 2742 tem
2026 2689 2260 2757 expiavit
2286 2698 2588 2758 peccatum,
2618 2688 2773 2756 juxta
2801 2689 2927 2744 illud
2955 2690 3254 2745 Psalmista:
3278 2707 3292 2744 :
3323 2709 3342 2742 ι
3369 2689 3464 2744 La-

1885 2780 2038 2834 vabis
2067 2794 2172 2843 me,
2213 2800 2230 2831 υ
2281 2781 2424 2848 quod
2481 2781 2756 2850 impletum
2784 2789 2868 2836 est
2899 2783 2952 2835 in
2991 2783 3164 2836 media
3196 2783 3461 2837 cisterna:

1891 2886 1910 2920 ι
1947 2876 2002 2922 et
2031 2884 2193 2938 super
2234 2869 2410 2923 nivem
2462 2868 2754 2923 dealbabor
2786 2869 2957 2940 (Psal.
2990 2871 3041 2940 1.)
3070 2889 3081 2924 :
3117 2890 3135 2923 ι
3180 2871 3322 2940 quod
3371 2870 3466 2924 im-

1885 2959 2087 3028 pletmn
2125 2968 2203 3013 est
2251 2959 2304 3013 in
2344 2975 2409 3014 eo
2441 2960 2584 3029 quod
2615 2961 2712 3026 ait,
2753 2981 2771 3011 ι
2812 2961 3000 3017 diebus
3031 2961 3192 3017 nivis.
3225 2981 3244 3013 ι
3302 2962 3373 3016 De
3399 2977 3467 3018 eo

1887 3060 2066 3104 autem
2113 3051 2257 3119 quod
2305 3053 2695 3120 subsequenter
2740 3062 3028 3108 narratur:
3065 3070 3083 3103 ‹
3109 3052 3226 3122 Ipse
3253 3067 3466 3122 quoque

1889 3141 2160 3196 interfecit
2190 3141 2364 3196 virum
2390 3141 2730 3212 Egyptium,
2762 3144 2939 3198 virum
2983 3144 3202 3214 dignum
3249 3151 3466 3213 specta-

1886 3230 2026 3285 culo.
2067 3251 2086 3282 ι
2137 3229 2326 3285 Virum
2378 3233 2538 3286 istum
2566 3231 2877 3302 Egyptium
2919 3232 3098 3288 Semei
3147 3234 3316 3289 ﬁlium
3339 3232 3466 3288 Jera

1883 3334 2001 3375 esse
2025 3321 2375 3387 arbitrantur,
2403 3322 2493 3390 qui
2525 3322 2800 3376 maledixit
2824 3323 3011 3378 David.
3041 3323 3330 3378 Sciendum
3382 3330 3468 3377 est

1863 3411 2027 3480 'quod
2077 3411 2222 3465 idem
2254 3411 2432 3466 Semei
2470 3413 2536 3467 de
2559 3409 2816 3466 Bahurim
2835 3413 3008 3468 fuerit
3037 3414 3156 3468 ideo
3175 3413 3466 3484 Egyptius

1884 3493 2079 3564 dictus,
2126 3485 2268 3568 quia
2300 3515 2464 3569 opera
2514 3494 2655 3553 illius
2688 3499 2948 3572 Aigyptii,
3002 3500 3168 3555 Deum
3217 3502 3469 3571 blasphe-

1855 3585 1868 3610 “’
1885 3592 2084 3645 mantis
2111 3591 2292 3661 (quem
2325 3591 2551 3662 Moyses,
2583 3592 2806 3661 jubente
2837 3591 3081 3655 Domino,
3113 3591 3384 3646 interfecit
3412 3591 3468 3645 in

1885 3682 2088 3753 eremo)
2123 3683 2360 3737 imitatus
2386 3681 2504 3736 fuit.
2558 3683 2647 3737 Ille
2676 3684 2819 3737 enim
2847 3682 3241 3752 blasphemavit
3272 3683 3466 3747 Deum,

1885 3780 1941 3826 et
1975 3772 2075 3826 istc
2112 3772 2386 3825 maledixit
2412 3772 2730 3841 prophetam
2766 3781 2821 3827 et
2861 3787 3062 3844 regem.
3117 3789 3136 3824 ι
3171 3770 3360 3826 1Virum
3387 3770 3468 3825 di-

1885 3877 2049 3933 gnum
2080 3864 2403 3932 spectaculo.
2443 3884 2460 3915 ι
2497 3863 2857 3933 Spectabatur
2889 3865 3056 3930 enim,
3083 3872 3143 3918 ut
3175 3864 3220 3918 si
3248 3863 3470 3935 egrede-

1887 3961 2035 4007 retur
2052 3953 2369 4018 Jerusalem,
2401 3954 2818 4009 interﬁceretur.
2854 3973 2873 4005 ι
2903 3955 3200 4009 Habentem
3226 3953 3279 4007 in
3303 3968 3469 4009 manu

1888 4044 2124 4107 hastam,
2154 4063 2171 4095 ι
2207 4045 2256 4098 id
2285 4052 2370 4098 est
2414 4043 2584 4112 legem
2611 4045 2724 4108 Dei,
2753 4060 2916 4114 quam
2946 4045 2989 4100 si
3017 4044 3309 4098 meditatus
3338 4041 3470 4097 fuis-

1887 4141 1969 4186 set
1999 4133 2365 4202 permanendo
2396 4133 2451 4187 in
2498 4134 2832 4189 Hierusalem
2858 4174 2873 4198 ,
2935 4149 3042 4189 non
3088 4134 3466 4204 perimeretur.

1887 4223 2023 4291 Quia
2057 4240 2187 4293 ergo
2233 4235 2560 4295 prteceptum
2613 4227 2754 4296 regis
2793 4226 3007 4280 irritum
3046 4224 3193 4289 fecit,
3224 4224 3470 4280 exeundo

1893 4314 2042 4370 foras
2083 4313 2442 4380 Hierusalem,
2473 4315 2673 4370 idcirco
2725 4315 2777 4368 in
2824 4329 2948 4370 eum
2995 4331 3025 4369 a
3067 4314 3302 4380 Bannia,
3359 4329 3379 4363 ι
3412 4312 3469 4366 in

1885 4405 2060 4474 virga,
2095 4425 2115 4457 ι
2155 4405 2206 4458 id
2243 4413 2327 4460 est
2362 4405 2685 4460 rectitudine
2725 4403 2972 4472 justitite,
3001 4405 3318 4459 descensum
3351 4407 3464 4457 est:

1886 4506 1940 4551 et
1978 4498 2150 4562 hasta,
2192 4512 2355 4566 quam
2385 4497 2500 4566 jam
2547 4512 2651 4550 non
2695 4507 2898 4551 rectam
2941 4499 3176 4562 tenebat,
3218 4495 3267 4550 vi
3311 4493 3378 4549 ab
3405 4507 3470 4549 eo

1891 4593 2102 4638 extorta
2134 4594 2220 4638 est
2248 4601 2260 4636 :
2288 4598 2448 4653 quem
2485 4599 2700 4639 sensum
2740 4601 2848 4640 non
2883 4585 3232 4655 refragamus,
3263 4583 3355 4638 sed
3386 4582 3468 4636 di-

1885 4677 2070 4746 ligenti
2101 4677 2286 4732 lectori
2317 4677 2684 4746 relinquimus.
2723 4679 3032 4748 Descriptus
3062 4677 3205 4732 enim
3226 4689 3292 4730 ex
3315 4681 3471 4744 parte

1887 4766 2164 4837 catalogus
2209 4769 2450 4821 virorum
2499 4766 2720 4820 fortium
2776 4769 2829 4821 in
2870 4769 3095 4839 ﬁguram
3138 4763 3467 4826 sanctorum,

1888 4865 1979 4935 qui
2007 4863 2254 4932 quamvis
2279 4861 2542 4915 virtutum
2588 4860 2916 4916 sublimitate
2953 4857 3256 4927 proﬁciant,
3289 4862 3471 4906 tamen

1887 4970 2060 5023 usque
2085 4954 2151 5008 ad
2177 4951 2552 5008 excellentiam
2577 4950 2770 5005 divinae
2799 4948 3083 5003 Trinitatis
3129 4953 3470 5012 nequaquam

1891 5047 2178 5116 attingant.
2227 5045 2354 5100 Inde
2396 5051 2478 5098 est
2518 5043 2660 5112 quod
2707 5041 2778 5096 ibi
2820 5041 3080 5109 scriptum
3110 5045 3193 5089 est
3221 5033 3286 5086 de
3311 5027 3469 5092 Joab,

1891 5154 2061 5208 usque
2097 5137 2162 5191 ad
2193 5144 2300 5190 tres
2343 5149 2450 5188 non
2481 5134 2747 5204 pervenit.
2799 5132 2932 5199 Quis
2981 5129 3124 5183 enim
3173 5118 3472 5190 aequabitur

1890 5231 2140 5294 Domino,
2174 5237 2266 5282 aut
2313 5227 2435 5296 quis
2485 5225 2675 5280 similis
2718 5225 2822 5278 erit
2873 5224 3013 5275 inter
3053 5216 3190 5270 lilios
3213 5210 3345 5266 Dei?
3392 5208 3472 5263 Ac

1889 5339 1986 5391 per
2015 5324 2116 5376 hoc
2143 5337 2267 5375 vera
2302 5325 2476 5388 potest
2516 5316 2603 5370 illa
2639 5315 2833 5370 solutio
2863 5325 3000 5372 esse,
3031 5320 3192 5376 quam
3224 5298 3472 5391 superius

1861 5427 1864 5432 '
1891 5389 1958 5467 de
1989 5413 2158 5467 tribus
2182 5411 2372 5482 primis
2414 5407 2746 5470 fortissimis,
2783 5401 3031 5457 videlicet
3061 5395 3233 5451 tribus
3261 5389 3474 5446 virtuti-

1889 5504 1990 5559 bus
2031 5503 2222 5564 David,
2276 5501 2665 5570 descripsimus
2710 5515 2721 5548 :
2767 5495 2832 5548 ad
2872 5505 3006 5560 quas
3051 5501 3206 5542 nemo
3253 5482 3473 5538 fortium

1889 5596 2170 5666 pervenire
2211 5594 2402 5664 potuit.
2446 5593 2512 5645 Et
2549 5591 2672 5644 ideo
2711 5586 2915 5655 tr0pice
2943 5595 3121 5666 sermo
3150 5577 3361 5633 divinus
3417 5574 3470 5666 in

1893 5663 2116 5754 ﬁguram
2159 5663 2454 5738 salvatoris
2486 5680 2556 5733 ita
2590 5676 2812 5748 protulit
2838 5665 3050 5739 dicens,
3074 5670 3168 5726 sed
3206 5680 3375 5738 usque
3405 5663 3472 5718 ad

1893 5785 2000 5830 tres
2026 5775 2227 5844 primos
2257 5788 2361 5828 non
2391 5777 2726 5838 pervenerat.
