4044 6336
591 343 696 399 587

1619 337 1968 394 ANGELOMI
2007 337 2464 395 LUXOVIENSIS
2499 339 2805 397 MONACHI

3777 353 3876 408 388

663 413 886 512 «:‘Asacl
925 464 1094 512 trater
1121 454 1255 511 Joab
1298 453 1442 507 inter
1465 449 1717 523 :triginta.
1764 451 1998 505 Eleanan
2029 449 2172 505 ﬁlius
2201 457 2248 515 Α
2277 451 2442 505 millia
2472 452 2537 506 de
2567 453 2730 508 Israel
2775 471 2788 507 :
2837 453 2904 509 de
2926 453 3059 509 Iuda
3089 455 3486 528 quadringenta
3517 461 3876 530 septuaginta

596 566 614 598 ι
662 547 838 616 patrui
873 545 988 613 ejus
1017 547 1082 600 de
1108 544 1444 600 Bethlehem.
1480 543 1695 598 Semma
1725 541 1789 596 de
1813 541 1988 595 Arari.
2024 541 2170 597 Elica

595 660 613 692 ι
660 640 724 694 de
751 639 970 694 Harodi.
1019 638 1178 693 Helos
1225 637 1292 690 de
1318 635 1513 690 Phalti.
1559 634 1674 688 lliri
1722 635 1863 690 ﬁlius
1893 634 2063 689 Acces
2103 634 2168 689 de

597 751 614 782 ι
663 732 897 785 Thecua.
946 729 1176 784 Abiezer
1213 729 1279 782 de
1304 727 1597 780 Anathoth.
1650 726 1934 782 Mobonnai
1964 725 2030 780 de
2059 725 2170 780 Hu-

597 843 614 874 ‹
662 823 783 876 sati.
844 821 1061 876 Selmon
1114 819 1392 874 Ahohites.
1453 817 1726 872 Macharai
1777 817 2165 886 Netophatites.

594 934 611 965 ι
657 914 822 968 Ileleb
863 914 1003 968 ﬁlius
1034 913 1256 975 Baama,
1283 918 1336 964 et
1378 910 1490 978 ipse
1516 909 1911 978 Netophatites.
1962 909 2059 963 Itai
2103 909 2165 962 ﬁ-

594 1021 612 1053 ‹
661 1003 763 1057 lius
783 1003 956 1067 ltihai,
985 1003 1048 1056 de
1069 1001 1305 1057 Gebeeth
1337 1000 1570 1056 filiorum
1599 999 1898 1068 Benjamin.
1927 999 2168 1054 Bauian

594 1110 612 1142 ι
659 1092 1095 1147 Pharathonites.
1127 1090 1296 1144 lledai
1325 1089 1393 1145 de
1429 1097 1674 1145 torrente
1710 1089 1870 1145 Gaas.
1904 1089 2170 1144 Abialbon

597 1203 616 1234 ι
658 1185 988 1239 Arbathites.
1057 1184 1324 1237 Azmavet
1377 1183 1446 1237 de
1499 1180 1772 1236 Berhomi.
1825 1181 2048 1236 Elihaba
2102 1179 2168 1234 de

594 1294 613 1326 ς
661 1275 933 1330 Saaiboni.
987 1275 1112 1328 Filii
1149 1273 1331 1338 lasen,
1378 1271 1672 1338 Jonathan,
1713 1271 1929 1328 Semina
1965 1273 2031 1328 de
2059 1271 2164 1327 IIe-

595 1386 612 1417 (
661 1369 796 1420 rodi.
832 1367 1024 1420 Ahiam
1060 1367 1200 1420 ﬁlius
1233 1365 1399 1420 Sarar
1425 1365 1689 1420 Anrites.
1730 1366 1995 1436 Eliphalet
2024 1365 2165 1421 filius

591 1478 610 1510 ι
655 1459 915 1512 Ahasbai.
969 1457 1090 1511 Filii
1120 1455 1405 1511 Maachali.
1441 1456 1646 1510 Eliaaln
1679 1455 1820 1520 filius
1845 1455 2165 1525 Achitopliel

590 1569 613 1602 ‹
654 1547 934 1614 Gilonites,
999 1548 1190 1603 Ilesrai
1237 1551 1301 1604 de
1351 1548 1620 1614 Carmelo,
1663 1547 1857 1602 Pharai
1906 1547 1972 1602 de
2008 1547 2160 1612 Al‘ili,

589 1659 606 1692 ι
655 1641 794 1710 lgaal
828 1640 972 1694 ﬁlius
1000 1637 1208 1692 Nathan
1245 1640 1312 1693 de
1349 1639 1514 1702 Seba,
1551 1637 1721 1692 Bonni
1757 1638 1822 1692 de
1847 1636 2037 1700 Gaddi,
2067 1636 2164 1690 Se-

590 1752 608 1783 ι
655 1733 735 1786 lcc
762 1734 830 1786 de
853 1733 1123 1795 Ammoni,
1159 1731 1389 1785 Naharai
1415 1731 1734 1794 Berothites,
1770 1730 2005 1800 armiger
2025 1727 2160 1782 Joab

2276 543 2464 609 millia,
2497 539 2634 614 quos
2680 547 2896 615 quidem
2942 547 3010 601 ab
3050 546 3184 604 Joab
3235 560 3546 605 numeratos
3575 567 3736 616 esse,
3791 555 3878 606 Sed

2275 647 2539 687 summam
2571 649 2759 708 eorum
2785 635 3016 690 noluisse
3058 638 3344 694 ostendere
3374 639 3568 706 David,
3603 641 3722 696 nisi
3766 650 3878 694 tan-

2273 728 2386 776 tum
2413 733 2672 792 quantum
2706 726 2758 779 in
2788 724 3053 781 Samuelis
3080 727 3216 783 libro
3247 730 3523 783 scribitur.
3887 783 3890 788 .

2349 831 2368 864 ‹
2404 814 2678 870 Percussit
2701 825 2880 870 autem
2906 832 3002 871 cor
3026 817 3194 872 David
3223 829 3514 889 postquam
3543 821 3887 874 numeratus

2277 922 2298 955 ι
2341 914 2426 960 est
2450 906 2698 975 populus,
2727 915 2782 972 βα
2816 907 2953 962 dixit
2980 907 3148 964 David
3176 911 3248 964 ad
3269 909 3560 965 solum
3586 929 3608 964 :
3639 897 3882 967 νεα-π

2277 1015 2298 1049 ‹
2341 997 2500 1052 valde
2535 999 2590 1052 in
2613 1000 2716 1054 hoc
2743 999 2887 1054 facto
2910 1018 2923 1053 :
2947 1002 3042 1055 sed
3071 1017 3282 1071 precor,
3306 1002 3556 1068 Domine,
3593 1012 3662 1056 ut
3695 1013 3871 1055 trans-

2276 1105 2300 1138 σ
2340 1086 2482 1143 feras
2510 1089 2847 1158 iniquitatem
2872 1091 3015 1144 servi
3047 1092 3144 1155 tui,
3171 1093 3296 1161 quia
3326 1093 3490 1147 stulte
3512 1109 3601 1162 egi
3639 1093 3864 1154 nimis,i

2270 1185 2324 1231 et
2357 1176 2580 1246 reliqua.
2613 1177 2667 1230 In
2695 1177 2831 1231 libro
2856 1193 3069 1248 quoque
3098 1180 3286 1243 Exodi,
3317 1181 3578 1249 prmcepit
3607 1181 3869 1235 Dominus

2269 1267 2460 1338 Moysi,
2488 1268 2708 1323 dicens:
2739 1287 2757 1318 ι
2789 1267 3014 1334 Quando
3041 1268 3272 1322 tuleritis
3308 1285 3581 1323 summam
3631 1271 3868 1324 ﬁliorum

2267 1359 2451 1423 Israel,
2496 1358 2650 1427 juxta
2689 1374 2972 1412 numerum
3013 1359 3215 1413 dabunt
3248 1361 3444 1431 singuli
3487 1361 3747 1429 pretium
3783 1376 3869 1429 pro

2268 1451 2551 1505 animabus
2579 1451 2692 1505 suis
2716 1450 2964 1513 Domino,
2995 1458 3053 1506 et
3083 1466 3189 1505 non
3218 1451 3321 1504 erit
3350 1451 3507 1521 plaga
3539 1452 3598 1504 in
3637 1451 3730 1505 eis
3755 1467 3866 1505 cum

2266 1541 2469 1596 fuerint
2509 1543 2760 1598 reccn‘siti
2803 1541 3003 1613 (Exod.
3038 1542 3189 1613 xxx).
3238 1562 3256 1596 ›
3313 1543 3427 1598 Hoc
3475 1554 3681 1598 autem
3731 1543 3866 1598 dabit

2265 1636 2440 1689 omnis
2483 1636 2574 1705 qui
2623 1635 2819 1690 transit
2847 1634 2916 1688 ad
2965 1649 3159 1689 nomen
3210 1635 3493 1690 dimidium
3536 1635 3698 1699 sicli,
3729 1634 3866 1702 juxta

2267 1739 2576 1779 mensuram
2610 1725 2812 1794 templi.
2843 1723 3018 1778 Siclus
3039 1725 3229 1793 viginti
3258 1725 3417 1779 habet
3443 1724 3673 1780 obolos.
3703 1724 3866 1778 Media

592 1841 611 1874 ι
661 1823 754 1876 ﬁlii
786 1823 988 1877 Sari-ite
1025 1821 1153 1876 Hira
1193 1820 1505 1885 Ietlirithes,
1543 1841 1560 1872 ι
1613 1830 1669 1875 et
1695 1821 1919 1892 reliqua,
1967 1836 2164 1890 usque-
2195 1834 2238 1893 Β
2267 1832 2392 1886 pars
2417 1817 2534 1870 sicli
2566 1815 2824 1870 otI‘eretur
2845 1815 3090 1878 Domino,
3122 1817 3214 1884 qui
3243 1815 3472 1869 habetur
3512 1817 3570 1868 in
3611 1831 3864 1879 numero,

587 1928 693 1984 quo
720 1915 816 1979 ait,
865 1935 882 1966 ‹
915 1931 1105 1968 onmes
1143 1915 1360 1984 triginta
1406 1923 1632 1983 septem.
1668 1932 1688 1966 ι
1731 1913 2031 1968 Notandum
2057 1922 2160 1978 est,

586 2004 712 2074 quia
759 2020 878 2057 cum
919 2005 1004 2058 his
1045 2005 1297 2073 triginta,
1346 2004 1510 2057 etiam
1551 2013 1755 2073 septem
1795 2002 2062 2068 fortiores,
2112 2013 2167 2059 et

585 2094 845 2148 nominati
873 2094 924 2146 in
954 2094 1053 2148 hoc
1079 2093 1282 2146 calculo
1310 2094 1857 2162 comprehenduntur,
1891 2094 2056 2148 David
2089 2094 2167 2148 vi-

585 2184 797 2248 delicet,
843 2183 934 2253 qui
984 2184 1278 2253 appellatus
1306 2193 1390 2238 est
1413 2184 1742 2249 Adcodatus,
1767 2184 1949 2238 Abisai
1977 2195 2031 2239 ct
2063 2182 2165 2237 Su-

584 2271 798 2337 bochai,
846 2271 1134 2336 Jonatban,
1169 2273 1414 2337 Eleazar,
1452 2280 1507 2327 et
1542 2272 1758 2327 Sennna
1807 2283 1863 2327 et
1897 2273 2159 2327 Banaias:

588 2378 715 2418 CCCC
761 2373 985 2434 septem.
1039 2364 1282 2435 Triginta
1327 2365 1380 2419 hi
1433 2373 1556 2419 sunt
1599 2380 1611 2414 :
1659 2364 1852 2429 Asael,
1906 2365 2160 2428 Elcanan,

590 2454 808 2509 Semina
845 2455 909 2509 de
935 2454 1112 2518 Arari,
1146 2455 1312 2518 Elica,
1359 2455 1538 2520 Heles,
1571 2455 1723 2521 Ilira,
1775 2455 2026 2520 Abiezer,
2055 2456 2166 2512 Μο-

584 2545 812 2610 bonnai,
865 2544 1111 2610 Selmon,
1167 2544 1468 2611 Macharai,
1517 2544 1699 2610 “eleb,
1751 2545 1872 2611 ltai,
1922 2544 2164 2598 Banaian

584 2636 1017 2701 Pharathonites,
1057 2635 1242 2700 llcbai,
1275 2637 1558 2701 Ahialbon,
1605 2638 1883 2701 Azmavet,
1917 2634 2162 2702 Elihaba,

585 2727 801 2781 Sentma
820 2729 884 2783 de
914 2729 1133 2792 llorodi,
1161 2729 1339 2790 Aiam,
1359 2728 1688 2797 Eliphcleclt,
1725 2730 1914 2793 Etiam,
1950 2727 2160 2792 llcsrai,

584 2815 801 2883 Pharai,
837 2817 999 2889 Igaal,
1029 2816 1222 2883 Bonni,
1253 2817 1466 2882 Selech,
1495 2817 1752 2882 Naharai,
1792 2817 1943 2883 Ilira,
1966 2817 2162 2883 Gareb,

587 2909 742 2964 Urias
796 2910 1067 2966 Iletlneus.
1121 2911 1244 2965 Ideo
1284 2926 1415 2982 ergo
1443 2910 1601 2966 Urias
1651 2911 1906 2966 Ilelhreus
1945 2910 2166 2965 ultinzus

583 2998 818 3066 ponitur,
851 3009 1069 3067 propter
1113 2999 1166 3052 id
1201 3001 1346 3068 quod
1383 3000 1629 3068 sequitur
1666 3001 1718 3054 in
1755 3001 2126 3070 sequentibus.

664 3107 681 3139 ‹
717 3088 784 3140 Et
823 3088 1028 3142 addidit
1070 3088 1222 3144 furor
1251 3090 1461 3144 Domini
1504 3090 1661 3146 irasci
1704 3099 1892 3145 contra
1918 3091 2101 3146 Israel.
2141 3109 2159 3143 ι

2265 1923 2294 1961 a
2331 1907 2518 1977 viginti
2557 1908 2714 1961 annis
2761 1915 2818 1961 et
2853 1922 3017 1976 supra
3053 1907 3202 1960 dabit
3239 1907 3494 1977 pretium.
3552 1906 3740 1961 Dives
3771 1922 3867 1960 non

2265 1999 2423 2054 addet
2457 1999 2523 2053 ad
2553 1998 2787 2052 medium
2818 1997 2955 2061 sicli,
2987 2013 3189 2067 pauper
3219 1997 3352 2051 nihil
3384 1997 3621 2051 minuet.
3671 1997 3865 2052 Susce-

2264 2101 2518 2163 ptamque
2537 2091 2816 2162 pecuniam
2847 2107 2968 2160 qua:
2995 2091 3188 2145 collata
3214 2100 3297 2146 est
3327 2107 3356 2144 a
3387 2091 3512 2146 ﬁliis
3543 2092 3755 2156 Israel,
3773 2103 3864 2146 tra-

2265 2182 2358 2236 des
2395 2181 2447 2235 in
2475 2195 2603 2234 usus
2630 2180 2960 2234 tabernaculi
2989 2181 3305 2247 testimonii,
3335 2189 3394 2236 ut
3424 2182 3496 2234 sit
3527 2197 3862 2236 monumen-

2268 2283 2380 2325 tum
2419 2286 2605 2326 eornm
2645 2285 2828 2324 coram
2857 2267 3106 2335 Domino,
3136 2279 3190 2324 et
3213 2259 3538 2340 propitietur
3568 2271 3864 2326 animabus

2265 2376 2472 2415 eorum.
2523 2359 2637 2416 Hoc
2679 2375 2808 2430 ergo
2843 2361 3038 2416 oblitus
3073 2370 3155 2416 est
3193 2362 3362 2416 David
3402 2361 3614 2428 facere,
3667 2364 3864 2418 idcirco

2265 2450 2488 2506 offendit
2538 2451 2706 2506 Deum
2733 2493 2747 2517 ,
2799 2459 2854 2506 et
2899 2452 2968 2506 ob
3013 2452 3117 2506 hoc
3163 2451 3318 2522 plaga
3362 2454 3509 2506 venit
3560 2453 3619 2506 in
3683 2452 3860 2507 Israel.

2273 2560 2290 2592 ε
2319 2540 2560 2611 Cumque
2605 2541 2843 2596 venisset
2881 2541 3000 2596 Gad
3036 2543 3104 2598 ad
3130 2541 3320 2608 David,
3361 2543 3645 2596 nuntiavit
3695 2545 3754 2598 ei
3799 2545 3864 2597 di-

2273 2651 2292 2684 t
2328 2647 2455 2687 cens
2482 2649 2494 2684 :
2529 2633 2637 2686 Aut
2664 2641 2870 2702 septem
2900 2633 3056 2686 annis
3086 2633 3264 2688 veniet
3293 2633 3386 2688 tibi
3420 2631 3592 2687 fames
3636 2634 3699 2686 in
3731 2642 3862 2687 terra

2274 2742 2292 2774 ι
2327 2731 2436 2789 tua,
2473 2740 2492 2774 ›
2528 2732 2634 2778 etc.
2687 2722 2795 2777 Sed
2836 2723 3063 2794 mystice
3099 2723 3185 2779 hic
3217 2724 3440 2794 intelligi
3473 2733 3668 2793 potest
3703 2725 3864 2778 fames

2268 2825 2475 2885 septem
2520 2830 2806 2881 annorum,
2841 2825 2970 2881 etc.,
3001 2815 3161 2870 sicui
3191 2815 3470 2885 placuerit.
3505 2814 3749 2884 Septem
3783 2831 3864 2868 an-

2270 2907 2356 2960 nis
2400 2905 2643 2960 inﬁdeles
2671 2904 2839 2960 λιιόωί
2879 2905 3078 2962 famem
3123 2905 3409 2971 sustinent,
3441 2906 3566 2974 quia
3607 2907 3864 2976 septifor-

2269 2995 2373 3050 mis
2407 2997 2581 3066 gratia
2616 2997 2851 3066 Spiritus
2886 2998 3079 3063 sancti,
3127 3013 3267 3068 pane
3293 2998 3443 3052 verbi
3481 2997 3577 3050 Dei
3627 3012 3737 3052 eos
3783 3015 3862 3052 ne.

2269 3102 2544 3160 quaquam
2569 3089 2764 3158 pascit.
2813 3089 2918 3158 Ipsi
2968 3089 3116 3143 enim
3167 3090 3340 3144 tribus
3366 3088 3656 3144 mensibus
3693 3089 3862 3142 inimi-

586 3176 704 3232 Jam
755 3177 897 3230 enim
944 3178 1078 3232 ultio
1125 3178 1264 3233 facta
1309 3179 1489 3234 fuerat
1535 3181 1588 3233 in
1623 3180 1792 3235 David
1821 3191 1876 3234 et
1925 3182 1978 3234 in
2009 3181 2167 3236 domo
2196 3182 2241 3244 Ο
2271 3179 2350 3234 cis
2398 3179 2509 3234 suis
2552 3195 2611 3235 se
2645 3180 3094 3250 persequentibus
3139 3180 3356 3244 cedunt,
3397 3180 3522 3250 quia
3567 3179 3642 3234 ob
3682 3180 3860 3234 hocin

588 3268 722 3336 ejus.
767 3267 825 3320 In
861 3268 1057 3337 populo
1098 3284 1226 3323 vero
1261 3270 1352 3339 qui
1394 3269 1563 3324 noluit
1615 3271 1870 3325 resistere
1917 3271 2082 3326 Dmid
2116 3273 2171 3327 in

589 3359 862 3428 pereundo
901 3358 1048 3424 Uria,
1094 3369 1148 3412 et
1198 3361 1312 3414 haec
1346 3362 1583 3415 nondum
1633 3361 1764 3416 ultio
1811 3362 1989 3416 divina
2029 3362 2172 3418 facta

591 3447 802 3502 fuerat:
831 3448 1031 3502 idcirco
1063 3448 1150 3502 hic
1175 3449 1394 3504 ultimus
1429 3450 1666 3519 ponitur,
1716 3459 1776 3506 ut
1821 3453 1951 3507 ultio
1993 3454 2172 3524 magni

590 3540 707 3609 ejus
737 3541 941 3610 peccati
974 3550 1388 3596 monstraretur.
1423 3541 1688 3597 Caeterum
1727 3545 1779 3598 in
1809 3545 1911 3599 hoc
1947 3561 2172 3601 numero

589 3631 766 3685 omnis
816 3631 1080 3700 perfectio
1139 3639 1448 3687 sanctorum
1502 3632 1834 3704 designatur.
1909 3634 2173 3690 Denarius

589 3737 847 3777 numerus
874 3722 941 3776 ad
971 3721 1280 3790 decalognm
1307 3723 1439 3792 legis
1461 3724 1726 3794 pertinet;
1760 3727 2027 3781 ternarius
2050 3707 2174 3782 vero

592 3813 657 3865 ad
705 3813 865 3866 ﬁdem
917 3822 1115 3867 sancta:
1144 3813 1464 3879 Trinitatis;
1525 3817 1862 3884 septenarius
1895 3827 2072 3873 autem
2106 3820 2175 3875 ad

590 3902 959 3971 scptiformem
985 3904 1212 3971 gratiam
1245 3903 1480 3974 Spiritus
1527 3905 1698 3960 sancti
1749 3923 1761 3959 :
1803 3916 1884 3962 ter
1915 3909 2036 3963 deni
2074 3911 2172 3966 tri-

590 3992 738 4062 ghna
779 3994 912 4049 ﬁunt

1125 4127 1352 4185 CAPUT
1395 4129 1581 4186 XXIV.

665 4280 684 4312 ‹
729 4261 794 4315 Ει
835 4262 1041 4316 addidit
1083 4262 1234 4317 furor
1265 4264 1474 4318 Domini
1534 4265 1695 4321 irasci
1746 4278 1933 4323 contra
1986 4271 2168 4334 Israel,

595 4370 615 4402 ι
661 4353 1053 4422 commovitque
1079 4354 1247 4408 David
1285 4354 1336 4407 in
1367 4355 1470 4420 eis,
1521 4356 1826 4412 dicentem:
1879 4359 2039 4423 Vade,
2074 4377 2170 4414 nu-

594 4457 614 4490 ‹
662 4455 808 4494 mera
835 4441 996 4496 Israel
1033 4452 1087 4497 et
1118 4441 1332 4497 ludam.
1367 4444 1617 4514 Dixitque
1649 4463 1739 4501 rex
1771 4449 1838 4502 ad
1863 4448 1996 4504 Joah
2022 4451 2162 4521 prin-

2273 3269 2492 3325 nomine
2537 3278 2739 3324 sancta:
2765 3269 3068 3334 Trinitatis,
3101 3286 3197 3340 per
3247 3271 3521 3324 lavacrum
3563 3285 3860 3340 regenera-

2273 3363 2436 3418 tionis
2488 3363 2728 3418 innovati
2775 3377 2884 3416 non
2932 3369 3060 3416 sunt
3102 3378 3116 3415 :
3161 3361 3422 3424 hostibus,
3479 3362 3582 3415 hoc
3631 3372 3730 3415 est
3775 3363 3860 3414 im-

2274 3452 2489 3507 mundis
2516 3452 2793 3521 spiritibus
2821 3450 3075 3505 resistere
3102 3465 3207 3506 non
3234 3451 3489 3514 valentes,
3525 3459 3688 3521 terga
3719 3453 3856 3505 dant.

2273 3545 2420 3615 Ipsos
2450 3545 2683 3614 denique
2721 3543 2946 3613 angelus
2985 3543 3313 3612 percutiens,
3352 3543 3510 3613 quasi
3545 3543 3730 3597 tribus
3757 3542 3859 3596 die-

2274 3635 2374 3688 bus
2419 3633 2848 3703 ﬂageliatzquia
2903 3642 3160 3704 negantes
3204 3633 3417 3688 Patrem
3466 3642 3523 3689 et
3561 3633 3768 3688 Filium
3807 3643 3857 3688 et

2276 3723 2536 3795 Spiritum
2580 3734 2845 3791 sanctum,
2874 3740 2940 3780 ex
2969 3727 3123 3795 cujus
3153 3724 3258 3779 ﬁde
3285 3725 3466 3782 vivere
3496 3736 3777 3795 poterant,
3806 3727 3854 3779 ia

2275 3814 2554 3886 impietate
2581 3832 2675 3870 sua
2707 3815 2969 3870 increduli
3001 3816 3332 3870 moriuntur.

2349 3925 2368 3958 ι
2413 3905 2744 3976 lmmisitque
2795 3907 2936 3960 Deus
2987 3906 3352 3977 pestilentiam
3410 3907 3466 3961 in
3521 3908 3740 3974 -srael,
3795 3909 3853 3962 de

2279 4015 2298 4047 ‹
2339 4010 2497 4050 mane
2546 4009 2716 4064 usque
2763 3995 2832 4048 ad
2882 4005 3093 4064 tempus
3138 3997 3512 4062 constitutum,
3566 4006 3622 4052 et
3661 4001 3852 4053 mortui

2279 4106 2298 4140 ι
2343 4095 2469 4142 sunt
2504 4103 2570 4141 ex
2609 4086 2828 4156 populo,
2876 4101 2908 4140 a
2943 4087 3057 4140 Dan
3098 4103 3270 4157 usque
3303 4087 3600 4158 Bersabee,
3644 4101 3852 4161 septua-

2279 4199 2297 4230 ι
2342 4181 2490 4250 ginta
2526 4181 2692 4235 millia
2741 4181 3001 4236 virorum.
3035 4200 3052 4232 ι
3106 4182 3173 4236 Et
3217 4184 3319 4238 hoc
3366 4183 3607 4254 qualiter
3651 4197 3850 4255 gestum

2273 4270 2365 4337 sit,
2389 4269 2657 4341 Josephus
2686 4271 2854 4326 refert
2879 4272 3063 4326 verbis
3090 4272 3337 4342 plurimis
3367 4273 3557 4328 dicens
3581 4289 3597 4328 :
3626 4274 3849 4346 Prophe-

2273 4364 2342 4418 tis
2384 4365 2565 4434 itaque
2593 4363 2996 4418 declarantibus
3037 4362 3202 4418 David
3237 4364 3381 4434 quod
3408 4365 3459 4420 ei
3491 4366 3640 4420 Deus
3669 4367 3848 4421 irascar.

2272 4465 2441 4521 retur,
2476 4457 2780 4527 supplicare
2813 4457 2980 4527 cmpit
3009 4471 3240 4526 eumque
3269 4471 3484 4528 rogare,
3515 4468 3578 4513 ut
3601 4461 3846 4529 propitius

595 4550 613 4580 ς
659 4531 832 4600 cipem
879 4534 1148 4587 exercitus
1203 4533 1286 4588 sui
1333 4549 1346 4587 :
1389 4534 1710 4590 Perambula
1755 4554 1944 4595 omnes
1997 4541 2168 4596 tribus
2199 4526 2246 4586 D
2271 4558 2434 4612 esset,
2464 4556 2518 4602 et
2543 4526 2752 4602 veniam
2789 4526 2996 4618 peccati
3032 4526 3375 4604 concederet.
3408 4548 3562 4604 Tunc
3592 4526 3724 4619 ergo
3746 4549 3843 4604 Gai

593 4638 612 4669 ι
660 4620 823 4676 Israel
875 4638 904 4675 a
931 4623 1044 4677 Dan
1092 4639 1264 4694 usque
1302 4623 1588 4692 Bersabee,
1639 4636 1693 4682 et
1728 4645 1950 4684 numera
1995 4647 2164 4701 popu-

594 4732 612 4762 ι
659 4713 788 4778 lum,
826 4733 843 4765 ι
877 4723 929 4768 et
958 4716 1181 4786 reliqua.
1218 4716 1380 4770 Fastu
1411 4719 1553 4772 enim
1595 4721 1856 4790 superbia:
1890 4733 2084 4789 tactus,
2115 4734 2170 4780 et

589 4803 871 4872 repentino
897 4811 1105 4857 tumore
1133 4804 1382 4861 elationis
1407 4807 1622 4861 inﬂatus
1648 4825 1746 4878 pro
1781 4811 1934 4879 culpa
1963 4813 2163 4882 pepuli,

589 4895 823 4947 maxime
849 4894 938 4962 qui
980 4909 1102 4949 eum
1143 4896 1197 4950 in
1225 4899 1526 4966 proditione
1559 4901 1700 4957 Uria:
1733 4919 1838 4957 non
1869 4905 2164 4975 redarguit,

587 4988 798 5041 occulto
827 4986 1031 5056 judicio
1056 4986 1152 5042 Dei
1183 4999 1368 5043 contra
1413 4992 1742 5050 voluntatem
1777 4997 1985 5051 Domini
2019 5013 2166 5052 eum-

588 5075 709 5128 dem
740 5076 996 5146 populum
1023 5093 1311 5133 numerare
1339 5083 1636 5151 compulit:
1671 5085 1826 5152 culpa
1854 5087 1998 5138 enim
2027 5087 2169 5143 illius

588 5168 773 5236 punita
816 5166 1008 5230 fuerat,
1057 5169 1148 5223 sed
1178 5180 1457 5238 peccatum
1504 5174 1685 5243 populi
1719 5175 1799 5242 (ut
1826 5176 2028 5231 dictum
2066 5181 2167 5251 est)

589 5255 814 5310 inultum
847 5257 1117 5322 manebat.

665 5366 684 5398 ι
734 5347 892 5401 Dedit
932 5363 1061 5420 ergo
1086 5349 1222 5406 Joah
1268 5367 1551 5407 numerum
1578 5353 1956 5428 descriptionis
1988 5361 2170 5430 populi

595 5455 614 5486 ι
663 5438 794 5507 regi,
827 5446 879 5493 et
910 5439 1122 5495 inventa
1167 5454 1294 5498 sunt
1335 5444 1401 5500 de
1443 5445 1606 5501 Israel
1650 5450 1957 5522 octingenta
2003 5453 2169 5508 millia

598 5546 616 5577 ι
660 5528 898 5582 virorum
917 5529 1157 5597 fortium,
1173 5535 1265 5603 qui
1287 5537 1580 5592 educerent
1599 5537 1854 5609 gladium.
1875 5541 2168 5600 EtdeJuda

598 5635 616 5667 ι
657 5618 947 5688 quingenta
989 5625 1154 5679 millia
1182 5636 1561 5696 pugnatorum.
1603 5651 1619 5683 ι
1658 5630 1960 5687 Notandum
1989 5646 2166 5692 autem

592 5709 735 5778 quod
763 5712 814 5766 in
830 5712 1270 5786 Paralipomenon
1295 5719 1489 5792 legitur
1515 5724 1659 5780 mille
1689 5725 1854 5780 millia
1885 5736 2164 5785 ctcentum

2274 4638 2593 4706 prophetam
2635 4638 2782 4692 misit
2833 4639 2898 4692 ad
2941 4654 3062 4692 eum
3097 4638 3258 4704 Deus,
3293 4647 3404 4694 tres
3439 4641 3692 4708 supplicii
3728 4655 3840 4694 con-

2274 4729 2506 4783 ditiones
2533 4737 2860 4797 portantem,
2891 4737 2952 4782 ut
2974 4743 3160 4784 earum
3186 4745 3348 4798 quam
3382 4730 3664 4798 probaret,
3697 4730 3840 4798 elige—

2273 4828 2378 4884 ret,
2422 4828 2602 4874 utrum
2633 4818 2791 4874 vellet
2835 4818 3032 4874 famem
3071 4820 3123 4873 in
3166 4821 3441 4889 provincia
3482 4821 3734 4891 generari
3773 4835 3839 4874 se-

2273 4920 2422 4982 ptem
2451 4912 2623 4975 annis,
2655 4922 2748 4966 aut
2777 4912 2952 4968 tribus
2988 4913 3262 4967 mensibus
3305 4913 3598 4982 pugnando
3627 4915 3839 4966 vincere-

2275 5011 2360 5058 tur
2391 5005 2655 5069 hostibus,
2685 5013 2778 5058 aut
2816 5013 2962 5060 certe
2993 5006 3214 5059 morbus
3249 5014 3299 5058 et
3331 5005 3561 5075 languor
3591 5007 3837 5060 accideret

2273 5099 2446 5154 tribus
2480 5098 2671 5152 diebus
2696 5097 2953 5152 Hebraeis.
2986 5099 3228 5166 Cumque
3270 5097 3357 5151 ille
3395 5108 3544 5152 esset
3583 5099 3636 5150 in
3673 5097 3836 5150 anxie-

2273 5197 2382 5244 tate
2413 5196 2460 5244 et
2495 5189 2842 5244 vehementer
2882 5189 3064 5244 animo
3093 5189 3369 5253 confusus,
3401 5198 3455 5242 et
3481 5190 3741 5258 propheta
3771 5186 3833 5238 di—

2273 5286 2419 5333 ceret
2461 5278 2566 5332 hoc
2606 5277 2918 5332 omnimodo
2945 5277 3249 5342 imminere,
3279 5284 3335 5330 et
3361 5291 3680 5355 responsum
3706 5273 3831 5328 velo-

2274 5369 2410 5422 citer
2437 5367 2694 5436 exigeret,
2731 5378 2791 5422 ut
2818 5368 3045 5423 electam
3074 5369 3142 5422 ab
3168 5383 3234 5422 eo
3259 5369 3627 5424 conditionem
3658 5381 3830 5421 renua-

2275 5457 2435 5510 tiaret
2482 5456 2612 5522 Deo,
2661 5458 2904 5528 cogitans
2953 5472 3070 5523 rex,
3119 5458 3242 5527 quia
3285 5459 3328 5512 si
3373 5457 3572 5512 famem
3609 5457 3828 5526 eligetet.

2274 5555 2461 5602 contra
2491 5547 2626 5601 alios
2662 5547 2762 5602 hoe
2799 5546 2981 5603 facere
3017 5549 3310 5612 videretur,
3337 5548 3554 5616 quando
3587 5547 3696 5616 ipse
3730 5543 3829 5615 qui-

2273 5637 2396 5691 dem
2425 5637 2627 5691 habens
2647 5639 2814 5692 multa
2842 5637 3132 5705 frumenta,
3159 5654 3264 5694 non
3294 5649 3566 5708 pateretur
3591 5637 3826 5708 inopiam.

2275 5729 2500 5798 reliquis
2527 5745 2654 5785 vero
2683 5739 2827 5786 esset
2862 5732 3142 5802 angustia;
3179 5731 3304 5787 item
3335 5732 3382 5788 si
3420 5733 3641 5805 eligeret
3684 5729 3827 5784 trium
