4044 6336
125 371 252 432 3-59

1073 365 1330 420 ENARR.
1369 363 1436 420 IN
1471 355 1714 420 LIBROS
1749 363 2014 422 REGUM.
2051 395 2122 406 ——
2159 363 2228 420 IN
2263 365 2390 420 LIB.
2429 365 2492 420 ll.

3307 363 3448 452 ssoj

127 483 431 542 mensium
477 479 756 534 victoriam
803 475 1060 544 hostium,
1113 477 1226 546 ipse
1275 475 1492 546 quidem
1537 474 1738 530 habens
1765 479 1814 540 Α
1841 475 2109 546 gligimus,
2139 485 2194 530 et
2220 477 2344 556 quia
2373 477 2440 530 de
2467 477 2620 532 nobis
2650 477 2872 534 fortiora
2901 480 3190 548 credimus,
3219 455 3442 538 idcirco

131 577 302 632 circa
339 589 398 628 se
425 571 574 626 viros
615 569 942 624 fortissimos
975 576 1032 622 et
1055 569 1328 632 custodes,
1363 565 1496 622 nihil
1523 567 1744 622 omnino

129 673 452 730 metueret,
499 663 618 718 neci
643 677 776 714 vero
801 659 918 728 ejus
945 663 1216 716 exercitus
1239 659 1570 728 subjaceret;
1605 660 1746 712 inter

135 759 272 814 haec
303 767 490 812 autent
533 767 872 808 communem
917 753 1096 822 potius
1125 753 1428 820 passionem
1471 760 1526 804 et
1559 765 1744 820 regum

135 859 200 904 et
255 847 633 916 subjectorum
681 843 860 912 elegit,
912 843 964 896 in
1011 857 1116 912 qua
1171 841 1332 896 timor
1375 839 1626 896 omnibus
1665 847 1748 894 est

137 937 410 1006 mqualis,
439 937 626 990 dicens
655 951 668 984 :
719 933 854 1000 Quia
891 931 1058 986 multo
1091 931 1284 986 melius
1321 932 1374 984 in
1407 945 1596 984 manus
1627 929 1748 994 Dei,

137 1039 322 1094 quam
357 1025 410 1078 in
435 1023 670 1078 hostium
701 1037 892 1075 manus
921 1021 1178 1075 incidere.
1213 1019 1336 1074 Haec
1365 1019 1592 1074 audiens
1623 1035 1748 1088 pro-

139 1117 324 1186 pheta
365 1113 710 1170 renuntiabat
749 1113 860 1166 Deo
901 1127 914 1164 :
959 1111 1048 1180 qui
1083 1111 1330 1164 morbum
1383 1117 1440 1164 et
1473 1107 1748 1162 interitum

141 1204 314 1258 misit
363 1203 416 1256 in
461 1200 760 1256 exercitum
793 1199 1178 1258 llcbrteorum..
1209 1197 1576 1252 Moriebantur
1605 1197 1748 1250 enim

147 1291 240 1360 (ut
277 1291 426 1344 idem
459 1285 922 1356 historiographus
957 1285 1052 1356 ait)
1091 1301 1196 1338 non
1229 1301 1334 1338 uno
1375 1285 1554 1348 modo,
1585 1295 1644 1338 ut
1673 1283 1752 1336 fa-

147 1381 262 1436 cile
303 1381 534 1452 languor
563 1381 824 1450 potuisset
849 1379 1084 1449 agnosci,
1121 1377 1276 1432 facile
1307 1377 1570 1448 peribant.
1601 1377 1752 1432 Alius

149 1475 310 1528 enim
345 1489 508 1544 super
557 1473 720 1526 alium
753 1471 1100 1526 moriebatur.
1153 1469 1258 1544 Alii
1305 1485 1468 1538 super
1511 1477 1750 1522 mortuos

155 1581 308 1634 quos
349 1543 698 1635 sepeliebant,
743 1563 840 1634 ipsi
881 1579 1092 1632 quoque
1123 1543 1506 1616 moriebantur.
1545 1561 1636 1616 Sic
1665 1563 1748 1616 di-

151 1671 346 1710 versus
373 1655 576 1710 morbis
603 1655 766 1726 (sicut
791 1653 876 1708 ille
905 1651 1088 1722 refert)
1119 1651 1428 1706 interibant.
1461 1651 1752 1720 Incipiente

157 1751 358 1818 itaque
403 1747 664 1818 pestifero
720 1747 978 1816 languore
1031 1761 1126 1800 eos
1181 1745 1248 1798 ab
1299 1745 1432 1798 hora
1485 1744 1750 1798 matutina

153 1841 442 1908 perimere
483 1853 652 1908 usque
683 1837 750 1892 ad
779 1837 964 1890 horam
1009 1835 1238 1902 prandii.
1273 1843 1590 1902 consumpta
1627 1843 1754 1888 sunt
1785 1825 1826 1882 Β

155 1931 512 2000 septuaginta
547 1929 734 1982 millia.
767 1927 864 1980 llic
891 1927 1034 1980 enim
1063 1925 1196 1980 nihil
1225 1925 1368 1978 aliud
1399 1925 1582 1978 dicere
1609 1925 1752 1980 vale-

157 2039 312 2086 mus,
351 2023 456 2077 nisi
485 2023 624 2092 quod
665 2035 800 2090 papa
829 2019 1120 2088 Gregorius
1175 2017 1472 2080 moraliter,
1505 2019 1752 2086 egregius

157 2123 454 2178 tractator,
483 2113 534 2166 in
563 2113 665 2166 hoc
695 2111 836 2164 facto
865 2109 1028 2164 David
1059 2107 1297 2178 protulit.
1323 2107 1412 2160 Ait
1431 2107 1574 2160 enim
1601 2123 1614 2162 :
1653 2107 1752 2160 l‘ro

159 2203 526 2272 qualitatibus
577 2201 936 2262 sul.;ditorum,
989 2199 1352 2266 disponuntur
1401 2205 1518 2250 acta
1565 2211 1754 2266 regen-

161 2297 346 2348 tium:
377 2303 434 2348 ut
481 2307 622 2362 saepe
669 2305 768 2360 pro
821 2289 962 2342 malo
1013 2303 1192 2358 grege,
1245 2287 1410 2340 etiam
1457 2301 1584 2340 vere
1623 2285 1752 2340 boni

161 2387 448 2456 delinquat
471 2385 578 2438 vita
609 2383 860 2453 pastoris.
915 2381 1008 2434 Ille
1055 2381 1221 2444 enim,
1269 2379 1378 2432 Deo
1433 2385 1748 2444 attestante,

163 2475 454 2540 laudatur;
479 2475 566 2529 ille
593 2489 944 2544 supernorum
961 2471 1340 2541 mysteriorum
1369 2469 1620 2524 conscius
1651 2469 1752 2522 Da-

163 2567 262 2620 vid
289 2565 546 2635 propheta
583 2551 788 2616 tumore
831 2561 1122 2630 repentium
1151 2560 1402 2614 elationis
1441 2559 1614 2612 elatus
1649 2573 1748 2625 po-

165 2657 358 2726 pulum
407 2653 740 2708 numeraudo
781 2653 1024 2720 peccavit
1055 2667 1070 2702 :
1115 2649 1208 2704 Dei
1241 2659 1423 2702 tamen
1455 2649 1750 2702 vindictam

165 2747 418 2818 populus,
467 2743 634 2800 David
679 2751 958 2812 peccante,
1011 2741 1268 2810 suscepit.
1315 2739 1424 2794 Cur
1449 2739 1588 2794 hoc:
1625 2739 1750 2806 quia

165 2835 426 2890 videlicet
457 2833 752 2888 secundum
803 2831 1054 2886 meritum
1083 2829 1338 2900 plebium,
1389 2829 1752 2898 disponuntur

169 2926 338 2978 corda
377 2937 666 2994 rectorum.
697 2921 882 2978 Justus
911 2935 1040 2974 vero
1063 2917 1226 2988 judcx
1259 2917 1532 2988 peccantis
1563 2917 1750 2970 vitium

171 3031 242 3070 ex
277 3015 516 3084 ipsorum
559 3013 1026 3068 animadversione
1069 3013 1350 3080 corripuit,
1399 3027 1466 3066 ex
1513 3025 1750 3080 .quorum

173 3119 338 3160 causa
367 3103 632 3174 peccavit.
671 3101 776 3156 Sed
811 3103 936 3172 quia
971 3101 1086 3171 ipse
1119 3117 1214 3156 sua
1241 3100 1448 3154 scilicet
1473 3099 1748 3154 voluntate

1849 581 1944 622 cos
1965 567 2058 634 qui
2085 567 2238 620 nobis
2263 559 2464 636 praelati
2493 577 2638 632 sunt,
2669 569 2910 626 districte
2929 571 3256 640 judicamus.
3283 573 3432 640 Quos

1847 657 1994 710 enim
2037 657 2396 728 nosmetipsos
2441 659 2618 714 minus
2655 661 3016 731 agnoscimus,
3047 679 3110 718 eo
3147 665 3266 720 illos
3293 681 3434 736 quos

1849 751 2248 818 reprehendere
2297 751 2540 816 nitimur,
2583 753 2704 822 plus
2735 755 2980 810 videmus
3021 773 3036 812 :
3083 757 3290 828 singula
3317 759 3438 816 lucc

1851 839 1996 916 mala
2041 849 2188 898 sunt.
2235 857 2354 910 qum
2415 857 2446 896 a
2475 843 2704 898 subditis
2729 833 2870 916 saipe
2901 847 2952 900 in
2985 847 3264 916 praelatos,
3289 863 3436 918 saepe

1853 943 1882 982 a
1913 929 2150 996 praelatis
2176 947 2228 984 in
2255 933 2500 986 subditos
2529 936 2939 990 committuntur
2965 955 2978 990 :
3003 937 3128 1005 quia
3159 947 3214 992 et
3241 953 3436 994 omnes

1851 1018 2098 1072 subditos
2125 1019 2178 1072 hi
2207 1021 2297 1088 qui
2323 1031 2562 1090 prtesunt
2601 1025 2872 1092 sapientes
2901 1026 3126 1082 minimc
3159 1027 3434 1084 arbitran-

1853 1115 1960 1162 tur.
1990 1109 2056 1162 Et
2087 1125 2324 1174 rursum,
2351 1113 2442 1180 qui
2471 1113 2698 1182 subjecti
2727 1125 2870 1178 sunt,
2905 1125 3174 1172 rectorum
3207 1133 3434 1174 suorum

1849 1202 2092 1256 actiones
2118 1203 2362 1272 judicant
2385 1222 2400 1260 :
2423 1215 2478 1260 et
2503 1207 2546 1262 si
2577 1209 2720 1278 ipsos
2749 1211 2988 1280 regimen
3015 1221 3198 1268 tenere
3223 1213 3436 1268 contin-

1853 1303 2024 1364 geret,
2063 1311 2122 1350 se
2151 1297 2328 1364 potius
2359 1313 2520 1368 agere
2553 1309 2744 1370 putant
2771 1303 2980 1358 melius.
3019 1303 3170 1360 Unde
3199 1305 3434 1376 plerum-

1853 1401 1958 1456 que
2023 1387 2162 1442 sicut
2217 1397 2274 1442 et
2315 1399 2554 1446 rectores
2619 1393 2798 1448 minus
2865 1395 3158 1464 prudenter
3203 1411 3266 1450 ea
3312 1411 3434 1466 quae

1853 1479 2054 1548 agenda
2095 1487 2218 1533 sunt
2251 1480 2452 1544 vident,
2487 1481 2612 1550 quia
2641 1497 2826 1536 eorum
2871 1485 3060 1538 oculos
3087 1485 3202 1550 ipsa
3233 1485 3431 1540 nebula

1853 1567 2104 1622 elationis
2131 1569 2380 1623 obscurat
2417 1585 2432 1623 :
2473 1581 2526 1626 et
2555 1589 2935 1642 nonnunquam
2971 1575 3018 1628 is
3043 1575 3134 1644 qui
3163 1575 3436 1644 subjectus

1853 1665 1956 1720 est,
1983 1657 2082 1712 hoc
2109 1673 2230 1712 cum
2257 1659 2510 1728 praelatus
2537 1661 2698 1714 fuerit
2737 1661 2884 1726 facit,
2911 1663 3054 1732 quod
3083 1663 3282 1718 dudum
3317 1663 3434 1718 fieri

1855 1747 2130 1816 subjectus
2165 1749 2428 1818 arguebat
2463 1767 2476 1802 :
2517 1759 2572 1804 ct
2597 1765 2695 1820 pro
2723 1767 2808 1816 eo,
2841 1752 2982 1822 quod
3027 1753 3116 1806 illa
3145 1769 3266 1822 quae
3292 1752 3434 1822 judi-

1855 1849 2092 1904 caverat,
2121 1849 2410 1910 perpetrat,
2441 1841 2630 1896 saltem
2663 1859 2782 1913 qua:
2809 1841 3092 1910 judicavit,
3123 1845 3432 1898 erubescat.

1855 1929 2022 1998 Igitur
2049 1929 2188 1984 sicut
2217 1929 2452 1999 przelatis
2481 1931 2776 1986 curandum
2807 1941 2910 1998 est,
2949 1949 3018 1988 ne
3043 1949 3230 1988 eorum
3269 1931 3434 1990 corda

1853 2021 2210 2076 zestimatione
2249 2021 2540 2092 singularis
2577 2021 2852 2090 sapientiae
2879 2021 3028 2076 locus
3067 2021 3314 2090 superior
3341 2037 3438 2076 cx-

1857 2111 2006 2166 tollat
2035 2151 2050 2174 ,
2081 2113 2153 2166 ita
2179 2111 2436 2182 subjectis
2457 2113 2846 2182 providendum
2885 2123 2987 2178 est,
3023 2129 3090 2168 ne
3117 2113 3222 2168 sibi
3263 2121 3438 2168 recto-

1853 2219 1974 2257 rum
2005 2201 2146 2256 facta
2177 2203 2518 2272 displiceant.
2571 2203 2628 2260 Si
2677 2213 2856 2258 autem
2897 2205 3278 2274 magistrorum
3327 2203 3438 2258 vita

1857 2310 1981 2350 vere
2031 2295 2464 2364 reprehenditur,
2513 2305 2726 2366 oportet
2773 2297 2960 2366 utique
3003 2295 3224 2360 subditi,
3271 2295 3438 2350 etiam

1851 2401 1976 2440 cum
2005 2387 2274 2454 disldicct,
2317 2387 2634 2456 magistrum
2681 2395 3028 2442 venerentur.
3081 2385 3186 2440 Sed
3234 2395 3288 2440 et
3335 2387 3440 2440 hoc

1851 2477 2082 2532 solerter
2111 2479 2422 2534 intuendum
2453 2489 2556 2544 est,
2593 2495 2660 2534 ne
2701 2487 2792 2533 aut
2827 2495 2986 2548 quem
3023 2479 3224 2534 imitari
3253 2477 3434 2548 despi-

1851 2567 1952 2630 cis,
1977 2567 2222 2620 venerari
2251 2577 2584 2622 contemnas.
2613 2569 2836 2622 Subtilis
2863 2569 3064 2622 etenim
3089 2569 3174 2623 via
3205 2569 3438 2622 tenenda

1851 2665 1932 2710 est
1963 2657 2300 2712 rectitudinis
2341 2669 2396 2712 et
2435 2659 2772 2722 humilitatis,
2799 2669 2858 2712 ut
2883 2661 2960 2714 sic
2987 2661 3438 2728 reprchcnsibilia

1851 2747 2230 2818 magistrorum
2263 2747 2403 2802 facta
2429 2749 2770 2818 displiceant,
2799 2759 3066 2818 quatenus
3097 2750 3436 2804 subditorum

1852 2849 2004 2888 mens
2059 2851 2090 2890 a
2141 2837 2406 2890 servanda
2445 2837 2742 2908 magisterii
2793 2839 3092 2892 reverentia
3133 2853 3240 2892 non
3285 2851 3436 2892 rece-

1829 2979 1834 2984 _
1853 2925 1966 2978 dat.

1927 3033 1946 3066 α
1991 3015 2124 3068 Erat
2147 3023 2324 3070 autem
2355 2997 2576 3084 angelus
2601 3015 2806 3070 Domini
2831 3017 2986 3084 juxta
3013 3029 3196 3072 aream
3219 3015 3434 3072 Arcana

1858 3123 1876 3156 ι
1921 3103 2170 3160 Jebuscci.
2205 3105 2454 3174 Dixitque
2489 3105 2656 3160 David
2689 3109 2754 3161 ad
2779 3107 3082 3170 Dominum,
3121 3121 3244 3162 cum
3269 3107 3438 3162 vidis-

175 3169 514 3266 superbiens,
577 3209 608 3246 a
657 3169 846 3262 culpa_
875 3169 1082 3248 alienus
1137 3207 1242 3246 non
1287 3189 1407 3256 fuit,
1461 3189 1750 3244 vindictam
1777 3169 1822 3232 Ο
1859 3217 1880 3246 ‹
1924 3203 2008 3250 set
2049 3195 2298 3264 angelum
2343 3169 2640 3250 cirdcntem
2691 3197 2944 3266 pupulum
2979 3197 3128 3266 :Ego
3177 3213 3296 3252 sum
3343 3197 3440 3266 qui

175 3287 346 3356 culpae
371 3287 536 3340 etiam
565 3285 820 3356 suscepit.
853 3283 986 3338 Nam
1031 3285 1108 3338 ira
1143 3283 1370 3338 saeviens
1409 3299 1530 3352 qua:
1558 3297 1754 3352 corpo-

177 3375 366 3430 raliter
391 3375 638 3444 perculit,
667 3383 932 3430 rectorem
957 3389 1168 3443 quoque
1193 3373 1373 3444 populi
1409 3373 1600 3426 intimo
1627 3387 1750 3426 cor-

179 3467 262 3522 dis
309 3467 494 3522 dolore
541 3465 853 3534 prostravit.
915 3463 1136 3520 Certum
1171 3479 1298 3518 vero
1335 3471 1436 3526 est,
1473 3463 1616 3532 quod
1649 3465 1752 3518 ista

181 3559 282 3612 sibi
335 3557 564 3612 invicem
619 3565 674 3612 et
725 3565 992 3610 rectorum
1041 3555 1234 3610 merita
1282 3561 1674 3608 connectuntur
1699 3561 1754 3608 ct

181 3648 450 3718 plebium,
489 3657 546 3700 ut
589 3663 734 3717 sa‘pe
771 3663 840 3702 ex
875 3647 1030 3716 culpa
1069 3655 1344 3716 pastorum
1385 3645 1620 3700 deterior
1661 3645 1754 3698 ﬁat

183 3737 292 3790 vita
321 3737 574 3806 plebium,
617 3745 678 3790 ut
707 3753 846 3806 saepe
891 3751 958 3792 ex
1007 3737 1202 3790 merito
1245 3735 1478 3804 plebium
1517 3743 1754 3810 mutetur

183 3827 294 3882 vita
339 3835 636 3897 pastorum.
687 3827 794 3882 Sed
826 3827 954 3896 quia
1005 3835 1244 3882 rectores
1273 3825 1474 3880 habent
1515 3823 1753 3894 judicem

183 3933 362 3984 suum,
391 3933 584 3988 magna
627 3917 836 3972 cautela
885 3917 1222 3972 subditorum
1266 3925 1352 3972 est
1403 3931 1510 3970 non
1557 3927 1757 3972 temere

181 4009 348 4062 vitam
389 4008 634 4078 judicare
677 4009 996 4078 regentium.
1047 4007 1228 4078 Neque
1259 4009 1402 4062 enim
1431 4007 1632 4062 frustra
1661 4023 1758 4076 per

185 4101 528 4168 semetipsum
555 4099 812 4154 Dominus
854 4115 930 4154 tes
967 4099 1446 4152 nummulariorum
1501 4097 1656 4162 fudit,
1703 4107 1758 4154 et

185 4193 472 4248 cathedras
507 4193 848 4246 vendentium
889 4191 1166 4246 columbas
1195 4191 1388 4244 evertit
1419 4189 1572 4260 (Luc.
1605 4191 1752 4258 xrx):

187 4283 436 4338 nimirum
461 4285 768 4356 significans
787 4283 908 4352 quia
933 4299 1030 4352 per
1051 4283 1336 4352 magistros
1357 4281 1572 4350 quidem
1595 4283 1756 4336 vitam

183 4373 386 4444 iudicat
409 4375 664 4444 plebium,
691 4373 784 4429 scd
815 4389 910 4442 per
937 4373 1282 4442 semetipsum
1315 4371 1456 4426 facta
1487 4373 1761 4426 examinat

187 4465 588 4536 magistrorum.
619 4465 875 4530 Quamvis
899 4465 1062 4518 etiam
1093 4463 1428 4517 subditorum
1457 4461 1610 4526 vitia,
1637 4477 1756 4530 qua:

189 4571 222 4610 a
267 4557 536 4628 magistris
585 4557 744 4612 modo
797 4555 882 4610 vel
931 4555 1338 4610 dissimulantur
1379 4555 1636 4624 judicari,
1675 4553 1758 4608 vel

189 4657 462 4716 nequeunt
513 4665 526 4700 :
569 4647 686 4716 ejus
729 4645 1080 4714 proculdubio
1141 4643 1344 4710 judicio
1393 4653 1758 4698 reservantur.

191 4735 354 4812 Igitur
383 4737 506 4790 dum
553 4737 698 4790 salva
743 4737 846 4790 lide
887 4751 972 4790 res
1011 4737 1208 4806 agitur,
1233 4737 1450 4790 virtutis
1483 4747 1566 4790 est
1595 4737 1762 4790 meri-

193 4833 326 4890 tum,
357 4827 402 4880 si
437 4827 696 4896 quidquid
731 4825 924 4896 prioris
961 4837 1066 4892 est,
1117 4827 1414 4882 toleratur:
1453 4827 1614 4884 debet
1651 4835 1766 4882 tan-

193 4921 464 4976 tummodo
503 4921 778 4976 humiliter
803 4921 1046 4992 suggeri,
1077 4923 1122 4976 si
1161 4921 1394 4978 fortasse
1421 4921 1596 4976 valeat
1623 4923 1766 4992 quod

191 5011 466 5080 displiceat
495 5013 792 5068 enteudari.
835 5011 940 5066 Sed
967 5013 1264 5068 curandum
1293 5029 1632 5082 summopere
1659 5023 1762 5078 est,

191 5115 260 5154 ne
295 5101 346 5154 in
373 5101 682 5170 superbiam
717 5111 958 5158 transeat
987 5100 1212 5170 justitite
1241 5103 1546 5158 inordinata
1581 5103 1766 5158 defen-

193 5189 272 5244 sio
295 5205 308 5242 :
331 5191 450 5246 dum
481 5195 624 5248 enim
653 5195 920 5250 rectitude
957 5195 1170 5250 incaute
1200 5195 1462 5266 diligitur,
1493 5195 1608 5264 ipsa
1649 5211 1758 5262 ma:

195 5281 356 5350 gistra
399 5285 734 5340 rectitudinis
765 5285 1038 5342 lnnnilitas
1081 5287 1384 5348 amittitur;
1413 5303 1480 5342 ne
1507 5303 1626 5342 eum
1667 5289 1768 5342 sibi

195 5383 418 5436 praeesse
443 5373 566 5440 quis
591 5373 870 5444 deSpiciat,
897 5389 1058 5444 quem
1089 5375 1318 5432 fortasse
1341 5377 1604 5448 contingit
1627 5387 1688 5432 ut
1713 5379 1768 5432 in

201 5459 368 5530 aliqua
411 5463 622 5518 actione
669 5467 1046 5536 reprehendat.
1093 5467 1292 5524 Contra
1323 5469 1466 5524 hunc
1505 5477 1770 5524 tumorem

201 5554 456 5620 superbia:
485 5555 844 5622 subditorum,
877 5575 1030 5616 meus
1065 5561 1130 5614 ad
1163 5561 1460 5616 custodiam
1491 5559 1770 5614 humilita-

203 5645 270 5698 tis
297 5645 592 5714 edomatur,
639 5651 682 5704 si
719 5651 1006 5709 infirmitas
1051 5654 1264 5724 propria
1317 5655 1650 5708 incessanter
1691 5659 1772 5706 at-

203 5737 448 5792 tenditur.
501 5739 608 5796 llas
635 5743 776 5798 vires
807 5753 1022 5800 nostras
1047 5747 1314 5802 veraciter
1339 5745 1650 5800 examinare
1679 5761 1772 5802 ne-

1859 3303 1878 3336 c
1925 3285 2142 3354 peccavi
2171 3293 2226 3340 et
2253 3299 2354 3352 ego
2383 3285 2566 3354 inique
2591 3285 2672 3356 egi
2699 3303 2712 3338 :
2739 3287 2828 3340 isti
2853 3287 2944 3356 qui
2975 3301 3106 3341 oves
3137 3295 3280 3352 sunt,
3309 3285 3441 3356 quid

1859 3393 1876 3426 ‹
1925 3373 2202 3428 fecerunt?
2255 3374 2530 3440 Vertatur,
2583 3375 2828 3440 obsecro,
2881 3391 3072 3430 manus
3113 3383 3204 3430 tua
3251 3385 3438 3430 contra

1860 3483 1878 3516 ‹
1927 3480 2034 3530 me,
2069 3483 2088 3516 ι
2135 3473 2240 3520 etc.
2291 3465 2348 3520 In
2375 3465 2820 3536 Paralipomenon
2873 3467 2944 3522 ita
2977 3467 3234 3536 scriptum
3277 3477 3360 3520 est
3385 3465 3440 3536 (Ι

1849 3553 2040 3630 _Paral.
2069 3555 2224 3626 nt):
2277 3573 2296 3606 ι
2331 3555 2500 3610 Porro
2547 3557 2770 3626 angelus
2809 3557 3020 3612 Domini
3069 3557 3246 3612 stabat
3279 3555 3438 3622 juxta

1855 3661 2036 3700 aream
2083 3645 2268 3700 Ornan
2329 3645 2580 3700 Jcbusaei.
2649 3645 2962 3716 Levansque
3025 3645 3194 3700 David
3257 3644 3442 3700 oculos

1856 3753 2002 3803 suos,
2035 3739 2168 3792 vidit
2206 3739 2454 3810 angelum
2481 3739 2690 3793 Domini
2725 3747 2954 3794 Stantem
2989 3739 3130 3792 inter
3158 3737 3354 3792 caelum
3385 3743 3444 3792 et

1857 3835 2074 3890 terram,
2107 3837 2162 3882 et
2185 3829 2524 3898 evaginatum
2551 3829 2784 3898 gladium
2815 3829 2866 3882 in
2897 3845 3058 3882 rnanu
3085 3827 3222 3896 ejus,
3249 3837 3304 3882 et
3325 3841 3444 3882 ver-

1859 3933 1976 3972 sum
2005 3927 2198 3972 contra
2227 3917 2580 3983 Hierusalem,
2621 3937 2638 3970 ι
2673 3931 2728 3972 et
2759 3919 2980 3988 reliqua.
3033 3917 3170 3972 Area
3199 3919 3438 3980 Areuna,

1859 4009 1944 4063 vel
1973 4025 2098 4063 area
2129 4009 2332 4073 Ornan,
2369 4009 2482 4080 ipsa
2513 4017 2596 4064 est
2623 4007 2870 4064 videlicet
2901 4007 3258 4062 llicrusalem.

1939 4139 1956 4172 ε
1993 4121 2154 4176 Venit
2179 4129 2358 4174 autem
2381 4119 2494 4174 Gad
2521 4120 2588 4174 ad
2611 4119 2798 4182 David,
2827 4127 2881 4174 et
2906 4119 3042 4174 dixit
3067 4117 3118 4172 ei
3143 4131 3156 4170 :
3179 4115 3444 4180 Ascende,
3509 4119 3520 4130 '

1865 4231 1884 4262 ι
1931 4211 2200 4266 constitue
2229 4211 2454 4264 Domino
2501 4209 2668 4263 altare
2705 4209 2756 4262 in
2791 4223 2918 4262 area
2955 4207 3166 4261 Areuna
3195 4205 3448 4260 Jebusa‘i.

1865 4323 1886 4356 ι
1931 4305 2000 4358 Et
2041 4301 2284 4358 ascendit
2327 4303 2494 4356 David
2533 4299 2686 4368 juxta
2737 4313 3040 4354 sermonem
3087 4295 3228 4358 Gad,
3283 4309 3446 4364 quem

1869 4411 1888 4444 ι
1933 4401 2268 4464 przeceperat
2309 4393 2360 4446 ei
2385 4391 2662 4446 Dominus.
2715 4389 3174 4458 Conspiciensque
3199 4385 3440 4450 Arcana,

1868 4503 1886 4536 ι
1933 4483 2314 4539 animadvertit
2343 4497 2526 4554 regem
2563 4489 2618 4536 et
2647 4495 2832 4534 servos
2859 4478 2976 4546 ejus
3007 4477 3238 4532 transire
3265 4475 3332 4528 ad
3361 4489 3442 4538 se,

1869 4593 1886 4626 ι
1935 4583 1990 4630 ct
2027 4589 2280 4646 egressus
2331 4571 2578 4626 adoravit
2619 4587 2800 4642 regem
2841 4585 3012 4640 prono
3045 4567 3194 4622 vultu
3225 4567 3280 4622 in
3340 4575 3452 4620 ter-

1871 4685 1890 4716 ς
1937 4681 2078 4732 ram,
2107 4673 2162 4720 et
2199 4665 2312 4718 ait:
2339 4663 2478 4730 Quid
2515 4677 2694 4716 causa:
2731 4669 2836 4724 est,
2869 4669 2928 4714 ut
2967 4659 3150 4714 veniat
3187 4657 3452 4716 Dominus

1873 4773 1894 4808 ι
1941 4771 2094 4810 meus
2145 4771 2242 4810 rex
2291 4755 2358 4808 ad
2407 4769 2622 4810 servum
2669 4755 2864 4808 suum?
2909 4753 3008 4808 Cui
3040 4753 3206 4808 David
3235 4753 3310 4806 ait
3339 4767 3352 4804 :
3381 4751 3452 4806 Ut

1873 4867 1894 4900 ς
1939 4861 2116 4902 emam
2155 4861 2184 4900 a
2216 4855 2270 4900 te
2293 4861 2500 4910 aream,
2529 4853 2586 4900 et
2615 4845 2878 4900 mdiﬁcem
2921 4843 3090 4898 altare
3120 4843 3368 4904 Domino,
3395 4849 3452 4894 et

1877 4957 1896 4992 ί
1941 4947 2120 4994 cesset
2163 4935 2468 4992 interfectio
2497 4951 2616 5006 quae
2641 4945 2920 5008 grassatur
2961 4935 3012 4990 in
3039 4933 3254 5005 populo.
3287 4931 3354 4984 Et
3383 4929 3456 4982 ait

1875 5049 1894 5082 α
1939 5029 2150 5082 Arcana
2193 5027 2258 5080 ad
2297 5027 2484 5088 David,
2523 5045 2542 5078 ι
2595 5037 2702 5082 etc.
2751 5027 2970 5080 Areuua
3023 5035 3256 5092 namque
3289 5019 3456 5072 inter-

1869 5123 2114 5186 pretatur
2143 5131 2288 5178 arca,
2317 5123 2372 5170 et
2397 5113 2578 5170 Ornan
2609 5115 2800 5170 Latine
2829 5121 3046 5168 resonat
3075 5111 3246 5164 lumen
3285 5105 3454 5158 nobis.

1871 5207 2014 5262 Bene
2045 5221 2174 5276 ergo
2203 5221 2324 5260 cum
2361 5203 2530 5260 Deum
2567 5219 2666 5272 pro
2697 5203 2900 5258 otl'cnso
2928 5217 3034 5272 quo
3059 5195 3306 5268 peccavit
3343 5193 3456 5262 pla-

1875 5311 2000 5352 care
2027 5295 2202 5358 vellet,
2233 5295 2404 5350 altare
2421 5295 2642 5364 jubetur
2677 5295 2730 5347 in
2759 5309 2881 5348 area
2913 5291 3130 5344 Areuna
3167 5285 3250 5340 vel
3273 5283 3456 5338 Ornan

1875 5393 2208 5446 construere,
2237 5391 2296 5438 ut
2323 5387 2442 5438 inde
2471 5383 2838 5452 unusquisque
2867 5377 3120 5446 conjiciat
3147 5374 3270 5444 quia
3303 5371 3456 5426 aliter

1875 5477 2130 5530 divinitas
2159 5477 2228 5532 ab
2255 5477 2472 5530 homine
2499 5475 2700 5546 placari
2741 5489 2846 5528 non
2873 5475 3070 5540 potest,
3099 5467 3202 5520 nisi
3241 5466 3292 5518 in
3331 5477 3455 5516 arca

1875 5569 2074 5634 cordis,
2109 5583 2206 5637 per
2249 5569 2428 5622 lumen
2473 5577 2634 5624 rectae
2683 5565 2806 5620 ﬁdei
2855 5573 2908 5618 et
2949 5577 3092 5616 vera:
3131 5553 3452 5616 dilectionis.

1875 5657 2046 5712 altare
2077 5659 2154 5716 illi
2187 5659 2392 5712 devotte
2439 5655 2757 5710 humilitatis
2791 5651 3106 5714 constituat,
3149 5647 3204 5700 in
3233 5660 3342 5715 quo
3371 5657 3458 5696 sa-

1855 5747 2138 5830 rcrilicium
2167 5749 2266 5818 piae
2303 5745 2654 5802 confessionis
2687 5761 2748 5798 ac
2779 5743 2952 5796 laudis
2985 5739 3098 5796 Deo
3127 5729 3458 5806 acceptabils
