4044 6336
705 351 800 407 591

1718 339 2065 396 ANGELOMI
2105 331 2565 393 LUXOVIENSIS
2603 331 2909 389 MONACHI
3766 345 3827 402 592

693 461 906 517 offerat.
941 459 1095 527 Quod
1128 465 1273 514 recte
1301 471 1399 528 per
1419 455 1666 511 eumdem
1696 455 2010 523 prophetam
2042 451 2094 504 in
2119 449 2271 504 Psal-
2295 455 2350 514 Α
2375 448 2558 516 xitque
2583 447 2751 501 David
2777 463 2790 498 :
2833 445 2960 500 Haec
2989 444 3181 500 domus
3202 444 3431 510 Domini,
3461 447 3621 504 ethoc
3654 451 3778 510 altare
3798 460 3829 513 in

690 553 796 608 mis
841 550 1240 611 manifestatur,
1279 547 1372 601 ubi
1417 546 1612 600 dicitur
1649 558 1717 597 ex
1757 555 1986 610 persona
2019 538 2262 593 Domini:

694 662 713 696 t
748 639 1085 696 Sacriﬁcium
1115 637 1288 691 laudis
1319 633 1817 690 honoriﬁcabitme
1845 629 2016 700 (Psal.
2049 628 2218 699 xux).
2243 647 2261 679 ι

689 733 757 788 Et
793 733 986 786 iterum
1013 747 1028 784 :
1060 748 1078 780 ι
1113 728 1476 789 Sacriﬁcium,
1525 723 1720 792 inquit,
1753 721 1865 776 Deo
1894 721 2117 790 spiritus
2141 733 2269 773 con-

691 825 999 888 tribulatus,
1047 837 1142 876 cor
1179 821 1469 876 contritum
1503 827 1558 873 et
1603 814 1945 870 humiliatum
1981 814 2124 867 Deus
2161 826 2270 866 non

685 919 895 990 spernit
925 915 1096 986 (Psal.
1126 915 1200 986 1.).
1237 934 1255 966 ι

767 1025 786 1058 ι
830 1007 975 1061 Emit
1013 1020 1142 1075 ergo
1171 1003 1338 1058 David
1378 1018 1560 1058 aream
1593 1010 1648 1056 et
1675 1000 1844 1055 boves
1873 997 2083 1068 argenti
2125 995 2270 1051 siclis

694 1115 714 1148 ε
757 1094 1161 1166 quinquaginta.
1205 1111 1223 1144 ι
1284 1091 1438 1158 Quod
1472 1093 1526 1145 in
1554 1089 2000 1158 Paralipomenon
2039 1085 2112 1139 ita
2144 1084 2271 1154 legi-

693 1193 782 1241 tur
835 1201 850 1237 :
903 1202 922 1234 ι
979 1183 1133 1238 Dedit
1177 1197 1309 1252 ergo
1359 1181 1529 1236 David
1573 1179 1756 1236 Ornan
1805 1192 1904 1246 pro
1953 1177 2070 1231 loco
2113 1174 2272 1229 siclos

691 1276 809 1329 auri
847 1273 1134 1345 justissimi
1171 1272 1428 1340 ponderis
1457 1278 1760 1325 sexcentos.
1794 1287 1812 1319 ι
1858 1265 2271 1334 Intelligendum

689 1377 922 1431 namque
943 1370 1026 1417 est
1047 1361 1211 1416 boves
1237 1360 1443 1432 argenti
1471 1359 1618 1419 siclis
1642 1356 2054 1427 quinquaginta,
2087 1368 2270 1409 aream

679 1466 815 1523 vero
845 1452 1115 1507 sexcentis
1150 1451 1333 1505 aureis
1368 1449 1586 1504 emisse.

763 1563 783 1596 ι
832 1544 899 1598 Et
927 1543 1217 1598 aediﬁcavit
1245 1541 1321 1596 ibi
1356 1541 1525 1596 David
1554 1540 1726 1593 altare
1752 1538 2004 1601 Domino,
2037 1546 2093 1591 et
2116 1535 2272 1606 obtu-

694 1651 714 1686 (
759 1632 821 1687 lit
849 1633 1161 1688 holocausta
1199 1641 1257 1686 et
1283 1632 1525 1702 paciﬁca.
1557 1631 1624 1684 Et
1653 1629 2035 1699 repropitiatus
2060 1634 2144 1681 est
2171 1626 2272 1680 Do-

695 1743 715 1775 ‹
760 1725 941 1778 minus
989 1735 1168 1786 terrae,
1214 1731 1269 1777 et
1309 1722 1547 1776 cohibita
1595 1729 1678 1775 est
1719 1719 1876 1788 plaga
1919 1718 1989 1772 ab
2029 1716 2214 1771 Israel.
2244 1734 2264 1768 ι

2369 537 2741 592 holocaustum
2780 535 2961 590 Israel.
3016 535 3085 589 Et
3111 535 3368 605 praecepit
3401 544 3457 590 ut
3486 552 3830 612 congregarentur

2367 642 2556 682 omnes
2593 626 2848 696 proselyti
2880 627 2946 680 de
2980 634 3129 680 terra
3165 623 3348 691 Israel,
3387 633 3442 679 et
3469 629 3708 684 constituit
3724 637 3830 690 eaeis

2367 716 2600 770 latomos
2640 715 2709 769 ad
2749 715 3034 769 credendos
3079 713 3284 782 lapides
3330 721 3386 768 et
3410 714 3828 784 poliendos,utedi.

2369 807 2624 862 ﬁcaretur
2657 806 2846 859 domus
2870 805 3104 860 Domini.
3141 824 3159 857 ι
3194 803 3252 858 In
3285 804 3376 858 illo
3422 805 3661 874 siquidem
3688 809 3783 875 loco,
3797 825 3829 866 ut

2369 896 2578 952 Hebraei
2626 903 2948 960 autumant,
2993 895 3278 964 aliquando
3326 896 3610 965 contigerat
3649 897 3828 956 Abraham

2369 987 2562 1042 offerre
2589 986 2755 1040 ﬁlium
2777 1002 2934 1040 suum
2964 987 3138 1052 Isaac,
3166 986 3400 1055 quando,
3424 1001 3540 1042 cum
3565 989 3660 1057 jam
3685 1001 3826 1060 paratus

2369 1085 2520 1132 esset
2558 1077 2806 1131 occidere
2833 1075 3032 1140 ﬁlium,
3083 1084 3138 1130 et
3179 1076 3232 1129 in
3263 1075 3616 1130 holocaustum
3644 1080 3827 1146 exhibere,

2369 1168 2665 1238 improviso
2722 1167 2866 1222 aries
2910 1167 3195 1236 apparuit,
3249 1174 3305 1219 et
3362 1165 3526 1220 altare
3557 1168 3826 1236 circumstetit,

2369 1275 2529 1329 quem
2551 1259 2825 1314 Abraham
2849 1274 2947 1328 pro
2979 1258 3089 1312 ﬁlio
3117 1256 3432 1312 immolavit.
3462 1257 3629 1313 Potest
3647 1275 3743 1314 vero
3755 1277 3828 1317 area

2367 1349 2584 1404 Areuna
2621 1349 2712 1404 ubi
2741 1349 2909 1402 David
2953 1348 3123 1402 altare
3151 1347 3456 1402 construxit
3495 1348 3638 1404 altius
3670 1351 3826 1420 intelligi.

2369 1439 2509 1506 Quid
2533 1453 2631 1509 per
2672 1453 2854 1494 aream
2874 1438 3093 1495 Areuna
3120 1438 3376 1504 .Iebusaai,
3404 1439 3506 1493 nisi
3533 1440 3765 1495 Ecclesiam
3791 1457 3825 1496 ex

2369 1531 2621 1602 gentibus
2651 1531 2936 1586 collectam
2962 1530 3270 1600 signiﬁcat?
3311 1531 3371 1585 In
3398 1547 3500 1601 qua
3526 1533 3724 1587 Ecclesia
3744 1542 3826 1602 post-

2369 1637 2531 1691 quam
2562 1621 2732 1676 altare
2758 1621 2881 1676 ﬁdei
2907 1637 3069 1676 verus
3101 1622 3292 1686 David,
3318 1623 3422 1676 hoc
3443 1632 3540 1687 est,
3562 1621 3756 1676 Salvator
3776 1638 3827 1675 ne

2371 1721 2483 1767 ster
2508 1713 2705 1777 erexit,
2743 1712 3029 1767 confestim
3069 1728 3217 1768 mors
3263 1713 3570 1782 impietatis,
3596 1729 3693 1782 qua:
3713 1713 3749 1765 in
3771 1728 3826 1780 po-

687 1815 826 1871 lline
853 1831 1068 1886 quoque
1088 1815 1266 1869 Verba
1297 1813 1506 1868 dierum
1548 1812 1620 1866 ita
1653 1818 1912 1864 narrant:
1945 1827 1963 1858 ι
1999 1808 2269 1862 Taberna-
2295 1803 2342 1862 B
2367 1805 2495 1878 pulo
2547 1794 2642 1859 Dei
2693 1805 3061 1875 grassabatur,
3115 1803 3302 1859 cessit.
3353 1804 3501 1858 Hanc
3551 1817 3700 1856 aream
3726 1801 3825 1854 David
3895 1869 3897 1872 g

689 1905 870 1960 culum
905 1915 1084 1959 autem
1107 1904 1318 1958 Domini
1338 1902 1482 1972 quod
1509 1901 1708 1956 fecerat
1731 1899 1940 1970 Moyses
1970 1899 2026 1952 in
2053 1897 2272 1951 deserto

697 2007 753 2052 et
785 1997 954 2051 altare
989 1997 1428 2052 holocaustorum
1471 2009 1534 2049 ea
1567 2000 1885 2064 tempestate
1923 1997 2042 2044 erat
2087 1989 2144 2042 in
2172 2003 2270 2042 ex-

691 2089 838 2144 celso
866 2087 1111 2153 Gabaou,
1142 2096 1195 2144 et
1225 2103 1330 2142 non
1362 2085 1645 2156 praevaluit
1667 2084 1835 2138 David
1865 2083 1946 2137 ire
1979 2085 2047 2137 ad
2075 2081 2266 2145 altare,

690 2185 752 2231 ut
785 2178 857 2232 ibi
891 2179 1205 2232 obsecraret
1225 2178 1530 2232 Dominum.
1556 2175 1726 2230 Nemo
1753 2175 1898 2229 enim
1929 2175 2124 2228 timore
2145 2171 2268 2226 fue-

688 2276 775 2323 rat
815 2269 1160 2339 perterritus,
1206 2269 1396 2324 videns
1423 2267 1658 2338 gladium
1700 2263 1873 2335 angeli
1905 2262 2139 2318 Domini.
2173 2261 2269 2316 Di-

2374 1897 2764 1969 quinquaginta
2799 1897 3007 1966 argenti
3047 1895 3197 1951 siclis
3239 1895 3414 1951 emit:
3453 1894 3572 1964 quia
3596 1901 3642 1949 et
3665 1892 3826 1947 Dominus

2372 1987 2530 2044 Iesus
2573 1988 2820 2042 Christus
2857 1987 3155 2042 Ecclesiam
3207 2002 3361 2042 suam
3409 1986 3628 2056 pretioso
3664 1983 3826 2053 sanguine

2373 2096 2472 2136 suo
2521 2089 2778 2149 emptam,
2828 2095 2892 2134 ac
2927 2095 3026 2150 per
3069 2078 3402 2148 septiformis
3447 2078 3652 2148 gratiam
3685 2074 3826 2143 Spiritus

2376 2169 2550 2225 sancti
2596 2184 2628 2223 a
2657 2168 2869 2224 cunctis
2917 2168 3029 2224 suis
3061 2167 3273 2223 delictis
3313 2175 3606 2238 purgatam,
3632 2164 3677 2218 in
3696 2163 3826 2217 domum

2374 2260 2477 2316 sibi
2503 2259 2888 2329 sempiternam
2917 2257 3298 2314 sanctiﬁcavit.

691 2433 3801 2472 __________________________________________._.

1740 2582 1850 2661 IN
1929 2575 2323 2656 LIBRUM
2398 2575 2902 2654 TERTIUM.

1269 2843 1428 2900 ΡΒᾹΞ
1437 2843 1658 2902 FATIO.

747 3021 986 3092 Expletis
1012 3021 1220 3076 duobus
1260 3021 1454 3076 libellis
1489 3022 1696 3090 Regum
1731 3019 2041 3083 voluminis,
2070 3016 2250 3072 divina

2869 2837 3095 2897 CAPUT
3137 2837 3432 2898 PRIMUM.

2435 2947 2453 2978 ι
2489 2925 2557 2981 Et
2583 2927 2698 2982 Rex
2731 2928 2900 2984 David
2929 2942 3200 2996 senuerat,
3243 2933 3575 3001 habebatque
3600 2925 3819 2997 aetatisplu-

2360 3039 2379 3072 ι
2412 3021 2580 3076 rimos
2611 3037 2801 3084 annos,
2839 3041 2857 3074 ι
2891 3030 2942 3076 et
2974 3023 3196 3093 reliqua.
3229 3023 3493 3079 Senectus
3521 3023 3664 3080 David
3685 3017 3820 3074 humani

677 3111 928 3167 videlicet
957 3111 1212 3166 immeriti
1240 3112 1479 3166 auxiliati
1509 3111 1815 3175 clementia,
1847 3120 2100 3180 tanquam
2123 3124 2258 3179 quo-
2285 3095 2330 3157 C
2361 3112 2571 3184 generis
2613 3112 2862 3182 ﬁguravit
2902 3112 3068 3168 Vetus
3112 3114 3534 3178 Testamentum,
3577 3114 3623 3168 in
3649 3126 3725 3181 quo
3751 3107 3819 3176 quia

679 3201 964 3258 dammodo
991 3218 1058 3258 ex
1107 3203 1376 3257 thesauris
1418 3204 1667 3267 divitum,
1697 3212 2006 3257 sanctorum
2049 3204 2254 3258 scilicet

677 3289 980 3354 doctorum,
1011 3292 1116 3346 duo
1159 3293 1364 3346 minuta
1395 3292 1789 3356 abstrahentes,
1826 3307 1966 3361 qum,
1993 3301 2052 3346 ut
2080 3296 2254 3362 potui-

674 3395 816 3445 mus,
858 3381 911 3434 in
952 3382 1389 3452 gazophylacium
1431 3381 1643 3434 Domini
1687 3382 2030 3447 contulimus,
2065 3399 2132 3437 ne
2173 3384 2255 3438 in-

674 3472 812 3539 grati
843 3485 908 3525 ex
939 3481 1138 3526 nostrae
1164 3471 1496 3542 paupertatis
1527 3471 1738 3539 ingenio
1768 3471 2014 3527 fortassis
2043 3473 2250 3527 videre-

674 3579 796 3617 mur
827 3579 857 3617 a
902 3565 1148 3628 Domino,
1181 3579 1250 3617 ne
1289 3561 1550 3616 talentum
1580 3563 1741 3616 etiam
1772 3563 2002 3632 idipsum
2034 3563 2254 3632 frugali-

671 3655 800 3710 tatis
827 3656 1102 3716 collatum,
1140 3669 1262 3708 rure
1292 3653 1562 3707 defossum
1611 3655 1943 3709 inveniretur
1972 3655 2255 3712 abscondi-

671 3755 807 3809 tum,
838 3753 893 3798 et
938 3745 1300 3798 damnationis
1338 3759 1498 3812 pmna
1547 3744 1930 3800 mulctaremur
1966 3747 2249 3802 acerrime.

672 3835 775 3890 Ubi
820 3835 1109 3890 admodum
1135 3844 1345 3890 vastum
1393 3837 1740 3891 transivimus
1769 3853 1973 3907 :equor,
2009 3839 2253 3894 auxiliati

669 3924 919 3979 videlicet
956 3921 1384 3994 Cunctipotentis
1414 3941 1535 3996 Ope,
1564 3927 1656 3995 qui
1698 3927 1926 3997 imperat
1971 3929 2147 3982 ventis
2186 3944 2254 3984 ne

673 4025 905 4071 noceant
933 4017 1058 4071 rati.
1089 4017 1242 4072 Nunc
1276 4017 1560 4088 siquidem,
1584 4033 1890 4088 quanquam
1919 4020 2122 4088 pavidi,
2149 4031 2255 4074 ter-

675 4107 805 4161 tium
831 4109 1046 4178 aggredi
1069 4110 1384 4163 conabimur
1405 4109 1599 4163 librum
1621 4127 1633 4162 :
1659 4110 1712 4162 in
1741 4124 1848 4178 quo
1873 4110 2107 4163 maxime
2126 4108 2254 4162 ﬂatu

671 4187 974 4270 indigemus
1013 4199 1226 4268 quidem
1258 4200 1424 4254 divini
1469 4199 1807 4270 Spiraminis,
1848 4216 1915 4255 ne
1942 4210 2128 4255 nostra
2163 4216 2253 4256 ca-

673 4285 792 4339 rina
837 4288 1049 4342 tandem
1117 4286 1286 4342 fracta
1321 4289 1502 4357 veniat
1552 4289 1607 4342 in
1651 4288 1908 4359 sc0pulis,
1960 4301 2014 4345 et
2061 4291 2252 4362 syrtim

669 4374 806 4430 illisa
843 4375 1088 4431 demersa
1136 4386 1410 4432 remaneat
1439 4379 1492 4432 in
1526 4388 1768 4433 reumate
1807 4379 2076 4450 gurgitum
2113 4381 2247 4436 :sed

670 4466 787 4534 ipso
825 4466 1038 4522 alllante
1069 4483 1132 4523 ac
1181 4469 1467 4536 dignanter
1494 4442 1836 4538 opitulante:
1850 4442 2064 4540 portum
2094 4471 2249 4541 quie-
2278 4442 2331 4501 D

669 4556 872 4611 tudinis
917 4573 1085 4612 ovans
1123 4559 1400 4624 obtineat,
1449 4569 1507 4613 ut
1550 4559 1830 4614 Dominica
1859 4561 2255 4628 quodammodo

663 4649 991 4703 commercia
1022 4648 1186 4704 illaesa
1215 4661 1584 4719 permaneant,
1613 4659 1664 4706 et
1703 4665 1770 4706 ex
1797 4659 1944 4706 tanta
1973 4653 2254 4722 profundi-

666 4745 777 4791 tate
802 4735 1112 4803 voluminis,
1141 4754 1205 4793 ac
1247 4739 1500 4793 thesauro
1526 4739 1691 4793 divini
1724 4741 2114 4812 gazophylacii,
2149 4742 2255 4797 sal-

665 4836 775 4882 tem
804 4827 1079 4882 valeamus
1116 4844 1238 4883 cum
1285 4827 1453 4898 Magis
1474 4829 1590 4883 auri
1635 4838 1690 4884 et
1716 4820 1890 4885 thuris
1939 4841 1993 4886 et
2021 4834 2256 4902 myrrha:

665 4916 894 4972 Domino
934 4918 1184 4974 conferre
1231 4919 1473 4980 donaria.
1513 4919 1780 4985 Quoniam
1825 4921 1870 4975 si
1917 4921 1972 4975 in
2008 4922 2257 4977 erunibus

667 5019 888 5077 egemus
927 5008 1163 5077 Spiritus
1211 5008 1382 5062 sancti
1418 5009 1717 5078 juvamine,
1749 5026 1894 5066 nunc
1942 5027 2156 5081 quoque
2200 5012 2256 5066 in

668 5098 774 5150 hoc
823 5113 980 5153 sacro
1029 5098 1302 5153 volumine
1350 5100 1683 5167 permaxime
1739 5100 2039 5170 indigemus
2074 5101 2256 5156 diviuo

671 5185 946 5256 suffragio,
975 5188 1098 5256 quia
1131 5187 1312 5242 multis
1353 5188 1777 5244 obscuritatibus
1806 5191 2021 5246 abditus
2045 5193 2256 5247 videtur

669 5275 721 5327 in
754 5275 1134 5345 allegoriarum
1163 5279 1466 5343 sententiis,
1498 5273 1799 5347 praesertim
1825 5281 1880 5334 in
1915 5283 2097 5351 templi
2121 5283 2253 5338 redi-

670 5364 805 5420 ﬁeiis
842 5375 897 5420 et
937 5367 1324 5437 prophetarum
1368 5369 1660 5440 mysteriis,
1693 5377 1774 5435 ut,
1806 5372 1921 5441 ipso
1954 5374 2252 5427 adminicu-

671 5450 833 5518 lante,
870 5455 959 5522 qui
987 5455 1132 5510 dedit
1163 5455 1437 5510 Salomoui
1469 5459 1789 5525 sapientiam
1831 5460 2138 5528 plurimam,
2165 5477 2256 5514 va-

672 5540 876 5597 leamus
920 5554 1155 5615 emptum
1199 5562 1334 5616 opus
1369 5546 1590 5617 explere
1626 5549 1907 5618 sagaciter.
1962 5548 2114 5603 Unde
2141 5548 2252 5617 jatn

672 5631 788 5700 ejus
826 5634 949 5688 freti
984 5638 1201 5703 auxilio,
1249 5639 1318 5694 ad
1363 5654 1486 5695 eum
1523 5639 1935 5696 describendum
1985 5650 2255 5697 vertamus

674 5723 951 5778 articulos.

2357 3200 2492 3254 ﬁdes
2517 3199 2789 3256 defecerat
2816 3201 2961 3256 velut
2991 3203 3044 3256 in
3066 3202 3264 3269 David,
3291 3203 3503 3259 dilectio
3526 3203 3608 3257 Dei
3638 3200 3817 3270 friguerat.

2356 3286 2690 3343 Vestimenta
2719 3287 2854 3358 ejus,
2883 3290 3077 3360 quibus
3115 3292 3408 3362 adopertus
3445 3290 3652 3348 caleﬁeri
3676 3303 3748 3342 non
3764 3299 3817 3353 pn-

2357 3385 2516 3442 terat,
2550 3386 2730 3448 typum
2779 3379 3032 3434 habuisse
3077 3378 3321 3436 Iudaica:
3355 3382 3523 3451 plebis
3567 3395 3655 3435 non
3685 3376 3818 3432 dubium

2355 3476 2458 3522 est.
2485 3469 2614 3536 Quae
2638 3479 2763 3525 ante
2786 3472 3078 3535 adventum
3115 3471 3418 3530 Salvatoris
3452 3487 3542 3544 per
3575 3469 3816 3542 cognitione!“

2354 3555 2507 3626 legis,
2561 3557 2706 3612 velut
2758 3559 3078 3614 vestimenta
3139 3561 3372 3618 Domino
3417 3563 3724 3617 adhaeserant.
3760 3551 3816 3606 Sed

2355 3648 2484 3717 quia
2537 3649 2725 3702 eadem
2763 3649 2937 3718 plebs,
2980 3659 3040 3704 ut
3079 3649 3371 3719 Apostolus
3403 3654 3547 3718 dicit,
3595 3668 3612 3702 ι
3641 3641 3816 3704 sanitatis

2355 3738 2625 3806 spiritum,
2665 3747 2720 3792 et
2749 3755 2856 3794 non
2892 3739 3160 3795 libertatis
3191 3741 3382 3798 habuit
3408 3742 3487 3813 (II
3512 3740 3620 3796 Cor.
3643 3731 3811 3799 run)»

2355 3827 2411 3882 in
2449 3843 2634 3883 amore
2654 3829 2836 3883 divino
2870 3830 3090 3885 minime
3119 3833 3320 3886 caruit.
3350 3832 3511 3904 Virgo
3542 3845 3652 3886 vero
3668 3823 3816 3896 ςρθοὶοξλ

2355 3933 2474 3988 quae
2528 3920 2581 3973 in
2635 3921 2844 3976 eunetis
2889 3920 3086 3976 ﬁnibus
3122 3921 3287 3976 Israel
3326 3922 3545 3992 quresita
3579 3927 3670 3980 est.
3701 3928 3745 3968 ac
3768 3921 3818 3978 P“

2356 4023 2542 4064 servos
2586 4009 2757 4065 David
2802 4010 2870 4065 ad
2918 4025 3041 4065 eum
3084 4012 3372 4081 perducta,
3415 4025 3528 4082 quae
3565 4010 3611 4064 in
3646 4007 3732 4062 sinu
3757 3997 3818 4066 tl“
3889 4011 3891 4082 1

2357 4097 2629 4153 dormiens
2660 4113 2784 4154 eum
2831 4099 3098 4166 calefecit,
3138 4109 3192 4155 et
3239 4091 3396 4173 virgo
3447 4097 3713 4172 permansit,
3739 4085 3818 4145 haud

2356 4190 2577 4244 dubium
2603 4191 2732 4260 quin
2755 4201 2955 4246 sancta:
2967 4192 3222 4249 Ecclesiae
3249 4209 3534 4263 personam
3556 4187 3817 4262 gestaviW

2356 4284 2423 4338 de
2451 4271 2660 4338 cunctis
2698 4285 2947 4354 gentibus
2983 4301 3082 4355 per
3107 4288 3384 4356 apostolos
3414 4289 3479 4342 ad
3519 4284 3735 4341 Christum
3753 4283 3817 4341 ptr-

2359 4375 2503 4429 venit
2531 4391 2542 4428 :
2571 4384 2626 4428 et
2657 4384 2806 4430 tanto
2833 4377 3027 4432 ardore
3059 4378 3182 4432 ﬁdei
3209 4379 3262 4432 in
3304 4380 3421 4450 ejus
3441 4376 3688 4434 dilectione
3711 4360 3815 4422 ωΙυῖίτ

2357 4476 2415 4524 ut
2451 4477 2671 4538 propter
2715 4469 2858 4525 illius
2901 4487 3142 4526 amorem
3200 4473 3368 4528 variis
3412 4469 3640 4543 periculis
3670 4477 3712 4518 se
3740 4455 3816 4539 ultro

2359 4559 2747 4623 committeret,
2778 4568 2834 4614 et
2864 4561 2932 4613 ad
2971 4561 3213 4616 ultimum
3254 4579 3356 4632 pro
3393 4562 3506 4630 ejus
3547 4548 3815 4638 nomine
3887 4591 3889 4638 ί

2359 4663 2468 4702 non
2505 4657 2800 4703 recusaret.
2857 4650 2931 4704 De
2979 4666 3086 4708 uua
3120 4652 3335 4708 plenius
3375 4653 3603 4707 dicemus
3647 4647 3688 4699 in
3709 4629 3814 4692 subdi'

2363 4737 2451 4792 tis.
3782 4805 3799 4815 ..

2435 4845 2454 4879 ι
2486 4828 2726 4884 Adonias
2769 4839 2974 4893 autem,
3021 4829 3160 4885 ﬁlius
3191 4829 3424 4901 Haggith
3447 4871 3461 4895 ,
3487 4807 3814 4910 elevabatur,

2365 4939 2382 4972 ι
2415 4935 2542 4975 cens
2573 4939 2584 4973 :
2611 4921 2722 4991 Ego
2767 4923 3022 4990 regnabo,
3059 4943 3076 4974 ι
3131 4930 3188 4976 et
3237 4923 3462 4992 reliqua.
3517 4914 3708 4972 Adonias
3736 4908 3815 4997 aliill

2359 5011 2460 5064 iste
2489 5011 2580 5080 qui
2608 5011 2858 5080 superbia
2898 5011 3069 5066 elatus
3112 5014 3281 5082 gratis
3308 5024 3529 5082 regnare
3563 5002 3711 5060 voluit,
3730 4998 3814 5091 (ΙΨ

2360 5101 2649 5156 Salomone
2676 5101 2994 5157 interfectus
3023 5114 3127 5169 est,
3163 5105 3388 5176 ﬁguram
3415 5100 3624 5174 gestavit
3649 5086 3814 5160 superbi!

2357 5189 2824 5259 Iudaeorumzqui
2872 5198 3162 5260 propterea
3207 5193 3347 5262 quod
3399 5204 3604 5261 regnum
3644 5180 3813 5236 terreniml

2356 5285 2603 5340 obtinere
2637 5283 2809 5338 voluit
2833 5299 2863 5338 a
2902 5283 3209 5350 Salomone,
3236 5285 3484 5340 videlicet
3513 5279 3705 5336 Christo.
3721 5273 3808 5356 ell'f

2358 5389 2524 5445 gnum
2555 5374 2759 5438 amisit,
2809 5383 2864 5428 et
2897 5374 3065 5428 vitam
3094 5348 3341 5443 perdidit.
3388 5374 3462 5427 De
3490 5385 3585 5442 quo
3621 5365 3688 5420 hic
3714 5348 3812 5445 ρτεέίθ

2360 5440 2539 5521 bando
2567 5467 2936 5535 praediximus,
2961 5466 3054 5520 sed
3083 5440 3137 5519 in
3161 5440 3707 5535 sequentibus—uberius
3725 5440 3812 5499 int‘a-
3883 5509 3885 5535 Ι

2360 5558 2626 5626 gabimus.

2436 5665 2453 5695 ‹
2483 5646 2598 5700 Rex
2630 5654 2808 5701 autem
2839 5655 3092 5700 senuerat
3129 5647 3289 5700 nimis
3328 5654 3383 5699 et
3414 5643 3594 5710 Abisag
3623 5625 3814 5710 5υη²¹⁰ίξ¹³

2367 5753 2384 5786 t
2417 5735 2850 5792 minitrabatei.
2884 5755 2900 5786 ι
2945 5735 3217 5801 Quaeritur
3259 5735 3432 5804 itaque
3459 5729 3573 5800 quid
3614 5725 3656 5781 in
3680 5703 3812 5773 Ιιοοίν
3881 5803 3883 5808 1
