4044 6336
177 359 288 415 595

1107 349 1364 406 ENARR.
1405 348 1474 405 1N
1513 324 1763 407 uanos
1804 337 2065 404 neeum.
2112 378 2182 387 —
2221 347 2287 402 IN
2325 348 2455 404 LIB.
2498 347 2588 402 Ill.

3357 337 3463 408 394

175 480 268 525 cto
311 465 588 538 signiﬁcet
617 465 761 536 quod
805 463 975 521 David
1008 478 1180 518 annos
1221 471 1381 519 natus
1425 463 1768 534 septuaginta
1797 469 1842 527 Α
1871 461 2110 531 pientiaa.
2159 459 2296 515 Hinc
2345 460 2604 516 Dominus
2657 469 2841 516 noster
2889 461 2946 515 in
3003 462 3292 536 Evangelio
3345 468 3459 522 ait:

176 558 469 614 bellicosus
508 554 782 625 quondam
819 553 924 622 vir,
966 561 1243 610 senectute
1283 552 1630 626 frigescente,
1660 566 1768 606 non

176 656 393 717 poterat
428 644 687 702 caleﬁeri.
719 643 787 700 Et
828 654 1114 716 propterea
1153 643 1413 715 quaeritur
1449 645 1555 700 ista
1593 642 1768 715 puella

177 739 448 815 speciosa,
479 752 599 808 qua:
623 752 750 794 cum
796 751 926 808 rege
967 737 1248 803 dormiret,
1277 743 1333 792 et
1372 735 1544 791 senile
1570 749 1770 806 corpus

177 829 526 893 calefaceret,
549 837 605 884 et
631 827 972 883 ministraret
999 827 1133 898 regi.
1167 826 1225 881 Si
1257 827 1402 881 enim
1432 825 1768 882 occidentem

176 921 463 992 sequimur
489 919 752 985 litteram,
783 919 1001 975 videtur
1026 918 1182 988 quasi
1210 917 1528 988 ﬁgmentum
1551 931 1673 972 esse
1702 917 1770 971 de

176 1013 370 1078 mimo,
399 1026 466 1066 eo
489 1009 634 1080 quod
655 1008 885 1080 frigidus
910 1024 1076 1066 senex
1111 1007 1418 1066 obvolvitur
1445 1008 1690 1064 vestibus
1714 1016 1772 1064 et

177 1101 288 1157 nisi
318 1100 606 1170 complexu
645 1093 1060 1156 adulescentulas
1090 1117 1201 1156 non
1247 1100 1497 1172 tepescit.
1539 1098 1769 1155 Vivebat

173 1195 358 1249 adhuc
387 1194 708 1262 Bethsabee,
751 1203 808 1250 et
845 1203 1128 1265 supererat
1171 1195 1407 1267 Abigail,
1444 1203 1500 1250 et
1549 1192 1770 1264 reliquae

172 1300 377 1341 uxores
404 1293 461 1340 et
487 1285 822 1352 concubinae,
851 1301 971 1357 quae
999 1301 1032 1341 a
1066 1285 1348 1356 Scriptura
1388 1300 1580 1341 omnes
1613 1283 1770 1354 quasi

172 1375 390 1448 frigida:
421 1377 772 1446 repudiantur
803 1394 818 1430 :
849 1384 907 1432 et
933 1377 988 1431 in
1016 1376 1179 1431 unius
1204 1384 1415 1431 tantum
1449 1376 1766 1432 adolescen-

171 1469 304 1524 tulaa
345 1469 666 1540 grandaevus
694 1467 876 1524 caleﬁt
903 1468 1258 1539 amplexibus.
1294 1467 1577 1524 Abraham‘
1599 1468 1769 1525 multo

173 1560 351 1616 David
382 1560 563 1615 senior
587 1558 710 1626 fuit,
738 1567 795 1614 et
829 1568 1008 1616 tamen
1050 1561 1266 1616 vivente
1291 1560 1428 1615 Sara
1467 1560 1628 1615 aliam
1658 1576 1767 1617 non

173 1651 429 1723 quaesivit
471 1665 718 1706 uxorem.
758 1650 912 1707 Isaac
959 1651 1200 1723 duplices
1237 1651 1407 1706 David
1455 1667 1630 1708 annos
1670 1653 1768 1707 ha-

173 1746 321 1809 buit,
366 1751 421 1800 et
451 1759 575 1800 cum
601 1742 849 1800 Rebecca
875 1742 1055 1798 vetula
1082 1759 1360 1813 nunquam
1387 1742 1619 1799 refrixit.
1650 1739 1767 1798 Ta-

1878 568 1896 600 ι
1927 549 2107 622 Ignem
2132 547 2350 621 (inquit)
2383 550 2504 605 veni
2530 550 2746 605 mittere
2770 550 2826 604 in
2859 557 3084 617 terram,
3111 561 3169 608 et
3189 555 3318 625 quid
3338 557 3462 613 volo

1873 642 1978 697 nisi
1998 650 2058 695 ut
2085 641 2317 695 ardeat?
2347 662 2366 695 ι
2415 640 2566 713 (Luc.
2595 641 2717 714 xn.)
2747 641 2848 710 Qui
2885 644 3271 714 discipulorum
3293 651 3460 705 corda

1872 731 2230 797 succendens,
2273 733 2501 802 cogebat
2545 732 2764 788 dicere:
2795 751 2814 783 ί
2847 731 3036 790 Nonne
3088 751 3184 792 cor
3218 748 3464 794 nostrum

1872 823 2068 878 ardens
2097 833 2218 878 erat
2239 822 2293 876 in
2323 825 2478 879 nobis
2528 825 2653 878 dum
2683 824 2994 895 loqueretur
3021 828 3078 882 in
3107 829 3214 895 via,
3242 839 3298 885 et
3339 847 3466 902 ape-

1872 913 2009 969 riret
2049 913 2208 969 nobis
2258 912 2604 985 Scripturas?
2634 935 2654 968 ι
2689 915 2840 987 (Luc.
2885 920 3057 990 xxiv.)
3100 920 3253 979 Hanc
3295 925 3465 995 siqui-

1873 1007 1996 1062 dem
2022 1006 2260 1076 puellam
2289 1008 2540 1078 amplecti
2571 1024 2635 1064 ac
2665 1009 2888 1082 diligere
2919 1012 3197 1082 debemus,
3226 1033 3345 1086 qua:
3377 1034 3465 1074 sa-

1871 1099 2128 1170 pientiam
2163 1099 2436 1171 signiﬁcat
2465 1116 2656 1158 senum
2698 1103 3057 1174 ampliorem;
3095 1122 3201 1162 non
3228 1109 3462 1180 pueriles

1872 1192 2294 1249 declamationes
2321 1234 2337 1259 ,
2380 1204 2436 1249 et
2485 1195 2810 1265 sapientium
2862 1197 3116 1254 ﬂosculos
3158 1200 3464 1258 dialectico«

1871 1298 2011 1348 rum,
2047 1298 2112 1339 ac
2137 1283 2426 1340 verborum
2453 1283 2742 1350 lenocinia,
2768 1294 2823 1340 et
2843 1296 3038 1342 uetera
3064 1289 3370 1360 hujusmodi
3395 1308 3463 1347 ex

1871 1373 2108 1430 humana
2164 1375 2427 1447 sapientia
2456 1373 2858 1447 'tigmentisque
2912 1387 3194 1449 poetarum
3239 1397 3465 1452 :ineque

1871 1483 2031 1524 curas
2057 1469 2216 1523 istius
2258 1468 2458 1534 saeculi,
2511 1477 2604 1523 aut
2632 1469 2867 1525 honores
2896 1471 3055 1541 hujus
3085 1473 3309 1538 mundi;
3367 1474 3464 1529 sed

1870 1558 2137 1628 sapientia
2158 1567 2416 1629 tanquam
2446 1557 2646 1614 Abisac
2676 1575 2798 1613 cum
2822 1559 3010 1627 David,
3041 1576 3161 1630 qua:
3187 1578 3465 1632 nunquam

1870 1648 2126 1713 senescit,
2161 1649 2218 1704 in
2249 1657 2437 1704 nostro
2464 1648 2772 1718 requiescat
2813 1651 2956 1704 sinu.
3003 1649 3286 1719 Impolluta
3317 1652 3464 1708 enim

1869 1747 1956 1794 est
1985 1737 2319 1810 virginitatis
2358 1747 2652 1810 perpetuae,
2701 1748 2760 1793 et
2807 1739 2861 1793 in
2902 1740 3308 1797 similitudinem
3361 1743 3467 1798 Ma-

171 1847 278 1888 ceo
302 1835 368 1890 de
394 1833 664 1906 prioribus
692 1842 819 1889 ante
843 1833 1104 1890 diluvium
1134 1833 1288 1900 viris,
1315 1835 1408 1903 qui
1441 1843 1566 1904 post
1599 1848 1772 1890 annos
1797 1828 1848 1888 B
1874 1832 1992 1898 rite,
2017 1847 2141 1887 cum
2174 1832 2414 1901 quotidie
2451 1839 2673 1903 generet
2695 1845 3021 1902 semperque
3057 1834 3344 1902 partariat,
3385 1833 3469 1888 in-

173 1925 527 1996 quingentos,
569 1939 678 1980 non
717 1923 839 1980 dico
859 1923 1139 1991 senilibus,
1174 1923 1266 1980 sed
1294 1939 1432 1995 pene
1456 1924 1571 1994 jam
1599 1925 1772 1980 cario-

172 2017 257 2073 sis
296 2017 546 2083 artubus,
599 2030 944 2086 nequaquam
980 2015 1252 2087 puellares
1296 2017 1597 2086 quaesivere
1623 2032 1767 2073 com-

172 2107 390 2177 plexus.
421 2105 584 2162 Certe
613 2105 828 2177 Moyses
874 2108 983 2163 dux
1013 2107 1302 2163 lsraelitici
1344 2107 1526 2178 populi
1558 2117 1774 2166 centum

173 2197 372 2269 viginti
412 2212 585 2254 annos
620 2198 872 2263 habebat,
922 2206 980 2254 et
1024 2197 1327 2270 Sephoram
1365 2215 1475 2255 non
1522 2201 1772 2256 mutavit.

177 2291 314 2359 Quae
353 2300 439 2347 est
484 2290 650 2362 igitur
682 2292 788 2347 ista
836 2291 1136 2349 Sunamitis
1180 2308 1321 2349 uxor
1358 2301 1414 2348 et
1459 2295 1632 2366 virgo,
1665 2303 1776 2350 tam

175 2382 400 2440 fervens
426 2391 488 2438 ut
534 2381 791 2454 frigidum
844 2382 1188 2450 calefaceret,
1233 2391 1290 2438 et
1335 2391 1444 2439 tam
1489 2394 1682 2440 sancta
1718 2392 1778 2440 ut

178 2474 451 2529 calentem
471 2472 537 2528 ad
565 2473 846 2530 libidinem
874 2489 983 2530 non
1008 2485 1351 2545 provocaret,
1380 2476 1488 2531 nisi
1512 2476 1779 2546 sapientia

180 2567 271 2637 (ut
305 2565 494 2620 beatus
523 2564 886 2635 Hieronymus
933 2563 1030 2632 ait)
1057 2580 1177 2634 qua:
1213 2565 1529 2622 in-senibus
1567 2566 1779 2623 fervere

183 2655 352 2722 solet,
375 2655 521 2720 licet,
547 2655 689 2712 sicut
716 2655 964 2726 superius
1013 2655 1310 2722 innuimus,
1351 2663 1552 2712 sanctae
1597 2641 1782 2712 Eccle-

180 2747 280 2802 sise
325 2746 573 2802 liniasset
607 2746 936 2816 personam?
977 2744 1132 2800 Hanc
1176 2754 1414 2816 exponat
1446 2746 1782 2816 sapientissi-

183 2853 310 2892 mus
343 2837 639 2893 Salomon:
666 2836 840 2906 patris
874 2835 957 2892 sui
986 2837 1206 2892 delicias
1244 2844 1300 2890 et
1336 2835 1596 2906 paciﬁcos
1617 2835 1782 2892 bella-

185 2931 329 2986 toris
371 2931 478 2985 viri
533 2939 719 2986 narret
765 2931 1066 3002 amplexus,
1123 2951 1140 2983 ι
1168 2931 1393 2987 Posside
1436 2930 1780 3001 sapientiam,

193 3020 414 3091 posside
441 3019 894 3091 intelligentiam;
945 3037 1013 3076 ne
1057 3021 1397 3076 obliviscaris
1437 3036 1579 3086 eam,
1622 3029 1678 3075 et
1719 3035 1786 3075 ne

189 3113 556 3170 declinaveris
582 3111 652 3168 ab
679 3113 816 3185 ipsa.
845 3111 924 3169 Ne
950 3113 1296 3183 derelinquas
1324 3128 1466 3178 eam,
1507 3121 1564 3167 et
1590 3128 1786 3183 appre-

187 3205 396 3260 hendet
429 3213 520 3270 te;
572 3219 696 3260 ama
740 3203 909 3272 illam,
966 3213 1021 3260 et
1060 3204 1300 3261 servabit
1338 3215 1409 3259 te.
1450 3202 1786 3276 Principium
1814 3185 1858 3248 Ο

189 3297 504 3366 sapientiae,
545 3295 766 3366 posside
789 3296 1146 3368 sapientiam;
1191 3304 1246 3352 et
1284 3295 1340 3350 in
1383 3295 1534 3351 omni
1570 3310 1788 3366 posses-

187 3391 357 3446 sione
385 3397 499 3455 tua,
525 3389 747 3460 acquire
780 3389 1194 3461 intelligentiam
1223 3387 1411 3461 (Prov.
1444 3388 1544 3458 ιν),
1571 3408 1590 3441 ι
1626 3397 1682 3443 et
1705 3403 1790 3444 re-

186 3481 374 3552 liqua.
429 3480 532 3536 ista
583 3480 802 3550 quidem
853 3480 1152 3552 sapientia,
1201 3479 1329 3534 licet
1371 3477 1790 3551 frigescentibus

191 3570 480 3636 membris,
508 3579 692 3627 tamen
719 3571 867 3627 senis
895 3571 1125 3628 ferventi
1156 3569 1447 3626 dilectione
1492 3579 1548 3626 et
1577 3586 1790 3627 summo

191 3664 380 3720 studio
407 3663 688 3720 charitatis
711 3664 1078 3736 amplectitur,
1099 3674 1157 3720 et
1176 3664 1488 3735 spirituales
1509 3664 1673 3721 etiam
1699 3665 1793 3720 de-

192 3754 357 3811 licias
401 3756 763 3812 administrat.
819 3756 1020 3813 Omnes
1072 3770 1211 3828 pene
1265 3756 1495 3812 virtutes
1551 3757 1794 3827 corporis

191 3853 482 3901 mutantur
505 3847 560 3902 in
589 3847 808 3903 senibus
830 3856 886 3903 et
915 3857 1193 3904 crescente
1226 3847 1340 3904 sola
1379 3847 1664 3919 sapientia,
1695 3848 1789 3904 de-
1835 3849 1841 3856 '

190 3947 455 3994 crescunt
472 3947 691 4006 cetera,
710 3938 936 4010 jejunia,
964 3939 1298 3996 chameuniae
1341 3947 1396 3996 et
1414 3939 1791 4010 eleemosynae,

190 4031 307 4086 huc
337 4028 576 4100 illucque.
591 4031 891 4098 discursus,
923 4031 1334 4103 peregrinorum
1378 4032 1670 4102 susceptio,
1701 4031 1795 4086 de-

187 4121 378 4178 fensio
406 4137 729 4195 pauperum,
759 4124 1016 4180 instantia
1030 4123 1335 4180 orationum
1359 4132 1418 4179 et
1439 4137 1796 4193 perseveran-

191 4212 301 4278 tia,
331 4213 572 4270 visitatio
595 4213 992 4286 languentium,
1023 4214 1178 4270 labor
1202 4228 1461 4268 manuum
1491 4214 1635 4269 unde
1659 4228 1796 4283 prae-

191 4306 436 4361 beantur
480 4306 858 4378 eleemosynaa.
895 4306 963 4361 Et
1005 4321 1075 4361 ne
1104 4320 1412 4362 sermonem
1441 4304 1655 4376 longius
1682 4313 1795 4360 tra-

191 4397 354 4463 ham,
383 4407 581 4454 cuncta
607 4413 727 4470 quae
752 4413 852 4468 per
877 4414 1074 4469 corpus
1117 4405 1442 4454 exercentur
1468 4395 1634 4462 facta,
1675 4411 1796 4452 cor-

192 4500 340 4556 pore
377 4488 535 4543 senili
561 4489 772 4544 minora
803 4488 978 4555 ﬁunt;
1009 4488 1123 4544 sola
1152 4487 1415 4559 sapientia
1440 4503 1550 4544 non
1576 4488 1698 4544 dico
1738 4489 1792 4544 in

183 4578 510 4648 juvenibus,
541 4581 635 4637 sed
659 4582 822 4637 etiam
852 4582 908 4636 in
948 4581 1169 4638 senibus
1198 4581 1314 4651 (qui
1343 4581 1399 4636 in
1423 4581 1540 4653 lege
1581 4581 1796 4638 Domini

193 4671 456 4726 meditati
479 4681 604 4728 sunt
626 4673 714 4730 die
739 4689 805 4728 ac
823 4673 1004 4745 nocte)
1031 4681 1348 4744 permanet:
1371 4681 1428 4728 et
1454 4673 1796 4731 dulcissimos

195 4760 419 4817 fructus
451 4763 753 4820 studiorum
787 4765 962 4820 metit.
998 4763 1153 4820 Unde
1185 4764 1389 4820 Abisac
1410 4766 1604 4821 merito
1624 4765 1796 4822 inter-

193 4860 456 4922 pretatur
483 4855 652 4924 patris
680 4856 781 4910 mei
810 4856 1085 4927 gaudium,
1115 4856 1200 4912 vel
1225 4855 1391 4926 patria
1425 4857 1527 4910 mei
1567 4859 1794 4928 rugitus.

192 4940 363 5010 Quod
401 4943 459 4997 in
505 4946 763 5014 pt'azsenti
803 4945 923 5002 loco
968 4947 1220 5002 virtutem
1275 4957 1456 5014 sonat,
1502 4949 1647 5018 quod
1686 4965 1799 5004 am-

189 5035 344 5107 plior
371 5036 427 5092 in
454 5039 676 5096 senibus
718 5049 775 5097 et
811 5039 1120 5096 redundans
1149 5049 1257 5108 est,
1287 5057 1353 5097 ac
1397 5041 1548 5114 larga
1584 5044 1800 5113 sapien-

196 5127 303 5182 tia.
335 5127 410 5184 Et
436 5127 500 5185 ﬁt
526 5130 664 5187 bene
689 5131 922 5202 rugitus,
952 5132 1097 5201 quod
1136 5133 1305 5188 maris
1333 5131 1531 5188 fluctus
1557 5141 1796 5199 resonat,

192 5227 260 5274 et
288 5217 375 5290 (ut
401 5221 476 5274 ita
505 5220 704 5292 dicam)
732 5224 799 5277 de
817 5222 1010 5294 pelago
1030 5222 1258 5279 veniens
1287 5222 1533 5279 fremitus
1557 5225 1797 5292 auditur,

195 5327 274 5368 ex
299 5327 411 5382 quo
449 5314 752 5370 ostenditur
779 5314 1305 5372 abundantissimum
1345 5325 1401 5371 et
1427 5316 1572 5371 ultra
1607 5317 1798 5372 huma-

197 5418 337 5460 nam
374 5418 562 5461 vocem
617 5405 671 5461 in
717 5406 938 5463 senibus
984 5407 1151 5464 divini
1191 5409 1458 5464 sermonis
1500 5409 1798 5466 tonitruum

199 5502 561 5558 commorari.
587 5501 886 5559 Sunamitis
906 5519 1038 5560 vero
1060 5505 1302 5560 coccinea
1329 5505 1384 5560 in
1411 5503 1593 5576 lingua
1615 5514 1802 5560 nostra

197 5606 390 5656 nonat.
422 5598 498 5656 Ut
519 5599 788 5673 signiﬁcet
808 5600 1007 5658 callere
1034 5601 1376 5672 sapientiam,
1410 5601 1704 5672 divinaque
1729 5601 1806 5658 le-

198 5690 395 5745 ctione
440 5688 664 5746 fervere.
705 5691 860 5758 Quod
893 5692 1021 5748 licet
1062 5692 1329 5749 Dominici
1358 5693 1634 5764 sanguinis
1665 5692 1806 5748 indi-

204 5790 300 5837 cet
349 5790 775 5847 sacramentum,
802 5792 986 5839 tamen
1026 5792 1082 5839 et
1129 5782 1398 5840 fervorem
1435 5783 1804 5840 ostendit-sa-

545 5873 821 5937 PATItOL.
870 5877 1057 5943 CXV.

1873 1935 2128 1996 corrupta
2154 1935 2257 1981 est.
2293 1925 2351 1980 Si
2381 1926 2524 1980 enim
2551 1924 2685 1980 Cato
2713 1924 2944 1980 Romani
2973 1926 3190 1997 generis
3224 1925 3467 1982 disertis-

1875 2020 2068 2085 simus,
2111 2019 2194 2089 (ut
2230 2017 2448 2088 quidam
2499 2018 2785 2073 doctorum
2830 2017 3077 2089 protulit)
3123 2017 3471 2074 centenarius

1869 2111 1983 2183 jam
2008 2118 2062 2164 et
2087 2123 2254 2164 senex
2279 2107 2497 2162 Graecas
2541 2107 2754 2162 litteras
2777 2105 2892 2177 Inec
2919 2107 3218 2173 erubuerit,
3249 2121 3348 2162 nec
3387 2105 3471 2162 di-

1877 2215 2030 2257 scere
2064 2198 2473 2269 desperaverit:
2502 2204 2557 2252 et
2606 2197 2653 2252 si
2698 2205 2845 2252 certe
2884 2195 2966 2265 (ut
2995 2196 3168 2262 aiunt)
3200 2196 3472 2254 Homerus

1877 2270 2046 2347 refert
2073 2291 2218 2360 quod
2253 2289 2317 2345 de
2351 2288 2536 2359 lingua
2571 2287 2837 2355 Nestoris,
2871 2289 2988 2359 jam
3031 2288 3195 2344 vetuli
3247 2297 3304 2345 et
3331 2303 3470 2360 pene

1879 2382 2162 2452 decrepiti,
2209 2401 2228 2435 ι
2256 2382 2464 2438 dulcior
2523 2383 2683 2439 melle
2725 2383 2902 2439 oratio
2947 2382 3204 2439 ﬂuxerit:
3235 2403 3255 2437 ι
3283 2391 3340 2440 et
3386 2397 3474 2438 sa—

1877 2475 2034 2544 piens
2060 2475 2280 2544 quidam
2311 2471 2552 2539 Graeciae,
2577 2490 2701 2529 cum
2737 2473 3023 2544 completis
3045 2481 3264 2529 centum
3292 2481 3348 2528 et
3385 2489 3470 2529 se-

1878 2575 2028 2637 ptem
2064 2565 2221 2620 annis
2248 2579 2307 2620 se
2339 2573 2591 2620 cerneret
2637 2565 2799 2630 mori,
2831 2565 3035 2620 dixisse
3062 2564 3256 2630 fertur,
3289 2565 3474 2622 dolere

1881 2656 2025 2728 quod
2065 2664 2194 2711 tunc
2244 2656 2595 2726 egrederetur
2642 2671 2673 2709 e
2727 2656 2838 2710 vita
2890 2656 3104 2724 quando
3139 2669 3328 2725 sapere
3365 2670 3475 2710 coe-

1879 2749 2050 2818 pisset
2075 2765 2090 2813 ;
2121 2747 2276 2803 Plato
2305 2749 2470 2804 etiam
2505 2747 2836 2819 octogesimo
2861 2763 3024 2814 anno,
3057 2747 3302 2802 scribens
3335 2762 3479 2803 mor-

1884 2849 2010 2896 tuus
2043 2849 2162 2907 est;
2209 2839 2463 2895 Socrates
2512 2839 2850 2909 septuaginta
2901 2847 2957 2893 et
2983 2853 3178 2893 novem
3220 2854 3392 2894 annos
3421 2838 3479 2893 in

1885 2931 2114 2986 docendi
2145 2930 2530 3000 scribendique
2558 2929 2744 2986 labore
2773 2928 3085 2999 complevit,
3119 2938 3322 3000 quanto
3357 2944 3478 2982 ma-

1884 3021 1966 3092 gis
1995 3020 2299 3076 calescente
2325 3019 2572 3090 corporis
2595 3018 2899 3088 juventute,
2941 3019 3084 3074 inter
3115 3019 3258 3074 bella
3287 3034 3480 3088 corpo-

1888 3118 1986 3176 ris,
2016 3123 2071 3169 et
2097 3113 2240 3168 inter
2284 3111 2557 3168 incentiva
2597 3111 2853 3167 vitiorum
2891 3111 3212 3182 sapientiam
3238 3112 3483 3168 ediscere

1889 3203 2166 3264 debemus,
2205 3209 2265 3256 ut
2293 3202 2349 3256 in
2379 3208 2656 3257 senectute
2677 3201 2841 3256 etiam
2871 3200 3284 3270 frigescentibus
3311 3217 3483 3257 mem-

1889 3297 2026 3362 bris,
2075 3296 2132 3350 in
2183 3295 2305 3350 sinu
2352 3296 2552 3350 mentis
2600 3303 2798 3350 nostrae
2852 3293 3159 3363 requiescat
3205 3302 3260 3348 et
3303 3293 3486 3350 foveat

1891 3388 2232 3457 dormiatque
2276 3387 2581 3452 nobiscum,
2619 3387 2728 3442 imo
2757 3387 2940 3443 cibum
2982 3384 3242 3458 Spiritalis
3277 3386 3482 3444 intellio

1891 3480 2086 3552 gentia!
2121 3477 2281 3534 nobis
2324 3478 2616 3532 ministret.
2659 3477 2846 3533 Potest
2875 3479 3134 3533 nimirum
3176 3479 3341 3534 etiam
3379 3480 3483 3535 ista

1892 3572 2088 3628 mulier
2129 3571 2563 3642 contemplativa:
2595 3572 2719 3626 vita:
2767 3580 2980 3643 gestare
3031 3571 3278 3643 ﬁguram,
3323 3587 3484 3643 quam

1894 3677 2082 3718 omnes
2121 3661 2346 3734 perfecti
2377 3661 2680 3716 incredibili
2725 3677 2911 3718 amore
2953 3662 3396 3732 complectentes,
3427 3664 3484 3717 in

1894 3753 2010 3822 eius
2045 3753 2338 3809 dilectione
2359 3752 2756 3808 ﬂammescunt.
2814 3773 2832 3805 ι
2865 3754 3104 3808 Adonias
3131 3761 3313 3809 autem
3344 3753 3485 3808 ﬁlius

1895 3843 2092 3916 llagitb
2132 3842 2462 3909 elevabatur,
2509 3843 2696 3899 dicens
2734 3863 2746 3897 :
2779 3844 2892 3915 Ego
2927 3838 3186 3916 regnabo.
3226 3843 3490 3912 Fecitque

1895 3935 1998 3990 sibi
2043 3949 2263 3990 currum
2302 3941 2359 3989 et
2400 3934 2634 4003 equites,
2687 3943 2742 3989 et
2786 3934 3177 4005 quinquaginta
3202 3934 3351 3989 viros
3393 3921 3516 4003 qui

1897 4034 2022 4081 ante
2050 4042 2175 4081 eum
2223 4034 2527 4081 currerent.
2558 4023 2670 4081 Nec
2711 4025 2974 4095 corripuit
3016 4041 3139 4081 eum
3177 4033 3331 4096 pater
3361 4039 3494 4081 suus

1897 4118 2210 4188 aliquando,
2255 4117 2688 4185 dicens:Quare
2735 4117 2838 4173 hoc
2865 4117 3084 4174 fecisti?
3110 4138 3129 4171 ι
3157 4126 3214 4174 et
3258 4119 3489 4188 reliqua.

1897 4209 2052 4276 Quod
2094 4215 2276 4262 autem
2305 4207 2543 4262 Adoni-as
2572 4208 2716 4263 ﬁlius
2761 4208 2930 4264 David
2968 4207 3144 4278 major
3172 4209 3227 4264 in
3268 4225 3494 4282 regnum

1896 4319 1998 4374 pro
2034 4312 2190 4374 patre
2246 4303 2542 4358 succedere
2580 4303 2774 4370 voluit,
2804 4318 2904 4375 per
2960 4302 3161 4359 fastum
3199 4303 3493 4374 superbiae,

1897 4410 2006 4450 non
2049 4410 2149 4465 per
2185 4395 2443 4450 virtutem
2476 4394 2814 4466 disciplinae,
2851 4395 2981 4465 quid
3033 4393 3344 4466 signiﬁcat?
3387 4395 3497 4453 nisi

1899 4486 2042 4559 quod
2067 4487 2326 4544 Judaicus
2363 4487 2614 4558 populus,
2658 4488 2752 4558 qui
2777 4489 2934 4558 quasi
2981 4487 3154 4558 major
3191 4497 3320 4543 natu
3351 4487 3495 4544 illius

1822 4556 1875 4616 Ῑ)
1899 4556 2117 4636 videtur
2139 4596 2280 4648 esse,
2307 4556 2604 4651 cum—prior
2625 4556 2811 4652 legem:
2824 4556 3083 4652 suscepit,
3115 4582 3370 4652 gentilem
3393 4596 3493 4652 po-

1901 4672 2088 4745 pulum
2132 4673 2224 4742 qui
2263 4687 2360 4742 per
2399 4672 2633 4742 gratiam
2682 4672 2779 4726 Dei
2821 4674 3092 4742 posterior
3136 4683 3361 4730 vocatus
3411 4681 3498 4728 est

1905 4780 2188 4836 spernens,
2216 4764 2388 4820 solum
2421 4780 2479 4819 se
2506 4780 2628 4819 cum
2656 4765 2887 4820 Domino
2908 4767 3216 4822 aestimabat
3235 4772 3492 4837 regnatu-

1908 4872 2048 4911 rum.
2090 4855 2244 4912 Unde
2286 4864 2341 4911 et
2384 4855 2524 4911 bene
2549 4871 2748 4912 nomen
2777 4856 3020 4926 Adoniae,
3063 4860 3156 4930 qui
3197 4857 3497 4912 dominator

1906 4949 2148 5002 dominus
2189 4948 2598 5028 interpretatur,
2639 4957 2825 5021 typum
2856 4951 3143 5022 expressit,
3183 4948 3276 5020 qui
3319 4946 3495 5002 solum

1908 5055 1966 5095 se
1994 5039 2278 5095 dominare
2321 5055 2446 5094 cum
2477 5039 2695 5095 domino
2723 5041 3020 5097 arbitratus
3047 5050 3159 5106 est;
3187 5039 3284 5094 sed
3310 5036 3496 5094 Eccle-

1905 5135 2000 5191 siae
2021 5133 2248 5204 pepulus
2276 5150 2399 5189 cum
2428 5149 2559 5190 vero
2582 5133 2896 5200 Salomone,
2926 5135 2979 5189 id
3016 5143 3101 5190 est
3137 5130 3364 5203 paciﬁco
3394 5145 3495 5184 no-

1905 5237 2040 5296 stro,
2083 5227 2237 5296 cujus
2281 5228 2398 5299 ipse
2421 5243 2622 5299 corpus
2648 5209 2752 5296 est,
2785 5244 2884 5298 per
2919 5228 3157 5284 divinam
3199 5224 3498 5281 ordinatio-

1903 5337 2031 5377 nem
2060 5322 2116 5376 in
2163 5336 2391 5392 regnum
2439 5322 2802 5377 substituitur.
2842 5320 2919 5376 De
2952 5334 3061 5390 quo
3108 5317 3306 5374 merito
3332 5315 3492 5386 perﬁ-

1909 5414 2010 5470 diae
2046 5413 2220 5485 major
2247 5412 2408 5480 ﬁlius,
2447 5413 2503 5468 id
2542 5424 2628 5470 est
2669 5413 2821 5484 prior
2847 5410 3092 5488 populus,
3125 5408 3498 5480 praecipitatus

1908 5516 2014 5564 est.
2041 5505 2142 5563 llic
2161 5523 2292 5578 ergo
2318 5507 2576 5572 Adonias,
2604 5507 2903 5562 Bethsabee
2936 5504 3354 5570 interveniente,
3375 5517 3497 5573 qua:

1910 5598 2303 5670 interpretatur
2325 5598 2440 5666 ﬁlia
2465 5596 2784 5661 saturitatis,
2805 5595 3004 5652 Abisac
3029 5593 3347 5650 Sunamiten
3371 5609 3496 5650 cor-

1913 5707 2166 5762 rumpere
2193 5691 2415 5763 gestivit
2441 5707 2454 5742 :
2485 5687 2611 5758 quia
2646 5686 2903 5744 Judaicus
2935 5687 3164 5759 populus
3185 5702 3283 5758 per
3314 5687 3500 5744 obser—

1915 5784 2151 5840 vantiam
2176 5781 2628 5839 caeremoniarum
2656 5779 2810 5853 legis,
2841 5781 2968 5852 quia
2993 5787 3146 5836 satus
3166 5787 3221 5836 et
3242 5775 3495 5851 plenissi-

2950 5875 3026 5936 13
