4044 6336
549 340 656 397 595

1575 336 1929 395 ANGELOMI
1961 334 2429 395 LUXOVIENSIS
2468 334 2781 395 MONACHI

3742 337 3847 394 396

551 426 672 511 mus
704 461 844 519 erat,
890 468 1076 510 veram
1108 448 1431 525 sapientiam
1474 450 1734 524 spiritalis
1771 466 1986 517 sensus,
2018 467 2137 521 quae
2165 455 2219 516 Α
2242 451 2457 508 rissime
2476 452 2747 524 congruit,
2770 464 2869 523 per
2891 464 3056 527 quem
3080 450 3456 519 Mediatorem,
3496 466 3568 509 ex
3600 452 3849 511 inimicis

552 547 723 603 David
778 556 968 603 nostro
1013 547 1298 618 conjuncta
1346 554 1449 612 est,
1484 553 1730 614 stuprare
1770 544 1982 612 volens,
2032 560 2141 601 non

551 638 751 694 meruit
785 637 904 707 ejus
933 638 1287 701 consortium,
1323 636 1479 707 cujus
1506 634 1709 691 violare
1749 635 2012 707 appetivit
2036 636 2142 690 im-

552 728 884 786 maculatum
911 729 1186 785 thronum.
1214 727 1367 796 Quod
1388 734 1568 783 autem
1591 726 1761 783 David
1783 726 2060 784 Salomoni
2089 726 2146 783 ﬁ-

554 823 629 878 lio
666 836 767 880 suo
813 823 1072 894 praecepit
1112 820 1178 877 de
1224 820 1369 892 iusta
1411 822 1767 879 retributione
1806 838 1998 879 eorum
2051 821 2145 893 qui

553 915 659 971 sibi
691 915 887 971 solatio
917 912 1153 979 fuerunt,
1186 913 1270 969 vel
1296 913 1495 985 injuste
1520 924 1846 982 nocuerunt,
1876 914 2002 971 licet
2030 914 2146 987 ipse

550 1006 959 1076 patientissime
998 1020 1095 1062 eos
1138 1018 1374 1077 regnans
1416 993 1675 1062 toleraret
1718 1025 1730 1060 :
1766 1006 1899 1079 quid
1952 1004 2149 1062 melius

554 1095 865 1167 signiﬁcare
906 1103 1104 1168 potest,
1146 1108 1309 1167 quam
1341 1095 1582 1152 futuram
1625 1097 2036 1153 retributionem
2056 1094 2147 1166 ju-

553 1185 682 1241 dicii
701 1186 940 1251 venturi,
971 1185 1027 1240 in
1055 1198 1161 1256 qua
1192 1185 1345 1256 impii
1375 1200 1475 1256 pro
1502 1187 1755 1244 mercede
1786 1202 2006 1259 poenam
2025 1202 2150 1259 per-

552 1288 794 1348 petitam,
839 1276 973 1347 justi
1015 1284 1201 1333 autem
1252 1286 1513 1335 aeternam
1544 1278 1933 1335 beatitudinem
1978 1280 2152 1350 perci-

553 1369 748 1438 pienti
781 1368 841 1424 In
884 1370 1141 1440 praesenti
1177 1385 1394 1442 quoque
1438 1380 1703 1443 tempore,
1745 1372 2006 1443 patientia
2052 1370 2151 1427 Dei

554 1474 703 1532 sape
730 1463 905 1519 bonos
942 1463 1193 1521 tribulari
1239 1476 1404 1536 atque
1431 1467 1730 1539 angustiari
1762 1466 2052 1538 permittit,
2094 1474 2153 1523 et

552 1553 863 1609 econtrario
890 1554 1154 1626 reprobos
1184 1554 1392 1613 deliciis
1422 1558 1812 1630 temporalibus
1841 1566 1897 1615 et
1925 1573 2152 1631 prospe-

553 1643 715 1700 ritate
749 1652 966 1701 terrcna
995 1648 1073 1701 uti
1122 1648 1392 1704 concedit.
1420 1647 1628 1716 Quibus
1671 1658 1855 1706 tamen
1880 1649 2148 1721 utrisque,

550 1747 649 1804 per
659 1734 902 1805 juécent
931 1736 1179 1794 vivorum
1200 1748 1256 1796 et
1288 1749 1630 1797 mortuorum
1659 1740 1885 1812 praemia
1918 1749 2066 1797 certa
2096 1740 2153 1797 in

2246 550 2465 614 accepta
2493 540 2813 599 remissione
2839 551 3209 613 peccatorum,
3236 542 3668 599 reconciliatnur
3694 542 3845 599 Deo:

2244 632 2445 688 etcnim‘
2482 653 2502 685 ι
2539 646 2661 689 cum
2708 632 2912 688 inimici
2955 648 3221 700 essemus,
3268 634 3617 692 reconciliati
3654 651 3852 691 sumus

2246 720 2358 781 Deo
2392 726 2489 799 per
2529 734 2758 781 mortem
2787 722 2909 781 Filii
2956 726 3074 798 ejus
3100 724 3317 800 (Ephes.
3342 727 3430 801 ll).
3468 747 3487 780 ι
3534 727 3695 785 Idem
3744 729 3853 798 ipse

2246 822 2331 869 est
2370 812 2460 870 ille
2493 815 2783 886 paciﬁcus,
2829 814 2922 887 qui
2965 815 3096 873 fecit
3144 826 3377 890 utraque
3413 834 3611 885 unum,
3643 828 3709 874 et
3749 834 3853 874 me-

2248 905 2394 962 dium
2422 907 2683 978 parietem
2712 906 2961 964 maceria:
2997 908 3209 967 solvens
3247 909 3563 967 inimicitias
3601 911 3663 965 in
3690 925 3855 967 carne

2249 1014 2367 1065 sua,
2412 998 2696 1072 legemque
2735 1001 3115 1059 mandatorum
3164 1003 3402 1060 decretis
3451 1019 3771 1071 evacuans,
3800 1014 3853 1061 st

2249 1089 2386 1144 duos
2422 1088 2683 1146 conderet
2726 1091 2780 1146 in
2819 1105 2878 1147 se
2915 1091 2969 1146 in
2997 1108 3165 1149 unum
3194 1108 3397 1151 novum
3431 1094 3761 1159 hominem,
3789 1096 3857 1149 fa—

2249 1178 2401 1235 ciens
2429 1194 2619 1251 pacem
2648 1179 2734 1235 his
2762 1181 2855 1251 qui
2888 1178 3064 1253 longe,
3095 1192 3150 1237 et
3180 1198 3375 1253 pacem
3399 1183 3488 1240 his
3517 1184 3621 1255 qui
3656 1198 3855 1256 prope:

2251 1271 2366 1343 ipse
2405 1272 2458 1327 in
2496 1272 2787 1344 Evangelio
2816 1273 2949 1333 dicit
2991 1293 3007 1335 :
3040 1294 3059 1327 ι
3101 1274 3298 1333 Pacem
3350 1292 3534 1333 meam
3574 1275 3662 1333 do
3694 1278 3857 1343 vobis,

2251 1379 2439 1435 pacem
2481 1365 2730 1437 relinquo
2766 1364 2921 1423 vobis
2952 1362 3137 1437 (Joan.
3168 1368 3306 1441 xiv).
3352 1389 3373 1423 ι
3421 1368 3524 1426 His
3565 1378 3635 1425 et
3682 1370 3859 1425 multis

2251 1456 2373 1514 aliis
2406 1457 2728 1516 testimoniis
2762 1456 3024 1516 Dominus
3051 1457 3208 1517 Jcsus
3243 1460 3508 1534 paciﬁcus
3541 1477 3689 1518 esse
3730 1478 3860 1516 ntea-

2252 1558 2475 1607 stratur.
2507 1546 2563 1605 In
2592 1549 2860 1622 sapientia
2891 1566 3106 1623 quoque
3135 1561 3190 1607 et
3230 1553 3435 1609 divitiis
3474 1561 3663 1624 atque
3704 1552 3859 1625 gloria

2253 1642 2422 1791 ipsius
2466 1642 2684 1699 Domini
2730 1642 3032 1701 Salvatoris
3084 1654 3270 1717 typum
3317 1653 3562 1719 gestasse
3616 1661 3749 1702 non
3780 1646 3864 1701 du-

2295 1734 2407 1791 ium
2440 1738 2543 1791 est.

2295 1734 2407 1791 ium
2440 1738 2543 1791 est.

555 1822 743 1881 futuro
776 1827 1045 1894 restituet,
1097 1829 1315 1900 quando
1346 1832 1431 1887 bis
1475 1831 1567 1903 qni
1599 1810 1675 1887 ad
1707 1832 1989 1888 dexteram
2032 1831 2152 1904 ejus
2177 1810 2229 1873 Β
2334 1847 2353 1880 α
2390 1829 2458 1884 Ει
2479 1828 2555 1884 ait
2580 1824 2820 1885 Adonias
2848 1826 3147 1887 Bethsabee
3176 1846 3191 1884 :
3219 1812 3421 1886 Precor
3448 1837 3514 1885 ut
3558 1829 3743 1885 dicas
3777 1827 3865 1884 Sa—

553 1923 707 1981 sunt,
745 1917 990 1975 dicturus
1016 1918 1162 1975 erit:
1192 1938 1214 1972 ι
1242 1919 1460 1990 Venite,
1500 1923 1773 1979 benedicti
1806 1922 1988 1980 Patris
2020 1922 2152 1990 mei,

554 2006 821 2079 percipite
847 2024 1073 2081 regnum
1102 2014 1248 2083 quod
1276 2014 1429 2071 vobis
1453 2023 1706 2085 paratum
1734 2025 1819 2072 est
1850 2015 1919 2072 ab
1943 2016 2156 2090 origine

554 2101 743 2156 mundi
776 2102 998 2173 (Παειὴ.
1035 2105 1186 2178 xxv).
1222 2125 1242 2158 ι
1274 2106 1384 2163 Illis
1429 2116 1610 2164 autem
1645 2107 1740 2178 qui
1777 2109 1848 2163 ad
1874 2107 2155 2165 sinistram

554 2191 673 2262 ejus
714 2202 893 2262 erunt,
936 2194 1081 2252 dicet
1116 2216 1128 2251 :
1169 2216 1191 2250 ί
1219 2198 1492 2255 Discedite
1540 2214 1571 2254 a
1616 2215 1724 2266 me,
1758 2199 2055 2268 maledicti,
2097 2202 2154 2257 in

555 2284 737 2354 ignem
773 2295 1059 2354 :eternum,
1089 2290 1181 2358 qui
1226 2298 1449 2361 paratus
1477 2299 1563 2346 est
1608 2290 1824 2347 diabolo
1854 2298 1911 2346 et
1943 2290 2155 2364 angelis

553 2372 677 2444 eius
699 2394 712 2430 :
738 2384 796 2432 et
824 2376 984 2434 ibunt
1007 2378 1063 2433 hi
1094 2379 1153 2434 in
1192 2380 1519 2450 supplicium
1567 2390 1853 2447 aeternum,
1883 2382 2017 2454 justi
2054 2399 2154 2439 au—

556 2476 663 2522 tem
691 2468 749 2523 in
769 2455 941 2525 vitam
964 2481 1229 2526 aeternam
1263 2470 1512 2545 (Ibid.).t
2048 2474 2059 2481 “

630 2576 651 2610 ε
695 2557 984 2615 [inclinavit
1027 2574 1086 2615 se
1132 2558 1456 2627 Betbsabee,
1509 2570 1565 2617 et
1609 2563 1856 2619 adoravit
1896 2579 2097 2637 regem.
2130 2586 2149 2619 ι

555 2652 626 2709 At
648 2668 779 2709 vero
803 2652 1128 2720 Bethsabee,
1168 2668 1290 2726 quae
1312 2654 1366 2711 in
1397 2656 1653 2714 Latinum
1683 2658 2014 2717 transfertur
2039 2660 2156 2731 ﬁlia

555 2744 873 2816 juramcnti,
898 2746 1136 2817 antiqua;
1154 2746 1410 2805 Ecclesiae
1438 2766 1560 2822 qua:
1589 2759 1644 2806 et
1672 2752 1878 2810 sanctis
1906 2753 2156 2825 patribus

556 2837 659 2893 sub
705 2837 823 2909 lege
862 2837 1173 2894 constituta:
1220 2834 1430 2907 fuerat,
1476 2841 1770 2914 imaginem
1811 2842 1917 2899 hoc
1954 2842 2156 2900 inloco

556 2929 813 3001 praetulit,
864 2928 931 2985 de
978 2930 1133 3003 cujus
1178 2931 1348 3005 stirpe
1395 2946 1556 2992 verus
1602 2933 1898 3004 Salomon,
1944 2934 2000 2992 id
2051 2946 2150 3003 est,

556 3020 819 3091 paciﬁcus
852 3031 1062 3091 noster,
1088 3024 1238 3081 nasci
1262 3027 1566 3099 promissus
1593 3037 1694 3085 est.

635 3130 659 3163 ε
710 3111 779 3167 Et
818 3114 1209 3172 nuntiaverunt
1258 3117 1373 3188 regi
1418 3118 1664 3177 dicentes
1689 3138 1702 3174 :
1727 3120 1897 3197 Adest
1939 3121 2153 3179 Nathan

563 3216 585 3253 ε
628 3202 919 3273 propheta.
951 3220 971 3257 ι
1017 3202 1253 3274 Nathan,
1294 3180 1389 3278 qni
1427 3208 1817 3281 interpretatur
1842 3188 2067 3281 donum,
2094 3212 2157 3268 ﬁ-
2187 3180 2235 3246 θ

556 3306 750 3364 geram
792 3294 996 3352 veteris
1033 3297 1335 3366 prophetiae
1381 3306 1631 3370 gestasse
1669 3300 2017 3358 manifestum
2050 3312 2155 3361 est.

636 3402 658 3437 α
700 3383 959 3459 Dixitque
987 3402 1087 3444 rex
1108 3388 1284 3447 David
1309 3408 1323 3445 :
1352 3390 1555 3448 Vocate
1599 3394 1733 3450 mihi
1766 3393 1944 3451 Sadoc
1973 3411 2156 3453 sacer-

566 3491 595 3526 r
634 3473 840 3532 dotem.
879 3492 901 3531 ν
947 3476 1127 3537 Sadoc
1159 3478 1553 3552 interpretatur
1579 3484 1786 3555 justus,
1829 3480 2059 3559 figuram
2103 3488 2160 3544 in

558 3578 622 3624 se
643 3584 839 3641 gerens
864 3572 1081 3651 Domini
1117 3581 1173 3628 et
1205 3570 1509 3632 Salvatoris
1539 3578 1735 3646 nostri,
1764 3576 1857 3651 qui
1885 3588 1972 3637 est
1999 3596 2162 3638 verus

565 3676 587 3714 ι
626 3663 885 3719 sacerdos
924 3664 978 3719 in
1006 3650 1273 3721 aeternum
1316 3666 1618 3724 secundum
1655 3650 1905 3728 ordinem
1934 3671 2159 3728 Melchi-

564 3770 589 3805 ο
628 3757 827 3813 sedech
862 3752 1040 3829 (Paul.
1074 3758 1210 3832 cxx).
1249 3780 1268 3812 ι

636 3868 657 3902 ι
714 3850 786 3906 Et
832 3852 1097 3923 imponite
1147 3852 1495 3911 Salomonem
1547 3854 1717 3912 ﬁlium
1767 3873 1952 3915 meum
1997 3874 2163 3930 super

567 3961 589 3996 ι
632 3944 835 3999 mulam
862 3958 1059 4001 meam.
1094 3965 1114 3999 ι
1141 3942 1339 4004 Malam
1369 3948 1562 4015 David,
1592 3949 1683 4005 alii
1710 3950 2036 4019 Ecclesiam,
2068 3952 2164 4009 alii

560 4048 692 4092 vero
736 4032 1082 4110 Synagogam
1138 4049 1360 4112 propter
1406 4038 1877 4111 infecunditatem,
1902 4043 2163 4115 ﬁgurasse

563 4125 841 4184 dixerunt.

1195 4222 1426 4281 CAPUT
1466 4222 1529 4280 ll.

642 4332 663 4367 ι
710 4314 966 4386 Dixitque
984 4314 1155 4373 David
1184 4318 1250 4373 ad
1286 4312 1637 4375 Salomonem
1660 4336 1675 4372 ;
1702 4318 1781 4374 Tu
1813 4335 2029 4392 quoque
2067 4335 2163 4376 no-

572 4423 593 4461 t
637 4408 707 4465 sti
732 4422 854 4480 quae
886 4406 1080 4465 fecerit
1110 4410 1240 4466 mihi
1266 4409 1399 4467 Joab
1432 4410 1573 4467 ﬁlius
1596 4408 1824 4477 Sarvite,
1858 4428 1980 4483 quae
2022 4411 2164 4468 fece-

573 4518 593 4554 ί
638 4494 712 4575 rit
746 4500 957 4558 duobus
981 4502 1324 4575 principibus
1351 4503 1551 4569 Almer,
1586 4502 1699 4559 ﬁlio
1728 4502 1858 4569 Ner,
1890 4512 1945 4559 et
1966 4504 2167 4561 Amase

571 4608 592 4643 ι
638 4573 750 4648 ﬁlio
771 4573 1032 4658 Jetber,»
1066 4602 1172 4649 etc.
1203 4593 1372 4649 David
1404 4594 1496 4665 qui
1536 4595 1797 4667 praecepit
1824 4594 1961 4653 Joab
1993 4596 2164 4653 inter-

565 4684 661 4741 ﬁci
702 4698 799 4742 seu
833 4684 1035 4751 Semei,
1066 4685 1294 4759 ﬁguram
1326 4688 1529 4745 veteris
1558 4688 1859 4763 prophetiae
1894 4691 2161 4761 gestabat,

565 4791 688 4849 qua:
700 4776 968 4847 judicavit
992 4787 1159 4850 atque
1187 4780 1464 4852 prmcepit,
1493 4782 1625 4852 quid
1653 4781 1719 4837 de
1743 4781 1979 4839 inimicis
2000 4782 2161 4839 Chri-

566 4871 643 4926 sti‘
667 4880 723 4929 et
748 4878 1064 4927 sanctorum
1097 4871 1238 4942 ejus,
1263 4870 1473 4929 Scribis
1501 4872 1753 4930 videlicet
1780 4883 1939 4945 atque
1968 4874 2162 4929 Phari-

566 4963 693 5019 saeis
723 4976 934 5020 necnon
974 4972 1029 5019 et
1059 4964 1367 5030 haereticis,
1414 4965 1470 5021 in
1517 4964 1702 5021 futuro
1740 4967 1857 5022 ﬁeri
1890 4976 2161 5039 oporteat.

568 5052 727 5112 Sicut
753 5054 859 5113 hoc
884 5055 1029 5126 quod
1058 5054 1227 5110 David
1267 5056 1333 5111 de
1354 5053 1490 5113 Joab
1526 5066 1582 5113 et
1609 5056 1790 5114 Semei
1817 5058 1933 5114 ﬁeri
1959 5073 2165 5130 praece-

568 5148 672 5219 pit,
701 5147 959 5204 Salomon
990 5163 1123 5203 vero
1152 5146 1409 5219 implevit.

647 5258 669 5293 c
720 5238 977 5296 Salomon
1026 5250 1208 5297 autem
1248 5241 1389 5297 sedit
1433 5256 1596 5315 super
1629 5243 1883 5300 thronum
1919 5245 2104 5301 Israel.
2136 5266 2157 5300 ι

574 5332 832 5391 Salomon
863 5334 955 5406 qui
981 5335 1122 5405 patri
1147 5350 1245 5391 suo
1272 5334 1443 5391 David
1476 5339 1762 5405 successit,
1785 5338 1990 5397 Christi
2024 5342 2162 5415 ﬁgu-

574 5442 694 5481 ram
730 5425 845 5481 sine
883 5425 1047 5482 dubio
1075 5426 1309 5496 gestavit
1345 5446 1358 5482 :
1402 5426 1455 5482 in
1490 5444 1558 5489 eo
1593 5429 1804 5498 scilicet
1847 5433 1992 5503 quod
2022 5441 2163 5489 tem-

574 5517 722 5589 plum
752 5516 1060 5585 asdiﬁcavit,
1093 5518 1235 5575 sicut
1272 5526 1328 5576 et
1363 5516 1614 5578 Christus
1635 5521 1936 5578 Ecclesiam
1967 5540 1981 5578 :
2026 5532 2081 5580 et
2110 5525 2167 5581 in

575 5623 643 5664 eo
681 5608 831 5678 quod
864 5618 1091 5680 regnum
1139 5608 1193 5665 in
1223 5626 1355 5683 pace
1403 5611 1827 5677 administravit,
1870 5622 1925 5669 et
1970 5630 2160 5684 pacem

575 5699 765 5756 habuit
802 5700 1097 5756 secundum
1137 5717 1332 5759 nomen
1371 5719 1550 5770 suum,
1581 5703 1659 5760 sic
1688 5710 1743 5759 et
1764 5704 2027 5761 Dominus
2049 5704 2168 5762 Rex

577 5794 731 5863 pacis
752 5804 836 5849 est
860 5795 1058 5863 dictus,
1091 5814 1155 5852 ac
1179 5812 1277 5867 per
1302 5798 1404 5855 hoc
1434 5796 1581 5854 illius
1609 5796 1929 5854 vocabulum
1954 5797 2045 5872 illi
2073 5815 2171 5857 ve-

2264 1939 2283 1973 (
2316 1919 2525 1979 lomoni
2560 1920 2696 1993 regi,
2724 1929 2785 1977 ut
2808 1920 2899 1977 det
2943 1922 3075 1979 mihi
3102 1920 3301 1978 Abisac
3340 1919 3716 1977 Sunamitem
3746 1936 3863 1976 um-

2262 2032 2282 2065 ‹
2324 2027 2458 2067 rem.
2501 2032 2518 2063 ι
2548 2010 2808 2080 Adonias,
2857 2012 2989 2068 dum
3037 2013 3091 2068 in
3139 2021 3266 2085 typo
3311 2011 3643 2069 Iudaeorum
3669 2010 3865 2070 Christi

2257 2102 2580 2172 Ecclesiam,
2610 2120 2732 2175 qua:
2767 2112 2855 2161 est
2900 2106 3054 2181 virgo
3099 2105 3438 2176 incorrupta,
3466 2113 3769 2160 temerare
3791 2119 3867 2159 re-

2257 2194 2379 2264 luit,
2403 2196 2551 2269 justo
2566 2194 2775 2265 judicio
2796 2204 3028 2255 mortem
3052 2211 3214 2267 quam
3244 2196 3445 2251 meruit
3467 2194 3753 2252 incurrit.

2335 2304 2353 2339 ι
2396 2282 2553 2340 Venit
2581 2300 2711 2357 ergo
2738 2280 3041 2341 Bethsabee
3087 2285 3156 2341 ad
3182 2300 3365 2359 regem
3402 2282 3783 2341 Salomonem
3816 2293 3865 2339 ut

2265 2400 2283 2432 ι
2326 2379 2642 2450 loqueretur
2686 2394 2785 2451 pro
2833 2376 3067 2435 Adonis.
3103 2398 3124 2432 ι
3151 2378 3497 2446 Bethsabee,
3543 2393 3685 2449 quae
3740 2376 3865 2449 apud

2260 2469 2609 2526 Salomonem
2632 2486 2732 2542 pro
2756 2470 2965 2527 Adonis
2994 2471 3323 2528 intervenire
3340 2466 3533 2538 voluit,
3555 2484 3675 2528 nec
3700 2481 3865 2527 tam

2259 2562 2536 2636 quippiam
2565 2562 2786 2635 profuit,
2827 2562 3059 2636 ﬁguram
3084 2563 3218 2635 legis
3247 2564 3353 2622 hoc
3379 2563 3437 2619 in
3473 2562 3599 2620 loco
3628 2572 3864 2634 preter

2261 2654 2404 2711 disse
2432 2670 2541 2711 non
2565 2652 2789 2710 dubium
2818 2662 2905 2711 est
2939 2669 2956 2709 :
2991 2670 3157 2727 quam
3179 2654 3353 2713 Judtei
3390 2655 3495 2713 sibi
3531 2653 3863 2725 εὕει-ἰα-

2260 2744 2403 2816 apud
2428 2744 2601 2800 Deum
2634 2758 2755 2801 esse
2780 2745 3092 2815 opinantur.

2337 2857 2356 2890 ι
2391 2837 2655 2893 Abiathar
2695 2852 2912 2908 quoque
2945 2838 3215 2895 sacerdoti
3264 2837 3405 2893 dixit
3452 2850 3595 2894 rex:
3628 2836 3795 2893 Vade
3818 2837 3865 2892 is

2265 2952 2283 2983 c
2322 2930 2560 2986 Anathot
2595 2930 2649 2985 in
2689 2946 2880 3003 agrum
2913 2940 3089 2988 tuum.
3131 2950 3152 2985 ι
3180 2930 3450 2987 Abiathar
3475 2931 3577 3001 qui
3606 2930 3863 2987 sicaris-

2262 3020 2342 3077 tio
2365 3020 2645 3092 expulsus,
2679 3036 2786 3076 non
2819 3030 2999 3078 tamen
3028 3021 3242 3079 occisus
3260 3028 3364 3089 est,
3392 3019 3679 3092 signiﬁcat
3703 3035 3863 3092 papu-

2262 3112 2373 3169 lum
2408 3111 2742 3180 Iudaeorum,
2771 3129 3003 3186 quorum
3024 3114 3161 3171 licet
3206 3111 3575 3171 sacerdotium
3613 3111 3703 3170 sit
3738 3112 3863 3168 alie-

2263 3206 2442 3272 litum,
2474 3206 2577 3279 ipsi
2611 3215 2795 3263 tamen
2832 3215 3055 3281 propter
3084 3222 3181 3265 eos
3220 3208 3315 3278 qui
3354 3208 3411 3263 in
3436 3207 3549 3263 ﬁne
3578 3208 3781 3265 nudi
3800 3222 3863 3263 ex

2262 3296 2397 3369 ipsis
2420 3295 2679 3354 credituri
2708 3305 2859 3366 sunt,
2880 3298 3039 3355 deleti
3066 3298 3285 3371 penitus
3310 3313 3429 3359 non
3446 3308 3601 3355 sunt.

2338 3427 2361 3461 ι
2398 3408 2558 3482 Fugit
2582 3424 2719 3481 ergo
2737 3408 2875 3467 hab
2895 3410 2951 3469 in
2982 3411 3395 3468 tabenaenluni
3417 3411 3667 3476 Domini,
3696 3422 3761 3469 et
3778 3428 3863 3484 ar

2269 3520 2288 3553 ι
2324 3499 2611 3570 prehendit
2656 3515 2830 3556 cornu
2879 3500 3095 3559 altaris.
3140 3501 3575 3573 Nuntiaqu
3619 3513 3719 3558 est
3758 3502 3861 3574 regi

2271 3611 2291 3645 ι
2328 3592 2606 3650 Salomoni
2636 3593 2787 3663 quod
2815 3591 3207 3666 fugissetJoab
3232 3594 3295 3650 in
3316 3595 3743 3650 Maculam
3768 3595 3861 3650 De.

2272 3702 2291 3736 c
2330 3684 2566 3752 mini,et
2606 3695 2751 3742 esset
2785 3683 2943 3754 juxta
2984 3686 3179 3743 altare.
3219 3685 3857 3758 meum

2272 3795 2291 3826 ε
2329 3775 2589 3833 Banaiam
2639 3776 2811 3835 ﬁlium
2849 3774 3091 3843 uada).
3129 3777 3319 3835 dicens
3354 3796 3372 3832 :
3416 3776 3591 3843 Vade,
3619 3776 3861 3833 inter!!!

2271 3884 2291 3916 ι
2330 3879 2479 3931 eum,
2512 3883 2531 3916 ι
2562 3872 2619 3920 et
2656 3865 2886 3936 reliqua.
2922 3864 3177 3937 Joabqui
3222 3867 3297 3924 ad
3321 3865 3859 3939 altuefugieuJI-

2267 3956 2428 4010 bente
2475 3951 2791 4023 Salomone,
2838 3955 3041 4017 ibidem
3094 3955 3419 4015 interfectus
3456 3968 3564 4023 cst,
3592 3957 3861 4028 signiﬁcat

2269 4044 2491 4101 Scribas
2516 4056 2572 4101 et
2590 4044 2923 4113 Pharisaeos,
2945 4063 3045 4105 seu
3064 4049 3361 4118 magistros
3378 4050 3631 4119 perveni
3648 4050 3859 4119 dog-I-

2270 4139 2340 4194 tis
2361 4137 2647 4195 haereticos
2674 4158 2688 4193 :
2716 4140 2808 4210 qui
2836 4144 2911 4197 ob
2934 4141 3039 4199 hoc
3064 4142 3209 4211 quod
3231 4142 3517 4214 proximus
3537 4156 3691 4207 nos,
3717 4142 3856 4197 vide»

2267 4230 2395 4287 licet
2434 4231 2855 4297 ecclesiasticos,
2898 4248 2996 4303 per
3040 4234 3271 4291 insidias
3308 4235 3613 4305 peris-unt,
3636 4235 3851 4290 eiectat

2268 4323 2387 4393 ipse
2423 4322 2587 4391 Joab,
2617 4323 2803 4381 Abaer
2842 4333 3005 4396 atque
3044 4325 3263 4383 Amasis
3284 4325 3487 4383 fecisse
3522 4326 3771 4397 legitur:
3798 4327 3857 4380 ὺ

2269 4414 2466 4472 altario
2499 4414 2623 4472 ﬁdei
2649 4416 2885 4487 expulsi,
2904 4424 3165 4489 perpetua
3194 4426 3377 4474 morte
3398 4417 3723 4489 punientur.

2347 4530 2367 4563 ‹
2401 4510 2571 4566 David
2589 4518 2774 4567 autem
2798 4519 2857 4567 et
2876 4510 3072 4568 semini
3101 4509 3221 4581 ejus
3250 4519 3309 4567 ct
3351 4510 3537 4567 domui
3564 4519 3625 4567 et
3650 4513 3853 4573 tre-lt

2278 4618 2296 4653 ι
2340 4598 2485 4656 illius
2505 4600 2576 4655 sit
2600 4614 2707 4670 pax
2738 4615 2917 4673 usque
2956 4600 3011 4657 in
3060 4601 3459 4673 setnpiternm
3479 4616 3515 4657 δ
3542 4601 3795 4659 Ησαίου.
3832 4618 3853 4651 ι

2272 4688 2387 4747 Hoc
2407 4699 2511 4757 est,
2539 4689 2761 4748 abolitis
2789 4690 3023 4760 ludatis,
3045 4693 3468 4763 exstirpatisqae
3492 4693 3787 4757 heretici,
3810 4698 3859 4745 et

2271 4783 2525 4839 omnibus
2560 4782 2765 4839 Christi
2799 4783 3035 4841 inimicis
3069 4783 3285 4853 deletis,
3317 4785 3563 4840 thro-us
3592 4783 3785 4848 David,
3812 4778 3861 4836 id

2271 4882 2355 4931 est
2385 4873 2647 4941 Ecclesia,
2657 4883 2864 4931 aster-na
2888 4889 3029 4945 pace
3044 4873 3235 4932 fruens
3255 4880 3478 4931 timeat
3500 4874 3559 4930 in
3578 4884 3859 4931 ctu-nn.

2348 4986 2367 5019 ι
2400 4965 2656 5037 Dixitque
2681 4964 2939 5022 Salomon
2962 4966 3032 5023 ad
3066 4965 3251 5023 Semei
3276 4982 3291 5021 :
3321 4964 3518 5022 Nonne
3550 4965 3863 5023 ωα-

2280 5079 2298 5110 ι
2336 5073 2457 5115 sum
2493 5057 2590 5113 tibi
2627 5072 2726 5129 per
2759 5058 3075 5125 Dominum,
3108 5067 3169 5115 et
3194 5056 3431 5129 ιιιωᾶὴὶ
3462 5057 3587 5125 tiri,
3634 5069 3863 5130 quc.»
3986 5056 3987 5105 ἲ

2279 5172 2297 5205 ‹
2336 5168 2442 5224 que
2480 5152 2567 5209 die
2599 5168 2856 5224 egressus
2881 5153 3011 5211 ieris
3044 5154 3181 5220 huc,
3206 5162 3269 5209 et
3304 5152 3455 5221 Hinc,
3484 5154 3639 5211 scito
3672 5162 3863 5209 tacut

2278 5264 2297 5295 ς
2337 5244 2695 5300 moriturum?
2728 5265 2748 5298 ι
2778 5245 3099 5317 Ρωοίρὶιυιυ
3127 5245 3284 5302 nobis
3322 5258 3355 5301 ι
3391 5258 3529 5301 vero
3556 5242 3861 5306 SM

2274 5337 2419 5394 sicut
2460 5346 2515 5393 ct
2556 5336 2797 5394 Semeia
2829 5336 3127 5396 Salonine
3167 5352 3315 5411 rege,
3350 5347 3423 5394 ut
3450 5337 3769 5394 habitem.
3812 5333 3863 5388 ‘-

2276 5428 2601 5499 Jerusalem,
2625 5445 2727 5487 nec
2750 5446 2995 5503 unquam.
3029 5432 3378 5505 egredimur
3400 5446 3473 5489 ex
3506 5446 3594 5488 es.
3645 5427 3801 5498 Quod
3820 5424 3867 5481 ὸ
3986 5424 3987 5505 ξ

2276 5522 2481 5594 fugerit
2500 5538 2622 5591 nos,
2650 5524 2703 5583 id
2729 5525 2879 5595 quod
2903 5524 3067 5583 uehis
3098 5524 3278 5583 fuerat
3303 5532 3441 5581 suae
3462 5521 3797 5595 saltim
3812 5524 3869 5573 α

2278 5616 2850 5692 ieritadAllophylos,
2894 5634 3004 5676 non
3033 5618 3379 5691 egreﬁmur
3418 5630 3609 5674 murus
3634 5609 3867 5672 ὠιὴὴ

2280 5716 2503 5781 nostra,
2532 5725 2634 5767 nec
2653 5725 2946 5783 sequamur
2984 5710 3337 5783 hgitivorum
3378 5708 3607 5781 vestigia
3634 5725 3651 5761 :
3676 5704 3864 5762 nulla

2281 5799 2533 5859 volumus
2567 5801 2781 5859 salvere
2805 5801 3095 5885 fugientes,
3124 5803 3233 5877 ipsi
3264 5816 3577 5876 pereamus.
3604 5798 3747 5868 Qui
3772 5807 3869 5867 PO-

2193 5936 2277 5968 τ,1
