4044 6336
185 317 314 374 397

1107 313 1362 372 ENARR.
1405 313 1472 374 IN
1511 313 1762 374 LIBROS
1799 311 2064 374 MGUM.
2105 343 2176 358 -—
2209 313 2278 372 ιδ
2315 313 2442 384 LIB,
2481 313 2566 374 ιιι.

185 435 322 488 tius
402 433 776 496 dimittamus,
841 437 902 483 ut
963 431 1160 484 mortui
1230 429 1494 500 sepeliant
1559 429 2256 496 mortuosAcogitationes
2305 429 2565 484 turbant:
2619 435 2678 482 ut
2717 445 2838 500 qua:
2879 431 3156 486 sublevate
3211 434 3478 492 immenso

185 539 342 578 suos
377 521 594 594 (Matth.
627 521 744 592 vnn)
777 539 788 576 :
815 529 868 576 et
911 519 1368 578 scandalizantcm
1415 515 1652 588 oculum,
1679 539 1796 576 ma-

187 635 370 684 num,
401 627 456 670 et
477 617 688 686 pedem,
713 611 840 670 dum
869 611 1027 680 licet,
1057 629 1314 670 eruamus
1335 623 1390 670 et
1417 611 1800 670 abscindamus

185 725 226 764 ει
255 707 432 764 nobis
455 703 648 780 (Marc.
685 705 786 780 Ix).

833 843 1062 902 CAPUT
1099 843 1182 900 Ill.

279 999 300 1030 ι
345 965 574 1050 Accepit
641 987 876 1052 namque
950 967 1202 1034 Salomon
1267 977 1436 1036 ﬁliam
1501 973 1800 1034 Pharaonis

193 1061 216 1124 ἀ
269 1071 430 1144 regis
459 1069 700 1144 Egypti.
737 1089 756 1126 ι
787 1063 924 1126 Filia
945 1065 1246 1128 Pharaonis
1273 1063 1436 1142 quam
1464 1071 1720 1128 Salomon
1745 1069 1800 1126 in

189 1163 470 1236 conjugio‘
499 1163 786 1235 copulavit,
823 1151 1120 1222 Ecclesiam
1159 1179 1226 1220 ex
1253 1153 1502 1235 gentibus
1541 1163 1800 1236 ﬁgurasse

191 1267 314 1308 non
353 1253 578 1308 dubium
611 1259 714 1309 est.

279 1361 300 1398 ι
343 1345 616 1416 Apparuit
637 1345 898 1402 Dominus
917 1335 1194 1402 Salomoni
1211 1361 1308 1416 per
1323 1347 1594 1402 somnium
1617 1355 1796 1408 nocte,

203 1455 224 1488 ι
269 1437 508 1494 dicens:
541 1437 758 1496 Postula
795 1437 940 1510 quod
969 1439 1052 1496 vis
1093 1449 1153 1496 ut
1189 1441 1312 1496 dem
1337 1441 1456 1496 tibi.
1487 1437 1548 1496 Et
1585 1441 1662 1494 ait
1697 1431 1798 1496 Sa-

201 1545 226 1580 c
267 1527 464 1584 lom'on
491 1547 504 1584 :
531 1529 612 1586 Tu
641 1529 812 1587 fecisti
848 1543 972 1586 cum
995 1547 1154 1588 servo
1183 1539 1274 1588 tuo‘
1303 1527 1470 1587 David
1501 1539 1654 1603 patre
1681 1541 1800 1586 meo

203 1635 226 1670 ι
271 1619 714 1676 misericordiam
763 1635 1034 1693 magnam,
1069 1637 1086 1674 ι
1126 1629 1178 1676 et
1221 1619 1447 1692 reliqua.
1491 1621 1676 1678 Gratia
1707 1611 1800 1678 Dei

199 1709 446 1766 liberum
475 1712 710 1768 hominis
735 1707 976 1783 exquirit
1001 1711 1304 1768 arbitrium.

1901 529 2124 573 munere
2175 517 2426 582 exsultat,
2477 518 2642 574 etiam
2671 519 2966 576 tentatione
3007 521 3218 590 pulsata
3243 525 3372 594 quid
3407 527 3482 582 sit

1899 603 2416 686 inveniat._ldcirco
2455 605 2584 678 quid
2623 607 2740 662 ista:
2791 607 2910 662 duae
2959 611 3274 668 meretrices
3319 613 3478 684 (quas

1899 695 2230 768 praelibando
2263 697 2536 770 tetigimus
2567 699 2862 756 secundum
2905 701 3048 770 quod
3099 703 3152 756 in
3199 701 3356 758 dictis
3381 705 3480 762 do-

1899 797 2112 846 ctorum
2141 789 2465 862 invenimus)
2505 791 2716 866 plenius
2757 793 3082 866 signiﬁcent,
3115 793 3354 866 pandere
3391 797 3476 852 de-

1901 883 2454 940 crevimus.Aitenim
2477 901 2646 942 sacrae
2669 871 2918 942 Historia:
2937 895 3252 944 contextus;
3281 909 3300 940 ‹
3327 885 3478 944 Tunc

1899 985 2164 1028 venerunt
2193 973 2310 1030 dum
2357 977 2610 1032 mulieres
2659 977 2976 1034 meretrices
3007 979 3076 1032 ad
3113 994 3290 1050 regem
3321 977 3478 1036 Salo-

1901 1079 2136 1130 monem,
2169 1073 2542 1137 steteruntque
2565 1083 2748 1124 coram
2781 1083 2868 1134 eo,
2903 1089 2924 1120 ›
2957 1079 3012 1126 et
3041 1070 3270 1140 reliqua.
3307 1069 3364 1126 In
3389 1071 3482 1126 illo

1900 1167 2030 1226 ergo
2055 1151 2257 1222 judicio
2281 1153 2607 1222 Salomonis,
2635 1155 2836 1212 Christi
2859 1159 3030 1228 ﬁgura
3053 1157 3152 1214 fuit
3175 1161 3266 1216 ubi
3287 1159 3482 1216 mulier

1901 1245 1990 1300 illa
2023 1245 2290 1316 improba,
2321 1247 2472 1318 plebs
2519 1247 2724 1304 scilicet
2762 1247 3060 1324 Synagoga':
3089 1251 3172 1306 vel
3199 1253 3482 1308 haeretico-

1901 1349 2040 1402 rum,
2075 1354 2216 1392 verae
2249 1340 2460 1406 matris,
2495 1339 2598 1396 hoc
2633 1349 2718 1396 est
2751 1341 3024 1408 Ecclesiae,
3069 1341 3236 1398 ﬁlium
3265 1353 3482 1414 appete-

1897 1427 2014 1496 bat,
2051 1445 2210 1504 quem
2255 1447 2360 1486 non
2389 1443 2450 1488 ut
2477 1443 2738 1498 servaret,
2769 1435 2860 1490 sed
2889 1451 3078 1490 revera
3105 1443 3162 1490 ut
3201 1435 3478 1490 interime-

1903 1509 2008 1588 ret,
2033 1521 2302 1590 cupiebat.
2329 1519 2434 1578 Sed
2457 1523 2616 1590 sicut,
2639 1523 2820 1594 gladio
2841 1523 3132 1581 dirimente
3153 1525 3481 1594 Salomonis,

1899 1611 2132 1680 preprire
2161 1613 2352 1668 matris
2387 1615 2618 1686 gemitu,
2649 1630 2812 1670 verus
2859 1625 3108 1686 repertus
3139 1625 3222 1672 est
3249 1625 3440 1688 partus
3465 1657 3482 1684 ,

1901 1693 1977 1756 ita
2005 1711 2060 1758 et
2089 1701 2278 1774 spiritu
2301 1701 2426 1760 Jesu
2459 1707 2660 1762 Christi
2689 1709 2938 1776 docente,
2969 1711 3284 1780 plerumque
3313 1711 3368 1766 hi
3391 1711 3484 1782 qui

279 1821 302 1854 ε
343 1793 414 1858 Et
459 1803 596 1858 dixit
647 1803 906 1858 Dominus
945 1803 1220 1858 Salomoni
1271 1821 1284 1856 :
1331 1801 1464 1870 Quia
1513 1801 1798 1872 postulasti
1829 1787 1876 1848 B
1904 1809 1936 1848 a
1963 1803 2136 1850 matre
2173 1797 2378 1852 seducti
2427 1805 2482 1852 et
2509 1797 2648 1868 capti
2689 1809 2818 1856 sunt
2843 1815 3034 1856 errore
3079 1801 3482 1868 haereticorum,

207 1911 228 1946 ι
263 1895 496 1950 verbum
529 1895 650 1962 hoc,
677 1895 856 1950 einen
873 1891 1078 1964 petiisti
1103 1893 1218 1949 dies
1249 1894 1464 1960 multos,
1511 1907 1612 1948 nec
1663 1885 1800 1948 divi-

209 2001 230 2036 ι
269 1985 400 2052 tias,
433 1993 530 2040 aut
579 1985 792 2042 animas
821 1975 1164 2042 inimicorum
1207 1995 1445 2052 tuorum,
1473 1987 1566 2042 sed
1617 1985 1800 2058 pos'tu-

207 2093 228 2128 ι
271 2077 398 2132 iasti
429 2077 526 2132 tibi
549 2079 876 2150 sapientiam
911 2077 978 2132 ad
1015 2077 1430 2134 discernendum
1457 2077 1740 2148 judicium.
1773 2097 1792 2130 ι

201 2167 534 2242 Quicunque
585 2169 698 2226 vult
754 2169 1052 2227 orationem
1103 2179 1256 2226 suam
1299 2179 1424 2226 ante
1479 2169 1646 2224 Deum
1691 2185 1798 2226 non

205 2259 496 2328 frustrari,
521 2263 624 2316 hoc
654 2263 726 2316 ab
771 2275 836 2316 eo
863 2262 1100 2332 postulet
1137 2261 1282 2331 quod
1313 2261 1566 2316 Salomon
1596 2261 1794 2332 (ιιιωεί-

201 2355 306 2422 vit,
331 2355 392 2410 id
407 2361 492 2410 est
537 2355 856 2426 sapientiam
895 2363 952 2411 et
997 2355 1276 2412 scientiam
1305 2363 1469 2426 atque
1493 2355 1798 2428 intelligen-

203 2443 362 2498 tiam.
411 2445 638 2502 Divitias
685 2459 814 2501 vero
853 2453 908 2502 et
957 2443 1182 2518 gleriam
1235 2445 1590 2516 temporalem
1633 2453 1796 2516 atque

207 2535 420 2592 animas
433 2535 798 2602 inimicorum,
823 2551 916 2592 seu
931 2535 1046 2592 dies
1068 2535 1328 2608 plurimos
1341 2537 1466 2592 vita:
1489 2535 1790 2606 praesentis,

209 2627 566 2696 reproborum
591 2635 674 2682 est
703 2641 965 2697 quaerere,
1001 2641 1104 2682 non
1133 2625 1448 2682 electorum.

287 2735 308 2768 ο
337 2717 396 2772 Si
421 2725 600 2774 autem
640 2711 998 2774 ambulaveris
1049 2717 1106 2772 in
1157 2717 1260 2772 viis
1310 2717 1466 2782 meis,
1519 2723 1572 2770 et
1615 2725 1795 2772 custo-

211 2825 230 2858 σ
269 2807 436 2862 dieris
473 2817 738 2880 praecepta
781 2817 926 2874 mea,
967 2807 1156 2878 longos
1211 2805 1406 2862 faciam
1437 2807 1550 2862 dies
1595 2815 1734 2862 tuos.
1773 2827 1790 2856 ι

207 2897 308 2954 Hic
333 2899 604 2970 praecipue
631 2907 800 2971 patet,
841 2901 966 2970 quia
1014 2899 1336 2972 sapientiam
1371 2909 1422 2954 et
1455 2891 1674 2954 divitias
1701 2913 1796 2952 seu

207 2989 436 3062 gloriam
463 2989 834 3060 temporalem,
864 2989 1028 3044 etiam
1053 2989 1270 3060 reprobi
1315 2987 1404 3044 hic
1451 2987 1504 3043 in
1541 2987 1796 3058 praesenti

205 3077 322 3132 vita
359 3079 564 3134 habere
589 3083 816 3150 possunt
854 3097 866 3132 :
903 3077 1090 3150 longos
1111 3093 1242 3133 vero
1275 3071 1413 3146 dies,
1445 3077 1500 3132 id
1527 3085 1612 3134 est
1631 3085 1792 3132 aeter—

1899 1901 2284 1958 nonnunquam
2335 1899 2614 1944 merentur
2665 1905 2762 1960 pro
2827 1891 3132 1962 semetipsis
3185 1903 3480 1964 gementes,

1901 1993 2288 2050 recognoscere
2317 1969 2616 2038 Ecclesiam
2653 1993 2900 2038 matrem.
2939 1985 3092 2040 Unde
3121 1995 3176 2040 et
3197 1987 3330 2042 satis
3353 2001 3484 2042 con—
3529 2009 3542 2022 κ

1899 2071 2290 2142 venienterque
2315 2082 2540 2144 apparet
2567 2075 2708 2130 hanc
2745 2061 3028 2132 mulierem
3060 2075 3360 2150 Synagogae
3397 2079 3484 2134 vel

1899 2159 2282 2220 haereticorum
2333 2165 2594 2238 ﬁgurasse
2645 2169 2978 2240 impietatem
3013 2189 3026 2224 :
3057 2187 3176 2242 qua:
3223 2187 3350 2228 suos
3393 2187 3490 2228 ne-

1899 2257 2080 2326 quiter
2106 2257 2392 2314 nutriendo
2423 2249 2706 2328 interimit,
2739 2269 2794 2316 et
2819 2261 3023 2318 alienos
3063 2277 3340 2332 quousque
3363 2279 3488 2334 per-

1899 2347 1992 2402 dat
2033 2347 2304 2404 illiciendo
2331 2352 2636 2420 persuadet.
2685 2353 2816 2406 item
2863 2351 2968 2408 alio
3007 2353 3188 2420 modo,
3221 2363 3486 2426 quantum

1899 2441 1966 2494 ad
1995 2441 2296 2514 simplicem
2345 2443 2630 2502 historiam
2685 2447 2952 2516 pertinet,
3001 2447 3348 2518 perspicuum
3403 2457 3488 2504 est

1901 2535 2046 2604 quod
2087 2549 2226 2604 puer
2263 2551 2528 2592 annorum
2572 2537 2860 2593 duodecim
2907 2545 3096 2594 contra
3145 2537 3324 2594 aetatis
3377 2555 3488 2594 sua:

1899 2643 2230 2692 mensuram,
2264 2627 2330 2682 de
2359 2627 2552 2684 intimo
2593 2629 2844 2684 humanae
2875 2637 3084 2684 natura:
3107 2629 3380 2698 judicaret
3408 2629 3490 2684 af-

1899 2717 2062 2774 fectu.
2101 2717 2252 2774 Unde
2289 2721 2426 2776 bene
2475 2720 2774 2774 admiratus
2803 2727 2886 2774 est
2920 2729 2976 2774 et
3005 2719 3284 2790 pertimuit
3333 2719 3482 2774 illum

1897 2811 2074 2866 omnis
2119 2811 2306 2878 Israel,
2340 2811 2482 2880 quod
2509 2811 2718 2866 scilicet
2739 2825 2861 2864 eum
2891 2811 3180 2866 manifesta
3211 2827 3316 2866 non
3339 2811 3486 2884 fuge-

1899 2911 2040 2968 rent,
2063 2903 2156 2972 qui
2185 2911 2294 2958 tam
2319 2903 2620 2972 prudenter
2661 2903 2976 2958 abscondita
3021 2903 3482 2974 deprehendisset.

1899 2997 2170 3068 Quantum
2223 2997 2290 3052 ad
2347 2997 2552 3068 typicos
2606 2999 2844 3068 pertinet
2899 2997 3206 3052 intellectus
3267 2997 3486 3056 dicente

1897 3089 2156 3168 Apostolo
2187 3109 2198 3142 :
2237 3107 2254 3140 ι
2292 3087 2418 3146 Haec
2437 3089 2620 3168 ornnia
2651 3089 2706 3146 in
2737 3091 2908 3162 ﬁgura
2949 3091 3338 3162 contingebant
3357 3091 3482 3146 illis.

205 3185 334 3226 nam
375 3169 784 3238 beatitudinem,
829 3169 1035 3242 absque
1075 3169 1453 3226 observatione
1511 3167 1793 3224 mandato-
1821 3151 1868 3214 Ο
1901 3151 2124 3252 εξειτίριλιὶ
2140 3191 2266 3238 sunt
2313 3191 2492 3238 autem
2537 3163 2604 3238 de
2631 3151 2810 3250 nobis;
2857 3183 2914 3238 in
3099 3151 3236 3238 ﬁgas
3261 3181 3484 3238 sgeculo-

207 3277 332 3316 rum
357 3261 454 3318 Dei
479 3261 698 3332 adipisci
721 3275 882 3318 nemo
903 3267 1101 3334 potest.

287 3395 304 3427 ι
341 3371 492 3431 Tunc
515 3383 780 3432 venerunt
817 3375 936 3430 dua:
987 3371 1240 3430 mulieres
1271 3371 1587 3428 meretrices
1615 3371 1684 3428 ad
1711 3387 1790 3426 re-

212 3485 232 3520 r
255 3481 382 3538 gem
405 3467 768 3534 Salomonem,
791 3473 1166 3536 steteruntque
1200 3479 1384 3520 coram
1431 3479 1515 3519 eo.
1551 3461 1792 3530 Quarum

211 3579 232 3610 ι
271 3575 376 3614 una
399 3559 474 3614 ait
505 3579 516 3612 :
547 3559 804 3626 Obsecro,
831 3557 902 3613 mi
945 3557 1194 3624 Domine,
1227 3571 1328 3630 ego
1369 3563 1424 3612 et
1451 3551 1644 3610 mulier
1679 3557 1792 3612 haec

213 3673 232 3706 ι
271 3653 580 3710 habitamus
613 3655 668 3708 in
707 3653 866 3708 domo
889 3667 1018 3718 una,
1065 3671 1082 3704 ι
1117 3659 1222 3706 etc.
1269 3643 1396 3704 Duae
1431 3637 1686 3704 mulieres
1709 3649 1788 3702 in-

211 3757 294 3800 ter
319 3759 452 3816 quas
485 3743 738 3802 Salomon
761 3745 994 3816 primum
1027 3743 1290 3814 judicium
1325 3757 1482 3798 suum
1521 3731 1786 3806 exercuit,

209 3853 438 3908 quarum
471 3855 574 3892 una
607 3837 892 3894 dilectione
919 3835 1162 3902 ardebat,
1205 3833 1258 3890 in
1305 3833 1476 3888 altera
1519 3831 1792 3890 simulatio

211 3931 562 4000 subripiebat,
591 3929 890 3985 Eeclcsiam
923 3937 1086 4000 atque
1125 3925 1434 3982 haereticam
1465 3925 1788 3994 pravitatem

213 4023 474 4094 ﬁgurasse
503 4041 610 4079 non
661 4019 880 4078 dubium
905 4031 1026 4078 est:
1065 4021 1208 4076 inter
1243 4035 1378 4092 quas
1417 4017 1678 4074 Dominus
1703 4017 1766 4074 ιθ

213 4129 306 4168 sus
325 4113 574 4170 Christus
617 4113 810 4184 spiritu
860 4111 970 4166 oris
1017 4109 1122 4176 sui,
1163 4107 1286 4166 dum
1337 4099 1390 4164 id
1417 4109 1558 4180 quod
1585 4105 1790 4176 justqu

212 4213 294 4260 est
323 4205 562 4270 dirimit,
621 4199 912 4276 unicuique
967 4199 1110 4274 quod
1155 4195 1380 4258 debetur
1421 4200 1676 4256 restituit.
1725 4189 1782 4252 Et

213 4297 346 4352 bene
371 4313 468 4366 per
493 4299 632 4352 hanc
663 4297 942 4351 mulierem
969 4295 1348 4350 haereticorum
1381 4291 1462 4346 vel
1491 4289 1790 4362 Synagogae

213 4387 372 4442 etiam
405 4387 656 4457 impietas
683 4383 993 4458 generatur,
1013 4393 1134 4456 qua:
1161 4393 1216 4439 et
1241 4399 1366 4438 suos
1401 4383 1652 4452 nequiter
1691 4397 1790 4434 nu-

213 4479 422 4533 triendo
455 4479 790 4542 interimunt,
815 4487 870 4532 et
899 4477 1104 4534 alienos
1131 4489 1412 4546 quousque
1439 4473 1690 4544 perdant,
1725 4473 1788 4526 il-

213 4569 444 4624 liciendo
489 4569 831 4638 persuadent.
873 4565 978 4622 Sed
1015 4567 1141 4638 quia
1185 4563 1360 4620 solent
1411 4571 1532 4634 post
1561 4563 1792 4618 virtutes

215 4661 340 4716 vitia
377 4661 606 4716 suboriri
649 4669 708 4716 ut
731 4661 897 4716 corda
935 4659 1216 4716 hominum
1261 4657 1518 4712 tentando
1553 4657 1788 4728 proben-

217 4765 322 4818 tur,
347 4769 412 4808 nc
449 4753 662 4810 animus
708 4753 760 4808 in
791 4753 1026 4808 culmine
1057 4751 1316 4806 virtutum
1347 4749 1652 4806 consistens
1675 4757 1790 4832 tau-

211 4863 370 4918 quam
401 4845 654 4902 Salomon
681 4849 732 4902 in
775 4861 940 4918 regno
971 4861 1038 4900 ex
1071 4845 1248 4916 seipso
1277 4843 1538 4916 glorietur
1563 4859 1576 4896 :
1611 4851 1666 4896 et
1685 4841 1790 4896 hoc

211 4939 556 5010 permittente
583 4937 694 4994 Deo
724 4939 814 5010 qui
839 4937 974 4993 lucis
995 4951 1106 4994 sua:
1133 4935 1494 4992 illustratione
1517 4934 1794 4988 illustrare

213 5033 482 5104 dignetur.
515 5015 586 5086 Ut
623 5033 750 5104 ergo
779 5013 852 5086 ea
897 5019 1168 5085 ﬁrmitatis
1197 5031 1338 5086 dona
1379 5027 1592 5090 habeat,
1627 5035 1683 5082 et
1715 5027 1794 5080 in-

215 5123 524 5176 ﬁrmitatem
573 5137 722 5178 suam
779 5119 1054 5176 humiliter
1089 5127 1348 5192 agnoscat
1383 5135 1481 5190 per
1515 5133 1792 5175 accessum

215 5217 398 5288 gratia:
439 5215 504 5270 ad
547 5215 654 5270 alta
697 5213 1002 5272 sustollitur
1039 5223 1094 5270 et
1133 5231 1228 5284 per
1265 5229 1536 5269 recessum
1577 5211 1706 5282 quid
1727 5227 1796 5266 ex

215 5299 390 5378 seipso
413 5307 486 5362 sit
515 5307 792 5378 probatur.
821 5305 974 5376 Quod
1001 5307 1054 5362 in
1087 5307 1204 5378 ipso
1239 5307 1666 5370 demonstratur,
1701 5303 1796 5374 qui

215 5397 468 5452 divinitus
506 5399 715 5468 accepit
771 5397 1110 5468 sapientiam,
1155 5407 1208 5452 et
1255 5405 1434 5452 tamen
1474 5403 1596 5466 post
1642 5411 1796 5450 acce-

215 5499 359 5562 ptam
387 5489 634 5548 eamdem
663 5491 1010 5562 sapientiam,
1041 5489 1272 5546 duarum
1293 5491 1636 5546 meretricum
1651 5505 1798 5560 qure-

217 5581 388 5638 stione
429 5581 672 5653 pulsatus
699 5589 800 5638 est.
835 5581 970 5650 Quia
1015 5581 1270 5638 nimirum
1315 5597 1456 5651 saepe
1489 5595 1612 5636 cum
1641 5595 1796 5634 men-

219 5687 324 5734 tem
367 5685 611 5734 nostram
641 5678 912 5734 concessis
947 5677 1254 5742 virtutibus,
1293 5685 1570 5744 respectus
1591 5674 1796 5728 intima:

218 5767 478 5840 largitatis
529 5767 840 5834 illuminat,
888 5767 1028 5822 hanc
1071 5769 1318 5838 protinus
1367 5765 1532 5818 etiam
1569 5763 1790 5818 lubricae

1895 3287 2014 3326 rum
2059 3271 2390 3328 devenerunt
2435 3271 2484 3343 (Ι
2525 3271 2646 3326 Cor.
2695 3271 2776 3342 x).
2809 3291 2830 3326 ι
2887 3271 3118 3340 Quidam
3165 3271 3482 3328 Graecorum

1893 3373 2176 3418 autumant
2235 3379 2396 3434 super
2457 3363 2800 3438 Synagogam
2869 3375 2924 3422 et
2985 3365 3288 3422 Ecclesiam
3357 3383 3482 3424 sen-

1895 3453 2134 3510 tiendum
2163 3497 2178 3522 ,
2223 3467 2278 3512 et
2325 3457 2392 3510 ad
2455 3455 2586 3514 illud
2629 3465 2840 3528 tempus
2903 3467 3096 3514 cuncta
3153 3457 3436 3516 referenda
3467 3499 3484 3524 ,

1893 3549 2110 3616 quando
2147 3555 2270 3620 post
2297 3565 2514 3604 crucem
2561 3557 2616 3604 et
2661 3551 3136 3618 resurrectionem,
3181 3561 3288 3608 tam
3327 3553 3380 3608 in
3407 3553 3484 3608 ls-

1897 3637 2010 3694 rael
2037 3655 2198 3710 quam
2231 3647 2286 3694 et
2335 3639 2652 3712 ingentium
2693 3639 2894 3710 populo
2923 3655 3082 3696 verus
3121 3639 3398 3708 Salomon,
3431 3643 3482 3698 id

1895 3739 1980 3786 est
1997 3731 2268 3800 paciﬁcus,
2301 3747 2528 3804 regnare
2556 3733 2802 3804 creperit.
2841 3733 2992 3802 Quod
3023 3743 3204 3790 autem
3227 3735 3486 3790 adultera:

1893 3829 1948 3876 et
1993 3823 2308 3878 meretrices
2359 3821 2642 3898 Synagoga
2685 3831 2740 3878 et
2781 3825 3024 3880 Ecclesia
3075 3823 3130 3880 in
3189 3825 3486 3896 Scripturis

1893 3912 2144 3968 dicantur
2169 3953 2186 3980 ,
2229 3913 2374 3968 nulla
2427 3913 2691 3970 dubitatio
2735 3925 2838 3982 est,
2885 3925 2942 3970 et
2971 3917 3075 3972 hoc
3101 3917 3278 3988 prima
3307 3917 3486 3972 fronte

1893 4003 2106 4058 videtur
2143 4019 2264 4060 esse
2307 4003 2700 4074 blasphemum.
2747 4005 3015 4062 Caeterum
3059 4008 3106 4062 si
3137 4023 3486 4064 recurramus

1893 4097 1960 4152 ad
1985 4098 2300 4168 prophetas,
2327 4099 2466 4154 Osce
2487 4097 2738 4154 videlicet
2755 4099 2892 4170 (cap.
2921 4091 2984 4170 ι),
3001 4101 3094 4170 qui
3119 4101 3330 4172 accepit
3351 4117 3484 4156 uxo-

1893 4205 2008 4246 rem
2045 4189 2410 4256 fornicariam,
2457 4201 2514 4246 et
2551 4193 2830 4262 generavit
2869 4193 3009 4250 ﬁlios
3059 4193 3404 4262 fornicarios,
3429 4205 3486 4250 et
3549 4207 3552 4212 '

1891 4280 2085 4336 deinde
2135 4279 2473 4334 adulteram:
2521 4289 2576 4336 et
2609 4281 2678 4336 ad
2708 4281 2962 4338 Ezechiel
3015 4283 3154 4354 (cap.
3205 4285 3350 4356 xw),
3389 4285 3484 4356 qui

1893 4369 2238 4426 Hierusalem
2281 4372 2438 4442 quasi
2485 4371 2832 4428 meretricem
2861 4373 3080 4446 arguit,
3121 4377 3266 4446 quod
3293 4383 3480 4430 secula

1895 4463 1966 4516 sit
2009 4471 2280 4520 amatores
2309 4479 2458 4530 suos,
2489 4473 2546 4520 et
2575 4465 2958 4522 divaricaverit
2985 4467 3132 4522 omni
3181 4469 3482 4524 transeunti

1897 4555 2060 4624 pedes
2093 4595 2108 4620 ,
2167 4555 2502 4626 lupanarque
2569 4557 2626 4610 in
2685 4556 2806 4612 loco
2873 4557 3074 4614 celebri
3127 4561 3480 4616 exstruxcrit.

1895 4645 2390 4702 Animadvertimus
2415 4645 2690 4702 Christum
2731 4649 2936 4704 idcirco
2957 4651 3170 4706 venisse
3197 4691 3214 4716 ,
3260 4661 3322 4708 ut
3371 4669 3482 4708 me-

1899 4735 2124 4790 retrices
2169 4737 2398 4791 donaret
2447 4737 2822 4802 matrimonio,
2869 4747 2924 4794 et
2981 4739 3190 4796 duobus
3231 4741 3484 4812 gregibus

1899 4843 2064 4882 unum
2107 4827 2246 4882 ovile
2299 4827 2504 4884 faceret
2569 4829 2854 4898 medioque
2927 4831 3136 4900 pariete
3209 4835 3484 4888 destructo

1899 4921 1952 4976 in
2001 4919 2218 4976 easdem
2269 4919 2456 4976 caulas
2525 4935 2656 4976 oves
2709 4923 2860 4990 prius
2915 4923 3190 4978 morbidas
3249 4937 3478 4994 congre-

1899 5023 2070 5086 garet.
2113 5014 2208 5070 Hae
2243 5023 2368 5070 sunt
2397 5015 2562 5090 virgas
2607 5033 2728 5088 quae
2763 5017 3066 5090 junguntur
3109 5019 3164 5072 in
3205 5015 3478 5082 Ezechiel,

1899 5119 1954 5164 et
2007 5111 2072 5166 de
2135 5109 2330 5180 quibus
2389 5124 2484 5180 per
2541 5111 2860 5166 Zachariam
2923 5111 3180 5168 Dominus
3243 5107 3406 5164 refert
3465 5127 3478 5162 :

1903 5223 1924 5260 ι
1959 5201 2028 5256 Ει
2065 5201 2332 5272 assumpsi
2361 5203 2490 5258 mihi
2517 5201 2650 5258 duas
2687 5203 2890 5274 virgas,
2919 5217 3078 5256 unam
3109 5201 3296 5254 vocavi
3317 5199 3472 5254 deco-

1899 5310 2038 5360 ram,
2079 5303 2134 5348 et
2173 5293 2396 5350 alteram
2425 5295 2612 5348 vocavi
2655 5293 2948 5348 funiculum
2975 5333 2990 5358 ,
3021 5299 3076 5346 et
3111 5291 3234 5362 pavi
3263 5305 3480 5362 gregem

1902 5381 2098 5457 (Zacli.
2143 5385 2262 5458 xu).
2299 5405 2318 5440 ι
2359 5385 2546 5440 Mulier
2575 5399 2790 5456 quoque
2815 5384 2906 5438 illa
2941 5381 3200 5438 meretrix
3227 5381 3280 5436 in
3305 5379 3480 5434 Evan-

1901 5479 2062 5552 gelio,
2091 5495 2212 5550 qua:
2231 5478 2356 5536 Jesu
2385 5479 2548 5550 pedes
2575 5477 2832 5550 lacrymis
2859 5475 3010 5540 lavit,
3045 5475 3196 5530 crine
3227 5471 3480 5544 detergit,

1899 5585 1954 5628 et
1987 5575 2074 5626 cui
2103 5581 2320 5642 peccata
2349 5573 2528 5626 omnia
2557 5571 2920 5628 dimittuntur,
2949 5565 3234 5620 manifeste
3269 5563 3476 5638 signiti-

1897 5677 1984 5722 cat
2013 5665 2310 5722 Ecclesium
2333 5665 2398 5718 de
2425 5663 2674 5734 gentibus
2699 5667 3100 5732 congregatam.
3129 5659 3252 5714 llaec
3281 5661 3480 5714 ideirco

1897 5763 1948 5816 in
1988 5763 2160 5832 prima
2183 5759 2358 5814 fronte
2381 5755 2652 5826 replicavi,
2669 5769 2736 5810 ne
2758 5753 2844 5810 cui
2867 5755 3110 5810 videatur
3131 5755 3480 5824 incongruum
