4044 6336
512 290 616 347 599
1533 279 1886 340 ANGELOMI
1925 277 2391 337 LUXOVIENSIS
2431 274 2736 333 MONACHI
3717 265 3830 321 ιω

515 403 562 458 si
584 401 901 457 meretrices
929 398 1198 466 dicantur,
1228 411 1460 468 quarum
1486 411 1594 452 una
1623 395 1932 451 Salomonis
1955 393 2100 464 judi—
2124 397 2180 458 Α
2203 408 2452 459 currere,
2493 391 2762 462 quomodo
2796 402 2894 459 per
2931 386 3235 458 apostolum
3286 385 3513 441 Paulum
3572 393 3644 438 et
3679 380 3828 438 alios

514 496 600 552 cio
637 494 734 552 ﬁlii
760 493 1104 566 possessione
1133 493 1334 548 donata
1363 499 1466 548 est.
1499 491 1744 547 Prudens
1771 496 1981 560 qumrat
2005 503 2101 543 au—
2203 484 2601 540 ecclesiasticos
2648 480 2810 551 viros!
2855 478 3182 535 intellexerit
3223 477 3469 534 Ecclesia
3532 490 3664 530 non
3697 488 3829 528 esse

514 586 681 653 ditor,
711 585 983 656 quomodo
1015 583 1278 639 meretrix
1308 581 1577 653 signiﬁcet
1621 581 1953 645 Ecclesiam,
1980 593 2100 648 quae
2201 585 2357 633 suum
2399 577 2567 632 ﬁlium
2597 575 2692 646 qui
2725 573 3013 632 tenebatur
3038 573 3094 628 in
3115 572 3255 644 lege,
3285 579 3342 628 et
3367 571 3425 626 in
3444 569 3574 626 luce
3598 583 3827 640 cogno-

515 691 624 732 non
655 676 821 732 habet
845 673 1116 731 maculam
1146 687 1323 744 neque.
1351 670 1713 742 rugam?Non
1744 671 1972 726 dicimus
1994 669 2098 724 Ec-
2124 746 2126 748 ν
2199 670 2342 725 verit
2390 684 2550 739 quem
2594 668 2650 722 in
2693 667 2932 723 tenebris
2973 681 3081 721 non
3105 664 3346 720 videbat.
3385 663 3518 719 Inde
3553 661 3826 734 iurgium

514 767 738 825 clesiam
759 765 1124 838 permansisse
1151 764 1516 829 meretricem,
1545 763 1642 819 sed
1666 761 1850 818 fuisse.
1882 759 2018 814 Nam
2047 765 2104 815 et
2200 768 2382 816 ortum
2407 769 2512 825 est,
2549 765 2818 829 praesente
2846 771 2994 828 rege,
3025 755 3196 812 altera
3223 754 3469 811 dicente:

517 861 759 947 Simonis
786 861 986 932 leprosi
1014 863 1172 917 domo
1195 859 1448 916 Salvator
1484 857 1742 914 scribitur
1766 855 1950 910 iniisse
1974 868 2103 908 con-
2279 889 2298 922 ε
2329 871 2500 928 Filius
2523 879 2649 926 mus
2674 878 2921 926 manuus
2945 878 3060 934 est;
3091 883 3250 925 meus
3291 875 3475 923 autem
3511 867 3694 921 vivit.
3741 866 3826 920 Al,

513 953 741 1010 νίνίυω·
781 952 979 1024 Utique
1005 968 1114 1008 ηοη
1148 951 1276 1022 quia
1319 950 1568 1020 1εευτοειιιε)
1593 955 1713 1002 erat
1755 961 1820 1002 θο
1862 955 2104 1014 ιθῐηροτθ
2207 983 2226 1008 ι
2262 971 2379 1018 tera
2401 963 2785 1033 respondente,
2832 961 3113 1018 mentiris:
3135 959 3282 1017 ﬁlius
3303 961 3503 1032 quippe
3525 973 3711 1016 meus
3747 959 3828 1013 vi-

514 1060 626 1114 quo
651 1043 887 1100 habebat
914 1043 1182 1114 hospitem
1204 1040 1561 1106 salvatorem:
1592 1039 1687 1094 sed
1710 1037 1838 1107 (lilia
1861 1036 2104 1125 ιθρτοξιιε
2208 1071 2228 1105 ι
2260 1053 2359 1120 vit,
2376 1053 2670 1110 ﬁlius‘tuus
2690 1062 2939 1109 mortuus
2961 1063 3097 1110 est.»
3128 1054 3307 1125 Atque
3326 1054 3384 1108 in
3404 1053 3559 1108 hunc
3581 1051 3823 1107 modum

515 1145 645 1192 ante
669 1134 867 1192 fuerat.
901 1133 1188 1189 Mattheus
1215 1145 1432 1203 quoque
1461 1131 1516 1186 in
1542 1127 1800 1199 Catalogo
1827 1123 2102 1196 apostolo-
2203 1143 2601 1200 contendebant
2629 1159 2814 1199 coram
2853 1158 2980 1214 rege
3010 1162 3024 1198 ε
3058 1152 3190 1200 ωηο
3216 1123 3334 1200 ’rex
3377 1142 3656 1198 Salomon
3695 1139 3824 1211 (qui

514 1243 638 1284 rum
676 1226 996 1299 publicanus
1025 1225 1255 1289 dicitur,
1287 1240 1395 1280 non
1420 1223 1566 1295 quod
1606 1218 1970 1292 permanserit
2000 1232 2104 1288 pu-

2214 1233 2489 1290 manifeste
2549 1233 2800 1290 Salvator
2853 1234 3122 1306 accipitur
3169 1235 3470 1291 secundum
3527 1232 3824 1304 psalmum

511 1316 760 1405 blicanus
804 1324 927 1388 post
972 1315 1330 1388 apostolicam
1389 1314 1741 1386 dignitatem,
1806 1310 1901 1366 sed
1959 1307 2106 1379 quod

2214 1325 2658 1398 septuagesimum
2685 1325 2942 1396 primum,
2975 1325 3131 1397 cujus
3164 1327 3354 1382 titulus
3399 1323 3703 1380 Salomoni
3739 1322 3824 1376 in-

512 1402 868 1479 prius-fuerat
893 1408 1258 1479 publicanus:
1294 1425 1314 1458 ι
1351 1415 1410 1461 ut
1437 1406 1529 1460 ubi
1571 1402 1868 1460 abundavit
1907 1416 2103 1470 pecca-

512 1417 868 1479 prius-fuerat
893 1417 1258 1479 publicanus:
1294 1425 1314 1458 ι
1351 1417 1410 1461 ut
1437 1417 1529 1460 um
1571 1417 1868 1460 abundavit
1907 1417 2103 1470 pecca-

511 1509 628 1558 tum
654 1540 670 1566 ,
722 1499 1190 1570 superabundaret
1229 1497 1402 1569 gratia
1431 1494 1602 1568 (Rom.
1632 1494 1736 1566 vr).
1768 1515 1789 1548 ›
1825 1491 2106 1561 Simulque

2214 1420 2480 1486 scribitur,
2521 1419 2614 1474 ubi
2637 1417 2782 1473 nulla
2826 1419 3090 1474 dubitatio
3131 1427 3218 1474 est
3259 1419 3391 1490 quin
3437 1424 3660 1474 cuncta
3701 1430 3824 1484 qua:

2214 1512 2482 1570 dicantur,
2505 1525 2615 1566 non
2643 1509 2924 1566 Salomoni
2950 1519 3164 1566 mortuo
3200 1551 3214 1570 .
3244 1509 3342 1566 sed
3366 1508 3580 1564 Christi
3610 1521 3822 1562 conve-

2205 1512 2482 1577 dicantur,
2505 1525 2615 1566 non
2643 1509 2924 1566 Salomoni
2950 1519 3164 1566 mortuo
3200 1551 3214 1576 ,
3244 1509 3342 1566 sed
3366 1508 3580 1564 Christi
3610 1521 3822 1562 conve-

512 1590 798 1648 considera
847 1590 982 1662 quid
1028 1590 1172 1646 dicat
1212 1587 1458 1645 Ecclesia
1519 1594 1733 1658 contra.
1759 1583 2105 1656 Synagogam

2214 1605 2360 1660 aiant
2397 1603 2706 1677 maiestati)
2746 1603 2967 1660 simulat
3003 1605 3366 1676 ignorantiam
3402 1612 3459 1658 et
3493 1603 3822 1664 humanos,

511 1681 1005 1738 calumniatricem.

2214 1714 2305 1769 pro
2335 1697 2738 1769 dispensatione
2781 1698 2996 1764 carnis,
3028 1698 3293 1754 mentitur
3329 1695 3583 1754 affectus.
3639 1693 3823 1750 Sicuti

589 1791 610 1825 ⁴
639 1772 755 1844 Ego
778 1780 835 1828 ⁸⁸
861 1770 1057 1827 mulier
1083 1773 1202 1827 haec
1234 1769 1613 1826 habitabamus
1645 1769 1699 1824 in
1727 1769 1886 1824 domo
1915 1782 2040 1822 “m-
2074 1783 2092 1817 ’
2125 1763 2176 1823 Β
2204 1763 2262 1843 et
2281 1787 2336 1842 in
2363 1763 2471 1842 alio
2496 1787 2635 1843 loco.
2659 1806 2678 1839 ι
2699 1785 2803 1842 Ubi
2831 1787 3088 1856 posuistis
3117 1785 3425 1842 Lazarum?
3451 1805 3470 1838 ι
3503 1785 3578 1840 Et
3594 1783 3676 1839 ad
3703 1800 3824 1838 mu-

478 1897 482 1899 »
513 1865 645 1921 Post
671 1863 1134 1920 resurrectionem
1183 1863 1329 1918 enim
1371 1861 1584 1918 Domini
1619 1859 1916 1916 Salvatoris
1940 1900 1954 1924 ,
1996 1872 2102 1912 una
2203 1879 2392 1935 “eum
2420 1879 2683 1935 ﬂuentem
2709 1879 2973 1950 sanguine
3003 1897 3015 1932 ε
3052 1899 3069 1931 ι
3105 1879 3238 1947 Quis
3263 1895 3355 1935 me
3381 1879 3607 1949 tetigit?
3633 1897 3660 1930 ι
3695 1876 3824 1932 Ch,

518 1959 586 2014 de
611 1965 846 2028 utroque
865 1957 1063 2028 populo
1080 1965 1404 2027 congregata
1427 1962 1529 2010 est.
1546 1953 1616 2008 Et
1637 1967 1800 2022 quam
1829 1951 2105 2021 eleganter

517 2054 799 2111 Ecclesia:
839 2072 860 2107 ι
898 2052 1114 2124 Peperi,
1149 2051 1347 2122 inquit,
1378 2049 1520 2120 apud
1548 2065 1669 2105 eam
1697 2049 1754 2104 in
1779 2047 2048 2105 cubiculo.
2080 2065 2098 2098 ι

514 2148 760 2205 Ecclesia
786 2147 932 2204 enim
965 2146 1032 2202 de
1076 2143 1328 2216 gentibus
1353 2183 1368 2209 ,
1408 2156 1529 2212 qua:
1557 2155 1664 2196 non
1694 2139 1930 2195 habebat
1954 2137 2105 2207 prius

513 2240 688 2311 legem
723 2247 781 2294 et
805 2237 1122 2310 prophetas,
1152 2233 1364 2304 peperit
1387 2233 1444 2287 in
1475 2234 1635 2288 domo
1661 2229 1979 2302 Synagogae,
2005 2242 2105 2282 nec

517 2344 738 2402 egressa
757 2335 842 2384 est
863 2327 931 2382 de
959 2324 1208 2382 cubiculo
1230 2363 1248 2390 ,
1279 2323 1376 2380 sed
1401 2323 1652 2393 ingressa
1682 2338 1694 2373 :
1730 2318 1884 2374 Unde
1909 2317 2107 2372 dicitur

514 2425 573 2478 in
593 2421 820 2478 Cantico
847 2419 1224 2476 canticorum:
1249 2432 1268 2465 ι
1295 2411 1603 2469 Introduxit
1635 2425 1724 2465 me
1747 2423 1843 2464 rex
1873 2408 1926 2462 in
1957 2406 2107 2462 cubi-

515 2513 698 2570 culum
740 2527 899 2569 suum
945 2509 1124 2582 (Cant.
1157 2507 1264 2578 ιιι).
1298 2524 1318 2558 ι
1375 2504 1443 2560 Et
1491 2505 1742 2570 iterum:
1795 2520 1813 2551 ι
1842 2498 2106 2568 Equidem

513 2623 624 2664 non
645 2611 990 2677 spernentem
1013 2613 1298 2657 assumens
1319 2637 1334 2663 ,
1358 2595 1702 2651 introducam
1728 2601 1782 2647 te
1803 2593 1859 2646 in
1887 2592 2106 2646 domum

513 2697 708 2754 matris
747 2679 885 2750 mea:
936 2700 992 2748 et
1029 2691 1088 2746 in
1129 2685 1438 2744 cubiculum
1464 2685 1582 2755 ejus
1603 2697 1723 2753 qua:
1745 2681 1991 2750 concepit
2021 2694 2108 2734 me

515 2785 691 2858 (Cant.
718 2783 862 2856 Vill).
892 2803 912 2836 ›

587 2899 609 2934 ι
637 2866 852 2936 Tertia"
864 2885 1044 2933 autem
1069 2875 1158 2930 die
1181 2880 1470 2944 postquam
1494 2884 1596 2942 ego
1626 2868 1809 2940 peperi
1843 2907 1858 2932 ,
1899 2863 2110 2936 peperit

519 2992 538 3025 ι
574 2981 632 3028 et
659 2973 796 3028 haec.
828 2989 849 3023 ›
898 2968 958 3025 Si
1005 2967 1318 3024 consideres
1345 2963 1580 3020 Pilatum
1613 2961 1887 3016 lavantem
1915 2973 2108 3012 manus

518 3073 685 3135 atque
713 3063 987 3118 dicentem
1016 3079 1032 3114 :
1084 3077 1103 3112 ι
1135 3059 1368 3114 Mundus
1401 3071 1501 3126 ego
1527 3069 1648 3110 sum
1675 3069 1707 3106 a
1742 3051 2001 3123 sanguine
2022 3048 2110 3118 ju-

2204 1971 2352 2027 dium
2383 1971 2621 2042 postulat
2647 1971 2712 2028 de
2743 1987 2850 2042 quo
2881 1972 3095 2027 dixerat
3122 2013 3137 2038 ,
3182 1972 3354 2028 nolite
3376 1981 3571 2042 putare
3598 2013 3617 2036 ,
3673 1970 3822 2041 quod

2204 2063 2446 2118 venerim
2472 2078 2662 2134 pacem
2692 2063 2909 2119 mittere
2951 2063 3008 2118 in
3037 2071 3240 2120 terram
3273 2082 3286 2118 :
3323 2083 3342 2117 ‹
3374 2063 3492 2118 Non
3521 2063 3666 2118 veni
3697 2063 3822 2116 mit-

2207 2167 2320 2213 tere
2345 2171 2532 2228 pacem
2565 2157 2660 2212 sed
2681 2156 2920 2228 gladium
2939 2156 3158 2228 (Matth.
3183 2157 3296 2230 1).:
3325 2157 3458 2214 Veni
3486 2158 3652 2213 enim
3675 2156 3818 2210 divi-

2205 2248 2334 2302 dere
2359 2247 2636 2302 hominem
2667 2255 2860 2302 contra
2887 2255 3100 2317 patrem
3131 2262 3312 2312 suum,
3339 2257 3394 2303 et
3415 2247 3588 2302 ﬁliam
3616 2257 3817 2302 contra

2206 2345 2442 2390 matrem
2469 2343 2720 2402 suam,et
2747 2350 2942 2391 nurum
2964 2343 3154 2391 contra
3177 2351 3395 2392 socrum
3417 2351 3600 2400 suam,
3629 2345 3695 2390 et
3717 2335 3819 2389 ini-

2206 2423 2333 2478 mici
2386 2423 2624 2479 hominis
2669 2423 2953 2480 domestici
3003 2422 3150 2493 ejus;
3209 2432 3266 2480 et
3320 2432 3494 2482 tentat
3544 2433 3816 2480 naturam

2207 2523 2416 2569 natura:
2445 2513 2726 2577 Dominus,
2771 2513 2995 2585 vultque
3037 2515 3332 2571 secundum
3373 2517 3677 2586 utriusque
3720 2532 3816 2570 vo-

2210 2607 2494 2674 luntatem,
2525 2607 2795 2662 viventem
2824 2607 2995 2664 ﬁlium
3021 2608 3074 2663 in
3095 2609 3267 2680 legem
3291 2610 3462 2681 gratia
3473 2625 3654 2679 mque
3677 2610 3818 2665 divi-

2209 2696 2338 2751 dere
2365 2713 2380 2752 :
2408 2711 2516 2751 non
2547 2711 2656 2766 quo
2679 2696 2784 2752 hoc
2818 2697 3014 2767 probet
3040 2739 3056 2763 ,
3086 2697 3184 2754 sed
3213 2714 3320 2768 quo
3345 2714 3466 2756 eam
3493 2700 3815 2771 adargnat,

2209 2795 2267 2842 et
2294 2787 2562 2842 viventem
2593 2802 2700 2842 non
2744 2788 2848 2844 nisi
2878 2803 2975 2858 per
3001 2789 3331 2860 baptismum
3368 2791 3594 2847 liberari
3623 2801 3817 2847 osten-

2212 2879 2320 2934 dat.
2349 2877 2608 2934 Libenter
2634 2879 2806 2934 voluit
2831 2879 2997 2935 dividi
3022 2893 3250 2950 puerum
3277 2897 3382 2938 non
3415 2890 3475 2937 ut
3499 2883 3813 2953 possideat,

2213 2970 2308 3026 sed
2341 2979 2403 3024 ut
2428 2970 2741 3026 interﬁciat.
2789 2971 3033 3027 Ecclesia
3079 2988 3240 3043 quem
3265 2973 3369 3029 scit
3393 2989 3554 3030 suum
3585 2990 3724 3030 esse
3749 2975 3814 3028 li-

2214 3064 2406 3118 benter
2437 3062 2686 3118 concedit
2712 3063 2946 3129 aemulai,
2980 3063 3107 3118 dum
3139 3065 3290 3119 vivat
3316 3063 3510 3120 saltem
3539 3065 3695 3134 apud
3723 3065 3813 3120 ad-

516 3158 588 3214 sti
614 3156 776 3228 hujus
791 3154 1007 3226 (Matth.
1026 3153 1224 3223 xxvu).
1253 3169 1272 3202 ι
1295 3149 1354 3206 Si
1367 3148 1738 3205 centurionem
1754 3154 1879 3200 ante
1900 3143 2107 3214 patibu-
2135 3114 2182 3178 ο
2213 3153 2540 3221 versarium,
2561 3169 2631 3209 ne
2656 3155 2800 3210 inter
2827 3153 2999 3225 legem
3030 3137 3238 3210 divisus
3273 3165 3328 3211 ει
3350 3114 3600 3228 suum;
3612 3155 3812 3211 Salva.

515 3249 629 3304 lum
661 3245 1012 3302 conﬁtentem
1041 3261 1054 3295 :
1096 3259 1115 3293 ι
1143 3241 1287 3295 Vere
1322 3238 1412 3294 hic
1434 3245 1553 3292 erat
1570 3235 1740 3291 Filius
1766 3233 1863 3288 Dei
1887 3230 2101 3302 (Matth.

518 3337 736 3410 xxviii).
769 3358 788 3390 ι
836 3336 895 3392 Si
919 3349 1014 3391 eos
1056 3333 1150 3405 qui
1178 3339 1305 3387 ante
1323 3327 1631 3400 passionem
1660 3341 1758 3397 per
1798 3323 2104 3393 Philippum

517 3430 808 3488 Dominum
833 3427 1021 3483 videre
1056 3423 1401 3484 desiderant,
1430 3417 1578 3474 haud
1601 3415 1832 3488 ambigis
1871 3414 2105 3485 primam

517 3522 796 3596 peperisse
821 3519 1151 3582 Ecclesiam,
1182 3522 1238 3570 et
1272 3519 1463 3585 postea
1507 3517 1693 3563 natum
1724 3506 1982 3578 populum
2011 3503 2108 3558 Ju-

521 3615 760 3672 dteorum
782 3654 799 3680 ,
837 3627 940 3683 pro
966 3623 1076 3682 quo
1129 3603 1393 3661 Dominus
1437 3598 1762 3672 precabatur
1812 3613 1824 3649 :
1870 3615 1888 3647 ‹
1921 3596 2104 3660 Pater,

522 3705 894 3779 ignosceillis,
920 3701 1066 3779 quod
1085 3699 1232 3756 enim
1259 3695 1466 3751 faciunt
1501 3691 1786 3756 nesciunt;
1829 3709 1846 3740 ι
1889 3701 2108 3757 unaque

520 3777 608 3854 die
632 3777 990 3854 crediderunt
1010 3792 1117 3848 tria
1147 3787 1354 3852 millia,
1394 3795 1449 3842 et
1487 3785 1593 3840 alia
1632 3783 1873 3854 quinque
1917 3779 2101 3834 millia.

527 3907 545 3939 ι
574 3883 936 3942 Multitudinis
967 3893 1149 3937 autem
1170 3875 1508 3934 credentium
1529 3881 1650 3928 erat
1678 3870 1857 3925 anima
1888 3884 2016 3935 una,
2055 3876 2111 3920 et

522 3994 620 4036 cor
651 3992 818 4033 unum
841 3975 994 4048 (Act.
1023 3971 1130 4046 Iv).
1162 3989 1182 4023 ι
1211 3999 1283 4010 -
1307 3987 1326 4022 ‹
1353 3967 1586 4022 Eramus
1612 3963 1799 4027 simul,
1825 3961 2110 4030 nullusque

529 4091 547 4122 (
580 4069 720 4126 alius
743 4068 800 4122 in
829 4066 988 4123 domo
1022 4063 1305 4120 nobiscum
1326 4101 1342 4126 ,
1371 4057 1614 4128 exceptis
1649 4055 1807 4110 nobis
1830 4053 2058 4109 duabus.
2084 4071 2104 4104 ι

522 4159 643 4217 Non
666 4156 1163 4229 blasphemantium
1191 4152 1524 4218 Judaeorum,
1550 4163 1662 4204 non
1689 4145 1970 4216 gentilium
1991 4144 2110 4200 ido-

524 4253 593 4310 lis
619 4251 990 4310 servientium.

600 4362 620 4395 ι
652 4341 896 4400 Mortuus
935 4347 1020 4396 est
1042 4338 1190 4394 enim
1217 4336 1360 4392 ﬁlius
1391 4335 1637 4390 mulieris
1685 4331 1850 4403 hujus
1879 4339 2056 4385 nocte.
2088 4347 2106 4378 ›

2209 3245 2344 3300 toris
2389 3260 2650 3302 mucrone
2694 3245 2937 3301 feriatur.
2995 3244 3150 3300 Unde
3191 3246 3324 3302 dicit
3371 3255 3426 3302 et
3468 3246 3808 3317 Apostolus:

2215 3354 2234 3390 ι
2268 3336 2410 3392 Ecce
2427 3352 2528 3408 ego
2543 3336 2742 3394 Paulus
2763 3337 2886 3392 dico
2915 3336 3088 3403 vobis,
3107 3339 3253 3408 quod
3275 3338 3320 3394 si
3342 3338 3518 3410 legem
3545 3339 3811 3394 observa-

2209 3428 2300 3493 tis,
2327 3426 2578 3485 Christus
2602 3427 2760 3485 vobis
2781 3427 2916 3482 nihil
2937 3429 3157 3498 prodest
3184 3426 3326 3500 (Gat.
3358 3429 3436 3500 v).
3472 3448 3490 3480 ι
3527 3430 3671 3485 Item
3706 3430 3808 3485 alio

2212 3522 2372 3578 modo
2397 3539 2411 3576 :
2441 3521 2583 3590 Quid
2610 3522 2665 3577 in
2687 3522 2792 3578 hac
2816 3521 3084 3578 sententia
3111 3521 3305 3577 melius
3335 3537 3432 3592 per
3459 3530 3708 3577 matrum
3729 3524 3805 3576 la-

2210 3613 2478 3668 ctantium
2525 3613 2782 3678 nomina,
2826 3611 2932 3666 nisi
2964 3600 3248 3666 doctorum
3288 3597 3465 3668 ordo?
3503 3611 3644 3679 Quid
3678 3627 3807 3668 rem

2212 3717 2308 3772 per
2336 3718 2525 3759 earum
2565 3701 2737 3767 ﬁlios,
2772 3701 2878 3757 nisi
2908 3701 3295 3771 discipulorum
3323 3717 3559 3773 persona
3595 3703 3804 3773 signiﬁ-

2212 3793 2411 3848 catur?
2459 3791 2598 3847 Nam
2651 3791 2898 3862 magistri
2954 3791 3212 3846 nimirum
3264 3792 3555 3862 vigilantes
3582 3795 3802 3862 quidem

2213 3885 2439 3940 scientia
2459 3885 2556 3940 sed
2577 3884 2688 3938 vita
2711 3883 3062 3950 dormientes,
3093 3885 3369 3940 auditores
3390 3901 3518 3941 suos
3542 3901 3683 3956 quos
3711 3901 3805 3956 per

2213 3975 2428 4047 vigilias
2447 3973 2855 4046 praedicationis
2882 3975 3151 4040 nutriunt,
3177 3976 3304 4031 dum
3327 3977 3475 4046 quod
3503 3976 3693 4032 dicunt
3720 3975 3801 4030 fa-

2215 4082 2338 4123 cere
2381 4067 2682 4138 negligunt,
2709 4081 2808 4137 per
2840 4081 3088 4122 somnum
3124 4068 3385 4139 temporis
3411 4069 3708 4134 occidunt,
3752 4077 3802 4124 ct

2215 4157 2533 4229 negligendo
2562 4157 2875 4228 opprimunt
2899 4173 3036 4227 quos
3067 4157 3213 4214 alere
3238 4161 3532 4216 verborum
3558 4161 3696 4216 lacte
3725 4162 3801 4216 vi-

2216 4247 2502 4303 debantur.
2532 4247 2686 4304 Unde
2713 4247 3034 4318 plerumque
3075 4249 3198 4304 dum
3227 4249 3330 4319 ipsi
3356 4251 3798 4320 reprehensibili—

2218 4345 2300 4393 ter
2322 4338 2512 4392 vivunt
2539 4345 2595 4392 et
2629 4337 2832 4394 habere
2859 4337 3151 4408 discipulos
3193 4340 3319 4396 vitae
3360 4340 3666 4398 laudabiles
3705 4357 3795 4396 ne-

525 4436 665 4491 Dum
703 4433 848 4489 enim
886 4431 1022 4502 legis
1067 4428 1312 4499 sequitur
1351 4423 1752 4482 observantiam
1792 4430 1849 4476 et
1881 4420 2109 4492 gratiam

2218 4439 2443 4502 queunt,
2492 4431 2698 4486 alienos
2744 4431 2846 4486 sibi
2878 4433 3156 4487 attrahere
3187 4442 3457 4490 conantur
3479 4474 3496 4500 ,
3537 4443 3798 4505 quatenus

526 4526 805 4600 Evangelii
828 4494 970 4596 iugo
985 4494 1236 4579 Mosaicae
1277 4519 1539 4576 doctrina:
1579 4515 1836 4587 copulat,
1863 4514 2109 4570 tenebra-

2218 4494 2346 4578 dum
2370 4494 2544 4576 bonos
2567 4535 2625 4575 se
2655 4521 2861 4576 habere
2902 4537 3166 4593 sequaces
3194 4494 3527 4591 ostendunt,
3555 4494 3694 4596 apud
3717 4525 3796 4593 juo

525 4635 648 4676 rum
674 4630 864 4675 errore
905 4623 1160 4685 cooperta
1201 4620 1304 4668 est.
1343 4629 1361 4662 ‹
1398 4608 1787 4680 Oppressitque
1812 4621 1935 4662 eum
1983 4604 2112 4660 dor-

528 4710 702 4766 miens
725 4714 902 4763 mater
937 4718 1056 4759 sua.
1095 4721 1113 4755 ι
1147 4701 1277 4768 Quae
1301 4714 1409 4754 non
1443 4704 1656 4769 poterat
1685 4698 1867 4752 dicere
1906 4715 1918 4750 :
1956 4715 1974 4747 ‹
2002 4695 2114 4765 Ego

527 4799 738 4856 dormio
760 4805 818 4852 et
843 4809 938 4851 cor
959 4807 1139 4849 meum
1166 4789 1352 4862 vigilat
1380 4786 1557 4862 (Cant.
1590 4789 1665 4860 v).
1703 4808 1720 4838 ι
1756 4787 1930 4844 Media
1957 4795 2115 4843 nocte

527 4905 884 4962 consurgens,
914 4887 1039 4942 tulit
1062 4885 1234 4940 ﬁlium
1259 4885 1327 4938 de
1354 4883 1526 4938 latere
1548 4881 1806 4937 Ecclesiae
1837 4882 2112 4937 dormien-

532 4985 620 5050 tis,
647 4991 705 5039 et
741 4982 799 5038 in
827 4995 925 5038 suo
955 4977 1238 5035 collocavit
1273 4977 1417 5032 sinu.
1453 4975 1652 5044 Relege
1679 4983 1846 5030 totam
1878 4974 2116 5044 Apostoli

530 5077 601 5133 ad
637 5075 860 5132 Galatas
881 5073 1179 5145 Epistolam
1211 5079 1266 5127 et
1301 5069 1696 5126 animadvertes
1730 5067 1999 5138 quomodo
2051 5068 2116 5121 li-

531 5169 635 5228 lios
661 5169 919 5228 Ecclesia:
946 5182 1074 5225 suos
1095 5167 1274 5222 facere
1305 5163 1526 5219 festinet
1552 5159 1856 5234 Synagoga.
1885 5160 1950 5214 Et
1972 5161 2117 5216 dicat

531 5261 822 5334 Apostolus
859 5279 873 5315 :
917 5279 936 5313 ι
965 5257 1140 5315 Filioli
1170 5257 1278 5312 mei
1315 5270 1450 5325 quos
1486 5255 1682 5309 iterum
1719 5253 1993 5324 parturio,
2024 5254 2116 5308 do-

533 5368 638 5411 nec
663 5354 928 5411 formetur
951 5351 1201 5408 Christus
1236 5350 1289 5404 in
1321 5348 1476 5404 vobis
1507 5344 1650 5418 (Gal.
1689 5349 1783 5419 ιν).
1810 5367 1828 5398 ›

612 5461 634 5494 ‹
658 5444 854 5499 Vivum
883 5442 1022 5498 tulit.
1059 5461 1077 5494 ι
1113 5439 1231 5496 Νοη
1257 5447 1319 5493 ut
1343 5436 1670 5509 possideret,
1697 5437 1790 5492 sed
1818 5446 1880 5490 ut
1903 5437 2118 5492 occide-

535 5543 624 5590 ret
643 5552 657 5589 :
679 5534 798 5590 Non
811 5537 955 5591 enim
979 5551 1163 5592 amore
1191 5534 1321 5591 fecit
1348 5535 1450 5589 hoc
1474 5532 1589 5598 ﬁlii,
1617 5533 1710 5588 sed
1738 5531 1946 5587 aemula:
1972 5531 2120 5596 odio,

538 5633 596 5680 et
619 5641 778 5681 suum
800 5635 1070 5682 mortuum
1099 5642 1196 5696 per
1222 5626 1357 5698 legis
1391 5624 1743 5680 caeremonias
1781 5625 1833 5678 in
1873 5625 1993 5679 sinu
2020 5623 2122 5679 Ec-

541 5716 721 5774 clesia;
759 5718 1054 5789 supposuit.
1097 5718 1339 5789 Longum
1381 5727 1466 5774 est
1505 5718 1548 5773 si
1582 5715 1740 5772 velim
1782 5733 1879 5786 per
1909 5718 2118 5789 singula

2218 4612 2361 4668 dicia
2379 4611 2660 4667 hominum
2683 4622 2944 4669 excusent
2968 4614 3108 4669 mala
3140 4631 3259 4685 qua:
3298 4626 3466 4687 agunt
3505 4637 3519 4671 :
3565 4627 3622 4674 et
3654 4619 3794 4688 quasi

2219 4703 2556 4759 subditorum
2601 4705 2712 4758 vita
2762 4703 3102 4761 mortiferam
3148 4715 3336 4777 tegant
3395 4709 3790 4780 negligentiam.

2221 4796 2374 4853 Unde
2398 4806 2455 4852 et
2481 4796 2592 4852 illic
2621 4797 2818 4852 mulier
2847 4813 2968 4868 quae
3009 4799 3178 4856 ﬁlium
3205 4801 3469 4857 exstinxit
3490 4804 3791 4874 proprium.

2220 4888 2468 4960 quaesivit
2525 4889 2782 4944 alienum.
2831 4887 2940 4946 Sed
2986 4903 3174 4947 veram
3212 4901 3448 4950 matrem
3499 4893 3796 4951 Salomonis

2221 4978 2428 5050 gladius
2454 4977 2692 5044 invenit,
2743 4979 2868 5049 quia
2887 4979 3158 5048 videlicet,
3200 4982 3356 5054 cujus
3381 4983 3597 5041 fructus
3627 4986 3793 5048 vivat.

2220 5072 2305 5127 vel
2341 5072 2494 5141 cujus
2537 5074 2803 5140 intereat,
2849 5081 3097 5131 extremo
3117 5077 3367 5132 examine
3393 5119 3408 5143 ,
3460 5079 3546 5133 ira
3576 5079 3794 5134 districti

2215 5163 2414 5233 judicis
2443 5164 2798 5219 demonstrat.
2836 5164 2912 5220 Ibi
2951 5173 3006 5221 et
3033 5166 3165 5223 illud
3192 5177 3274 5222 est
3313 5168 3548 5224 solerter
3593 5170 3792 5224 intuen-

2223 5256 2346 5309 dum
2385 5254 2527 5324 quod
2573 5253 2714 5310 ﬁlius
2759 5254 2949 5312 vivens
2991 5257 3144 5327 prius
3189 5257 3354 5312 dividi
3383 5260 3717 5329 praecipitur,
3747 5267 3795 5311 ut

2225 5345 2324 5401 soli
2373 5344 2716 5414 postmodum
2763 5346 2925 5400 matri
2971 5345 3246 5402 reddatur.
3277 5347 3411 5412 Quia
3463 5349 3518 5401 in
3565 5349 3665 5404 hac
3700 5348 3792 5402 vita

2225 5441 2381 5513 quasi
2413 5439 2606 5512 partiri
2641 5441 2962 5496 conceditur
2988 5439 3098 5494 vita
3127 5440 3413 5512 discipuli,
3454 5441 3585 5496 dum
3609 5455 3674 5495 ex
3715 5438 3790 5495 illa

2225 5548 2619 5603 nonnunquam
2665 5533 2803 5588 alter
2833 5533 2973 5603 apud
3007 5531 3294 5588 Dominum
3343 5532 3601 5587 meritum
3627 5573 3642 5596 ,
3674 5531 3794 5585 alter

2227 5625 2370 5696 apud
2393 5625 2641 5680 homines
2667 5625 2876 5680 laudem
2908 5623 3107 5678 habere
3133 5623 3500 5693 permittatur.
3526 5623 3632 5680 Sed
3674 5621 3792 5676 falsa

2227 5726 2405 5773 mater
2430 5732 2554 5774 eum
2583 5734 2742 5787 quem
2773 5734 2874 5773 non
2899 5716 3082 5788 genuit
3114 5717 3285 5772 occidi
3309 5731 3417 5770 non
3439 5715 3649 5780 metuit,
3682 5714 3791 5784 quia

3968 4489 3969 4524 l

3968 4711 3969 4736 ι

3967 4851 3969 4882 4
