4044 6336
213 452 324 507 401

1128 417 1383 500 ENARR.
1423 440 1491 498 IN
1531 441 1778 498 uanos
1821 439 2086 496 necum.
2137 437 2198 480 ς
2232 439 2298 493 IN
2339 439 2468 494 ue.
2507 439 2592 496 lll.

3393 436 3499 494 402

214 570 548 638 arrogantes
573 558 817 632 magistri
850 565 904 612 et
931 558 1219 614 charitatis
1249 557 1452 628 ignari,
1488 557 1533 610 si
1560 555 1810 626 plenissi-
1838 557 1886 616 Α
1908 551 2062 620 juxta
2081 553 2223 622 quod
2243 554 2297 607 in
2327 553 2446 622 lege
2465 550 2683 606 Domini
2712 551 2975 623 scriptum
3002 555 3352 618 continetur;
3391 563 3502 609 c-et

215 671 379 711 mum
415 667 616 710 nomen
659 649 836 704 laudis
875 664 943 704 ex
989 648 1183 704 alienis
1231 645 1509 717 discipulis
1551 645 1808 715 consequi

214 753 544 818 nequeunt,
571 757 760 799 eorum
789 741 957 796 vitam
981 739 1276 796 crudeliter
1304 741 1678 810 insequuntur.
1723 736 1812 792 ln-

213 840 387 895 vidite
426 837 573 894 enim
617 833 828 890 facibus
874 833 1164 899 succensi,
1212 831 1402 888 nolunt
1453 830 1588 885 alios
1630 829 1815 884 vivere

213 933 371 1004 quod
410 946 470 986 se
517 929 862 1000 conspiciunt
899 942 1009 982 non
1039 941 1197 998 posse
1226 925 1524 996 possidere.
1559 922 1714 979 Unde
1760 931 1815 978 et

215 1023 335 1077 illic
369 1035 628 1091 perversa
668 1017 863 1073 mulier
899 1015 1098 1072 clamat
1132 1031 1148 1070 :
1200 1035 1218 1066 ι
1255 1015 1365 1072 Nec
1399 1030 1553 1070 meus
1601 1015 1672 1069 sit
1715 1027 1816 1068 nec

213 1114 404 1170 istius.
446 1132 466 1164 ι
501 1109 574 1168 Ut
609 1109 753 1166 enim
794 1109 1070 1175 diximus,
1115 1122 1252 1179 quos
1301 1107 1406 1162 sibi
1440 1105 1667 1176 obsequi
1708 1120 1815 1160 non

214 1205 414 1260 vident
432 1202 500 1259 ad
521 1201 751 1274 gloriam
778 1198 1136 1270 temporalem
1154 1239 1168 1264 ,
1195 1213 1288 1253 eos
1321 1197 1439 1252 aliis
1465 1196 1709 1251 invident
1729 1194 1814 1248 vi-

213 1310 356 1350 vere
399 1309 499 1365 per
523 1292 828 1348 veritatem.
879 1287 1023 1344 Vera
1070 1296 1252 1344 autem
1299 1294 1473 1342 mater
1519 1284 1716 1356 satagit
1757 1291 1818 1338 ut

214 1384 346 1454 ejus
373 1383 518 1438 ﬁlius
545 1381 739 1438 saltem
765 1379 905 1450 apud
943 1387 1264 1434 extraneam
1297 1378 1370 1433 sit
1394 1385 1451 1433 et
1477 1377 1644 1431 vivat.
1677 1374 1815 1443 Quia

213 1485 278 1529 et
307 1473 620 1530 concedunt
649 1485 873 1527 veraces
897 1470 1146 1541 magistri
1175 1467 1455 1538 discipulis
1481 1509 1496 1534 ,
1534 1475 1596 1523 ut
1619 1482 1688 1522 ex
1725 1480 1818 1522 eo-

215 1580 350 1618 rum
400 1559 682 1632 discipulis
723 1560 816 1615 alii
855 1560 1073 1631 quidem
1115 1558 1412 1630 magisterii
1461 1557 1675 1612 laudem
1721 1556 1818 1610 ha-

213 1655 412 1720 beant,
441 1654 488 1709 si
511 1661 694 1708 tamen
719 1652 1088 1724 integritatem
1101 1653 1226 1706 vita:
1245 1651 1406 1706 iidem
1435 1649 1682 1720 discipuli
1711 1663 1817 1703 non

213 1749 499 1803 amittant.
516 1745 622 1801 Per
643 1760 762 1817 quae
790 1744 1012 1816 pietatis
1035 1744 1268 1808 viscera,
1286 1743 1401 1798 haec
1429 1742 1619 1796 eadem
1646 1749 1820 1796 mater

215 1856 356 1896 vera
405 1839 717 1910 agnoscitur
755 1839 1010 1903 omnino,
1046 1838 1173 1906 quia
1214 1833 1589 1906 magisterium
1617 1833 1672 1887 in
1695 1847 1821 1888 exa-

215 1934 375 1988 mine
415 1930 704 1986 charitatis
747 1930 1077 2000 approbatur
1106 1937 1162 1982 et
1195 1927 1309 1983 sola
1361 1934 1535 1981 totum
1569 1924 1816 2004 recipere
1843 1915 1894 1978 Β

215 2023 446 2086 meruit,
476 2036 597 2091 qua:
623 2019 780 2090 quasi
809 2027 982 2074 totum
1024 2019 1206 2074 cessit.
1238 2015 1375 2084 Quia
1399 2014 1586 2071 ﬁdeles
1609 2028 1817 2086 praepo-

216 2117 340 2182 siti,
368 2130 469 2187 pro
493 2129 559 2170 eo
581 2113 727 2184 quod
758 2128 825 2168 ex
853 2113 1012 2168 bonis
1035 2109 1310 2180 discipulis
1341 2109 1475 2176 suis,
1505 2122 1614 2163 non
1643 2105 1820 2162 solum

214 2206 348 2262 aliis
393 2206 609 2260 laudem
655 2217 763 2258 non
805 2202 1064 2268 invident,
1099 2201 1194 2256 sed
1215 2199 1505 2254 utilitatem
1533 2196 1616 2252 eis
1653 2196 1819 2249 etiam

213 2299 504 2372 profectus
536 2305 767 2352 exorant
791 2314 804 2350 :
838 2296 940 2365 ipsi
967 2303 1024 2350 et
1052 2294 1293 2363 integros
1321 2300 1378 2346 et
1404 2291 1650 2346 viventes
1679 2287 1819 2342 ﬁlios

217 2390 535 2460 recipiunt,
582 2387 803 2458 quando
852 2386 907 2440 in
946 2399 1199 2456 supremo
1227 2383 1479 2440 examine
1521 2396 1589 2436 ex
1627 2395 1818 2436 eorum

214 2482 336 2537 vita
368 2481 625 2552 perfectae
650 2478 1028 2534 retributionis
1055 2478 1248 2548 gaudia
1283 2481 1713 2547 consequuntur.

837 2613 1064 2670 CAPUT
1100 2613 1188 2669 ιν.

294 2754 646 2810 Enumeratis
673 2767 805 2825 ergo
849 2752 1192 2824 principibus
1219 2750 1528 2806 Salomonis
1553 2790 1569 2816 ,
1616 2751 1710 2820 qui
1761 2751 1817 2806 in

214 2861 400 2918 regno
441 2847 560 2916 ejus
583 2845 752 2900 variis
800 2844 990 2900 ofﬁciis
1045 2843 1287 2916 deputati
1335 2842 1582 2909 fuerant,
1619 2856 1716 2898 seu
1740 2844 1821 2899 d1-

213 2938 403 2992 versis
448 2936 742 3007 provinciis
785 2943 1090 3005 praeerant,
1131 2936 1377 3004 sequitur
1430 2931 1712 3004 Scriptura
1740 2934 1818 2989 di-

212 3044 358 3084 cens
387 3047 401 3082 ε

301 3138 322 3171 ‹
363 3119 620 3176 Salomon
643 3125 829 3174 autem
856 3127 975 3174 erat
1000 3117 1054 3173 in
1079 3117 1282 3173 ditione
1313 3132 1430 3182 sua,
1463 3115 1670 3172 habens
1697 3131 1816 3172 om-

220 3231 244 3263 ι
284 3211 380 3265 nia
410 3224 576 3282 regna
614 3225 646 3264 a
693 3207 911 3264 ﬂumine
971 3217 1129 3263 terrae
1184 3208 1488 3272 Philistim,
1522 3223 1695 3278 usque
1751 3209 1820 3264 ad

220 3323 240 3353 ι
286 3281 584 3356 terminum
605 3299 848 3372 Egypti,
864 3298 1206 3355 oﬁerentium
1233 3299 1337 3354 sibi
1365 3313 1612 3364 munera,
1635 3304 1691 3354 et
1710 3313 1820 3354 ser-
1845 3281 1891 3344 (ἶ

225 3412 249 3446 ι
287 3394 556 3449 vientium
579 3395 650 3460 ei,
680 3393 894 3449 cunctis
927 3393 1118 3448 diebus
1143 3392 1270 3446 vitae
1298 3389 1434 3461 ejus.
1475 3410 1495 3443 ›
1528 3391 1595 3445 Ει
1623 3389 1745 3460 quis
1764 3391 1820 3444 in

214 3486 341 3540 hoc
364 3483 554 3538 melius
585 3483 924 3555 signiﬁcatur
947 3499 1107 3554 quam
1131 3481 1396 3539 Paciﬁcas
1424 3492 1631 3546 noster,
1659 3496 1823 3551 quem

212 3571 614 3644 pmﬁgumbat
639 3573 782 3628 idem
809 3572 1102 3630 Salomon?
1125 3574 1244 3644 Ipse
1273 3574 1420 3629 enim
1445 3574 1626 3630 omnia
1656 3587 1820 3641 regna

219 3671 396 3718 terra
420 3677 452 3716 a
481 3662 611 3718 solis
636 3671 762 3718 ortu
782 3678 952 3733 usque
997 3663 1062 3718 ad
1085 3678 1362 3730 occasum,
1405 3664 1461 3718 in
1484 3663 1690 3718 ditione
1725 3677 1822 3717 sua

217 3756 420 3820 habet,
448 3763 505 3810 et
535 3754 845 3810 dominatur
865 3753 1171 3826 (Scriptura
1196 3754 1356 3826 teste)
1383 3773 1402 3806 ‹
1429 3769 1461 3808 a
1485 3754 1625 3808 mari
1651 3767 1823 3822 usque

219 3848 303 3902 ad
325 3861 496 3912 mare,
527 3857 584 3902 et
611 3864 639 3901 a
665 3846 884 3903 ﬁumine
905 3863 1075 3918 usque
1103 3848 1170 3902 ad
1208 3847 1466 3903 terminos
1494 3847 1642 3903 orbis
1664 3855 1823 3901 terra:

221 3938 428 4010 (Eccli.
459 3938 628 4011 xuv).
665 3959 683 3992 ι
715 3939 822 4008 Ipsi
856 3940 1099 3994 serviunt
1117 3954 1304 3994 omnes
1325 3937 1526 4008 populi,
1569 3946 1624 3992 et
1647 3937 1820 3993 tribus

218 4040 291 4088 et
313 4031 529 4102 lingua,
556 4028 847 4085 oll'erentes
867 4030 918 4085 ei
945 4029 1152 4085 scilicet
1176 4043 1403 4084 munera
1431 4035 1594 4085 rectae
1622 4027 1746 4084 ﬁdei
1768 4035 1823 4083 et

221 4125 503 4180 bonorum
529 4137 774 4193 operum.
797 4141 815 4174 ‹
845 4121 1042 4193 Reges,
1073 4121 1268 4190 inquit,
1300 4120 1524 4176 Tharsis
1554 4128 1608 4176 et
1634 4119 1822 4175 insula:

220 4227 464 4268 munera
489 4211 719 4268 oﬂ'erent
745 4230 758 4264 :
789 4226 944 4281 reges
971 4210 1208 4266 Arabum
1229 4219 1286 4266 et
1309 4209 1451 4266 Saba
1486 4212 1626 4265 dona
1648 4209 1820 4265 addu-

220 4313 381 4362 cent.
413 4304 482 4360 Et
501 4305 808 4360 adorabunt
829 4319 954 4360 eum
976 4319 1166 4359 omnes
1194 4312 1376 4370 terrae,
1417 4317 1607 4358 omnes
1633 4310 1824 4374 gentes

219 4396 476 4453 servient
502 4396 551 4451 ei
571 4393 744 4466 (Psal.
761 4394 930 4468 Lxxt).
957 4415 975 4448 ι
1009 4393 1162 4462 Quod
1193 4402 1374 4450 autem
1386 4395 1635 4450 subditur
1653 4412 1672 4445 ‹
1693 4410 1824 4450 cun-

229 4510 250 4542 ι
284 4491 390 4544 ctis
416 4489 603 4544 diebus
649 4488 772 4542 vitae
792 4488 929 4558 ejus,
960 4507 978 4538 ι
1009 4488 1111 4542 hoc
1137 4494 1220 4542 est
1255 4486 1309 4541 in
1336 4487 1590 4543 saeculum
1615 4487 1820 4552 saeculi,

221 4581 364 4649 quia
393 4579 508 4648 ipse
539 4576 880 4649 permanebit
907 4591 1155 4648 semper,
1184 4585 1240 4632 et
1267 4577 1419 4649 regni
1441 4575 1557 4646 ejus
1582 4591 1692 4632 non
1717 4577 1822 4632 erit

1917 643 2196 713 sexaginta
2224 642 2612 713 chorifarinai,
2637 662 2656 696 ι
2679 641 3072 714 profectionem
3085 643 3354 698 bonorum
3369 658 3500 714 ope-

1917 751 2067 800 rum;
2099 755 2117 786 (
2145 737 2332 791 decem
2369 736 2537 791 boves
2573 736 2821 806 pingues,
2861 755 2880 788 ι
2924 735 3177 792 doctores
3213 735 3502 806 decalogi;

1923 842 1942 875 ι
1971 833 2027 880 et
2074 825 2265 896 viginti
2321 825 2485 881 boves
2520 813 2825 896 pascuales,
2864 839 2884 880 ι
2929 827 3323 898 praedicatores
3366 827 3507 884 Novi

1919 914 2273 982 Testamenti,
2302 917 2394 986 qui
2443 919 2598 988 quasi
2639 919 2971 989 geminatum
3002 919 3321 992 decalogum
3357 920 3416 975 in
3441 934 3504 976 se

1917 1003 2140 1069 habent,
2164 1020 2289 1059 cum
2333 1003 2541 1061 Novum
2573 1015 2628 1062 et
2652 1007 2820 1063 Vetus
2848 1007 3258 1065 Testamentum
3283 1009 3506 1080 aequali-

1917 1104 2000 1152 ter
2015 1097 2334 1167 praedicant,
2359 1098 2503 1168 pleni
2523 1099 2812 1156 dilectione
2839 1099 2936 1156 Dei
2957 1109 3014 1157 et
3031 1102 3288 1172 proximi.
3319 1119 3339 1153 ι
3361 1101 3504 1158 Cen-

1918 1197 2033 1243 tum
2063 1189 2260 1244 arietes
2283 1229 2300 1252 ,
2334 1208 2353 1242 ›
2386 1204 2524 1258 quos
2573 1191 2770 1246 melius
2815 1192 3151 1265 signiﬁcant,
3199 1209 3366 1263 quam
3407 1207 3504 1250 eos

1919 1281 2090 1350 quiin
2121 1296 2284 1353 grege
2327 1282 2541 1337 Domini
2591 1283 2728 1339 bene
2773 1285 3138 1352 dominantes,
3188 1287 3351 1342 simul
3381 1301 3507 1342 cum

1922 1374 2154 1430 subditis
2180 1382 2397 1430 mternae
2422 1375 2769 1433 beatitudinis
2803 1378 3030 1449 gloriam
3062 1380 3324 1450 consequi
3350 1379 3506 1435 festi-

1920 1470 2087 1524 nant?
2115 1469 2346 1525 Venatio
2390 1484 2607 1540 quoque
2645 1471 2986 1526 diversorum
3039 1471 3356 1526 animalium
3400 1487 3510 1528 non

1921 1563 2366 1618 inconvenienter
2412 1563 2588 1634 accipi
2639 1571 2818 1634 potest
2867 1563 3158 1634 acquisitio
3204 1563 3508 1629 hominum,

1921 1655 2012 1725 qui
2037 1669 2104 1710 ex
2132 1654 2361 1710 diversis
2389 1655 2643 1726 gentibus
2683 1655 2924 1725 quotidie
2975 1655 3186 1711 retibus
3227 1653 3505 1726 Evangelii

1923 1761 2021 1818 per
2061 1744 2334 1816 spiritales
2364 1754 2652 1802 venatores
2694 1746 3026 1816 capiuntur,
3074 1753 3131 1801 et
3186 1745 3243 1800 in
3291 1752 3508 1814 pastum

1929 1835 2229 1892 Salvatoris
2255 1839 2426 1892 nostri
2452 1839 2791 1907 rediguntur.

1998 1945 2017 1978 ι
2053 1927 2404 1998 Habebatque
2449 1930 2654 1998 pacem'
2673 1927 2928 1984 Salomon
2976 1943 3048 1984 ex
3086 1929 3237 1983 omni
3272 1935 3430 1999 parte
3452 1928 3509 1983 in

1930 2037 1949 2068 ‹
1981 2016 2233 2072 circuitu.
2283 2016 2672 2088 Habitavitque
2698 2016 2852 2074 -Juda
2902 2026 2958 2074 et
2995 2017 3164 2074 Israel
3203 2019 3408 2088 absque
3443 2018 3512 2072 ti-

1927 2135 1946 2167 ι
1985 2130 2138 2171 more
2188 2115 2298 2171 ullo
2325 2115 2700 2186 unusquisque
2741 2115 2842 2171 sub
2892 2115 3003 2170 vite
3035 2129 3132 2170 sua
3175 2122 3232 2169 et
3277 2113 3379 2168 sub
3405 2111 3512 2168 ﬁcu

1927 2226 1946 2258 ι
1977 2223 2094 2269 sua,
2121 2223 2152 2262 a
2182 2208 2299 2262 Dan
2339 2222 2512 2277 usque
2545 2205 2840 2273 Bersabee,
2869 2207 3080 2262 cunctis
3124 2205 3328 2294 diebus!
3353 2203 3510 2260 Salo-

1927 2321 1944 2352 ι
1974 2301 2170 2357 monis.
2207 2321 2224 2352 ι
2257 2301 2427 2356 Isaias
2464 2315 2682 2372 quoque
2725 2301 2792 2355 de
2832 2299 3196 2371 Redemptore
3225 2307 3412 2355 nostro
3437 2299 3514 2353 ita

1919 2390 2090 2446 dicit:
2125 2389 2568 2459 Multiplicabitur
2585 2392 2701 2462 ejus
2730 2393 3007 2462 imperium
3037 2401 3086 2446 et
3111 2391 3257 2462 pacis
3291 2407 3396 2447 non
3415 2391 3515 2446 erit

1919 2481 2042 2549 finis
2068 2481 2203 2554 (Isa.
2246 2481 2345 2555 ix),
2394 2482 2496 2538 sub
2533 2481 2687 2551 cujus
2731 2481 3047 2539 defensione
3090 2497 3253 2538 verus
3281 2480 3420 2538 Juda
3459 2490 3516 2538 et

1920 2586 2084 2626 verus
2111 2570 2278 2626 Israel
2311 2571 2518 2640 absque
2539 2571 2734 2626 timore
2765 2571 2876 2626 ullo
2903 2571 3189 2627 habitant:
3219 2585 3346 2626 cum
3385 2583 3508 2625 cor-

1919 2661 2080 2718 dibus
2103 2661 2300 2716 erectis
2321 2661 2390 2716 ad
2408 2661 2720 2726 Dominum,
2741 2669 2938 2716 cuncta
2955 2668 3168 2716 terrena
3184 2659 3512 2730 despiciunt,

1920 2765 2023 2807 nec
2060 2751 2298 2807 hostium
2353 2752 2532 2806 minas
2577 2752 2992 2822 pertimescunt,
3043 2752 3138 2806 sed
3167 2751 3224 2806 in
3249 2749 3512 2805 'laudibus

1921 2843 2016 2898 Dei
2043 2843 2250 2914 jugiter
2292 2851 2669 2913 perseverant,
2719 2842 3052 2898 delectantes
3091 2842 3146 2896 in
3195 2840 3370 2911 gratia
3416 2839 3514 2895 Dei

1920 2931 1977 2990 et
2005 2933 2288 2990 dulcedine
2311 2934 2619 2999 charitatis,
2654 2948 2818 3004 quam
2851 2933 3190 2988 incessanter
3213 2931 3418 2987 habent
3444 2929 3515 2984 ad

1922 3025 2210 3080 Dominum
2232 3034 2288 3079 et
2313 3025 2382 3080 ad
2409 3025 2738 3096 proximum.

1999 3137 2017 3170 ‹
2049 3117 2296 3173 Habebat
2346 3116 2606 3172 Salomon
2635 3116 2996 3189 quadraginta
3037 3115 3206 3171 millia
3249 3115 3514 3186 praesepia

1928 3227 1947 3260 ‹
1970 3223 2232 3280 equorum
2250 3209 2557 3276 currilium,
2574 3218 2630 3264 et
2652 3209 2938 3265 duodecim
2962 3208 3130 3262 millia
3144 3209 3503 3277 equestrium,

1931 3321 1949 3354 ε
1969 3302 2391 3371 nutriebantque
2417 3317 2512 3357 eos
2537 3303 2834 3372 supradicti
2858 3302 3002 3374 regis
3023 3300 3286 3371 praefecti.
3315 3319 3334 3352 ι
3369 3299 3510 3367 Quid

1923 3407 2023 3462 per
2061 3391 2530 3463 quadragenarum
2585 3405 2903 3456 numerum;
2949 3390 3054 3445 nisi
3090 3399 3334 3460 tempora
3380 3389 3515 3460 legis

1924 3484 2118 3552 priscae
2158 3483 2544 3553 designantur?
2573 3483 2710 3550 Quia
2741 3492 2798 3538 et
2843 3483 3056 3553 Moyses
3088 3482 3236 3537 illam
3267 3489 3516 3551 acceptu-

1926 3589 2020 3628 rus
2068 3573 2430 3644 quadraginta
2468 3573 2659 3629 diebus
2682 3573 2971 3645 jejunavit,
2997 3581 3053 3628 et
3078 3571 3312 3644 populus
3331 3571 3512 3627 Israe-

1923 3662 2122 3730 liticus,
2155 3665 2246 3733 qui
2278 3679 2376 3734 per
2403 3679 2526 3719 eam
2542 3663 2935 3731 instruebatur,
2968 3664 3328 3736 quadraginta
3355 3663 3512 3719 annis

1885 3791 1887 3793 ι
1925 3754 1981 3808 in
2013 3769 2198 3810 eremo
2229 3755 2447 3809 mansit.
2489 3755 2865 3810 Duodenarius
2913 3770 3045 3811 vero
3090 3768 3347 3809 numerus
3374 3769 3514 3824 prae-

1924 3847 2051 3903 Setis
2076 3856 2290 3916 tempus
2321 3847 2611 3919 signiﬁcat,
2663 3849 2718 3902 in
2762 3863 2872 3917 quo
2924 3846 3220 3918 apostolica
3260 3845 3508 3901 doctrina

1923 3939 2059 3995 Novi
2082 3939 2414 3995 Testamenti
2465 3939 2720 4009 populum
2759 3941 2950 3994 nutrit.
2992 3938 3139 3993 Bene
3171 3951 3389 4008 quoque
3416 3950 3514 4006 per

1923 4031 2438 4102 quadragenarium,
2467 4031 2581 4086 sive
2612 4029 3009 4085 duodenarium
3036 4043 3345 4093 numerum,
3377 4041 3516 4097 prae-

1922 4123 2070 4193 sepia
2095 4137 2358 4192 equorum
2387 4121 2696 4177 Salomonis
2717 4131 3109 4185 numerantur;
3139 4119 3336 4190 quiain
3363 4127 3515 4174 utro-

1924 4231 2029 4286 que
2074 4215 2272 4286 populo
2315 4214 2473 4287 legali
2522 4214 2774 4270 videlicet
2813 4222 2870 4269 et
2916 4211 3268 4284 evangelico,
3321 4209 3398 4266 illi
3422 4210 3514 4280 qui

1925 4309 2105 4364 minus
2131 4306 2496 4378 intelligentes
2523 4305 2766 4371 fuerunt,
2799 4305 2868 4360 ad
2907 4305 3175 4376 praesepia
3199 4311 3513 4358 sanctarum

1926 4399 2330 4471 Scripturarum
2377 4398 2698 4464 invitantur,
2742 4405 2804 4451 ut
2828 4396 3085 4466 pabulum
3117 4395 3192 4449 ibi
3215 4409 3388 4450 sacrae
3413 4393 3510 4449 do-

1924 4491 2114 4546 ctrinas
2146 4491 2476 4560 acciperent,
2508 4498 2777 4560 quatenus
2826 4487 3094 4558 equitatui
3134 4487 3332 4542 summi
3370 4485 3516 4556 regis

1925 4580 2132 4635 habiles
2151 4581 2375 4644 ﬁerent;
2407 4597 2425 4630 ι
2457 4579 2878 4649 nutriebantque
2897 4593 2993 4634 eos
3024 4577 3325 4648 supradicti
3367 4575 3514 4648 regis

225 4671 382 4737 ﬁnis,
425 4668 649 4742 ejusque
685 4676 925 4740 potestas
958 4677 1042 4724 est
1081 4677 1306 4736 aeterna,
1351 4667 1505 4738 cujus
1550 4668 1679 4724 anni
1709 4682 1818 4723 non
1843 4639 2162 4743 Dprtefecti
2187 4713 2202 4736 ,
2243 4691 2261 4722 ι
2299 4686 2422 4727 cum
2462 4639 2837 4742 unusquisque
2882 4639 3165 4727 doctorum
3193 4711 3208 4736 ,
3257 4639 3510 4726 sermobe

221 4760 512 4817 deﬁclent.

309 4871 330 4902 ι
365 4851 498 4906 Erat
537 4858 720 4907 autem
749 4851 904 4906 cibus
951 4849 1254 4905 Salomonis
1288 4863 1386 4920 per
1422 4849 1664 4920 singulos
1703 4849 1822 4905 dies

230 4961 252 4994 ι
287 4941 514 5012 triginta
533 4941 686 4998 chori
723 4940 936 5004 similae,
986 4947 1042 4994 et
1087 4939 1369 5008 sexaginta
1397 4939 1548 4994 chori
1593 4938 1818 5005 farinae;

230 5054 251 5087 ι
295 5035 492 5088 decem
520 5033 684 5089 boves
712 5033 959 5104 pingues,
990 5040 1044 5086 et
1078 5031 1268 5102 viginti
1311 5031 1475 5087 boves
1514 5031 1820 5102 pascuales,

231 5148 252 5179 ι
285 5134 343 5182 et
369 5135 587 5182 centum
612 5127 832 5192 arietes,
866 5134 1090 5196 excepta
1125 5125 1414 5181 venatione
1443 5139 1749 5189 cervorum,
1769 5134 1825 5180 et

232 5241 252 5272 ι
285 5234 634 5288 caprearum,
681 5229 842 5290 atque
879 5219 1226 5285 bubalorum,
1274 5226 1329 5274 et
1362 5218 1544 5273 avium
1565 5218 1820 5273 altilium.

231 5333 254 5366 ι
294 5313 418 5384 Ipse
459 5313 604 5368 enim
652 5311 932 5368 obtinebat
967 5327 1183 5367 omnem
1236 5311 1512 5383 regionem
1549 5325 1671 5380 quae
1708 5319 1827 5364 erat

231 5425 254 5459 ι
287 5415 446 5460 trans
479 5403 698 5471 ﬁumen,
726 5405 882 5476 quasi
929 5420 959 5459 a
1004 5403 1222 5474 Thapsa
1247 5418 1442 5472 usque,
1487 5412 1594 5458 etc.
1632 5423 1650 5455 ι
1683 5403 1822 5470 Quid

225 5511 370 5567 ergo
401 5495 556 5550 cibus
596 5495 699 5550 iste
739 5494 1046 5551 Salomonis
1081 5493 1373 5564 signiﬁcat,
1413 5493 1520 5548 nisi
1562 5493 1820 5548 refectio-

226 5604 366 5646 nem
417 5589 562 5657 regis
594 5590 767 5647 nostri
817 5589 944 5646 Jesu
986 5588 1226 5644 Christi?
1257 5589 1351 5659 qui
1401 5589 1538 5644 bene
1581 5589 1823 5657 pascitur

228 5691 393 5738 recta
430 5679 534 5736 ﬁde
577 5689 632 5737 et
658 5680 912 5754 operibus
947 5681 1126 5747 bonis,
1159 5695 1281 5750 quas
1309 5679 1388 5735 illi
1415 5680 1658 5750 quotidie
1691 5677 1825 5735 olle-

226 5781 439 5830 runtur
455 5775 525 5829 ab
554 5774 796 5830 Ecclesia
817 5773 1112 5830 catholica.
1144 5773 1392 5845 Triginta
1423 5787 1553 5844 ergo
1573 5772 1725 5827 chori
1750 5773 1824 5828 si-

229 5865 385 5922 milae
430 5874 656 5935 possunt
683 5865 991 5935 exprimere
1033 5865 1194 5919 ﬁdem
1248 5871 1454 5920 sanctae
1502 5863 1818 5930 Trinitatis,

1926 4764 2049 4820 ﬁdei
2080 4773 2135 4819 et
2173 4763 2420 4832 exemplo
2446 4763 2604 4818 bonae
2640 4763 2995 4832 operationis,
3047 4763 3248 4836 satagit
3292 4769 3509 4834 pastum

1924 4855 2029 4911 illis
2070 4854 2344 4910 salubrem
2375 4852 2644 4917 conferre,
2685 4853 2827 4909 unde
2851 4855 3192 4925 subsequens
3211 4853 3497 4922 Scriptura

1927 4948 1993 5003 de
2012 4946 2093 5002 eis
2118 4947 2248 5002 dicit
2274 4963 2288 5000 :

2004 5057 2022 5089 ‹
2057 5037 2165 5093 Sed
2199 5046 2255 5092 et
2279 5037 2588 5094 necessaria
2623 5053 2826 5095 mensae
2857 5040 3003 5112 regis
3033 5036 3360 5102 Salomonis,
3386 5049 3514 5091 cum

1933 5150 1952 5181 «
1994 5130 2199 5202 ingenti
2239 5145 2372 5185 cura
2415 5131 2730 5200 praebebant
2778 5140 3024 5202 tempore
3075 5143 3193 5186 suo.
3236 5127 3513 5184 Hordeum

1932 5241 1951 5274 ‹
1979 5235 2193 5292 quoque
2233 5230 2290 5277 et
2315 5221 2498 5292 paleas
2523 5235 2786 5292 equorum
2819 5231 2876 5278 et
2910 5221 3280 5291 jumentorum
3304 5218 3514 5274 defere~

1934 5335 1951 5367 ι
1979 5316 2110 5370 bant
2151 5316 2208 5370 in
2263 5313 2464 5380 locum,
2515 5315 2607 5370 ubi
2665 5323 2784 5369 erat
2829 5329 2926 5369 rex
2973 5312 3130 5382 juxta
3156 5311 3510 5368 constitutum

1933 5425 1950 5456 ‹
1988 5406 2112 5460 sibi.
2145 5425 2164 5458 ›
2203 5405 2340 5472 Quia
2389 5419 2458 5460 ne
2501 5404 2631 5475 quid
2678 5405 2817 5460 desit
2851 5404 2938 5458 his
2963 5403 3053 5473 qui
3090 5403 3143 5457 in
3178 5401 3338 5458 domo
3367 5403 3512 5473 regis

1930 5506 2171 5562 manent,
2199 5504 2346 5552 totus
2387 5497 2522 5551 ordo
2570 5505 2880 5551 sanctorum
2907 5494 3347 5565 praedicatorum,
3372 5495 3508 5549 scri-

1931 5588 2105 5643 bendo
2134 5587 2342 5642 scilicet
2385 5595 2439 5642 et
2484 5586 2754 5657 loquendo
2803 5584 3036 5651 laborat,
3081 5594 3144 5641 ut
3179 5599 3364 5641 mensa
3409 5585 3514 5641 Do-

1930 5681 2062 5735 mini
2089 5681 2324 5737 abundet
2345 5681 2399 5735 in
2422 5680 2575 5750 copia
2601 5679 2887 5744 librorum,
2911 5687 2966 5734 et
2991 5679 3272 5735 decentem
3292 5687 3507 5752 pastum

1929 5773 2054 5828 inde
2081 5772 2314 5828 habeant
2344 5771 2547 5840 quique
2575 5769 2834 5824 ﬁdelium.

2008 5886 2025 5917 σ
2060 5867 2216 5921 Dedit
2255 5877 2468 5934 quoque
2516 5865 2656 5920 Deus
2713 5865 3033 5935 sapientiam
3083 5863 3356 5920 Salomoni
3384 5902 3398 5928 ,
3457 5871 3513 5916 et
