4044 6336
555 469 664 526 ιοδ

1594 459 1946 517 ANGELOMI
1981 458 2447 517 LUXOWENSIS
2483 456 2790 517 MONACHI

3736 462 3833 523 ιω

550 588 583 635 ἰ
608 578 950 653 prudentiam
987 574 1209 631 multam
1255 575 1417 630 nimis
1440 616 1453 640 ,
1487 584 1541 629 et
1570 574 1910 637 latitudinem
1938 575 2139 639 cordis,
2172 578 2219 638 Α
2250 575 2417 632 David
2444 576 2643 633 dicitur
2691 595 2703 631 :
2733 598 2751 629 ι
2792 578 2907 634 Vox
2938 577 3149 633 Domini
3209 578 3604 651 confringentis
3647 584 3835 640 cedrus

564 692 584 725 σ
615 668 770 757 quasi
807 682 1029 725 arenam
1056 683 1177 740 quae
1207 676 1289 724 est
1320 668 1372 722 in
1419 667 1599 724 littore
1625 667 1814 723 maris.
1852 668 1919 723 Et
1946 684 2147 740 praece-

566 784 585 816 ι
621 762 785 821 debat
841 761 1109 831 sapientia
1169 757 1478 833 Salomonis
1534 760 1856 832 sapientiam
1904 763 2145 818 omnium

567 877 585 910 ι
619 855 972 914 Orientalium
1015 864 1071 915 et
1122 852 1525 929 Egyptiorum,
1585 863 1641 910 et
1687 862 1806 910 erat
1853 856 2147 929 sapientior

569 966 587 1000 ι
620 947 832 1004 cunctis
871 946 1198 1009 hominibus,
1254 943 1563 1019 Sapientior
1610 944 1788 1005 Ethan
1820 945 2057 1013 Ezraite,
2092 953 2146 1009 et

568 1059 586 1091 ι
624 1038 835 1101 Heman
864 1046 920 1095 et
965 1036 1207 1105 Chalcal,
1242 1044 1299 1093 et
1334 1037 1510 1109 Dorda
1543 1036 1667 1097 filiis
1704 1034 1903 1094 Mahol.
1934 1059 1953 1092 ι
1988 1038 2146 1094 Dedit

561 1130 747 1202 itaque
790 1130 933 1186 Deus
962 1127 1233 1187 Salomoni
1271 1138 1458 1187 nostro
1487 1129 1808 1202 sapientiam
1832 1138 1887 1187 et
1911 1132 2147 1225 pruden-

563 1221 723 1293 tiam,
778 1220 919 1276 ultra
949 1235 1139 1301 omnes
1178 1220 1428 1277 homines
1474 1230 1531 1279 et
1565 1238 1783 1279 omnem
1834 1220 2143 1280 creaturam

562 1311 963 1379 rationabilem;
1007 1312 1074 1368 de
1104 1327 1212 1399 quo
1250 1310 1490 1371 Joannes
1537 1313 1666 1369 dicit
1699 1332 1710 1367 :
1752 1333 1770 1366 ι
1806 1314 1979 1382 Quem
1998 1315 2145 1371 enim

558 1404 705 1460 misit
725 1405 889 1471 Deus,
916 1404 1139 1485 verbum
1163 1404 1260 1460 Dei
1295 1404 1566 1476 loquitur;
1595 1420 1702 1481 non
1726 1405 1868 1459 enim
1900 1405 1967 1465 ad
1998 1421 2148 1462 men-

555 1498 739 1551 suram
760 1497 852 1552 dat
874 1496 1017 1553 Deus
1042 1497 1322 1568 spiritum;
1348 1496 1513 1553 Pater
1531 1494 1704 1570 diligit
1731 1496 1925 1554 Filium
1956 1506 2008 1555 et
2029 1515 2144 1555 om-

546 1589 642 1644 nia
666 1586 815 1644 dedit
843 1589 897 1644 in
925 1570 1091 1644 manu
1117 1588 1235 1659 ejus
1266 1587 1446 1663 (Joan.
1482 1590 1619 1663 111).»
1652 1589 1720 1645 Et
1748 1589 1874 1645 alibi
1902 1592 2018 1660 ipsa
2044 1592 2145 1647 Ve-

557 1682 692 1737 ritas
721 1680 882 1738 dicit:
921 1701 939 1734 (
966 1680 1279 1738 Sicutenim
1308 1681 1473 1737 Pater
1493 1683 1657 1737 habet
1678 1682 1843 1743 vitam
1868 1682 1922 1739 in
1949 1690 2140 1738 semet-

556 1774 694 1844 ipso,
722 1775 803 1830 sic
822 1774 972 1830 dedit
995 1780 1051 1830 et
1073 1774 1213 1831 Filio
1240 1774 1404 1829 vitam
1437 1775 1639 1831 habere
1662 1774 1716 1830 in
1734 1775 2056 1846 semetipso:
2089 1786 2142 1833 ct

2253 667 2427 739 (Psal.
2458 668 2673 741 xxvm).
2706 687 2724 721 ι
2757 669 2803 723 Δ
2835 669 2995 725 cedro
3041 669 3225 741 itaque
3250 667 3503 727 Christus
3552 688 3731 759 usque
3772 676 3834 730 ad

2252 760 2541 835 hyssopum
2579 761 2858 834 disputat,
2915 763 3040 843 quia
3088 764 3204 834 ipse
3254 765 3617 843 superborum
3673 766 3835 821 corda

2249 860 2303 907 et
2329 853 2611 911 humilium
2650 853 2878 927 judicat.
2914 848 3089 929 Super
3122 854 3266 927 ligna
3298 866 3476 911 autem
3521 855 3830 928 disputavit,

2250 944 2377 999 dum
2406 944 2462 1001 in
2486 960 2650 1001 cruce
2675 946 2949 1017 pependit.
2993 946 3145 1003 Tunc
3188 949 3332 1005 enim
3356 948 3410 1004 in
3437 948 3607 1004 cedro
3659 948 3833 1004 saeculi

2249 1035 2614 1106 arrogantiam
2653 1036 2942 1108 judicavit.
2971 1036 3145 1105 Quam
3173 1024 3339 1097 etiam
3386 1054 3562 1110 usque
3600 1038 3673 1094 ad
3716 1041 3835 1110 hys-

2248 1131 2364 1207 sopi
2391 1128 2775 1198 humilitatem,
2806 1131 2861 1188 id
2883 1138 2968 1187 est
2995 1146 3170 1205 usque
3207 1132 3275 1186 ad
3300 1130 3481 1187 crucis
3526 1129 3833 1197 stultitiam,

2247 1222 2317 1277 ad
2360 1221 2821 1297 contemptibilem
2868 1237 3175 1285 sermonem
3214 1219 3442 1279 deduxit
3496 1220 3648 1276 ﬁdei.
3704 1219 3833 1276 Hinc

2244 1310 2447 1369 Paulus
2476 1312 2589 1369 ait:
2626 1332 2647 1365 ι
2686 1311 2921 1369 Verbum
2952 1314 3097 1397 enim
3135 1312 3314 1368 crucis
3339 1312 3703 1395 pereuntibus
3722 1312 3834 1383 qui-

2247 1404 2623 1460 dem‘stultitia
2653 1412 2752 1473 est,
2788 1405 2886 1461 .his
2918 1414 3098 1463 autem
3146 1404 3239 1477 qui
3278 1404 3415 1461 salvi
3473 1402 3640 1479 ﬁunt,
3671 1404 3724 1459 id
3756 1414 3832 1460 est

2246 1496 2425 1563 nobis,
2455 1496 2627 1552 virtus
2650 1496 2747 1552 Dei
2761 1506 2845 1553 est
2877 1496 2930 1568 (1
2950 1494 3071 1552 Cor.
3104 1498 3165 1565 ι).
3195 1517 3213 1550 ι
3244 1497 3525 1570 Scriptum
3550 1506 3639 1553 est
3660 1496 3831 1552 enim:

2250 1609 2269 1641 ι
2314 1588 2544 1651 Perdam
2594 1589 2921 1661 sapientiam
2969 1590 3330 1665 sapientium,
3383 1599 3440 1645 et
3489 1589 3833 1683 prudentiam

2242 1683 2592 1776 prudentium
2626 1680 2927 1757 reprobabo
2953 1682 3089 1754 (Isa.
3122 1682 3300 1754 χχιχ).
3335 1702 3354 1734 ι
3381 1681 3450 1737 Ει
3485 1680 3653 1776 paulo
3678 1690 3831 1776 post:

2251 1772 2270 1828 ἆ
2308 1774 2442 1831 Nam
2484 1776 2613 1847 quia
2651 1776 2706 1832 in
2737 1775 2834 1831 Dei
2872 1776 3141 1851 sapientia
3171 1791 3278 1831 non
3317 1772 3579 1845 cognovit
3608 1774 3833 1831 mundus

550 1872 878 1951 potestatem
910 1864 1061 1920 dedit
1109 1865 1157 1920 ei
1180 1863 1446 1935 judicium
1482 1863 1681 1933 facere,
1706 1865 1833 1937 quia
1866 1866 2009 1925 ﬁlius
2046 1867 2145 1924 ho-
2248 1881 2347 1943 per
2392 1867 2711 1938 sapientiam
2744 1866 2938 1943 Deum,
2985 1866 3189 1941 placuit
3236 1864 3348 1921 Deo
3398 1880 3500 1937 per
3552 1863 3834 1920 stultitiam

550 1959 716 2019 minis
748 1968 832 2015 est
873 1957 1056 2031 (Joan.
1089 1957 1167 2033 v).
1205 1978 1223 2010 ι
1268 1958 1406 2017 Hinc
1442 1956 1643 2015 Paulus
1674 1959 1953 2037 apostolus
1979 1961 2053 2015 ait
2074 1959 2142 2016 de
2170 1952 2219 2014 Β
2245 1960 2648 2035 praedicationis
2675 1961 2854 2031 salvos
2892 1959 3072 2031 facere
3098 1959 3381 2016 credentes
3409 1956 3462 2031 (ι
3487 1956 3617 2012 Cor.
3644 1957 3708 2028 ι).
3746 1976 3767 2008 ι

551 2051 671 2123 ipso
700 2051 929 2111 Domino
954 2050 1213 2107 Christo:
1247 2070 1265 2103 ι
1297 2050 1399 2119 Qui
1424 2062 1508 2109 est
1552 2052 1733 2125 imago
1770 2052 1866 2109 Dei
1902 2052 2143 2111 invisibi-

550 2144 656 2209 lis,
715 2143 1108 2216 primogenitus
1146 2143 1324 2198 omnis
1383 2151 1680 2210 creatura;
1735 2143 1862 2214 quia
1918 2144 1972 2198 in
2025 2144 2161 2227 ipso

551 2237 768 2294 condita
804 2245 931 2295 sunt
958 2237 1208 2295 universa
1238 2279 1252 2303 ,
1294 2237 1347 2293 in
1382 2236 1536 2293 cmlis
1561 2246 1617 2292 et
1658 2237 1710 2299 in
1743 2245 1915 2303 terra,
1951 2235 2140 2292 visibi-

550 2327 624 2384 lia
653 2337 710 2385 et
738 2328 1049 2395 invisibilia,
1078 2328 1195 2384 sive
1216 2328 1419 2395 throni,
1446 2328 1560 2384 sive
1577 2328 1996 2395 dominationes,
2027 2327 2144 2385 sive

547 2422 905 2525 principatus,
936 2423 1050 2479 sive
1080 2431 1397 2497 potestates.
1430 2422 1625 2480 Omnia
1671 2437 1768 2493 per
1795 2423 1970 2493 ipsum
2000 2431 2055 2479 et
2086 2423 2140 2481 in

550 2513 666 2583 ipso
692 2521 878 2567 creata
929 2521 1070 2578 sunt,
1101 2522 1155 2579 et
1201 2513 1316 2589 ipse
1341 2520 1425 2569 est
1453 2524 1579 2569 ante
1619 2527 1832 2583 omnes,
1863 2521 1917 2567 et
1957 2513 2140 2569 omnia

552 2592 608 2673 in
642 2603 761 2676 ipso
801 2611 1081 2685 constant,
1122 2611 1177 2673 et
1216 2603 1332 2676 ipse
1384 2613 1469 2659 est
1524 2614 1683 2681 caput
1738 2604 1982 2678 corporis
2040 2604 2141 2677 Ec-

553 2695 751 2765 clesiae,
781 2696 873 2767 qui
899 2704 984 2753 est
1002 2696 1329 2772 principium
1357 2697 1754 2773 primogenitus
1775 2714 1843 2769 ex
1865 2698 2098 2767 mortuis
2122 2717 2136 2753 :

549 2797 609 2861 nt
656 2788 725 2843 sit
760 2788 875 2861 ipse
919 2788 973 2845 in
1015 2790 1271 2855 omnibus
1320 2782 1615 2875 primatum
1646 2800 1862 2859 tenens,
1902 2792 2031 2867 quia
2084 2792 2139 2859 in

548 2876 665 2955 ipso
694 2881 1021 2954 complacuit
1061 2898 1277 2937 omnem
1319 2881 1708 2954 plenitudinem
1730 2882 2029 2965 divinitatis
2058 2885 2141 2943 in-

548 2970 795 3028 habitare
843 2974 1198 3043 corporaliter
1228 3014 1243 3039 ,
1275 2981 1331 3028 et
1360 2974 1413 3028 in
1463 2974 1580 3046 ipso
1625 2983 1751 3032 sunt
1793 2991 1986 3043 omnes
2022 2976 2138 3033 the-

548 3065 695 3120 sauri
726 3064 1008 3139 sapientia:
1033 3072 1092 3121 et
1114 3063 1357 3119 scientia:
1377 3064 1677 3137 absconditi
1710 3062 1973 3137 (00103.1,
1996 3066 2081 3149 ιι).
2113 3085 2132 3117 ι

548 3152 811 3211 Omnibus
857 3169 987 3229 ergo
1025 3154 1291 3227 sapientia
1339 3154 1454 3213 veri
1488 3153 1795 3211 Salomonis
1822 3155 2134 3227 antecellit:

546 3250 673 3321 quia
701 3249 929 3327 multum
956 3250 1122 3305 distat
1154 3249 1299 3305 inter
1331 3264 1425 3305 eos
1453 3249 1545 3320 qui
1591 3249 2007 3323 participatione
2050 3265 2136 3306 sa-

545 3311 763 3410 pientia:
787 3340 1061 3415 sapientes
1091 3346 1236 3406 sunt,
1258 3348 1315 3395 et
1340 3311 1491 3394 illuni
1516 3311 1610 3413 qui
1651 3347 1736 3396 est
1766 3311 1888 3407 fons
1919 3338 2132 3417 sapien-
2163 3311 2209 3377 ο

547 3431 634 3486 tia:
685 3440 743 3486 et
789 3431 942 3505 origo
970 3430 1252 3487 virtutum.
1276 3430 1415 3489 Hinc
1460 3438 1546 3487 est
1578 3429 1710 3487 illud
1762 3432 1906 3504 quod
1956 3431 2137 3507 sequi-

547 3532 674 3580 tur:

621 3637 640 3669 ‹
671 3617 738 3673 Et
766 3626 885 3683 erat
910 3618 1221 3691 nominatus
1250 3615 1304 3687 in
1328 3615 1600 3681 universis
1626 3615 1877 3697 gentibus
1899 3631 1998 3689 per
2027 3618 2137 3672 cir-

548 3729 567 3761 c
607 3710 831 3765 cuitum.
868 3729 886 3762 ι
914 3706 1053 3775 Quia
1083 3722 1280 3775 nomen
1312 3707 1430 3781 ejus
1454 3705 1778 3781 praedicatur
1803 3708 1857 3763 in
1880 3706 2136 3777 universo

546 3803 787 3857 mundo:
819 3818 921 3859 nec
966 3809 1052 3857 est
1093 3816 1290 3857 nomen
1322 3800 1467 3857 aliud
1506 3801 1607 3857 sub
1641 3800 1780 3857 coelo
1827 3802 2011 3859 datum
2039 3802 2137 3869 h0-

549 3893 783 3957 miaihus
815 3894 865 3953 in
899 3908 1006 3965 quo
1034 3900 1283 3965 oporteat,
1312 3909 1419 3949 non
1448 3892 1626 3953 salvos
1654 3891 1770 3957 ﬂeri
1800 3892 1936 3965 (Act.
1964 3892 2062 3965 ιν).

626 4005 643 4036 ι
667 3984 906 4051 Locutus
933 3994 1018 4043 est
1043 4000 1260 4057 quoque
1289 3983 1546 4047 Salomon
1573 3984 1677 4041 tria
1700 3983 1866 4041 millia
1896 3985 2132 4057 parabo-

552 4096 568 4124 ε
612 4076 808 4145 larum,
832 4085 887 4135 et
926 4074 1146 4135 fuerunt
1185 4076 1429 4133 carmina
1470 4074 1588 4145 ejus
1618 4076 1860 4151 quinque
1887 4076 2078 4135 millia.
2108 4095 2130 4135 ι

544 4167 685 4235 Quid
709 4169 850 4227 extim
897 4184 996 4245 per
1023 4169 1125 4225 tria
1155 4167 1322 4223 millia
1366 4166 1773 4241 parabolarum,
1827 4167 2131 4241 ttisipleni-

546 4263 676 4321 tudo
702 4261 822 4321 ﬁdei
852 4262 905 4319 in
940 4262 1058 4334 lege
1092 4272 1148 4327 et
1196 4263 1251 4319 in
1281 4259 1587 4335 Evangeliis
1614 4276 1644 4315 a
1671 4258 1888 4317 Christo
1931 4261 2132 4321 tradita

544 4355 861 4426 designatur
886 4354 909 4409 ?
937 4352 1077 4422 Quia
1100 4354 1226 4409 dum
1260 4362 1372 4411 tota
1407 4352 1779 4425 multipliciter
1814 4368 1912 4425 per
1935 4354 2109 4427 allego

544 4446 749 4507 viarum
803 4458 994 4507 sensus
1042 4444 1142 4509 sub
1197 4432 1455 4516 mysterio
1486 4442 1769 4499 Trinitatis
1814 4443 2125 4511 disseritur,

541 4533 698 4606 quasi
721 4534 822 4589 tria
845 4532 1012 4591 millia
1040 4532 1424 4604 parabolarum
1451 4541 1854 4615 nuncupantur.
1878 4532 2131 4595 Carmina

541 4634 726 4685 autem
766 4624 882 4696 ejus
920 4624 1162 4697 quinque
1196 4622 1362 4679 millia
1392 4640 1490 4696 per
1519 4624 1760 4696 quinque
1792 4640 1983 4697 sensus
2008 4642 2133 4691 cor-

539 4717 691 4789 poris
720 4714 1115 4791 intelliguntur,
1152 4729 1290 4789 quos
1315 4715 1408 4787 qui
1455 4714 1508 4770 in
1557 4714 1788 4773 diversis
1838 4717 2131 4785 virtutibus

540 4809 681 4867 bene
724 4808 887 4879 regit,
921 4808 1114 4873 beatus
1139 4814 1244 4873 est,
1301 4815 1357 4863 et
1410 4820 1508 4881 per
1546 4822 1642 4863 eos
1700 4808 1857 4891 quasi
1892 4809 2133 4893 quinque

541 4898 711 4952 millia
734 4896 969 4954 Domino
995 4897 1297 4953 carminum
1332 4897 1499 4951 canit.

618 5006 636 5039 ι
674 4987 983 5071 Disputavit
1032 4997 1215 5055 autem
1271 4986 1528 5042 Salomon
1568 5001 1598 5041 a
1633 4987 1798 5044 cedro
1843 5004 2015 5063 usque
2065 4988 2133 5046 ad

547 5098 564 5128 ι
596 5080 915 5157 hyssopum.
960 5099 978 5132 ι
1029 5076 1189 5134 Cedri
1236 5079 1476 5147 nomine,
1528 5079 1793 5139 celsitudo
1842 5082 2028 5154 gloriae
2076 5084 2131 5147 in

541 5171 728 5231 electis
759 5173 1040 5244 accipitur.
1086 5172 1237 5231 Unde
1269 5172 1536 5261 Propheta
1588 5184 1843 5247 testatur,
1897 5177 2130 5243 dicens:

548 5280 566 5313 ι
605 5261 796 5321 Justus
824 5274 885 5319 ut
910 5264 1091 5336 palma
1120 5262 1351 5329 llorebit,
1391 5274 1446 5321 et
1483 5266 1624 5323 sicut
1665 5269 1861 5327 cclt‘us
1890 5284 2011 5340 qua:
2051 5278 2135 5327 est

550 5352 603 5408 in
658 5353 869 5412 Libano
898 5355 1344 5428 multiplicabitur
1383 5356 1402 5428 (
1432 5353 1581 5415 Psal.
1610 5374 1701 5415 xc:
1723 5361 1762 5431 ).
1802 5379 1820 5413 ι
1855 5360 2133 5435 Hyssopus

544 5454 724 5501 autem
752 5447 922 5507 herba
952 5457 1037 5503 est
1065 5448 1282 5505 humilis
1325 5464 1457 5504 saxo
1482 5449 1716 5516 haerens,
1746 5466 1851 5525 qua
1884 5453 2132 5523 signatur

544 5536 826 5594 humilitas
847 5538 1065 5597 Christi.
1106 5541 1431 5615 Redemptor
1460 5540 1658 5611 quippe
1696 5550 1881 5597 noster
1903 5558 1933 5597 a
1965 5543 2130 5603 cedro

544 5639 718 5695 usque
772 5628 840 5681 ad
896 5629 1186 5701 hyssopum
1225 5628 1519 5701 disputavit
1550 5648 1563 5684 :
1593 5630 1720 5700 quia
1771 5630 1840 5685 ab
1887 5631 1995 5688 alta
2034 5649 2127 5691 ex-

545 5713 796 5771 cellentia
829 5716 1012 5789 glorias
1053 5719 1287 5775 cmlestis
1337 5735 1508 5792 usque
1537 5721 1603 5787 ad
1639 5720 1822 5787 carnis
1851 5720 2127 5781 humilita-

545 5814 655 5864 tem
670 5808 1052 5866 descendendo
1077 5812 1342 5881 pervenit.
1369 5810 1647 5883 Siquidem
1663 5820 1717 5866 et
1731 5812 1878 5868 cedri
1907 5815 2126 5871 nomine

543 5914 833 5973 pravorum
888 5902 1117 5971 superba
1159 5902 1323 5957 elatio
1372 5902 1707 5972 designatur.
1743 5901 1898 5959 Sicut
1948 5914 2006 5960 et
2028 5886 2127 5977 per

2157 4682 2211 4743 Β
2302 4690 2307 4697 .

2321 2073 2340 2107 ι
2371 2054 2441 2109 Ει
2465 2052 2718 2109 disseruit
2746 2051 3003 2111 Salomon
3049 2051 3114 2107 de
3133 2049 3398 2123 jumentis
3435 2059 3493 2105 et
3520 2048 3832 2104 volucribus

2248 2166 2268 2205 ς
2317 2156 2373 2217 et
2412 2146 2696 2233 reptilibus
2748 2154 2804 2211 et
2848 2145 3110 2217 piscibus.
3172 2163 3190 2196 ι
3254 2138 3531 2217 Disseruit
3577 2139 3831 2233 Salomon

2241 2250 2429 2313 noster
2475 2231 2542 2307 de
2572 2237 2802 2310 singulis
2841 2236 3124 2313 speciebus
3169 2233 3485 2290 animalium
3516 2251 3530 2287 :
3566 2231 3701 2307 quia
3724 2245 3832 2285 om-

2242 2332 2332 2391 nia
2361 2312 2503 2389 nuda
2536 2340 2591 2399 et
2614 2338 2800 2418 aperta
2831 2312 2959 2384 sunt
2982 2324 3155 2383 oculis
3174 2326 3306 2397 ejus,
3327 2340 3428 2381 nec
3450 2332 3539 2380 est
3563 2321 3675 2377 ulla
3693 2337 3833 2377 crea-

2243 2431 2363 2478 tura
2393 2412 2678 2491 invisibilis
2708 2420 2762 2475 in
2792 2427 3087 2493 conspectu
3115 2415 3255 2487 ejus.
3299 2416 3419 2491 lpse
3456 2412 3616 2471 novit
3650 2428 3831 2468 omnes

2242 2514 2598 2585 cogitationes
2646 2511 2950 2577 hominum,
3001 2512 3117 2582 ipse
3157 2516 3412 2565 numerat
3455 2506 3832 2562 multitudines

2241 2605 2538 2669 stellarum,
2590 2603 2692 2675 ipsi
2732 2610 2883 2674 patet
2933 2602 3190 2674 abyssus,
3221 2608 3278 2654 et
3324 2597 3578 2654 infernus
3611 2612 3725 2652 non
3757 2604 3833 2651 est

2242 2695 2596 2769 absconditus
2641 2708 2826 2755 coram
2852 2707 2938 2748 eo.
2973 2690 3140 2767 Quasi
3172 2689 3315 2746 enim
3359 2688 3645 2765 disputare
3675 2686 3831 2761 ipsius

2241 2798 2346 2856 εει,
2367 2804 2490 2844 cum
2534 2786 2867 2861 singulorum
2896 2786 3165 2842 rationem
3210 2784 3367 2851 nobis
3395 2782 3679 2869 proponit,
3710 2788 3761 2835 et
3782 2780 3829 2833 in

2242 2880 2541 2955 Scripturis
2569 2879 2685 2955 suis
2725 2877 3039 2945 manifestat
3067 2883 3408 2932 sacramenta
3447 2889 3576 2949 qua;
3619 2872 3832 2927 fuerunt

2239 2952 2557 3029 abscondita
2590 2952 2634 3026 ia
2665 2970 2878 3027 saeculis
2926 2978 2984 3024 et
3017 2965 3493 3040 generationibus,
3543 2973 3609 3021 ut
3660 2964 3829 3020 consi-

2240 3052 2494 3139 deremus
2536 3063 2930 3125 beatitudinem
2956 3060 3297 3133 angelorum,
3330 3058 3633 3127 utilitatem
3666 3055 3830 3115 homi-

2239 3175 2390 3237 pum,
2423 3168 2478 3231 et
2497 3158 2844 3227 calliditatem
2890 3156 3249 3229 malignorum
3278 3152 3607 3229 spirituum;
3652 3152 3830 3225 sicque

2239 3253 2386 3326 quod
2440 3251 2642 3317 malum
2700 3258 2786 3311 est
2857 3249 3251 3323 reprobantes,
3302 3246 3447 3329 quod
3492 3246 3707 3305 bonum
3757 3253 3829 3300 est

2238 3348 2525 3427 eligamus,
2569 3354 2624 3403 et
2648 3347 2825 3421 ipsum
2848 3354 3119 3417 sectemur
3163 3356 3379 3414 semper
3422 3341 3665 3411 invicem
3703 3346 3759 3409 et
3782 3338 3828 3405 in

2239 3454 2451 3501 omnes.

2315 3574 2335 3611 ι
2377 3555 2447 3611 Et
2465 3553 2753 3611 veniebant
2764 3551 2834 3611 do
2852 3550 3062 3611 cunctis
3082 3547 3293 3622 populis
3312 3546 3383 3607 ad
3404 3545 3829 3609 audiendumst

2244 3668 2266 3704 ι
2298 3649 2560 3722 pientiam
2591 3647 2919 3714 Salomonis,
2946 3654 3005 3702 et
3019 3646 3088 3702 ab
3112 3644 3386 3701 universis
3405 3641 3631 3713 regibus
3652 3648 3823 3701 tam,

2244 3762 2264 3795 σ
2297 3744 2391 3816 qui
2443 3742 2737 3797 audiebant
2778 3740 3104 3812 sapientiam
3143 3736 3282 3808 ejus.
3320 3756 3339 3789 ι
3385 3734 3525 3791 Hinc
3564 3732 3823 3804 propheta

2238 3834 2406 3890 Isaias
2445 3833 2561 3887 ait:
2604 3851 2625 3884 ι
2663 3831 2782 3887 Erit
2810 3831 2862 3887 in
2910 3829 3221 3886 novissimis
3250 3826 3450 3882 diebus
3494 3832 3827 3896 [imparatus

2240 3940 2395 3981 Inous
2418 3925 2609 3981 domus
2657 3923 2874 3985 Domini
2919 3923 2974 3978 in
3001 3921 3205 3977 vertice
3242 3918 3531 3981 montium,
3570 3923 3627 3971 et
3654 3912 3825 3971 eleva-

2238 4018 2386 4073 bltur
2412 4031 2579 4087 super
2605 4015 2789 4081 colles,
2819 4024 2877 4072 et
2898 4013 3066 4070 ﬂuent
3090 4013 3159 4069 ad
3182 4027 3309 4067 eum
3331 4016 3752 4080 omnesgentes,
3778 4010 3827 4059 et

2238 4114 2394 4169 ibunt
2415 4110 2599 4183 populi
2654 4108 2833 4175 multi,
2861 4117 2919 4167 et
2954 4103 3417 4173 dicent:Venite,
3465 4101 3823 4157 ascendam

2237 4206 2305 4261 ad
2338 4212 2576 4261 montem
2605 4202 2851 4265 Domini,
2883 4210 2940 4256 et
2985 4199 3053 4255 ad
3098 4199 3317 4253 domum
3382 4194 3479 4251 Dei
3526 4192 3719 4257 Iacob,
3774 4198 3823 4245 ot

2236 4298 2452 4360 docebit
2477 4312 2579 4353 nos
2625 4296 2744 4352 vias
2781 4308 2932 4361 suas,
2974 4302 3032 4350 et
3077 4290 3476 4348 ambulabimus
3518 4288 3575 4343 in
3620 4286 3823 4342 semitis

2233 4393 2353 4466 ejus
2385 4393 2513 4463 quia
2559 4392 2626 4448 de
2652 4390 2784 4447 Bion
2824 4389 2996 4446 exibit
3028 4387 3115 4443 lex
3162 4394 3220 4443 et
3248 4384 3475 4441 verbum
3514 4379 3731 4437 Domini
3758 4378 3819 4432 da

2234 4482 2579 4541 Hierusalem
2606 4481 2747 4556 (ιω.
2772 4481 2856 4555 ιι).
2890 4501 2910 4534 ι

2865 4650 3095 4710 CAPUT
3130 4651 3195 4708 ν.

2315 4810 2334 4844 ι
2373 4789 2685 4857 Ediﬁcavit
2728 4789 2948 4845 domum
2997 4785 3234 4845 Domini.
3288 4803 3307 4837 ι
3358 4783 3563 4839 Domus
3610 4778 3811 4838 Domini

2238 4898 2401 4954 quam
2426 4881 2711 4941 mditicavit
2740 4896 2834 4937 rex
2859 4879 3116 4936 Salomon
3142 4879 3196 4933 in
3218 4875 3584 4941 Hierusalem,
3616 4876 3671 4931 in
3695 4873 3811 4945 ligu-

2238 4991 2356 5030 ram
2405 4972 2550 5029 l‘acta
2588 4982 2674 5029 est
2710 4980 2911 5029 sancta:
2959 4968 3279 5025 universalis
3324 4966 3606 5033 Ecclesiae,
3642 4980 3754 5036 quzc
3781 4977 3808 5014 a

2238 5068 2417 5145 primo
2437 5066 2609 5124 electo
2632 5081 2805 5141 usque
2835 5066 2900 5119 ad
2925 5064 3171 5119 ultimum
3196 5061 3287 5133 qui
3312 5061 3367 5116 in
3394 5059 3503 5115 line
3526 5058 3710 5113 mundi
3734 5070 3809 5145 na?

2239 5143 2480 5217 Sciturus
2512 5166 2618 5225 est,
2644 5156 2885 5229 quotidie
2914 5170 3012 5228 per
3032 5153 3265 5229 gratiam
3294 5151 3437 5231 regis
3474 5148 3710 5231 paciﬁci,
3738 5143 3805 5199 sui

2238 5251 2489 5311 videlicet
2510 5246 2906 5325 Redemptoris,
2933 5243 3266 5310 aediﬁcatur;
3284 5258 3404 5317 qua:
3424 5242 3625 5313 partim
3650 5238 3805 5294 adhuc

2234 5347 2611 5420 peregrinatur
2638 5345 2706 5400 ab
2737 5342 2827 5399 illo
2851 5342 2904 5396 in
2934 5341 3115 5403 terris,
3146 5338 3344 5410 partim
3370 5336 3550 5392 evasis
3583 5331 3803 5420 ρει-θεὼ

2236 5418 2400 5493 nandi
2447 5434 2726 5503 aerumnis,
2757 5448 2881 5488 cum
2911 5431 3002 5486 illo
3024 5428 3138 5500 jam
3167 5436 3359 5500 regnat
3393 5426 3448 5481 in
3488 5425 3643 5480 cmlis
3686 5443 3695 5475 :
3728 5418 3803 5473 ubi

2234 5538 2457 5605 peracto
2485 5527 2675 5584 ultimo
2707 5524 2933 5596 judicio,
2968 5532 3081 5583 tota
3111 5530 3193 5577 est
3222 5528 3514 5599 regnatura
3558 5532 3679 5597 cum
3706 5513 3798 5566 illo.

2236 5624 2317 5683 Ad
2360 5623 2501 5678 hanc
2542 5621 2761 5677 domum
2807 5617 3083 5693 pertinent
3124 5613 3280 5669 electi
3323 5608 3499 5681 angeli
3529 5650 3545 5675 ,
3591 5616 3797 5681 quorum

2237 5708 2394 5785 nobis
2432 5708 2731 5766 similitudo
2761 5709 2815 5765 in
2846 5707 3024 5764 futura
3065 5705 3174 5761 vita
3205 5703 3560 5775 promittitur,
3607 5701 3797 5755 dicente

2234 5804 2504 5862 Domino:
2547 5821 2566 5857 ι
2603 5803 2685 5871 llli
2735 5810 2913 5858 autem
2943 5800 3034 5875 qui
3065 5798 3208 5871 digni
3236 5796 3581 5853 habebuntur
3624 5786 3797 5848 ςιαςυιο

2235 5898 2325 5956 illo
2351 5906 2406 5954 et
2440 5896 2840 5953 resurrectione
2866 5909 2935 5949 ex
2967 5892 3229 5961 mortuis,
3264 5905 3437 5961 neque
3457 5888 3678 5949 nubent,
3710 5896 3790 5937 nco
