4044 6336
215 407 330 464 405

1167 401 1422 460 ENARR.
1467 399 1532 458 ΙΝ
1569 399 1822 456 LIBROS
1855 395 2122 456 BEGUM.
2161 427 2230 438 ——
2267 397 2340 454 IN
2371 395 2502 454 LIB.
2543 397 2628 456 Hi.

3399 403 3500 462 ιοο

217 537 328 592 que
373 521 572 578 ducent
619 533 816 576 uxores
845 537 858 586 ;
889 531 1066 588 neque
1109 516 1256 572 enim
1295 513 1434 572 ultra
1473 515 1612 570 mori
1651 523 1802 584 pote-
1831 515 1880 576 Α
1909 511 2110 582 aliquid
2141 511 2414 580 prohibet,
2439 513 2568 582 quin
2597 501 2782 568 Hiram
2821 513 2970 586 (quia
3005 529 3102 572 rex
3129 521 3268 582 erat,
3291 517 3494 590 regali-

213 621 370 678 runt,
421 611 656 684 aequales
697 611 844 666 enim
873 609 1078 680 angelis
1125 617 1268 674 sunt,
1315 617 1370 664 et
1399 607 1492 662 ﬁlii
1523 615 1648 664 sunt
1685 607 1805 670 Dei,

1911 619 2016 674 que
2055 605 2294 676 potentia
2339 603 2682 660 Salomonem
2707 605 2764 660 in
2797 607 3028 664 aediﬁcio
3051 609 3246 664 domus
3281 609 3498 666 Domini

211 705 504 760 cum.sint
547 703 642 758 ﬁlii
687 703 1106 760 resurrectionis
1136 699 1292 772 (Luc.
1337 699 1450 772 xx).
1497 719 1516 752 ι
1553 699 1632 754 Ad
1667 699 1810 754 hanc
1903 697 2182 768 iuvabat),
2214 713 2506 754 conversos
2549 699 2614 754 ad
2661 699 2820 756 ﬁdem
2857 702 3004 772 ipsos
3031 715 3215 758 rerum
3249 703 3498 760 dominos

207 797 458 868 pertinet
489 797 602 868 ipse
633 795 902 852 mediator
925 793 1022 850 Dei
1053 801 1107 850 et
1135 793 1436 860 hominum,
1467 793 1630 848 homo
1657 791 1810 848 Chri-

209 897 334 944 stus
357 887 534 952 Jesus,
571 887 688 960 ipso
715 895 1024 952 attestante,
1055 901 1176 940 cum
1217 885 1292 938 ait
1329 903 1340 938 :
1381 903 1398 936 ι
1437 881 1640 938 Solvite
1673 889 1810 938 tem-

209 979 364 1052 plum
421 983 548 1048 hoc,
577 991 632 1036 et
665 981 719 1036 in
749 979 922 1036 tribus
949 977 1138 1034 diebus
1171 979 1422 1034 excitabo
1465 975 1596 1032 illud
1621 973 1802 1046 (Iona.

207 1073 298 1146 ll).
339 1093 358 1126 ι
393 1075 546 1144 Quod
573 1089 850 1144 exponens
879 1071 1240 1142 Evangelista,
1265 1067 1544 1140 subjuuxit
1575 1083 1592 1122 :
1639 1089 1658 1120 ι
1691 1067 1808 1124 Hoc

207 1175 402 1222 autem
443 1167 656 1224 dicebat
691 1167 756 1222 de
799 1165 998 1236 templo
1031 1165 1274 1236 corporis
1307 1165 1410 1220 sui.
1453 1183 1472 1216 ι
1503 1161 1644 1218 Dicit
1667 1163 1810 1234 Apo-

209 1257 396 1312 stolus
427 1259 493 1312 de
527 1259 686 1314 nobis
725 1277 738 1311 :
784 1279 800 1326 1
833 1255 1070 1312 Nescitis
1097 1257 1222 1326 quia
1247 1255 1504 1328 templum
1527 1255 1624 1310 Dei
1649 1255 1804 1322 estis,

205 1359 264 1405 et
295 1349 536 1420 Spiritus
569 1351 660 1406 Dei
685 1349 888 1406 habitat
911 1349 962 1404 in
985 1349 1140 1404 vobis
1169 1349 1220 1416 (1
1239 1347 1362 1404 Cor.
1391 1347 1512 1416 vi)?
1541 1367 1558 1398 ι
1587 1347 1646 1404 Si
1679 1363 1806 1418 ergo

209 1443 306 1498 ille
337 1445 600 1514 templum
651 1443 748 1500 Dei
791 1461 888 1514 per
929 1453 1264 1512 assumptum
1297 1443 1688 1498 humanitatem
1727 1441 1806 1496 l'a-

205 1543 334 1588 ctus
371 1545 475 1600 est,
509 1543 564 1588 et
595 1551 692 1590 nos
719 1533 976 1606 templum
1011 1535 1104 1590 Dei
1137 1551 1234 1606 per
1261 1533 1658 1589 inhabitantem
1685 1531 1828 1604 Spi-'

207 1623 384 1676 ritum
427 1625 546 1694 ejus
587 1625 640 1678 in
679 1625 834 1679 nobis
873 1623 1158 1689 efﬁcimur,
1211 1633 1422 1680 constat
1463 1625 1650 1694 utique
1677 1625 1804 1694 quia

207 1713 446 1786 ﬁgurant
469 1715 710 1770 omnium
735 1725 1002 1782 nostrum,
1029 1725 1084 1770 et
1109 1717 1278 1787 ipsius
1295 1697 1546 1772 videlicet
1565 1715 1800 1780 Domini,

203 1819 264 1860 et
297 1807 668 1860 membrorum
703 1805 838 1876 ejus,
873 1823 993 1878 quae
1021 1823 1120 1862 nos
1146 1823 1352 1874 sumus,
1383 1807 1642 1876 templum
1669 1805 1800 1862 illud

1911 789 2090 860 typice
2116 789 2428 856 denuntiet,
2479 805 2706 862 quorum
2737 807 2902 862 opera
2941 801 3154 850 constat
3197 793 3496 850 Ecclesium

1909 883 2106 952 saepius
2125 883 2456 954 adjuvatam,
2485 899 2548 938 ac
2571 883 2826 940 nobiliter
2849 897 3276 960 augmentatam,
3293 897 3350 944 et
3369 903 3498 946 con-

1907 979 1994 1026 tra
2021 973 2324 1040 haereticos,
2365 975 2740 1032 schismaticos
2761 987 2818 1034 et
2845 995 3082 1052 paganos
3105 981 3498 1054 principalibus

1909 1073 2146 1120 erectam
2179 1079 2300 1122 esse
2325 1067 2580 1124 decretis.

1983 1175 2004 1206 σ
2035 1157 2202 1212 Petiit
2225 1173 2356 1230 ergo
2373 1157 2634 1216 Salomon
2663 1161 2718 1216 in
2739 1177 2904 1232 opere
2927 1165 3112 1234 templi
3133 1167 3398 1224 auxilium
3427 1167 3498 1224 ab

1913 1265 1934 1298 ι
1969 1247 2176 1304 Hiram.
2216 1269 2234 1302 ι
2271 1249 2406 1318 Quia
2433 1267 2558 1306 cum
2583 1253 2806 1309 veniens
2827 1257 2882 1310 in
2911 1269 3074 1311 carne
3103 1255 3382 1322 Dominus,
3413 1257 3498 1312 di-

1907 1341 2104 1396 lectam
2157 1341 2260 1396 sibi
2315 1343 2534 1398 domum
2577 1327 2832 1400 videlicet
2883 1347 3186 1402 Ecciesiam
3227 1347 3498 1404 aediﬁcare

1907 1433 2236 1516 disponeret,
2263 1449 2372 1490 non
2395 1435 2462 1490 de
2483 1435 2682 1492 Judaeis
2711 1441 3102 1506 tantummodo,
3131 1443 3494 1496 verumetiam

1907 1531 1974 1586 de
1997 1531 2246 1600 gentibus
2268 1529 2542 1599 adjutores
2563 1531 2724 1604 elegit
2755 1549 2772 1588 ε
2799 1533 2936 1590 Nam
2963 1535 3028 1590 de
3045 1545 3280 1606 utroque
3301 1535 3498 1608 popqu

1905 1621 2186 1678 ministros
2213 1625 2482 1680 sermonis
2507 1627 2822 1697 assumpsit.

1981 1733 2000 1767 ι
2039 1715 2186 1772 Misit
2223 1715 2414 1772 Hiram
2451 1715 2726 1772 Salomoni
2755 1717 2980 1786 praecisa
3007 1718 3076 1772 de
3105 1717 3312 1774 Libano
3353 1717 3496 1790 ligna

1910 1823 1932 1859 ι
1967 1807 2189 1862 cedrina
2233 1815 2290 1862 et
2329 1807 2576 1878 abiegna,
2625 1823 2746 1878 quae
2775 1807 2829 1862 in
2871 1807 3032 1864 domo
3068 1809 3282 1864 Domini
3327 1823 3498 1879 pone-

205 1895 500 1952 materiale
527 1897 700 1952 tenuit
727 1913 740 1962 ;
787 1899 880 1952 sed
913 1897 1083 1968 ipsius
1113 1905 1370 1966 tanquam
1403 1895 1596 1968 lapidis
1633 1911 1804 1968 augu-
1835 1879 1882 1940 Β
1915 1917 1934 1950 ι
1965 1907 2172 1955 rentur.
2211 1921 2230 1952 ι
2257 1899 2394 1968 Quia
2425 1915 2688 1956 conversa
2721 1899 2998 1970 gentilitas
3025 1899 3174 1955 misit
3211 1901 3280 1954 ad
3309 1899 3494 1954 Domi-

205 1987 348 2044 laris
395 1987 742 2060 singulariter
783 1989 940 2044 electi
981 1997 1036 2044 et
1059 1991 1310 2060 pretiosi,
1357 1989 1412 2044 in
1453 1987 1804 2044 fundamento

205 2081 428 2138 fundati
471 2103 484 2138 :
533 2083 702 2138 nostri
752 2091 932 2138 autem
975 2093 1232 2154 tanquam
1279 2083 1516 2154 lapidum
1557 2083 1804 2138 vivorum

203 2175 794 2244 supertediﬁcatorum,
853 2191 1016 2246 super
1071 2173 1476 2230 fundamentum
1531 2172 1804 2243 apostolo-

201 2283 332 2322 rum
353 2275 412 2322 et
441 2269 847 2340 prophetarum,
877 2269 982 2324 hoc
1005 2275 1088 2324 est
1109 2283 1272 2338 super
1295 2267 1468 2338 ipsum
1493 2265 1800 2320 Dominum.

201 2359 472 2432 Designat
499 2363 743 2418 eamdem
763 2361 858 2416 Dei
887 2363 1106 2416 domum
1133 2359 1493 2430 spiritualem,
1519 2357 1682 2412 etiam
1715 2365 1800 2412 ta-

199 2451 564 2508 bernaculum
599 2453 870 2528 quondam
899 2451 1098 2508 factum
1131 2451 1184 2506 in
1221 2465 1408 2506 eremo
1433 2465 1530 2522 per
1557 2449 1796 2522 Moysen.

205 2541 418 2602 Verum
447 2545 574 2614 quia
603 2543 690 2600 illa
725 2545 914 2600 domus
943 2543 994 2598 in
1025 2543 1222 2598 itinere
1243 2557 1350 2612 quo
1381 2541 1448 2596 ad
1479 2551 1680 2596 terram
1713 2557 1800 2594 re-

197 2633 592 2702 promissionis
631 2635 992 2700 venicbatur,
1041 2635 1158 2690 haec
1212 2641 1394 2688 autem
1435 2631 1804 2688 tediﬁcabatur

195 2729 254 2782 in
299 2729 422 2800 ipsa
453 2737 596 2784 terra
643 2729 1080 2798 repromissionis
1119 2737 1174 2783 et
1221 2728 1274 2782 in
1330 2725 1550 2782 civitate
1583 2723 1802 2782 Jerusa-

193 2818 310 2872 lem
347 2837 364 2874 :
401 2819 490 2874 illa
519 2827 578 2874 ut
610 2819 676 2882 de
701 2819 822 2874 loco
846 2819 912 2874 ad
939 2819 1120 2874 locum
1145 2815 1336 2872 crebro
1357 2815 1668 2872 Levitarum
1699 2817 1800 2870 mi-

195 2909 496 2966 ninisterio
519 2919 752 2980 portata,
783 2911 998 2964 tandem
1025 2911 1076 2963 in
1101 2917 1298 2964 terram
1329 2907 1607 2978 promissae
1629 2907 1800 2962 luere-

195 3003 396 3058 ditatis
445 3001 832 3080 induceretur;
859 3001 974 3056 inec
1009 3009 1066 3054 ut
1115 3015 1238 3056 mox
1267 3001 1320 3054 in
1365 2999 1542 3069 patria
1589 2997 1704 3068 ipsa
1745 3005 1802 3052 et

195 3097 254 3150 in
289 3095 518 3150 civitate
553 3095 700 3168 regia
727 3103 1058 3160 constructa,
1099 3091 1396 3148 inviolabili
1431 3105 1650 3162 semper
1675 3089 1800 3144 fun-

193 3191 464 3244 damento
503 3189 826 3244 consisteret
853 3203 868 3242 :
899 3187 1070 3242 donec
1103 3185 1398 3240 indicatum
1427 3183 1528 3238 sibi
1557 3183 1794 3238 futurum

1905 2007 2034 2047 num
2079 1993 2224 2048 viros
2265 1993 2536 2062 quondam
2577 2001 2632 2048 et
2671 1993 2966 2048 secundum
2997 1993 3252 2050 saeculum
3299 1993 3494 2059 claros,

1903 2083 2000 2140 sed
2027 2083 2204 2140 securi
2221 2085 2522 2140 Dominicte
2541 2083 2944 2154 increpationis,
2967 2083 3036 2140 de
3057 2093 3240 2140 monte
3269 2099 3380 2139 suae
3407 2097 3498 2138 su-

1903 2175 2102 2246 perbia:
2137 2173 2250 2244 jam
2287 2175 2526 2246 dejectos
2563 2173 2994 2240 et'humiliatos,
3027 2175 3118 2246 qui
3157 2177 3224 2228 ad
3247 2188 3496 2230 normam

1903 2265 2238 2338 Evangelieze
2263 2265 2512 2320 veritatis
2545 2265 2776 2320 instituti
2819 2267 2874 2320 in
2915 2265 3272 2320 aediﬁcatione
3313 2263 3498 2320 Eccle-

1903 2357 1996 2414 siae
2041 2373 2140 2429 pro
2181 2373 2280 2414 suo
2323 2359 2552 2428 quisque
2597 2357 2792 2414 merito
2829 2359 2914 2412 vel
2957 2365 3222 2428 tempore,
3267 2357 3498 2436 colloca-

1903 2461 2114 2508 rentur.
2537 2469 2548 2478 '

1980 2565 1998 2598 ι
2039 2545 2184 2600 Misit
2211 2545 2375 2600 etiam
2403 2541 2664 2600 artiﬁces.
2699 2565 2716 2597 ι
2741 2541 2878 2611 Quia
2903 2557 3196 2598 conversos
3217 2543 3286 2598 ad
3307 2555 3498 2598 veram

1901 2635 2226 2704 sapientiam
2269 2633 2644 2704 philosophos,
2689 2635 2780 2703 qui
2823 2635 2994 2704 gratia
3035 2631 3360 2686 eruditionis
3403 2645 3494 2702 po-

1901 2727 2042 2800 pulis
2069 2743 2282 2796 quoque
2315 2727 2570 2796 regendis
2599 2725 2722 2792 jure
2751 2731 3217 2794 praeponerentur,
3267 2721 3512 2776 Domino-

1901 2819 2174 2893 genlilitas
2195 2819 2388 2876 obtulit
2413 2839 2426 2872 :
2457 2813 2629 2888 qualis
2665 2817 2766 2872 fuit
2797 2819 2930 2890 ipsis
2958 2817 3328 2888 apostolorum
3359 2825 3498 2872 tem-

1899 2913 2122 2984 poribus
2143 2911 2428 2984 Dionysius
2451 2911 2795 2984 Areopagita,
2819 2911 2995 2980 qualis
3017 2911 3272 2982 deinceps
3299 2911 3490 2966 doctor

1901 3003 2254 3060 suavissimus
2295 3013 2350 3058 et
2395 3003 2722 3058 fortissimus
2757 3011 2970 3074 martyr
3007 3003 3332 3074 Cyprianus,
3377 3001 3496 3056 alii-

1901 3111 2006 3166 que
2041 3095 2442 3166 quamplurimi.
2495 3093 2636 3148 Misit
2683 3103 2740 3150 et
2787 3109 2978 3148 aurum
3023 3095 3166 3164 quod
3207 3095 3262 3148 in
3305 3093 3496 3148 eadem

1901 3203 2038 3260 pene
2085 3187 2478 3260 signiﬁcatione
2517 3185 2812 3254 accipitur,
2873 3185 3000 3254 quia
3043 3183 3300 3240 nimirum
3345 3183 3496 3240 viros

199 3279 436 3334 caeleste
463 3295 656 3334 munus
681 3279 1018 3350 impleretur.
1065 3277 1250 3332 Potest
1283 3277 1334 3332 in
1373 3275 1482 3342 illa,
1519 3275 1800 3346 praesentis
1827 3255 1872 3318 (ἶ
1905 3255 2164 3352 sapientia
2215 3291 2268 3336 et
2297 3279 2512 3352 ingenio
2543 3279 2840 3350 praeclaros
2863 3279 3102 3334 ostendit
3131 3297 3144 3332 :
3173 3293 3274 3350 pro
3299 3277 3496 3348 quibus

201 3367 470 3426 Ecclesia:
513 3371 666 3424 labor
692 3379 746 3425 et
763 3355 1058 3436 exsilium,
1099 3369 1152 3424 in
1203 3371 1306 3424 hoc
1347 3367 1526 3422 futura
1556 3368 1710 3438 quies
1747 3377 1804 3423 et.

201 3463 496 3518 beatitudo
541 3463 782 3534 ligurari.
839 3463 934 3518 Vel
991 3471 1138 3518 certe
1185 3461 1312 3532 quia
1371 3459 1458 3514 illa
1503 3459 1632 3514 solis
1679 3459 1802 3514 ﬁliis

201 3553 416 3618 Israel,
463 3553 578 3610 haec
617 3561 796 3608 autem
843 3567 874 3606 a
919 3551 1205 3623 proselytis
1249 3551 1412 3606 etiam
1459 3557 1514 3604 et
1553 3549 1802 3618 gentibus

203 3647 354 3700 facta
391 3653 494 3700 est.
523 3643 756 3700 Possunt
787 3645 842 3698 in
869 3643 958 3698 illa
989 3641 1362 3714 principaliter
1379 3649 1584 3712 patres,
1619 3647 1673 3694 et
1699 3639 1802 3694 Ve-

205 3739 344 3792 teris
385 3735 720 3792 Testamcnti
749 3737 1002 3806 antiquus
1039 3735 1126 3790 ille
1165 3733 1260 3788 Dei
1301 3731 1554 3806 populus,
1601 3731 1652 3784 in
1697 3731 1800 3784 hac

203 3839 396 3887 autem
439 3839 760 3904 congregata
805 3831 870 3886 de
917 3829 1164 3900 gentibus
1204 3825 1462 3890 Ecclesia,
1505 3821 1804 3894 ﬁguraliter

203 3923 462 3994 exprimi.
515 3923 773 3990 Quamvis
807 3921 1094 3976 aediﬁcium
1133 3917 1411 3986 utriusque
1451 3915 1640 3972 domus
1669 3929 1801 3970 enu-

205 4013 442 4070 cleatius
465 4011 690 4086 spiritali
720 4027 902 4076 sensu,
936 4025 1222 4066 excursum
1253 4017 1308 4062 et
1331 4007 1542 4064 labores
1567 4023 1804 4078 praesen-

207 4107 282 4160 tis
309 4105 566 4160 Ecclesiae
593 4104 952 4176 quotidianos,
983 4111 1036 4184 et
1065 4101 1288 4174 praemia
1319 4101 1372 4154 in
1401 4099 1580 4154 futuro
1607 4113 1802 4170 percn-

207 4199 326 4264 nia,
371 4197 676 4268 gaudiaque
703 4197 852 4268 regni
887 4195 1140 4260 caelestis,
1182 4203 1238 4250 et
1267 4193 1580 4250 eleCtionem
1611 4193 1802 4264 primae

205 4291 278 4344 de
313 4289 476 4344 lsrael
507 4287 780 4354 Ecclesiae,
821 4297 874 4342 et
905 4287 1132 4342 salutem
1161 4287 1400 4342 omnium
1429 4287 1666 4358 gentium
1689 4327 1702 4350 ,
1745 4289 1800 4340 in

205 4383 434 4438 Christo
477 4381 660 4438 multis
695 4381 867 4438 modis
911 4381 1230 4436 ostendatur
1272 4381 1550 4435 insinuare
1593 4379 1798 4450 ﬁguris.

207 4475 416 4530 Narrat
465 4483 644 4528 autem
685 4473 928 4538 historia,
981 4471 1104 4542 quia
1147 4471 1404 4526 Salomon
1445 4473 1660 4526 domtun
1693 4471 1798 4524 Do-

207 4567 346 4624 mini
377 4567 764 4632 aadiﬁcaturus,
785 4565 1064 4636 qutesierit
1092 4563 1348 4619 auxilium
1373 4565 1440 4616 ab
1461 4561 1646 4617 Hiram
1675 4577 1800 4633 rege

207 4659 344 4730 Tyri
369 4701 384 4724 ,
415 4659 648 4730 quierat
677 4657 884 4712 amicus
909 4657 1076 4712 David
1102 4655 1246 4712 omni
1279 4665 1548 4724 tempore,
1582 4661 1634 4708 et
1675 4667 1798 4708 cum

203 4755 332 4822 ipso
361 4765 576 4822 quoque
617 4747 904 4804 Salomone
929 4757 1216 4818 postquam
1255 4761 1422 4816 regno
1451 4745 1654 4815 potitus
1681 4755 1766 4800 est
1785 4787 1800 4812 ,

203 4857 406 4914 pacem
438 4841 643 4896 habere
671 4839 784 4910 jam
823 4849 1086 4908 cmperat,
1123 4847 1538 4908 promptumque
1565 4851 1690 4890 mox
1731 4835 1800 4892 ad

205 4935 582 5004 adiuvandum
611 4947 672 4988 se
699 4931 754 4986 in
783 4933 1038 4990 omnibus
1066 4931 1183 5002 ejus
1213 4929 1480 4984 invenerit
1509 4931 1742 4984 amicum
1783 4945 1796 4981 :

203 5029 290 5084 ita
317 5033 382 5082 ut
407 5023 646 5080 artiﬁces
669 5023 762 5088 illi,
791 5033 842 5080 et
871 5023 1012 5092 ligna
1035 5031 1090 5078 et
1117 5037 1326 5086 aurum,
1359 5029 1520 5092 prout
1539 5035 1674 5089 opus
1701 5021 1798 5074 ha-

201 5121 400 5184 bebat,
425 5117 660 5174 dederit.
691 5115 858 5186 Cujus
881 5113 1128 5170 beneﬁcii
1159 5115 1330 5186 gratia
1357 5111 1610 5168 Salomon
1633 5113 1682 5168 ei
1705 5127 1802 5182 per

202 5225 390 5268 annos
419 5209 658 5282 singulos
689 5209 952 5279 plurimos
989 5205 1152 5262 tritici
1191 5215 1246 5261 et
1279 5205 1382 5260 olei
1415 5205 1612 5260 choros
1639 5205 1692 5258 in
1719 5205 1798 5258 ci-

197 5307 346 5362 bum
389 5303 572 5358 domui
613 5301 730 5370 ejus
765 5301 949 5358 dabat.
989 5299 1128 5354 Nulli
1167 5307 1346 5354 autem
1391 5299 1610 5354 dubium
1657 5299 1802 5368 quod

201 5397 500 5462 Salomon,
523 5395 614 5464 qui
645 5391 1034 5464 interpretatur
1061 5391 1329 5462 paciﬁcus,
1357 5399 1412 5445 et
1441 5391 1560 5460 ipso
1583 5391 1800 5442 nomine

199 5497 268 5543 et
311 5485 664 5540 serenissimo
703 5483 852 5554 regni
881 5481 962 5538 sui
999 5489 1162 5546 statu,
1213 5481 1358 5535 illum
1403 5481 1689 5552 signiﬁcet,
1731 5479 1800 5534 de

197 5593 322 5650 quo
351 5577 492 5631 dixit
531 5575 734 5630 lsaias:
777 5593 794 5626 σ
843 5573 1286 5644 Muitiplicabitur
1333 5571 1452 5640 ejus
1489 5571 1796 5640 imperium,

199 5681 264 5728 et
293 5669 448 5744 pacis
473 5683 578 5724 non
607 5667 710 5722 erit
733 5667 874 5722 ﬁnis.
905 5687 922 5718 ι
957 5665 1140 5720 Hiram
1161 5681 1306 5730 vero,
1331 5665 1424 5736 qui
1449 5665 1640 5720 Latine
1667 5663 1798 5718 dici-

195 5777 300 5822 tur
335 5764 536 5818 excelse
575 5763 766 5828 rivens,
799 5761 1082 5816 credentes
1119 5775 1184 5814 ex
1215 5759 1462 5831 gentibus
1499 5767 1552 5814 et
1587 5759 1694 5814 vita
1723 5759 1798 5812 si-

199 5857 326 5916 mul
363 5871 486 5910 cum
519 5855 620 5910 ﬁde
649 5853 940 5925 gloriosos,
975 5853 1270 5924 ﬁguraliter
1299 5853 1572 5922 exprimit.
1613 5849 1798 5922 Neque

1827 4623 1878 4684 D

1903 3373 2112 3428 cunctis
2133 3371 2497 3427 oblationibus
2523 3371 2796 3442 gentilitas
2821 3385 2852 3426 a
2881 3370 3109 3426 Domino
3141 3369 3280 3425 dona
3301 3383 3498 3440 exspe-

1903 3475 2014 3524 ctat
2039 3469 2224 3540 gratia:
2263 3467 2522 3523 cmlestis.
2553 3465 2822 3522 Convenit
2849 3475 3026 3520 autem
3059 3473 3182 3536 apte
3205 3465 3369 3521 rebus
3395 3465 3496 3522 Ec-

1901 3557 2101 3622 clesize,
2147 3559 2288 3628 quod
2317 3557 2577 3612 auxilium
2615 3559 2794 3628 operis
2829 3557 3002 3612 sancti
3031 3555 3280 3628 ﬂagitans
3315 3557 3392 3610 ait
3428 3557 3496 3610 ad

1903 3649 2084 3706 Hiram
2111 3649 2368 3706 Salomon
2403 3665 2418 3704 :

1979 3771 1996 3802 ι
2041 3751 2282 3822 Przccipe
2319 3752 2482 3824 igitur
2519 3761 2579 3807 ut
2607 3755 2904 3824 praecidant
2939 3753 3072 3808 mihi
3099 3753 3292 3808 cedros
3313 3751 3380 3808 dc
3407 3753 3498 3806 Li-

1909 3861 1926 3894 ι
1971 3843 2130 3908 bano,
2161 3851 2214 3896 et
2238 3845 2378 3897 servi
2401 3845 2506 3898 mei
2537 3845 2644 3898 sint
2673 3857 2796 3900 cum
2823 3845 2997 3900 servis
3023 3845 3147 3908 tuis,
3183 3843 3494 3900 mercedem

1907 3951 1928 3986 ι
1972 3943 2152 3990 autem
2175 3949 2451 3990 servorum
2471 3943 2682 3990 tuorum
2712 3937 2848 3992 dabo
2867 3937 2958 3991 tibi
2985 3951 3365 4008 quamcunque
3387 3951 3484 4006 pe-

1907 4045 1928 4102 r
1973 4029 2142 4084 tieris.
2189 4027 2309 4084 Scis
2341 4031 2484 4084 enim
2517 4033 2787 4099 quomodo
2817 4049 2922 4086 non
2949 4041 3033 4086 est
3067 4033 3118 4086 in
3145 4031 3342 4104 populo
3373 4047 3496 4088 meo

1907 4137 1928 4170 ι
1973 4119 2088 4184 vir,
2129 4119 2218 4190 qui
2251 4121 2464 4174 noverit
2501 4121 2642 4192 ligna
2679 4123 2884 4176 euadere
2915 4123 3054 4176 sicut
3097 4121 3326 4176 Sidonii.
3359 4121 3494 4178 Cum

1907 4231 1926 4262 ι
1971 4227 2100 4280 ergo
2137 4209 2376 4266 audisset
2411 4211 2592 4265 lliram
2631 4213 2788 4268 verba
2815 4211 3146 4280 Salomonis,
3175 4213 3386 4270 laetatus
3413 4223 3496 4270 est

1907 4321 1926 4356 ε
1969 4301 2144 4366 valde,
2164 4309 2218 4356 et
2238 4302 2312 4356 ait
2347 4321 2360 4354 :
2389 4301 2712 4356 Benedictus
2735 4301 2994 4358 Dominus
3017 4301 3160 4356 Deus
3183 4301 3366 4368 hodie,
3403 4303 3494 4372 qui

1907 4409 1926 4442 σ
1968 4391 2114 4446 dedit
2139 4389 2310 4444 David
2345 4391 2512 4444 ﬁlium
2538 4391 3024 4460 sapientissimum,
3047 4405 3212 4460 super
3239 4391 3494 4462 populum

1909 4485 1942 4532 ί
1967 4483 2112 4537 hunc
2163 4481 2478 4552 plurimum.
2511 4481 2578 4536 Et
2619 4483 2766 4536 misit
2813 4481 2998 4536 Hiram
3039 4481 3106 4536 ad
3147 4481 3494 4538 Salomonem

1907 4593 1926 4626 ε
1975 4575 2208 4630 dicens:
2251 4573 2442 4626 Audivi
2487 4587 2822 4644 quaecunque
2869 4573 3136 4628 mandasti
3179 4575 3334 4628 mihi.
3381 4573 3494 4644 Ego

1907 4683 1928 4718 ι
1965 4665 2158 4720 faciam
2191 4679 2404 4719 onmem
2437 4663 2766 4719 voluntatem
2797 4671 2944 4718 tuam
2981 4665 3032 4717 in
3063 4663 3224 4736 lignis
3253 4663 3494 4720 cedrinis

1907 4773 1926 4806 ς
1967 4765 2020 4810 et
2049 4755 2309 4825 abiegnis.
2365 4753 2520 4810 Servi
2545 4755 2648 4810 mei
2683 4755 2956 4826 deponent
2995 4771 3058 4810 ea
3087 4755 3154 4810 de
3191 4755 3396 4812 Libano
3425 4755 3494 4810 ad

1907 4865 1924 4898 ι
1973 4859 2144 4908 mare,
2189 4853 2242 4898 et
2287 4859 2388 4916 ego
2433 4859 2756 4922 componam
2799 4861 2860 4900 ea
2911 4847 2962 4900 in
3009 4847 3218 4902 ratibus
3267 4847 3320 4900 in
3353 4845 3490 4898 mari

1909 4955 1928 4988 ς
1967 4951 2138 5006 usque
2169 4935 2234 4990 ad
2259 4935 2432 4990 locum
2455 4951 2612 5007 quem
2629 4937 3024 5008 signiﬁcaveris
3051 4937 3206 5000 mihi,
3229 4945 3284 4991 et
3317 4933 3490 5006 appli-

1909 5047 1928 5082 σ
1973 5031 2110 5084 caho
2133 5043 2194 5082 ea
2229 5027 2322 5092 ibi,
2351 5037 2404 5082 et
2439 5035 2490 5082 tu
2521 5027 2676 5084 tolles
2705 5043 2768 5084 ea
2797 5047 2808 5082 :
2837 5029 3216 5096 Prmhebisque
3241 5039 3492 5082 necessa-

1911 5137 1930 5172 ι
1973 5121 2050 5174 ria
2093 5117 2244 5182 mihi,
2295 5117 2454 5172 detur
2497 5121 2652 5174 cibus
2683 5121 2860 5174 domui
2903 5133 3052 5174 meae.
3089 5118 3272 5186 Itaque
3301 5115 3492 5170 Hiram

1909 5231 1928 5264 ι
1975 5211 2136 5268 dabat
2183 5211 2456 5266 Salomoni
2511 5211 2654 5284 ligna
2713 5211 2931 5268 cedriua
2971 5219 3028 5266 et
3071 5209 3214 5280 ligna
3261 5207 3488 5278 abiegna

1909 5323 1928 5356 ε
1961 5303 2112 5374 juxta
2161 5319 2378 5360 omnem
2429 5305 2758 5360 voluntatem
2808 5303 2942 5370 ejus.
3001 5299 3258 5355 Salomon
3307 5307 3490 5354 autem

1909 5413 1930 5450 ε
1973 5397 2244 5468 przehehat
2285 5395 2470 5452 Hiram
2499 5397 2688 5468 viginti
2717 5395 2884 5450 millia
2905 5395 3104 5448 choros
3131 5391 3298 5446 tritici
3329 5391 3386 5446 in
3411 5389 3492 5446 ci-

1911 5505 1930 5538 σ
1973 5487 2096 5541 bum
2127 5487 2306 5540 domui
2343 5487 2462 5558 ejus
2483 5529 2495 5552 ,
2529 5495 2584 5542 et
2609 5485 2794 5558 viginti
2827 5485 3022 5538 choros
3055 5481 3336 5554 purissimi
3359 5481 3488 5538 olei.

1907 5595 1924 5626 α
1967 5575 2092 5632 Haec
2115 5577 2386 5632 tribuebat
2411 5575 2666 5632 Salomon
2703 5573 2886 5628 Hiram
2909 5587 3006 5642 per
3035 5585 3206 5626 annos
3227 5571 3486 5642 singulos.

1906 5685 1924 5718 ο
1972 5667 2126 5722 Dedit
2155 5683 2368 5738 quoque
2403 5667 2662 5722 Dominus
2695 5665 3016 5734 sapientiam
3051 5661 3326 5718 Salomoni
3347 5663 3490 5718 sicut

1907 5777 1924 5812 ι
1971 5759 2180 5814 locutus
2203 5749 2290 5814 est
2309 5761 2378 5822 ei,
2407 5769 2632 5826 eratque
2653 5771 2758 5828 pax
2783 5757 2924 5809 inter
2953 5755 3138 5818 Hiram
3167 5761 3222 5810 et
3249 5751 3492 5808 Salomo-

1909 5871 1926 5902 ι
1967 5867 2124 5916 nem,
2153 5861 2208 5906 et
2233 5849 2794 5920 percusseruntamho
2815 5847 3008 5904 fmdus.
3053 5868 3072 5900 ι
3111 5845 3266 5902 Servi
3287 5843 3488 5914 quippe
