4044 6336
534 367 637 422 407

1575 363 1927 420 ANGELOMI
1965 361 2426 419 LUXOVIENSIS
2462 363 2767 418 MONACHI

3721 365 3834 420 408

527 475 748 543 Hiram,
771 476 864 546 qui
893 475 1261 548 pracidebant
1289 473 1564 529 Salomoni
1585 473 1781 529 cedros
1809 471 1876 526 de
1899 471 2123 536 Libano,
2156 477 2208 535 Α
2231 472 2287 528 in
2316 472 2516 527 fratres
2541 485 2851 543 operantur.
2891 471 2997 526 Per
3024 472 3352 538 orationem,
3403 473 3594 529 omnia
3634 473 3843 545 quibus

535 568 788 625 doctores
819 577 947 622 sunt
981 565 1140 622 electi
1167 567 1235 621 de
1269 564 1539 637 gentibus,
1578 579 1810 634 quorum
1837 560 1997 644 ofﬁcii
2023 572 2126 630 est,

535 676 631 719 eos
652 662 745 733 qui
769 661 822 716 in
857 661 961 717 hoc
985 661 1189 715 mundo
1210 659 1374 714 rebus
1400 667 1456 713 et
1480 656 1648 728 gloria
1679 655 2004 711 latabantur
2028 697 2044 722 ,
2076 664 2132 712 et

533 754 807 826 superbia
833 752 976 809 fastu
1018 751 1338 824 corrigendo
1375 760 1638 816 sternere,
1671 757 1832 818 atque
1862 751 1929 803 ad
1967 751 2128 805 obse-

535 849 724 920 quium
751 848 833 903 sui
860 846 1257 916 Redemptoris,
1290 858 1480 899 eorum
1500 851 1626 900 vota
1652 843 1972 898 transferre.
1994 841 2130 898 Cum

537 941 737 1011 quibus
764 939 1019 996 videlicet
1047 938 1241 1002 servis,
1271 943 1429 990 erant
1451 943 1506 990 et
1535 935 1674 992 servi
1711 933 2040 1001 Salomonis,
2066 949 2131 992 ac

535 1039 744 1109 pariter
770 1043 1070 1092 memorato
1093 1033 1371 1088 instabant
1387 1032 1540 1103 operi
1567 1049 1582 1099 ;
1613 1032 1740 1102 quia
1760 1031 1921 1103 primi
1945 1032 2132 1087 docto-

535 1145 628 1186 res
652 1145 720 1184 ex
752 1127 1004 1199 gentibus
1023 1139 1247 1180 necesse
1273 1124 1550 1179 habebant
1585 1123 1828 1194 ipsorum
1857 1121 2133 1193 apostolo-

536 1233 680 1283 rum,
708 1217 800 1286 qui
849 1231 879 1270 a
917 1214 1148 1270 Domino
1180 1213 1502 1278 didicerant,
1544 1213 1850 1268 eruditione
1880 1212 1935 1266 in
1960 1211 2130 1267 verbo

534 1309 660 1365 ﬁdei
693 1307 922 1365 instituti
955 1325 968 1361 :
1003 1322 1078 1372 ne,
1096 1308 1143 1363 si
1177 1307 1382 1378 absque
1404 1306 1682 1378 magistris
1709 1306 1906 1360 docere
1929 1303 2131 1373 incipe-

535 1408 680 1466 rent,
711 1399 954 1470 magistri
983 1399 1284 1454 existerent
1308 1395 1781 1463 errorisaidcirco
1803 1395 2005 1450 etenim
2033 1394 2130 1450 Sa-

539 1505 716 1546 .omon
760 1505 951 1546 servos
981 1489 1166 1544 Hiram
1207 1490 1416 1545 cadere
1450 1489 1554 1544 sibi
1582 1488 1753 1544 voluit
1779 1486 1923 1559 ligna
1947 1488 2013 1543 de
2041 1485 2132 1542 Li-

533 1585 696 1650 bano,
723 1583 850 1654 quia
875 1584 1147 1639 doctiores
1176 1592 1334 1638 erant
1361 1582 1534 1638 servis
1557 1581 1669 1636 suis
1695 1581 1762 1634 ad
1791 1579 2126 1636 cadendum.

533 1677 638 1732 Sed
685 1676 893 1732 idcirco
927 1677 1091 1731 etiam
1126 1689 1314 1731 servos
1351 1689 1481 1728 suos
1518 1672 1680 1728 simul
1715 1672 1909 1727 adesse
1937 1671 2128 1738 voluit,

531 1777 592 1822 nt
615 1770 972 1824 ostenderent
997 1767 1330 1823 cadentibus
1355 1765 1513 1835 cujus
1539 1780 1810 1821 mensura
1839 1765 1984 1837 ligna
2006 1764 2125 1820 ﬁeri

531 1857 808 1913 deberent.
835 1857 1001 1928 Cujus
1024 1858 1105 1912 rei
1137 1857 1309 1928 figura
1332 1857 1386 1910 in
1415 1833 1668 1927 promptu
1685 1863 1768 1910 est
1791 1874 1804 1909 :
1829 1833 1957 1924 quia
1971 1855 2131 1909 nimi—
2157 1833 2204 1894 Β

533 1966 654 2006 rum
693 1949 925 2019 apostoli
959 1949 1162 2004 certius
1197 1949 1420 2004 verbum
1449 1947 1748 2019 Evangelii,
1780 1947 1923 2016 quod
1956 1961 1986 2000 a
2014 1946 2124 2001 Do-

529 2042 679 2097 mino
707 2042 949 2108 audiere,
977 2048 1266 2105 noverunt,
1299 2039 1393 2095 sed
1423 2039 1655 2108 gentiles
1691 2039 1761 2093 ab
1785 2054 1973 2094 errore
2001 2054 2128 2094 con-

532 2132 700 2198 versi,
751 2142 914 2201 atque
957 2132 1027 2186 ad
1075 2133 1360 2186 veritatem
1408 2130 1682 2201 Evangelii
1730 2129 2124 2192 transformati,

530 2220 727 2276 melius
757 2221 904 2291 ipsos
933 2221 1171 2293 gentium
1203 2233 1420 2276 errores
1458 2228 1740 2275 noverant.
1769 2219 1838 2274 Et
1865 2234 1975 2289 quo
2009 2233 2128 2274 cer-

528 2314 638 2369 tius
666 2323 962 2382 noverunt,
1005 2313 1456 2370 eo‘artiﬁciosius
1490 2315 1588 2370 hos
1626 2329 1937 2386 expugnare
1967 2323 2130 2384 atque

532 2401 804 2462 evacuare
835 2407 1160 2464 didicerunt.
1945 2451 1952 2464 κ

609 2514 629 2548 ς
675 2497 959 2568 Elegitqne
983 2513 1077 2552 rex
1102 2495 1359 2553 Salomon
1379 2497 1658 2567 operarios
1683 2497 1751 2552 de
1772 2497 1921 2553 omni
1941 2496 2128 2563 Israel,

538 2611 556 2642 ι
603 2600 658 2646 et
689 2601 808 2647 erat
839 2591 1064 2646 indictio
1092 2590 1317 2662 triginta
1353 2590 1527 2645 millia
1560 2589 1825 2644 virorum.
1859 2589 2134 2645 Mittebat-

541 2700 562 2734 ι
597 2698 704 2754 que
731 2699 825 2739 eos
849 2683 903 2737 in
930 2681 1196 2738 Libanum
1220 2682 1411 2738 decem
1436 2681 1626 2746 millia,
1649 2695 1747 2752 per
1773 2696 1991 2738 menses
2015 2682 2130 2737 sin-

534 2792 555 2826 (
601 2775 755 2847 gulos
783 2775 1042 2840 vicissim,
1081 2775 1159 2829 ita
1195 2783 1255 2828 ut
1281 2775 1492 2830 duobus
1531 2775 1810 2828 mensibus
1849 2783 2039 2830 essent
2078 2775 2132 2830 in

539 2887 557 2919 ι
607 2871 859 2926 domibus
902 2870 1033 2925 suis.
1080 2887 1098 2919 ι
1147 2867 1250 2924 Ubi
1292 2869 1470 2938 primo
1504 2867 1826 2934 notandum,
1853 2869 1999 2940 quod
2025 2883 2132 2924 non

528 2957 732 3015 frustra
765 2959 1022 3015 Salomon
1045 2959 1328 3028 operarios
1349 2958 1416 3013 de
1445 2959 1594 3014 omni
1625 2957 1792 3014 Israel
1817 2959 2003 3028 elegit,
2039 2974 2134 3014 ne-

531 3066 637 3120 que
675 3061 795 3106 erat
827 3051 935 3106 ulla
970 3051 1150 3121 portio
1178 3049 1382 3121 populi,
1420 3049 1488 3104 de
1521 3065 1627 3120 qua
1657 3067 1764 3106 non
1797 3051 1943 3122 digni
1981 3059 2132 3106 tanto

531 3161 696 3215 opere
721 3145 828 3200 viri
857 3152 1284 3200 assumerentur.
1320 3143 1459 3210 Quia
1482 3143 1740 3197 nimirum
1769 3157 1878 3197 non
1899 3157 2045 3198 nunc
2065 3143 2131 3198 de

534 3253 641 3292 una
689 3238 856 3307 stirpe
893 3237 1074 3292 Aaron
1108 3237 1419 3293 sacerdotes
1457 3235 1725 3306 eligendi,
1755 3235 1852 3290 sed
1885 3235 1953 3291 de
1981 3237 2128 3291 omni

532 3339 663 3385 sunt
687 3329 928 3385 Ecclesia
951 3330 1248 3400 quarendi,
1273 3329 1366 3399 qui
1385 3327 1656 3382 aedificare
1677 3327 1896 3382 domum
1918 3327 2130 3382 Domini

531 3422 619 3478 vel
656 3423 904 3494 exemplo
938 3438 1036 3478 suo
1079 3423 1164 3477 vel
1206 3423 1352 3477 dicto
1380 3418 1658 3474 sufﬁciant
1692 3437 1704 3471 :
1740 3427 1795 3473 et
1825 3419 2132 3490 ubicunque

532 3518 737 3574 inventi
779 3518 1004 3584 fuerint,
1047 3533 1174 3572 mox
1219 3517 1275 3571 in
1311 3514 1554 3571 ofﬁcium
1595 3513 1879 3568 doctorum
1926 3515 2134 3584 absque

533 3611 640 3666 ulla
719 3625 1080 3682 personarum
1153 3607 1468 3677 acceptione
1531 3606 1908 3675 promovendi.
1978 3606 2135 3664 Tales

531 3705 622 3773 qui
654 3719 776 3762 cum
801 3703 870 3756 ad
900 3698 1230 3756 erudiendos
1256 3696 1503 3752 inﬁdeles
1528 3697 1580 3751 in
1623 3697 1912 3768 collegium
1933 3698 2122 3754 Eccle-

533 3793 629 3848 sia
677 3791 950 3846 vocandos
1001 3788 1326 3844 ordinantur
1355 3829 1370 3852 ,
1426 3789 1582 3858 quasi
1632 3789 1701 3845 ad
1739 3789 2026 3844 cadendas
2079 3789 2134 3843 in

532 3883 742 3938 Libano
781 3881 968 3952 templi
1021 3880 1303 3946 materias,
1350 3879 1455 3936 viri
1504 3881 1711 3936 strenui
1769 3889 1934 3950 atque
1975 3879 2135 3936 electi

534 3975 845 4029 mittuntur.
904 3974 973 4028 Et
1014 3973 1232 4042 quidem
1287 3988 1546 4028 numerus
1589 3974 1811 4045 triginta
1882 3972 2132 4039 millium,

538 4085 648 4140 quo
678 4068 840 4122 iidem
885 4067 1154 4138 lignorum
1181 4080 1412 4123 casores
1459 4067 1912 4132 recensebantur,
1957 4073 2135 4136 potest

533 4161 598 4212 ad
649 4174 836 4215 eorum
869 4158 1098 4230 ﬁguram
1154 4164 1279 4227 apte
1308 4157 1526 4224 referri,
1568 4158 1659 4227 qui
1691 4157 1746 4211 in
1796 4156 1903 4212 ﬁde
1932 4165 2134 4212 sancta

534 4252 818 4307 Trinitatis
857 4259 984 4307 sunt
1035 4249 1281 4321 perfecti,
1327 4247 1473 4320 quod
1533 4247 1848 4304 doctoribus
1895 4247 2133 4303 maxime

533 4343 805 4413 congruit.
839 4342 1041 4397 Verum
1077 4341 1205 4411 quia
1237 4341 1458 4412 triginta
1493 4338 1663 4394 millia
1701 4339 1778 4392 ita
1805 4350 1961 4394 erant
1981 4339 2131 4394 ordi-

532 4445 683 4502 nata,
715 4444 777 4491 ut
817 4435 955 4492 dena
985 4433 1153 4489 millia
1189 4448 1289 4503 per
1321 4446 1537 4488 menses
1578 4430 1820 4502 singulos
1867 4431 2019 4501 operi
2049 4431 2132 4486 in—

469 4575 479 4578 _
534 4537 764 4594 starent,
817 4527 989 4598 magis
1041 4525 1253 4581 denarii
1295 4524 1508 4580 numeri
1561 4531 1964 4585 sacramentum
2011 4538 2136 4592 per-

529 4616 770 4684 pendere
800 4616 1080 4672 debemus.
1116 4615 1267 4672 Dena
1317 4629 1551 4686 namque
1584 4616 1752 4672 millia
1791 4617 2034 4672 virorum
2064 4619 2131 4673 de

530 4708 698 4765 Israel
752 4710 820 4765 ad
870 4709 1124 4766 cadenda
1182 4708 1326 4781 ligna
1375 4710 1430 4764 in
1495 4724 1630 4781 opus
1673 4711 1866 4765 domus
1917 4709 2131 4766 Domini

533 4802 856 4868 mittuntur,
924 4802 1053 4872 quia
1093 4801 1408 4873 quicunque
1478 4801 1729 4858 doctores
1783 4813 1948 4871 atque
1995 4802 2129 4857 insi-

536 4894 802 4964 pientium
830 4893 1137 4950 eruditores
1165 4886 1622 4958 sunt‘ordinandi,
1647 4894 1835 4949 decem
1861 4904 2130 4965 praecepta

531 4988 672 5059 legis
693 5003 792 5059 per
826 4988 1010 5044 omnia
1033 4996 1090 5043 et
1127 4988 1229 5059 ipsi
1250 4989 1563 5053 observare,
1586 4994 1645 5042 et
1667 4987 2001 5044 auditoribus
2022 4989 2135 5045 suis

533 5078 735 5134 debent
777 5079 1116 5135 observanda
1164 5066 1490 5141 monstrare,
1548 5077 1645 5134 sed
1706 5087 1763 5134 et
1806 5079 2028 5150 pramia
2073 5079 2130 5134 in

533 5171 689 5227 caelis
732 5171 940 5238 futura,
991 5185 1112 5242 qua
1156 5170 1382 5225 denario
1431 5169 1606 5226 solent
1649 5169 1894 5241 ﬁgurari,
1931 5178 1987 5225 et
2027 5171 2128 5242 ipsi

533 5278 758 5334 sperare
795 5275 851 5321 et
881 5266 1221 5322 auditoribus
1247 5265 1361 5320 suis
1390 5266 1656 5334 speranda
1686 5265 1888 5321 debent
1915 5279 2131 5335 semper

535 5353 808 5411 intimare.
858 5355 1023 5412 Terni
1073 5365 1253 5412 autem
1300 5370 1537 5422 menses,
1583 5369 1815 5426 quorum
1870 5355 2127 5411 diStantia

535 5443 761 5514 singulis
807 5455 928 5501 erat
974 5446 1246 5518 lignorum
1291 5447 1587 5502 casoribus
1632 5445 1904 5516 imposita,
1947 5444 2130 5516 perfe-

534 5533 771 5588 ctionem
800 5534 965 5590 trium
1012 5535 1275 5591 virtutum
1324 5535 1775 5606 Evangelicarum
1824 5536 2001 5607 typice
2030 5535 2128 5591 de-

537 5624 828 5680 nuntiant:
858 5627 1215 5700 eleemosyna
1245 5629 1516 5696 videlicet,
1547 5629 1813 5684 orationis
1842 5627 2127 5698 etjejunii.

538 5717 644 5774 Per
667 5718 1066 5791 eleemosynam
1109 5738 1343 5793 namque
1389 5721 1922 5793 comprehenduntur
1947 5724 2130 5779 omnia

537 5823 660 5880 qua
703 5808 770 5864 ad
815 5807 1160 5866 dilectionem
1205 5813 1438 5881 proximi
1493 5811 1819 5882 explendam
1870 5811 2130 5869 benevole

2233 580 2332 637 per
2355 565 2631 620 internam
2653 561 3126 636 Compunctionem
3153 573 3342 622 nostro
3369 564 3659 622 Conditori
3700 582 3842 623 eon-

2211 658 2526 731 jungimur.
2565 658 2672 714 Per
2689 656 2978 729 jejunium,
3013 658 3195 714 omnia
3219 659 3418 730 quibus
3439 674 3543 714 nos
3567 675 3602 714 a
3643 669 3835 715 conta-

2233 749 2392 821 gione
2421 749 2698 814 vitiorum,
2739 757 2795 804 et
2819 748 3091 805 illecebris
3131 749 3313 806 saculi
3359 749 3756 816 observamus,
3786 763 3844 807 ut

2231 843 2403 899 libera
2438 855 2640 910 mente,
2671 851 2727 898 et
2756 857 2986 913 corpore
3022 851 3197 908 casto,
3225 842 3502 900 dilectioni
3549 845 3842 900 valeamus

2231 936 2498 993 inharere
2539 951 2754 1006 semper
2799 937 2974 992 nostri
3018 935 3330 994 Conditoris
3375 947 3431 992 et
3466 937 3748 1008 proximi.
3777 939 3842 993 Et

2233 1030 2320 1086 isti
2342 1038 2468 1084 sunt
2500 1037 2614 1084 tres
2633 1043 2848 1084 menses
2870 1029 3246 1100 operariorum
3277 1029 3462 1100 templi
3495 1048 3508 1083 :
3542 1029 3695 1084 Nam
3716 1031 3840 1100 quia

2231 1123 2434 1181 mensis
2457 1123 2793 1194 plenitudine
2821 1123 3030 1179 dierum
3063 1123 3271 1180 lunaris
3295 1124 3486 1180 circuli
3517 1125 3840 1197 perﬁcitur,

2231 1224 2380 1272 recte
2405 1231 2506 1287 per
2530 1215 2682 1271 illum
2709 1215 2990 1286 plenitudo
3023 1216 3245 1272 virtutis
3267 1214 3536 1286 cujusque
3564 1217 3842 1287 spiritalis

2230 1308 2556 1374 ostenditur,
2588 1308 2644 1363 in
2657 1323 2762 1377 qua
2778 1322 2933 1363 mens
2945 1307 3190 1363 ﬁdelium
3216 1322 3247 1361 a
3263 1307 3494 1363 Domino
3506 1307 3840 1378 quotidiana

2231 1401 2614 1466 illustrations,
2645 1400 2802 1470 quasi
2823 1400 2950 1454 luna
2978 1415 3009 1455 a
3032 1399 3147 1456 sole
3175 1401 3485 1470 respicitur.
3514 1401 3683 1455 Unus
3714 1416 3845 1456 vero

2230 1495 2436 1551 mensis
2461 1510 2570 1564 quo
2590 1494 2735 1564 ligna
2757 1492 2824 1548 ad
2854 1508 2992 1563 opus
3025 1493 3210 1562 templi
3246 1492 3551 1557 cadebant,
3589 1491 3844 1548 eleemo-

2232 1600 2366 1656 syna
2404 1593 2509 1650 est,
2548 1585 2603 1640 id
2635 1595 2720 1641 est
2764 1599 2900 1656 opus
2947 1583 3357 1649 misericordia,
3405 1597 3512 1652 qua
3561 1597 3714 1653 erga
3765 1598 3846 1637 sa-

2230 1673 2396 1730 lutem
2426 1670 2681 1746 proximi,
2711 1683 2774 1730 ut
2800 1676 2856 1731 in
2878 1675 3144 1730 unitatem
3181 1683 3383 1730 sancta
3404 1672 3682 1730 Ecclesia:
3711 1673 3844 1728 bene

2230 1767 2567 1840 proﬁciendo
2599 1768 2938 1838 perveniant,
2987 1767 3255 1832 docendo,
3301 1764 3652 1836 castigando,
3709 1773 3843 1818 tem-

2231 1860 2441 1933 poralia
2479 1860 2763 1916 commoda
2793 1859 3174 1929 impendenda,
3211 1858 3340 1914 vita
3369 1856 3623 1927 exempla
3686 1873 3844 1912 mon-

2233 1937 2457 2009 stran'do
2483 1952 2816 2008 laboramus.
2845 1952 2962 2007 Duo
2993 1959 3176 2007 autem
3215 1951 3412 2024 reliqui
3440 1965 3677 2007 menses
3726 1953 3845 2022 qui-

2230 2045 2334 2100 bus
2360 2043 2417 2098 in
2449 2043 2700 2098 domibus
2728 2043 2843 2098 suis
2870 2055 3114 2106 manere,
3159 2057 3225 2098 ac
3259 2042 3371 2098 suis
3407 2040 3846 2096 necessitatibus

2233 2145 2363 2194 sunt
2397 2149 2594 2191 vacare
2618 2133 2894 2205 permissi,
2925 2133 3100 2189 oratio
3137 2141 3220 2188 est
3248 2142 3304 2189 et
3319 2132 3604 2204 jejunium,
3637 2131 3846 2200 quibus

2229 2236 2497 2298 praterea
2522 2241 2643 2297 qua
2681 2240 2812 2296 erga
2839 2224 3221 2280 necessitatem
3249 2222 3483 2278 fratrum
3531 2222 3683 2277 foris
3711 2235 3840 2291 ope-

2233 2334 2440 2384 ramur,
2473 2327 2675 2373 nostra
2696 2317 2890 2373 salutis
2916 2316 3152 2386 propria
3179 2329 3370 2370 curam
3406 2315 3553 2369 intus
3580 2314 3846 2370 conversi

2233 2409 2305 2464 ad
2329 2408 2618 2464 Dominum
2660 2415 2843 2464 mente
2875 2407 3135 2478 gerimus.
3168 2405 3236 2460 Et
3263 2405 3534 2475 quomodo
3555 2403 3639 2460 illi
3666 2402 3840 2460 solum

2231 2499 2471 2572 perfecte
2500 2500 2586 2556 vel
2615 2515 2728 2555 sua
2758 2499 2842 2555 vel
2872 2498 3130 2554 fraterna
3164 2495 3356 2552 salutis
3385 2511 3577 2551 curam
3609 2505 3841 2567 gerunt,

2232 2593 2326 2664 qui
2355 2608 2416 2648 se
2445 2593 2500 2648 in
2536 2592 2768 2647 tuitione
2795 2589 2991 2646 divina
3029 2589 3218 2660 gratia
3262 2587 3545 2643 humiliter
3589 2587 3840 2642 subdunt

2233 2693 2381 2741 recte
2409 2684 2656 2754 sequitur
2684 2701 2698 2736 :

2310 2798 2328 2828 ι
2368 2777 2436 2831 Et
2463 2776 2763 2832 Adoniram
2805 2783 2925 2832 erat
2947 2789 3110 2844 super
3157 2772 3533 2843 hujuscemodi
3578 2773 3841 2834 indictio-

2233 2884 2379 2925 nem.
2417 2887 2436 2920 ι
2475 2867 2772 2924 Adoniram
2802 2867 3002 2936 quippe
3031 2866 3127 2936 qui
3177 2865 3370 2920 Latine
3401 2865 3604 2921 dicitur
3647 2865 3837 2923 Domi-

2233 2977 2333 3016 nus
2357 2977 2503 3015 meus
2526 2960 2781 3026 excelsus,
2811 2974 2973 3031 quem
3019 2959 3216 3016 melius
3254 2974 3420 3030 quam
3462 2961 3641 3029 ipsum
3677 2975 3840 3029 quem

2233 3053 2454 3110 nomine
2501 3053 2746 3107 imitatur
2789 3052 3050 3117 insinuat,
3097 3051 3389 3108 Dominum
3424 3051 3689 3107 videlicet
3725 3051 3841 3104 Sal-

2235 3151 2500 3198 vatorem.
2530 3143 2599 3198 Et
2627 3150 2754 3198 tunc
2773 3141 3069 3196 Adoniram
3097 3139 3368 3212 operafiis
3404 3141 3595 3211 templi
3625 3156 3840 3211 prapo—

2234 3236 2403 3302 nitur,
2433 3244 2492 3290 ut
2531 3251 2627 3290 sua
2667 3234 2978 3305 provisione
3021 3234 3124 3288 rite
3168 3232 3407 3299 ordinet,
3453 3233 3655 3304 quibus
3691 3250 3839 3288 mcu-

2237 3328 2387 3385 sibus
2431 3327 2629 3398 singuli
2674 3326 2742 3381 ad
2767 3326 3102 3397 operaudum
3141 3334 3362 3392 exeant,
3415 3325 3620 3396 quibus
3661 3325 3838 3380 denuo

2237 3422 2305 3476 ad
2353 3420 2649 3476 curandam
2689 3419 2911 3476 domum
2949 3431 3105 3474 suam
3136 3419 3382 3483 redeant,
3410 3433 3531 3473 cum
3575 3417 3834 3473 Dominus

2237 3523 2292 3566 et
2318 3510 2568 3566 Salvator
2597 3517 2783 3566 noster
2806 3516 3019 3565 mentes
3041 3517 3362 3564 sanctorum
3409 3509 3833 3580 praedicatorum

2239 3619 2336 3660 sua
2357 3601 2678 3658 familiarius
2729 3600 3094 3656 illustratione
3125 3598 3386 3655 informat
3427 3599 3497 3654 ad
3519 3599 3834 3656 discernen-

2238 3696 2388 3760 dum,
2446 3693 2664 3764 quando
2709 3700 2964 3762 oporteat
3000 3691 3306 3748 adiﬂcandi
3358 3691 3668 3747 Ecclesiam
3709 3706 3834 3762 Opus

2236 3786 2398 3851 inire,
2430 3785 2776 3856 praedicando
2801 3785 2887 3840 vel
2912 3783 3020 3839 alia
3039 3784 3262 3854 pietatis
3289 3780 3464 3839 ofﬁcia
3484 3783 3828 3854 praestando;

2237 3885 2294 3932 et
2321 3874 2538 3947 quando
2565 3891 2785 3931 rursum
2811 3875 3103 3932 conveniat
3145 3875 3214 3930 ad
3249 3889 3406 3930 suam
3433 3874 3681 3945 ipsorum
3709 3890 3830 3930 eon-

2238 3968 2521 4025 scientiam
2577 3967 2998 4024 examinandam
3026 4005 3044 4030 .
3103 3965 3261 4036 quasi
3323 3966 3391 4021 ad
3439 3965 3830 4036 inspiciendam

2241 4059 2459 4117 domum
2487 4073 2641 4113 suam
2672 4057 2896 4124 reverti,
2925 4057 3138 4114 ethanc
3155 4054 3502 4112 orationibus
3525 4070 3594 4111 ac
3617 4053 3831 4124 jejuniis

2239 4165 2474 4220 superno
2501 4151 2812 4221 inspectore
2846 4164 2910 4204 ac
2940 4149 3228 4205 visitatore
3255 4147 3481 4218 dignam
3512 4147 3767 4203 reddere.

2314 4267 2333 4300 ι
2385 4247 2629 4304 Fuerunt
2679 4249 2864 4319 itaque
2928 4247 3214 4304 Salomoni
3269 4246 3622 4318 septuaginta
3671 4247 3829 4301 millia

2243 4359 2262 4393 ι
2299 4354 2486 4396 eorum
2537 4341 2632 4410 qui
2679 4355 2848 4396 onera
2897 4340 3210 4410 portabant,
3243 4347 3300 4394 et
3341 4339 3626 4410 octoginta
3669 4339 3827 4393 millia

2243 4453 2261 4486 ‹
2300 4433 2627 4488 latomorum
2656 4432 2710 4487 in
2736 4442 2922 4487 monte
2966 4433 3173 4502 absque
3211 4431 3540 4502 praepositis,
3569 4431 3670 4502 qui
3696 4445 3826 4501 prir-

2246 4545 2264 4578 ι
2297 4533 2453 4579 erant
2501 4524 2732 4595 singulis
2783 4525 3076 4594 operibus,
3118 4539 3346 4580 numero
3385 4525 3552 4580 trium
3609 4525 3826 4580 millium

2246 4637 2265 4670 ι
2299 4624 2668 4674 trecentorum
2712 4617 3143 4687 praecipientium
3191 4617 3394 4689 populo
3433 4626 3490 4673 et
3529 4618 3618 4674 his
3641 4616 3825 4689 quifa-

2245 4731 2263 4763 ι
2294 4712 2512 4768 ciebant
2541 4727 2698 4783 opus.
2742 4731 2762 4765 ι
2785 4711 2996 4766 Latomi
3027 4713 3284 4769 dicuntur
3305 4713 3554 4783 lapidum
3575 4729 3820 4776 casores.

2239 4807 2382 4862 idem
2439 4814 2622 4861 autem
2670 4805 2907 4876 lapidum
2959 4820 3194 4862 casores
3242 4807 3385 4876 quod
3441 4816 3499 4862 et
3555 4806 3818 4878 lignorn

2239 4914 2472 4956 casores
2519 4898 2746 4970 ﬁgurate
2791 4898 3097 4968 designant,
3149 4899 3254 4971 hoc
3294 4908 3379 4955 est
3425 4908 3654 4956 sanctos
3694 4881 3818 4971 ρξε-

2240 4992 2531 5056 dicatores,
2563 4967 2676 5061 iqui
2711 4967 2933 5045 mentes,
2980 4967 3351 5060 insipien’xtium
3402 4991 3630 5048 dolabra
3681 4967 3816 5046 verbi

2241 5083 2333 5139 Dei
2359 5090 2638 5148 exercent,
2684 5096 2886 5152 eosque
2917 5081 2986 5136 ab
3033 5095 3096 5137 ea
3133 5096 3240 5152 qua
3267 5082 3383 5140 nati
3439 5093 3569 5138 sunt
3616 5083 3813 5138 tortitu-

2235 5174 2360 5231 dine
2385 5189 2450 5230 ac
2469 5173 2817 5230 deformitate
2843 5181 3210 5229 transmutare
3237 5176 3597 5242 contendunt,
3643 5192 3709 5232 ac
3745 5190 3813 5230 re-

2235 5265 2496 5338 gulariter
2519 5265 2794 5322 institutos
2818 5265 3028 5321 unitate
3052 5265 3312 5333 fidelium,
3339 5266 3719 5325 adiﬁcationis
3745 5268 3814 5322 rio

2237 5355 2432 5412 delicet
2457 5355 2652 5411 domus
2685 5355 2783 5412 Dei
2807 5365 2963 5428 aptos
2977 5357 3208 5414 reddere
3228 5367 3441 5414 curant.
3467 5357 3624 5426 Quod
3647 5367 3811 5414 autem

2235 5458 2292 5504 et
2315 5449 2461 5520 ligna
2507 5459 2563 5504 et
2614 5449 2821 5521 lapides
2858 5451 2912 5506 in
2943 5460 3128 5508 monte
3165 5453 3467 5518 caduntur,
3498 5464 3558 5509 et
3591 5470 3726 5510 casa
3760 5466 3814 5505 ac

2237 5549 2538 5610 praparata
2571 5582 2586 5607 ,
2641 5550 2874 5613 utraque
2918 5546 3180 5602 materies
3231 5545 3300 5601 ad
3349 5556 3594 5602 montem
3638 5549 3815 5604 domus

2237 5632 2450 5687 Domini
2503 5632 2852 5700 transfertur,
2893 5643 3042 5705 patet
3085 5650 3300 5701 sensus,
3349 5637 3496 5706 quod
3541 5651 3732 5693 omnes
3769 5636 3816 5690 in

2238 5731 2422 5778 monte
2443 5724 2709 5794 superbia
2740 5726 2853 5780 nati
2881 5741 3088 5793 sumus,
3115 5726 3425 5799 quicunque
3453 5737 3636 5784 autem
3659 5727 3820 5800 gratia

2238 5815 2334 5871 Dei
2382 5816 2732 5884 praeordinati
2773 5832 2963 5873 sumus
2999 5819 3068 5874 ad
3104 5821 3296 5886 vitam,
3331 5821 3641 5877 excidimur
3687 5830 3820 5876 cate-
