4044 6336
207 380 335 436 409

1139 373 1397 432 ENARR.
1435 374 1504 430 IN
1538 372 1786 432 LIBROS
1826 371 2085 431 REGUM.
2127 403 2196 415 --
2234 372 2300 436 ΙΝ
2341 373 2470 430 LIB.
2511 374 2598 430 ΙΙΙ.

3390 379 3496 434 410

210 491 496 547 chizando
521 499 576 545 et
618 494 954 544 sacramenta
985 487 1110 544 ﬁdei
1139 487 1486 560 percipiendo
1515 487 1582 543 de
1630 493 1815 541 monte
1840 485 1893 548 Α
1917 485 2108 541 cedros
2155 485 2306 540 missi
2352 492 2496 540 sunt.
2545 485 2622 540 De
2659 484 2946 558 proselytis
2992 486 3149 554 istis,
3193 487 3260 543 de
3300 488 3500 559 quibus

212 585 530 656 superbiae,
561 593 616 638 et
648 583 702 636 in
753 589 991 636 montem
1023 583 1215 638 domus
1263 580 1479 637 Domini
1527 579 1813 636 transferi-

213 695 355 733 mur
383 693 398 732 :
425 677 571 748 quia,
602 674 742 729 eruti
761 675 829 730 de
847 681 1115 746 potestate
1143 675 1506 739 tenebrarum,
1533 672 1600 727 ad
1635 685 1816 728 arcem

211 769 490 824 virtutum
521 781 643 837 quae
672 773 757 821 est
786 765 843 822 in
876 765 1086 821 unitate
1121 774 1326 822 sanctae
1349 764 1607 820 Ecclesia:
1632 777 1817 834 perve-

211 863 428 919 nimus.
470 860 780 916 Notandum
821 872 1026 928 autem,
1053 861 1198 932 quod
1245 859 1411 916 iidem
1464 859 1700 932 operarii
1737 859 1813 915 ita

211 963 386 1012 erant
425 953 727 1020 distributi;
750 963 811 1008 ut
833 968 961 1026 pars
986 953 1042 1008 in
1073 965 1257 1010 monte
1285 953 1493 1024 lapides
1519 953 1810 1019 caaderent,
1873 1016 1875 1018 η

209 1061 352 1118 pars
399 1047 526 1101 item
582 1059 747 1100 onera
795 1052 1095 1116 portarent.
1129 1043 1352 1100 Diversa
1403 1059 1637 1115 namque
1689 1051 1816 1099 sunt

209 1139 366 1194 dona
397 1135 652 1208 Spiritus,
690 1144 747 1192 et
786 1136 1007 1206 quidam
1045 1135 1308 1206 majorem
1355 1137 1566 1193 dicendi
1597 1151 1662 1192 ac
1687 1153 1814 1208 pro-

212 1238 408 1284 tervos
451 1227 716 1297 arguendi
765 1226 1128 1282 constantiam
1174 1226 1419 1283 habent:
1455 1227 1677 1296 quidam
1707 1228 1812 1282 mi-

214 1320 397 1376 tiores
427 1321 498 1375 ad
525 1318 884 1374 consolandos
910 1317 1283 1390 pusillanimes
1307 1328 1363 1375 et
1393 1319 1640 1375 inﬁrmos
1678 1319 1808 1376 sub-

209 1410 481 1466 levandos
528 1410 766 1465 existunt
819 1427 833 1463 :
870 1409 1092 1479 quidam
1123 1409 1405 1479 utriusque
1429 1409 1648 1466 virtutis
1691 1425 1809 1465 mu-

210 1517 352 1557 nere
394 1502 640 1574 praediti,
675 1501 746 1556 ad
771 1515 908 1571 opus
954 1500 1148 1556 domus
1189 1499 1404 1555 Domini
1453 1501 1803 1557 conveniunt.

209 1593 420 1661 Quales
465 1591 581 1647 ﬁeri
629 1591 800 1646 voluit
839 1605 935 1646 eos
965 1590 1162 1660 quibus
1209 1589 1446 1660 loquitur
1493 1591 1802 1662 Apostolus,

205 1685 407 1739 dicens
435 1702 447 1739 :
484 1702 502 1734 ι
535 1682 806 1752 Corripite
828 1679 1502 1752 inquietos,consolamini
1525 1680 1806 1751 pusillani-

206 1791 354 1842 mes,
399 1775 655 1846 suscipite
702 1773 981 1839 inﬁrmos,
1009 1772 1280 1842 patientes
1304 1779 1478 1828 estote
1505 1772 1574 1827 ad
1612 1788 1804 1829 omnes

1919 592 2063 634 nunc
2098 577 2264 634 locuti
2301 593 2508 644 sumus,
2539 577 2776 648 lapidum
2828 594 3081 636 caasores.
3125 579 3203 637 De
3248 583 3499 653 gentibus

1916 667 2106 724 Hiram
2127 669 2244 740 ipse
2267 677 2324 725 et
2343 670 2487 726 servi
2520 667 2658 738 ejus,
2687 671 2780 742 qui
2817 686 2944 728 cum
2971 674 3146 729 servis
3189 672 3497 730 Salomonis

1917 760 2062 833 ligna
2103 761 2382 818 caedebant
2426 763 2494 818 de
2527 761 2751 818 Libano.
2780 762 2952 820 Omne
2999 764 3166 838 igitur
3212 765 3496 822 hominum

1916 871 2086 928 genus
2122 870 2220 926 per
2271 872 2407 928 quos
2454 857 2772 915 aediﬁcanda
2799 869 2921 916 erat
2967 861 3232 930 Ecclesia,
3265 863 3323 918 in
3370 863 3499 918 :edi-

1914 948 2168 1005 ﬁcatione
2203 951 2390 1021 templi
2421 952 2722 1022 praecessit.
2764 951 2934 1008 Judaei
2965 969 3199 1025 namque
3225 963 3285 1010 et
3310 969 3500 1025 prose-

1912 1040 2044 1113 lyti,
2091 1051 2148 1098 et
2184 1043 2414 1114 gentiles
2458 1047 2709 1101 conversi
2750 1046 2818 1101 ad
2862 1048 3146 1104 veritatem
3192 1049 3490 1122 Evangelii,

1911 1147 2077 1188 unam
2111 1137 2465 1206 eamdemque
2492 1136 2694 1193 Christi
2738 1137 3058 1207 Ecclesiam,
3090 1141 3205 1198 sive
3230 1151 3378 1199 recte
3412 1143 3493 1197 vi-

1911 1226 2108 1292 vendo,
2130 1227 2246 1282 sive
2279 1227 2446 1283 etiam
2475 1229 2737 1297 docendo,
2766 1239 3110 1289 construunt.

1990 1336 2010 1370 ‹
2046 1318 2418 1390 Ρινωοθρίιίιυθ
2446 1335 2541 1376 rex
2594 1330 2654 1376 ut
2697 1321 2950 1378 tollerent
2993 1323 3199 1396 lapides
3233 1326 3490 1396 grandes,

1915 1428 1934 1461 ι
1969 1420 2027 1465 et
2052 1408 2259 1479 lapides
2301 1411 2568 1480 pretiosos
2616 1411 2672 1466 in
2719 1411 3133 1470 fundamentum
3187 1415 3408 1487 templi,
3437 1425 3491 1471 et

1912 1517 1934 1554 ι
1967 1500 2299 1570 quadrarent
2341 1516 2452 1557 eos.
2507 1521 2526 1554 ι
2571 1502 3008 1560 Fundamentum
3050 1506 3237 1577 templi
3287 1506 3494 1562 nullum

1906 1601 1990 1648 est
2035 1592 2182 1648 aliud
2220 1592 2624 1665 intelligendum
2672 1595 2922 1666 mystice,
2957 1612 3122 1667 quam
3173 1595 3306 1652 illud
3350 1598 3495 1668 quod

1903 1684 2144 1741 ostendit
2189 1684 2508 1755 Apostolus,
2557 1685 2744 1741 dicens
2774 1705 2788 1740 :
2825 1705 2845 1738 ‹
2879 1687 3317 1744 Fundamentum
3347 1690 3492 1744 enim

1905 1776 2048 1831 aliud
2082 1791 2240 1832 nemo
2275 1783 2452 1847 potest
2485 1791 2688 1847 ponere
2725 1785 2925 1848 praeter
2969 1779 3028 1854 id
3069 1781 3212 1850 quod
3260 1781 3494 1850 positum

206 1869 276 1940 (Ι
315 1869 495 1924 Thess.
523 1869 611 1940 v).
657 1887 675 1919 ι
707 1866 988 1937 Praepositi
1037 1875 1217 1924 autem
1249 1869 1340 1939 qui
1384 1875 1656 1938 praeerant
1689 1869 1801 1923 sin-
1832 1857 1879 1916 Β
1906 1879 2011 1936 est,
2041 1869 2134 1940 qui
2159 1877 2244 1925 est
2272 1868 2521 1924 Christus
2570 1867 2729 1924 Jesus
2759 1869 2811 1940 (I
2847 1868 2969 1925 Cor.
3012 1871 3118 1942 Ill).
3159 1890 3178 1922 ι
3225 1871 3326 1938 Qui
3370 1887 3494 1942 pro-

203 1959 355 2033 gulis
383 1959 658 2030 operibus,
690 1958 790 2030 ipsi
830 1966 957 2013 sunt
983 1974 1154 2014 sacraa
1203 1958 1516 2014 conditores
1553 1957 1800 2028 Scriptu-

203 2068 321 2118 raa,
351 2067 580 2122 quorum
609 2050 922 2120 magisterio
952 2051 1006 2105 in
1049 2051 1304 2106 omnibus
1337 2051 1636 2117 erudimur,
1666 2065 1804 2121 quo-

204 2146 378 2200 modo
431 2144 634 2200 inscios
676 2144 874 2199 docere
925 2151 982 2199 et
1053 2151 1453 2214 contemptores
1503 2143 1801 2213 corripere,

201 2236 486 2308 quomodo
513 2252 613 2292 nos
661 2235 890 2292 invicem
920 2252 1088 2293 onera
1136 2244 1323 2292 nostra
1379 2245 1600 2306 portare
1647 2233 1800 2307 (Gal.

204 2330 331 2400 vi),
375 2336 435 2382 ut
457 2327 775 2398 impleamus
809 2327 984 2398 legem
1023 2328 1246 2393 Christi,
1283 2328 1590 2383 conveniat.
1637 2325 1804 2382 Recte

203 2419 424 2491 praefati
476 2419 1107 2490 operarii'septuaginta
1163 2419 1364 2484 millia,
1420 2428 1476 2474 et
1528 2418 1802 2488 octoginta

205 2513 384 2568 millia
418 2528 542 2568 esse
585 2513 959 2583 perhibentur.
1005 2511 1357 2583 Septuaginta
1407 2511 1576 2567 millia
1613 2511 1804 2567 videli-

203 2615 300 2660 cet
364 2613 584 2676 propter
659 2604 1053 2660 sabbatismum
1118 2604 1422 2658 animarum
1472 2622 1485 2658 :
1543 2603 1802 2673 septimus

200 2696 357 2752 enim
386 2695 502 2750 dies
527 2696 583 2750 in
609 2695 911 2762 sabbatum,
955 2695 1007 2749 id
1051 2704 1135 2750 est
1162 2696 1428 2765 requiem,
1451 2705 1801 2752 consecratus

198 2797 314 2844 est.
363 2789 651 2860 Octoginta
699 2788 866 2844 millia
917 2797 1139 2859 propter
1169 2803 1319 2860 spem
1361 2775 1797 2854 resurrectionis,

199 2897 330 2953 quae
378 2889 569 2936 octava
615 2881 720 2946 die,
768 2881 823 2935 id
873 2890 957 2936 est
1004 2888 1130 2952 post
1163 2880 1446 2936 sabbatum
1488 2881 1544 2936 in
1572 2881 1801 2937 Domino

199 2973 512 3044 praecessit,
542 2979 597 3028 et
627 2973 683 3027 in
732 2972 890 3028 nobis
920 2987 1138 3043 quoque
1169 2981 1362 3028 octava
1390 2972 1478 3028 die
1532 2972 1694 3027 simul
1743 2981 1800 3027 et

199 3073 401 3118 octava
428 3069 587 3117 aetate
608 3061 790 3116 futura
822 3071 1094 3132 speratur.
1125 3061 1409 3133 Praepositi
1434 3070 1614 3118 autem
1643 3074 1800 3118 erant

200 3155 316 3210 tria
372 3153 540 3208 millia
580 3153 834 3219 trecenti,
865 3161 1087 3224 propter
1115 3153 1274 3209 ﬁdem
1300 3154 1559 3208 nimirum
1595 3163 1798 3210 sancta:

208 3249 515 3314 Trinitatis,
551 3264 714 3319 quam
758 3218 1081 3319 per-sancta
1127 3249 1284 3304 nobis
1332 3249 1546 3318 eloquia
1597 3249 1797 3319 prdedi-
1824 3218 1871 3284 ο

195 3348 358 3395 cant.
387 3338 540 3406 Quod
566 3353 696 3394 vero
734 3353 834 3408 pro
861 3338 1037 3394 tribus
1083 3338 1322 3394 millibus
1360 3339 1619 3395 trecentis
1663 3354 1801 3411 pm-

195 3429 427 3502 positis,
481 3430 534 3484 in
580 3429 722 3486 libro
760 3429 1215 3500 Paralipomenon
1268 3429 1364 3501 (ΙΙ
1409 3427 1538 3484 Par.
1569 3430 1642 3502 ιι)
1692 3431 1799 3486 tria

196 3521 384 3578 millia
435 3522 672 3577 sexcenti
726 3530 852 3578 sunt
907 3521 1117 3592 scripti,
1171 3521 1240 3576 ad
1287 3522 1534 3577 eamdem
1574 3537 1802 3594 prorsus

197 3615 525 3670 sublimium
547 3615 793 3669 vivorum
817 3611 1208 3684 perfectionem
1235 3614 1479 3694 respicit.
1511 3613 1648 3668 Nam
1672 3614 1800 3684 quia

196 3724 262 3762 in
291 3705 511 3762 senario
555 3719 782 3761 numero
825 3704 1090 3760 Dominus
1122 3705 1308 3759 mundi
1353 3712 1609 3759 ornatum
1653 3719 1801 3761 com-

195 3796 400 3867 plevit,
427 3803 575 3851 recte
611 3797 668 3850 in
696 3810 762 3850 eo
810 3793 1051 3864 perfecta
1099 3795 1367 3850 bonorum
1415 3794 1589 3850 solent
1633 3809 1799 3866 opera

195 3883 449 3956 ﬁgurari.
497 3883 565 3938 Et
600 3883 729 3954 quia
760 3890 949 3938 sancta
987 3883 1269 3953 Scriptura
1297 3898 1424 3940 cum
1451 3883 1556 3940 lide
1599 3885 1801 3939 verita-

195 3980 301 4043 tis,
330 3993 495 4048 opera
527 3977 756 4049 justitia:
797 3977 956 4032 docet
992 3977 1239 4032 habenda
1267 4016 1282 4042 ,
1331 3985 1479 4032 recte
1528 3976 1801 4046 praepositi

194 4083 434 4140 operum
463 4069 648 4139 templi
680 4069 784 4122 tria
833 4067 1002 4122 millia
1029 4075 1086 4123 et
1125 4070 1367 4124 sexcenti
1420 4069 1587 4125 fuisse
1625 4071 1801 4139 perhi-

193 4164 423 4246 bentur.
462 4158 571 4214 Nec
618 4160 1051 4230 praztereundum
1102 4162 1244 4230 quod
1296 4161 1413 4218 haec
1462 4163 1800 4235 septuaginta

193 4253 379 4309 millia
417 4261 472 4308 et
509 4253 784 4324 octoginta
812 4251 978 4308 millia
1009 4254 1345 4323 portantium
1375 4269 1563 4324 onera,
1589 4263 1645 4311 et
1664 4254 1801 4311 lato-

191 4359 422 4401 mornm
455 4360 580 4399 cum
612 4343 918 4415 praepositis
962 4344 1097 4408 suis,
1137 4359 1247 4399 non
1297 4343 1454 4400 fuere
1500 4345 1568 4401 de
1611 4345 1796 4410 lsrael,

191 4437 303 4493 sed
332 4438 402 4492 de
424 4436 731 4508 proselytis,
751 4437 806 4492 id
827 4445 912 4493 est
939 4435 1181 4501 advenis,
1211 4436 1304 4507 qui
1331 4437 1689 4493 morabantur
1711 4438 1799 4493 in-

1905 1971 2092 2034 pterea
2152 1961 2566 2016 fundamentum
2613 1960 2806 2021 domus
2859 1962 3074 2018 Domini
3116 1971 3295 2034 potest
3347 1971 3496 2018 recte

1906 2055 2122 2121 vocari,
2155 2072 2175 2106 ‹
2211 2054 2334 2123 quia
2363 2053 2527 2123 (sicut
2553 2052 2631 2108 ait
2672 2052 2887 2125 Petrus)
2928 2069 3036 2110 non
3076 2062 3161 2110 est
3209 2053 3356 2108 aliud
3395 2055 3496 2110 sub

1906 2147 2046 2204 caelo
2091 2131 2279 2202 datum
2323 2161 2523 2201 nomen
2578 2145 2925 2213 hominibus,
2975 2147 3032 2201 in
3084 2159 3194 2217 quo
3251 2153 3499 2217 oporteat

1905 2252 2004 2292 nos
2041 2236 2220 2293 salvos
2263 2236 2380 2292 ﬁeri
2420 2235 2557 2308 (Act.
2599 2237 2696 2309 ιν).
2739 2258 2759 2292 s
2797 2237 2856 2292 In
2895 2236 3040 2308 quod
3084 2236 3497 2294 fundamentum

1904 2328 2110 2399 lapides
2137 2328 2369 2399 grandes
2413 2335 2468 2383 et
2509 2327 2733 2396 pretiosi
2775 2327 3208 2395 tolluntur,'cum
3238 2328 3518 2400 praecipui

1903 2421 2065 2477 factis
2099 2435 2166 2476 ac
2199 2421 2487 2476 sanctitate
2526 2419 2652 2486 viri,
2677 2419 2934 2476 familiari
2963 2421 3162 2478 mentis
3206 2421 3498 2476 sanctitate

1903 2528 2005 2569 suo
2029 2513 2307 2568 adhaerent
2331 2511 2630 2578 Condito'ri,
2661 2519 2720 2567 ut
2740 2526 2848 2582 quo
2888 2513 3100 2568 ﬁrmius
3132 2513 3186 2568 in
3213 2512 3306 2568 illo
3343 2503 3495 2583 spem

1903 2618 2058 2659 suam
2082 2611 2310 2674 ponunt,
2325 2617 2390 2657 eo
2414 2602 2610 2657 fortius
2633 2601 2865 2658 aliorum
2889 2603 3056 2658 vitam
3079 2602 3312 2674 dirigere
3330 2603 3498 2674 (quod

1902 2703 1988 2750 est
2028 2693 2365 2749 latitudinem
2403 2693 2627 2763 parietis
2666 2694 2909 2765 portare)
2942 2693 3235 2750 sufﬁciunt.
3261 2693 3497 2764 Lapides

1902 2801 2034 2856 ergo
2056 2785 2149 2855 qui
2179 2785 2237 2840 in
2263 2784 2676 2840 fundamentum
2714 2785 2899 2856 templi
2922 2785 2990 2840 ad
3010 2785 3337 2854 portandum
3371 2785 3498 2839 aedi-

1903 2878 2090 2934 ﬁcium
2145 2891 2307 2932 omne
2351 2876 2733 2946 ponebantur,
2779 2877 2998 2948 proprie
3047 2884 3174 2932 sunt
3219 2875 3496 2947 propheta:

1901 2981 1956 3027 et
1982 2970 2230 3042 apostoli,
2263 2971 2354 3040 qui
2382 2970 2605 3025 verbum
2634 2979 2692 3024 et
2721 2978 3062 3024 sacramenta
3087 2969 3352 3034 veritatis,
3384 2967 3498 3023 sive

1903 3062 2212 3129 visibiliter,
2260 3062 2376 3117 sive
2429 3059 2776 3116 invisibiliter
2827 3060 2896 3115 ab
2947 3060 3062 3130 ipsa
3099 3058 3196 3114 Dei
3229 3059 3496 3129 sapientia

1900 3163 2278 3227 perceperunt.
2305 3153 2408 3221 Qui
2447 3153 2585 3210 bene
2607 3153 2814 3224 lapides
2849 3153 3026 3223 primo
3051 3153 3301 3223 quadrati
3329 3168 3393 3208 ac
3419 3153 3498 3209 sic

1907 3247 1964 3302 in
2011 3245 2422 3300 fundamentum
2473 3242 2602 3313 poni
2636 3241 2918 3311 jubentur.
2963 3241 3296 3310 Quadratum
3352 3259 3497 3298 nam-

1903 3353 2009 3410 que
2037 3351 2219 3404 omne,
2250 3350 2574 3406 quocunque
2595 3335 2852 3414 vertitur,
2888 3335 3056 3390 ﬁxum
3095 3344 3242 3391 stare
3269 3350 3497 3392 consue-

1902 3435 1998 3489 vit.
2022 3433 2123 3489 Cui
2149 3431 2407 3487 nimirum
2437 3430 2626 3502 ﬁgurae
2665 3432 2832 3487 corda
2883 3430 3256 3487 assimilantur
3295 3429 3494 3486 electo~

1900 3543 2055 3594 rum,
2095 3541 2217 3598 quae
2246 3526 2324 3580 ita
2353 3526 2408 3580 in
2455 3524 2580 3583 ﬁdei
2630 3525 2890 3581 ﬁrmitate
2937 3525 3242 3581 consistere
3289 3523 3494 3580 didice-

1901 3627 2065 3687 runt,
2123 3627 2184 3672 ut
2236 3616 2383 3671 nulla
2421 3617 2830 3672 occurrentium
2885 3631 3070 3671 rerum
3127 3613 3497 3681 adversitate,

1901 3727 2004 3768 nec
2031 3712 2146 3780 ipsa
2174 3710 2339 3765 etiam
2365 3717 2540 3764 morte
2566 3724 2598 3762 a
2628 3707 2713 3764 sui
2738 3708 3062 3764 rectitudine
3087 3707 3304 3778 possint
3324 3714 3495 3762 status

1903 3804 2177 3860 inclinari.

1979 3915 1998 3948 ε
2033 3895 2180 3964 Quos
2206 3893 2528 3950 dolaverunt
2555 3891 2885 3947 caementarii
2917 3889 3225 3947 Salomonis
3289 3899 3345 3946 et
3393 3905 3497 3947 cae-

1907 4012 1926 4044 «
1964 3988 2216 4046 mentarii
2255 3988 2464 4044 Hiram.
2499 4006 2519 4040 ι
2555 3986 2820 4042 Dolantur
2861 4001 3095 4058 namque
3132 3985 3338 4058 lapides
3372 4001 3498 4058 pre-

1903 4084 2064 4150 tiosi,
2103 4098 2227 4139 cum
2269 4081 2430 4138 electi
2471 4082 2672 4151 quique
2722 4081 3142 4152 praecedentium
3178 4089 3493 4137 sanctorum

1902 4175 2263 4231 instructione
2312 4181 2367 4228 et
2419 4173 2708 4237 instantia,
2755 4172 3018 4243 quidquid
3071 4173 3126 4226 in
3185 4188 3244 4229 se
3294 4173 3495 4231 habent

1902 4271 2123 4328 noxium
2147 4277 2202 4325 et
2226 4269 2389 4324 inane
2417 4267 2730 4338 relinquunt
2759 4285 2774 4322 :
2807 4275 2969 4338 atque
2996 4274 3122 4322 ante
3145 4277 3493 4340 conspectum

1901 4361 1987 4419 sui
2036 4359 2332 4426 Creatoris,
2381 4359 2552 4416 solam
2596 4359 2776 4417 insitae
2811 4359 2916 4416 sibi
2956 4359 3183 4430 justitiae
3224 4359 3493 4432 regulam,

1903 4453 2058 4524 quasi
2083 4451 2335 4508 stabilem
2362 4451 2708 4522 quadratum
2734 4450 2966 4506 formam
2994 4451 3304 4511 ostendunt.
3335 4453 3496 4510 Dola-

193 4539 293 4584 ter
321 4543 437 4584 eos.
466 4527 739 4599 Scriptum
766 4542 1004 4599 namque
1038 4535 1122 4582 est
1165 4528 1220 4582 in
1266 4527 1404 4583 libro
1430 4527 1793 4598 Paralipome-

196 4637 309 4642 ,,__
354 4641 362 4642 ,
414 4641 422 4642 ,
463 4619 774 4642 manu”-..
808 4623 970 4642 ω.---
1001 4621 1251 4642 ο,.,-,,,
1294 4637 1472 4642 -_-_--
1673 4639 1700 4642 _
1725 4639 1762 4642 ,_

1906 4551 2100 4600 verunt
2135 4551 2316 4598 autem
2360 4543 2461 4598 hos
2503 4541 2728 4612 lapides,
2778 4557 2888 4598 non
2936 4543 3110 4599 solum
3159 4547 3492 4602 caementarii

193 4637 316 4677 non
351 4641 365 4675 :
405 4641 424 4672 ι
462 4619 778 4677 Numeravit
807 4623 971 4692 igitur
1001 4621 1255 4677 Salomon
1287 4637 1476 4679 omnes
1501 4623 1648 4680 viros
1673 4639 1798 4693 pro-

193 4713 438 4783 selytos,
466 4713 558 4782 qui
583 4721 740 4768 erant
764 4714 821 4768 in
865 4721 1012 4769 terra
1040 4713 1228 4788 Israel,
1253 4723 1376 4785 post
1411 4717 1803 4772 dinumeratio-

196 4819 338 4859 nem
364 4819 527 4872 quam
566 4805 933 4861 dinumeravit
961 4806 1128 4861 David
1159 4816 1318 4878 pater
1335 4805 1473 4877 ejus,
1501 4816 1557 4863 et
1595 4810 1797 4866 inventi

193 4903 339 4950 sunt
390 4902 607 4949 centum
655 4895 1047 4966 quinquaginta
1099 4896 1204 4949 tria
1245 4895 1414 4951 millia
1451 4908 1506 4952 et
1535 4901 1798 4954 sexcenti.

195 4988 474 5058 Fecitque
511 5003 582 5043 ex
640 4991 722 5044 eis
783 4991 1124 5060 septuaginta
1187 4990 1353 5045 millia
1410 4993 1502 5061 qui
1557 4993 1801 5049 humeris

193 5092 382 5134 onera
413 5085 718 5147 portarent,
758 5089 814 5133 et
850 5080 1124 5150 octoginta
1173 5079 1337 5134 millia
1363 5081 1454 5150 qui
1504 5081 1707 5151 lapides
1733 5084 1801 5139 de

197 5171 490 5228 montibus
525 5173 833 5228 caederent:
863 5173 965 5228 tria
989 5181 1170 5228 autem
1202 5173 1393 5239 millia,
1423 5184 1481 5229 et
1515 5185 1799 5233 sexcentos

198 5263 534 5335 praepositos
575 5279 801 5335 operum
830 5264 1048 5335 populi,
1103 5285 1122 5318 ›
1152 5273 1259 5320 etc.
1301 5265 1564 5338 Proselyti
1617 5277 1796 5325 autem

199 5356 550 5410 vocabantur
584 5357 773 5412 Graace
807 5357 900 5426 qui
951 5371 1018 5410 ex
1079 5355 1199 5411 aliis
1245 5359 1558 5414 nationibus
1599 5375 1796 5432 proge-

198 5445 338 5512 niti,
365 5446 417 5500 in
446 5447 607 5502 ﬁdem
630 5455 685 5503 et
709 5447 1044 5502 consortium
1086 5448 1266 5519 populi
1300 5448 1414 5514 Dei,
1444 5463 1666 5520 accepta
1691 5452 1799 5506 cir-

197 5537 580 5604 cumcisione,
630 5539 981 5594 transierunt.
1037 5538 1282 5594 Fuerunt
1327 5541 1510 5613 itaque
1563 5543 1800 5614 cperarii

199 5628 410 5683 domus
452 5629 664 5685 Domini
696 5629 765 5686 de
800 5629 926 5685 ﬁliis
954 5629 1152 5696 Israel,
1204 5631 1424 5688 fuerunt
1453 5634 1521 5690 de
1559 5635 1801 5707 prosely-

200 5718 314 5782 tis,
369 5718 589 5774 fuerunt
633 5721 701 5775 de
744 5721 1012 5792 gentibus.
1061 5721 1140 5778 De
1181 5723 1305 5779 ﬁliis
1337 5725 1586 5782 videlicet
1635 5727 1801 5782 lsrael

202 5811 442 5880 triginta
463 5814 628 5869 millia
653 5829 843 5871 eorum
877 5817 970 5886 qui
1009 5816 1076 5871 ad
1097 5819 1468 5887 praecidendas
1497 5822 1563 5876 de
1592 5821 1801 5879 Libano

1904 4636 2233 4702 Salomonis,
2261 4634 2358 4691 scd
2391 4645 2449 4692 et
2482 4635 2813 4691 caamentarii
2847 4634 3057 4705 Hiram,
3087 4637 3217 4708 quia
3245 4653 3313 4696 ex
3340 4647 3490 4695 utro—

1901 4742 2008 4797 que
2042 4727 2238 4798 populo
2258 4728 2512 4781 doctores
2535 4724 2689 4781 fuere
2713 4735 2914 4782 sanctae
2941 4727 3214 4786 Ecclesiae.

1979 4836 1997 4869 ι
2034 4816 2204 4872 Porro
2243 4815 2406 4873 Giblii
2446 4827 2890 4888 praeparaverunt
2925 4819 3068 4892 ligna
3107 4831 3164 4878 et
3189 4821 3396 4894 lapides
3423 4823 3491 4878 ad

1907 4929 1925 4962 ι
1963 4907 2333 4964 aediﬁcandam
2375 4909 2615 4963 domum.
2645 4927 2666 4961 ι
2699 4908 2884 4966 Giblos
2921 4919 3006 4969 est
3045 4912 3238 4969 civitas
3272 4911 3491 4968 Phaeni-

1901 5000 2002 5065 cis,
2029 4997 2184 5068 cujus
2207 4998 2455 5055 meminit
2479 4999 2751 5069 Ezechiel,
2777 5003 2963 5061 dicens
2990 5021 3006 5058 :
3037 5022 3056 5057 ί
3087 5003 3368 5075 Sapientes
3390 5006 3488 5073 tui,

1903 5093 2065 5165 Tyre,
2095 5091 2226 5148 facti
2265 5101 2394 5148 sunt
2443 5094 2835 5164 gubernatores
2881 5097 2980 5164 tui,
3022 5111 3181 5152 senes
3232 5095 3391 5152 Giblii
3434 5107 3491 5152 et

1899 5185 2197 5258 prudentes
2218 5185 2337 5265 ejus
2375 5185 2594 5258 (Ezech.
2627 5189 2819 5260 xxvii),
2853 5209 2873 5243 ι
2899 5199 3005 5246 etc.
3035 5189 3142 5244 Pro
3168 5205 3276 5261 qua
3303 5190 3359 5246 in
3385 5189 3490 5246 He-

1901 5279 2048 5336 braeo
2069 5280 2378 5336 continetur
2407 5278 2564 5336 Gebel
2586 5281 2702 5339 sive
2721 5281 2902 5350 labat,
2933 5283 3077 5352 quod
3101 5283 3490 5354 interpretatur

1899 5371 2154 5440 deﬁniens
2197 5373 2312 5429 sive
2351 5375 2725 5432 disterminans
2758 5394 2779 5433 :
2815 5378 2961 5446 quod
2997 5377 3317 5434 vocabulum
3363 5385 3488 5449 apte

1901 5461 2157 5518 convenit
2181 5463 2262 5519 eis
2290 5465 2382 5533 qui
2419 5464 2582 5520 corda
2609 5465 2890 5520 hominum
2924 5465 2992 5521 ad
3015 5466 3301 5524 aediﬁcium
3329 5469 3489 5540 spiri-

1905 5551 2030 5617 tale,
2067 5553 2211 5622 quod
2246 5565 2315 5608 ex
2344 5553 2631 5610 virtutibus
2657 5554 2852 5610 animae
2886 5559 3243 5627 construitur,
3267 5570 3483 5632 parant.

1903 5639 1996 5697 Sic
2025 5643 2228 5698 etenim
2253 5643 2589 5700 solummodo
2606 5655 2736 5701 suos
2760 5645 3036 5706 auditores
3063 5650 3222 5706 ﬁdem
3247 5661 3302 5706 et
3320 5667 3484 5723 opera

1895 5735 2118 5806 justitite
2141 5738 2336 5793 docere
2357 5735 2648 5805 suﬁiciunt,
2675 5740 2803 5797 dum
2840 5742 2940 5813 ipsi
2965 5744 3118 5815 prius
3145 5746 3317 5802 sacris
3340 5745 3488 5817 pagi-

1902 5827 1988 5884 nis
2014 5827 2192 5884 edocti
2219 5827 2503 5900 diligenter
2531 5845 2653 5900 qua:
2685 5831 2757 5888 sit
2787 5832 2923 5892 ﬁdes
2953 5837 3200 5902 tenenda.
3235 5852 3344 5906 quo
3384 5837 3489 5890 vir-
