4044 6336
424 3554 429 3559 ,
538 3493 711 3549 insula
738 3494 959 3566 gignere
983 3494 1289 3551 consuevit.
1334 3492 1489 3548 Unde
1508 3501 1666 3563 poeta
1694 3496 1761 3550 de
1788 3494 1875 3549 illa
1907 3507 1933 3539 ι
1966 3512 1980 3549 :

521 360 621 419 Ml
1538 351 1889 411 ANGELOMI
1927 348 2123 408 [αἱ]Χο

2230 344 2389 405 LNSIS
2424 342 2736 405 IIONACII‘I
2910 344 2919 351 ’
3722 341 3831 399 ιη

521 482 695 533 tutum
732 471 867 530 calle
910 470 1289 537 incedendum,
1330 478 1478 527 certa
1518 468 1831 524 deﬁnitione
1862 465 2108 520 veritatis
2136 468 2184 530 Α
2212 475 2354 517 anno
2387 468 2605 532 quarto,
2656 472 2841 517 mense
2878 456 2997 524 lio,
3034 458 3148 529 ipse
3174 466 3258 513 est
3295 457 3440 514 enim
3478 456 3709 512 mensis
3744 471 3832 511 se-

519 567 827 627 didicerint.
863 564 999 625 Eam
1036 565 1235 620 frustra
1272 562 1507 620 ofﬁcium
1542 560 1645 616 sibi
1681 558 1921 615 doctoris
1956 570 2112 612 usur-
2213 552 2422 641 cundus
2460 552 2604 623 regis
2640 551 2951 607 Salomonis
2999 566 3165 641 super
3202 550 3386 606 Israel.
3428 549 3585 607 Ordo
3626 564 3834 607 sensus

517 670 641 734 pat,
668 660 760 730 qui
787 658 1170 715 discretionem
1200 656 1481 713 catholicas
1504 652 1631 709 ﬁdei
1664 653 1896 725 ignorat.
1925 651 2112 721 Neque
2213 652 2318 710 est,
2364 644 2417 699 in
2468 657 2610 698 anno
2652 649 2847 713 quarto
2894 641 3036 713 regis
3079 640 3386 705 Salomonis
3420 657 3598 713 super
3630 641 3830 706 Israel,

520 750 889 808 sanctuarium
922 748 1175 815 Domino,
1202 748 1296 803 sed
1327 746 1540 800 ruinam
1568 741 1671 799 sibi
1698 739 1991 807 aediﬁcant,
2016 739 2111 811 qui
2212 753 2399 795 mense
2423 738 2540 804 Zio,
2560 738 2679 807 ipse
2705 746 2789 793 est
2814 737 3016 792 ntensis
3042 736 3332 792 secandus.
3364 735 3615 795 Mensem
3640 744 3832 791 aute-

520 843 719 899 docere
744 840 880 896 alios
920 840 1185 912 regulam,
1228 852 1391 908 quam
1433 835 1536 906 ipsi
1580 848 1686 889 non
1720 832 1976 897 didicere,
2016 844 2111 885 co-
2214 830 2507 885 secundum
2536 828 2733 884 Maium
2772 828 2904 883 dicit
2931 845 2945 882 :
2975 842 3211 898 namque
3237 828 3438 898 Aprilis
3462 844 3581 899 quo
3612 827 3831 885 Pascha

520 943 741 991 nentur.
778 933 841 988 in
881 930 1195 989 aediﬁcanda
1237 943 1366 999 ergo
1408 928 1569 982 domo
1619 925 1738 991 Dei,
1779 924 1956 995 primo
1986 928 2114 977 sunt
2214 920 2593 977 celebrabatur
2638 919 2964 991 principium
3016 919 3314 985 mensium,
3356 920 3505 991 apud
3559 918 3833 977 Hebraeos

522 1026 666 1098 ligna
693 1034 749 1081 et
769 1025 974 1095 lapides
996 1019 1234 1079 cadendi
1262 1021 1331 1076 de
1367 1028 1552 1075 monte
1583 1036 1596 1073 :
1630 1017 1754 1087 quia
1776 1030 1871 1073 eos
1892 1030 2032 1086 quos
2054 1015 2111 1073 in
2211 1012 2423 1082 primus
2456 1020 2576 1067 erat
2624 1010 2677 1064 in
2724 1009 3003 1065 mensibus
3042 1010 3192 1064 anni.
3242 1010 3324 1065 Ex
3366 1026 3479 1082 quo
3524 1009 3834 1071 ana-ihs

525 1119 630 1175 iide
652 1117 897 1173 veritatis
924 1115 1212 1170 instituere
1234 1110 1749 1183 quierimus,°prlmo
1778 1120 2002 1164 necesse
2025 1114 2112 1162 est
2211 1111 2382 1174 patet,
2407 1102 2533 1173 quia
2561 1117 2685 1157 mox
2716 1111 2939 1173 peracto
2967 1103 3192 1173 pascha,
3222 1103 3396 1174 empit
3414 1102 3715 1163 aediﬁcare
3735 1105 3834 1160 do-

522 1218 583 1265 ut
608 1208 991 1265 abrenuntiare
1014 1205 1232 1261 diabolo
1271 1220 1334 1260 ac
1374 1205 1443 1260 de
1470 1212 1617 1259 sorte
1643 1200 1833 1272 prima;
1858 1198 2113 1272 prae-rario
2214 1211 2360 1251 mum
2397 1196 2646 1260 Domino,
2695 1205 2750 1252 et
2794 1206 3146 1253 consecratus
3192 1198 3420 1270 mystica
3468 1198 3831 1255 solemnitate

523 1303 772 1365 nationis,
816 1301 869 1356 in
918 1312 1029 1369 qua
1075 1298 1189 1353 nati
1242 1305 1388 1361 sunt,
1441 1296 1732 1351 doceamus
1774 1290 2111 1349 renascentia
2212 1290 2465 1360 populus,
2498 1305 2694 1346 manus
2728 1290 2795 1345 ad
2822 1291 3117 1363 mysticum
3151 1306 3286 1362 opus
3312 1293 3487 1348 misit.
3518 1292 3617 1348 Fit
3648 1304 3833 1349 autem

524 1394 660 1450 erui.
688 1392 931 1463 Denique
957 1390 1232 1461 quaerendi
1258 1396 1386 1445 sunt
1407 1378 1611 1457 lapides
1638 1385 1861 1455 pretiosi
1881 1392 1938 1441 et
1959 1398 2117 1455 gran-
2214 1382 2661 1437 commemoratio
2682 1382 3008 1454 egressionis
3032 1398 3097 1437 ex
3116 1382 3371 1456 Egypto,
3397 1385 3634 1455 quando
3657 1385 3837 1439 taber-

521 1483 639 1547 des,
672 1490 833 1551 atque
878 1482 933 1535 in
974 1480 1383 1535 fundamentum
1420 1476 1600 1547 templi
1632 1475 1887 1546 ponendi,
1920 1482 1981 1528 ut
2006 1487 2115 1531 nte-
2214 1472 2466 1528 naculum
2501 1473 2756 1530 aediﬁcari
2792 1483 3031 1545 coeptum
3082 1484 3165 1530 est
3200 1493 3213 1529 :
3245 1484 3305 1530 ut
3341 1477 3731 1532 admoneatur
3762 1476 3833 1532 Ie-

525 1573 840 1629 minerimus
875 1572 1123 1629 abdicata
1156 1568 1570 1626 conversatione
1607 1566 1798 1636 priori,
1830 1580 2018 1621 eorum
2056 1565 2111 1619 in
2214 1574 2354 1631 ctor,
2403 1567 2549 1636 quod
2604 1580 2869 1621 annorum
2914 1573 3158 1638 tempus,
3210 1567 3351 1623 inter
3397 1568 3831 1624 aediﬁcationem

522 1668 771 1722 omnibus
794 1668 961 1719 vitam
986 1676 1275 1733 moresque
1304 1660 1593 1730 inspicere,
1616 1673 1709 1715 eos
1736 1659 1940 1715 nostris
1963 1657 2114 1712 audi-
2214 1659 2499 1729 utriusque
2531 1660 2725 1716 domus
2753 1661 3053 1726 transierit,
3090 1671 3147 1718 et
3177 1661 3303 1716 huic
3335 1676 3558 1732 quoque
3598 1678 3833 1717 summa

524 1758 729 1813 toribus
758 1757 1049 1813 imitandos
1076 1767 1399 1826 proponere,
1436 1766 1572 1822 quos
1606 1766 1703 1820 per
1726 1749 1981 1807 virtutem
2016 1748 2114 1804 hu—
2218 1752 2500 1821 temporis,
2544 1760 2943 1807 sacramentum
2984 1752 3164 1807 inesse
3213 1752 3456 1824 spiritale
3496 1763 3831 1823 cognoscat.

524 1848 768 1905 militatis
823 1845 1133 1917 specialiter
1183 1843 1413 1898 Domino
1458 1842 1735 1897 adhazrere
1780 1840 2110 1897 noverimus.
2141 1829 2193 1891 Β
2217 1842 2419 1910 Quater
2454 1857 2689 1913 namque
2724 1843 2959 1906 centeni,
2990 1851 3046 1897 et
3080 1842 3275 1909 viceni,
3310 1844 3835 1915 quadringentoset

523 1936 816 1992 Addendus
848 1945 932 1991 est
969 1934 1027 1990 in
1068 1934 1238 1990 altum
1274 1933 1452 2004 paries
1480 1946 1705 2007 operum
1739 1931 2023 1997 bonorum,
2060 1938 2121 1985 et
2218 1933 2492 2005 octoginta
2521 1931 2745 1987 faciunt.
2774 1933 3024 1999 Quatuor
3051 1941 3229 1989 autem
3270 1934 3619 2006 Evangelieas
3654 1934 3835 2006 perie-

523 2025 680 2095 quasi
704 2024 1132 2094 superimpositis
1152 2023 1255 2079 sibi
1285 2023 1516 2077 invicem
1537 2021 1817 2077 ordinibus
1846 2021 2110 2092 lapidum,
2220 2023 2385 2080 ctioni
2428 2031 2553 2093 apte
2579 2024 2926 2089 conveniunt,
2972 2033 3194 2093 propter
3222 2025 3396 2095 ipsum
3442 2024 3835 2096 Evangelia:-

525 2116 909 2175 ambulandum
934 2127 1017 2173 est
1038 2132 1105 2173 ac
1131 2115 1521 2188 proﬁciendum
1545 2115 1613 2171 de
1638 2115 1838 2171 virtute
1866 2115 1920 2169 in
1952 2115 2118 2169 virtu-
2220 2126 2341 2167 rum
2364 2127 2651 2169 numerum
2682 2131 2695 2167 :
2718 2122 2941 2171 centum
2963 2114 3180 2185 viginti,
3203 2114 3359 2186 legali
3385 2116 3688 2181 doctrinae,
3712 2132 3835 2187 pro-

524 2214 656 2262 tem.
691 2207 788 2264 Vel
812 2216 962 2263 certe
986 2206 1192 2278 lapides
1222 2205 1573 2265 fundamento
1603 2205 1856 2277 grandes,
1896 2204 2119 2276 pretiosi
2219 2214 2342 2275 pter
2369 2219 2544 2261 annos
2562 2204 2890 2277 legislatoris
2910 2206 3158 2261 totidem.
3182 2207 3380 2281 Inque
3400 2208 3569 2262 etiam
3594 2223 3835 2265 numen

526 2306 582 2352 et
613 2297 888 2368 quadrati,
918 2296 1079 2368 primi
1109 2307 1235 2352 sunt
1263 2297 1345 2367 (ut
1376 2310 1539 2367 supra
1569 2294 1827 2367 diximus)
1856 2294 2121 2353 Ecclesia-
2220 2295 2484 2362 virorum,
2515 2297 2749 2367 gratiam
2793 2297 2967 2352 sancti
2999 2296 3239 2369 Spiritus
3266 2300 3543 2370 primitiva
3583 2301 3834 2370 suscepit

528 2403 648 2444 rum
693 2389 960 2459 magistri,
991 2388 1083 2459 qui
1129 2388 1198 2443 ab
1231 2389 1351 2458 ipso
1383 2387 1610 2449 Domino
1646 2386 1871 2442 verbum
1900 2386 2123 2441 audiere
2221 2386 2462 2443 Ecclesia
2490 2404 2505 2442 :
2539 2395 2791 2458 patenter
2829 2390 3123 2446 ostendens
3149 2390 3278 2460 quia
3313 2393 3405 2461 qui
3435 2397 3554 2461 tege
3583 2392 3833 2463 legitima

531 2481 743 2545 salutis.
786 2480 1123 2553 Superpositi
1163 2491 1342 2545 autem
1388 2482 1592 2552 lapides
1626 2482 1880 2536 ordinum
1919 2481 2033 2536 sive
2062 2481 2124 2536 li.
2222 2489 2472 2546 utuntur,
2507 2479 2559 2536 id
2580 2490 2665 2536 est
2690 2482 2785 2552 qui
2818 2480 3020 2539 Christi
3061 2484 3117 2537 in
3147 2498 3212 2540 ea
3236 2484 3463 2555 gratiam
3489 2500 3835 2557 cognoscas-

533 2588 782 2645 gnorum,
812 2583 1101 2645 sequentes
1137 2584 1285 2640 sunt,
1313 2589 1413 2630 suo
1439 2576 1914 2653 quiquetempore
1940 2587 2125 2635 sacer-
2223 2582 2304 2629 tes
2345 2572 2767 2645 amplectuntur,
2793 2574 2918 2643 jure
2965 2577 3193 2648 spiritus
3235 2578 3353 2650 ejus
3401 2580 3578 2650 gratia
3611 2582 3835 2653 replea-

528 2668 683 2723 dotes
709 2681 773 2722 ac
801 2667 1074 2733 doctores,
1107 2681 1337 2737 quorum
1359 2666 1445 2722 vel
1474 2652 1859 2736 praedicatione
1879 2681 1945 2722 ac
1966 2665 2127 2722 mini-
2226 2674 2332 2731 tur,
2362 2666 2491 2736 quia
2524 2666 2580 2721 in
2614 2667 2880 2724 charitate
2920 2667 3040 2737 ejus
3079 2670 3309 2741 amplius
3336 2673 3651 2743 ignescunt.
3689 2652 3835 2729 Dixi-

530 2761 718 2824 sterio,
758 2758 1055 2819 fabricatur
1090 2760 1332 2819 Ecclesia
1369 2760 1455 2815 vel
1488 2761 1771 2815 ordinatur
1810 2759 2119 2817 virtutibus.
2225 2772 2346 2812 ntus
2380 2765 2562 2812 autem
2594 2773 2693 2828 per
2734 2759 3141 2819 tabernaculum
3189 2762 3335 2832 quod
3368 2761 3497 2819 fecit
3526 2763 3760 2836 Moyses
3786 2775 3833 2821 et

532 2850 729 2918 Quales
766 2859 946 2913 autem
999 2852 1182 2909 colore
1232 2851 1434 2909 fuerint
1464 2852 1672 2922 lapides
1700 2852 1895 2923 quibus
1922 2851 2123 2908 factum
2224 2846 2319 2903 Ilii
2339 2848 2504 2904 Israel
2528 2848 2584 2904 in
2613 2850 2849 2918 deserto,
2866 2850 3214 2925 Synagogam
3241 2873 3254 2908 :
3280 2870 3378 2925 per
3406 2857 3679 2927 templum
3709 2873 3833 2913 vero

529 2944 914 3016 esttetnplum,
948 2945 1003 2999 in
1034 2946 1172 3000 libro
1194 2944 1641 3016 Paralipomenon
1669 2953 1857 3017 aperte
1884 2944 2125 3003 declara-
2224 2940 2365 3012 quod
2410 2941 2668 3000 Salomon
2710 2952 2766 3000 et
2808 2944 2905 3000 lilii
2952 2945 3116 3002 Israel
3166 2961 3289 3002 cum
3330 2949 3748 3020 proselytormn
3782 2958 3833 3004 et

535 3047 649 3093 tum
684 3046 787 3104 est,
832 3039 1044 3094 dicente
1074 3039 1239 3094 David
1285 3039 1350 3094 ad
1382 3036 1753 3105 Salomonem,
1785 3053 1909 3094 cum
1943 3038 1994 3092 ei
2031 3038 2123 3093 im-

2230 3032 2503 3103 gentilium
2566 3033 2770 3090 auxilio
2827 3037 3167 3104 construxit,
3229 3038 3526 3094 Ecclesium
3582 3042 3829 3112 gentium

534 3141 734 3199 pensas
760 3128 941 3198 templi
978 3143 1112 3198 quas
1144 3137 1542 3198 praeparaverat
1561 3130 1873 3184 ostenderet
1903 3148 1916 3183 :
1948 3148 1968 3183 ι
1996 3127 2125 3185 Om-
2159 3194 2196 3205 _
2225 3138 2386 3197 posse
2420 3126 2716 3197 designari.
2746 3126 3061 3186 Permansit
3092 3137 3273 3185 autem
3320 3129 3503 3186 cultus
3536 3139 3594 3186 et
3633 3132 3831 3205 religio

532 3194 657 3275 nem
676 3194 973 3289 pretiosum
992 3194 1218 3290 lapidem
1247 3194 1302 3276 et
1327 3235 1568 3275 marmor
1581 3220 1801 3276 Parium
1834 3221 2116 3277 abundan-
2149 3194 2197 3260 θ
2226 3194 2564 3275 tabernaculi
2590 3232 2764 3274 annos
2790 3220 3217 3291 quadringentos
3242 3230 3299 3276 et
3321 3223 3622 3294 octoginta,
3656 3240 3729 3280 ac

536 3310 746 3367 tissime
786 3312 1085 3382 praeparavi
1128 3312 1193 3384 (Ι
1235 3311 1365 3366 Par.
1407 3311 1591 3382 nix).
1623 3332 1642 3364 ι
1677 3311 1914 3369 Marmor
1947 3322 2126 3371 autem
2228 3310 2297 3365 ab
2326 3323 2392 3367 eo
2417 3308 2673 3380 templum
2702 3309 2970 3381 aediﬁcari
3002 3313 3211 3384 incipit.
3236 3313 3391 3381 Quod
3419 3323 3608 3370 autem
3632 3324 3830 3387 quarto

536 3400 773 3457 Parium'
800 3418 1038 3458 marmor
1079 3404 1367 3460 candidum
1434 3403 1635 3461 dicitur
1676 3419 1693 3458 :
1733 3404 1893 3474 quale
1936 3406 2125 3461 eadem
2228 3416 2372 3456 anno
2419 3403 2563 3474 regis
2601 3394 2910 3459 Salomonis
2960 3404 3221 3459 aediﬁcari
3266 3416 3447 3476 empta
3498 3416 3589 3463 est
3630 3409 3827 3465 domus

2229 3494 2465 3560 Domini,
2508 3503 2690 3566 potest
2734 3497 2802 3551 ad
2846 3512 2943 3553 eos
2983 3497 3176 3553 referri
3224 3493 3474 3570 mystice,
3513 3503 3663 3570 quod
3714 3510 3823 3572 post

661 3633 872 3706 Qlearon
899 3636 1194 3706 niveamque
1220 3632 1379 3706 Paron
1402 3644 1692 3706 sparsasque
1712 3644 1991 3706 peraquor

2230 3587 2499 3656 expletam
2554 3588 3011 3659 dispensationem
3062 3590 3356 3647 Dominiczc
3408 3592 3821 3659 incarnationis,

2231 3694 2349 3706 -.υ-ι
2378 3681 2430 3706 ἓν.
2460 3692 2694 3706 -..ιιιηιι-
2716 3681 2991 3706 13..----l22
3014 3682 3166 3706 I2I.._:_
3193 3684 3387 3706 -.._2_._
3437 3694 3516 3706 --ι
3572 3686 3738 3706 με---
3775 3688 3820 3706 1-

659 3681 1198 3759 eyéisdi's,"ei'¢r‘si}a§
1222 3681 1574 3757 legimus‘l’reta
1598 3681 1783 3745 concita
1808 3681 1972 3744 ter'ris.
2229 3694 2350 3749 quae
2376 3681 2432 3735 ίη
2457 3692 2694 3751 quatuor
2716 3681 2993 3753 Evangelii
3014 3682 3168 3738 libris
3190 3684 3393 3753 Scripta
3432 3694 3540 3751 BSt,
3570 3686 3747 3741 misso
3765 3688 3823 3741 de

610 3799 830 3856 Niveam
871 3816 1002 3871 ergo
1036 3801 1213 3855 Paron
1244 3800 1461 3868 dicitur,
1489 3817 1553 3857 eo
1583 3802 1723 3873 quod
1758 3801 2127 3857 candidissimi
2229 3772 2383 3873 an"?
2408 3772 2614 3843 spirit“
2648 3781 2860 3873 sana?’
2892 3774 3151 3829 Εθθιθδίπ
3173 3784 3449 3830 “metu”
3477 3776 3827 3873 c"_’pefi“_E‘

537 3904 778 3945 marmor
816 3866 1031 3958 generis
1069 3891 1264 3946 mittat.
1308 3890 1403 3945 Est
1430 3866 1617 3946 autem
1646 3905 1751 3945 una
1789 3890 1855 3945 de
1883 3888 2123 3961 Cycladi-

2230 3867 2372 3938 quod
2400 3882 2587 3923 mense
2630 3866 2869 3923 secundo
2908 3876 3086 3938 empta
3119 3874 3231 3933 est,
3273 3876 3454 3939 potest
3492 3870 3561 3923 ad
3606 3869 3820 3925 electio-

434 4048 439 4053 ,
537 3981 659 4045 bus,
687 3996 794 4051 quo
828 3982 1079 4039 videlicet
1109 3983 1303 4055 lapide,
1333 3985 1590 4055 templum
1624 3983 1790 4039 fuisse
1820 3958 2043 4050 factum,
2076 3990 2131 4039 et
2230 3974 2352 4055 ηθηι
2376 3960 2643 4030 εθηίίιηην
2670 3975 2793 4031 qu“3
2831 3959 3070 4015 secundo
3098 3958 3219 4015 Ῐοθο
3244 3967 3372 4030 νοεῖ
3396 3958 3566 4015 Israel
3595 3959 3823 4016 mdiﬁc“

534 4068 801 4145 Josephus
829 4074 1084 4140 insinuat,
1116 4076 1299 4130 dicens
1329 4096 1341 4130 :
1376 4076 1620 4131 Elevavit
1650 4076 1834 4145 itaque
1872 4075 2129 4145 templum

537 4176 708 4232 usque
757 4164 824 4218 ad
876 4179 1177 4232 cameram,
1224 4181 1290 4222 ex
1336 4167 1511 4237 lapide
1566 4162 1689 4221 albo
1737 4174 2124 4223 constructum.

536 4254 778 4313 Altitudo
817 4257 919 4311 fuit
944 4259 1221 4331 sexaginta
1250 4259 1577 4323 cubitorum,
1602 4268 1710 4314 etc.
1746 4257 1854 4313 Nec
1886 4257 2131 4330 mysterii

538 4362 730 4403 sensus
770 4349 822 4403 ln
848 4350 1030 4405 abdito
1055 4358 1158 4415 est,
1191 4348 1363 4405 cuivis
1388 4348 1587 4404 etenim
1623 4356 1794 4418 patet,
1826 4349 1950 4419 quia
1982 4363 2128 4402 mar-

538 4453 658 4493 mor
683 4440 991 4505 candidum,
1018 4457 1084 4496 ex
1109 4457 1214 4512 quo
1237 4444 1428 4497 domus
1450 4438 1663 4495 Domini
1690 4448 2001 4494 constructa
2023 4448 2129 4506 est,

538 4530 790 4584 mundam
835 4531 1128 4588 electorum
1171 4532 1439 4589 actionem
1469 4531 1628 4587 simul
1655 4540 1710 4588 et
1741 4531 2129 4587 conscientiam
2161 4556 2209 4617 υ

537 4625 605 4679 ab
657 4627 803 4681 omni
855 4642 1005 4683 naevo
1063 4627 1424 4698 corruptionis
1473 4627 1790 4697 castigatam
1856 4625 2123 4697 designat.

536 4717 732 4785 Quales
759 4734 883 4775 esse
906 4720 1072 4776 voluit
1104 4721 1320 4789 sapiens
1354 4719 1440 4775 ille
1472 4720 1821 4785 architectus,
1857 4732 1951 4773 eos
1989 4731 2126 4788 quos

535 4824 697 4880 super
718 4808 1127 4866 fundamentum
1150 4811 1353 4867 Christi
1381 4811 1593 4867 locabat
1614 4811 1817 4879 lapides
1838 4810 2123 4879 pretiosos,

535 4916 670 4956 auro
715 4912 1047 4973 argentoque
1096 4904 1376 4959 redimitos
1419 4923 1431 4958 :
1473 4923 1490 4955 ι
1527 4900 1876 4969 Cliarissimi,
1929 4901 2125 4973 inquit,

536 4996 859 5051 mundemus
891 5011 993 5051 nos
1018 4996 1087 5050 ab
1116 4997 1263 5051 omni
1290 4997 1698 5068 inquinamento
1725 4996 1905 5051 carnis
1934 5003 1989 5049 et
2024 4994 2130 5066 spi-

536 5086 708 5153 ritus,
759 5090 1104 5159 perlicientes
1157 5090 1638 5147 sanctiﬁcationem
1694 5090 1745 5144 in
1793 5090 1988 5146 timore
2035 5088 2126 5143 Del

538 5175 624 5247 (11
656 5175 778 5233 Cor.
806 5183 929 5252 vn).
965 5202 983 5235 ι
1161 5188 1181 5252 ᾖ

1141 5251 1370 5310 CAPUT
1432 5253 1518 5309 VI.

615 5359 634 5397 t
694 5341 919 5400 Factum
962 5353 1046 5401 est
1079 5360 1211 5418 ergo
1250 5346 1786 5418 quadringentesimo
1821 5353 1878 5401 et
1916 5354 2131 5415 octoge-

545 5449 562 5483 ε
598 5433 737 5491 simo
782 5450 927 5491 anno
983 5438 1312 5509 egressionis
1361 5436 1594 5492 ﬁliorum
1639 5436 1803 5493 Israel
1864 5438 1931 5491 de
1983 5443 2127 5489 terra

545 5541 567 5577 ί
596 5521 841 5595 Egypti,
867 5530 923 5583 in
955 5544 1099 5585 anno
1124 5538 1344 5600 quarto,
1370 5544 1556 5584 mense
1583 5527 1695 5591 Zio,
1728 5530 1843 5597 ipse
1871 5535 1956 5583 est
1981 5538 2134 5579 men-

546 5630 566 5669 t
601 5614 678 5670 sis
712 5619 979 5675 secundus
1022 5622 1166 5693 regis
1211 5620 1515 5677 Salomonis
1556 5634 1720 5690 super
1744 5616 1927 5681 Israel,
1959 5614 2133 5671 aedili-

2232 4053 2431 4109 tionem
2469 4055 2521 4109 in
2560 4070 2620 4110 se
2657 4054 2739 4110 sui
2787 4069 3075 4125 suscepere
3103 4054 3404 4111 Creatoris.
3436 4055 3599 4112 Unde
3644 4066 3701 4111 et
3742 4071 3821 4111 se-

2231 4146 2441 4201 cundus
2475 4148 2679 4202 mensis
2712 4147 2766 4202 in
2798 4147 2916 4218 lege
2955 4162 3249 4203 concessus
3284 4155 3370 4203 est
3405 4148 3475 4203 ad
3504 4147 3821 4217 faciendum

2232 4237 2460 4307 Pascha,
2506 4241 2633 4311 quia
2664 4240 2928 4295 immundi
2970 4255 3134 4311 super
3178 4241 3416 4296 animam
3465 4240 3709 4296 hominis
3745 4241 3821 4295 vri

2231 4331 2285 4386 in
2322 4331 2410 4386 vla
2441 4331 2627 4402 procul
2656 4332 2816 4404 positi
2863 4333 2929 4388 ad
2974 4332 3281 4390 faciendum
3326 4335 3384 4389 in
3426 4335 3608 4407 primo
3646 4348 3819 4390 mense

2231 4422 2451 4493 pascha,
2504 4438 2797 4480 occurrere
2839 4424 3146 4494 nequirent.
3194 4424 3296 4480 Ubi
3340 4440 3442 4480 nos
3482 4427 3817 4496 apertissime

2233 4513 2496 4584 designati
2519 4527 2725 4577 sumus,
2758 4513 2849 4583 qui
2882 4513 3144 4568 immundi
3169 4530 3335 4585 super
3354 4524 3589 4570 mortem
3636 4515 3817 4569 anima

2234 4612 2455 4671 nostrae,
2503 4612 2558 4659 et
2593 4604 2781 4675 procul
2821 4604 2998 4660 adhuc
3036 4604 3201 4676 positi
3246 4621 3276 4660 a
3320 4606 3522 4678 popqu
3550 4607 3671 4675 Dei,
3718 4621 3815 4661 non

2231 4696 2507 4769 potuimus
2540 4695 2779 4766 primum
2804 4696 3005 4767 pascha
3040 4694 3243 4765 facere,
3285 4698 3430 4767 quod
3471 4698 3529 4753 in
3567 4714 3731 4753 carne
3766 4706 3813 4751 et

2233 4789 2498 4861 sanguine
2545 4789 2669 4860 agni
2704 4787 2886 4844 ﬁebat.
2919 4786 3273 4845 Celebramus
3316 4798 3496 4845 autem
3524 4790 3688 4846 hodie
3724 4806 3811 4861 pa-

2232 4882 2384 4947 scha,
2431 4882 2728 4937 secundum
2775 4881 2919 4951 quod
2958 4881 3014 4936 in
3065 4896 3293 4952 corpore
3331 4889 3387 4937 et
3417 4883 3685 4954 sanguine
3714 4880 3811 4935 Re-

2234 4972 2532 5043 demptoris
2554 4971 2745 5037 nostri,
2789 4987 2821 5026 a
2847 4987 2955 5042 quo
2983 4973 3196 5044 quaesiti
3227 4981 3283 5028 et
3320 4973 3575 5029 mandati
3615 4988 3809 5036 sumus,

2186 5122 2195 5129 ,
2233 5074 2415 5121 actum
2450 5072 2553 5120 est.
2585 5063 2643 5119 In
2689 5079 2796 5135 quo
2823 5073 3003 5119 autem
3031 5064 3151 5120 loco
3177 5063 3435 5135 templum
3478 5065 3550 5119 sit
3591 5062 3811 5119 aediﬁca-

2234 5168 2346 5214 tum
2374 5157 2714 5213 manifestius
2750 5157 2804 5213 in
2830 5157 2970 5213 libro
3008 5156 3463 5228 Paralipomenon
3492 5158 3806 5215 ostenditur.

2233 5251 2321 5306 ubi
2348 5251 2609 5321 scriptum
2646 5258 2731 5304 est
2756 5264 2771 5303 :
2801 5269 2821 5301 ε
2848 5248 2915 5304 Et
2939 5250 3105 5319 coepit
3143 5248 3398 5305 Salomon
3424 5250 3698 5305 aadilicare
3725 5251 3811 5305 do.

2231 5357 2378 5399 mum
2404 5341 2616 5396 Domini
2650 5341 2703 5395 in
2733 5339 3054 5404 Jerusalem,
3088 5341 3142 5396 in
3169 5350 3354 5396 monte
3388 5340 3580 5407 Maria,
3609 5342 3697 5412 qui
3720 5342 3807 5396 de.

2236 5442 2568 5492 monstratus
2597 5432 2773 5488 fuerat
2804 5431 2974 5487 David
3000 5431 3140 5502 patri
3167 5430 3285 5500 ejus
3312 5432 3364 5486 in
3386 5431 3507 5487 loco
3546 5449 3704 5504 quem
3725 5447 3809 5503 pa-

2239 5538 2453 5584 raverat
2476 5528 2646 5583 David
2676 5527 2731 5581 in
2756 5538 2885 5582 area
2909 5524 3095 5581 Ornan
3124 5523 3354 5580 Jebusaai
3380 5524 3466 5597 (II
3491 5524 3625 5580 Par.
3654 5527 3754 5595 tu).
3784 5543 3802 5577 ι

2237 5620 2561 5676 J‘Edilicatur
2587 5633 2717 5690 ergo
2758 5617 2950 5672 domus
2984 5615 3199 5670 Domini
3233 5616 3289 5671 in
3358 5612 3686 5681 Jerusalem,
3718 5615 3807 5669 hoc

545 5721 569 5760 ι
599 5722 728 5764 care
771 5711 936 5781 carpit
979 5713 1198 5775 domum
1244 5715 1498 5770 Domino.
1541 5732 1561 5767 ι
1595 5710 1759 5779 Quod
1800 5706 2021 5776 dicitur,
2078 5709 2137 5764 in
2236 5719 2336 5777 est,
2364 5711 2419 5766 in
2451 5708 2659 5766 visione
2683 5707 2871 5779 pacis:
2903 5721 3009 5777 qua
3039 5705 3266 5762 dilatata
3306 5719 3404 5778 per
3429 5714 3603 5761 totum
3634 5705 3805 5761 urbem

610 5830 642 5864 ⁸
671 5819 844 5899 Vlrg.,
862 5824 1083 5884 .rEneid.
1114 5842 1194 5885 tu.
