4044 6336
142 436 265 493 415

1063 429 1316 489 ENARR.
1356 428 1424 487 IN
1461 426 1709 485 LIBROS
1750 422 2020 484 REGUM.
2057 455 2130 469 —
2162 425 2256 482 lN‘
2274 424 2407 484 LIB.
2448 426 2537 485 111.

3342 431 3447 491 ill

146 547 406 643 Εεςιθείθ
440 547 494 601 in
524 559 630 643 υηεξ
659 544 957 643 eademne
976 544 1185 643 δάεν-ει
1203 544 1452 643 “rimis
1472 541 1752 643 αηιιοξίείθ
1779 543 1829 604 Α
1859 570 2004 619 terra
2028 564 2348 620 viventium.
2384 563 2486 620 Ubi
2524 563 2823 620 notandum
2853 563 3000 635 quod
3033 564 3253 637 triginta
3280 566 3452 643 cubiti

146 639 428 695 societate
476 636 746 691 consistit.
812 635 1056 707 Namque
1102 636 1159 690 in
1211 636 1444 691 scissura
1490 634 1751 690 mentium

148 731 309 786 Deus
374 742 480 784 non
541 735 626 783 est
655 741 684 780 ':
733 728 829 785 sed
872 714 1106 783 .mfactus
1175 736 1260 783 est
1303 727 1358 782 in
1416 743 1550 800 pace
1600 726 1753 783 locus

146 819 312 890 eius,
340 827 397 873 et
418 817 686 874 habitatio
722 814 838 884 ejus
866 818 921 871 in
963 816 1093 872 Sion
1126 815 1298 887 (Paul.
1326 816 1511 889 Lxrrv).
1543 837 1561 870 ι
1599 815 1753 871 ﬁdi-

149 916 364 969 ttcatur
406 913 463 969 ie
515 920 722 976 monte,
747 909 997 966 videiicet
1041 910 1096 965 in
1136 910 1255 982 ipso
1296 910 1527 965 Domino
1567 905 1753 965 Salva-

149 1014 308 1069 torc,
328 1003 402 1059 de
423 995 533 1072 quo
552 1002 720 1059 Isaias
743 1002 820 1057 ait
844 1021 857 1055 :
882 1020 902 1053 ‹
932 1002 1000 1057 Et
1017 1002 1123 1057 erit
1146 1002 1201 1057 in
1222 1003 1530 1058 novissimis
1561 1002 1753 1059 diebus

148 1103 504 1169 praparatas
559 1110 716 1151 mons
758 1093 950 1150 domus
997 1096 1209 1151 Domini
1257 1095 1312 1150 in
1351 1096 1556 1152 vertice
1601 1098 1753 1151 men-

148 1190 297 1246 tium
320 1189 461 1263 (Ira.
489 1190 572 1261 ιι).
612 1209 630 1240 ι
663 1189 731 1244 Et
764 1190 883 1260 ipse
908 1190 976 1245 de
1032 1203 1092 1245 se
1125 1190 1178 1245 in
1212 1190 1542 1262 Evangelio:
1582 1208 1599 1240 ι
1634 1188 1753 1246 Non

148 1292 370 1353 potest,
408 1283 606 1353 inquit,
654 1282 846 1338 civitas
881 1280 1139 1339 abscondi
1176 1300 1341 1356 super
1378 1292 1618 1340 montem
1652 1298 1752 1354 po-

146 1381 263 1435 sita
290 1377 510 1451 (Matth.
544 1377 621 1450 γ).
670 1397 689 1431 ι
722 1377 841 1450 Ipse
865 1386 951 1433 est
973 1379 1117 1434 enim
1162 1394 1318 1435 mons
1346 1379 1632 1444 montium,
1660 1375 1754 1448 qui

145 1471 222 1526 de
261 1478 410 1525 terra
439 1467 657 1540 quidem
687 1483 786 1540 per.
816 1469 1079 1539 originem
1121 1476 1414 1540 assumptae
1452 1470 1634 1525 carnis
1660 1484 1753 1524 or-

148 1571 248 1616 tus
282 1571 390 1628 est,
408 1561 503 1616 sed
528 1561 771 1616 omnium
799 1560 1192 1631 terrigenarum
1215 1562 1510 1631 potentiam
1540 1576 1603 1616 ac
1631 1576 1756 1617 san-

146 1654 410 1708 ctitatem
435 1652 694 1724 singulari
726 1651 963 1707 culmine
993 1652 1272 1721 dignitatis
1310 1653 1664 1708 transcendit.
1694 1652 1754 1709 In

143 1758 268 1814 quo
312 1744 575 1799 nimirum
626 1751 808 1798 monte
848 1743 1068 1809 .civitas,
1112 1743 1226 1799 sive
1280 1742 1473 1799 domus
1514 1742 1750 1809 Domini,

142 1844 474 1893 constructa
514 1845 601 1893 est
626 1854 640 1890 :
666 1836 793 1907 quia
822 1836 928 1892 nisi
960 1835 1092 1892 Sion
1131 1834 1183 1891 in
1218 1836 1309 1892 illo
1335 1837 1572 1893 radicem
1603 1836 1751 1907 ligat,

1857 652 2179 724 altitudinis,
2212 672 2319 713 non
2357 671 2528 728 usque
2562 655 2631 711 ad
2670 664 2874 715 tectum
2903 643 3111 729 templi,
3138 657 3233 721 sed
3276 674 3449 733 usque

1857 749 1926 807 ad
1950 750 2291 819 cmnaculum
2335 748 2562 819 inferius
2587 750 2991 823 pertingebant.
3033 750 3278 835 Namque
3303 752 3358 809 in
3387 753 3450 823 li:

1855 839 1954 923 bro
1991 841 2443 915 Paralipomenon
2493 851 2679 917 aperte
2723 843 2989 919 scriptum
3018 852 3122 913 est,
3150 846 3294 921 quod
3322 845 3449 907 alti-

1856 931 1985 1005 tudo
2018 942 2237 989 centum
2263 933 2453 1009 viginti
2482 933 2791 993 cubitorum
2813 941 2950 993 erat.
2970 936 3047 999 De
3063 950 3171 1005 quo
3187 943 3313 1015 post
3334 936 3452 1003 haec

1855 1021 2056 1082 dicturi
2088 1039 2300 1079 sumus.

1932 1132 1951 1164 ι
1988 1112 2238 1171 Porticus
2264 1123 2382 1169 erat
2433 1122 2561 1173 ante
2612 1112 2869 1186 templum
2914 1113 3101 1185 viginti
3147 1115 3454 1181 cubitorum

1861 1220 1881 1253 ι
1919 1202 2276 1275 longitudinis
2299 1196 2455 1276 juxta
2502 1221 2813 1261 mensuram
2842 1205 3144 1284 latitudinis
3172 1208 3377 1278 templi,
3400 1216 3456 1275 et

1861 1314 1881 1346 ι
1924 1295 2158 1375 habebat
2179 1296 2366 1354 decem
2387 1297 2601 1354 cubitos
2626 1296 2931 1357 latitudinis
2953 1307 3080 1355 ante
3098 1297 3293 1357 faciem
3318 1308 3455 1359 tem-

1863 1405 1880 1438 ι
1917 1386 2009 1458 pii.
2049 1408 2067 1439 ι
2096 1388 2378 1463 Templum
2408 1406 2644 1465 namque
2669 1403 2791 1451 erat
2812 1410 3137 1453 conversum
3178 1396 3246 1455 ad
3271 1396 3455 1453 orien-

1860 1484 2006 1547 tem,
2066 1479 2208 1537 sicut
2252 1491 2306 1535 et
2361 1481 3203 1559 tabcrnaculum.’liabebatque
3252 1487 3455 1547 ostium
3496 1478 3513 1497 ’

1858 1570 2101 1640 porticus
2153 1572 2223 1626 ab
2279 1573 2509 1641 oriente,
2564 1585 2751 1633 contra
2792 1578 2992 1637 ostium
3041 1577 3258 1649 templi,
3297 1577 3457 1648 juxta

1857 1660 2000 1743 quod
2032 1660 2326 1718 historicus
2352 1662 2663 1721 Iudaeorum
2687 1665 2956 1737 Josephus
2986 1668 3329 1738 apertissime
3362 1667 3455 1723 do-

1858 1760 1982 1807 cet:
2020 1752 2093 1808 ita
2124 1760 2185 1807 ut
2207 1753 2286 1808 sol
2329 1754 2724 1826 aequinoctialis
2776 1756 2981 1822 oriens,
3030 1758 3251 1817 directis
3279 1758 3458 1817 radio-

1858 1853 1979 1907 rum
2003 1860 2226 1901 suorum
2263 1844 2444 1915 lineis,
2475 1862 2574 1918 per
2605 1847 2743 1903 ostia
2778 1847 2881 1909 tria
2910 1848 3152 1918 porticus
3184 1848 3456 1912 videlicet,

143 1944 285 1999 spes
302 1937 363 1984 et
386 1928 520 1985 lldes
541 1937 729 1983 nostra
754 1927 900 1982 nulla
922 1935 1026 1984 est.
1052 1926 1155 1995 Qui
1192 1935 1341 1984 recte
1370 1942 1528 1985 mons
1556 1928 1750 1995 Maria,

1864 1944 1912 1992 et
1950 1936 2135 2009 templi
2166 1944 2222 1992 et
2266 1936 2496 2003 oraculi,
2542 1953 2724 1993 arcam
2777 1938 3088 2001 testamenti
3130 1936 3458 2015 perfundere

144 2022 205 2076 id
260 2030 348 2077 est
388 2021 604 2079 uisionis
634 2028 861 2076 vocatur
897 2039 912 2074 :
943 2020 1071 2091 quia
1098 2020 1300 2076 electos
1345 2035 1473 2076 suos
1514 2036 1654 2092 quos
1686 2022 1753 2077 ad

142 2122 421 2169 aeternam
463 2129 574 2170 sua:
605 2113 868 2169 claritatis
909 2114 1175 2169 visionem
1223 2112 1528 2180 conservat,
1558 2113 1614 2168 in
1653 2113 1758 2170 hac

144 2206 379 2262 interim
402 2206 517 2261 vita
546 2205 854 2261 laborantes
880 2205 1067 2261 videre
1110 2213 1165 2260 et
1195 2204 1453 2276 adjuvare
1478 2205 1752 2277 dignatur.

144 2297 262 2366 Qui
293 2298 703 2353 demonstratus
745 2296 923 2353 fuerat
950 2297 1121 2353 David
1154 2298 1298 2367 patri
1326 2295 1461 2365 ejus.
1494 2298 1758 2354 Ostensus

144 2404 397 2460 namque
426 2398 545 2445 erat
575 2389 742 2471 David
788 2390 929 2471 sicut
965 2397 1020 2444 et
1048 2388 1263 2445 caneris
1288 2389 1588 2463 prophetis,
1627 2405 1757 2445 ven-

147 2491 319 2537 turus
344 2483 399 2537 in
430 2468 598 2537 carne
628 2468 917 2539 Dominus.
942 2482 1086 2538 Bene
1130 2482 1271 2538 idem
1315 2470 1464 2538 locus
1487 2496 1613 2539 area
1641 2490 1758 2538 crat

144 2572 347 2628 Ornan
376 2572 630 2641 Jebusaei,
653 2572 779 2646 quia
812 2581 867 2630 et
896 2560 1139 2631 Ecclesia
1161 2562 1303 2647 area:
1333 2576 1470 2632 solet
1495 2577 1757 2633 vocabulo

144 2668 461 2740 designari,
486 2669 699 2724 dicente
721 2668 930 2749 Joanne
965 2671 1031 2725 de
1053 2669 1285 2728 Domino
1314 2690 1328 2726 :
1360 2689 1377 2723 ι
1426 2672 1592 2743 Cujus
1620 2687 1756 2727 ven-

144 2758 419 2813 tilabrum
466 2759 520 2814 in
552 2774 713 2839 manu
741 2775 859 2825 sua,
902 2769 956 2815 et
979 2759 1362 2830 permundabit
1387 2777 1571 2817 aream
1604 2777 1756 2818 suam

145 2849 358 2923 (Marc.
383 2849 487 2923 ιιι).
529 2869 549 2903 ι
583 2850 767 2906 Ornan
791 2851 883 2922 qui
912 2851 1305 2923 interpretatur
1327 2851 1680 2920 illuminatus,
1703 2862 1758 2908 et

142 2952 279 2998 erat
312 2943 536 2999 natione
569 2942 878 3009 Jebusaeus,
910 2944 1129 2999 natione
1168 2942 1386 3015 quidem
1428 2946 1656 3016 gentiles
1685 2946 1760 3002 si-

142 3031 405 3105 gniﬁcat.
438 3031 551 3088 llos
580 3042 761 3089 autem
797 3034 1020 3089 eosdem
1054 3033 1405 3091 iiiustrandos
1438 3050 1466 3089 a
1503 3036 1751 3101 Domino,

144 3132 329 3192 atque
367 3123 424 3179 in
455 3122 596 3179 illius
626 3123 883 3180 Ecclesiae
913 3125 1325 3181 commutandos
1372 3126 1609 3181 ostendit
1633 3126 1757 3197 qui-

144 3215 261 3271 bus
292 3215 491 3271 merito
517 3216 650 3271 dicit
670 3215 959 3286 Apostolus
989 3236 1001 3272 :
1036 3235 1057 3269 ι
1103 3216 1308 3273 Fuistis
1338 3217 1628 3290 aliquando
1670 3227 1753 3274 te-

1857 2024 2060 2099 posset.
2093 2028 2230 2097 Quia
2272 2045 2401 2085 vero
2448 2030 2710 2101 templum
2763 2037 3009 2087 sanctam
3037 2028 3338 2093 Ecclesiam
3365 2027 3458 2087 de-

1858 2121 2056 2207 signat,
2087 2120 2327 2193 porticus
2354 2137 2474 2195 quae
2500 2130 2619 2177 erat
2649 2131 2777 2187 ante
2823 2123 3104 2203 templum,
3146 2130 3201 2185 et
3237 2121 3458 2203 propior

1858 2213 2035 2293 lucem
2065 2211 2199 2267 solis
2242 2213 2491 2291 accipere
2548 2210 2790 2279 solebat,
2824 2212 2955 2287 quid
3007 2212 3267 2290 apertius
3294 2225 3458 2285 quam

1859 2304 2003 2369 illam
2032 2306 2150 2377 ejus
2176 2312 2407 2379 partem,
2436 2321 2557 2377 qua:
2584 2305 2884 2375 Dominicgp
2908 2305 3303 2381 incarnationis
3329 2312 3461 2361 tem,

1857 2413 1988 2481 pora
2013 2399 2320 2481 prazcessit,
2367 2394 2545 2471 typice
2592 2397 2920 2461 denuntiat?
2962 2399 3020 2461 In
3060 2414 3169 2469 qua
3211 2405 3339 2463 sunt
3365 2412 3459 2469 pa-

1860 2478 2116 2555 triarcha:
2144 2498 2197 2545 et
2230 2489 2532 2565 prophetae,
2562 2490 2655 2562 qui
2683 2489 2949 2565 orientem
2983 2490 3111 2555 huic
3133 2489 3336 2551 mundo
3367 2504 3458 2547 so-

1858 2581 1965 2636 lem
1986 2579 2214 2649 justitite
2238 2580 2403 2652 primi
2434 2584 2824 2657 susceperunt,
2857 2590 2913 2636 et
2936 2581 3181 2647 nascenti
3210 2580 3265 2639 in
3296 2594 3462 2643 carne

1857 2673 2088 2729 Domino
2120 2675 2512 2747 testimonium,
2561 2675 2676 2730 sive
2712 2674 2963 2738 vivendo,
3015 2675 3129 2729 sive
3162 2672 3462 2743 praedican-

1858 2764 1962 2830 do,
2015 2764 2129 2821 sive
2159 2765 2468 2831 nascendo,
2519 2764 2635 2821 sive
2670 2765 2832 2829 etiam
2862 2748 3186 2839 'rnpriendo,
3208 2763 3457 2841 prtebue-

1859 2864 2005 2930 runt.
2044 2855 2255 2911 Ostium
2280 2871 2411 2911 vero
2446 2856 2628 2931 templi
2657 2846 2919 2937 Dominus
2968 2865 3054 2917 est
3087 2875 3097 2910 :
3128 2855 3257 2928 quia
3301 2874 3321 2917 ι
3361 2869 3459 2913 no-

1858 2963 1949 3002 mo
1976 2948 2124 3004 venit
2170 2949 2238 3003 ad
2280 2947 2518 3013 Patrem,
2562 2947 2664 3003 nisi
2712 2962 2809 3025 per
2839 2948 3017 3023 ipsum
3047 2946 3227 3019 (loqu.
3260 2944 3397 3019 κιν).
3435 2965 3455 3001 ι

1859 3038 1927 3095 Ει
1961 3039 2102 3095 sicut
2149 3040 2277 3097 alibi
2314 3040 2515 3096 dicitur
2546 3057 2559 3094 :
2596 3059 2615 3092 ι
2649 3034 2761 3115 Ego
2789 3056 2909 3101 sum
2939 3042 3139 3121 ostium
3172 3058 3186 3094 :
3224 3055 3321 3121 per
3373 3053 3462 3097 me

1861 3133 1907 3189 si
1936 3133 2061 3204 quis
2089 3132 2383 3200 introierit,
2411 3130 2709 3193 salvabitur
2736 3132 2914 3203 (Joan.
2952 3133 3028 3205 χ).
3056 3153 3074 3187 ο
3103 3131 3315 3195 Ostium
3336 3146 3463 3203 por-

1862 3228 2003 3285 ticus
2034 3244 2215 3284 sermo
2259 3237 2345 3284 est
2388 3228 2762 3303 propheticus,
2820 3228 2915 3298 qui
2957 3228 3111 3299 quasi
3148 3236 3297 3287 recto
3327 3226 3461 3285 calle

141 3304 734 3401 nebraa,nuneautem
757 3305 845 3361 lux
868 3306 920 3360 in
950 3307 1179 3401 Domino
1207 3288 1522 3401 (Ephesiv).
1547 3328 1565 3361 ι
1589 3306 1754 3365 Jebus
1780 3288 1828 3354 C
1859 3319 2245 3401 ingredientes,
2298 3320 2352 3383 in
2390 3288 2611 3385 ὀειῖῃιῃ
2661 3288 3222 3401 templi-perducebat
3270 3338 3283 3376 :
3333 3318 3463 3393 quia

140 3396 358 3459 eadem
388 3406 472 3453 est
495 3398 686 3454 civitas
714 3414 837 3470 qua
878 3407 936 3454 et
967 3398 1287 3455 Jerusalem.
1323 3400 1387 3454 Et
1435 3398 1603 3456 Jebus
1635 3401 1757 3470 qui-

140 3490 290 3546 dem
351 3489 739 3561 interpretatur
804 3490 1144 3555 conculcata,
1213 3476 1516 3547 Jerusalem
1574 3499 1755 3548 autem

141 3579 308 3652 pacis
333 3579 488 3634 alsia.
518 3579 574 3635 in
596 3595 704 3651 qua
728 3581 965 3650 quandiu
992 3579 1179 3637 Ornan
1222 3582 1435 3653 gentilis
1466 3583 1751 3654 regnabat,

143 3672 331 3726 Jebus
357 3670 499 3731 dicta
519 3679 625 3737 est,
648 3671 814 3727 etiam
842 3686 965 3726 eum
998 3671 1052 3726 in
1080 3686 1142 3726 ea
1170 3671 1343 3725 David
1372 3660 1551 3727 locum
1594 3671 1754 3728 holo-

142 3761 342 3818 causti
389 3770 617 3816 emeret.
651 3760 789 3817 Cum
826 3776 956 3817 vero
988 3760 1242 3817 Salomon
1293 3761 1347 3816 in
1395 3777 1458 3817 ea
1497 3762 1754 3833 templum

143 3852 399 3907 Domino
439 3852 754 3919 aedificaret,
793 3867 901 3906 non
944 3849 1060 3920 jam
1099 3849 1284 3917 Jebus,
1326 3853 1422 3908 sed
1456 3850 1757 3909 Jerusalem

150 3956 365 4007 vocata
413 3958 514 4004 est.
548 3948 681 4016 Quia
714 3948 970 4003 nimirum
1014 3946 1290 4019 gentilitas
1318 3947 1555 4017 quandiu
1587 3946 1756 4002 divini

144 4039 347 4095 cultus
373 4038 554 4093 nescia
585 4036 932 4109 perdurabat,
959 4037 1382 4092 conculcabatur
1410 4046 1464 4091 et
1494 4037 1757 4093 iiludeba-

145 4142 251 4187 tur
302 4128 377 4184 ab
419 4129 714 4185 immundis
751 4127 1036 4197 spiritibus
1086 4145 1101 4182 ι
1147 4127 1215 4182 ad
1273 4128 1561 4183 simulacra
1609 4136 1757 4183 muta

142 4230 326 4295 prout
358 4221 679 4286 ducebatur,
725 4234 979 4289 sequens.
1005 4217 1141 4275 Cum
1170 4232 1300 4273 vero
1342 4217 1489 4272 illam
1530 4219 1759 4289 gratiam

143 4317 243 4373 sui
284 4313 602 4370 Conditoris
641 4313 902 4382 respexit,
936 4312 1197 4368 continuo
1222 4311 1372 4382 pacis
1400 4311 1453 4365 in
1497 4325 1556 4366 se
1599 4319 1654 4366 et
1682 4310 1757 4365 lo-

144 4422 288 4465 cum
311 4406 523 4462 invenit
551 4412 608 4462 et
636 4420 853 4460 nomen.

234 4520 258 4552 σ
297 4501 508 4556 Domus
528 4508 709 4555 autem
731 4514 897 4570 quam
927 4497 1231 4555 aediﬁcabat
1251 4514 1345 4555 rex
1372 4496 1629 4555 Salomon
1654 4498 1760 4553 Do-

152 4612 177 4645 ι
216 4592 400 4655 mino,
431 4590 668 4647 habebat
694 4580 974 4662 sexaginta
996 4578 1209 4647 cubitos
1230 4591 1284 4645 in
1320 4591 1673 4664 longitudine,
1706 4600 1761 4646 et

1857 3410 2087 3493 gratiam
2114 3410 2331 3469 Domini
2354 3409 2657 3475 Saivatoris
2678 3426 2784 3481 qua
2828 3412 3089 3491 mundum
3110 3419 3227 3469 erat
3250 3408 3464 3465 redem-

1854 3504 2072 3587 pturus,
2120 3510 2310 3576 aperte
2354 3506 2709 3587 praedicabat.
2761 3505 2996 3565 Factura
3042 3519 3174 3577 ergo
3216 3505 3462 3579 porticus

1863 3606 1995 3659 tcta".
2022 3589 2208 3655 ﬁdeles
2246 3597 2391 3654 illius
2432 3598 2692 3675 temporis
2742 3597 3033 3673 signiﬁcat.
3077 3594 3290 3663 Ostium
3332 3610 3464 3655 vero

1858 3690 1914 3745 in
1945 3689 2189 3762 porticus
2218 3690 2470 3746 doctores
2494 3690 2586 3765 qui
2613 3690 2829 3750 sceleris
2859 3690 3035 3753 lucem
3067 3688 3191 3747 vita:
3210 3688 3463 3761 januam-

1860 3795 1968 3863 que
1998 3779 2237 3837 intrandi
2282 3779 2351 3834 ad
2404 3779 2690 3839 Dominum
2720 3780 3053 3851 pandebant,
3081 3776 3355 3853 exprimit.
3394 3775 3462 3837 Et

1859 3874 1997 3929 bene
2046 3888 2216 3927 unum
2249 3871 2448 3933 ostium
2488 3881 2714 3947 propter
2765 3887 3059 3939 consonam
3111 3870 3165 3924 in
3208 3868 3462 3931 omnibus

1860 3965 2065 4021 sanctis
2092 3964 2278 4031 ﬁdem,
2323 3979 2389 4020 ac
2416 3964 2762 4033 dilectionem
2802 3964 3075 4021 veritatis.
3105 3962 3234 4030 Quae
3272 3959 3462 4027 videli-

1859 4065 1948 4114 cet
1979 4057 2244 4128 porticus,
2267 4055 2426 4124 juxta
2454 4055 2798 4113 latitudinem
2829 4054 3014 4125 templi
3040 4053 3230 4127 viginti
3263 4049 3462 4111 cubitis

1861 4146 2021 4218 longa
2037 4152 2174 4210 erat,
2192 4146 2317 4216 quia
2344 4145 2599 4200 nimirum
2628 4145 2836 4214 antiqui
2858 4145 2987 4215 justi
3006 4158 3105 4214 per
3127 4140 3459 4213 longanimi-

1862 4243 2030 4291 tatem
2055 4236 2262 4297 devota:
2285 4235 2505 4300 mentis,
2531 4235 2916 4293 desiderabant
2946 4234 3136 4289 venire
3159 4234 3225 4287 ad
3249 4233 3463 4297 dilatio-

1862 4342 1987 4407 nem
2018 4325 2299 4407 Ecclesiae,
2337 4326 2391 4380 in
2423 4324 2690 4393 charitate
2716 4323 2836 4391 Dei,
2864 4339 2987 4399 quae
3025 4331 3111 4381 est
3156 4324 3211 4378 in
3243 4322 3462 4378 Christo

1863 4404 2095 4473 Domino
2129 4425 2338 4472 nostro.

1888 4514 1893 4519 ‘
1942 4530 1960 4562 ι
2008 4509 2267 4580 Fecitque
2288 4509 2343 4563 in
2376 4506 2579 4585 templo
2603 4506 2874 4563 fenestras
2895 4505 3164 4579 obliquas.
3196 4525 3215 4558 ι
3248 4503 3451 4562 Fenes-

1864 4612 1961 4659 trse
2009 4601 2189 4675 templi
2233 4602 2481 4657 doctores
2521 4599 2696 4655 sancti
2726 4607 2854 4657 sunt
2880 4607 2934 4655 et
2959 4596 3234 4675 spiritales
3258 4597 3463 4670 quique

153 4705 175 4739 ι
219 4684 425 4755 viginti
453 4683 664 4738 cubitos
692 4684 745 4738 in
771 4681 1077 4749 latitudine,
1119 4692 1177 4740 et
1199 4684 1423 4756 triginta
1464 4685 1677 4740 cubitos
1703 4686 1756 4739 in

1867 4696 1922 4751 in
1944 4694 2210 4761 Ecclesia,
2245 4694 2444 4765 quibus
2472 4698 2653 4747 mente
2672 4690 3087 4758 excedentibus,
3122 4691 3231 4747 Deo
3258 4704 3461 4745 arcana

154 4798 177 4831 ι
219 4775 539 4833 altitudine.
562 4794 581 4828 ι
600 4774 903 4847 Longitudo
924 4775 1118 4831 domus
1139 4775 1600 4848 longanimitatem
1618 4778 1761 4833 desi-

149 4877 297 4942 gnat
322 4865 614 4930 Ecclesite,
651 4866 780 4937 quia
821 4865 875 4921 in
897 4866 1090 4922 exsilio
1118 4868 1573 4938 peregrinationis
1602 4866 1761 4936 hujus

148 4961 444 5034 patienter
468 4960 692 5015 adversa
717 4974 943 5029 quaeque
979 4958 1191 5031 tolerat,
1224 4960 1398 5017 donec
1432 4962 1499 5018 ad
1527 4962 1758 5032 patriam

149 5072 335 5131 quam
369 5062 672 5126 exspectat,
693 5054 994 5125 perveniat.
1031 5054 1281 5112 Latitudo
1310 5056 1549 5111 insinuat
1588 5055 1763 5112 chari-

152 5160 367 5215 tatem,
384 5163 491 5220 qua
518 5148 765 5204 dilatatio
788 5148 910 5204 sine
928 5148 1123 5204 mentis
1151 5164 1258 5205 non
1284 5147 1457 5205 solum
1480 5149 1683 5205 amicos
1708 5149 1761 5202 in

153 5245 307 5307 Deo,
336 5242 433 5297 sed
460 5250 515 5296 et
544 5242 794 5298 inimicos
822 5240 1046 5313 diligere
1068 5241 1265 5313 gaudet
1302 5249 1527 5312 propter
1550 5240 1715 5296 Deum
1746 5256 1761 5294 :

152 5338 349 5391 donec
378 5335 560 5390 veniat
591 5342 822 5405 tempus,
846 5333 1062 5404 quando
1097 5334 1211 5389 sive
1260 5333 1326 5389 ad
1368 5349 1558 5402 pacem
1608 5348 1762 5387 suam

150 5411 501 5492 conversis,
554 5424 669 5481 sive
726 5424 965 5480 funditus
1019 5425 1272 5481 omnibus
1322 5424 1606 5480 exstinctis
1658 5424 1762 5479 ini-

152 5518 337 5574 micis
361 5556 380 5583 ,
425 5532 547 5572 cum
597 5515 725 5572 solis
776 5518 1009 5590 gaudeat
1050 5516 1240 5572 amicis
1270 5516 1322 5570 in
1363 5517 1493 5571 Deo.
1524 5514 1763 5571 Altitudo

152 5624 328 5680 spem
376 5606 659 5664 denuntiat
710 5607 904 5663 futurae
944 5609 1334 5674 retributionis,
1366 5606 1519 5676 cujus
1563 5608 1758 5663 intuitu

151 5690 417 5759 libenter
459 5699 644 5759 inﬁma
688 5714 932 5771 quaeque,
967 5700 1081 5756 sive
1128 5715 1248 5770 quae
1288 5700 1616 5765 demulcent,
1647 5700 1761 5755 sive

154 5811 297 5868 qua:
347 5794 733 5862 adversantur,
778 5794 1077 5851 contemnit
1108 5813 1121 5847 :
1153 5809 1324 5865 usque
1353 5794 1479 5849 dum
1520 5794 1762 5864 utrisque

78 5858 129 5953 ,εξ
157 5858 538 5955 transcensu,
575 5886 688 5943 sola
736 5892 1010 5944 mercatur
1038 5884 1220 5940 videre
1269 5883 1408 5939 bona
1449 5878 1658 5940 Domini
1710 5884 1762 5939 in

1862 4791 2198 4839 secretorum
2227 4781 2532 4837 caelestium
2563 4780 2852 4851 specialius
2876 4782 3090 4841 caeteris
3128 4780 3314 4836 videre
3340 4794 3462 4833 con-

1865 4873 2094 4929 ceditur.
2126 4870 2249 4940 Qui,
2275 4871 2402 4931 dum
2429 4886 2492 4926 ea
2519 4886 2641 4941 quae
2670 4871 2724 4929 in
2753 4871 2969 4927 occulto
2998 4871 3204 4935 vident,
3251 4866 3464 4941 publice

1866 4964 2114 5020 ﬁdelibus
2144 4964 2391 5037 pandunt
2422 4982 2434 5018 :
2478 4964 2635 5037 quasi
2664 4973 2918 5037 suscepto
2971 4964 3174 5020 lumine
3197 4958 3347 5026 solis,
3388 4958 3468 5014 fe-

1870 5067 2069 5114 nestra:
2115 5056 2303 5128 juncta
2332 5055 2516 5127 templi
2553 5055 2859 5128 penetralia
2892 5055 3120 5127 replent.
3146 5052 3301 5109 Unde
3328 5052 3468 5106 bene

1869 5149 2069 5207 caedem
2098 5148 2350 5205 fenestrae
2378 5146 2630 5218 obliquae,
2664 5147 2717 5204 id
2744 5157 2830 5203 est
2872 5148 3019 5202 intus
3050 5146 3274 5200 latiores
3298 5141 3469 5201 fuisse

1869 5242 2258 5314 perhibentur:
2288 5241 2415 5315 quia
2443 5240 2698 5299 nimirum
2747 5254 2972 5295 necesse
2996 5245 3103 5303 est,
3132 5243 3193 5290 ut
3220 5234 3470 5311 quisquis

1865 5334 2028 5406 jubar
2054 5348 2301 5405 superna:
2345 5330 2823 5403 contemplationis
2871 5328 2956 5384 vel
3003 5328 3069 5383 ad
3136 5334 3469 5387 momentum

1871 5425 2199 5497 perceperit,
2227 5439 2350 5479 mox
2379 5423 2555 5479 sinum
2583 5422 2762 5478 cordis
2784 5416 3015 5491 amplius
3037 5416 3354 5495 castigando
3388 5415 3470 5499 (Ii,-

1874 5518 2024 5582 latet,
2056 5527 2219 5590 atque
2259 5518 2327 5573 ad
2376 5516 2578 5589 majora
2619 5512 2949 5589 capessenda
2976 5510 3163 5569 solerti
3191 5510 3451 5568 exercita

1870 5613 2017 5667 tione
2038 5627 2097 5668 se
2126 5619 2413 5684 praeparet.

1940 5723 1959 5751 σ
1994 5703 2065 5759 Ει
2112 5702 2393 5771 :ediiicavit
2444 5715 2605 5772 super
2665 5700 2930 5775 parietem
2988 5698 3174 5772 templi
3234 5699 3471 5775 tabulata

1871 5804 1895 5848 ι
1938 5811 2025 5867 per
2088 5811 2304 5869 gyrum,
2358 5792 2413 5848 in
2464 5791 2769 5865 parietibus
2823 5792 3015 5851 domus
3056 5808 3155 5865 per
3182 5792 3469 5867 circuitum

1876 5904 1901 5937 τ
1941 5872 2127 5957 templi
2155 5893 2211 5939 et
2240 5880 2466 5953 oraculi,
2498 5892 2554 5939 et
2582 5880 2712 5940 fecit
2734 5882 2904 5941 latera
2933 5882 2989 5940 in
3013 5882 3263 5940 circuitu.
3295 5880 3469 5936 Tabu-
