4044 6336
607 326 710 384 “5

1605 315 1958 376 ANGELOMI
1991 308 2455 370 LUXOVIENSIS
2495 308 2803 366 MONACHI
3757 320 3819 377 ile

610 456 630 491 α
672 437 838 492 latum
854 431 998 505 quod
1022 432 1213 488 subter
1227 429 1619 499 erat,quinque
1631 427 1844 484 cubitos
1869 427 2106 482 habebat
2127 423 2212 479 la-
2238 423 2294 486 Α
2317 421 2519 477 fuerint
2545 436 2679 477 auro
2707 421 2938 477 vestitae.
2989 422 3143 490 Quod
3175 423 3260 478 ita
3289 423 3504 479 factum
3530 438 3641 480 esse
3665 434 3819 490 nonda.

611 547 632 583 ι
676 526 970 584 titudinis:
1017 532 1074 581 et
1112 523 1351 578 medium
1402 521 1724 585 tabulatum,
1752 535 1849 576 sex
1894 519 2202 576 cubitorum

611 643 631 677 ε
675 618 980 676 latitudinis
1010 634 1024 672 :
1057 625 1115 672 et
1142 616 1362 671 tertium
1401 614 1728 680 tabulatum,
1755 622 1964 684 septem
1992 613 2200 668 habens

612 732 633 766 ‹
677 712 891 768 cubitos
915 708 1235 766 latitudinis.
1278 727 1296 758 ι
1331 705 1458 762 Haec
1506 706 1747 762 tabulata
1800 707 1857 761 in
1906 704 2202 776 Evangelio

609 805 700 861 ubi
726 803 988 860 Dominus
1005 808 1246 857 tentatur
1267 815 1299 854 a
1325 797 1562 864 diabolo,
1576 796 1868 867 pinnacula
1891 795 2076 867 templi
2103 811 2201 852 vo-

609 904 827 952 cantur.
857 892 963 949 Sed
990 901 1046 948 et
1073 891 1334 947 Jacobum
1362 889 1586 945 fratrem
1631 889 1845 945 Domini
1875 888 2198 959 apostolum,

610 989 667 1044 in
695 987 1044 1059 pinnaculum
1073 983 1278 1055 templi,
1325 983 1472 1038 unde
1523 983 1590 1038 ad
1622 982 1878 1055 populum
1906 984 2201 1040 conciona-

612 1087 782 1144 retur,
816 1079 1051 1133 levatum
1094 1090 1218 1132 esse
1269 1074 1516 1146 legimus.
1561 1073 1756 1131 Utrum
1801 1084 1985 1130 autem
2036 1077 2203 1132 moris

613 1169 775 1226 fuerit
825 1167 1156 1232 doctoribus,
1190 1175 1250 1222 ut
1283 1167 1371 1222 his
1399 1166 1651 1222 sedentes
1697 1166 1956 1222 tabulatis
2003 1167 2071 1221 ad
2097 1168 2201 1222 cir-

613 1261 972 1315 eumstantem
1027 1257 1256 1313 inferius
1313 1256 1526 1313 turbam
1585 1257 1816 1312 fecerint
1873 1271 2200 1324 sermonem,

612 1364 881 1420 nusquam
929 1349 1192 1419 scriptum
1235 1348 1561 1414 invenimus.
1592 1347 1749 1404 Patet
1789 1364 1919 1405 vero
1947 1349 2089 1406 ratio
2117 1364 2206 1406 sa-

611 1441 896 1507 cramenti;
927 1441 1055 1511 quia
1086 1440 1325 1496 tabulata
1379 1441 1495 1496 hazc
1527 1440 1630 1495 tria
1691 1441 1916 1496 totidem
1965 1441 2204 1498 ﬁdelium

611 1532 829 1602 gradus,
884 1532 1299 1604 coniugatorum
1349 1531 1631 1596 videlicet,
1705 1532 2099 1590 continentium
2151 1541 2207 1588 et

609 1623 882 1692 virginum
927 1623 1234 1692 designant,
1291 1623 1576 1678 distinctos
1639 1622 1858 1693 quidem
1921 1625 2206 1682 altitudine

611 1711 986 1782 professionis,
1004 1713 1098 1770 sed
1127 1715 1389 1770 societate
1418 1713 1545 1769 ﬁdei
1583 1722 1639 1768 et
1664 1715 1910 1772 veritatis
1933 1715 2202 1786 ejusdem,

613 1816 804 1858 omnes
838 1803 908 1858 ad
957 1803 1175 1858 domum
1226 1803 1440 1859 Domini
1486 1805 1843 1872 pertinentes,
1880 1782 2040 1876 eique
2099 1782 2208 1862 fixa
2236 1782 2286 1843 Β

616 1903 800 1948 mente
829 1895 1175 1950 inhaerentes.
1228 1893 1331 1950 Ubi
1382 1894 1608 1965 pulchre
1630 1896 1847 1965 dicitur,
1896 1900 2022 1969 quia
2053 1899 2209 1956 tabu-

617 1985 790 2041 latum
817 1988 961 2057 quod
983 1989 1170 2044 subter
1188 1989 1554 2060 eratquinque
1577 1990 1788 2046 cubitos
1816 1991 2052 2049 habebat
2079 1993 2207 2050 lati-

617 2079 842 2146 tudinis,
866 2081 1106 2136 medium
1120 2096 1235 2148 sex,
1255 2082 1475 2136 tertium
1500 2093 1729 2154 septem.
1749 2083 2056 2156 Supernum
2080 2102 2212 2160 ergo

619 2171 921 2229 tabulatum
972 2183 1095 2230 erat
1123 2175 1336 2231 caeteris
1381 2177 1685 2246 angustius,
1712 2178 1952 2234 medium
1977 2193 2211 2252 superno

619 2261 806 2329 latius,
834 2263 930 2319 sed
948 2264 1167 2320 inﬁrmo
1189 2263 1526 2321 eratfactum
1555 2268 1857 2337 angustius.
1879 2267 2017 2336 Quia
2045 2270 2212 2325 nimi-

621 2369 742 2408 rum
773 2354 937 2410 altior
958 2355 1228 2428 professio
1255 2357 1472 2414 virtutis
1497 2359 1786 2414 arctiorem
1842 2360 2004 2417 debet
2043 2363 2211 2418 vitam

623 2455 815 2504 tenere
841 2448 1081 2505 vivendi.
1113 2448 1335 2520 Singula
1358 2459 1547 2529 autem
1590 2450 1828 2506 tabulata
1853 2452 2128 2510 habebant
2157 2456 2214 2510 in

623 2541 850 2597 circuitu
897 2542 1090 2608 latera,
1146 2542 1199 2598 id
1229 2551 1315 2599 est
1365 2542 1679 2610 turriculas,
1711 2557 1779 2599 ne
1819 2543 1976 2600 facile
2003 2546 2126 2616 quis
2159 2547 2216 2602 in

622 2634 827 2689 eisdem
857 2635 1115 2690 tabulatis
1143 2635 1453 2691 consistens
1489 2635 1602 2690 sive
1633 2635 1901 2702 residens,
1939 2645 2128 2707 posset
2146 2638 2215 2693 ad

623 2724 878 2782 inferiora
905 2726 1155 2783 decidere
1187 2743 1200 2779 :
1235 2715 1396 2796 quod.
1415 2724 1666 2783 Ochoziae
1692 2727 1806 2797 regi
1836 2727 2132 2798 contigisse
2159 2727 2215 2782 in

624 2817 871 2872 Samaria
889 2816 1138 2890 legimus.
1163 2815 1295 2884 Quae
1314 2817 1570 2871 nimirum
1597 2815 1769 2872 latera
1790 2831 1899 2873 non
1921 2817 2216 2889 incongrue

623 2909 947 2978 quotidiana,
969 2909 1166 2964 divinae
1205 2908 1564 2979 protectionis
1605 2923 1735 2978 erga
1771 2924 1874 2964 nos
1915 2909 2217 2964 munimina

625 3000 926 3069 designant.
954 2999 1033 3054 De
1058 3000 1256 3070 quibus
1283 2999 1572 3055 Psalmista
1601 3018 1614 3054 :
1651 3018 1670 3052 ι
1704 3001 1986 3067 lmmittet,
2019 3000 2216 3074 inquit,

627 3090 876 3159 angelum
911 3089 1194 3156 Dominus,
1246 3090 1300 3144 in
1349 3089 1582 3145 circuitu
1626 3091 1933 3146 timentium
1979 3107 2128 3155 eum,
2163 3101 2220 3146 et

2305 515 2452 571 bium
2479 525 2581 582 est,
2608 524 2670 571 ut
2694 515 2798 571 illae
2826 515 3064 571 trabium
3091 525 3286 588 partes
3309 558 3326 583 ,
3358 533 3484 588 quae
3514 519 3649 574 intus
3673 521 3717 574 in
3737 533 3820 580 tem-

2303 609 2394 679 plo
2419 616 2595 675 erant,
2614 609 2794 664 aureis
2811 616 2995 664 essent
3010 607 3235 664 laminis
3262 617 3454 664 tectas.
3478 607 3604 676 Quae
3618 625 3724 667 vero
3742 614 3822 674 furis

2305 703 2662 772 apparebant,
2695 701 2779 755 hae
2831 701 3069 756 minimae
3101 702 3393 756 deaurata:
3424 701 3594 770 ipsam
3620 703 3737 758 cedri
3756 722 3823 776 spe-

2306 799 2445 854 ciem
2475 797 2816 868 formamque
2847 795 3059 852 cunctis
3083 795 3476 860 ostenderent,
3507 794 3562 850 in
3593 811 3685 866 qua
3706 804 3820 854 una

2305 889 2559 959 imposita
2587 888 2808 944 sibimet
2831 887 3096 953 tabulata,
3125 887 3450 957 gestabant.
3487 885 3633 952 Quod
3653 901 3752 958 ergo
3769 904 3822 943 c1-

2307 981 2573 1037 trinsecus
2615 980 2888 1036 eminebat
2931 978 3186 1044 trabium,
3221 978 3404 1032 vitam
3456 984 3731 1032 sanctorum
3751 995 3821 1049 qua

2306 1078 2464 1134 nobis
2515 1077 2571 1131 in
2609 1075 2772 1132 terris
2811 1075 3154 1130 innotescere
3201 1073 3415 1145 potuit,
3449 1072 3692 1142 designat.
3731 1071 3820 1138 Quod

2308 1172 2453 1228 intus
2480 1171 2535 1225 in
2573 1168 2773 1238 templo
2797 1168 3116 1224 deauratum
3141 1165 3422 1236 fulgebat,
3446 1163 3719 1219 claritatem
3735 1163 3819 1219 illam

2309 1279 2418 1335 qua
2447 1263 2502 1317 in
2530 1261 2739 1317 cmlesti
2762 1260 2938 1333 patria
2963 1259 3019 1314 in
3049 1267 3282 1329 aspectu
3311 1257 3401 1312 sui
3434 1256 3658 1326 gaudent
3677 1255 3819 1311 Creato-

2308 1354 2406 1421 ris,
2435 1353 2664 1425 ﬁgurate
2691 1352 2996 1408 denuntiat.

2387 1466 2406 1498 «
2444 1447 2646 1504 Domus
2673 1455 2856 1503 autem
2902 1463 3026 1503 cum
3066 1446 3469 1510 :ediﬁcaretur,
3517 1444 3741 1512 lapidibus
3764 1444 3818 1496 de-

2317 1555 2337 1589 ι
2375 1537 2568 1593 dolatis
2613 1545 2778 1608 atque
2815 1537 3095 1610 perfectis,
3131 1536 3415 1593 aediﬁcata
3445 1542 3548 1600 est,
3576 1542 3626 1588 et
3649 1533 3814 1597 malleus,

2319 1647 2338 1682 ι
2368 1638 2423 1685 et
2461 1630 2691 1696 securis,
2726 1638 2781 1686 et
2810 1645 2973 1686 omne
3009 1630 3415 1685 ferramentum
3453 1641 3561 1682 non
3581 1635 3688 1680 sunt
3709 1624 3820 1677 audita

2320 1741 2339 1774 ‹
2375 1723 2431 1778 ἰη
2459 1724 2640 1791 domo,
2667 1739 2792 1779 cum
2823 1722 3204 1778 aediﬁcaretur.
3235 1741 3257 1774 ι
3305 1719 3441 1776 Haec
3467 1718 3535 1774 ad
3563 1717 3688 1774 illam
3711 1715 3822 1771 Eccle

2315 1815 2410 1870 sia:
2431 1822 2662 1885 partem,
2689 1829 2810 1885 quae
2839 1822 2964 1885 post
2991 1812 3155 1883 hujus
3186 1811 3382 1868 saeculi
3426 1810 3633 1867 labores
3654 1818 3697 1863 et
3711 1817 3820 1862 cem-

2310 1905 2478 1970 mina,
2529 1905 2597 1960 ad
2621 1913 2826 1961 aeterna
2876 1905 3100 1974 praemia
3134 1905 3346 1960 meruit
3371 1900 3653 1966 introduci,
3678 1899 3817 1972 proprie

2308 1997 2605 2068 pertinent.
2637 1995 2716 2052 lbi
2748 1997 2950 2052 etenim
2979 1994 3210 2067 perfecti
3256 1994 3619 2058 solummodo,
3641 2001 3687 2046 et
3704 1992 3820 2046 imma-

2311 2086 2473 2142 culati
2519 2095 2684 2158 atque
2724 2088 2794 2142 ab
2821 2087 2971 2142 omni
3014 2087 3135 2142 labe
3165 2085 3488 2158 iniquitatis
3535 2080 3821 2153 castigati,iu-

2310 2181 2647 2252 grediuntur.
2675 2179 2796 2236 Non
2823 2181 2970 2236 enim
2999 2179 3170 2235 ihtrat
3197 2180 3258 2235 in
3287 2179 3446 2236 illam
3491 2177 3729 2233 civitatem
3761 2173 3818 2225 ali-

2313 2271 2443 2342 quid
2472 2272 2906 2342 coinquinatum,
2960 2270 3170 2326 faciens
3196 2269 3657 2326 abominationem
3675 2273 3719 2318 et
3737 2277 3821 2316 mea

2313 2364 2550 2429 dacium,
2605 2363 2748 2419 sicut
2772 2363 2831 2417 in
2856 2361 3182 2433 Apocalypsi
3223 2360 3458 2431 scripsit
3502 2353 3817 2418 Joannes,tuhi

2314 2453 2536 2509 malleus
2558 2462 2614 2508 et
2634 2452 2844 2510 securis
2863 2461 2920 2507 et
2937 2467 3099 2509 omne
3127 2451 3535 2508 ferramentum
3558 2464 3652 2504 non
3675 2443 3814 2498 auditur

2313 2544 2653 2616 (Apoc.xx1),
2689 2563 2708 2597 ι
2739 2543 2867 2614 quia
2891 2542 2981 2598 hic
3005 2543 3293 2598 tundimur
3309 2532 3816 2600 adversitatibus,etdi-

2315 2635 2538 2706 sciplina
2566 2634 2815 2691 veritatis
2839 2648 3185 2700 exercemur,
3217 2643 3283 2689 ut
3327 2633 3440 2688 illic
3460 2631 3587 2687 locis
3619 2627 3738 2698 juxta
3757 2636 3818 2676 me

2315 2730 2480 2785 ritum
2535 2729 2796 2800 congruis
2851 2727 3244 2799 disponamur,
3303 2733 3364 2782 et
3411 2721 3723 2793 castigatione
3753 2727 3817 2768 cas.

2318 2832 2498 2889 sante,
2532 2823 2648 2878 solo
2691 2823 2895 2879 amoris
2946 2822 3154 2894 glutino
3203 2821 3344 2894 (quo
3386 2820 3456 2875 ad
3485 2817 3690 2874 invicem
3724 2823 3818 2877 θυμι-

2317 2912 2512 2982 lemur)
2540 2927 2651 2968 uno
2676 2911 2884 2984 impleti
2910 2912 3104 2983 spiritu
3131 2911 3550 2983 perfundamur.

2395 3026 2413 3058 ‹
2450 3008 2660 3063 Ostium
2688 3007 2874 3062 lateris
2930 3006 3094 3062 medii
3126 3005 3181 3060 in
3201 3006 3420 3078 pariete
3439 3009 3554 3059 erat
3575 2999 3728 3056 domus
3743 2993 3816 3046 det-

2329 3117 2347 3151 ‹
2384 3107 2500 3165 tm,
2543 3109 2600 3155 et
2622 3113 2723 3170 per
2772 3097 3024 3156 cochleas
3050 3099 3430 3154 ascendebant
3478 3097 3528 3150 in
3553 3090 3816 3148 mediumuttL

625 3184 818 3254 eripiet
839 3199 934 3239 eos
965 3181 1138 3256 (Paul.
1170 3153 1389 3254 xxxiii).
1431 3203 1449 3235 ι
1485 3183 1743 3238 Ascendit
1769 3183 1985 3253 quidem
2017 3185 2072 3238 in
2107 3153 2220 3240 coe-
2246 3153 2292 3218 C
2329 3212 2348 3244 ι
2385 3153 2661 3258 naculum,
2686 3201 2742 3248 et
2852 3153 3033 3248 medio
3083 3192 3136 3246 in
3186 3153 3436 3247 tertium.
3473 3210 3491 3242 ι
3522 3185 3713 3254 Quidam
3733 3180 3816 3234 hunc

626 3275 878 3331 naculum
899 3273 1168 3330 Ochozias
1191 3288 1286 3329 rex
1308 3273 1594 3340 Samariae,
1614 3273 1707 3343 qui
1730 3287 1788 3329 se
1815 3289 1845 3328 a
1869 3274 2028 3330 domo
2051 3274 2221 3331 David

627 3376 996 3437 separaverat,
1024 3366 1119 3422 sed
1139 3381 1238 3436 per
1257 3364 1532 3421 cancellos
1554 3364 1772 3420 decidit.
1799 3365 1936 3434 Quia
1965 3375 2020 3421 et
2037 3367 2085 3421 si
2113 3367 2222 3422 hae-

628 3461 812 3528 retici,
844 3461 961 3517 sive
1012 3459 1373 3526 schismatici,
1418 3457 1656 3529 aliquam
1690 3459 1846 3515 bona:
1881 3461 2110 3517 actionis
2133 3476 2223 3516 ar-

629 3573 747 3612 cem
808 3557 1174 3614 conscendere
1219 3554 1492 3622 videntur,
1539 3556 1666 3626 quia
1725 3564 1853 3611 tunc
1907 3571 2221 3630 compagem

629 3651 1028 3708 Ecclesiasticae
1053 3649 1284 3704 unitatis
1324 3663 1432 3704 non
1462 3648 1683 3714 habent,
1715 3649 1870 3718 quasi
1909 3651 2222 3721 patentibus

629 3753 686 3800 et
707 3759 818 3799 non
841 3743 1017 3798 solitis
1047 3742 1280 3797 laterum
1309 3739 1599 3812 praesidiis,
1630 3755 1846 3812 semper
1868 3742 1936 3796 ad
1965 3742 2222 3796 vitiorum

631 3836 822 3890 inﬁma
847 3835 1191 3901 relabuntur,
1220 3834 1349 3890 dum
1377 3832 1560 3889 divino
1586 3833 1832 3890 destituti
1859 3834 2082 3898 auxilio,
2113 3849 2224 3889 suae

633 3928 948 3999 pertinaciae
971 3926 1115 3983 fastu
1143 3927 1441 3982 intereunt.
1467 3923 1585 3992 Qua
1612 3934 1795 3982 autem
1839 3933 1956 3980 arte
2000 3922 2224 3995 praefata

636 4019 873 4074 tabulata
929 4018 1230 4090 parietibus
1275 4016 1459 4088 templi
1495 4025 1623 4075 sunt
1666 4014 1823 4071 aﬁixa
1849 4056 1866 4082 ,
1919 4014 2227 4070 declaratur

636 4099 760 4166 eum
793 4109 1046 4166 subditur
1074 4127 1087 4165 :

711 4222 731 4254 ε
766 4201 973 4259 Trabes
1003 4211 1182 4258 autem
1210 4203 1390 4274 posuit
1421 4202 1478 4258 in
1502 4202 1666 4258 domo
1699 4215 1800 4271 per
1831 4200 2123 4255 circuitum
2148 4197 2228 4253 fo-

641 4314 660 4346 ε
706 4295 973 4361 rinsecus,
994 4303 1054 4350 ut
1080 4308 1188 4350 non
1215 4295 1490 4351 haererent
1533 4291 1706 4348 muris
1733 4289 1936 4361 templi.
1963 4309 1982 4343 ι
2021 4288 2229 4346 Trabes

636 4401 767 4459 ergo
789 4402 908 4456 quae
930 4386 1254 4442 intrinsecus
1272 4386 1494 4442 domum
1518 4382 1837 4438 muniebant
1859 4390 1916 4436 et
1933 4368 2226 4444 ornabant,

2325 3286 2507 3343 locum
2559 3285 2700 3342 male
2751 3285 3136 3358 intelligentes,
3188 3292 3392 3354 putant
3436 3281 3623 3339 ostium
3663 3269 3815 3340 ιεωριίε

2324 3378 2557 3436 meridie
2583 3365 2778 3447 fuisse,
2832 3395 2942 3434 non
2991 3377 3363 3444 attendentes,
3392 3375 3517 3447 quia
3546 3371 3588 3428 si
3619 3370 3702 3426 hoc
3719 3360 3813 3432 signi

2323 3469 2490 3527 ﬁcare
2517 3469 2798 3538 voluisset,
2833 3467 3117 3542 Scriptura
3139 3484 3248 3525 non
3278 3469 3359 3524 ita
3381 3467 3612 3523 diceret:
3643 3477 3659 3511 ι
3687 3455 3812 3542 Ostium

2323 3560 2512 3617 lateris
2540 3561 2703 3617 medii
2751 3561 2805 3616 in
2835 3541 2993 3632 parte
3023 3568 3144 3616 erat
3172 3548 3373 3616 domus
3398 3559 3617 3620 dextrae;
3647 3570 3662 3602 ’
3689 3543 3752 3600 sed
3772 3541 3811 3632 ίίῗ

2322 3654 2507 3727 potius
2555 3627 2877 3724 simpliciter
2911 3671 2925 3706 :
2979 3651 3047 3708 Et
3079 3653 3319 3708 habebat
3373 3650 3563 3706 domus
3604 3639 3759 3727 ostium
3778 3627 3813 3679 ad

2325 3721 2630 3800 meridiem.
2662 3721 2818 3800 Nunc
2871 3752 3054 3800 autem
3079 3744 3239 3815 longe
3282 3742 3431 3799 aliud
3456 3721 3812 3810 significatzl’urs

2325 3851 2560 3906 namque
2607 3838 2801 3893 domus
2861 3837 3068 3892 dextrae
3119 3835 3264 3890 latus
3336 3831 3520 3904 templi
3565 3819 3813 3911 meridianum

2326 3929 2545 3996 dicitur,
2594 3929 2649 3982 in
2705 3927 2860 3998 cujus
2911 3936 3067 3998 parte
3118 3927 3388 3982 orientale
3458 3921 3640 3978 ostium
3673 3917 3755 3966 erat
3781 3915 3809 3955 In

2325 4019 2444 4090 ipso
2472 4017 2669 4089 angulo
2705 4017 2909 4072 factum
2929 4016 3087 4086 juxta
3113 4026 3340 4084 terram,
3371 4016 3428 4071 in
3451 4008 3584 4083 quod
3629 4006 3811 4090 introelln'

2329 4083 2431 4175 tes,
2466 4083 2651 4164 statim
2681 4108 2749 4162 ad
2805 4083 2999 4162 altiora
3044 4107 3314 4178 gradatim
3368 4083 3805 4187 ascendebantaht‘

2325 4202 2518 4258 hentes
2546 4201 2693 4256 viam
2748 4216 3008 4256 ascensus
3065 4213 3165 4270 per
3213 4200 3333 4270 ipsa
3365 4192 3580 4269 parietis
3629 4185 3809 4239 interim.

2329 4293 2500 4349 donec
2527 4293 2892 4348 ascenderent
2918 4291 2989 4346 ad
3013 4290 3252 4347 medium
3281 4283 3628 4346 coenaeulum.
3649 4274 3806 4329 eum“

2329 4385 2420 4440 dio
2454 4385 2804 4455 pervenirent
2829 4383 2898 4439 ad
2926 4383 3169 4439 tertium.
3201 4381 3314 4438 Nec
3331 4373 3676 4438 dubitandum,
3696 4364 3810 4455 quaint

639 4450 986 4534 tantae-erant
1011 4464 1382 4551 longitudinis,
1409 4485 1468 4532 ut
1501 4476 1682 4546 capita
1711 4489 1900 4530 eorum
1927 4473 2228 4530 forinsecus
2251 4513 2308 4576 Β
2331 4478 2414 4534 vis
2441 4450 2548 4533 hoc
2578 4475 2864 4546 Scriptura
2910 4490 3020 4530 non
3060 4474 3208 4530 dicat
3261 4473 3392 4544 quia
3444 4469 3520 4524 sic
3565 4450 3809 4576 θεοίεπιξξέιί

639 4569 1008 4640 prominerent
1041 4583 1057 4623 :
1087 4569 1144 4624 in
1189 4567 1378 4624 inﬁmo
1423 4565 1642 4637 quidem
1687 4565 1877 4620 ordine
1919 4564 2226 4621 cubitorum

2333 4567 2694 4625 creberrimas
2707 4541 3000 4622 habebant
3045 4580 3076 4620 a
3105 4541 3333 4621 meridie
3365 4561 3632 4618 fenestras,
3665 4541 3808 4625 quam“.

638 4636 868 4732 septem,
898 4661 952 4716 in
979 4660 1159 4717 medio
1185 4672 1304 4725 sex,
1332 4659 1388 4714 in
1415 4636 1670 4728 supremo
1699 4656 1958 4728 quinque,
1988 4666 2149 4728 atque
2173 4659 2228 4713 in
2333 4662 2453 4718 luce
2474 4676 2574 4732 per
2605 4661 2788 4716 omnia
2835 4668 2891 4714 et
2920 4659 3037 4714 sine
3059 4657 3357 4714 offensione
3396 4655 3499 4710 iter
3534 4636 3806 4732 agerent:

638 4755 844 4811 eisdem
891 4754 1181 4826 capitibus,
1224 4767 1415 4809 earum
1462 4751 1703 4808 tabulata
1757 4761 2229 4823 componerentur,
2334 4711 2591 4810 nimirum
2617 4753 2788 4819 locus,
2821 4751 3040 4824 proprie
3068 4752 3138 4807 ad
3171 4765 3373 4822 corpus
3400 4711 3807 4826 Dominicumfl‘l‘j‘.

640 4815 984 4916 nequaquam
1005 4815 1177 4900 muris
1189 4843 1374 4915 templi
1394 4843 1584 4910 inﬁxa,
1600 4841 1695 4898 sed
1704 4840 1860 4911 juxta
1874 4815 2058 4898 muros
2073 4815 2236 4898 trabi-
2338 4843 2406 4900 de
2429 4843 2641 4916 virgine
2677 4815 2938 4914 sumpsit,
2961 4842 3206 4912 respicit.
3247 4815 3456 4898 Qstium
3481 4834 3682 4916 ηαωίιιξθ

642 4910 766 5002 bus,
783 4910 906 5007 quae
926 4935 993 4991 de
1013 4934 1186 4990 muris
1207 4910 1474 5000 exierant,
1497 4910 1859 5003 superposita.
1888 4931 2028 5000 Quid
2050 4934 2236 5004 itaque
2339 4937 2502 4994 medii
2520 4910 2584 4992 in
2635 4945 2788 5007 parte
2801 4910 2932 4991 verat
2962 4910 3154 4992 domus
3177 4935 3402 4998 dextrae,
3445 4926 3561 5000 quia
3581 4910 3805 5007 dehinc“?ll

641 5044 742 5102 per
767 5003 952 5084 trabes
981 5027 1200 5094 domus,
1230 5042 1350 5097 quae
1375 5025 1610 5082 tabulata
1631 5025 1939 5097 portabant,
1967 5025 2071 5081 nisi
2098 5003 2236 5096 prae-
2343 5044 2506 5085 cruce
2551 5003 2800 5092 Domino,
2833 5044 2970 5084 unus
2999 5028 3232 5084 militum
3269 5027 3452 5084 lancea
3491 5021 3616 5074 latus
3635 5003 3807 5102 θὶυξ

644 5085 919 5174 dicatores
957 5117 1132 5174 sancti
1157 5085 1286 5173 sunt
1314 5114 1492 5188 typice
1521 5085 1947 5186 designatiiqui
1975 5085 2115 5170 dum.
2134 5113 2236 5186 ipsi
2344 5120 2475 5176 ruit.
2504 5119 2574 5176 Et
2599 5121 2736 5176 bene
2783 5085 2836 5174 ίη
2881 5127 3034 5191 ρει-ιε
3075 5119 3269 5175 domus
3296 5121 3506 5178 ἀρχαι-π,
3551 5085 3804 5191 quia

645 5213 934 5269 sublimem
965 5221 1127 5283 atque
1155 5170 1529 5268 honorabilem
1558 5209 1615 5265 in
1639 5170 1889 5265 Ecclesia
1913 5208 2010 5265 Dei
2056 5170 2235 5264 locum
2347 5218 2490 5266 trum
2520 5209 2658 5279 ejus,
2684 5209 2828 5264 latus
2851 5170 3092 5264 armilite
3117 5219 3364 5281 apertum
3398 5209 3568 5261 sancta
3611 5170 3805 5283 οηδίίξξ

648 5313 855 5372 tenent,
886 5302 1213 5359 inﬁrmiores
1240 5315 1486 5373 quosque
1513 5315 1578 5356 ac
1607 5299 1858 5374 fragiles,
1890 5299 2004 5356 suis
2043 5299 2239 5369 υνξεὰί-

645 5398 954 5458 cationibus
981 5397 1050 5454 ab
1086 5397 1429 5454 inﬁrmorum
1455 5397 1696 5468 appetitu
1741 5394 2054 5460 sustollant,
2079 5401 2242 5462 atque

648 5489 720 5546 ad
739 5489 980 5548 caelestia
1003 5488 1360 5546 desideranda
1382 5502 1447 5544 ac
1467 5487 1734 5558 speranda
1755 5484 2113 5554 suspendunt:
2131 5483 2244 5539 suis

649 5581 816 5638 etiam
879 5583 1392 5646 intercessionibus,
1434 5589 1498 5634 ut
1542 5580 1599 5634 in
1662 5575 1856 5647 coeptis
1923 5573 2242 5644 persistant,

650 5672 928 5746 adjuvant.
977 5673 1234 5745 Legimus
1273 5683 1454 5728 autem
1492 5671 1547 5726 in
1587 5670 1730 5727 libro
1771 5666 2242 5738 Paralipomenon,

646 5769 797 5843 quod
836 5767 1020 5824 trabes
1067 5767 1275 5837 templi,
1319 5767 1460 5822 sicut
1496 5773 1554 5822 et
1589 5771 1785 5821 caetera
1813 5760 1931 5833 ejus
1952 5762 2238 5831 interiora,

2347 5264 2678 5361 θιθείθυνυίίί
2705 5309 2833 5370 ³1)ῑο
2875 5301 3040 5356 etiam
3093 5264 3258 5356 verbo
3289 5315 3415 5356 usus
3458 5298 3532 5350 est
3569 5264 3802 5370 Evangtlif‘i

2351 5394 2536 5467 (Joan.
2562 5392 2702 5463 xix),
2729 5364 2790 5446 ut
2826 5407 2933 5447 non
2965 5392 3191 5456 diceret,
3221 5410 3241 5442 ‹
3287 5364 3802 5467 ρθτουεείηθωδδῗξλ

2351 5454 2447 5543 aut
2480 5505 2499 5538 ι
2538 5485 2863 5551 vulneravit,
2911 5505 2928 5536 ι
2970 5486 3066 5542 sed
3098 5504 3116 5537 ‹
3155 5487 3386 5556 aperuit,
3423 5501 3440 5535 ι
3473 5466 3683 5533 videlicet

2350 5582 2550 5638 ostium
2581 5579 2771 5634 lateris
2797 5541 2984 5644 medii,
3015 5594 3111 5648 per
3140 5541 3283 5649 quod
3309 5541 3560 5634 no'bisiter
3579 5557 3635 5615 ad

2349 5675 2695 5746 panderetur.
2751 5671 2992 5742 Denique
3029 5671 3103 5725 ita
3150 5632 3456 5741 subjunxit:
3490 5679 3507 5712 ι
3549 5653 3603 5708 Ei
3636 5632 3800 5769 30m:

2351 5722 2519 5824 Exivit
2551 5763 2775 5834 sanguis
2805 5770 2860 5818 et
2893 5722 3054 5832 aqua.
3092 5782 3111 5816 ι
3170 5722 3320 5835 .4an
3349 5757 3553 5819 scilicet,
3581 5747 3663 5811 qua
3698 5722 3776 5779 abl“
