4044 6336
99 365 264 420 41⁸7
1033 411 1038 416 .
1350 367 1417 424 IN
1453 367 1700 426 LIBROS
1738 365 2004 425 REGUM.
2043 396 2113 407 —
2153 364 2222 422 ΙΝ
2261 364 2392 422 LIB.
2430 365 2522 423 Ill.
3310 367 3438 428 “8

97 497 184 534 ιη
197 498 282 538 ur
309 482 367 537 in
397 476 688 551 baptismo,
737 492 793 537 et
837 481 1052 555 sanguis
1104 499 1210 554 quo
1261 498 1643 540 consecramur
1687 484 1746 538 in
1771 487 1826 548 Α
1849 480 2028 537 clesiae
2054 478 2288 536 felicitas
2309 478 2366 534 in
2412 476 2828 534 resurrectionis
2849 477 3024 551 gloria
3048 481 3436 552 complebitur,

102 573 328 630 calice
368 584 580 630 sancto.
627 573 734 629 Per
781 574 884 629 hoc
931 590 1166 646 namque
1197 576 1396 632 ostium
1452 575 1610 631 nobis
1659 581 1746 630 est
1919 591 1941 626 ‹
1975 573 2047 630 Et
2069 571 2608 648 aediﬁcavit‘domum
2647 579 2705 628 et
2733 573 3136 630 consummavit
3159 589 3304 632 eam.
3336 577 3437 634 Το-

103 679 418 721 ascensus
443 666 500 720 in
527 665 766 721 medium
801 667 1160 734 caenaculum,
1192 673 1248 724 et
1291 684 1323 722 a
1348 667 1527 725 medio
1551 665 1611 724 in
1641 674 1746 724 ter-
1850 682 1871 717 σ
1901 665 1985 721 xit
2029 679 2246 738 quoque
2293 663 2516 720 domum
2569 663 2918 734 laquearibus
2964 667 3220 724 cedrinis.
3254 687 3276 721 ι
3319 669 3432 726 La-

103 755 313 821 tium,
342 755 474 826 quia
496 770 595 826 per
619 754 782 811 ﬁdem
812 764 870 812 et
911 757 1169 828 mysteria
1204 757 1376 814 nostri
1419 756 1745 828 Redempto—
1843 756 2068 828 quearia
2114 757 2245 828 quid
2291 757 2460 814 sunt?
2485 756 2788 828 Laquearia
2822 768 2951 815 sunt
3000 761 3262 831 tabulata,
3313 779 3434 835 quae

111 849 252 914 ris,
283 850 354 905 de
374 850 632 920 praesenti
656 849 913 906 Ecclesiae
941 851 1374 917 conversatione,
1405 851 1474 906 ad
1500 850 1740 920 requiem
1842 862 2044 919 magno
2080 848 2278 905 decore
2329 849 2630 920 composita
2674 857 2732 905 et
2779 861 2994 920 ornata,
3048 853 3119 910 ab
3174 855 3434 914 inferiore

113 939 467 994 animarum
507 948 630 1010 post
670 948 903 1000 mortem
932 941 1295 1006 ascendimus,
1322 956 1648 1010 rursumque
1676 939 1744 997 de
1840 948 1996 1010 parte
2021 940 2266 997 trabibus
2293 939 2583 1013 alliguntur
2614 957 2628 996 :
2679 950 2736 997 et
2780 943 2908 1013 quia
2954 952 3039 1001 ter
3062 947 3291 1018 geminae
3315 949 3438 1006 alti-

109 1029 345 1100 requie
367 1030 673 1086 animarum
703 1029 1047 1102 (adveniente
1077 1031 1164 1087 die
1183 1029 1396 1102 iudicii)
1422 1032 1490 1086 ad
1521 1032 1743 1087 immor—
1841 1032 2046 1088 tudinis
2067 1032 2260 1087 domus
2285 1033 2499 1088 Domini
2524 1032 2671 1089 facta
2693 1041 2835 1102 erat,
2867 1041 3026 1091 terna
3045 1037 3303 1094 nimirum
3332 1040 3432 1096 ha-

109 1122 423 1180 talitatem
450 1139 664 1195 quoque
687 1139 999 1194 corporum,
1027 1125 1184 1194 quasi
1218 1125 1274 1178 in
1307 1123 1526 1181 tertium
1556 1139 1740 1181 coena-
1840 1123 2004 1180 bebat
2027 1123 2325 1195 laquearia.
2371 1123 2512 1192 Quid
2560 1133 2742 1182 autem
2786 1127 2964 1198 aptius
3009 1144 3109 1200 per
3155 1130 3433 1203 laquearia

107 1215 360 1283 culum,
392 1217 692 1274 sublimiori
719 1215 966 1288 profectu
997 1217 1420 1289 penetrabimus,
1465 1231 1534 1272 ex
1558 1231 1666 1287 quo
1687 1217 1743 1271 in
1841 1229 2007 1286 quam
2032 1214 2378 1272 sublimiores
2401 1230 2648 1288 quosque
2675 1217 2732 1273 in
2757 1225 2946 1275 sancta
2971 1217 3213 1276 Ecclesia
3256 1223 3433 1294 iustos

110 1324 346 1380 magna
401 1309 708 1375 amborum,
761 1321 816 1364 et
869 1309 1110 1380 corporis
1130 1308 1398 1382 Avidelicet
1444 1317 1502 1364 et
1549 1308 1743 1363 anima:
1841 1307 2138 1380 signiﬁcari
2165 1309 2498 1366 credamus?
2524 1309 2768 1377 Quorum
2791 1325 2930 1382 opus
2951 1320 3009 1366 et
3031 1313 3282 1370 doctrina
3307 1331 3436 1371 cun-

106 1377 512 1466 beatitudine,
536 1410 797 1473 perpetuo
819 1377 1084 1457 vivamus.
1124 1377 1248 1468 Quo
1273 1400 1493 1472 quidem
1514 1399 1620 1454 iter
1655 1397 1742 1453 in-
1840 1377 1946 1458 etis
1996 1402 2053 1457 in
2097 1401 2346 1474 exemplo
2391 1402 2692 1473 proposita,
2749 1377 2907 1472 quasi
2956 1403 3171 1475 longius
3216 1406 3272 1460 in
3325 1406 3434 1461 alto

108 1495 438 1552 visibiliter
477 1497 761 1568 agebatur,
787 1497 863 1552 ita
906 1505 968 1552 ut
995 1497 1243 1554 soli-hoc
1282 1497 1376 1567 qui
1403 1496 1744 1552 intraverant
1841 1490 2216 1562 praeeminent,
2249 1506 2498 1563 quosque
2520 1493 2634 1548 suis
2663 1493 3144 1552 intercessionibus
3165 1506 3222 1552 et
3244 1497 3435 1552 exhor-

108 1600 395 1656 nossent,
445 1591 692 1661 quamvis
738 1591 915 1662 ipsum
963 1591 1163 1648 ostium
1205 1591 1369 1647 etiam
1406 1589 1540 1646 foris
1583 1590 1742 1660 positi
1844 1583 2140 1639 tationibus
2178 1583 2392 1640 animos
2428 1583 2790 1651 inﬁrmorum,
2831 1600 2902 1641 ne
2941 1585 2999 1640 in
3045 1588 3433 1644 tentationibus

107 1682 429 1738 viderent:
461 1683 585 1753 quia
615 1682 872 1738 nimirum
901 1693 1056 1739 actus
1095 1683 1150 1738 in
1188 1684 1291 1738 hoc
1320 1683 1535 1749 saeculo,
1567 1690 1623 1738 et
1651 1696 1742 1738 ce-
1843 1674 2117 1742 deﬁciant,
2147 1684 2454 1747 protegunt.
2479 1675 2627 1744 ’Quze
2669 1677 2926 1733 nimirum
2957 1678 3234 1749 laquearia
3283 1691 3433 1739 recte

108 1773 477 1832 lebrationes
527 1784 1012 1842 sacramentorum,
1055 1778 1217 1832 etiam
1269 1775 1482 1846 reprobi
1515 1782 1741 1846 possunt
1844 1765 2065 1821 cedrina
2116 1779 2240 1822 esse
2273 1767 2673 1823 describuntur-
2724 1765 2932 1824 cedrus
2977 1784 3217 1842 namque
3245 1775 3432 1831 -arbor

111 1867 372 1933 intueri,
394 1883 582 1924 verum
605 1883 804 1924 arcana
840 1868 965 1924 ﬁdei
1013 1867 1218 1924 intima
1245 1867 1472 1939 gratiam
1499 1867 1720 1924 dilectio

1841 1867 1926 1914 est
1947 1858 2293 1929 imputribilis
2330 1860 2553 1915 omnino
2580 1869 2813 1928 natura,
2855 1861 3040 1922 odoris
3061 1863 3309 1933 iucundi,
3339 1883 3430 1924 as-

109 1957 248 2023 nis,
271 1957 458 2014 nullus
483 1957 611 2030 (nisi
656 1959 750 2030 qui
777 1975 876 2030 per
899 1961 1017 2016 haec
1047 1960 1275 2015 Domino
1297 1960 1434 2015 duce
1477 1959 1545 2015 ad
1573 1959 1738 2015 cmle—
1840 1955 2031 2017 Ρθοῑυδ
2056 1945 2236 2014 nitidi,
2288 1957 2570 2020 εθιῬθηῑθε
2617 1965 2847 2007 accensa
2902 1952 3092 2010 nidore
3141 1954 3336 2026 {"8305
3367 1972 3434 2014 ³ο

111 2048 244 2102 sua
299 2049 537 2119 scandit)
583 2050 848 2120 agnoscit.
893 2069 912 2102 ‹
966 2051 1069 2119 Qui
1108 2051 1254 2107 enim
1298 2051 1430 2107 dicit
1477 2067 1536 2107 se
1583 2066 1720 2108 nosm

1838 2041 2134 2110 perimens.
2173 2039 2305 2105 Quae
2355 2041 2606 2097 universa
2658 2041 2916 2113 perfectis
2966 2044 3270 2116 quibusque
3305 2062 3432 2104 con-

109 2136 335 2206 Deum,
365 2149 420 2196 et
460 2141 714 2196 mandata
751 2141 867 2210 ejus
917 2157 1024 2198 non
1077 2143 1334 2210 custodit,
1368 2143 1600 2199 mendax
1656 2153 1740 2200 est
1838 2131 2086 2198 νθηίιηιίν
2130 2147 2364 2202 quorum
2409 2134 2790 2204 insuperabilis
2822 2143 2906 2192 εει
2951 2137 3236 2208 Panem“:
3285 2140 3430 2197 fama

112 2233 174 2306 (1
213 2234 393 2289 Joan.
421 2235 505 2305 ιι).
536 2255 556 2289 ›
612 2235 918 2293 Notandum
963 2253 1093 2294 sane
1140 2239 1283 2308 quod
1323 2239 1543 2311 triginta
1571 2239 1720 2295 cubit

1838 2223 2099 2278 virtutum
2153 2224 2372 2292 eximia,
2423 2228 2712 2296 praesentia
2758 2229 2968 2286 cunctis
3013 2231 3345 2302 gratissima,
3376 2235 3429 2290 in

113 2323 467 2391 altitudinis,
519 2326 587 2381 de
619 2327 813 2397 quibus
859 2343 1020 2398 supra
1059 2329 1276 2400 legitur,
1326 2345 1499 2400 usque
1529 2329 1599 2385 ad
1627 2345 1720 2386 me

1838 2313 1998 2372 bonis
2043 2318 2366 2384 auctoritas,
2418 2320 2487 2374 ad
2536 2320 2912 2390 revincendos,
2965 2323 3434 2398 confutandosque

113 2413 292 2469 dium
347 2417 687 2472 οωηθουιιιω
733 2418 1072 2474 addebantur
1095 2461 1111 2487 ,
1161 2435 1443 2491 quousque
1497 2422 1738 2493 porticus
1837 2421 1933 2464 eos
1971 2409 2062 2478 qui
2091 2410 2310 2466 veritati
2339 2410 2623 2480 resistunt,
2649 2415 3130 2472 constantissima:
3181 2420 3275 2490 qui
3297 2429 3354 2476 et
3376 2421 3431 2476 in

113 2519 266 2574 quae
288 2513 407 2561 erat
442 2507 589 2563 circa
619 2507 874 2578 templum
917 2509 986 2566 ab
1037 2520 1242 2578 austro,
1289 2519 1344 2566 et
1369 2511 1641 2582 aquilone,
1683 2521 1740 2568 et
1837 2500 1942 2556 hac
1969 2502 2081 2557 Vita
2107 2510 2165 2556 ει
2191 2503 2247 2558 in
2272 2501 2475 2570 Ῑυῑυΐεν
2503 2504 2766 2575 Singulari
2809 2522 2922 2577 ΡΙ·αέ
2967 2510 3184 2567 emeris
3228 2511 3433 2568 sanctis

112 2610 364 2663 occasu,
391 2605 591 2653 tectum
614 2600 983 2669 perveniebat,
1019 2610 1076 2656 ut
1103 2600 1342 2673 Josepho
1367 2614 1627 2660 narrante
1655 2605 1738 2660 di-
1837 2593 2152 2659 eminentia,
2181 2592 2406 2663 Ῑυιεθηῐ·

115 2687 396 2743 ἀερίωυε,
446 2689 690 2761 Denique
742 2707 914 2762 usque
959 2693 1029 2748 ad
1078 2709 1390 2765 supremum
1439 2696 1622 2767 templi
1652 2707 1734 2752 ιε-
1916 2706 1935 2739 ι
1970 2688 2038 2743 Ει
2071 2686 2365 2745 aediﬁcavit
2394 2691 2695 2748 tabulatum
2723 2708 2886 2763 super
2923 2693 3139 2753 omnem
3188 2700 3427 2768 domum,

115 2788 315 2846 ctum,
345 2780 440 2836 alii
461 2782 740 2854 sexaginta
762 2784 930 2839 cubiti
951 2786 1400 2855 numerabantur,
1431 2797 1487 2844 et
1513 2789 1593 2845 sic
1621 2799 1720 2846 tota

1843 2797 1862 2830 ι
1893 2779 2134 2848 quinque
2161 2781 2360 2837 cubitis
2387 2782 2692 2841 altitudinis
2711 2784 2892 2856 (Deut.
2911 2787 3072 2861 χχιι).
3106 2809 3126 2841 ι
3154 2788 3432 2846 Loriculas

115 2872 371 2928 altitudo
407 2874 599 2930 domus
613 2874 767 2944 juxta
793 2877 988 2933 librum
1008 2877 1455 2950 Paralipomenon
1487 2881 1572 2953 (ΙΙ
1598 2881 1720 2937 Par.

1835 2871 2125 2942 signiﬁcat,
2148 2888 2269 2943 qua:
2289 2873 2342 2928 in
2364 2890 2619 2946 supremo
2640 2877 2834 2934 domus
2857 2887 3000 2936 tecto
3024 2895 3124 2952 per
3143 2883 3429 2938 circuitum

115 2968 208 3038 ιιι)
265 2967 318 3022 in
371 2975 590 3023 centum
617 2967 810 3040 viginti
833 2970 1046 3027 cubitos
1070 2979 1445 3028 consummata
1469 2981 1572 3030 est.
1600 2973 1734 3030 Por—
1835 2969 1992 3016 eram
2026 2960 2201 3031 Γοοιθεν
2241 2979 2310 3020 ne
2338 2965 2460 3036 (Ιυίε
2497 2967 2566 3022 ad
2606 2967 2800 3026 amo“
2829 2972 3171 3040 perveniens,
3208 2983 3432 3045 ΐθρθυιθ

117 3065 280 3120 ticus
303 3077 521 3134 quoque
545 3079 667 3135 quae
687 3072 807 3120 erat
835 3075 961 3120 ante
986 3065 1222 3122 frontem
1251 3067 1432 3138 templi
1456 3068 1526 3123 ad
1551 3068 1732 3124 orien-
1833 3053 2111 3112 laberetur
2135 3057 2204 3112 ad
2251 3057 2396 3114 ima:
2437 3059 2581 3130 (μιοά
2624 3062 2679 3116 in
2706 3063 2857 3118 omni
2885 3064 3067 3132 ἀοωον
3095 3080 3260 3135 quam
3285 3066 3429 3136 Ψιίε·

117 3165 272 3220 tem,
309 3153 468 3223 iuxta
503 3155 666 3212 ﬁdem
697 3155 910 3227 prmfati
956 3157 1268 3226 voluminis,
1293 3159 1544 3216 eamdem
1578 3161 1720 3217 cubi-

1835 3164 1942 3220 que
1964 3149 2279 3218 aediﬁcaret,
2328 3150 2544 3224 Moyses
2572 3153 2691 3211 ﬁeri
2720 3157 2979 3228 praecepit
3006 3176 3018 3212 :
3052 3177 3072 3209 ι
3125 3157 3261 3214 Cum
3287 3160 3425 3216 aedi-

121 3215 328 3300 torum
349 3259 620 3300 summam
645 3215 714 3300 in.
729 3246 1014 3303 altitudine
1042 3215 1319 3305 habebat:
1345 3249 1441 3320 qui
1477 3249 1730 3306 videlicet
1757 3215 1802 3279 C
1833 3238 2102 3305 “caveris,
2152 3239 2427 3311 ἱηίιυίθηεν
2471 3243 2690 3300 domum
2739 3260 2957 3314 ηονδηιν
3010 3246 3180 3304 facies
3208 3264 3425 3306 murum

117 3333 296 3399 liber,
347 3333 468 3390 illas
511 3335 581 3390 de
632 3335 830 3406 quibus
885 3337 1240 3408 praediximus
1292 3338 1536 3408 porticus
1583 3338 1729 3394 circa
1833 3331 1962 3386 tecti
1995 3346 2092 3402 per
2119 3333 2446 3401 circuitum;
2505 3351 2575 3392 ne
2626 3335 2885 3394 fundatur
2916 3339 3136 3411 sanguis
3183 3341 3239 3395 in
3269 3342 3429 3398 domo

115 3425 423 3496 templum,
451 3425 666 3482 cellaria
689 3435 848 3483 vocat
869 3437 926 3483 et
969 3427 1235 3484 cubicula.
1265 3447 1284 3480 ι
1317 3428 1474 3485 Dedit
1521 3437 1727 3496 autem,
1831 3434 1944 3492 tua,
1967 3435 2022 3482 et
2047 3427 2123 3483 sis
2169 3443 2296 3484 reus
2340 3428 2559 3485 labente
2598 3430 2708 3486 alio
2748 3439 2803 3487 et
2853 3431 2910 3486 in
2941 3447 3182 3503 praeceps
3236 3443 3428 3491 ruente

120 3517 337 3587 inquit,
371 3516 540 3572 David
566 3517 842 3573 Salomoni
865 3519 977 3574 ﬁlio
1015 3534 1116 3575 suo
1154 3519 1575 3591 descriptionem
1603 3535 1730 3590 por-
1831 3516 2011 3588 (Deut.
2045 3533 2144 3584 xu,
2173 3518 2250 3589 8).
2287 3537 2305 3570 ι
2341 3517 2466 3576 Haec
2511 3529 2692 3576 autem
2733 3522 2972 3579 tabulata
2990 3522 3128 3594 Isive
3183 3524 3423 3581 loricula:

121 3611 277 3666 ticus
302 3610 512 3681 templi,
551 3621 609 3667 et
645 3611 1009 3681 cellariorum,
1037 3621 1094 3668 et
1118 3613 1404 3680 ctenaculi,
1433 3623 1490 3670 et
1510 3613 1730 3670 cubicu-
1829 3623 1994 3680 supra
2023 3619 2150 3666 sum
2177 3609 2350 3666 latera
2375 3621 2570 3668 νοωῑᾶ
2596 3631 2609 3667 τ
2644 3613 2752 3678 “bi,
2777 3630 2901 3670 cum
2930 3615 3143 3671 diem!“
3163 3625 3331 3682 8888‘.

120 3702 308 3758 lorum
359 3703 416 3758 in
463 3703 680 3769 abditis,
729 3713 785 3759 et
829 3705 1024 3760 domus
1069 3705 1467 3776 propitiationis
1500 3705 1552 3776 (I
1593 3705 1720 3760 Par.

1905 3716 1924 3748 ι
1960 3697 2028 3752 Ει
2067 3698 2360 3754 aediﬁcavit
2411 3715 2574 3773 super
2625 3702 2892 3772 parietem
2949 3703 3138 3774 templi
3182 3704 3423 3761 tabulata

121 3794 353 3866 xxvul).
406 3814 425 3846 ι
481 3793 584 3850 Ubi
641 3796 806 3851 etiam
863 3797 1195 3853 exteriorum
1243 3798 1548 3864 domorum,
1607 3813 1728 3869 qua:
1833 3809 1852 3841 ι
1887 3804 1986 3860 per
2012 3805 2225 3862 gyrum,
2254 3792 2308 3846 in
2334 3793 2633 3862 parietibus
2652 3793 2845 3850 domus
2861 3810 2960 3865 per
2975 3795 3262 3850 circuitum
3289 3804 3422 3852 tem-

123 3893 293 3940 erant
338 3893 494 3940 extra
546 3886 746 3941 atrium
776 3889 1121 3943 sacerdotum
1149 3888 1206 3943 in
1241 3887 1472 3944 circuitu
1519 3889 1723 3958 templi,
1833 3902 1853 3935 ι
1885 3883 1958 3954 pli
2013 3893 2070 3940 et
2113 3885 2341 3941 oraculi.
2373 3906 2393 3939 ι
2453 3885 2722 3943 Continuo
2771 3886 3118 3957 subiunctum
3162 3897 3265 3954 est,
3291 3906 3312 3940 ι
3356 3888 3426 3945 Et

121 3977 264 4034 fecit
305 3978 661 4046 mentionem,
691 3995 814 4035 cum
835 3980 1084 4051 protinus
1105 3979 1388 4050 adiunxit:
1422 3980 1642 4037 Necnon
1667 3989 1725 4036 et
1826 3972 1958 4031 fecit
1997 3975 2168 4032 latera
2194 3977 2250 4032 in
2285 3977 2539 4045 circuitu,
2571 3997 2591 4032 ›
2623 3978 2679 4033 in
2705 3977 2906 4048 quibus
2953 3979 3211 4036 nimirum
3239 3979 3423 4036 lateri-

122 4072 382 4126 omnium
407 4087 530 4142 quae
585 4073 942 4144 cogitaverat,
988 4073 1251 4129 atriorum
1301 4081 1358 4128 et
1399 4075 1722 4130 exedi-arum
1825 4066 1926 4122 bus
1945 4065 2296 4138 intelligimus
2317 4067 2497 4124 divina
2525 4083 2648 4125 esse
2675 4070 2927 4140 praesidia
2970 4069 3274 4142 designata,
3299 4087 3420 4142 quae

120 4179 218 4234 per
275 4162 582 4230 circuitum,
636 4163 693 4219 in
739 4163 1011 4220 thesauris
1060 4165 1253 4222 domus
1290 4164 1526 4231 Domini,
1573 4173 1629 4221 et
1670 4165 1723 4220 in
1825 4169 1926 4211 nos
1955 4156 2010 4210 in
2037 4156 2143 4212 hoc
2193 4157 2370 4212 adhuc
2419 4157 2619 4214 δωουιο
2653 4159 2989 4226 laborantes.
3036 4176 3102 4216 ac
3129 4177 3230 4232 PI‘O
3256 4171 3421 4232 οθρῑιι

125 4257 404 4312 thesauris
470 4266 800 4313 sanctorum,
875 4257 1029 4326 Quod
1105 4267 1286 4314 autem
1351 4259 1528 4314 omnis
1602 4258 1725 4314 alii-
1824 4255 2013 4302 nostro
2036 4247 2106 4303 ad
2127 4247 2406 4317 superiora
2444 4249 2701 4315 nitentes,
2729 4249 2974 4320 quotidie
3009 4266 3080 4307 ne
3106 4251 3423 4311 deﬁciamus

125 4347 260 4401 tudo
323 4346 507 4417 temp‘i
551 4353 772 4402 centum
823 4347 1013 4419 viginti
1081 4346 1186 4403 fuit
1237 4348 1544 4404 cubitorum
1579 4389 1594 4415 ,
1654 4349 1722 4404 ad
1823 4337 2100 4407 adjuvant.
2139 4337 2284 4393 Bene
2313 4345 2496 4394 autem
2533 4339 2637 4395 hoc
2661 4354 2974 4411 supremum
3008 4340 3310 4397 tabulatum
3364 4343 3416 4396 in

124 4434 277 4490 idem
324 4444 732 4492 sacramentum
777 4437 1016 4508 respicit,
1093 4437 1249 4506 Quod
1315 4453 1383 4493 ex
1443 4437 1718 4508 primum;
1825 4435 1967 4484 tecto
2001 4429 2193 4486 domus
2214 4429 2428 4486 Domini
2468 4431 2709 4502 quinque
2736 4432 2938 4489 cubitis
2968 4433 3139 4489 altum
3163 4449 3284 4490 esse
3305 4448 3424 4489 me-

126 4521 524 4597 Hierosolymis
553 4526 816 4593 Ecclesia,
838 4535 963 4597 post
988 4529 1316 4598 passionem,
1365 4529 1720 4585 resurrectio-
1754 4595 1784 4598 _
1820 4530 2083 4589 moratur.
2116 4523 2243 4592 quia
2271 4522 2529 4579 nimirum
2554 4524 2630 4580 ila
2659 4540 2758 4581 n08
2787 4525 2846 4581 ill
2870 4525 2962 4580 illa
3000 4526 3176 4597 patria
3230 4527 3425 4582 divinw

125 4631 282 4684 nem,
311 4595 780 4676 et'ascensionem
809 4595 1024 4675 Domini
1053 4621 1106 4675 in
1137 4621 1320 4686 cmlos,
1373 4621 1430 4676 in
1480 4621 1584 4677 hoc
1623 4637 1724 4678 nu-
1749 4595 1802 4654 Ῑ)
1827 4614 2126 4686 praesentiae
2175 4615 2396 4672 claritas
2442 4616 2733 4687 adimplet,
2788 4625 2850 4672 ut
2895 4617 3035 4674 nihil
3079 4617 3224 4674 aliud
3273 4619 3424 4674 visus

126 4721 287 4762 mero
342 4707 584 4764 virorum
612 4750 627 4776 ,
680 4710 913 4781 gratiam
975 4710 1209 4781 Spiritus
1263 4713 1437 4770 sancti
1489 4715 1720 4784 accepit.

127 4797 454 4864 Quindecim
506 4817 758 4873 namque,
807 4819 927 4874 quae
971 4820 1040 4860 ex
1078 4815 1285 4876 septem
1323 4816 1379 4864 et
1425 4817 1548 4864 octo
1595 4825 1725 4866 con-

128 4896 300 4956 stant,
335 4889 512 4946 solent
539 4906 934 4963 nonnunquam
959 4894 1024 4949 ad
1047 4894 1500 4966 signiﬁcationem
1525 4897 1723 4954 referri

127 4978 272 5046 vitae,
304 4995 600 5050 quamnunc
625 4983 680 5037 in
711 4998 871 5038 sacro
895 4984 1166 5055 baptismo
1187 4988 1393 5058 geritur
1417 4989 1721 5046 animarum

131 5067 376 5125 ﬁdelium
400 5089 414 5125 :
440 5072 754 5142 perﬁcietur
783 5083 965 5130 autem
1009 5076 1066 5131 in
1111 5076 1218 5133 ﬁne
1245 5079 1450 5147 saeculi,
1476 5095 1721 5138 resurre-

131 5162 312 5220 ctione
360 5179 652 5238 corporum
693 5169 1101 5227 immortalium.
1133 5172 1253 5242 lpsa
1284 5183 1468 5230 autem
1494 5176 1721 5246 quinde-

132 5251 262 5320 cim,
294 5255 352 5310 in
399 5255 674 5328 trigonum
722 5257 903 5324 ducta,
937 5260 990 5316 id
1036 5269 1122 5317 est
1149 5278 1272 5318 cum
1318 5263 1570 5320 omnibus
1609 5265 1722 5322 suis

131 5345 382 5412 partibus
401 5357 784 5417 annumerata,
804 5359 1022 5406 centum
1049 5352 1238 5423 viginti
1280 5353 1520 5410 cilicium
1545 5372 1558 5409 :
1589 5370 1708 5426 qua

133 5448 355 5510 propter
381 5448 504 5509 apte
518 5457 745 5499 numero
758 5457 789 5498 e
802 5446 1116 5500 centenario
1140 5453 1196 5501 et
1209 5447 1506 5514 vicenario,
1521 5463 1719 5520 magna

132 5528 428 5588 electorum
456 5533 736 5591 beatitudo
753 5535 824 5607 (in
869 5535 1051 5593 futura
1082 5539 1191 5594 vita
1221 5540 1552 5611 designatur.
1581 5541 1720 5613 Apte

135 5623 293 5679 etiam
321 5625 381 5680 in
409 5625 514 5681 hoc
537 5626 755 5682 tertium
772 5628 966 5685 domus
988 5629 1203 5687 Domini
1227 5633 1563 5689 cmnaculum
1592 5648 1722 5689 con-

134 5724 469 5772 summatur:
487 5718 611 5788 quia
636 5728 760 5790 post
771 5713 1067 5790 praesentes
1089 5721 1327 5780 ﬁdelium
1344 5723 1575 5790 labores,
1601 5732 1723 5794 post

134 5817 410 5881 acceptam
427 5809 484 5867 in
496 5809 678 5870 futuro
688 5813 932 5884 requiem
945 5815 1266 5884 animarum,
1276 5816 1436 5888 plena
1448 5819 1611 5876 totius
1620 5819 1720 5875 Ec-

1826 4715 2033 4774 noster,
2064 4706 2200 4762 nihil
2258 4708 2498 4774 auditus,
2553 4709 2691 4765 nihil
2745 4709 2994 4776 olfactus,
3047 4710 3184 4766 nihil
3212 4719 3420 4782 gustus,

1827 4799 1962 4855 nihil
2005 4808 2184 4856 tactus
2229 4799 2385 4856 dulce
2429 4801 2646 4869 habeat,
2698 4802 2804 4858 nisi
2857 4803 3081 4876 diligere
3133 4803 3424 4859 Dominum

1828 4891 1999 4948 Deum
2025 4900 2275 4948 nostrum
2303 4906 2373 4948 ex
2398 4900 2512 4950 toto
2553 4893 2740 4962 corde,
2785 4903 2898 4951 tota
2932 4895 3136 4962 anima,
3167 4901 3280 4948 tota
3309 4892 3422 4946 vir-

1829 4990 1945 5038 tute
1993 4981 2218 5055 diligere
2272 4991 2329 5040 et
2381 4984 2691 5054 proximum
2746 4993 3007 5057 tanquam
3057 4982 3421 5053 nosmetipsos

1829 5073 2043 5146 (Matth.
2069 5089 2204 5140 xxi;
2239 5073 2397 5130 Deut.
2433 5074 2532 5149 vx).
2568 5093 2588 5128 ι
2637 5075 2707 5131 Ει
2732 5076 2950 5147 operuit
2999 5075 3218 5131 domum
3260 5071 3422 5144 lignis

1835 5185 1855 5218 ι
1888 5168 2146 5224 cedrinis.
2181 5187 2200 5220 ι
2233 5166 2560 5240 Supremum
2599 5168 2777 5239 ipsum
2817 5156 3011 5225 domus
3037 5174 3239 5221 tectum
3283 5163 3418 5219 dici-

1833 5271 1939 5332 tur,
1965 5265 2021 5320 id
2045 5273 2149 5331 est,
2184 5265 2482 5321 tabulatum
2511 5265 2662 5335 illud,
2709 5267 2854 5337 quod
2878 5263 3148 5335 supremis
3173 5261 3422 5321 trabibus

1830 5357 2230 5430 superpositum
2288 5367 2427 5415 erat.
2485 5357 2604 5416 Non
2659 5360 2806 5415 enim
2873 5357 3108 5414 habebat
3159 5354 3420 5428 templum

1831 5450 2044 5506 culmen
2087 5451 2140 5506 in
2192 5450 2590 5520 superioribus,
2643 5451 2784 5507 sicut
2831 5464 2934 5505 nec
2981 5447 3414 5516 tabernaculum,

1823 5543 1916 5598 sed
1941 5549 2060 5597 erat
2099 5542 2308 5612 aequale
2336 5543 2608 5612 quomodo
2648 5542 2903 5599 omnibus
2945 5540 3002 5596 in
3049 5540 3336 5598 Palaestina
3363 5548 3420 5597 et

1821 5633 2060 5706 Aigypto
2085 5634 2279 5690 domus
2328 5633 2722 5690 aediﬁcantibus
2747 5633 2928 5692 facere
2957 5634 3126 5690 moris
3171 5642 3275 5690 est.
3307 5632 3416 5688 ldi-

1822 5741 1980 5797 psum
2009 5735 2192 5782 autem
2228 5726 2333 5782 hoc
2373 5724 2699 5794 tabulatum,
2733 5739 2842 5797 quo
2868 5735 3059 5798 operta
3089 5733 3174 5782 est
3201 5725 3414 5789 domus,

1823 5821 1966 5890 quod
1991 5829 2048 5876 et
2067 5819 2345 5889 laquearia
2371 5817 2638 5889 designat,
2667 5817 2721 5876 id
2765 5828 2868 5887 est,
2896 5819 3126 5876 eximios
3169 5830 3416 5889 quosque
