4044 6336
689 329 793 386 “9

1698 324 2052 386 ANGELOMI
2085 325 2550 386 LUXOVIINSIS
2586 324 2900 386 MONACHI
3775 337 3829 390 tu

689 451 748 508 in
793 444 1215 502 resurrectionis-
1257 442 1430 515 gldria
1465 443 1637 510 viros,
1679 452 1738 499 et
1782 441 2044 512 singulari
2084 442 2284 496 sancti-
2310 443 2362 505 Α
2385 441 2662 513 profectus
2690 441 2950 494 virtutum
2981 438 3177 510 quibus
3209 438 3364 494 electi
3395 441 3462 496 ad
3484 455 3674 514 regnum
3697 449 3830 510 eum

691 546 824 606 tate,
873 538 944 594 ad
994 537 1174 607 ipsum
1219 534 1439 590 virtutis
1486 534 1694 602 apicem
1744 532 2160 603 pervenientes:
2216 531 2282 585 de

690 643 922 704 quorum
951 643 1062 684 uno
1104 626 1344 683 dicitur:
1390 645 1411 677 α
1449 625 1594 680 Inter
1634 633 1792 680 natos
1835 623 2146 689 mulierum,
2176 637 2281 678 non

691 723 934 784 surrexit
958 722 1135 792 major
1158 719 1364 776 Joanne
1385 718 1632 788 Baptista
1679 715 1896 788 (Matth.
1928 717 2047 788 xr);
2079 737 2097 768 ›
2130 716 2284 786 cujus

692 816 784 873 hic
810 827 1032 884 compar
1059 821 1145 867 est
1181 807 1574 878 magnitudinis
1604 807 1651 863 si
1686 808 1828 863 scire
1857 808 1958 874 vis,
2001 808 2130 862 audi
2156 808 2283 880 quid

689 906 840 962 Patri
879 904 1052 974 ipsius
1090 901 1314 971 angelus
1361 899 1472 954 ait:
1521 919 1538 951 ι
1573 899 1644 954 Et
1688 899 1804 970 ipse
1855 899 2125 969 praecedet
2161 910 2286 956 ante

692 997 1006 1059 Dominum,
1031 994 1084 1048 in
1110 989 1304 1062 spiritu
1331 997 1388 1045 et
1411 990 1610 1045 virtute
1633 989 1766 1045 Elia;
1786 988 1938 1059 (Luc.
1963 990 2027 1062 ι).
2051 1009 2069 1042 ι

766 1107 786 1138 ι
819 1088 889 1143 Ει
907 1084 1196 1143 aediﬁcavit
1216 1084 1456 1153 parietes
1477 1084 1694 1150 domus,
1718 1083 2046 1140 intrinsecus
2074 1082 2288 1139 tabula-

697 1198 716 1233 ι
763 1181 830 1236 tis
858 1178 1120 1244 cedrinis,
1145 1189 1178 1231 a
1201 1175 1518 1248 pavimento
1544 1175 1736 1232 domus
1763 1189 1936 1246 usque
1967 1175 2036 1230 ad
2063 1174 2288 1230 summi-

695 1295 713 1326 ι
762 1283 928 1330 tatem
983 1273 1254 1344 parietum
1270 1280 1370 1345 Net
1417 1287 1590 1342 usque
1634 1273 1704 1327 ad
1753 1272 2030 1342 laquearia
2078 1271 2291 1340 operuit

692 1386 710 1418 ι
751 1366 911 1437 lignis
958 1365 1196 1422 cedrinis
1247 1365 1598 1421 intrinsecus.
1632 1384 1654 1418 ι
1687 1365 2022 1421 lntrinsecus
2071 1366 2288 1435 quidem

686 1459 876 1514 domus
906 1459 1072 1514 cedro
1108 1467 1232 1514 erat
1249 1458 1447 1514 vestita
1475 1477 1487 1512 :
1515 1474 1642 1514 nam
1671 1457 1977 1513 forinsecus
2016 1465 2168 1512 tanto
2201 1457 2288 1512 nio

684 1557 804 1605 tore
847 1551 985 1620 lapis
1029 1552 1166 1621 ipse,
1195 1551 1262 1605 de
1301 1566 1411 1620 quo
1455 1549 1594 1606 facta
1627 1549 1824 1615 fuerat,
1857 1548 2114 1621 fulgebat,
2144 1565 2209 1604 ac
2241 1549 2288 1603 si

683 1640 890 1696 calculo
909 1649 1053 1696 esset
1080 1641 1315 1696 candido
1341 1647 1505 1696 tecta.
1533 1639 1696 1695 Juxta
1726 1656 1920 1696 sensus
1942 1656 2073 1696 vero
2100 1640 2288 1711 mystio

684 1744 798 1794 eos,
832 1729 1067 1798 parietes
1108 1729 1294 1800 templi
1323 1739 1450 1785 sunt
1489 1728 1729 1785 ﬁdelium
1764 1730 1968 1801 populi,
1996 1746 2064 1785 ex
2089 1731 2286 1800 quibus

2385 534 2728 603 perveniunt,
2752 532 2834 587 vel
2857 539 3004 587 certe
3027 531 3174 602 ipsos
3194 529 3480 586 electorum
3504 535 3687 602 01101⁵05,
3705 540 3831 600 δίδωθι

2385 639 2482 694 per
2507 632 2748 694 tempora
2769 623 2919 677 varia
2942 623 3317 688 succedentes,
3335 623 3618 694 signiﬁcant
3639 645 3650 681 :
3671 629 3831 703 itaqu.

2385 713 2510 769 litas
2535 715 2826 784 pavienti
2856 715 3199 770 concorditer
3227 716 3531 772 eorumdem
3575 719 3828 792 humilitatis,

2387 821 2491 876 qua
2520 806 2572 860 in
2602 806 2883 877 temporali
2909 807 3018 862 vita
3036 808 3214 862 adhuc
3235 807 3418 877 positi,
3441 810 3680 868 socialiter
3695 815 3829 872 inViCtl

2387 896 2652 951 cbaritate
2697 897 2938 952 dictante
2967 907 3361 954 conversantur
3381 939 3397 966 ,
3424 916 3524 956 non
3569 903 3830 966 immeritods

2388 996 2675 1042 monstrat.
2707 987 2860 1055 Quod
2890 989 3144 1046 videlicet
3171 993 3532 1061 pavimentum
3568 999 3831 1065 pretiosissimi

2389 1088 2508 1133 erat
2532 1095 2804 1136 marmore
2834 1091 3065 1138 stratum
3104 1085 3300 1140 decore
3330 1085 3510 1143 multo.
3539 1087 3740 1159 Idemque
3754 1107 3829 1147 nu-

2389 1188 2508 1230 mor
2539 1174 2591 1228 in
2630 1174 2734 1230 hoc
2777 1175 2969 1231 tabulis
3009 1185 3212 1232 tectum
3251 1177 3520 1248 abiegnis,
3545 1182 3654 1248 quia
3681 1184 3830 1239 nimim

2391 1262 2500 1318 vita
2521 1264 2794 1335 justorum
2836 1267 3013 1337 primo
3039 1267 3163 1323 ﬁdei
3193 1268 3448 1324 ﬁrmitate
3483 1273 3830 1339 praemuniendaii

2393 1359 2590 1424 corde,
2619 1374 2685 1414 ac
2735 1360 2929 1416 deinde
2976 1362 3340 1431 spiritualium
3391 1365 3626 1420 virtutum
3665 1368 3832 1424 hlitltlll

2392 1450 2708 1506 adornanda
2738 1461 2824 1507 est
2853 1452 2910 1506 in
2941 1468 3105 1523 opere
3131 1468 3145 1506 :
3171 1453 3412 1522 alioquin
3437 1455 3558 1525 quid
3585 1457 3767 1514 utilitatis
3789 1463 3833 1514 ln-

2392 1541 2552 1598 bebat
2577 1543 2741 1598 decus
2768 1544 3058 1600 marmoris
3082 1545 3460 1616 pretiosissimi
3488 1547 3710 1618 lignorum
3729 1553 3832 1604 tabulis

2391 1635 2686 1700 obtectum,
2720 1637 2765 1690 si
2791 1652 2900 1690 non
2930 1635 3219 1707 mysticum
3250 1636 3453 1706 aliquid
3497 1639 3639 1694 tacite
3668 1639 3833 1707 signabat!

2392 1730 2497 1785 hoc
2534 1739 2618 1785 est
2647 1731 2912 1785 bonorum
2949 1730 3358 1801 amplitudinem
3384 1746 3612 1801 operum,
3641 1732 3833 1787 fortiudiu

684 1828 872 1879 Sancta
913 1820 1242 1877 universalis
1278 1821 1529 1878 consistit
1572 1822 1814 1878 Ecclesia
1836 1863 1852 1888 ,
1884 1839 2116 1894 quorum
2149 1825 2288 1879 dila-
2313 1812 2362 1873 Β
2390 1823 2515 1879 ﬁdei
2556 1824 2890 1879 intemeratae
2932 1822 3347 1880 suil‘ulciendam
3382 1825 3612 1880 docebat.
3637 1825 3834 1880 Abiesrtro

686 1911 888 1966 tionem
917 1925 1015 1982 per
1039 1911 1252 1978 orbem,
1272 1912 1502 1969 latitudo
1525 1913 1774 1984 designat
1798 1915 2067 1985 parietum
2094 1933 2106 1969 :
2134 1931 2286 1987 spem

683 2017 816 2058 vero
847 2015 904 2058 et
933 2003 1289 2060 intentionem
1339 2019 1558 2060 omnem
1611 2005 1678 2059 ad
1725 2007 2284 2084 coelestiaerectam,

682 2092 982 2166 longitudo.
1019 2093 1116 2150 Vel
1145 2104 1296 2149 certe
1324 2095 1552 2152 altitudo
1579 2097 1806 2167 parietis
1835 2114 1957 2168 quae
1983 2115 2050 2154 ex
2078 2099 2284 2154 ordini-

681 2187 782 2244 bus
813 2187 1048 2258 lapidum
1080 2201 1243 2257 super
1269 2189 1498 2244 invicem
1536 2192 1728 2260 positis
1757 2200 1972 2247 constat
2001 2194 2286 2262 prmsentis

681 2287 881 2334 statum
923 2279 1178 2334 Ecclesiae
1214 2280 1515 2351 signiﬁcat,
1547 2282 1636 2338 ubi
1683 2282 1840 2339 electi
1885 2299 2048 2354 super
2089 2285 2283 2340 funda-

682 2382 928 2431 mentum
957 2374 1232 2430 Christum
1254 2389 1444 2432 omnes
1467 2375 1736 2440 aediﬁcati,
1755 2377 1855 2432 sibi
1875 2377 2102 2432 invicem
2124 2378 2178 2433 in
2197 2393 2287 2433 or-

683 2468 829 2534 dine,
849 2483 944 2537 per
963 2475 1262 2538 temporum
1285 2471 1558 2526 curricula
1574 2472 1888 2535 succedunt,
1909 2487 2136 2542 seseque
2153 2473 2288 2528 invi-

682 2576 801 2615 cem
824 2569 1122 2631 portantes,
1149 2560 1320 2632 legem
1338 2563 1567 2628 Christi,
1581 2580 1700 2634 qua:
1721 2574 1805 2619 est
1828 2563 2088 2632 charitas,
2103 2567 2286 2622 adim-n

684 2651 852 2722 plent.
874 2651 1012 2706 Dum
1026 2653 1172 2707 enim
1185 2655 1276 2723 qui
1302 2670 1446 2709 nunc
1461 2671 1490 2709 a
1507 2656 1939 2724 prazcedentibus
1963 2661 2286 2715 erudiuntur

687 2745 1000 2816 magistris,
1033 2755 1247 2802 rarsum
1289 2747 1391 2817 ipsi
1434 2748 1570 2805 alios
1610 2751 1888 2816 erudiunt,
1920 2753 2077 2824 quasi
2123 2769 2286 2825 super

679 2837 918 2894 invicem
954 2839 1148 2909 positis
1177 2841 1460 2897 ordinibus
1481 2880 1498 2906 ,
1529 2843 1730 2912 quique
1759 2843 1999 2914 lapidum
2031 2846 2284 2901 vivorum

681 2931 740 2990 in-
767 2935 930 2992 domo
955 2933 1070 3000 Dei,
1101 2935 1182 2990 sic
1209 2935 1277 2990 ab
1305 2935 1430 2991 aliis
1459 2935 1566 2990 ﬁxa
1599 2937 1905 2992 constantia
1947 2946 2239 3006 portantur
2265 2957 2277 2992 :

680 3033 740 3080 ut
765 3025 836 3080 ad
867 3027 1164 3095 portandos
1186 3026 1322 3082 alios
1351 3035 1406 3082 et
1435 3026 1535 3099 ipsi
1567 3025 2040 3097 suﬁiciant,usque
2067 3030 2135 3085 ad
2161 3029 2287 3084 ulti-

679 3135 800 3175 mos
828 3121 920 3190 qui
967 3121 1019 3175 in
1075 3122 1183 3176 ﬁne
1231 3121 1419 3176 mundi
1472 3120 1733 3174 nascituri
1785 3129 1914 3175 sunt
1954 3120 2154 3190 iustos,
2189 3124 2280 3192 qui

679 3211 835 3282 quasi
867 3211 921 3266 in
955 3225 1167 3267 summo
1197 3210 1390 3266 domus
1421 3209 1516 3264 Dei
1551 3211 1834 3264 cacumine
1865 3210 2050 3277 locati,
2081 3212 2284 3267 docen-
2311 3182 2358 3245 Ο

678 3312 768 3358 tur
792 3305 1010 3374 quidem
1037 3315 1092 3360 et
1119 3312 1408 3374 portantur
1430 3303 1498 3356 ab
1526 3303 1666 3357 aliis.
1719 3302 1824 3357 Sed
1856 3318 1998 3372 quos
2026 3305 2278 3371 doceant,

678 3412 979 3466 quorumve
1003 3395 1352 3467 fragilitatem
1382 3395 1635 3461 tolerent,
1663 3394 1764 3464 ipsi
1791 3410 1898 3449 non
1925 3395 2152 3451 habent.
2177 3397 2280 3463 Qui

677 3487 932 3544 videlicet
960 3489 1198 3558 parietes
1239 3487 1568 3542 intrinsecus
1601 3485 1856 3540 tabulatis
1885 3487 2127 3542 cedrinis
2152 3502 2282 3558 ope-

679 3579 920 3646 riuntur,
942 3596 1064 3635 cum
1101 3580 1263 3635 corda
1292 3578 1529 3633 ﬁdelium
1563 3593 1751 3633 amore
1785 3579 2049 3633 virtutum
2083 3581 2282 3636 redun-

683 3672 836 3727 dant.
882 3671 1039 3726 Sicut
1084 3672 1230 3725 enim
1280 3670 1429 3725 cedri
1471 3679 1664 3724 natura
1713 3668 1986 3740 perfectos
2032 3669 2280 3726 homines

681 3762 763 3832 (ut
788 3779 952 3832 supra
983 3762 1286 3832 docuimus)
1311 3763 1488 3833 typice
1510 3763 1830 3818 denuntiat:
1858 3763 1931 3817 ita
1953 3763 2116 3818 etiam
2145 3764 2282 3820 locis

679 3855 1002 3924 opportunis
1021 3854 1395 3910 celsitudinem
1421 3856 1703 3919 virtutum,
1722 3855 1922 3926 quibus
1943 3857 2010 3910 ad
2031 3854 2278 3910 eamdem

679 3950 1071 4021 perfectionem
1113 3952 1348 4016 venitur,
1384 3967 1490 4006 non
1541 3951 1818 4006 immerito
1864 3951 2128 4022 designat.
2179 3949 2280 4004 Te-

680 4049 882 4112 guntur
901 4050 1080 4096 autem
1102 4042 1281 4097 omnia
1307 4042 1466 4113 lignis
1488 4058 1516 4096 a
1535 4043 1852 4112 pavimento
1877 4043 2090 4106 domis,
2106 4055 2280 4110 usque

681 4133 750 4186 ad
795 4133 1165 4188 summitatem
1204 4135 1504 4203 parietum,
1530 4143 1586 4189 et
1629 4148 1801 4203 usque
1841 4133 1908 4186 ad
1956 4133 2275 4202 laquearia:

681 4238 804 4278 cum
835 4223 991 4279 electi
1023 4243 1050 4278 a
1085 4225 1274 4294 primis
1311 4227 1431 4280 ﬁdei
1464 4225 1787 4280 rudimentis
1807 4257 1828 4290 ,ο
1857 4237 2026 4294 usque
2059 4225 2125 4278 ad
2152 4235 2279 4294 per-

682 4312 980 4368 feetionem~
999 4314 1152 4369 home
1175 4315 1429 4381 actionis,
1465 4323 1520 4370 et
1547 4329 1722 4384 usque
1751 4316 1816 4369 ad
1844 4315 2148 4385 ingressum
2179 4329 2278 4383 pa-

683 4407 801 4459 triae
829 4406 1084 4469 caelestis,
1118 4421 1147 4459 a
1175 4406 1333 4461 bouis
1361 4407 1616 4462 insudare
1647 4419 1755 4460 non
1801 4406 2074 4461 desistunt
2101 4405 2280 4475 operi-

683 4497 782 4552 bus
831 4512 953 4550 cum
989 4513 1020 4551 a
1049 4498 1240 4567 primis
1267 4497 1428 4567 justis
1478 4513 1650 4569 usque
1685 4499 1751 4552 ad
1781 4496 2002 4554 ultimos
2047 4499 2101 4552 in
2149 4511 2279 4552 con-
2307 4549 2364 4570 τι

2307 4549 2362 4608 D

683 4589 1046 4643 summatione
1119 4590 1304 4644 sreculi
1336 4632 1350 4656 ,
1412 4603 1604 4645 omnes
1672 4589 1963 4644 virtutibus
2017 4591 2274 4656 student,

681 4694 910 4748 quarum
936 4683 1128 4736 merito
1155 4697 1283 4737 vere
1305 4683 1522 4736 valeant
1541 4682 1854 4752 protestari,
1878 4681 2005 4752 quia
2025 4701 2044 4733 ‹
2074 4681 2278 4738 Christi

679 4772 857 4828 bonus
898 4775 1031 4829 odor
1076 4790 1266 4831 sumus
1315 4775 1425 4831 Deo
1457 4777 1510 4830 in
1538 4777 1684 4831 omni
1711 4776 1830 4830 loco
1875 4776 1963 4846 (II
1988 4775 2108 4831 Cor.
2137 4777 2223 4849 ιι).
2254 4798 2272 4828 ι

688 4884 706 4916 ι
730 4865 798 4919 Ει
815 4868 950 4920 texit
972 4868 1338 4937 pavimentum
1361 4868 1554 4923 domus
1569 4868 1766 4923 tabulis
1781 4868 2025 4939 abiegnis
2040 4867 2125 4940 (II
2144 4867 2272 4924 Par.

682 4959 766 5026 ιι).
797 4977 812 5007 ι
846 4959 961 5012 Hoc
987 4961 1256 5028 quomodo
1276 4960 1480 5013 factum
1504 4960 1596 5025 sit,
1622 4959 1901 5028 pleniusin
1921 4959 2060 5013 libro
2077 4958 2283 5014 Parali-

683 5063 952 5119 pomenon
977 5050 1302 5119 explicatur,
1331 5051 1427 5105 ubi
1455 5050 1719 5120 scriptum
1741 5058 1855 5104 est:
1881 5069 1898 5101 ‹
1929 5049 2282 5120 Stravitquu-

685 5153 790 5207 que
815 5140 1182 5209 pavimentum
1217 5141 1434 5211 templi,
1457 5141 1850 5212 pretiosissimo
1881 5156 2154 5196 marmore
2180 5142 2278 5198 de-

687 5243 814 5283 core
840 5231 1008 5284 multo
1032 5228 1114 5301 (ll
1144 5228 1277 5287 Par.
1298 5248 1380 5298 ιιι,
1405 5231 1481 5301 6).
1515 5252 1534 5284 ι
1572 5231 1725 5290 Unde
1749 5240 1898 5302 patet
1916 5233 2044 5303 quia
2069 5233 2288 5288 tabulas

687 5319 942 5389 abiegnas
990 5321 1186 5392 quibus
1237 5324 1604 5394 pavimentum
1656 5332 1902 5394 tegeret,
1935 5339 2292 5394 nequaquam:

689 5410 741 5464 in
775 5421 920 5467 terra
951 5418 1147 5484 posuit,
1181 5417 1276 5472 sed
1317 5418 1493 5487 primo
1524 5417 1651 5472 illud
1693 5432 1968 5472 marmore
2005 5417 2278 5488 praetexit,

690 5519 754 5558 ac
782 5505 974 5562 deinde
1005 5510 1213 5564 tabulas
1236 5511 1497 5565 marmori
1543 5509 1890 5580 superposuit
1914 5550 1928 5569 .
1962 5523 2026 5563 ac
2060 5509 2278 5563 tertium

691 5596 778 5650 his
808 5599 1014 5655 duobus
1037 5603 1154 5658 auri
1183 5605 1436 5659 vestitum
1458 5604 1849 5673 superaddidit,
1879 5613 1938 5657 ut
1965 5603 2018 5656 in
2050 5617 2284 5673 sequen~

691 5690 842 5746 tibns
869 5690 1079 5762 legitur.
1112 5696 1264 5750 Sicut
1288 5706 1467 5752 autem
1494 5696 1722 5752 latitudo
1753 5696 2000 5766 parietis,
2026 5696 2080 5750 in
2111 5695 2294 5750 altum.

690 5797 1025 5855 exsurgens,
1056 5795 1218 5857 atque
1267 5804 1436 5858 usque
1484 5789 1548 5842 ad
1580 5789 1883 5859 ‘laquearia
1935 5788 2280 5857 perveniens,

2391 1925 2614 1988 propter
2645 1918 2990 1973 altitudinem
3013 1918 3118 1982 sui,
3146 1926 3201 1974 et
3229 1919 3398 1973 robur
3425 1917 3512 1972 diu
3539 1919 3834 1982 durabilem
3891 1919 3893 1966 Ψ

2391 2021 2502 2070 tem
2531 2013 2827 2068 electorum
2853 2012 3036 2068 inﬁma
3061 2027 3290 2083 quaeque
3317 2013 3575 2067 desideria
3597 2025 3834 2083 spernentes.

2391 2117 2446 2164 et
2490 2108 2798 2163 caelestium
2839 2106 3284 2177 contemplationi
3314 2121 3525 2177 semper
3549 2107 3766 2168 intentam,
3783 2105 3836 2156 rii-

2392 2208 2506 2255 tute
2527 2215 2742 2270 quoque
2765 2199 3044 2268 patientia:
3089 2197 3442 2270 singulariter
3469 2198 3767 2256 excellentem,
3783 2211 3834 2248 nu

2390 2293 2686 2363 incongrue
2707 2292 3064 2347 demonstrat.
3097 2291 3230 2344 Auri
3257 2298 3440 2345 autem
3467 2288 3655 2343 laminae
3685 2287 3835 2342 marmori

2389 2400 2454 2441 ac
2503 2385 2700 2440 tabulis
2742 2385 2984 2455 abiegnis
3031 2385 3406 2454 superpositae,
3456 2385 3562 2453 ipsa
3608 2391 3677 2436 est
3711 2380 3836 2434 hlium

2389 2477 2694 2542 cbaritatis,
2723 2477 2787 2532 de
2817 2477 2973 2532 corde
3000 2494 3154 2548 puro,
3186 2486 3235 2531 et
3267 2477 3578 2531 conscientia
3609 2473 3836 2538 tomum:

2389 2586 2492 2624 non
2522 2569 2648 2638 ﬁcta
2677 2567 2729 2640 (Ι
2761 2567 2896 2623 Tim.
2929 2569 2995 2638 ι),
3027 2583 3170 2638 quae,
3201 2568 3348 2623 sicut
3391 2583 3575 2622 aurum
3615 2562 3836 2633 aliispretir

2389 2661 2501 2716 sius
2547 2668 2632 2716 est
2677 2659 2934 2726 metallis,
2966 2660 3042 2714 ita
3081 2659 3296 2714 caeteris
3327 2658 3552 2714 eximior
3591 2653 3836 2713 virtutum

2391 2751 2590 2820 templo
2614 2750 2710 2806 Dei
2741 2750 3000 2822 singulari
3027 2749 3146 2805 luce
3177 2749 3432 2821 refulget.

2464 2860 2484 2894 ‹
2525 2839 2842 2896 Ediﬁcavit
2880 2855 3096 2912 quoque
3131 2842 3326 2913 viginti
3354 2842 3641 2897 cubitorum
3667 2837 3720 2892 ad
3736 2843 3835 2906 poste

2393 2953 2412 2986 ι
2451 2935 2652 2990 riorem
2677 2943 2890 3003 partem
2937 2935 3122 3004 templi
3168 2935 3414 2990 tabulata
3457 2933 3682 2997 cedrina,
3713 2945 3732 2982 ι
3763 2931 3838 2996 pan

2394 3044 2412 3077 ι
2449 3033 2634 3080 meme
2658 3040 2830 3094 usque
2853 3025 2920 3080 ad
2943 3024 3252 3094 superiora,
3291 3035 3347 3080 et
3390 3024 3512 3080 fecit
3541 3017 3838 3078 interioremdt

2395 3138 2413 3171 ι
2451 3133 2599 3174 mum
2628 3119 2837 3176 oraculi
2875 3120 2929 3174 in
2972 3119 3232 3174 Sanctum
3277 3130 3644 3176 sanctorum.)
3679 3111 3839 3168 Posterior

2388 3228 2503 3268 rem
2531 3221 2743 3283 partem
2773 3213 2978 3283 templi,
3003 3213 3401 3268 occidentalem
3420 3213 3573 3268 dicit:
3593 3203 3839 3266 abortum

2387 3304 2518 3361 solis
2545 3305 2849 3374 ingressum
2887 3305 3122 3360 habebat
3151 3305 3438 3374 templum,
3481 3313 3532 3360 et
3556 3304 3613 3357 ab
3638 3294 3839 3355 censuit-

2386 3409 2534 3448 mum
2561 3394 2902 3460 interiorem,
2931 3396 3036 3450 hoc
3063 3405 3150 3451 est
3176 3395 3439 3451 Sanctum
3469 3387 3839 3454 sanctorumiﬂtﬂ'

2386 3487 2653 3541 diebatur.
2703 3487 2859 3554 Quod
2899 3496 3079 3542 autem
3111 3487 3357 3542 tabulata
3383 3501 3500 3558 quae
3527 3484 3768 3540 interiorem
3790 3473 3854 3525 δον

2386 3591 2536 3630 mum
2561 3577 2628 3631 ab
2640 3579 2926 3659 exteriore
2951 3577 3294 3647 separabant,
3327 3594 3360 3632 a
3388 3577 3670 3649 pavimento
3687 3560 3840 3636 mut“

2386 3654 2666 3738 superiora
2693 3683 2814 3724 esse
2840 3670 3098 3725 dicuntur
3123 3670 3394 3725 aediﬁcata
3417 3710 3430 3733 ,
3472 3683 3569 3723 non
3597 3675 3729 3734 usque
3752 3654 3841 3711 adh:

2386 3761 2607 3830 quearia
2647 3761 2798 3831 (qua:
2847 3763 3066 3833 triginta
3115 3763 3317 3818 cubitis
3367 3772 3520 3818 erant
3561 3761 3609 3814 in
3650 3753 3841 3812 sublimet

2387 3852 2694 3922 pavimento
2742 3869 3026 3924 suspensa,
3063 3863 3123 3908 ut
3153 3869 3317 3924 supra
3353 3854 3466 3923 jam
3494 3853 3670 3907 dictum
3694 3835 3842 3904 estid!"

2388 3954 2598 4000 tantum
2629 3961 2799 4020 usque
2827 3948 2896 4002 ad
2919 3949 3134 4003 cubitos
3154 3949 3349 4019 viginti
3377 3943 3667 4006 altitudinis,
3689 3948 3730 3993 ut
3751 3938 3842 3988 illi“

2386 4039 2678 4107 quentibus
2700 4031 2886 4108 aperte
2907 4040 3124 4108 legitur,
3143 4039 3544 4112 intelligendum
3563 4044 3660 4091 est:
3685 4029 3842 4093 ἀφ’

2386 4145 2518 4186 vero
2537 4140 2656 4185 erat
2681 4145 2842 4201 super
2867 4133 2985 4186 hare
3009 4131 3246 4186 tabulata
3268 4141 3513 4202 apertum
3540 4138 3591 4183 et
3613 4128 3736 4182 inane

2385 4220 2453 4274 ad
2483 4219 2788 4288 laquearia,
2824 4221 3130 4275 cubitorum
3162 4220 3350 4276 decem
3382 4218 3682 4280 altitudinis,
3703 4219 3744 4266 el
3763 4205 3842 4260 αἵ*

2387 4323 2568 4368 torum
2593 4313 2780 4383 viginti
2813 4312 3186 4384 longitudinis,
3213 4312 3370 4383 juxta
3393 4311 3695 4367 latitudinem
3713 4304 3838 4384 donius

2385 4421 2484 4475 per
2502 4421 2660 4474 quam
2685 4405 2942 4459 nimirum
2965 4403 3188 4472 ianuam
3219 4404 3408 4459 fumus
3432 4407 3730 4458 incensurum
3749 4391 3790 4442 de
3806 4382 3842 4434 Si

2385 4497 2490 4550 tari
2516 4496 2886 4566 thymiamatis
2911 4496 3119 4551 solebat
3142 4497 3196 4550 in
3227 4495 3428 4551 Sancta
3463 4499 3728 4550 sanctorum
3741 4489 3841 4534 am

2387 4590 2515 4644 dere
2549 4596 2714 4658 atque
2741 4589 2808 4642 ad
2837 4605 3022 4645 arcam
3053 4590 3265 4644 Domini
3297 4588 3628 4658 operiendam
3651 4581 3839 4651 ρεηοιηπο

2387 4681 2444 4736 In
2475 4696 2582 4751 qua
2628 4680 2977 4735 distinctione
3015 4682 3206 4736 domus
3236 4681 3448 4735 Domini
3480 4684 3614 4749 patet
3643 4669 3841 4756 (ἥκω

2389 4773 2542 4829 sterii
2569 4791 2582 4826 :
2622 4780 2672 4826 et
2704 4771 2962 4841 Apostolo
2989 4782 3294 4843 exponente
3324 4771 3507 4844 (Hebr.
3537 4768 3607 4836 rx)
3630 4754 3843 4817 incedit“

2391 4875 2496 4928 est,
2528 4864 2653 4932 quia
2689 4864 2841 4932 prior
2881 4863 3071 4918 domus
3113 4864 3167 4917 in
3217 4879 3379 4932 quam
3425 4869 3622 4928 semper
3659 4843 3843 4907 intmibaﬂl

2395 4955 2709 5009 sacerdotes
2739 4954 3128 5010 sacriﬁciorum
3161 4952 3332 5009 cilicia
3359 4950 3754 5012 consumantes

2394 5064 2521 5105 sons
2549 5059 2632 5103 est
2662 5048 2920 5112 Ecclesia,
2951 5047 3038 5102 ubi
3063 5048 3303 5117 quotidie
3335 5048 3440 5116 piis
3468 5043 3732 5099 insistentes
3749 5033 3844 5093 σμη-

2391 5142 2515 5204 bus,
2541 5140 2768 5196 Domino
2793 5139 3058 5195 sacriﬁcia
3089 5140 3261 5194 laudis
3281 5139 3565 5194 offerimus.
3593 5121 3845 5186 litterionem

2391 5232 2582 5286 domus
2607 5247 2726 5300 qua:
2753 5231 2820 5285 ad
2854 5231 3202 5301 posteriorem
3235 5241 3439 5300 partem
3461 5221 3738 5294 tempiierat

2392 5323 2509 5392 ipsa
2536 5322 2926 5392 est~promissa
2953 5322 3112 5376 nobis
3139 5321 3252 5375 vita
3279 5321 3334 5374 in
3366 5318 3532 5373 uelis.
3570 5302 3845 5392 Exteriﬂq“:

2392 5419 2516 5474 dem
2546 5418 2664 5472 haec
2689 5416 3031 5472 conversatio
3058 5415 3232 5469 nostri
3259 5412 3466 5468 exsilii:
3494 5404 3689 5463 interior
3709 5383 3846 5447 V979”

2393 5521 2514 5578 qua:
2548 5509 2602 5562 in
2623 5507 2909 5577 praesentia
2938 5506 3102 5576 Regis
3126 5505 3339 5566 summi,
3371 5502 3459 5557 ubi
3485 5509 3655 5570 pariles

2391 5559 2785 5671 (alt—angelorum
2823 5608 2878 5653 et
2917 5559 3196 5652 hominum
3231 5559 3536 5652 solemnitas
3573 5585 3731 5656 θείων·

2394 5708 2458 5750 ea
2483 5654 2618 5748 bene
2649 5692 2842 5747 merito
2871 5703 3028 5746 servo
3055 5689 3252 5744 dicitur
3274 5708 3286 5743 :
3309 5707 3328 5739 ι
3347 5687 3490 5742 Intra
3519 5685 3568 5738 in
3589 5671 3780 5750 gaudium
3798 5654 3848 5707 νίν

2397 5787 2526 5841 mini
2559 5785 2772 5854 (Matth.
2795 5786 2945 5855 xxv).
2981 5803 2999 5835 ι
3023 5783 3128 5838 Sed
3159 5784 3273 5839 haec
3301 5779 3558 5852 posterior
3583 5780 3653 5827 est
3675 5761 3848 5824 κεινοπ-
