4044 6336
159 379 282 437 ιιι

1081 371 1336 431 ENARR.
1377 371 1444 428 IN
1480 369 1726 429 LIBROS
1764 366 2032 428 REGUM.
2071 399 2140 413 —
2178 370 2247 428 IN
2284 369 2414 427 LIB.
2453 366 2544 427 III.

156 495 311 567 quia
339 499 466 563 post
507 489 666 560 hujus
705 488 888 546 saeculi
926 489 1144 546 labores
1183 490 1250 545 ad
1293 488 1434 544 illius
1465 488 1765 559 ingressum
1792 486 1843 546 Α
1870 484 2158 541 multitudo
2201 484 2477 552 ﬁdelium,
2507 497 2674 539 unum
2704 490 2886 539 tamen
2913 497 3027 550 cor,
3059 497 3226 541 unam
3249 485 3450 544 habere

157 583 549 657 perducimur.
585 581 848 636 Tabulata
876 589 1058 636 autem
1085 597 1206 651 quae
1241 588 1522 649 utramque
1549 579 1770 634 domum

161 680 248 736 ab
276 678 514 734 invicem
542 675 810 741 dividunt,
833 675 947 745 ipsa
969 684 1096 733 sunt
1117 675 1352 731 claustra
1372 673 1520 739 cteli,
1539 685 1768 742 quorum

163 772 342 828 nobis
367 769 702 840 apertionem
731 768 972 837 quotidie
1003 769 1374 837 suspiramus:
1414 773 1469 820 et
1507 772 1786 833 quantum.

161 865 442 920 Duninns
469 861 774 925 donaverit,
803 860 891 930 pia
913 873 1128 929 semper
1150 857 1426 919 instantia,
1452 855 1621 910 donec
1642 868 1770 923 ape-

164 957 394 1010 riantur
422 961 478 1008 et
504 954 710 1007 intrare
732 951 914 1015 liceat,
943 949 1238 1019 pulsamus.
1270 945 1374 1002 Ubi
1401 946 1503 1001 etsi
1541 944 1768 999 necdum

163 1056 304 1102 ante
331 1045 658 1100 solutionem
679 1055 967 1111 corporum
995 1036 1770 1109 intrare.permittitur,'aper-

167 1145 288 1189 tam
312 1144 498 1189 tamen
521 1129 1014 1198 babemusjanuam
1040 1128 1236 1183 divina:
1252 1125 1492 1197 pietatis,
1522 1138 1626 1194 qua
1648 1139 1772 1177 ora-

165 1227 392 1282 tionum
445 1235 752 1280 nostrarum
780 1263 795 1288 ,
853 1221 1318 1290 eleemosynarum
1341 1257 1358 1282 ,
1402 1215 1726 1287 ieiuniorum
1749 1255 1763 1278 ,

165 1327 616 1386 enitet-uruntque
658 1327 884 1385 operum
916 1313 1184 1368 bonorum
1217 1309 1590 1380 thymiamata,
1633 1321 1770 1376 prae—

165 1411 480 1464 mittamus.
525 1405 662 1460 Hine
701 1413 788 1461 est
824 1403 967 1459 enim
1011 1401 1154 1472 quod
1190 1400 1490 1470 parietibus
1535 1397 1776 1453 cedrinis.

166 1501 382 1555 domus
404 1498 680 1554 interioris
708 1495 994 1560 miﬁcata,
1015 1495 1240 1563 jauuam
1265 1493 1429 1552 habet
1456 1491 1509 1545 in
1535 1489 1770 1561 superio:

167 1593 334 1646 ribus
376 1607 475 1660 per
519 1598 716 1653 totum,
757 1573 858 1642 ubi
894 1589 1074 1641 fumus
1116 1587 1460 1641 incensorum
1509 1585 1765 1647 intraret,

166 1685 304 1753 quia
352 1683 496 1738 oculi
538 1681 756 1736 Domini
797 1679 974 1750 aperti
1015 1686 1144 1733 sunt
1182 1692 1343 1747 super
1388 1677 1606 1731 domum
1652 1674 1770 1744 ejus

165 1783 340 1829 nocte
371 1790 436 1827 ac
464 1773 571 1836 die,
616 1781 672 1826 et
713 1787 871 1826 aures
907 1770 1023 1840 ejus
1069 1770 1121 1824 in
1167 1768 1446 1824 orationes
1487 1782 1768 1822 servorum

167 1881 404 1920 suorum
437 1863 780 1920 intendentcs
801 1903 816 1927 ,
863 1871 916 1917 et
937 1837 1050 1916 vboc
1089 1875 1186 1930 per
1229 1868 1398 1914 totam
1425 1859 1765 1914 latitudinem
1795 1837 1842 1897 Β

168 1957 392 2012 diffusa:
411 1971 508 2025 per
536 1956 742 2010 orbem.
781 1953 1038 2010 Ecclesiae
1067 1952 1237 2006 altare
1270 1965 1504 2021 namque
1533 1951 1764 2021 thymia-

169 2049 376 2112 matis,
405 2047 552 2118 quod
589 2047 644 2101 in
685 2047 845 2102 domo
873 2045 1088 2112 quidem
1134 2041 1422 2105 exteriori,
1469 2041 1562 2095 sed
1603 2054 1769 2109 prope

167 2142 380 2197 ostium
412 2141 593 2196 stabat
624 2140 816 2194 domus
843 2136 1116 2192 interioris
1135 2175 1150 2200 ,
1189 2143 1348 2205 typus
1375 2131 1478 2188 fuit
1499 2132 1768 2202 perfecto—

171 2249 328 2296 rum,
358 2232 454 2302 qui
483 2245 648 2286 carne
673 2229 890 2300 quidem
921 2227 1100 2282 adhuc
1129 2226 1184 2280 in
1210 2225 1410 2280 mundo
1432 2225 1651 2289 retenti,
1677 2224 1771 2279 sed

168 2324 334 2379 omni.
357 2321 625 2378 desiderio
666 2329 793 2377 sunt
828 2320 894 2374 ad
937 2317 1178 2374 etnlestia
1225 2316 1508 2384 suspensi:
1543 2322 1598 2370 et
1628 2313 1772 2368 velut

170 2415 408 2469 incenso
437 2413 620 2478 thure,
653 2410 860 2466 fumum
897 2409 1286 2465 ascendentem
1319 2409 1372 2463 in
1417 2405 1618 2462 Sancta
1644 2422 1772 2461 san-

171 2497 414 2566 ctorum
442 2511 730 2572 emittunt,
780 2509 906 2578 quia
951 2521 1188 2578 superno
1217 2521 1402 2562 amore
1446 2505 1768 2576 ﬂagrantes,

171 2602 393 2658 crebris
413 2601 722 2656 orationum
745 2600 990 2664 vocibus,
1018 2615 1178 2654 aures
1225 2598 1312 2654 sui
1334 2599 1551 2669 pulsant
1582 2609 1773 2655 aucto-

171 2696 280 2750 ris.
323 2697 636 2766 Apertaque
666 2695 771 2750 late
812 2695 978 2762 ianua
1009 2691 1190 2746 fumus
1216 2693 1562 2748 incensurum
1603 2693 1656 2746 in
1684 2709 1775 2747 su-

167 2787 490 2858 perioribus
517 2787 662 2844 venit
689 2805 702 2840 :
740 2786 868 2855 quia
895 2793 1099 2854 quanto
1134 2783 1450 2838 mundiores
1488 2785 1690 2854 quique
1721 2785 1774 2839 in

168 2877 364 2943 terris,
389 2877 619 2951 etquasi
641 2875 934 2931 viciniores
961 2873 1171 2930 caelesti
1201 2874 1392 2944 patriar
1429 2889 1774 2930 commoran-

171 2979 305 3034 tur,
354 2976 505 3029 tanto
543 2968 707 3024 citius
755 2976 954 3023 cuncta
996 2981 1118 3035 qua:
1164 2975 1424 3036 poscunt,
1477 2967 1774 3037 accipiunt.

167 3058 326 3114 Bene
343 3068 534 3115 autem
548 3060 602 3114 in
611 3059 777 3116 terior
795 3060 987 3115 domus
1011 3058 1200 3128 viginti
1224 3059 1424 3114 cubitis
1447 3058 1606 3130 longa
1630 3058 1774 3115 facta

1871 576 2132 641 animam,
2152 591 2252 646 pro
2269 575 2574 632 communis
2595 575 2720 631 ﬁdei
2745 590 2811 630 ac
2834 575 3140 634 dilectionis
3168 577 3448 646 societate,

1869 667 2066 722 merito
2092 667 2362 723 dicantur.
2390 665 2636 737 Namque
2674 674 2996 732 tornatam,
3025 683 3147 737 quae
3178 665 3450 736 iuncturis

1871 757 2174 813 tabularum
2201 760 2632 830 apponebantur,
2650 767 2710 814 ut
2739 775 2904 815 unum
2925 776 2995 816 ex
3019 761 3270 818 omnibus
3295 761 3452 817 ﬁeret

1873 847 2166 904 tabulatum
2185 888 2202 914 ,
2231 851 2348 918 ipsa
2377 858 2504 906 sunt
2527 849 2703 906 oﬁicia
2731 850 3050 920 charitatis,
3077 853 3273 922 quibus
3298 853 3451 910 adin-

1872 937 2044 992 vicem
2083 937 2400 996 fraternitas
2444 949 2634 996 sancta
2679 940 2984 1011 copulatur,
3011 951 3174 1013 atque
3205 943 3264 998 in
3289 958 3452 1000 unam

1870 1026 2072 1082 Christi
2094 1029 2314 1084 domum
2335 1039 2452 1086 toto
2472 1039 2740 1086 terrarum
2764 1031 2898 1088 orbe
2923 1033 3286 1102 componitur.
3317 1033 3450 1100 Quae

1869 1117 2034 1172 etiam
2059 1119 2254 1175 domus
2275 1121 2438 1176 habet
2466 1121 2751 1178 caelaturas
2775 1122 3077 1179 emi-nentes
3092 1163 3107 1188 ,
3139 1139 3262 1179 cum
3286 1137 3451 1195 Opera

1870 1210 2130 1266 virtutum
2195 1213 2369 1268 sancti
2414 1228 2755 1284 nequaquam
2819 1214 3032 1270 occulto
3085 1224 3301 1288 tegunt,
3355 1217 3452 1273 sed

1870 1301 2157 1360 manifesta
2185 1305 2532 1375 expressione
2560 1305 2697 1362 foris
2715 1307 2974 1374 omnibus
2987 1307 3175 1378 quales
3197 1309 3312 1364 sint
3328 1309 3451 1379 ipsi,

1870 1394 2000 1465 quid
2030 1403 2230 1466 agant,
2262 1396 2317 1452 in
2363 1397 2666 1468 exemplum
2695 1398 2910 1454 vivendi
2937 1398 3244 1469 proferunt.
3281 1419 3299 1452 σ
3327 1399 3454 1455 0m-

1880 1507 1899 1539 ι
1935 1489 2022 1542 nia
2045 1489 2507 1546 cedrinis-tabulis
2528 1491 2924 1556 vestiebantur,
2950 1507 3051 1547 nec
3071 1493 3294 1549 omnino
3321 1493 3455 1564 lapis

1875 1598 1893 1629 ι
1931 1594 2196 1650 apparere
2235 1590 2448 1651 poterat
2493 1581 2549 1636 in
2591 1581 2817 1652 pariete.
2852 1600 2872 1633 ι
2904 1582 2971 1636 Et
2999 1583 3204 1654 lapides
3229 1583 3456 1654 parietis

1867 1672 1982 1728 sive
2011 1674 2336 1743 pavimenti,
2369 1686 2424 1729 et
2451 1674 2646 1730 tabulae
2694 1683 2750 1730 et
2798 1665 2992 1730 aurum
3013 1715 3030 1741 ,
3058 1686 3367 1731 sanctorum
3399 1675 3456 1730 in

1869 1761 2112 1818 Ecclesia
2137 1763 2306 1818 vitam
2335 1765 2518 1818 omnia
2553 1763 2862 1834 designant.
2895 1763 3000 1820 Sed
3031 1780 3093 1818 ea
3138 1766 3326 1834 utique
3369 1766 3454 1822 di-

1870 1858 2160 1916 stinctione
2179 1898 2194 1922 ,
2217 1872 2341 1913 cum
2363 1858 2570 1928 pariter
2588 1867 2884 1928 ponuntur,
2908 1868 2970 1914 ut
2993 1859 3202 1930 lapides
3219 1859 3324 1915 vivi
3347 1859 3457 1914 sint

1869 1951 2076 2018 sancti,
2105 1950 2424 2007 fortitudine
2451 1951 2575 2010 ﬁdei
2611 1952 2666 2006 in
2694 1965 2798 2006 una
2829 1952 3128 2022 eademque
3173 1952 3355 2024 regula
3383 1952 3457 2006 si-

1869 2045 2040 2099 bimet
2082 2045 2428 2115 agglutinati.
2477 2043 2696 2100 Tabulae
2749 2045 2985 2100 cedrium
3033 2046 3146 2101 sive
3210 2043 3455 2116 abiegnm

1873 2146 2000 2192 sunt
2022 2137 2199 2192 sancti
2232 2137 2518 2192 latitudine
2549 2138 2820 2192 variarum
2847 2138 3106 2192 virtutum
3157 2138 3453 2193 secundum

1872 2231 2196 2286 donationes
2222 2231 2458 2302 Spiritus
2483 2231 2658 2287 sancti
2674 2269 2690 2296 ,
2720 2232 2774 2286 in
2798 2247 2910 2287 una.
2937 2232 3235 2301 eademque
3260 2231 3364 2286 ﬁde
3385 2230 3458 2286 si-

1871 2325 2041 2380 bimet
2064 2325 2387 2380 alterutrum
2414 2324 2666 2380 connexi.
2713 2324 2846 2379 Auri
2882 2323 3097 2379 laminae
3123 2332 3250 2380 sunt
3278 2322 3462 2378 sancti

1875 2419 2363 2488 super-eminentem
2389 2418 2630 2474 scientiae
2671 2419 2992 2474 charitatem
3030 2417 3290 2472 habentes
3305 2455 3321 2484 ,
3356 2416 3456 2470 ltu-

1869 2511 2066 2581 jusque
2107 2508 2317 2582 fulgore
2341 2509 2652 2581 gratissimo
2681 2509 2986 2564 adimicem
3029 2507 3452 2577 congaudentes.

1875 2603 2006 2670 Quae
2029 2603 2132 2657 tria
2162 2603 2354 2658 beatus
2380 2602 2672 2672 Apostolus
2701 2615 2806 2655 una
2836 2602 3108 2657 sententia
3134 2599 3450 2669 complexus

1875 2704 1988 2759 est,
2018 2695 2204 2749 dicens
2240 2712 2252 2747 :
2293 2712 2312 2744 ι
2348 2677 2505 2748 Νθιπ
2530 2694 2586 2747 in
2617 2693 2838 2748 Christo
2857 2692 2987 2748 Jesu
3017 2705 3194 2761 neque
3217 2692 3454 2746 circnm-

1877 2786 2010 2841 cisio
2032 2785 2233 2854 aliquid
2262 2785 2438 2850 valet,
2463 2798 2640 2853 neque
2657 2783 2986 2854 praeputium
3010 2799 3023 2835 :
3059 2782 3152 2835 sed
3181 2779 3316 2836 ﬁdes
3334 2794 3456 2849 quae

1875 2892 1974 2948 per
1998 2876 2342 2932 dilectionem
2375 2885 2632 2947 operatur
2679 2873 2824 2945 (Gal.
2851 2876 2929 2944 v).
2973 2893 2992 2926 ι
3032 2873 3183 2927 Fidei
3224 2886 3459 2941 namque

1878 2971 2092 3027 invictae
2125 2971 2262 3042 lapis
2299 2952 2746 3043 ﬁguram-tenuit
2780 2967 3014 3024 :cedrus
3057 2967 3286 3023 actionis
3327 2965 3458 3021 cdo-

1879 3062 2058 3117 riferte
2100 3080 2115 3116 :
2166 3075 2390 3127 aurum,
2444 3059 2877 3116 transcendentis
2921 3073 3082 3114 omne
3132 3057 3454 3114 dilectionis:

168 3163 286 3254 est,
313 3160 536 3222 propter
573 3152 891 3254 mysterium
940 3151 1150 3254 scilicet
1195 3151 1423 3218 gemina:
1468 3151 1775 3206 dilectionis
1801 3191 1846 3254 Ο
1881 3152 2228 3223 Vestiturque
2273 3152 2513 3222 lapideus
2554 3151 2736 3222 paries
2779 3150 2979 3206 tabulis
3021 3149 3290 3215 cedrinis,
3335 3163 3457 3204 cum

169 3243 274 3314 (de
301 3256 412 3312 quo
438 3251 496 3298 et
517 3259 686 3314 supra
709 3242 998 3314 diximus),
1021 3259 1140 3313 quae
1185 3243 1236 3296 in
1284 3243 1386 3298 hac
1415 3243 1633 3298 interim
1659 3244 1770 3298 vita

175 3351 256 3390 ex
297 3343 458 3404 parte
501 3336 733 3390 maxima
776 3335 1070 3391 electorum
1105 3342 1313 3392 mentes
1367 3334 1642 3402 illustrat,
1679 3336 1772 3391 sed

167 3425 234 3480 in
270 3425 365 3480 illa
388 3427 560 3496 patria
588 3426 928 3484 cessantibus
949 3427 1177 3482 aliarum
1209 3427 1470 3482 virtutum
1492 3427 1768 3497 operibus,

168 3515 296 3571 sola
327 3525 588 3585 perpetuo
617 3528 826 3588 regnat.

261 3625 279 3659 ι
315 3607 489 3664 Porro
521 3610 881 3681 quadraginta
921 3610 1236 3664 cubitorum.
1262 3616 1382 3664 erat
1422 3609 1600 3679 ipsum
1641 3620 1775 3667 tem-

179 3722 196 3753 ι
243 3701 394 3770 plum
428 3719 532 3772 pro
561 3701 774 3758 foribus
806 3701 1032 3758 oraculi.
1067 3722 1086 3754 ι
1132 3703 1379 3757 Diximus
1420 3701 1594 3771 ipsum
1639 3710 1775 3756 tem-

173 3797 329 3866 plum
358 3811 457 3866 pro
484 3796 690 3854 foribus
724 3797 928 3852 oraculi
960 3797 1243 3865 praesentis
1292 3794 1547 3850 Ecclesiae
1583 3804 1768 3864 typum

173 3887 436 3959 gessisse.
470 3887 618 3944 Unde
648 3897 793 3944 recte
815 3888 1172 3958 quadraginta
1197 3885 1300 3940 fuit
1321 3887 1660 3950 cubitorum,
1682 3885 1775 3954 qui

175 3995 443 4036 numerus
490 3995 634 4049 saepe
683 3980 735 4034 in
783 3978 1178 4050 signiﬁcatione
1229 3977 1447 4046 ponitur
1492 3976 1776 4046 praesentis

176 4054 430 4126 ﬁdelium
451 4070 674 4136 laboris,
704 4069 975 4139 quomodo
996 4067 1514 4138 quinquagenarius,
1539 4067 1590 4120 in
1618 4066 1778 4136 signi-

177 4145 496 4216 ﬁcationem
524 4159 720 4216 futurae
752 4160 954 4230 quietis
979 4168 1034 4214 et
1062 4159 1233 4228 pacis.
1283 4157 1514 4212 Denario
1543 4172 1778 4224 namque

175 4269 414 4308 numero
437 4253 784 4309 continentur
807 4261 1098 4322 praecepta,
1141 4265 1370 4319 quorum
1397 4249 1777 4304 observatione

177 4345 248 4398 ad
275 4344 445 4398 vitam
471 4344 806 4413 pervenitur.
836 4343 1067 4398 Denario
1090 4357 1244 4410 mque
1270 4340 1607 4411 signiﬁcatur
1636 4341 1772 4411 ipsa,

179 4451 348 4505 quam
377 4436 752 4490 desideramus
781 4443 836 4488 et
879 4451 976 4504 pro
1017 4449 1120 4503 qua
1160 4433 1500 4497 laboramus,
1543 4431 1652 4488 vita
1679 4449 1774 4504 pe-

1875 3245 2140 3315 prol'essio
2176 3241 2303 3300 ﬁdei
2341 3241 2498 3299 bonis
2519 3252 2750 3297 ornatur
2771 3241 3026 3311 operibus
3043 3281 3058 3306 ,
3086 3254 3154 3295 ne
3177 3241 3356 3295 otiosa
3372 3237 3460 3307 ju-

1877 3336 2088 3391 dicetur
2117 3350 2236 3390 esse
2255 3375 2272 3401 ,
2303 3342 2398 3389 aut
2436 3341 2672 3389 mortua.
2705 3333 2903 3387 Verum
2932 3333 3060 3401 quia
3086 3329 3170 3386 lex
3196 3332 3252 3386 in
3282 3330 3462 3400 lapide

1875 3429 2110 3498 scripta,
2137 3426 2382 3481 doctrina
2407 3437 2534 3480 vero
2564 3422 2838 3493 Evangelii
2879 3436 2978 3491 per
3015 3422 3218 3492 lignum
3246 3429 3332 3476 est
3351 3420 3457 3474 Do-

1875 3523 2090 3584 miuicaa
2122 3522 2394 3593 passionis
2434 3519 2757 3575 conﬁrmata
2797 3537 2810 3570 :
2845 3517 2988 3572 unde
3018 3525 3071 3571 et
3113 3513 3342 3586 populus
3369 3513 3466 3568 ille

1877 3617 2054 3686 lapide
2082 3614 2574 3670 circumcidebatur
2601 3613 2654 3665 in
2687 3611 2986 3681 praeputio,
3027 3623 3125 3663 nos
3155 3608 3309 3679 signo
3331 3621 3456 3662 cru-

1875 3711 1956 3766 cis
1985 3723 2370 3765 consecramur
2410 3707 2466 3760 in
2510 3705 2708 3760 fronte.
2751 3703 2984 3758 Possunt
3015 3717 3126 3756 non
3165 3701 3466 3769 incongrue

1877 3803 2112 3873 parietes
2141 3799 2323 3870 templi
2355 3795 2548 3868 lapidei
2570 3838 2584 3863 ,
2624 3796 2737 3851 sive
2773 3795 3148 3864 pavimentum
3181 3790 3464 3861 pretiosis-

1876 3898 2013 3953 simo
2044 3908 2315 3950 marmore
2343 3898 2572 3947 stratum
2592 3931 2607 3955 ,
2641 3903 2830 3943 eorum
2863 3887 2954 3957 qui
2996 3886 3049 3940 in
3081 3885 3197 3954 lege
3231 3881 3460 3938 ﬁdeliter

1878 4003 1940 4042 ac
1988 3986 2234 4058 perfecte
2265 3984 2552 4048 vixerunt,
2581 3989 2767 4052 typum
2815 3987 3037 4042 tenere;
3083 3975 3282 4031 tabula:
3332 3987 3468 4029 vero

1878 4078 2112 4134 cedrinae
2156 4076 2271 4132 sive
2313 4075 2574 4144 abiegnae,
2605 4070 2738 4126 Novi
2770 4068 3098 4124 Testamenti
3119 4065 3296 4135 iustos
3326 4065 3466 4120 indi-

1878 4185 2035 4234 care,
2074 4170 2166 4240 qui
2197 4169 2437 4223 volentes
2475 4173 2596 4236 post
2627 4163 2913 4219 Dominum
2938 4161 3152 4224 venire,
3195 4158 3464 4228 abnegant

1879 4261 2200 4332 semetipsos
2219 4301 2232 4327 ,
2261 4269 2314 4314 et
2343 4265 2556 4325 sumpta
2603 4269 2764 4308 cruce
2802 4267 2898 4308 sua
2925 4251 3195 4322 quotidie,
3229 4263 3463 4320 sequun-

1883 4364 1974 4410 tur
2021 4353 2192 4409 illum.
2228 4351 2296 4406 Et
2342 4363 2450 4421 quo
2479 4347 2761 4418 utriusque
2793 4345 3052 4416 temporis
3092 4345 3268 4414 iustos
3312 4357 3464 4397 com-

1882 4448 2061 4503 munis
2089 4446 2257 4518 gloria
2288 4451 2534 4514 supermc
2558 4447 2744 4496 manet
2764 4439 3134 4495 retributionis
3152 4479 3166 4504 ,
3199 4436 3468 4507 lapidibus

178 4526 391 4580 renuis.
414 4526 720 4592 Quadratus
742 4540 869 4580 vero
894 4533 977 4580 est
997 4524 1248 4588 mundus,
1268 4531 1320 4576 in
1349 4539 1455 4593 quo
1476 4538 1576 4592 pro
1597 4524 1774 4594 acqui-

1887 4556 1950 4595 ac
1995 4539 2156 4610 lignis
2199 4535 2452 4607 pretiosis
2491 4533 2649 4588 tertia
2685 4539 2769 4586 est
2813 4531 3022 4602 species
3060 4542 3347 4584 aurearum
3376 4525 3470 4580 ad-

180 4619 358 4672 renda.
384 4619 573 4673 eadem
604 4619 716 4672 vita
745 4625 1039 4673 certamus.
1067 4614 1219 4670 Unde
1246 4614 1530 4670 Psalmista
1554 4630 1778 4685 congre—

180 4712 422 4783 gandam
447 4710 747 4766 Ecclesiam
792 4710 858 4766 de
902 4708 1156 4780 gentibus
1196 4708 1528 4778 praevidens,
1559 4707 1771 4762 aiebat:

187 4824 204 4854 ι
245 4802 326 4858 De
358 4803 664 4873 regionibus
694 4802 1044 4873 congregavit
1070 4815 1164 4856 eos
1210 4816 1241 4853 a
1289 4800 1418 4855 solis
1454 4807 1577 4854 ortu
1604 4807 1660 4854 et
1685 4815 1777 4854 oc-

182 4911 336 4960 casu,
361 4894 430 4948 ab
453 4895 703 4964 aquilone
728 4905 784 4948 et
807 4895 942 4948 mari
971 4890 1088 4965 (Ps.
1124 4907 1270 4956 cxvt,
1297 4891 1353 4956 2,
1386 4891 1461 4963 5).
1501 4911 1524 4944 ι

261 5027 282 5061 ι
321 5006 433 5066 Sed
459 5018 513 5064 et
536 5009 698 5065 cedro
723 5008 900 5063 omnis
929 5008 1122 5062 domus
1149 5005 1474 5061 intrinsecus
1503 5004 1770 5059 vestieba-

190 5121 209 5150 ι
253 5111 365 5166 tur,
388 5101 598 5156 habens
620 5109 932 5156 tornaturas
955 5114 1102 5164 suas,
1124 5097 1410 5167 juncturas
1431 5096 1772 5160 fabrefactus,

191 5212 208 5242 ι
244 5203 301 5246 et
321 5191 606 5246 catlaturas
633 5191 955 5246 eminentes.
993 5211 1012 5242 ι
1049 5189 1294 5244 Diximus
1323 5187 1392 5241 dc
1433 5187 1598 5242 cedro
1631 5186 1776 5256 quod

186 5283 612 5355 insuperabilem
649 5285 912 5338 virtutum
963 5289 1304 5338 venustatem
1337 5281 1576 5352 signaret
1621 5297 1634 5333 :
1669 5293 1776 5348 quo

186 5376 444 5431 nimirum
501 5377 648 5446 ligno
699 5377 879 5431 omnis
933 5377 1123 5430 domus
1181 5373 1393 5428 Domini
1449 5373 1808 5427 intrinsecus-

187 5466 542 5532 vestiebatur,
565 5481 690 5523 cum
719 5467 880 5523 corda
905 5465 1174 5536 iustorum
1207 5464 1325 5518 solo
1354 5464 1618 5517 bonorum
1648 5476 1777 5531 0pc-

189 5575 311 5614 rum
359 5574 547 5616 amore
593 5561 890 5616 nitescunt.
936 5555 1216 5626 Habetque
1253 5557 1445 5610 domus
1479 5557 1531 5609 in
1585 5553 1778 5609 tabulis

187 5651 429 5707 cedrinis
477 5659 787 5707 tornaturas
818 5667 946 5706 suas
997 5657 1052 5703 et
1084 5649 1371 5718 juncturas
1417 5645 1776 5710 fabrefactus,

189 5760 314 5800 cum
347 5745 509 5800 iidem
544 5745 700 5801 electi
732 5759 854 5800 sese
881 5743 947 5798 ad
985 5741 1216 5796 invicem
1251 5739 1614 5810 pulcherrima
1646 5737 1777 5791 cha-

191 5837 372 5892 ritatis
399 5837 589 5907 copula
623 5842 1021 5893 connectuntur
1046 5853 1056 5887 :
1083 5834 1156 5887 ita
1183 5840 1242 5887 ut
1260 5847 1390 5886 cum
1407 5831 1689 5885 innumera
1713 5826 1784 5880 sit

1579 5970 1596 5974 ’“
1647 5971 1690 5995 ν’ὅιθ

1879 4631 2068 4700 juncta
2118 4628 2462 4682 laminarum.
2514 4623 2624 4678 Nec
2669 4622 3004 4678 contrarium
3051 4621 3210 4676 debet
3259 4616 3464 4681 videri,
3507 4651 3512 4654 -

1887 4723 2030 4793 quod
2064 4733 2228 4790 supra
2273 4719 2508 4773 diximus
2529 4758 2543 4783 ,
2568 4716 2836 4786 porticum
2867 4729 2985 4784 qua:
3014 4720 3132 4769 erat
3177 4719 3303 4767 ante
3333 4719 3470 4764 tem-

1885 4813 2030 4883 plum
2054 4853 2068 4878 ,
2097 4811 2442 4881 antiquorum
2471 4809 2697 4879 ﬁguram
2736 4815 2948 4878 gestare
2975 4805 3209 4860 ﬁdelium
3241 4821 3254 4858 :
3289 4803 3492 4872 ipsumi-

1886 4918 2015 4958 vero
2046 4900 2304 4972 templum
2323 4941 2336 4964 ,
2368 4914 2553 4953 eorum
2587 4897 2677 4967 qui
2704 4904 2826 4966 post
2854 4895 3248 4952 incarnationis
3275 4887 3460 4946 Domi-

1883 5001 2019 5057 nicae
2055 4989 2264 5066 tempus
2299 4993 2351 5047 in
2391 4992 2652 5047 mundum
2698 4997 2982 5046 venerunt.
3032 4989 3204 5042 Porro
3244 4985 3460 5039 domum

1884 5089 2229 5151 interiorem,
2283 5084 2434 5155 regni
2481 5081 2720 5139 caelestis
2763 5081 3000 5153 gaudia,
3032 5093 3162 5150 quur
3215 5074 3494 5144 utrisque

1878 5181 2040 5253 justis
2064 5179 2264 5233 dantur
2290 5176 2542 5244 ﬁgurare.
2573 5171 2726 5244 Nune
2749 5182 2932 5229 autem
2955 5172 3210 5227 dicamus,
3227 5166 3464 5238 parietes

1883 5270 2126 5342 lapideos
2160 5268 2440 5336 antiquum
2475 5265 2568 5321 Dei
2614 5267 2902 5337 populum,
2952 5261 3190 5317 tabulata
3245 5259 3464 5314 cedrina

1886 5378 2116 5428 novum,
2141 5375 2336 5416 aureas
2375 5359 2603 5414 laminas
2650 5360 2933 5427 utr-iusque
2979 5357 3032 5409 in
3062 5353 3218 5408 caelis
3245 5352 3476 5422 praemia-

1885 5457 2171 5526 designare
2201 5473 2212 5508 :
2246 5469 2370 5510 cum
2397 5455 2539 5508 idem
2567 5451 2806 5522 parietes.
2824 5447 3006 5518 templi
3039 5453 3092 5501 et
3136 5445 3190 5499 in
3221 5442 3463 5515 porticu,

1885 5557 1940 5603 et
1961 5546 2160 5616 in-ipso
2191 5543 2390 5615 templo
2412 5585 2424 5607 ,
2453 5542 2586 5597 etin
2615 5539 2830 5595 Sanctis
2855 5544 3170 5593 sanctorum
3195 5534 3322 5606 pari
3347 5531 3464 5586 fue—

1887 5638 1998 5692 rint
2025 5628 2220 5702 ntodo,
2251 5637 2320 5691 de
2346 5635 2619 5705 lapidibus
2643 5641 2696 5686 et
2737 5629 2908 5698 lignis:
2936 5636 2992 5682 et
3020 5639 3153 5682 auro
3177 5623 3466 5695 compacti.

1889 5729 2174 5799 Multiplex.
2211 5742 2446 5796 namque
2470 5734 2553 5780 est
2581 5724 2633 5778 in
2666 5723 2911 5778 diversis
2955 5722 3118 5776 rebus
3155 5716 3482 5774 eammdem.

1892 5823 2142 5893 repetitio
2182 5823 2495 5890 ﬁgurarum.
2531 5817 2636 5873 Sed
2665 5826 2720 5872 et
2741 5817 2844 5873 hoc
2863 5815 3184 5882 dicendum,
3207 5808 3470 5883 quiafuo-
