4044 6336
549 377 656 434 ‘25

1543 372 1894 432 ANGELOMI
1930 365 2394 430 LUXOVIENSIS
2432 365 2736 426 MONACHI

3724 359 3832 415 ιει

551 500 680 550 runt
705 501 762 548 et
784 491 840 547 in
868 491 987 562 lege
1011 498 1070 545 et
1095 495 1225 545 ante
1261 489 1519 558 scriptam
1547 487 1721 560 legem
1754 504 1768 540 :
1796 484 2014 556 plurimi
2035 481 2127 554 qui
2155 483 2208 545 Α
2232 480 2474 537 fraterna
2507 480 2720 551 negotia
2749 493 2847 550 per
2875 478 3057 535 omnia
3087 476 3296 548 fulgent
3327 493 3341 530 :
3369 475 3519 546 quod
3543 477 3832 541 sequenti-

551 585 796 659 legaliter
834 584 1066 641 Domino
1111 582 1482 646 deservirent,
1508 595 1617 636 non
1651 579 1987 643 occidentes,
2016 592 2127 633 non

551 683 884 740 fornicantes
902 721 917 747 ,
944 695 1056 735 non
1083 677 1289 734 furtum
1315 676 1599 738 facientes,
1624 688 1734 729 non
1759 672 1954 728 falsum
1976 670 2130 727 testi-

551 775 792 830 monium
839 780 1034 829 contra
1082 770 1388 841 proximum
1435 766 1746 837 loquentes,
1799 765 2129 821 honorantes

553 875 760 937 patrem
807 871 864 918 et
910 870 1174 926 matrem,
1223 867 1278 913 et
1322 857 1611 928 diligentes
1657 855 1935 925 proximos
1990 853 2132 908 sicut

553 957 790 1026 seipsos,
812 953 870 1008 hi
890 953 959 1009 ad
978 951 1215 1024 parietes
1233 947 1475 1019 porticus
1500 946 1741 1017 lapideos
1763 943 2126 1016 pertinebant.

552 1047 797 1103 Fuerunt
821 1043 944 1111 alii,
985 1041 1077 1114 qui
1110 1038 1302 1109 majori
1331 1036 1665 1109 perfectione
1693 1035 1899 1092 relictis
1943 1032 2131 1089 mundi

551 1137 818 1209 negotiis,
862 1144 919 1191 et
964 1141 1239 1209 assumpta
1268 1145 1431 1186 cruce
1459 1144 1589 1192 sua.
1627 1127 1997 1198 sequebantur
2019 1123 2130 1178 Do-

551 1208 760 1285 minum
791 1245 804 1282 :
835 1225 978 1297 quod
1000 1208 1290 1294 Apostolus
1313 1220 1506 1277 scribit
1536 1237 1550 1274 :
1587 1237 1604 1272 ο
1637 1215 1896 1274 Ludibria
1920 1224 1976 1271 et
2003 1229 2130 1270 ver-

550 1320 680 1376 bera
707 1317 917 1390 experti
955 1315 1176 1385 insuper
1199 1322 1256 1370 et
1276 1311 1492 1369 vincula
1519 1320 1577 1368 et
1596 1323 1846 1367 carceres
1863 1348 1879 1373 ,
1911 1305 2132 1376 lapidati

550 1419 705 1476 sunt,
735 1408 870 1465 secti
902 1415 1064 1474 sunt,
1110 1404 1308 1462 tentati
1359 1412 1517 1469 sunt,
1565 1403 1619 1458 in
1665 1401 1939 1458 occisione
1968 1397 2132 1470 gladii

546 1500 744 1556 mortui
767 1511 915 1556 sunt.
947 1498 1350 1555 Circumierunt
1394 1497 1451 1551 in
1494 1494 1750 1560 melotis,
1798 1493 1852 1548 in
1898 1491 2132 1562 pellibus

546 1593 784 1663 caprinis
825 1600 1047 1664 egentes
1067 1631 1084 1658 ,
1133 1588 1464 1661 angustiati,
1493 1585 1676 1642 aﬂlicti
1710 1586 1907 1656 quibus
1937 1585 2133 1654 dignus

543 1700 653 1740 non
695 1693 817 1741 erat
859 1683 1094 1740 mundus
1136 1680 1326 1752 (Hebr.
1359 1680 1459 1752 xi).
1491 1700 1510 1732 ι
1549 1678 1617 1734 Hi
1650 1678 1744 1749 qui
1789 1686 1914 1732 ante
1958 1676 2133 1732 mani-

546 1774 746 1832 festata
772 1785 1019 1846 tempora
1056 1772 1366 1845 Evangelii,
1412 1771 1580 1826 vitam
1624 1771 1828 1827 duxere
1855 1768 2130 1840 evangeli-

2231 571 2332 629 bus
2355 587 2570 642 quoque
2591 571 2775 627 verbis
2805 570 3242 636 astruitur,'cum
3270 568 3474 624 dicitur
3502 585 3516 622 :
3551 585 3575 619 ‹
3613 565 3688 622 Et
3713 583 3834 637 ope-

2237 683 2256 718 c
2293 666 2405 721 ruit
2449 665 2578 722 illud
2624 673 2789 734 atque
2822 653 3047 718 vestivit
3088 677 3224 718 auro
3249 661 3564 734 purissimo.
3610 679 3635 713 ι
3682 658 3834 726 Quod

2231 764 2315 812 est
2351 765 2536 827 aperte
2579 755 2794 820 dicere,
2838 755 2966 824 quia
3037 768 3269 823 superna
3323 751 3528 806 moenia
3593 749 3834 806 civitatis

2231 847 2403 918 gratia
2447 845 2731 902 charitatis
2777 844 3042 916 implevit.
3079 864 3099 896 ‹
3139 843 3246 899 Sed
3291 851 3348 899 et
3392 842 3576 898 altare
3611 840 3835 896 vestivit

2238 956 2257 990 ι
2292 937 2476 994 cedro.
2515 957 2534 989 ι
2567 937 2756 992 Altare
2782 936 2916 993 dicit
2943 935 3319 1008 thymiamatis
3357 935 3506 1006 quod
3533 941 3670 990 erat
3715 943 3836 987 ante

2230 1028 2532 1084 oraculum.
2560 1026 2641 1084 De
2681 1042 2790 1098 quo
2811 1027 2973 1099 paulo
3006 1035 3128 1099 post
3157 1026 3497 1084 subinfertur
3527 1043 3541 1079 :
3587 1043 3612 1076 ι
3648 1023 3764 1080 Sed
3785 1034 3834 1078 et

2238 1137 2256 1169 ‹
2305 1127 2475 1174 ιοιιιιιι
2504 1118 2675 1175 altare
2713 1119 2921 1175 oraculi
2955 1119 3091 1176 texit
3139 1135 3294 1176 auro.
3329 1139 3348 1173 ι
3386 1119 3545 1176 Unde
3597 1117 3832 1188 intelligi

2233 1211 2410 1279 datur,
2434 1213 2581 1283 quod
2606 1212 2750 1267 idem
2776 1213 2948 1269 altare
2972 1211 3041 1268 de
3068 1212 3245 1283 lapide
3271 1212 3492 1282 quidem
3522 1210 3710 1266 fuerit
3735 1210 3834 1266 fac-

2233 1314 2349 1359 tum
2365 1345 2380 1372 ,
2407 1314 2464 1362 et
2491 1305 2656 1362 cedro
2681 1307 2937 1362 vestitum
2953 1347 2970 1371 ,
2995 1321 3061 1361 ac
3082 1305 3278 1362 deinde
3295 1319 3431 1360 auro
3453 1313 3792 1376 coopertum
3817 1323 3827 1358 :

2233 1395 2504 1464 significat
2525 1405 2705 1452 autem
2733 1398 2914 1470 typice
2940 1395 3308 1468 perfectorum
3336 1397 3506 1452 vitam
3523 1397 3830 1468 iustorum,

2231 1489 2325 1559 qui
2351 1490 2506 1560 quasi
2542 1491 2597 1546 in
2650 1491 2850 1547 vicinia
2903 1491 3112 1547 oraculi
3159 1499 3287 1547 sunt
3321 1490 3525 1563 positi,
3563 1490 3716 1560 quia
3745 1490 3835 1544 dc-

2233 1581 2394 1636 sertis
2423 1581 2624 1638 infimis
2661 1582 3112 1640 delectationibus
3135 1583 3204 1639 de
3244 1581 3362 1639 solo
3385 1582 3543 1653 regni
3587 1580 3836 1637 caelestis

2233 1673 2508 1745 ingressu,
2538 1691 2728 1730 curam
2753 1690 2971 1731 omnem
3004 1677 3343 1746 impendunt.
3387 1673 3544 1730 Unde
3585 1673 3746 1728 bene
3786 1673 3834 1727 in

2232 1765 2338 1820 hoc
2366 1765 2523 1820 altari
2551 1781 2658 1820 non
2687 1781 2883 1822 carnes
2936 1767 3299 1833 victimarum,
3331 1767 3428 1822 sed
3469 1765 3591 1822 sola
3643 1765 3835 1820 incen-

545 1880 666 1921 cam
684 1906 699 1932 ,
727 1879 838 1921 non
862 1863 1021 1919 aliter
1045 1871 1211 1933 atque
1252 1871 1378 1916 ante
1402 1861 1702 1931 ingressum
1735 1858 1949 1930 templi,
1980 1859 2134 1915 tabu-
2163 1855 2211 1915 B
2239 1858 2504 1914 debantur
2527 1859 2882 1930 tbymiamata
2903 1900 2918 1925 ,
2943 1860 3070 1930 quia
3099 1860 3236 1915 tales
3257 1859 3436 1914 adhuc
3459 1865 3704 1928 peccata
3726 1872 3838 1912 car-

547 1955 659 2010 lata
680 1955 902 2011 cedriua
923 1955 976 2010 in
995 1955 1208 2025 porticu
1227 1951 1526 2024 fulgebant.
1552 1951 1699 2020 Quos
1721 1959 1984 2022 utrosque
2005 1951 2133 2020 quia

548 2047 690 2103 idem
717 2063 944 2120 regnum
973 2046 1197 2102 caeleste
1225 2045 1587 2101 communiter
1612 2044 1885 2117 (quamvis
1907 2043 1962 2097 in
1983 2056 2136 2096 man-

549 2137 794 2193 sionibus
839 2135 1111 2208 discretis)
1157 2136 1381 2207 recipit,
1431 2137 1587 2205 quasi
1632 2136 1878 2204 porticus
1911 2133 2132 2204 templi,

547 2237 671 2299 post
689 2227 893 2297 lapides
908 2235 964 2282 et
982 2227 1228 2294 cedrum,
1252 2207 1580 2280 intrinsecus
1597 2233 1682 2281 est
1701 2239 1838 2280 auro
1854 2231 2130 2294 cooperta.

547 2317 688 2374 Sunt
720 2317 776 2372 in
803 2318 909 2374 hoc
952 2326 1202 2389 tempore
1234 2316 1521 2388 perplures
1564 2317 1659 2386 qui
1705 2315 1968 2384 legalibus
1999 2330 2132 2370 con-

547 2410 683 2465 tenti
713 2403 1000 2482 praeceptis
1035 2412 1179 2483 (qua:
1201 2424 1366 2481 supra
1396 2407 1966 2479 commemoravimus)
1988 2405 2134 2462 suill-

548 2516 675 2557 cere
703 2501 808 2558 sibi
835 2499 1062 2556 credunt
1093 2507 1344 2566 tantum,
1390 2500 1437 2555 si
1480 2499 1551 2554 ad
1594 2499 1760 2554 vitam
1788 2497 1978 2553 venire
2015 2511 2132 2552 me-

549 2600 796 2647 reantur.
823 2589 963 2646 Sunt
982 2589 1104 2656 alii,
1135 2591 1227 2662 qui
1255 2589 1324 2645 ad
1350 2588 1740 2659 perfectionem
1762 2603 1871 2644 non
1897 2587 2131 2654 desides,

548 2683 786 2740 venditis
811 2699 932 2755 qua:
959 2683 1166 2739 habent
1191 2682 1444 2738 omnibus
1470 2689 1771 2752 sequuntur
1806 2680 2096 2736 Dominum
2115 2720 2130 2746 ,

548 2791 818 2833 memores
849 2774 1104 2846 promissi
1132 2773 1304 2841 illius,
1341 2773 1487 2844 quod
1514 2773 1716 2829 talibus
1753 2771 1811 2828 in
1855 2785 2134 2828 resurrec-

549 2868 696 2924 tione
741 2884 850 2924 non
880 2867 1057 2924 solum
1082 2867 1251 2922 vitam
1271 2907 1287 2933 ,
1315 2866 1412 2922 sed
1451 2875 1507 2922 et
1554 2865 1840 2936 specialem
1885 2863 2134 2935 praedixit

549 2959 813 3014 honorem
861 2973 983 3015 esse
1034 2957 1382 3013 tribuendum
1423 2975 1437 3011 :
1496 2975 1514 3009 ι
1551 2957 1726 3012 Amen
1771 2956 1895 3012 dico
1942 2954 2130 3019 vobis,

546 3049 692 3120 quod
730 3063 828 3104 vos
874 3048 968 3118 qui
1022 3048 1196 3103 secuti
1242 3049 1377 3103 estis
1436 3063 1554 3112 me,
1613 3047 1669 3101 in
1725 3045 2134 3116 regeneratione

546 3157 670 3198 cum
697 3140 900 3197 sederit
923 3139 1092 3196 Filius
1122 3139 1358 3195 hominis
1377 3139 1433 3194 in
1449 3139 1577 3194 sede
1608 3137 1851 3208 majestis
1881 3152 2010 3202 suae,
2046 3149 2134 3190 se-

546 3233 742 3290 debitis
787 3242 843 3289 et
884 3247 982 3289 vos
1024 3246 1188 3303 super
1233 3231 1392 3287 sedes
1440 3230 1725 3286 duodecim
1747 3269 1763 3295 ,
1821 3229 2133 3297 iudicantes

547 3322 828 3379 duodecim
878 3323 1055 3379 tribus
1110 3321 1276 3377 Israel
1307 3320 1527 3393 (Matth.
1565 3318 1702 3390 xix).
1747 3338 1766 3371 ι
1813 3319 1880 3376 Hi
1919 3319 1986 3374 ad
2037 3335 2134 3391 pa-

545 3415 736 3470 rietem
779 3413 965 3484 templi
1011 3413 1134 3468 albo
1184 3413 1252 3467 de
1299 3411 1480 3481 lapide
1518 3410 1757 3478 factum,
1803 3409 1882 3465 illi
1927 3410 2131 3481 figura-

544 3505 669 3561 liter
711 3507 782 3562 ad
829 3505 1052 3562 cedriua
1100 3503 1378 3574 pertinent
1413 3501 1655 3556 tabulata
1686 3517 1701 3556 :
1731 3501 1953 3572 utrique
1994 3515 2134 3571 pra-

545 3596 655 3652 mia
690 3613 722 3652 a
749 3597 982 3652 Domino
1026 3601 1304 3666 perpetuae
1349 3591 1520 3658 lucis,
1561 3592 1716 3661 quasi
1759 3592 1878 3647 auri
1907 3591 2134 3646 laminas

545 3689 743 3760 quibus
768 3689 1097 3744 decorentur
1125 3693 1466 3754 exspectant.
1500 3683 1641 3738 Sunt
1662 3683 1718 3738 in
1743 3682 1907 3738 aditis
1931 3681 2135 3751 lapides

545 3779 807 3851 pretiosi,
836 3785 968 3834 sunt
995 3775 1192 3832 tabula:
1224 3774 1354 3846 ligni
1378 3775 1663 3831 aromatici
1685 3815 1701 3841 ,
1750 3783 1981 3844 utraque
2001 3789 2135 3828 auro

547 3874 824 3937 Coeperta,
856 3864 983 3935 quia
1011 3871 1068 3919 et
1100 3863 1178 3918 illi
1201 3863 1296 3935 qui
1322 3864 1377 3918 in
1405 3863 1522 3936 lege
1543 3863 1758 3919 Domini
1802 3863 2134 3918 immaculati

549 3957 994 4024 ambulaverant,
1051 3964 1109 4011 et
1152 3955 1244 4026 qui
1291 3955 1522 4027 gratiam
1568 3955 1850 4026 Evangelii
1894 3953 2135 4025 perfecte

546 4055 927 4118 susceperant,
957 4046 1163 4118 pariter
1185 4055 1388 4102 aeterna
1410 4046 1523 4100 vita
1545 4045 1919 4116 perfruuntur.

626 4163 644 4196 ι
686 4141 977 4199 Oraculum
1021 4149 1202 4196 autem
1247 4140 1304 4194 in
1335 4139 1514 4195 medio
1553 4139 1747 4195 domus
1788 4140 1844 4195 in
1887 4139 2135 4196 interiori

550 4253 572 4287 ,ι
610 4243 768 4305 parte
795 4233 1033 4300 fecerat,
1061 4241 1122 4287 ut
1151 4239 1381 4302 poneret
1424 4231 1500 4287 ibi
1543 4246 1728 4288 arcam
1772 4230 1996 4288 foederis
2021 4231 2133 4286 Do-

552 4345 572 4378 ι
613 4325 766 4380 mini.
796 4345 816 4378 ι
843 4325 958 4382 Hoc
977 4325 1230 4394 superius
1251 4323 1680 4395 praeoccupando
1699 4323 2008 4394 expositum
2028 4331 2131 4390 est,

546 4419 672 4488 quia
692 4418 946 4474 videlicet
963 4417 1192 4472 interior
1212 4415 1407 4472 domus
1428 4423 1639 4471 secreta
1660 4416 1850 4486 patriae
1869 4414 2132 4479 caelestis,

547 4530 676 4571 arca
728 4513 953 4571 foederis
983 4515 1276 4570 Dominum
1330 4512 1686 4578 salvatorem,
1745 4513 1801 4567 in
1849 4528 1957 4582 quo
2011 4511 2125 4568 solo

2237 1950 2357 2016 nis,
2387 1958 2444 2006 et
2472 1949 2755 2007 illecebras
2783 1951 3174 2022 cogitationum
3221 1951 3278 2006 in
3319 1967 3378 2008 se
3420 1960 3682 2006 mactare
3707 1965 3839 2020 opus

2235 2043 2473 2110 habent;
2524 2044 2621 2099 sed
2665 2052 2878 2098 tantum
2907 2043 3214 2099 orationum
3243 2043 3608 2115 spiritualium
3643 2051 3708 2099 et
3735 2057 3840 2098 cc-

2234 2133 2452 2189 lestium
2491 2133 2886 2190 desideriorum
2931 2134 3284 2190 odoramenta
3305 2176 3321 2200 ,
3372 2149 3469 2206 per
3513 2135 3712 2204 ignem
3765 2135 3840 2188 in-

2237 2226 2376 2281 terni
2405 2226 2607 2282 amoris
2632 2225 2690 2281 in
2719 2235 3014 2296 conspectu
3044 2227 3128 2281 sui
3154 2225 3462 2282 Conditoris
3487 2224 3770 2283 onerum.

2311 2339 2330 2371 ι
2389 2318 2616 2375 Domum
2660 2335 2876 2391 quoque
2925 2328 3054 2375 ante
3101 2320 3384 2375 oraculum
3428 2320 3656 2376 vestivit
3709 2335 3839 2374 auro

2241 2429 2259 2462 ι
2282 2410 2592 2479 purissimo,
2623 2417 2678 2464 et
2700 2408 2872 2464 allixit
2893 2410 3123 2465 laminas
3142 2409 3308 2465 clavis
3329 2411 3531 2466 aureis.
3558 2429 3578 2462 ι
3596 2410 3836 2466 Domum

2235 2510 2362 2555 ante
2401 2502 2680 2556 oraculum
2700 2542 2714 2567 ,
2766 2501 3057 2572 praesentis
3101 2501 3359 2557 Ecclesia:
3403 2510 3594 2572 typum
3645 2511 3838 2558 tenete

2235 2592 2489 2659 diximus,
2506 2595 2599 2650 ubi
2619 2594 2694 2648 ita
2714 2592 3094 2664 Redemptoris
3113 2594 3285 2650 nostri
3305 2609 3492 2650 amore
3512 2593 3834 2664 uagi-amns,

2234 2696 2294 2742 ut
2317 2689 2547 2744 necdum
2579 2689 2757 2758 ipsum
2792 2687 2978 2743 videre
3029 2686 3170 2741 facie
3197 2687 3474 2742 valeamus
3500 2687 3572 2742 ad
3609 2685 3834 2742 faciem.

2236 2778 2390 2835 Unde
2425 2788 2547 2848 apte
2573 2778 2766 2834 domus
2794 2778 2910 2833 haec
2952 2791 3089 2833 auro
3119 2777 3338 2847 quidem
3377 2777 3684 2848 purissimo
3709 2793 3833 2833 coo-

2232 2879 2418 2942 perta;
2446 2871 2543 2925 sed
2573 2869 2896 2940 interposito
2919 2877 3040 2925 erat
3063 2868 3246 2924 medio
3271 2870 3483 2941 pariete
3507 2870 3581 2924 ab
3609 2871 3838 2925 oraculo

2234 2969 2464 3017 secreta.
2491 2959 2781 3017 Oraculum
2810 2976 3045 3032 namque
3089 2969 3338 3025 vocatur,
3367 2977 3494 3016 cum
3526 2961 3618 3018 vel
3647 2963 3835 3018 divina

2235 3052 2545 3109 hominibus
2606 3052 2693 3109 vel
2734 3053 2975 3128 angelica
3011 3052 3267 3109 allocutio
3320 3068 3445 3108 cum
3494 3063 3834 3110 secretorum

2239 3160 2584 3216 quorumque
2611 3145 2942 3201 revelatione
2978 3145 3315 3202 conceditur.
3355 3143 3514 3200 Unde
3542 3146 3691 3201 bene
3719 3163 3836 3202 ora-

2237 3235 2415 3291 culum
2451 3236 2508 3290 in
2542 3235 2734 3302 aditis,
2767 3237 2872 3292 hoc
2909 3245 2996 3293 est
3030 3237 3087 3292 in
3127 3236 3376 3292 interiori
3422 3236 3590 3293 domo
3629 3236 3832 3292 fact

2235 3337 2339 3394 est,
2367 3329 2495 3400 quia
2525 3343 2757 3400 superna
2798 3329 3012 3400 patria,
3062 3338 3119 3385 et
3160 3329 3478 3398 angelorum
3509 3329 3672 3385 nobis
3703 3331 3834 3386 visio

2236 3429 2400 3489 atque
2430 3419 2718 3487 allocutio,
2763 3427 2819 3476 et
2861 3421 2978 3490 ipsa
3007 3420 3102 3475 Dei
3145 3419 3434 3491 praesentia
3481 3419 3830 3475 revelabitur.

2236 3509 2440 3566 Domus
2464 3525 2595 3582 ergo
2619 3519 2745 3566 ante
2776 3511 3056 3566 oraculum
3086 3525 3223 3566 auro
3248 3519 3390 3566 tecta
3415 3520 3521 3574 est,
3554 3511 3689 3582 quia
3719 3526 3832 3580 per-

2237 3602 2364 3660 fecti
2388 3605 2589 3675 quique
2611 3603 2748 3674 justi
2775 3605 2832 3660 in
2858 3605 2963 3662 hac
2988 3605 3100 3659 vita
3120 3645 3135 3671 ,
3173 3604 3265 3659 ubi
3297 3605 3532 3660 necdum
3559 3603 3745 3673 palam
3771 3605 3830 3659 de

2235 3695 2396 3751 Patre
2425 3697 2644 3765 audire,
2681 3697 2737 3753 id
2780 3707 2866 3754 est
2909 3699 3142 3754 necdum
3188 3697 3368 3768 palam
3385 3695 3622 3752 Patrem
3653 3697 3830 3752 videre

2236 3799 2458 3859 queunt,
2489 3789 2652 3845 fidem
2680 3798 2736 3846 et
2759 3805 2898 3861 opus
2922 3790 3146 3861 iustitia:
3175 3789 3362 3846 divino
3382 3797 3590 3846 ornant
3609 3802 3826 3846 amore:

2235 3894 2333 3949 per
2362 3895 2522 3950 quem
2547 3881 2763 3952 plenam
2803 3881 2898 3937 Dei
2939 3882 3300 3954 cognitionem
3330 3890 3654 3938 mereantur
3677 3882 3829 3936 attin-

2235 3985 2384 4042 gere.
2411 3970 2652 4026 Laminae
2677 3971 2796 4026 auri
2824 3971 3023 4040 quibus
3052 3981 3244 4042 operta
3271 3982 3356 4028 est
3383 3973 3604 4037 domus,
3637 3987 3828 4044 opera-

2238 4065 2414 4122 tiones
2451 4073 2580 4121 sunt
2619 4064 2930 4120 multifaria:
2969 4066 3222 4135 pietatis,
3255 4080 3394 4135 quas
3422 4065 3478 4120 in
3509 4065 3827 4138 obsequium

2235 4152 2318 4209 vel
2365 4155 2450 4210 sui
2480 4153 2791 4220 Creatoris,
2835 4153 2919 4209 vel
2949 4152 3208 4209 fraterna:
3249 4154 3636 4220 necessitatis,
3685 4171 3828 4210 amor

2236 4254 2420 4302 castus
2457 4245 2698 4302 exhibet.
2728 4245 2880 4301 Clavi
2921 4246 3074 4301 aurei
3111 4246 3308 4316 quibus
3337 4255 3498 4303 erant
3537 4246 3717 4304 afﬁxa
3761 4249 3829 4301 la-

2235 4338 2396 4394 minae
2445 4339 2560 4410 ipsa
2590 4348 2718 4395 sunt
2733 4349 3006 4409 praecepta
3024 4339 3307 4407 claritatis,
3330 4355 3432 4411 per
3451 4356 3576 4412 quat
3601 4341 3662 4399 in
3681 4357 3827 4399 exer-

2237 4430 2367 4485 citio
2411 4430 2702 4501 studioque
2751 4431 3014 4486 virtutum
3065 4447 3138 4488 ne
3181 4431 3535 4494 deficiamus.
3595 4435 3825 4490 donante

2234 4518 2434 4575 Christi
2446 4520 2644 4591 gratia,
2660 4521 3052 4576 continemum
3077 4520 3234 4577 Unde
3249 4522 3386 4577 bene
3407 4522 3475 4578 de
3495 4523 3710 4579 eisdem
3731 4523 3826 4578 cla-

544 4603 722 4661 foidus
760 4604 911 4675 pacis
933 4603 1074 4676 apud
1112 4603 1333 4659 Patrem
1361 4603 1650 4669 habemus,
1670 4571 2015 4671 designaret,
2038 4603 2131 4673 qui
2156 4571 2210 4633 Β
3411 4571 3824 4670 QUIEJ;

541 4703 668 4768 post
689 4696 1145 4752 resurrectionem
1170 4709 1326 4750 suam
1357 4693 1657 4750 ascendens
1680 4693 1736 4748 in
1761 4692 1980 4760 caelum,
2012 4709 2131 4749 car-

540 4807 668 4848 nem
704 4807 868 4863 quam
895 4792 964 4848 de
983 4791 1193 4862 virgine
1235 4800 1574 4861 sumpserat,
1605 4791 1660 4846 in
1699 4791 1882 4847 Patris
1904 4791 2127 4849 dextera

540 4884 849 4942 collocavit.

618 4994 639 5028 ι
677 4974 850 5033 Porro
893 4975 1177 5032 oraculum
1227 4975 1465 5033 habebat
1490 4976 1680 5048 viginti
1717 4977 1929 5033 cubitos
1955 4976 2127 5046 longi-

546 5085 566 5118 c
605 5067 839 5136 tudinis,
881 5076 939 5124 et
963 5068 1188 5140 triginta
1213 5068 1425 5124 cubitos
1457 5068 1790 5134 latitudinis,
1837 5077 1892 5124 et
1937 5069 2130 5142 viginti

547 5173 568 5209 ι
603 5157 819 5215 cubitos
832 5157 1158 5216 altitudinis.
1181 5177 1202 5211 ι
1220 5158 1376 5227 Quod
1395 5159 1595 5216 dicitur
1615 5161 1806 5232 viginti
1823 5162 2035 5218 cubitos
2054 5162 2132 5217 al-

541 5248 792 5306 titudinis
830 5251 1092 5322 parietem
1133 5251 1403 5324 significat
1451 5253 1766 5318 cedrinum,
1795 5254 1889 5324 qui
1935 5270 2131 5311 oracu-

542 5338 686 5407 lum,
710 5340 764 5396 id
785 5352 868 5397 est
885 5382 900 5408 ,
931 5341 1133 5398 Sancta
1161 5352 1476 5399 sanctorum
1507 5343 1576 5398 ab
1604 5343 1720 5399 aede
1748 5345 2008 5402 exteriori
2036 5361 2125 5402 se-

540 5433 822 5503 gregabat,
867 5434 1009 5491 sicut
1062 5443 1120 5490 et
1166 5450 1332 5506 supra
1365 5435 1623 5492 diximus.
1669 5436 1963 5494 Oraculum
1996 5454 2124 5495 vero

541 5522 635 5578 ubi
658 5533 780 5580 erat
801 5540 928 5584 arca
951 5527 1184 5584 habebat
1203 5528 1426 5585 vicenos
1450 5529 1666 5585 cubitos
1687 5528 1744 5585 in
1767 5529 2119 5602 longitudine,

542 5626 598 5674 et
619 5618 910 5704 latitudine
953 5630 1008 5679 et
1053 5623 1373 5691 altitudine,
1423 5623 1478 5680 id
1520 5633 1634 5691 est,
1676 5638 1775 5695 per
1802 5624 2070 5695 quadrum
2104 5643 2117 5679 :

2235 4703 2419 4760 clavos
2449 4701 2580 4759 fecit
2613 4718 2810 4760 aureos
2838 4704 2916 4760 ita
2955 4713 3015 4760 ut
3054 4704 3251 4776 singuli
3294 4704 3433 4760 clavi
3471 4704 3641 4761 siclos
3677 4706 3824 4777 quin-

2237 4812 2515 4867 quagenos
2528 4796 2896 4868 appenderent
2922 4795 3010 4868 (II
3031 4795 3164 4851 Par.
3182 4796 3287 4870 ιιι).
3314 4817 3333 4851 ι
3351 4797 3823 4871 Quinquagenario

2235 4904 2472 4958 namque
2496 4903 2726 4944 numero
2765 4887 2905 4944 solet
2949 4888 3006 4943 in
3038 4887 3335 4960 Scripturis
3359 4890 3615 4947 remissio
3641 4906 3822 4962 pecca-

2234 4991 2412 5039 torum
2433 5023 2446 5048 ,
2475 4991 2532 5038 et
2561 4982 2733 5054 gratia
2765 4980 3002 5052 Spiritus
3043 4983 3248 5049 sancti,
3288 4991 3343 5038 et
3374 4984 3598 5055 requies
3626 4995 3818 5040 aeterm

2236 5075 2478 5146 figurari.
2523 5075 2592 5130 Et
2633 5075 3141 5146 quinquagenorum
3181 5085 3340 5132 erant
3385 5076 3650 5133 siclorum
3695 5077 3820 5132 clavi

2235 5169 2452 5241 singuli,
2475 5169 2671 5239 quibus
2690 5169 2906 5224 laminae
2926 5172 3045 5225 auri
3069 5171 3426 5242 adigebantur
3449 5171 3504 5225 in
3528 5171 3818 5242 parietibus

2235 5261 2428 5318 domus
2454 5260 2687 5316 Domini.
2725 5259 2863 5327 Quia
2888 5261 3148 5318 nimirum
3175 5263 3344 5319 verba
3381 5262 3628 5319 coelestia
3649 5303 3666 5329 ,
3712 5261 3820 5332 qui-

2232 5351 2334 5407 bus
2362 5351 2419 5406 in
2446 5365 2633 5407 amore
2669 5350 2938 5407 bonorum
2980 5367 3207 5423 operum
3257 5351 3574 5424 proficimus
3611 5361 3668 5408 et
3701 5367 3820 5408 con-

2233 5457 2537 5509 servamur,
2555 5442 2771 5498 veniam
2791 5443 2950 5500 nobis
2963 5443 3288 5514 promittunt
3306 5453 3682 5516 peccatorum,
3707 5459 3819 5515 gra-

2228 5534 2360 5590 tiam
2386 5533 2561 5589 sancti
2616 5533 2852 5604 Spiritus
2877 5541 2933 5589 et
2959 5534 3350 5590 sabbatismum
3381 5535 3438 5589 in
3466 5531 3650 5590 futuro
3671 5533 3820 5604 polli-

2226 5636 2424 5684 centur
2445 5634 2732 5682 aeternum.
2759 5625 2827 5680 Et
2851 5626 2906 5681 hi
2930 5626 3152 5697 quidem
3179 5635 3308 5682 sunt
3327 5625 3465 5682 clavi
3496 5625 3816 5682 dilectionis.

540 5711 672 5782 quia
708 5712 764 5769 in
788 5729 1018 5786 superna
1043 5716 1133 5772 illa
1162 5718 1336 5790 patria
1372 5717 1467 5773 ubi
1492 5732 1675 5790 regem
1718 5716 1774 5772 in
1803 5717 1998 5774 decore
2023 5733 2121 5774 suo
2225 5716 2366 5774 Sunt
2397 5732 2527 5774 vero
2553 5717 2645 5771 alii
2672 5717 2812 5773 clavi
2843 5717 3088 5784 timoris,
3131 5719 3328 5788 quibus
3356 5719 3682 5788 incipientes
3707 5717 3822 5787 qui'

541 5802 730 5862 vident
771 5805 913 5865 oculi
960 5817 1305 5877 sanctorum,
1346 5808 1464 5867 sola
1511 5807 1798 5866 cbaritatis
1824 5807 2020 5866 divinae
2052 5825 2119 5866 ac
2225 5823 2332 5882 que
2359 5819 2413 5867 et
2440 5809 2674 5867 necdum
2700 5809 2770 5866 ad
2795 5809 3185 5881 perfectionem
3214 5811 3614 5883 pervenientes,
3641 5810 3824 5867 illece-
