4044 6336
153 392 276 450 425

1051 384 1309 442 ENARR.
1350 383 1418 440 IN
1456 382 1704 441 uanos
1741 361 2010 444 uncum.
2050 414 2120 426 -
2156 381 2226 439 IN
2259 382 2391 440 LIB.
2428 383 2514 440 ιιι.

3333 384 3436 440 626

157 510 300 568 bras
324 509 582 566 vitiorum
611 508 1017 580 carnaliumque
1046 509 1376 580 voluptatum
1395 506 1742 562 mortiﬁcant.
1773 508 1827 566 Α
1851 503 1920 558 ad
1945 501 2186 558 coelestia
2227 516 2440 572 semper
2483 499 2681 563 volare,
2718 507 2879 570 atque
2923 501 2976 555 in
3012 499 3096 555 his
3142 516 3436 558 conversa-

155 601 250 658 llli
275 602 530 658 videlicet
561 616 838 657 sermones
867 602 1130 668 veritatis,
1155 616 1381 672 quorum
1409 597 1752 654 institutione

157 712 393 752 carnem
432 704 676 750 nostram
719 695 1038 765 cruciﬁgere
1065 711 1188 750 cum
1215 695 1362 749 vitiis
1403 701 1458 747 et
1499 690 1751 761 concupi-

156 787 398 843 scentiis
441 787 738 842 docemur:
798 802 934 857 quas
981 787 1183 842 habere
1227 785 1570 842 desiderabat
1619 781 1752 837 Pro-

154 879 353 948 pheta,
383 893 505 933 cum
531 877 644 932 ait:
682 894 700 928 ι
732 875 952 948 Conﬁge
984 876 1150 932 clavis
1170 891 1200 930 a
1226 877 1418 931 timore
1443 884 1536 930 tuo
1555 889 1752 930 carnes

154 982 339 1034 meas,
373 983 404 1022 a
426 965 647 1036 iudiciis
675 967 820 1023 enim
848 968 954 1022 tuis
980 967 1134 1022 timui
1159 963 1332 1039 (Psal.
1353 966 1565 1040 cxvm).
1600 986 1618 1018 ι
1649 965 1753 1034 Qui

154 1075 386 1116 rursum
433 1060 501 1115 ad
547 1058 869 1131 perfectiora
899 1059 1249 1130 perveniens,
1298 1057 1428 1114 dicit
1477 1057 1544 1112 de
1584 1057 1754 1112 clavis

157 1151 479 1208 dilectionis
505 1169 518 1206 :
571 1169 591 1202 ι
633 1149 762 1207 Mihi
793 1158 971 1206 autem
997 1148 1274 1206 adhaerere
1303 1149 1414 1206 Deo
1447 1149 1646 1205 bonum
1671 1157 1754 1204 est

156 1241 346 1315 (Psal.
374 1243 568 1313 um).
611 1261 631 1293 ι

240 1353 260 1384 ι
293 1332 546 1402 Nihilque
568 1339 685 1386 erat
718 1331 773 1386 in
802 1330 1001 1402 templo
1015 1330 1156 1401 quod
1175 1346 1279 1386 non
1303 1345 1436 1386 auro
1459 1338 1750 1400 tegeretur.

160 1442 183 1476 ς
227 1422 341 1479 Sed
363 1433 416 1480 et
455 1431 628 1478 totum
649 1421 822 1478 altare
845 1421 1049 1477 oraculi
1079 1422 1214 1478 texit
1235 1436 1387 1478 auro.
1422 1441 1441 1473 ›
1485 1421 1753 1477 Deaurata

151 1524 248 1571 est
274 1515 476 1586 quippe
502 1515 746 1585 porticus
775 1521 900 1570 ante
927 1513 1209 1584 templum,
1234 1513 1360 1584 quia
1388 1513 1578 1568 Patres
1601 1514 1755 1570 Vete-

153 1611 240 1664 ris
267 1609 606 1666 Testamenti
638 1608 750 1665 Deo
782 1625 882 1680 per
910 1609 1230 1665 charitatem
1267 1608 1606 1680 placuerunt.
1651 1611 1754 1666 De—

150 1711 417 1756 auratum
439 1713 523 1758 est
545 1703 720 1772 ipsum
744 1702 1022 1772 templum,
1038 1703 1166 1772 quia
1185 1703 1375 1758 eadem
1397 1702 1511 1773 ipsa
1533 1721 1551 1755 c
1577 1704 1754 1759 chari-

151 1803 248 1849 tas
278 1794 379 1848 Dei
410 1793 600 1850 diﬁ'usa
627 1805 712 1850 est
749 1795 804 1849 in
839 1793 1092 1850 cordibus
1117 1795 1336 1860 nostris,
1361 1809 1458 1864 per
1489 1793 1751 1864 Spiritum

1853 593 2055 649 tionem
2095 581 2432 648 delectantur
2468 593 2684 647 habere.
2725 591 2857 647 Cum
2900 608 3028 647 vero
3068 595 3120 648 in
3162 595 3424 666 signiﬁcav

1851 685 2054 740 tionem
2094 686 2404 756 angelorum
2437 693 2712 756 ponuntur
2745 685 2862 750 alte,
2898 685 3026 756 quid
3062 688 3237 756 aptius
3269 704 3434 759 quam

1853 779 2084 850 gratiam
2113 780 2487 834 demonstrant
2514 788 2784 848 perpetua:
2815 787 2871 834 et
2903 779 3234 836 iudefectivee
3262 781 3436 838 felici-

1856 873 1985 926 tatis
2016 865 2200 926 eorum
2223 914 2236 937 ,
2267 873 2357 941 qui
2387 886 2598 942 semper
2627 872 2678 926 in
2719 871 3026 928 coelestibus
3053 874 3106 927 in
3137 874 3436 932 ministerio

1854 963 1936 1020 sui
1964 963 2264 1034 persistunt
2293 964 2566 1018 auctoris?
2589 961 2684 1017 Vel
2711 971 2859 1018 certe
2888 965 3012 1033 quia
3041 964 3258 1022 levitate
3279 969 3446 1038 spiri-.

1855 1055 1976 1111 talis
2003 1063 2208 1108 naturte
2233 1063 2356 1109 sunt
2376 1055 2586 1124 przediti
2613 1073 2625 1109 :
2654 1056 2730 1110 ita
2752 1065 2812 1110 ut
2839 1056 3143 1128 ubicunque
3169 1059 3439 1116 voluerint

1856 1146 2041 1201 statim
2069 1146 2221 1216 quasi
2252 1147 2481 1202 volando
2516 1147 2848 1216 perveniant,
2887 1156 2944 1202 et
2971 1149 3059 1203 hic
3084 1165 3204 1204 cum
3242 1151 3344 1207 alis
3372 1152 3446 1212 ﬁs

1856 1239 2057 1310 gurati,
2089 1245 2142 1292 et
2171 1238 2448 1308 prophetis
2473 1246 2743 1292 suntcum
2774 1238 2870 1293 alis
2899 1241 3119 1295 ostensi.
3151 1241 3298 1296 Bene
3341 1260 3438 1298 au-

1856 1336 1966 1383 tem
2015 1327 2213 1384 dicitur
2270 1328 2395 1397 quia
2441 1346 2460 1377 ‹
2503 1328 2740 1398 quinque
2803 1330 3107 1385 cubitorum
3157 1330 3318 1387 fuerit
3351 1335 3437 1389 ala

1855 1417 2062 1474 cherub
2114 1433 2263 1484 una,
2326 1426 2376 1472 et
2432 1419 2668 1488 quinque
2729 1420 3031 1475 cubitorum
3095 1422 3176 1476 ala
3234 1425 3438 1482 cherub

1857 1508 2049 1574 altera,
2099 1529 2118 1562 ι
2165 1509 2420 1578 quoniam
2491 1509 2720 1564 virtutes
2796 1513 3050 1581 angelica:
3115 1514 3286 1584 legem
3342 1516 3436 1572 Dei

1857 1613 1978 1667 quze
2008 1598 2060 1650 in
2101 1598 2338 1667 quinque
2365 1598 2518 1653 libris
2550 1600 2814 1668 descripta
2844 1611 2949 1665 est,
2982 1602 3247 1660 indefessa
3275 1607 3436 1662 devo-

1857 1686 2005 1741 tione
2061 1687 2373 1742 custodiunt
2433 1707 2444 1740 :
2506 1687 2776 1757 diligendo
2837 1690 3088 1746 videlicet
3147 1694 3435 1751 Dominum
3491 1751 3494 1754 .

1858 1778 2027 1834 Deum
2055 1795 2210 1834 suum
2249 1795 2314 1834 ex
2359 1779 2610 1834 omnibus
2635 1780 2840 1835 viribus
2869 1782 2982 1836 suis
3005 1823 3020 1846 ,
3068 1794 3122 1838 et
3164 1789 3440 1854 proximos

147 1893 416 1940 sanctum
449 1885 540 1954 qui
570 1886 726 1940 datus
755 1893 839 1940 est
861 1885 1018 1940 nobis
1042 1883 1215 1956 (Rom.
1239 1884 1346 1958 V).)
1373 1885 1641 1941 Deaurata
1667 1896 1750 1941 est

1859 1877 2117 1940 tanquam
2166 1870 2392 1941 seipsos.
2441 1889 2458 1921 ‹
2511 1870 2796 1926 Plenitudo
2836 1875 2980 1927 enim
3026 1874 3159 1946 legis
3199 1878 3440 1935 charitas

148 1974 360 2030 domus
384 1975 627 2041 interior,
655 1976 781 2046 quia
820 1975 875 2030 in
903 1990 1133 2046 superna
1165 1977 1338 2048 patria
1369 1977 1482 2034 sola
1508 1979 1749 2036 charitas

146 2077 376 2142 regnat.
393 2069 500 2127 Sed
521 2070 593 2127 ibi
613 2085 679 2128 eo
696 2072 948 2128 veriuset
973 2073 1240 2140 securius,
1254 2090 1360 2145 quo
1376 2091 1613 2146 praesens
1636 2079 1751 2150 ipse

145 2161 326 2226 Deus,
343 2162 434 2230 qui
457 2171 541 2216 est
567 2163 828 2229 charitas,
842 2162 1074 2218 videtur.
1088 2164 1165 2220 lbi
1186 2181 1251 2221 eo
1272 2167 1491 2233 certius,
1507 2183 1615 2238 quo
1636 2169 1750 2240 ipse

145 2256 433 2311 mediator
459 2257 554 2312 Dei
581 2266 636 2312 et
661 2258 958 2325 hominum,
997 2259 1088 2330 qui
1110 2260 1258 2316 solus
1286 2269 1634 2332 paternorum
1668 2273 1751 2320 est

146 2349 418 2405 conscius
446 2357 800 2416 secretorum,
830 2349 978 2405 velut
1008 2366 1135 2406 arca
1175 2352 1504 2409 Testamenti
1535 2370 1751 2426 semper

145 2443 444 2513 aspicitur.
471 2441 625 2510 Quod
663 2450 847 2499 autem
887 2445 1167 2500 caauacula
1198 2461 1413 2516 quoque
1444 2455 1582 2502 tecta
1624 2457 1752 2504 sunt

143 2551 324 2601 auro,
353 2539 421 2592 ad
447 2537 700 2593 eumdem
731 2552 947 2594 sensum
986 2541 1227 2612 respicit.
1263 2542 1416 2598 Sicut
1437 2545 1582 2600 enim
1613 2544 1750 2600 inte-

141 2628 276 2684 rior
302 2630 493 2684 domus
540 2638 730 2686 sancta
769 2640 1078 2687 sanctorum
1109 2635 1199 2690 ubi
1230 2645 1347 2690 erat
1374 2652 1498 2692 arca
1519 2678 1534 2700 ,
1577 2637 1748 2694 inter-

140 2735 286 2774 nam
320 2729 636 2775 sanctorum
665 2721 830 2777 vitam
858 2722 912 2776 in
939 2734 1234 2794 conspectu
1260 2727 1342 2780 sui
1366 2726 1676 2784 Conditoris
1695 2737 1752 2784 et

137 2807 545 2879 Redemptoris
597 2809 968 2882 signiﬁcabat,
1013 2811 1170 2880 juxta
1221 2814 1351 2872 illud
1405 2815 1744 2874 Psalmistaaz

143 2917 168 2951 ι
201 2898 532 2956 Abscoudes
561 2916 657 2956 eos
698 2902 752 2956 in
790 2903 1109 2959 abscondito
1135 2904 1313 2962 vultus
1347 2906 1444 2974 tui,
1475 2923 1506 2962 a
1534 2919 1752 2964 contur-

133 2991 375 3046 bationc
393 2993 669 3048 hominum
687 2992 1002 3068 (Psal.xxx)
1029 3013 1042 3050 :
1077 3015 1096 3048 ι
1123 2997 1198 3052 ita
1229 2999 1509 3057 cmnaculo
1537 3002 1590 3056 iu
1617 3002 1746 3070 alto,

133 3083 405 3138 eamdem
431 3085 600 3139 vitam
619 3125 634 3152 ,
657 3085 760 3142 hoc
784 3096 868 3142 est
889 3087 944 3141 in
971 3087 1124 3144 caelis
1151 3104 1293 3157 esse,
1325 3098 1383 3148 et
1412 3107 1520 3148 non
1559 3092 1615 3147 in
1646 3094 1752 3150 hoc

133 3175 362 3230 mundo
393 3175 670 3247 designat,
715 3175 929 3232 dicente
962 3177 1256 3250 Apostolo:
1308 3200 1327 3232 α
1361 3181 1490 3250 Quae
1533 3198 1748 3238 sursum

131 3275 284 3323 sunt
312 3267 562 3337 querite,
587 3267 676 3331 ubi
700 3267 950 3325 Christus
977 3278 1061 3325 est
1087 3271 1142 3326 in
1165 3272 1385 3328 dextera
1415 3273 1511 3330 Dei
1533 3275 1746 3330 sedens.

133 3359 290 3427 Qua:
341 3373 555 3413 sursum
601 3367 727 3414 sunt
774 3359 968 3430 sapite,
1019 3375 1130 3417 non
1176 3377 1297 3433 qua
1339 3379 1502 3436 super
1551 3374 1750 3423 terram

131 3447 296 3522 (Col.
328 3449 436 3518 ιιι).
459 3467 478 3502 ›

222 3561 249 3594 α
296 3541 365 3596 Et
389 3540 518 3597 fecit
541 3542 595 3597 in
618 3543 838 3599 oraculo
868 3545 1003 3601 duos
1045 3545 1327 3603 cherubim
1361 3548 1427 3604 de
1466 3549 1626 3622 lignis
1652 3551 1750 3607 oli-

136 3653 160 3690 ι
199 3649 405 3691 varum
450 3634 635 3690 decem
665 3635 974 3692 cubitorum
1019 3637 1339 3695 altitudinis.
1369 3660 1389 3693 ι
1423 3640 1748 3710 Cherubim,

131 3729 300 3786 sicut
341 3727 602 3798 propheta
639 3728 890 3784 Ezechiel
940 3738 1124 3802 aperte
1172 3731 1446 3800 declarat,
1494 3735 1750 3807 angelicae

132 3818 442 3892 dignitatis
471 3818 791 3875 vocabulum
815 3828 933 3886 est,
971 3837 1306 3892 numeroque
1337 3824 1598 3896 singulari
1624 3826 1752 3884 che-

129 3913 257 3970 rub
281 3912 502 3978 dicitur,
520 3912 714 3983 plurali
736 3914 1044 3970 cherubim.
1075 3915 1228 3972 Unde
1252 3925 1437 3987 aperte
1461 3917 1512 3973 in
1538 3919 1747 3988 ﬁguris,

128 4003 444 4062 cherubim
489 4005 580 4074 qui
620 4014 776 4059 erant
813 4006 869 4059 in
915 4005 1135 4061 oraculo
1163 4006 1291 4063 facti
1323 4008 1564 4080 angelica
1591 4011 1752 4066 mini-

128 4095 326 4154 steria
357 4109 478 4164 qua:
499 4095 776 4151 Conditori
807 4111 906 4151 suo
933 4097 987 4151 in
1013 4097 1166 4152 ctelis
1204 4113 1422 4168 semper
1461 4099 1748 4168 assistunt,

130 4197 395 4264 possunt
436 4189 683 4261 intelligi.
718 4189 820 4257 Qui
854 4199 1003 4246 recte
1039 4191 1105 4246 de
1143 4190 1301 4264 lignis
1330 4192 1594 4248 olivarum
1622 4192 1752 4249 facti

129 4297 279 4338 esse
318 4279 702 4351 perhibentur,
746 4281 871 4352 quia
916 4282 1172 4337 nimirum
1223 4285 1448 4340 virtutes
1495 4285 1752 4356 angelica:

127 4372 332 4446 gratia
360 4365 814 4441 Spiritus'sancti,
845 4387 913 4428 ne
935 4387 1174 4444 unquam
1201 4375 1270 4429 ab
1298 4390 1482 4432 amore
1508 4376 1602 4432 Dei
1633 4392 1754 4432 are-

125 4473 353 4530 scant,
400 4472 576 4520 unctre
614 4474 759 4520 sunt.
810 4465 1006 4522 Decem
1053 4476 1231 4524 autem
1277 4478 1404 4524 sunt
1447 4470 1748 4527 cubitorum

126 4555 461 4613 altitudinis
485 4573 497 4610 :
527 4557 650 4625 quia
677 4557 902 4613 denario
927 4558 1051 4613 vitae
1070 4568 1287 4615 aeternae
1313 4569 1620 4628 struuntur,
1647 4564 1747 4618 ha-

124 4653 352 4710 bentes
373 4648 692 4704 inviolatam
724 4651 776 4705 in
799 4667 858 4706 se
886 4653 966 4707 sui
989 4653 1293 4710 Conditoris
1323 4656 1608 4728 imaginem
1635 4674 1748 4714 ser-

125 4750 377 4805 vatam,
412 4749 687 4810 perpetua:
725 4743 1031 4799 sanctitatis
1066 4759 1132 4800 ex
1156 4744 1366 4814 justitia
1405 4759 1460 4802 et
1487 4750 1746 4816 veritate,

123 4848 322 4907 quam
375 4832 546 4903 prima
597 4832 652 4888 in
699 4835 1008 4890 conditione
1061 4847 1438 4908 perceperunt.
1487 4839 1750 4897 Denarius

124 4938 398 4992 namque
435 4923 620 4979 decem
667 4924 840 4980 obolis
875 4936 1117 4992 constat,
1163 4939 1217 4984 et
1261 4931 1538 4988 continere
1583 4933 1639 4986 in
1691 4948 1751 4989 se

123 5030 358 5075 nomen
402 5017 543 5088 regis
578 5026 635 5074 et
675 5019 965 5091 imaginem
1006 5023 1303 5077 consuevit.
1337 5027 1675 5096 Quapropter
1695 5034 1752 5081 et

123 5112 346 5181 ﬁgurae
367 5110 519 5180 regni
543 5111 780 5168 caelestis
815 5113 1095 5183 aptissime
1139 5117 1417 5185 congruit,
1450 5118 1540 5173 ubi
1571 5128 1626 5174 et
1653 5136 1750 5174 an-

120 5200 255 5276 geli
289 5201 467 5255 sancti
495 5201 562 5256 ad
590 5202 876 5274 imaginem
903 5205 985 5260 sui
1006 5203 1313 5263 Conditoris
1336 5207 1404 5263 ad
1427 5224 1590 5280 quam
1619 5209 1747 5266 facti

121 5302 284 5353 sunt
327 5308 545 5366 semper
572 5305 824 5364 manent,
873 5305 928 5352 et
972 5299 1129 5355 electi
1172 5301 1420 5358 homines
1459 5302 1749 5375 imaginem

124 5401 323 5462 quam
350 5389 626 5457 peccando
653 5390 950 5445 amiserant
977 5392 1262 5462 recipiunt.
1735 5447 1738 5452 .

219 5498 246 5532 ε
297 5478 553 5548 Quinque
578 5481 880 5536 cubitorum
918 5482 1002 5538 ala
1032 5484 1235 5540 cherub
1275 5500 1379 5540 una
1427 5494 1483 5541 et
1512 5485 1748 5557 quinque

127 5594 154 5628 ι
212 5571 541 5630 cubitorum
569 5571 654 5627 ala
695 5573 899 5629 cherub
922 5576 1110 5639 altera,
1137 5577 1190 5632 id
1214 5585 1298 5633 est
1317 5578 1504 5634 decem
1534 5580 1748 5638 cubitos

127 5685 156 5720 α
219 5663 499 5721 habentes
543 5679 572 5717 a
603 5665 917 5721 summitate
958 5666 1056 5722 alae
1085 5683 1257 5738 usque
1297 5669 1365 5724 ad
1394 5670 1493 5724 ahe
1527 5670 1750 5728 alterius

127 5776 156 5813 σ
215 5755 619 5812 summitatem.
670 5777 687 5809 ι
733 5756 844 5812 Alte
873 5774 995 5814 cum
1033 5759 1087 5814 in
1119 5769 1430 5824 sanctorum
1471 5763 1749 5820 hominum

119 5851 332 5922 ﬁgura
359 5856 655 5917 ponuntur,
686 5849 914 5906 virtutes
957 5853 1262 5922 signiﬁcant
1299 5870 1488 5912 eorum
1511 5897 1526 5924 ,
1555 5858 1751 5929 quibus

411 5939 682 6004 PATROL.
731 5940 916 6008 CXV.

1855 1975 1938 2022 est
1983 1965 2154 2039 (Rom.
2196 1965 2338 2038 xm).
2388 1986 2406 2019 ›
2448 1965 2684 2021 Proximi
2725 1977 2901 2023 autem
2950 1985 3174 2032 eorum,
3227 1982 3281 2027 et
3338 1974 3441 2044 ipsi

1855 2059 2176 2122 adinvicem,
2217 2070 2345 2115 sunt
2374 2059 2600 2131 angelici
2633 2062 2877 2131 spiritus,
2911 2072 2965 2118 et
2994 2065 3240 2122 homines
3281 2069 3438 2124 electi

1854 2166 2044 2206 eorum
2088 2153 2227 2222 aequi
2271 2152 2542 2208 concives.
2571 2151 2788 2208 Cherub
2816 2170 2955 2209 unus
2989 2165 3046 2210 et
3075 2165 3303 2227 utraque
3331 2160 3435 2224 ala,

1854 2242 2093 2313 ejusdem
2127 2260 2393 2299 mensura:
2420 2244 2736 2316 perhibetur
2768 2263 2782 2301 :
2820 2248 2945 2316 quia
2976 2249 3224 2305 videlicet
3252 2253 3438 2307 eadem

1853 2337 1970 2407 ipsa
1996 2337 2282 2394 devotione
2317 2354 2421 2408 qua
2454 2352 2574 2394 sese
2601 2338 2920 2395 alterutrum
2957 2341 3010 2396 in
3048 2341 3158 2399 Deo
3187 2343 3437 2416 diligunt,

1853 2440 2096 2488 nostram
2129 2447 2342 2502 quoque
2370 2432 2436 2486 ad
2465 2448 2524 2487 se
2552 2433 2961 2488 ascendentium
2993 2436 3310 2493 societatem
3339 2439 3438 2494 de-

1853 2522 2114 2578 siderant.
2145 2523 2343 2592 Sicque
2373 2523 2532 2578 simul
2560 2523 2658 2578 alae
2687 2525 2870 2580 decem
2903 2527 3113 2583 cubitos
3141 2529 3436 2600 complent,

1854 2627 1975 2667 cum
2002 2613 2055 2666 in
2085 2613 2313 2684 gemina:
2335 2614 2616 2670 charitatis
2639 2615 2991 2684 exhibitione,
3009 2618 3184 2688 angeli
3213 2619 3279 2675 de
3301 2619 3439 2676 Con-

1853 2702 2044 2758 ditoris
2071 2703 2155 2758 sui
2183 2704 2474 2773 prresentia
2503 2705 2776 2760 laetantur.

1929 2813 1948 2844 ι
1996 2793 2192 2850 Decem
2220 2809 2436 2865 quoque
2476 2796 2782 2850 cubitorum
2821 2806 2940 2852 erat
2983 2799 3188 2856 cherub
3240 2817 3438 2858 secun-

1859 2905 1878 2938 ‹
1924 2887 2024 2942 dus
2064 2901 2318 2942 mensura
2363 2887 2506 2958 pari,
2535 2897 2589 2942 et
2621 2904 2758 2960 opus
2788 2906 2952 2945 unum
2987 2901 3104 2946 erat
3138 2892 3192 2947 in
3231 2895 3438 2951 duobus

1859 2997 1878 3030 ι
1925 2980 2227 3045 cherubim,
2258 2980 2312 3035 id
2349 2988 2432 3036 est
2463 2980 2799 3038 altitudinem
2851 2984 3084 3040 habebat
3116 3002 3255 3042 unus
3308 2989 3437 3044 che-

1859 3088 1878 3119 ‹
1922 3070 2022 3125 rub
2054 3071 2238 3125 decem
2270 3072 2575 3126 cubitorum
2612 3091 2624 3126 :
2656 3082 2711 3128 et
2746 3075 2997 3131 similiter
3020 3079 3224 3135 cherub
3248 3095 3441 3136 secun.

1859 3179 1878 3212 ‹
1925 3162 2043 3217 dus.
2093 3182 2112 3214 ι
2159 3163 2273 3219 Duo
2313 3172 2471 3218 erant
2517 3163 2643 3218 facti
2685 3165 2962 3221 cherubim
2991 3209 3006 3233 ,
3047 3179 3271 3240 propter
3309 3189 3440 3228 con-

1776 3239 1822 3303 C
1855 3257 2084 3308 sortium
2112 3254 2356 3322 ejusdem
2387 3256 2451 3310 de
2478 3269 2582 3324 qua
2615 3255 2886 3326 loquimur
2922 3239 3205 3318 charitatis
3237 3265 3441 3336 signiﬁ-

1851 3346 2125 3412 candum,
2196 3347 2320 3415 quia
2387 3347 2564 3402 minus
2628 3364 2790 3418 quam
2840 3350 2980 3406 inter
3024 3354 3157 3410 duos
3203 3357 3441 3412 charitas

1852 3447 2000 3495 stare
2026 3455 2132 3494 non
2159 3447 2353 3510 potest.
2390 3439 2542 3494 Unde
2569 3448 2623 3495 et
2665 3440 2918 3498 Salvator
2943 3444 3100 3502 binos
3137 3449 3204 3503 ad
3242 3451 3439 3518 praedi-

1850 3530 2084 3585 candum
2116 3530 2407 3600 discipulos
2437 3532 2654 3588 mittere
2679 3535 2912 3600 curavit,
2943 3545 3000 3591 ut
3028 3539 3191 3595 tacite
3221 3543 3442 3601 doceret

1852 3635 1946 3676 eos
1981 3621 2072 3690 qui
2100 3621 2323 3675 verbum
2354 3620 2477 3676 ﬁdei
2508 3623 2884 3692 prtedicarent,
2921 3628 3173 3684 virtutem
3200 3631 3441 3689 dilectio-

1850 3714 1938 3770 nis
1968 3724 2094 3769 ante
2122 3714 2304 3769 omnia
2341 3730 2461 3770 esse
2506 3717 2815 3772 tenendam.
2850 3718 3127 3791 Uniusque
3170 3739 3440 3782 mensura:

1851 3814 1906 3861 et
1933 3807 2113 3877 operis
2155 3815 2310 3862 erant
2339 3807 2444 3863 duo
2480 3809 2782 3878 cherubim,
2814 3815 2940 3883 quia
2981 3815 3311 3886 disparilitas
3346 3835 3452 3878 vo-.

1850 3899 2119 3956 luntatum
2163 3903 2276 3958 sive
2319 3904 2652 3973 cogitatuum
2701 3905 2756 3960 in
2807 3922 3042 3978 superna
3080 3912 3254 3980 patria
3297 3913 3440 3968 nulla

1852 4003 1936 4049 est
1965 4013 1978 4048 :
2006 3995 2096 4050 ubi
2123 4013 2229 4051 una
2254 4012 2442 4052 omnes
2474 3998 2772 4072 eademque
2797 4001 2890 4058 Dei
2926 4007 3208 4073 praesentis
3232 4009 3443 4066 visione

1851 4090 1908 4139 et
1937 4083 2108 4154 gloria
2138 4085 2500 4142 illustrantur.

1929 4191 1947 4224 ι
1997 4171 2290 4246 Posuitque
2319 4176 2600 4234 cherubim
2642 4181 2700 4238 in
2728 4183 2904 4238 medio
2931 4185 3116 4254 templi
3142 4188 3437 4248 interioris.

1859 4283 1879 4316 ι
1923 4265 2300 4323 Extendebant
2339 4279 2520 4326 autem
2567 4272 2682 4329 alas
2727 4290 2853 4330 suas
2883 4276 3191 4344 cherubim,
3231 4291 3284 4338 et
3327 4292 3446 4339 tan-

1857 4375 1878 4408 ‹
1925 4356 2086 4424 gebat
2107 4358 2191 4414 ala
2221 4376 2325 4415 una
2358 4362 2642 4432 parietem,
2668 4373 2722 4420 et
2749 4367 2832 4420 ala
2856 4368 3295 4428 cherubsecuudi
3325 4383 3444 4430 tan.

1858 4467 1877 4500 ι
1923 4451 2082 4521 gebat
2106 4453 2370 4521 parietem
2399 4455 2627 4511 alterum
2658 4475 2670 4511 :
2702 4457 2801 4514 ala:
2829 4472 3008 4515 autem
3036 4462 3221 4519 alterae
3248 4467 3298 4520 in
3332 4485 3443 4524 me-

1863 4559 1881 4592 ι
1929 4542 2015 4597 dia
2043 4535 2198 4613 parte
2225 4545 2406 4616 templi
2432 4562 2490 4602 sc
2519 4548 2748 4604 invicem
2773 4553 3177 4621 contingebant.
3218 4577 3235 4608 ι
3273 4557 3444 4616 Mani-

1857 4636 2052 4693 festum
2093 4649 2176 4694 est
2212 4655 2278 4695 ex
2309 4641 2394 4696 his
2422 4657 2541 4712 qua:
2578 4646 2833 4715 praedicta
2866 4657 3010 4713 sunt,
3043 4665 3210 4719 quare
3255 4653 3446 4708 cheru-

1856 4729 1966 4784 bim
1992 4729 2044 4783 in
2079 4731 2256 4787 medio
2287 4733 2468 4802 templi
2509 4735 2782 4791 interioris
2811 4739 2918 4792 sint
2961 4741 3118 4810 positi
3168 4761 3180 4796 :
3212 4760 3442 4812 quorum

1858 4820 2122 4874 habitatio
2166 4829 2249 4876 est
2289 4838 2504 4893 semper
2547 4825 2600 4878 in
2642 4827 2813 4881 caelis.
2847 4829 3222 4887 Extendebaut
3259 4842 3440 4888 autem

1857 4910 1972 4966 alas
2001 4911 2281 4966 cherubim
2309 4914 2462 4983 quasi
2503 4916 2569 4968 ad
2605 4917 2910 4986 velandum,
2944 4923 3069 4992 quia
3096 4923 3318 4993 spiritus
3347 4939 3442 4978 an-

1859 5003 2016 5074 gelici
2049 5018 2265 5074 semper
2293 5005 2494 5061 habent
2523 5009 2763 5064 animum
2791 5012 2858 5066 ad
2907 5014 3223 5083 obsequium
3248 5016 3441 5072 divina:

1857 5095 2150 5150 voluntatis
2177 5104 2446 5166 paratum.
2483 5099 2635 5165 Quod
2670 5116 2798 5156 vero
2825 5102 2906 5156 ala
2937 5119 3040 5157 una
3069 5105 3321 5174 tangebat
3343 5121 3442 5175 pa-

1858 5185 2046 5240 rietem
2066 5227 2081 5252 ,
2105 5196 2160 5241 et
2203 5187 2286 5242 ala
2313 5188 2516 5246 cherub
2546 5192 2766 5247 secundi
2797 5192 3024 5248 alterum
3053 5194 3340 5263 parietem,
3372 5198 3441 5252 ad

1859 5278 2004 5334 illam
2039 5279 2324 5336 charitatis
2353 5282 2874 5339 administrationem
2904 5300 3067 5355 quam
3096 5285 3252 5340 nobis
3286 5288 3440 5342 exhi-

1857 5371 1986 5426 bent
2011 5373 2184 5444 angeli
2206 5375 2498 5446 pertinent.
2529 5375 2681 5444 Quod
2705 5377 2806 5432 ala:
2827 5377 3012 5432 altera:
3033 5377 3086 5432 iu
3110 5379 3290 5435 medio
3309 5388 3440 5437 tem-

1857 5461 1929 5532 pli
1954 5479 2012 5518 se
2043 5464 2274 5521 invicem
2302 5468 2702 5536 contingebant,
2731 5481 2850 5522 eam
2881 5467 3185 5524 dilectionis
3206 5471 3438 5541 gratiam

1857 5570 1964 5625 qua
2011 5572 2070 5612 se
2123 5556 2442 5614 alterutrum
2490 5559 2923 5629 complectuntur
2966 5558 3241 5629 exprimit.
3291 5559 3441 5619 Bene

1856 5657 2038 5706 autem
2069 5651 2331 5721 sequitur.

1934 5783 1952 5816 ι
1999 5765 2157 5822 Texit
2182 5782 2396 5836 quoque
2439 5764 2716 5820 cherubim
2747 5781 2881 5822 auro
2905 5807 2920 5833 ,
2953 5775 3007 5822 et
3047 5781 3236 5824 omnes
3262 5769 3441 5840 parie-

1864 5876 1884 5911 ι
1932 5867 2012 5915 tes
2039 5859 2222 5930 templi
2257 5873 2354 5928 per
2391 5857 2677 5914 circuitum
2721 5858 2945 5930 sculpsit
2974 5860 3139 5914 variis
3169 5859 3444 5918 caelaturis

2927 5949 3000 6012 11ι
