4044 6336
663 386 773 447 427

1712 374 2069 435 amem
2106 368 2574 432 LUXOVIENSIS
2612 368 2927 455 nomen!
3750 384 3811 446 ω

668 508 697 556 t'
734 511 790 560 et
819 509 998 558 torno.
1029 498 1099 556 Et
1123 498 1256 556 fecit
1290 498 1347 554 in
1373 497 1453 554 eis
1483 493 1786 557 cherubim,
1829 500 1886 548 et
1926 490 2154 562 palmas,
2202 496 2261 545 et
2284 494 2334 555 Α
2362 485 2647 558 pervenire
2676 483 3030 542 consortium.
3091 482 3187 541 Sic
3211 496 3342 556 ergo
3373 485 3579 557 pedibus
3601 496 3713 548 stant
3742 509 3810 554 ett.

669 617 687 648 t
734 595 974 667 picturas
997 592 1199 658 varias,
1246 588 1400 661 quasi
1440 588 1811 659 prominentes
1854 582 1919 637 de
1952 582 2162 653 pariete
2201 587 2259 636 et:

669 708 689 741 t
735 686 1113 760 egredientes;
1146 684 1241 740 sed
1270 692 1325 738 et
1351 682 1712 753 pavimentum
1743 678 1936 733 domus
1965 676 2100 732 texit
2122 682 2263 731 auro

674 786 699 832 t'
742 779 1073 834 intrinsecus
1097 785 1152 832 et
1180 775 1537 831 extrinsecus.
1568 770 1635 825 Et
1678 771 1730 824 in
1765 769 2011 841 ingressu
2048 764 2256 823 oraculi

672 888 691 921 ι
740 867 869 925 fecit
892 865 1087 924 ostiola
1115 866 1181 921 de
1211 862 1367 934 lignis
1389 862 1675 924 olivarum,
1702 868 1996 931 postesque
2027 856 2257 930 angulo-

673 974 695 1011 ‹
736 974 856 1012 rum
905 957 1143 1028 quinque
1168 994 1182 1020 ,
1225 959 1281 1008 et
1325 952 1431 1007 duo
1477 950 1616 1006 ostia
1665 950 1734 1005 de
1772 948 1932 1020 lignis
1971 947 2255 1002 olivarum.

672 1072 691 1105 t
738 1051 807 1107 Et
827 1050 1047 1121 sculpsit
1072 1049 1123 1103 in
1154 1047 1232 1101 eis
1257 1046 1521 1117 picturam
1559 1040 1839 1100 cherubim
1871 1050 1926 1098 et
1951 1041 2261 1113 palmarum

674 1156 694 1196 ι
739 1142 969 1214 Species,
1011 1149 1066 1195 et
1091 1136 1392 1210 anaglypha
1421 1134 1576 1193 valde
1616 1135 2003 1208 prominentia,
2039 1140 2097 1190 et
2124 1133 2259 1189 texit

676 1250 697 1287 r
740 1236 1009 1297 ea‘auro,
1047 1242 1102 1285 et
1138 1232 1352 1301 operuit
1394 1238 1505 1284 tam
1545 1228 1827 1285 cherubim
1863 1242 2025 1298 quam
2050 1226 2261 1297 palmas

672 1347 695 1379 t
738 1336 795 1389 et
819 1335 1013 1383 caetera
1046 1340 1199 1381 auro.
1230 1323 1492 1394 Fecitque
1520 1322 1574 1377 in
1606 1322 1831 1377 introitu
1859 1318 2047 1391 templi
2077 1326 2261 1391 postes

673 1436 693 1472 ε
738 1420 806 1473 de
852 1417 1012 1490 lignis
1058 1416 1324 1472 olivarum
1367 1413 1846 1486 quadranguiatos,
1890 1420 1945 1467 et
1984 1411 2090 1468 duo
2117 1408 2259 1466 ostia

672 1530 691 1562 α
733 1510 798 1565 de
826 1508 987 1581 lignis
1011 1508 1256 1579 abiegnis
1284 1506 1625 1572 altrinsecus,
1653 1514 1707 1560 et
1737 1514 2027 1575 utrumque
2060 1505 2259 1559 ostium

673 1622 689 1653 t
732 1600 929 1670 duplex
956 1609 1096 1663 erat,
1129 1607 1186 1653 et
1217 1614 1275 1653 se
1304 1597 1535 1652 invicem
1575 1605 1770 1651 tenens
1797 1595 2161 1665 aperiebatur.
2196 1592 2264 1648 Et

673 1715 689 1747 t
734 1693 963 1763 sculpsit
995 1690 1300 1757 cherubim,
1333 1698 1391 1746 et
1445 1689 1674 1760 palmas,
1703 1699 1759 1744 et
1784 1688 2067 1744 crciaturas
2108 1686 2263 1742 valde

674 1804 692 1841 t
732 1787 1054 1849 eminentes,
1082 1785 1401 1856 operuitque
1430 1783 1613 1841 omnia
1642 1782 1861 1838 laminis
1891 1782 2073 1838 aureis
2097 1795 2263 1853 opere

674 1898 693 1934 ι
741 1882 951 1952 quadro
973 1880 1039 1936 ad
1068 1854 1332 1952 regulam.
1370 1898 1389 1930 ι
1415 1877 1482 1932 Et
1502 1876 1731 1947 reliqua.
1764 1895 1781 1928 t
1816 1874 1994 1941 Texit,
2018 1874 2263 1947 inquam,
2297 1854 2346 1922 Β

674 1988 699 2025 ι
736 1971 1019 2033 cherubim
1047 1984 1202 2035 auro,
1234 1987 1253 2021 ι
1282 1968 1409 2040 quia
1441 1976 1497 2024 et
1517 1976 1769 2022 naturam
1790 1978 1979 2021 eorum
2004 1962 2266 2019 Conditor

671 2062 962 2120 immortali
1000 2061 1247 2117 claritate
1287 2057 1634 2125 sublimavit,
1669 2064 1727 2113 et
1753 2064 1989 2112 mentem
2020 2070 2149 2110 vera
2184 2053 2267 2109 di-

670 2155 920 2212 lectionis
963 2162 1126 2224 atque
1164 2151 1492 2209 humilitatis
1519 2150 1641 2206 luce
1681 2148 1925 2220 replevit.
1959 2144 2273 2215 Notandum

671 2263 803 2305 sane
828 2244 973 2318 quod
1005 2244 1240 2318 Moyses,
1273 2244 1400 2300 dum
1426 2240 1834 2299 tabernaculum
1860 2238 2084 2303 faceret,
2137 2234 2268 2291 fecit

669 2348 727 2396 et
772 2340 907 2394 duos
947 2336 1228 2393 cherubim
1276 2351 1471 2393 aureos
1515 2349 1652 2406 quos
1694 2331 1874 2405 posuit
1908 2331 1964 2386 in
2002 2329 2266 2402 propitia-

677 2429 816 2486 torio
860 2428 1005 2499 quod
1056 2437 1175 2483 erat
1203 2441 1370 2499 super
1412 2440 1615 2482 arcam.
1666 2423 1921 2481 Salomon
1950 2432 2129 2478 autem
2170 2419 2272 2475 ad-

673 2520 811 2577 didit
856 2518 993 2574 aiios
1022 2516 1159 2574 duos
1187 2517 1357 2573 multo
1400 2517 1636 2588 majores
1687 2531 1825 2586 quos
1854 2516 1909 2570 in
1942 2512 2139 2584 templo
2166 2526 2267 2582 po-

673 2617 846 2675 neret,
870 2609 972 2664 sub
993 2624 1224 2679 quorum
1246 2607 1347 2663 alis
1369 2620 1555 2661 arcam
1582 2605 1635 2660 in
1666 2603 1844 2660 medio
1866 2610 2116 2674 poneret,
2146 2615 2271 2656 cum

673 2700 1050 2774 propitiatorio
1080 2707 1135 2754 et
1179 2696 1463 2754 cherubim
1493 2694 1786 2768 prioribus.
1822 2694 2022 2765 Sicque
2065 2693 2268 2748 factum

673 2800 779 2857 est,
816 2802 875 2847 ut
899 2793 953 2847 in
974 2789 1323 2848 tabernaculo
1352 2789 1573 2860 quidem
1599 2796 1781 2844 essent
1810 2786 2092 2842 cherubim
2137 2784 2269 2849 duo,

674 2884 730 2941 in
761 2884 961 2954 templo
991 2892 1170 2938 autem
1204 2891 1438 2953 quatuor
1481 2900 1494 2937 :
1540 2882 1609 2936 ad
1636 2896 1800 2935 unam
1837 2894 1966 2933 vero
1992 2876 2271 2933 eamdem-

675 2990 781 3046 que
807 2976 1256 3048 signiilcatiottem
1284 2974 1502 3046 utrique
1528 2974 1821 3045 pertinent.
1848 2971 1957 3028 Sed
1988 2972 2275 3043 repetitum

677 3082 764 3128 est
790 3083 853 3128 ut
883 3072 1060 3143 typice
1110 3071 1418 3137 doceretur,
1467 3070 1592 3139 quia
1642 3066 1998 3139 multiplicata
2023 3073 2145 3137 post
2194 3065 2277 3122 in-

2362 581 2501 636 ctis:
2541 579 2621 636 sic
2647 578 2762 635 alas
2803 592 2932 634 suas
2970 591 3106 634 auro
3148 582 3317 634 tectas
3359 579 3424 633 ad
3464 581 3641 636 oraculi
3668 587 3811 654 par-icta

2363 672 2684 740 extendunt,
2758 679 2819 728 ut
2870 671 3038 728 facies
3082 670 3322 727 habeant
3368 672 3433 726 ad
3481 672 3665 730 domum
3703 692 3811 738 vertit

2363 768 2710 833 exteriorem,
2760 764 2887 837 quia
2916 764 3058 821 sicut
3085 763 3263 835 angeii
3309 778 3457 820 suam
3478 772 3694 837 perpetuo
3725 772 3811 831 inut

2363 861 2600 920 centiam
2633 864 2974 924 conservant,
3021 858 3101 915 sic
3127 858 3195 915 de
3218 857 3513 913 animarum
3537 868 3769 920 sanctarum
3784 868 3812 922 it

2365 952 2518 1010 caelis
2547 950 2880 1008 beatitudine
2902 948 3265 1019 congaudent,
3296 956 3358 1004 ut
3375 949 3452 1004 eis
3478 964 3661 1023 quoque
3685 959 3813 1025 quosit

2364 1044 2526 1099 terris
2572 1043 2751 1099 adhuc
2798 1042 3139 1115 peregrinari
3181 1040 3515 1113 conspiciunt
3552 1045 3813 1121 electisopea

2363 1132 2509 1193 ferre
2537 1152 2645 1192 non
2673 1136 2921 1193 desinant
2943 1142 2971 1190 :'
2988 1137 3162 1193 donec
3202 1146 3258 1192 et
3286 1136 3404 1193 illos
3450 1139 3513 1194 ad
3537 1140 3749 1197 cmlestem
3767 1160 3815 1215 pt-

2365 1231 2524 1285 triam
2575 1229 2940 1284 introducant.
2997 1227 3200 1285 Omnes
3248 1230 3393 1284 enim
3435 1239 3550 1285 sunt
3588 1233 3815 1291 administra-

2367 1321 2490 1377 torii
2522 1319 2743 1405 spiritus
2768 1320 2822 1375 in
2861 1318 3222 1375 ministerium
3264 1320 3437 1388 missi,
3478 1331 3746 1394 proptereos
3770 1328 3816 1397 φὶ

2366 1410 2737 1467 haereditatem
2766 1411 2987 1480 capiunt
3021 1409 3231 1467 salutis.
3278 1412 3506 1469 Possunt
3536 1415 3671 1470 etiam
3688 1418 3817 1486 perdit

2368 1502 2650 1558 cherubim
2692 1503 2798 1558 duo
2840 1500 3192 1559 Testamenta
3244 1498 3483 1576 figurari.
3540 1505 3627 1573 Qui
3666 1508 3816 1564 nimirum

2367 1592 2649 1649 cherubim
2696 1592 2750 1648 in
2772 1592 2992 1649 oraculo
3025 1602 3156 1650 sunt
3190 1590 3344 1662 facti,
3383 1597 3502 1668 quia
3528 1596 3575 1650 in
3596 1597 3757 1653 consilio
3780 1600 3819 1653 di-

2368 1689 2509 1744 vina:
2556 1686 2882 1759 provisionis
2934 1686 3091 1744 nobis
3142 1689 3332 1759 utique
3391 1689 3703 1745 inaccessibili
3732 1700 3818 1761 alqui

2372 1780 2929 1854 incomprehensibili,
2946 1790 3072 1839 ante
3084 1783 3279 1839 saecula
3306 1780 3600 1854 diSpositum
3623 1795 3686 1839 est
3700 1786 3820 1854 quando

2373 1880 2427 1931 et
2480 1872 2733 1945 qualiter,
2781 1874 3046 1945 quibusve
3082 1873 3417 1940 auctoribus,
3462 1888 3613 1931 sacra:
3643 1875 3820 1947 Scriptura

2371 1968 2757 2025 conderentur.
2817 1966 2895 2022 De
2942 1966 3105 2041 lignis
3142 1966 3410 2024 olivarum
3450 1976 3569 2023 sunt
3615 1969 3728 2035 facti,
3755 1970 3821 2040 quit

2373 2062 2549 2117 lucem
2581 2058 2738 2116 nobis
2769 2059 3011 2115 scicntize
3052 2058 3320 2127 tribuunt,
3347 2058 3560 2130 iuvante
3581 2058 3823 2115 ﬂammatis

2373 2154 2554 2209 ritatis
2590 2152 2708 2218 Dei,
2742 2151 2835 2223 qui
2859 2165 2957 2222 per
3001 2150 3268 2224 Spiritum
3300 2159 3537 2207 sanctum
3563 2148 3823 2208 diti‘unditut

2373 2245 2626 2304 cordibus
2660 2244 2885 2300 nostris.
2934 2242 3133 2300 Decem
3158 2242 3361 2300 cubitis
3386 2252 3507 2300 sunt
3532 2240 3632 2307 alti,
3670 2241 3755 2311 quia
3772 2256 3822 2312 per

2373 2337 2780 2395 observantiam
2819 2334 3061 2407 decalogi
3100 2334 3237 2407 legis
3268 2326 3381 2393 beo
3433 2332 3721 2391 servientium
3753 2347 3824 2402 pta-

2375 2430 2580 2497 dicant,
2608 2428 2732 2498 quia
2759 2426 2871 2483 Deo
2899 2426 3133 2483 fideliter
3158 2424 3481 2495 servientes,
3529 2424 3708 2483 denario
3726 2438 3823 2479 rem

2375 2522 2647 2578 nerandos
2670 2522 2791 2576 ‘esse
2808 2521 2961 2593 regni
2984 2521 3348 2593 perpetuitate
3368 2520 3650 2578 ostendunt.
3673 2517 3823 2574 Geminis

2376 2611 2721 2675 habentalas,
2738 2610 2865 2682 quia
2876 2610 3242 2667 Testamentis
3253 2610 3337 2667 sui
3346 2610 3824 2683 Condiwrisperaspen

2375 2714 2530 2773 atque
2571 2709 2633 2758 ut
2666 2716 2926 2773 prospera
2964 2702 3238 2783 indefesso
3272 2705 3385 2761 suis
3415 2704 3703 2760 auditoribus
3726 2703 3825 2755 animi

2377 2795 2731 2868 gradientium
2774 2808 2896 2853 esse
2929 2795 3328 2853 demonstrant.
3369 2794 3601 2869 Quinque
3637 2795 3826 2853 cubitem

2377 2889 2463 2942 ala
2503 2888 2710 2943 cherub
2753 2900 2880 2953 una,
2932 2896 2987 2943 et
3021 2889 3263 2959 quinque
3291 2888 3581 2946 cubitorum
3620 2887 3684 2942 ala
3714 2884 3827 2941 client

2379 2979 2572 3045 altera,
2633 2979 2759 3049 quia
2796 2978 2852 3034 in
2897 2980 3049 3035 omni
3102 2979 3403 3037 labentium
3450 2994 3613 3036 rerum
3651 2979 3827 3033 varietate.

2379 3071 2553 3130 sancti
2587 3070 2869 3127 universos
2898 3069 2980 3126 sui
3007 3070 3256 3142 corporis
3303 3084 3509 3140 sensus,
3547 3072 3596 3127 in
3625 3066 3827 3139 obsequium

680 3167 1051 3223 carnationem
1108 3164 1435 3219 dominicam
1472 3160 1736 3227 Ecclesia,
1810 3160 1973 3216 latius
2022 3167 2167 3215 esset
2205 3159 2272 3216 de
2324 3230 2355 3234 μ
2382 3163 2466 3221 sui
2512 3161 2822 3219 Conditoris
2871 3130 3189 3218 exuenduitt.
3260 3160 3327 3219 Et
3373 3130 3530 3219 unum
3569 3176 3679 3234 opus
3709 3130 3828 3214 entia

680 3256 933 3330 gentibus
972 3253 1279 3310 sublimitas
1324 3252 1445 3307 crnli
1482 3252 1684 3307 civium
1712 3251 1998 3321 pandenda
2033 3248 2169 3321 :qui
2199 3250 2280 3306 sic
2305 3230 2355 3296 ε
2384 3255 2595 3312 duobus
2628 3253 2930 3320 cherubim,
2977 3253 3105 3324 quia
3152 3254 3437 3327 utriusque
3466 3230 3737 3310 Testamenti
3759 3246 3830 3304 sui

680 3347 1031 3409 Conditorem
1068 3343 1336 3401 decollato
1379 3343 1483 3399 sibi
1521 3357 1745 3398 munere
1786 3340 2137 3398 beatitudinis
2170 3341 2281 3398 col-

679 3440 923 3503 laudant,
975 3450 1033 3493 ut
1054 3438 1122 3493 de
1160 3446 1342 3491 nostra
1376 3448 1592 3506 quoque
1618 3433 1897 3504 ereptione
1942 3432 2011 3488 ad
2034 3435 2282 3487 eamdem

680 3533 1074 3592 beatitudinem
1098 3527 1501 3586 introductione
1529 3525 1931 3598 congaudeant.
1964 3522 2285 3580 Extendunt

680 3625 829 3682 enim
872 3623 990 3678 alas
1021 3619 1325 3675 adinvicem
1366 3631 1532 3689 super
1561 3630 1768 3682 arcam,
1817 3630 1942 3671 cum
1972 3612 2040 3669 ad
2068 3612 2282 3669 laudent

681 3714 900 3774 Domini
954 3710 1256 3769 Salvatoris
1290 3706 1541 3764 referunt
1588 3706 1790 3763 bonum
1835 3720 1996 3763 omne
2021 3705 2169 3777 quod
2194 3720 2286 3760 ac-

683 3813 965 3880 ceperunt.
1021 3800 1337 3873 Extendunt
1375 3800 1578 3856 alteras
1620 3799 1735 3855 aias
1781 3798 1850 3855 ad
1880 3799 2114 3870 parietes
2161 3812 2286 3853 ora-

685 3897 815 3965 culi,
865 3910 988 3953 cum
1013 3903 1233 3951 sanctos
1263 3893 1429 3950 etiam
1454 3890 1702 3949 homines
1754 3905 1939 3946 secum
1966 3889 2153 3945 videre
2195 3886 2286 3944 ia:-

685 3998 893 4056 tantur,
945 4003 1150 4060 eosque
1178 4001 1287 4058 quo
1330 3985 1520 4041 volunt
1545 3983 1759 4039 alarum
1808 3996 2031 4038 suarum
2061 3981 2287 4038 summi-

688 4081 892 4139 tatibus
946 4088 1194 4151 tangunt,
1260 4092 1399 4148 quos
1446 4082 1732 4133 consortes
1784 4082 1949 4144 atque
1988 4070 2290 4129 imitatores

686 4172 859 4231 fuisse
884 4175 938 4228 in
982 4174 1085 4228 hac
1105 4172 1213 4226 vita
1239 4185 1351 4227 suae
1380 4168 1641 4241 puritatis
1664 4166 1962 4225 exsultant.
2021 4166 2167 4222 Duos
2195 4180 2293 4220 au-

690 4275 802 4323 tem
840 4280 992 4337 atque
1037 4264 1275 4337 parietes
1323 4261 1425 4319 alis
1456 4261 1572 4317 suis
1615 4268 1864 4333 tangunt,
1927 4260 2053 4331 quia
2104 4256 2292 4314 fideles

690 4359 979 4428 utriusque
1010 4355 1214 4428 populi,
1252 4352 1426 4411 Judaei
1464 4352 1678 4410 scilicet
1712 4361 1768 4409 et
1798 4348 2034 4424 gentilis,
2082 4364 2294 4422 posses-

695 4466 852 4507 sores
876 4464 1061 4505 secum
1090 4448 1298 4503 habent
1324 4445 1461 4502 aulae
1492 4444 1736 4501 cwlestis
1769 4463 1783 4498 :
1817 4458 1923 4500 non
1946 4442 2090 4514 quod
2120 4442 2174 4496 in
2204 4439 2294 4495 illa

692 4543 871 4617 patria
898 4542 1172 4598 distinctio
1196 4541 1385 4598 locatis
1414 4540 1558 4596 inter
1584 4548 1877 4611 utrumque
1897 4537 2179 4610 populum,
2202 4536 2296 4593 sed

695 4635 823 4706 quia
870 4632 1041 4703 major
1078 4633 1174 4688 ﬁat
1228 4631 1496 4688 festivitas
1542 4630 1773 4684 internae
1806 4626 2178 4696 beatitudinis,
2226 4628 2294 4683 de

695 4728 973 4783 consortio
1017 4726 1268 4781 adunatte
1309 4724 1365 4779 in
1406 4723 1518 4779 Deo
1551 4721 1927 4777 fraternitatis.
1983 4720 2294 4775 Extendunt

698 4836 831 4893 ergo
864 4819 1149 4878 cherubim
1197 4818 1267 4873 ad
1294 4825 1588 4887 utrumque
1618 4815 1883 4887 parietem
1929 4813 2135 4870 oraculi
2180 4813 2294 4869 alas

698 4928 849 4979 suas,
877 4914 1003 4987 quia
1034 4912 1282 4969 lietantes
1300 4912 1355 4966 in
1378 4911 1585 4966 caelesti
1608 4909 1786 4983 patria
1813 4908 1992 4980 justos
2013 4907 2296 4980 utriusque

696 5006 894 5081 plebis,
955 5004 1167 5061 visione
1214 5016 1428 5075 quoque
1469 5018 1581 5059 sua:
1630 5002 1813 5077 gloriae
1859 5001 1928 5056 ad
1960 4999 2173 5057 laudem
2209 5000 2292 5057 sui

700 5099 980 5157 Creatoris
1025 5099 1286 5155 excitant.
1330 5096 1447 5153 Non
1483 5096 1657 5154 solum
1692 5096 1758 5153 de
1778 5095 2006 5152 illorum
2033 5111 2170 5167 quos
2212 5112 2296 5155 se-

704 5208 832 5249 cum
857 5194 1006 5248 intus
1033 5192 1239 5247 habent
1276 5190 1555 5246 hominum
1596 5190 1866 5261 iustorum
1899 5186 2160 5246 felicitate
2205 5188 2295 5247 lie-

711 5290 891 5342 hntur
938 5285 1154 5355 agmina
1197 5280 1464 5347 orelestia,
1524 5292 1712 5336 verum
1748 5280 1914 5336 etiam
1970 5279 2145 5335 nostri
2203 5279 2296 5350 qui

708 5373 844 5433 foris
867 5374 1044 5431 adhuc
1072 5373 1235 5445 positi
1279 5372 1344 5429 de
1365 5370 1650 5444 profundis
1689 5372 1756 5428 ad
1779 5371 2068 5428 Dominum
2095 5371 2300 5429 ciama-

710 5478 856 5538 mus,
886 5482 1075 5524 curam
1108 5478 1303 5539 gerunt
1330 5464 1595 5523 sedulam.
1652 5460 1806 5523 Unde
1826 5466 1963 5522 bene
2002 5465 2069 5520 de
2089 5465 2296 5520 eisdem

707 5559 993 5617 cherubim
1016 5561 1066 5616 in
1086 5560 1224 5618 libro
1244 5558 1696 5631 Paralipomenon
1712 5558 1974 5629 scriptum
1995 5566 2083 5613 est
2112 5575 2124 5611 :
2148 5575 2168 5608 t
2194 5556 2303 5628 ipsi

710 5657 899 5706 autem
919 5648 1134 5706 stabant
1168 5653 1368 5709 erectis
1396 5650 1623 5723 pedibus
1646 5659 1703 5705 et
1729 5647 1898 5706 facies
1917 5662 2107 5705 eorum
2130 5662 2303 5703 versa:

706 5750 873 5800 erant
906 5743 974 5800 ad
1016 5746 1343 5801 exteriorem
1370 5746 1608 5801 domum.
1650 5761 1673 5796 ι
1703 5742 1840 5811 Quia
1887 5756 1987 5798 nos
2030 5741 2099 5796 ab
2143 5738 2302 5811 hujus

706 5846 956 5893 Drumna
980 5837 1433 5909 peregrinationis
1452 5844 1692 5907 ereptos,
1714 5837 1782 5893 ad
1808 5851 1962 5892 suum
1990 5834 2306 5893 desiderarit

2382 3356 2584 3421 ptores,
2631 3360 2739 3403 una
2764 3346 3063 3417 cadentque
3103 3348 3363 3406 castitate
3406 3348 3576 3420 operis
3597 3354 3643 3403 et
3662 3340 3830 3401 claritatis

2386 3439 2670 3496 devotione
2715 3438 2946 3495 Domino
2983 3439 3318 3509 serviebant,
3356 3457 3461 3497 una
3499 3450 3551 3498 et
3575 3450 3756 3495 consona
3778 3430 3830 3485 De

2386 3533 2519 3589 mini
2561 3546 2692 3588 voce
2733 3548 2798 3587 ac
2833 3528 2940 3587 fide
2978 3533 3299 3603 praedicant.
3348 3532 3462 3589 Alae
3494 3532 3638 3606 igitur
3665 3522 3831 3583 clienti!

2387 3623 2676 3679 interiores
2724 3636 2887 3694 super
2922 3638 3108 3679 arcam
3144 3636 3201 3681 se
3228 3624 3460 3682 invicem
3507 3617 3832 3688 constringebant.

2387 3719 2517 3792 quia
2561 3716 2911 3776 Testamenta
2944 3720 3061 3792 pari
3087 3719 3157 3776 de
3182 3719 3417 3776 Domino
3459 3712 3742 3774 attestationc
3771 3717 3834 3759 ore

2389 3810 2649 3866 sentiunt.
2678 3809 2809 3866 item
2844 3810 2944 3867 alis
2972 3810 3341 3869 exterioribus
3370 3811 3469 3868 iste
3497 3822 3642 3866 unum
3661 3800 3833 3877 parietem

2390 3900 2482 3957 ille
2510 3901 2744 3958 alterum
2767 3902 3180 3977 contingebant,
3210 3903 3342 3975 quia
3373 3900 3535 3959 Vetus
3564 3898 3835 3956 Testamenta

2390 3994 2610 4066 proprie
2652 3994 2879 4066 antiquo
2907 3994 3001 4050 Dei
3043 3993 3243 4067 populo
3273 3994 3528 4066 scriptum
3556 3996 3671 4047 erat.
3719 3981 3836 4067 how!
3892 3981 3895 4059 i

2390 4104 2523 4145 vero
2558 4086 2737 4154 nobis,
2790 4088 2883 4159 qui
2920 4096 3042 4159 post
3067 4066 3497 4145 incarnationem
3530 4078 3777 4142 dominicam
3802 4066 3836 4121 td
3894 4070 3895 4107 ξ

2394 4178 2555 4233 fidem
2584 4176 2852 4235 venimus.
2898 4179 2966 4234 Et
3006 4178 3246 4235 secundo
3276 4178 3490 4253 parieti,
3518 4178 3610 4233 hoc
3633 4179 3699 4229 est
3719 4170 3837 4235 ςφιω

2394 4267 2611 4323 trionali
2659 4276 2807 4324 recte
2846 4282 3251 4339 comparamur,
3291 4266 3485 4342 quibus
3521 4273 3627 4339 post
3651 4260 3837 4330 frigoriac

2396 4362 2650 4417 tenebras
2682 4361 3021 4430 idololatriae,
3049 4363 3224 4419 lucem
3265 4363 3508 4420 veritatis
3548 4362 3771 4433 agnoscere
3794 4343 3838 4397 ir

2398 4458 2536 4508 tum.
2567 4450 2768 4510 Versas
2793 4455 2998 4511 habent
3034 4452 3204 4512 facies
3233 4455 3513 4512 cherubim
3551 4451 3611 4508 ad
3633 4443 3837 4505 exterit!"I

2403 4545 2645 4612 domm.
2692 4546 2817 4616 quia
2848 4546 3019 4603 nostri
3048 4547 3222 4619 gratia
3259 4548 3353 4619 qui
3391 4546 3557 4603 adhuc
3584 4539 3838 4599 rarissumi

2402 4654 2581 4710 “eque
2616 4638 2817 4710 τείρεα.
2870 4640 2963 4695 sed
2987 4652 3081 4711 spe
3108 4639 3244 4695 salvi
3267 4638 3397 4696 faeti
3418 4650 3593 4695 sumus
3615 4625 3756 4706 (divini
3776 4620 3839 4674 sui

2402 4729 2524 4785 libri
2559 4729 2764 4786 conditi
2793 4770 2807 4785 .
2830 4730 2959 4800 quia
2991 4730 3286 4802 scriptorcs
3315 4742 3499 4787 eorum
3531 4724 3630 4798 jam
3664 4716 3840 4791 regnan

2400 4836 2528 4877 cum
2568 4821 2704 4889 Deo,
2731 4820 2883 4877 illum
2916 4821 3229 4879 collaudant
3262 4823 3315 4878 in
3343 4818 3513 4887 ctelis,
3554 4826 3706 4874 clmIn
3731 4808 3840 4899 ηοείέ

2402 4922 2600 4985 gerunt
2646 4912 2859 4979 salutis,
2907 4928 3113 4986 proque
3150 4913 3354 4970 nostris
3389 4909 3637 4969 erratibus
3660 4897 3760 4974 apud
3782 4897 3841 4958 uti

2401 5007 2657 5079 pietatem
2686 5002 3183 5080 interpetiant).tEt
3210 5018 3398 5063 omnes
3422 5004 3636 5079 parietes
3654 4988 3841 5062 templi?"

2404 5101 2692 5157 circuitum
2715 5102 2942 5173 sculpsit
2968 5100 3134 5158 variis
3163 5102 3434 5158 caelaturis
3456 5108 3509 5156 et
3538 5104 3682 5153 torno.
3707 5082 3842 5173 tot“?

2404 5192 2640 5263 parietes
2662 5171 2850 5265 templi
2863 5206 2961 5264 per
2985 5193 3292 5259 circuitum,
3308 5204 3492 5249 omnes
3512 5194 3681 5245 sancta

2402 5256 2593 5355 impun
2626 5256 2787 5353 sunt;
2804 5256 3003 5356 quibus
3046 5296 3211 5357 super
3237 5256 3622 5340 fundamentum
3646 5262 3785 5329 Christi
3805 5256 3844 5311 is

2407 5374 2569 5442 catis,
2616 5374 2780 5430 totius
2823 5373 3083 5431 ambitum
3135 5377 3284 5433 orbis
3331 5370 3564 5446 replevit.
3612 5359 3842 5434 WW

2409 5465 2537 5523 ﬁdei
2565 5466 2874 5534 aedificium,
2925 5468 3167 5539 quotidie
3200 5478 3336 5525 nova
3373 5464 3697 5529 membrorum
3717 5451 3843 5539 509'“

2406 5562 2690 5635 pmgenie,
2743 5561 2897 5635 quasi
2942 5537 3183 5635 lapidum
3232 5561 3575 5635 pretiosorum
3613 5537 3843 5635 appositiorrt

2406 5664 2924 5729 superaugrnentare
2948 5670 3060 5713 non
3084 5656 3315 5713 desistit.
3363 5654 3462 5724 Qui
3501 5647 3714 5707 nimirum
3740 5638 3845 5729 part“

2408 5725 2494 5803 tes
2536 5725 2703 5803 variis
2743 5744 3012 5803 caelaturis
3044 5748 3380 5821 sculpuntur,
3422 5758 3535 5801 cum
3562 5735 3638 5793 alii
3662 5731 3774 5821 datur

2404 5835 2677 5909 spiritum
2722 5848 2905 5895 sermo
2944 5815 3246 5912 sapientiae,
3298 5837 3389 5894 alii
3417 5846 3581 5892 sermo
3610 5816 3784 5883 scientiis
3806 5815 3847 5858 5*
