4044 6336
1063 451 1318 509 ENARR.
1358 448 1429 507 IN
1469 446 1717 507 LIBROS
1757 446 2024 507 REGUM.
2061 472 2135 492 --
2170 446 2242 506 IN
2273 446 2404 506 LIB.
2441 448 2529 506 III.

3342 442 3457 505 πο

152 565 401 624 eundum
450 565 701 623 eumdem
747 560 1036 636 Spiritum,
1087 565 1242 621 alteri
1280 563 1413 621 ﬁdes
1470 565 1524 619 in
1565 563 1755 618 eodem
1786 558 1837 625 ,4-
1866 580 1885 613 r
1928 576 2069 618 unus
2096 561 2378 627 Dominus,
2428 576 2537 617 una
2560 560 2716 628 ﬁdes,
2767 574 2933 619 unum
2978 564 3272 637 baptisma,
3304 582 3448 625 unus

153 660 393 733 spiritu,
459 658 549 714 alii
617 658 791 731 gratia
860 658 1201 714 curationum
1252 659 1304 713 in
1366 671 1475 712 uno
1534 656 1745 727 spiritu,

155 756 253 813 alii
309 756 557 826 operatio
605 755 889 820 virtutum,
949 754 1038 811 alii
1087 756 1385 827 prophetia,
1430 756 1521 811 alii
1552 756 1751 810 discre-

158 849 243 904 tio
291 849 607 921 spirituum,
660 847 750 902 alii
804 861 1003 918 genera
1053 848 1379 921 linguarum,
1432 848 1523 903 alii
1578 848 1750 905 inter-

152 939 403 1009 pretatio
442 948 755 995 sermonum
807 936 1007 998 (1001'.
1049 938 1171 1009 xu).
1213 938 1279 992 Et.
1311 946 1370 992 ut
1398 937 1465 993 ad
1506 936 1630 1001 illas
1652 954 1750 994 ve-

152 1032 397 1093 niamus,
426 1044 563 1100 quas
584 1044 773 1085 omnes
794 1029 1261 1086 babere'valemus
1290 1031 1538 1095 virtutes,
1575 1049 1594 1076 ι
1624 1030 1755 1085 cha-

154 1121 322 1188 ritas,
376 1121 649 1194 gaudium,
689 1135 813 1191 pax,
848 1120 1251 1193 longanimitas,
1292 1122 1574 1192 patientia,
1603 1121 1755 1176 beni-

153 1214 369 1286 gnitas,
391 1214 627 1279 bonitas,
651 1213 804 1280 ﬁdes,
830 1213 1118 1279 modestia,
1145 1214 1474 1270 continentia
1494 1211 1637 1285 (Gal.
1662 1212 1747 1286 v)»

152 1315 211 1362 et
267 1306 455 1361 exteri
490 1304 699 1360 fruetus
731 1304 975 1375 spiritus,
1023 1304 1151 1375 quid
1192 1304 1295 1361 nisi
1332 1304 1600 1360 caelatura:
1627 1312 1757 1361 sunt

148 1397 433 1467 parietum
456 1395 675 1467 templi?
707 1395 834 1466 quia
876 1404 1102 1450 ornatus
1121 1405 1252 1451 sunt
1283 1396 1543 1451 mentium
1573 1394 1755 1467 populi

150 1487 281 1543 Dei.
334 1486 671 1558 Sculpuntur
712 1488 873 1544 iidem
918 1490 1151 1560 parietes
1195 1500 1252 1545 et
1300 1489 1364 1545 ad
1416 1490 1750 1560 patiendum,

151 1586 471 1651 cunctaque
491 1579 828 1651 promittunt,
855 1580 1097 1636 dicentes
1124 1595 1189 1635 ex
1217 1581 1398 1639 animo
1423 1596 1523 1651 per
1546 1580 1754 1652 singula

149 1682 283 1740 quae
331 1678 673 1727 occurrunt:
730 1689 749 1723 ε
794 1670 1119 1728 Benedicam
1162 1670 1451 1726 Dominum
1500 1672 1553 1726 in
1606 1673 1754 1725 omni

150 1770 409 1833 tempore
452 1759 625 1832 (Psal.
663 1764 892 1837 xxxiii);
936 1783 957 1816 ι
989 1771 1089 1819 et:
1148 1781 1169 1815 r
1206 1762 1464 1817 Paratum
1514 1777 1611 1818 eor
1653 1776 1754 1817 no-

150 1864 362 1921 strum,
408 1856 570 1921 Deus,
603 1864 850 1927 paratum
890 1872 987 1911 cor
1017 1870 1216 1921 meum,
1261 1858 1493 1912 cantabo
1532 1865 1587 1911 et
1616 1856 1758 1928 pSaL

1854 652 1998 708 Deus
2012 651 2225 724 (Epltes.
2241 653 2339 722 IV).
2364 672 2383 706 ι
2404 650 2556 708 Unus
2568 653 2622 708 in
2638 653 2890 709 saeculum
2906 654 3141 727 prmseiis
3158 672 3254 728 per
3270 659 3448 730 baptio

1853 748 1993 808 ama,
2018 759 2157 799 unus
2186 745 2241 799 in
2264 758 2489 814 regnum
2506 744 2729 801 caeleste
2742 758 2841 815 per
2865 762 3031 817 opera
3066 748 3190 804 fidei
3215 758 3299 805 est
3319 765 3446 822 spe-

1855 840 2057 896 randus
2082 841 2356 898 introitus.
2386 840 2520 897 Nam
2543 842 2684 912 quod
2698 859 2839 898 unus
2861 852 3006 899 esset
3031 845 3305 914 ingressus
3324 862 3455 904 orae

1853 930 1984 1000 culi,
2016 942 2246 990 testatur
2273 936 2375 991 hoc
2408 934 2634 991 inferius
2657 935 2723 991 de
2745 950 2871 990 arca
2894 935 3154 1007 scriptum
3186 955 3201 992 :
3230 959 3249 991 ‹
3281 939 3450 997 Cum-

1856 1034 1962 1098 (lue
2015 1028 2319 1084 eminerent
2365 1039 2583 1095 vectes,
2632 1038 2689 1085 et
2726 1034 3050 1100 apparerent
3103 1033 3447 1091 summitates

1856 1134 2066 1183 eorum,
2096 1120 2230 1178 foris
2260 1124 2627 1178 sanctuarium
2664 1114 2792 1178 ante
2820 1122 3121 1190 oraculum,
3147 1140 3254 1179 non
3282 1141 3448 1198 appa—

1855 1211 2053 1268 rebant
2076 1213 2214 1268 ultra
2238 1213 2597 1276 extrinsecus,
2622 1215 2714 1284 qui
2743 1224 2799 1270 et
2824 1213 3041 1270 fuerunt
3076 1216 3149 1271 ibi
3179 1232 3349 1287 usque
3390 1219 3447 1273 in

1856 1314 2179 1376 praesentem
2209 1305 2373 1361 diem.
2400 1304 2456 1360 ln
2486 1320 2612 1361 area
2654 1314 2834 1360 autem
2870 1323 2975 1363 non
3002 1317 3120 1362 erat
3148 1308 3314 1373 aliud,
3340 1311 3446 1365 nisi

1857 1390 1977 1449 dua:
2003 1394 2199 1450 tabula:
2242 1393 2483 1465 lapidea},
2515 1409 2652 1464 quas
2691 1404 2943 1465 posuerat
2975 1396 3026 1451 in
3058 1412 3121 1451 ea
3151 1396 3364 1469 Moyses
3392 1400 3445 1454 in

1857 1483 2067 1550 ﬂoreb,
2116 1487 2331 1556 quando
2376 1488 2577 1559 pepigit
2630 1486 2890 1543 Dominus
2932 1489 3108 1545 fortius
3153 1506 3275 1546 cum
3322 1492 3449 1548 filiis

1856 1574 2025 1632 Israel
2072 1592 2194 1632 cum
2225 1579 2613 1650 egrederentur
2636 1580 2701 1635 de
2737 1589 2879 1635 terra
2918 1579 3134 1654 ,λεεγωί
3164 1581 3285 1652 (ΙΙΙ
3319 1581 3446 1654 Reg.

1857 1666 1999 1738 VIII),
2057 1678 2161 1723 etc.
2235 1689 2253 1720 ι
2316 1669 2415 1726 Ubi
2472 1678 2723 1741 patenter
2779 1673 2857 1744 (ni
2915 1673 3093 1745 fallor)
3142 1676 3449 1730 ostenditur

1857 1762 2000 1832 quod
2032 1777 2171 1817 unus
2197 1770 2314 1818 erat
2359 1764 2632 1835 ingressus
2660 1765 2864 1819 oraculi
2901 1784 2913 1796 -
2947 1775 2999 1820 ct
3044 1767 3134 1822 hic
3168 1783 3198 1822 e
3227 1770 3447 1839 regione

1859 1850 2036 1909 factus
2065 1869 2225 1920 arcm,
2253 1868 2374 1925 qum
2420 1856 2470 1909 in
2516 1855 2693 1910 medio
2713 1854 2951 1924 ejusdem
2997 1858 3174 1912 stabat
3218 1858 3445 1915 oraculi.

148 1943 267 2000 lam
296 1945 352 2000 in
384 1946 550 2019 gloria
574 1963 693 2003 mea
728 1948 955 2004 Domino
989 1947 1161 2021 (Psal.
1195 1948 1346 2018 cvn).
1382 1969 1400 2001 ι
1429 1947 1760 2018 Sculpuntur
1787 1942 1837 2012 Β
1864 1943 2030 2014 Cujus
2079 1945 2356 2017 ingressus
2405 1945 2597 2001 ostiola
2645 1961 2742 2017 per
2784 1947 3231 2018 signiﬁcationem
3276 1948 3451 2003 multi-

148 2049 342 2106 torno,
388 2055 515 2096 cum
546 2041 812 2097 iutantum
838 2042 1134 2098 virtutibus
1158 2057 1381 2112 operam
1410 2042 1752 2113 impendunt.

148 2139 213 2185 ut
250 2131 323 2186 ab
366 2131 560 2187 barum
606 2133 825 2188 tramite
860 2133 1020 2189 nullis
1051 2134 1521 2190 circumstantium
1572 2148 1755 2189 rerum

151 2226 666 2295 contrarietatibus,
703 2226 866 2281 nullis
913 2226 1122 2297 possint
1148 2226 1537 2282 blandimentis
1558 2226 1750 2281 averti.

149 2315 296 2383 Qeia
329 2317 474 2371 enim
504 2326 786 2372 tornatura
818 2319 1029 2374 creteris
1055 2318 1262 2372 artibus
1293 2302 1580 2373 velocitate
1611 2334 1753 2388 prae-

110 2388 330 2470 .cellit,
372 2414 427 2462 et
473 2407 587 2477 ipsa
635 2406 739 2462 sibi
778 2406 1018 2478 regulam
1074 2421 1181 2476 qua
1226 2406 1341 2461 sine
1385 2421 1577 2462 errore
1618 2422 1757 2478 opus

148 2497 411 2570 perﬁciat
458 2506 682 2555 servat:
708 2507 830 2570 apte
856 2500 1121 2569 perbene
1156 2496 1244 2569 pia
1284 2504 1599 2553 sanctorum
1642 2499 1753 2554 vita

149 2593 428 2665 signatur,
473 2608 595 2663 qum
624 2600 680 2648 et
726 2598 913 2663 parata
944 2600 1027 2647 est
1068 2605 1285 2660 semper
1331 2590 1398 2645 ad
1434 2591 1757 2673 obsequium

154 2682 367 2739 divina:
387 2683 721 2740 voluntatis:
752 2685 933 2739 ethoc
955 2684 1161 2753 absque
1191 2682 1510 2739 diverticulo
1535 2686 1752 2741 errandi

148 2775 457 2846 complere,
514 2775 675 2847 longo
710 2776 977 2832 virtutum
1021 2774 1211 2830 didicit
1266 2788 1368 2829 usu
1427 2776 1753 2833 exercitata.

154 2885 176 2920 ι
206 2867 281 2923 Et
306 2866 437 2923 fecit
469 2867 752 2922 cherubim
784 2868 838 2922 in
857 2868 939 2922 eis
970 2874 1022 2920 et
1046 2868 1269 2939 palmas,
1304 2875 1360 2924 et
1389 2866 1631 2937 picturas
1661 2884 1756 2923 va-

152 2960 292 3027 rias,
349 2960 502 3030 quasi
534 2959 904 3030 prominentes
933 2962 999 3015 de
1028 2961 1234 3030 pariete
1259 2972 1314 3017 et
1338 2962 1696 3036 egredientes.
1729 2982 1749 3017 ι

147 3052 456 3109 Cberubim
497 3068 733 3123 namque
783 3054 837 3108 in
868 3054 1168 3124 parietibus
1207 3058 1389 3128 templi
1438 3056 1567 3113 fecit
1598 3052 1755 3113 Salo-

148 3154 310 3210 moa,
350 3158 477 3211 cum
515 3142 715 3200 eiectos
744 3159 873 3200 suos
906 3144 1165 3201 Dominus
1204 3149 1271 3203 ad
1312 3148 1549 3221 regulam
1607 3149 1756 3205 Scri-

146 3242 441 3308 pturarum
468 3244 785 3292 sanctarum
812 3236 1110 3308 (inquibus
1148 3248 1233 3294 est
1261 3240 1550 3295 multitudo
1571 3240 1752 3297 sciena

1861 2038 1997 2094 farie
2040 2047 2266 2109 possunt
2296 2039 2486 2110 accipi.
2520 2039 2653 2094 Nam
2684 2049 2736 2094 et
2767 2039 3038 2112 angelicos
3064 2041 3283 2111 spiritus
3314 2058 3452 2111 quo-

1859 2144 1979 2185 rum
2013 2130 2314 2186 ministerio
2341 2130 2781 2186 inliabitationcm
2808 2132 2997 2202 patrire
3021 2132 3259 2188 cmlestis
3284 2134 3451 2188 intro.

1859 2221 2129 2288 ducimur,
2155 2221 2433 2293 aptissime
2465 2224 2766 2294 designant.
2796 2222 2861 2278 Et
2886 2224 3252 2295 apostolorum
3266 2242 3450 2296 atque.

1859 2312 2392 2384 apostolicorumqne
2420 2312 2682 2378 virorum,
2717 2313 2911 2385 quibus
2948 2313 3126 2370 claves
3156 2315 3306 2387 regni
3333 2330 3450 2370 ca:-

1857 2400 2033 2461 lorum
2078 2414 2205 2461 sunt
2252 2405 2409 2471 data),
2462 2414 2647 2461 tenent
2693 2406 2918 2477 liguram
2960 2405 3094 2477 :qui
3150 2418 3372 2480 accepta
3419 2425 3452 2464 a

1857 2495 2089 2553 Domino
2114 2508 2384 2569 potestate
2432 2498 2630 2571 ligandi
2676 2508 2836 2570 atque
2880 2499 3146 2566 solvendi,
3182 2510 3236 2555 ct
3258 2502 3452 2572 dignos

1858 2587 2002 2644 intra
2027 2590 2176 2661 regni
2206 2589 2428 2660 januam
2455 2591 2772 2655 admittunt,
2800 2600 2855 2646 et
2876 2601 3245 2656 contumaces,
3279 2592 3455 2662 impu-

1860 2694 1953 2735 ros
2005 2696 2068 2735 ac
2104 2681 2383 2752 superbos,
2417 2682 2962 2748 cxcomnmnicamlo,
2994 2683 3109 2737 sive
3136 2684 3454 2737 anathema-

1859 2770 2096 2835 tizando,
2123 2773 2190 2827 ab
2222 2773 2467 2844 ingressu
2498 2772 2620 2827 vita:
2650 2774 2904 2842 perennis
2930 2773 3231 2828 clhninant.
3261 2775 3366 2829 Sed
3396 2783 3454 2829 ct

1856 2875 2021 2934 Opera
2044 2862 2286 2932 jnstitiar,
2314 2879 2545 2934 quorum:
2570 2865 2764 2919 merito
2785 2866 2851 2919 ad
2877 2880 3058 2935 regum
3086 2867 3310 2921 εαξη-διο
3331 2880 3451 2937 pcr-

1857 2955 2090 3020 vcnitur,
2118 2965 2265 3011 recte
2300 2972 2396 3027 per
2421 2958 2556 3013 ostia
2601 2958 2617 3028 (
2646 2972 2742 3028 per
2769 2973 2890 3028 quin
2926 2958 2976 3012 in
3005 2957 3204 3014 Sancta
3233 2969 3451 3015 sancto-

1858 3058 1979 3102 rum
2030 3048 2269 3119 pontil'es
2318 3048 2761 3122 ingrediebatur)
2808 3061 3031 3121 possunt
3078 3052 3254 3124 typice
3308 3052 3483 3107 desiu

1858 3139 2011 3211 gnari
2046 3138 2233 3208 :juxta
2277 3141 2377 3196 hoc
2412 3142 2554 3212 quod
2584 3142 2636 3196 in
2678 3142 2814 3197 libro
2845 3132 3139 3214 Sapientiae
3170 3145 3446 3223 scriptum

1859 3220 1944 3287 est
1984 3245 1999 3285 :
2047 3250 2066 3285 ι
2112 3230 2415 3288 Custoditio
2464 3243 2643 3288 autem
2692 3233 2866 3303 legum
2911 3220 3304 3293 consummatio
3362 3237 3448 3292 in-

148 3300 275 3399 ξὶω)
298 3328 470 3383 vitam
493 3340 646 3384 suam
669 3300 905 3400 dirigere
928 3300 1112 3385 donat,
1136 3330 1431 3387 cherubim
1459 3332 1606 3397 facit,
1633 3348 1757 3391 cum
1785 3300 1839 3379 εἶ
1863 3324 2230 3396 corruptionis
2259 3334 2377 3380 est:
2409 3324 2740 3396 incorruptio
2768 3339 2946 3381 autem
2973 3328 3101 3383 facit
3130 3343 3250 3384 esse
3275 3332 3455 3400 proxi¢

150 3434 260 3478 eos
290 3421 346 3476 in
380 3422 484 3478 hoc
514 3421 723 3478 mundo
748 3422 1056 3478 castitatem
1102 3424 1358 3496 angelica:
1390 3427 1760 3482 conversatio-

148 3512 267 3577 nis,
326 3524 428 3580 pro
466 3511 681 3566 modqu
726 3524 826 3567 suo
854 3512 1013 3568 docet
1054 3512 1302 3570 imitari:
1343 3515 1487 3585 quod
1524 3504 1759 3573 maxime

148 3600 365 3672 vigiliis
392 3614 458 3657 ac
498 3600 746 3658 laudibus
776 3602 992 3669 divinis,
1049 3602 1336 3659 dilectione
1372 3605 1583 3661 sincera
1616 3606 1761 3662 Con-

150 3694 358 3751 ditoris
381 3701 437 3749 et
474 3694 711 3765 proximi
748 3695 976 3767 geritur.
1022 3694 1240 3752 Palmas
1273 3697 1425 3765 facit,
1483 3714 1606 3755 cum
1641 3715 1756 3756 me-

152 3786 397 3841 moriam
434 3793 652 3842 aeterna-
687 3787 1063 3842 retributionis
1105 3804 1294 3844 corum
1322 3791 1596 3847 mentibus
1637 3792 1759 3847 inli-

152 3855 241 3950 iit
273 3891 295 3931 :
322 3887 382 3933 ut
426 3879 694 3935 cominus
730 3879 798 3934 ab
844 3893 969 3933 arce
992 3877 1217 3948 iustitiae
1243 3881 1351 3937 labi
1372 3891 1597 3952 queant,
1650 3896 1758 3954 quo

154 3970 475 4026 mercedem
494 3968 720 4040 iustitia:
752 3986 969 4041 semper
993 3982 1119 4027 ante
1148 3973 1336 4030 oculos
1373 3975 1628 4031 habeant.
1662 3976 1758 4033 Fa-

155 4062 241 4117 clt
268 4061 507 4131 picturas
548 4063 726 4117 varias
770 4062 923 4132 quasi
965 4065 1334 4133 prominentes
1363 4066 1430 4122 de
1450 4067 1657 4138 pariete
1704 4076 1758 4123 ct

151 4154 525 4225 egredientes,
577 4171 699 4211 cum
742 4154 1065 4212 multifarias
1114 4157 1374 4214 virtutum
1414 4161 1758 4231 operationes

160 4244 422 4301 ﬁdelibus
444 4245 649 4301 tribuit.
680 4246 842 4302 Verbi
875 4249 1070 4318 gratia,
1102 4247 1311 4305 viscera
1344 4251 1754 4321 misericordia),

156 4336 577 4408 benignitatem,
614 4338 992 4404 humilitatem,
1031 4340 1370 4411 patientiam,
1411 4344 1753 4401 modestiam.

158 4444 187 4483 α
230 4430 343 4486 Sed
368 4439 422 4486 et
453 4431 820 4502 pavimentum
867 4433 1057 4489 domus
1092 4436 1228 4490 texit
1255 4450 1388 4491 auro
1430 4437 1755 4498 intrinsecus

152 4528 214 4578 et
242 4522 606 4579 extrinsecus.
652 4544 671 4576 ι
719 4522 1047 4580 lntrinseens
1070 4536 1125 4581 et
1146 4524 1506 4595 extrinsecus,
1548 4530 1602 4585 in
1632 4546 1757 4587 ora‘

152 4615 286 4671 culo
312 4624 371 4670 et
394 4615 448 4670 in
471 4617 588 4686 ipso
619 4616 817 4688 templo
844 4617 1129 4689 significat.
1161 4619 1314 4676 'l'exit
1338 4637 1470 4695 ergo
1496 4622 1750 4682 Salomon

152 4707 537 4778 pavimentum
563 4708 755 4764 domus
776 4723 908 4763 auro
933 4709 1261 4767 intrinsecus
1308 4721 1362 4767 et
1383 4713 1747 4783 extrinsecus,
1778 4676 1835 4745 Β

154 4796 291 4869 quia
322 4810 423 4853 rex
461 4808 646 4855 noster
686 4798 948 4871 pacificus
987 4810 1043 4856 et
1070 4804 1290 4874 angelos
1340 4804 1504 4875 atque
1539 4809 1749 4865 animas

154 4892 429 4961 iustorum
446 4882 502 4947 in
517 4892 669 4949 caelis
682 4892 921 4966 perfecte
934 4909 996 4949 ac
1015 4894 1168 4966 plena
1178 4897 1255 4951 rie
1268 4899 1409 4953 dono
1424 4899 1748 4970 dilectionis,

157 4998 189 5036 a
221 4992 544 5037 ceterorum
578 4984 889 5039 mortalium
912 4985 1121 5040 visione
1153 4988 1404 5043 secrevit.
1442 5010 1460 5042 ι
1496 4990 1562 5045 Et
1585 4992 1638 5046 in
1670 4993 1754 5048 in-

156 5090 353 5146 gressu
397 5077 601 5132 oraculi
648 5076 779 5133 fecit
811 5078 1002 5134 ostiola
1037 5078 1103 5134 de
1130 5078 1286 5153 lignis
1321 5081 1610 5150 olivarum,
1653 5101 1753 5156 po-

157 5180 386 5241 stesque
401 5170 717 5241 angulorum
741 5171 999 5243 quinque,
1028 5181 1082 5227 et
1102 5172 1209 5228 duo
1232 5176 1368 5230 ostia
1393 5176 1458 5233 de
1478 5176 1638 5248 lignis
1658 5179 1753 5234 oli-

156 5282 377 5322 varum.
414 5287 433 5320 ι
465 5268 617 5336 Quod
646 5269 821 5340 primo
845 5258 1074 5336 dixerat,
1124 5268 1252 5327 fecit
1276 5273 1465 5329 ostiola
1502 5274 1567 5330 de
1592 5275 1757 5347 lignis

155 5359 455 5425 olivarum,
499 5360 604 5416 hoc
633 5360 807 5431 ipsum
842 5362 1057 5418 videtur
1084 5365 1324 5434 apertius
1349 5365 1624 5436 explicare
1655 5384 1754 5424 vo-

156 5452 331 5508 luisse
356 5466 480 5509 cum
502 5451 749 5523 adjunxit
775 5473 786 5509 :
818 5463 874 5509 et
898 5456 1005 5511 duo
1019 5457 1158 5512 ostia
1187 5455 1254 5511 de
1282 5456 1442 5531 lignis
1464 5458 1751 5517 olivarum.

156 5543 321 5601 Unus
370 5545 567 5617 quippe
597 5552 717 5601 erat
762 5545 1037 5618 ingressus
1073 5548 1297 5615 oraculi,
1357 5550 1450 5606 sed
1499 5551 1640 5607 idem
1681 5552 1759 5607 in-

156 5648 387 5713 gressus
429 5637 640 5695 duobus
680 5639 835 5696 ostiis
865 5639 1239 5696 claudebatur.
1299 5641 1641 5713 Rursumque
1674 5660 1757 5701 re-

158 5730 363 5786 seratis
410 5728 614 5786 eisdem
661 5732 1026 5804 aperiebatur,
1086 5734 1224 5787 sicut
1265 5734 1424 5789 etiam
1471 5734 1749 5805 templum.

156 5821 322 5879 Sicut
342 5822 585 5895 porticus
613 5833 737 5879 ante
761 5823 1041 5896 templum,
1075 5842 1239 5880 unum
1272 5842 1376 5881 non
1401 5827 1631 5898 amplius
1664 5828 1756 5883 ha-

153 5916 328 5977 bebat
356 5915 658 5975 introitum.
715 5916 865 5975 Certi
900 5919 1083 5991 utique
1110 5934 1272 5976 causa
1310 5920 1574 5985 mvsterii,
1624 5921 1750 5993 quia

1866 3433 2010 3472 nzum
2042 3418 2175 3474 Deo.
2208 3418 2659 3488 Concupiscentia
2693 3419 2876 3489 itaque
2906 3420 3186 3490 sapientia:
3221 3423 3453 3478 deducet

1864 3510 1931 3565 ad
1972 3526 2192 3583 regnum
2237 3511 2727 3583 pcrpctnuIMSap.
2761 3512 2859 3585 vr).
2897 3534 2914 3566 ι
2945 3512 3153 3581 Quibus
3198 3516 3454 3572 onntibns
3548 3538 3559 3555 ι

1863 3614 1988 3675 apte
2037 3605 2305 3675 congruit,
2349 3605 2493 3675 quod
2527 3604 2718 3660 eadem
2766 3605 2960 3661 ostiola
3004 3605 3073 3662 de
3113 3606 3273 3680 lignis
3319 3609 3454 3665 liunt

1863 3694 2148 3762 olivarum,
2197 3695 2322 3765 quia
2369 3695 2626 3749 nimirum
2655 3704 2711 3751 et
2754 3694 2927 3767 angeli
2961 3704 3013 3751 et
3042 3697 3289 3752 homines
3330 3714 3453 3771 pcr-

1862 3786 2014 3852 t'ccti,
2048 3786 2223 3841 fructu
2258 3786 2646 3842 misericordia:
2676 3798 2734 3844 ct
2758 3788 3015 3859 operibus
3046 3788 3181 3845 lucis
3205 3831 3219 3855 ,
3247 3806 3367 3848 sese
3400 3792 3452 3848 in

1863 3878 2024 3933 dmno
2046 3878 2139 3933 Dei
2164 3877 2428 3950 gloriosos
2459 3879 2720 3934 exhibent
2763 3897 2775 3933 :
2816 3879 2925 3935 imo
2953 3896 3143 3937 omnes
3167 3881 3326 3938 electi
3356 3899 3454 3954 per

1862 3984 2014 4024 arma
2052 3969 2188 4024 lucis
2215 3978 2269 4023 et
2306 3968 2524 4039 pietatis
2565 3970 2770 4025 aditum
2830 3971 2931 4027 sibi
2978 3974 3171 4045 patria:
3213 3975 3453 4032 caelestis

1863 4064 2133 4134 aperiunt.
2160 4062 2274 4119 Duo
2301 4072 2481 4118 autem
2506 4072 2632 4118 sunt
2655 4064 2871 4131 ostiola,
2899 4066 3014 4121 sive
3040 4067 3166 4136 quia
3193 4067 3361 4123 Deum
3389 4078 3455 4126 ac

1860 4156 2141 4228 proximos
2170 4154 2400 4225 diligunt
2428 4164 2482 4209 ct
2518 4155 2691 4228 angeli
2729 4165 2784 4210 et
2821 4172 3010 4212 omnes
3050 4157 3246 4223 sancti,
3279 4173 3453 4230 neque

1859 4248 2002 4303 ullus
2015 4248 2239 4317 januam
2259 4248 2400 4313 vita),
2419 4248 2519 4303 nisi
2538 4262 2633 4320 per
2648 4249 2917 4318 geminam
2943 4250 3082 4306 hanc
3105 4251 3453 4308 dilectionem

1859 4341 2061 4412 poterit
2091 4341 2294 4395 intrare
2322 4360 2334 4394 :
2367 4341 2460 4396 sed
2485 4341 2767 4412 utriusque
2789 4342 2969 4414 populi
3001 4343 3337 4411 iidclibus,et
3359 4344 3454 4402 Ju-

1860 4432 1959 4487 daei
1993 4430 2199 4487 scilicet
2224 4440 2278 4487 et
2307 4431 2543 4503 gentilis,
2570 4432 2757 4487 eadem
2789 4432 2917 4487 vita:
2938 4430 3104 4503 janua
3152 4446 3447 4492 reseratur.

1856 4520 2048 4581 Postes
2077 4525 2391 4598 angulorum
2439 4525 2699 4596 quinque,
2739 4528 2996 4598 quianon
3043 4528 3215 4585 solum
3241 4532 3454 4586 animas

1858 4621 2152 4676 electorum
2182 4620 2304 4675 aula
2324 4621 2444 4677 C(Bli
2470 4621 2678 4692 recipit,
2698 4622 2790 4695 sed
2812 4632 2866 4678 et
2894 4623 3213 4694 corporibus
3236 4623 3454 4680 immor-

1862 4715 1952 4769 tali
1973 4714 2141 4785 gloria
2171 4714 2424 4786 prtcditis,
2454 4714 2509 4769 in
2550 4715 2756 4787 judicio
2785 4732 2911 4773 suas
2942 4717 3085 4774 fores
3111 4719 3303 4791 aperit.
3342 4738 3360 4771 ο
3386 4720 3451 4775 Et

1859 4806 2083 4877 Sculpsit
2114 4806 2166 4861 in
2197 4808 2276 4861 eis
2300 4806 2566 4881 picturam
2594 4809 2876 4864 cherubim
2912 4820 2966 4866 et
2988 4810 3289 4881 palmarum
3329 4828 3483 4882 spe;

1858 4902 2047 4959 cies,et
2070 4899 2368 4972 anaglypha
2391 4898 2546 4955 valde
2567 4902 2944 4972 prominentia,
2971 4914 3027 4961 et
3054 4907 3188 4961 texit
3208 4920 3271 4962 ea
3295 4920 3449 4973 auro,

1860 5002 1916 5048 et
1959 4992 2171 5063 operuit
2221 5001 2329 5045 tam
2374 4993 2654 5047 cherubim
2699 5009 2861 5064 quam
2915 4997 3122 5066 palmas
3151 5006 3205 5052 et
3254 5008 3451 5054 ext-tera

1863 5103 2015 5144 auro.
2052 5108 2070 5139 ι
2101 5086 2411 5159 Anaglypha
2444 5086 2651 5153 Graece,
2687 5104 2808 5160 qua:
2836 5089 3027 5146 Latine
3055 5091 3306 5146 dicuntur
3349 5107 3452 5148 ca:-

1860 5179 2088 5238 laturte:
2123 5181 2250 5252 quia
2272 5183 2532 5237 virtutum
2560 5183 2815 5255 operibus
2856 5183 2997 5256 (quae
3024 5198 3117 5254 per
3154 5193 3323 5241 totum
3354 5204 3449 5242 or-

1861 5274 1985 5331 bem
2029 5273 2271 5329 Ecclesia
2317 5273 2370 5328 in
2408 5273 2610 5330 sanctis
2657 5273 2772 5330 suis
2805 5289 2871 5329 ac
2915 5274 3171 5345 perfectis
3209 5281 3449 5353 exercet)

1862 5364 1939 5423 illi
1964 5367 2249 5439 prarcipue,
2274 5365 2471 5437 quibus
2497 5364 2734 5423 ﬁdelium
2761 5381 2890 5422 cura
2919 5367 3229 5436 commissa,
3253 5378 3309 5427 et
3340 5373 3449 5429 cla-

1862 5472 1961 5519 ves
1990 5460 2140 5533 regni
2184 5458 2444 5515 cmlorum
2473 5468 2599 5516 sunt
2635 5460 2790 5525 datm,
2823 5459 2969 5515 omni
3008 5459 3241 5518 debeant
3277 5466 3445 5523 soler-

1868 5552 1940 5608 tia
1974 5552 2248 5619 insistere,
2268 5560 2329 5608 ut
2354 5560 2614 5623 quantum
2637 5550 2805 5624 gradu
2832 5552 3185 5620 prmeminent
3213 5559 3448 5625 caeteris,

1864 5652 2076 5702 tantum
2102 5654 2159 5703 et
2199 5645 2397 5701 merito
2418 5642 2738 5715 praecellant
2777 5643 2930 5699 boum
2959 5646 3207 5703 actionis.
3238 5648 3451 5706 Habent

1864 5744 2098 5809 namque
2145 5738 2198 5793 in
2244 5752 2302 5794 se
2346 5737 2616 5808 pieturam
2665 5735 2941 5791 cherubim
2989 5738 3276 5810 scalptum,
3322 5754 3444 5798 cum

1864 5831 2159 5903 angelicam
2190 5833 2242 5886 in
2280 5828 2442 5885 terris
2466 5829 2631 5885 vitam
2664 5828 2945 5903 (quantum
2976 5833 3292 5889 mortalibus
3320 5850 3446 5904 pas-

1862 5918 2015 5977 sibile
2036 5922 2140 5993 est)
2172 5931 2228 5979 et
2271 5929 2450 5977 mente
2479 5922 2763 5979 imitantur
2788 5931 2840 5980 et
2878 5938 3061 5999 opere.
3091 5922 3298 5979 [labent
3330 5921 3447 5996 pal~
