4044 6336
213 315 318 378 I35

1103 309 1360 372 ENARR.
1403 315 1470 372 IN
1509 315 1758 376 LIBROS
1797 313 2061 374 REGUM.
2099 347 2172 360 --
2209 319 2276 374 IN
2313 317 2442 375 LIB.
2485 319 2572 376 Ill.

3380 331 3492 390 454

203 443 312 500 est,
345 435 400 490 in
431 447 534 504 qua
567 429 908 488 dilectionem
941 429 1038 486 Dei
1065 441 1116 487 et
1151 433 1380 502 proximi
1413 447 1508 504 per
1545 433 1702 489 ﬁdem
1741 439 1796 490 et
1827 431 1874 492 Α
1901 429 2132 490 Domino
2171 433 2508 502 offerendas,
2555 433 2627 490 ibi
2657 435 2844 494 decem
2889 433 3092 498 luteres
3129 443 3196 498 ad
3231 443 3494 504 lavandae

201 525 610 596 Operationem,
635 539 734 595 per
761 523 1078 594 patientiam
1106 533 1159 580 et
1187 525 1574 596 benignitatem
1615 542 1800 584 serve-

201 635 348 674 mus.
375 617 638 674 Irrfutura
673 627 854 674 autem
879 619 992 674 vita
1021 619 1110 674 ubi
1139 619 1308 676 Deum
1349 629 1404 676 et
1438 620 1714 690 proximos
1742 621 1800 678 in

201 711 342 766 loca:
367 719 584 766 aeterna:
615 709 966 766 beatitudinis
990 711 1310 778 videbimus,
1339 711 1580 768 eamdem
1611 715 1800 784 utique

199 803 548 860 dilectionem
585 803 844 876 gemina,
888 805 1092 874 absque
1141 805 1252 860 ullo
1303 819 1526 876 prorsus
1577 805 1794 874 labore,

197 896 312 952 imo
335 897 387 950 in
409 912 602 968 magna
623 895 967 952 multitudine
993 897 1188 954 divina:
1207 897 1506 954 dulcedinis
1531 899 1793 956 fruemur.

197 988 358 1044 lfnde
399 997 524 1060 apte
555 988 810 1044 introitus
839 989 1122 1044 interioris
1153 989 1376 1056 domus,
1421 991 1528 1045 duo
1575 989 1796 1060 quidem

193 1081 342 1136 ostia
371 1098 384 1134 :
415 1083 510 1138 sed
537 1081 654 1136 haec
677 1079 940 1150 simplicia
969 1081 1222 1136 habebat.
1253 1079 1369 1136 Non
1395 1083 1540 1136 enim
1563 1083 1636 1138 ibi
1661 1081 1796 1138 ﬁdes

191 1176 508 1232 necessaria
538 1181 642 1242 est,
674 1175 764 1230 ubi
798 1191 862 1230 ea
889 1191 1008 1246 qua:
1035 1191 1176 1231 nunc
1201 1175 1476 1256 credimus.
1505 1192 1570 1232 ac
1609 1191 1796 1248 spera-

189 1283 322 1322 mus
367 1267 548 1322 omnia
615 1265 902 1322 manifesta
949 1265 1068 1324 lucc
1112 1265 1436 1324 videbimus.
1479 1267 1598 1324 Non
1638 1268 1795 1324 labor

187 1374 423 1430 operum
453 1359 826 1424 necessarius,
859 1359 952 1416 ubi
993 1359 1250 1414 mercede
1297 1369 1560 1430 perpetua
1602 1375 1792 1416 eorum

187 1467 316 1520 qnte
349 1453 438 1508 hic
467 1453 778 1508 laboramus
807 1451 1148 1534 donabimur.
1185 1451 1302 1508 Non
1347 1453 1654 1508 necessaria
1692 1469 1792 1524 pa-

185 1545 408 1612 tientia,
437 1545 528 1600 ubi
567 1561 724 1602 nemo
749 1545 960 1602 adversi
983 1543 1188 1616 aliquid
1217 1546 1440 1618 irroget.
1467 1545 1584 1602 Non
1615 1549 1790 1604 muni-

183 1637 412 1694 ﬁcentia
435 1639 802 1712 benignitatis,
825 1639 918 1696 ubi
949 1655 1108 1694 nemo
1131 1639 1354 1712 indiget,
1379 1655 1514 1710 opus
1537 1649 1638 1698 est.
1663 1641 1792 1699 Haec

183 1729 256 1786 de
295 1731 562 1788 ostiorum
609 1731 784 1802 ﬁgura
825 1747 926 1802 pro
971 1731 1186 1788 modulo
1233 1741 1453 1800 nostro,
1497 1741 1787 1804 sequentes

1902 523 2118 578 easdem
2149 525 2380 592 hostias,
2403 525 2476 582 ibi
2501 541 2652 582 mare
2678 543 2886 584 aeneum
2917 539 3038 588 erat
3061 535 3296 604 positum
3321 539 3390 593 ad
3413 537 3492 594 la-

1901 617 2104 672 vandas
2133 633 2326 674 manus
2347 619 2618 690 pedesque
2641 623 3002 680 sacerdotum.
3041 625 3288 684 Habebat
3307 639 3493 689 autem

1899 709 2002 766 hoc
2022 711 2220 766 atrium
2253 721 2528 770 trecentos
2559 715 2771 772 cubitos
2801 715 3102 776 altitudinis
3126 719 3208 792 (ut
3225 719 3492 794 Josephus

1899 803 2110 872 narrat)
2139 811 2410 874 quatenus
2436 805 2505 860 ab
2541 806 2790 878 ingressu
2821 809 3006 880 templi
3045 787 3272 868 creteros
3307 787 3516 884 probri

1897 891 2082 959 heret,
2127 901 2184 949 et
2221 895 2350 951 solis
2376 899 2756 956 sacerdotibus
2801 901 2906 958 hoc
2934 901 3100 959 licere
3131 889 3518 976 signiﬁcarem

1873 985 2136 1060 Eratque
2180 991 2230 1044 ei
2273 989 2444 1059 janua
2487 993 2554 1048 ad
2603 995 2922 1052 orientalem
2956 997 3294 1068 plagam,ad
3325 1015 3490 1070 quam

1895 1097 2068 1153 usque
2109 1083 2338 1154 populus
2369 1085 2574 1142 hostias
2619 1103 2746 1144 suas
2789 1097 2844 1144 et
2887 1089 3158 1146 sacriﬁcia
3189 1091 3488 1160 inferebat,

1895 1175 2023 1232 inde
2047 1177 2386 1248 suscipienda
2417 1194 2448 1234 a
2485 1181 2860 1238 sacerdotibus
2884 1191 3046 1254 atque
3075 1183 3142 1238 ad
3171 1183 3342 1240 altare
3355 1201 3490 1255 pro-

1893 1267 2137 1325 ferenda.
2163 1271 2238 1326 De
2265 1271 2526 1328 exteriori
2547 1287 2674 1328 vero
2713 1274 2874 1339 atrio,
2905 1275 3050 1346 quod
3073 1274 3254 1330 Verba
3274 1276 3486 1332 dierum

1891 1361 2176 1416 basilicam
2221 1364 2483 1432 grandem
2532 1371 2764 1430 vocant,
2815 1365 2888 1420 ita
2945 1365 3136 1420 scribit
3181 1363 3485 1436 Iosephus:

1893 1455 2248 1512 Extrinsecus
2269 1465 2450 1512 autem
2475 1455 2634 1526 hujus
2657 1458 2864 1530 templi,
2889 1460 3050 1515 aliam
3077 1459 3366 1518 aediﬁcavit
3391 1477 3488 1516 au-

1891 1545 1998 1602 lam
2021 1549 2380 1621 quadranguli
2409 1551 2688 1606 schemate
2715 1551 2939 1608 factam.
2969 1553 3196 1624 Erigens
3219 1555 3486 1611 maximas

1889 1637 2130 1708 porticus
2159 1645 2322 1708 atque
2341 1639 2570 1706 latas,et
2591 1649 2781 1712 portas
2803 1641 3046 1698 excelsas
3078 1652 3132 1698 et
3159 1643 3368 1714 amplas
3389 1660 3488 1715 per

1891 1739 2126 1800 quatuor
2151 1731 2334 1786 mundi
2367 1739 2552 1802 partes
2587 1731 2642 1788 in
2672 1749 2738 1790 eo
2763 1733 3080 1800 continens,
3118 1751 3348 1806 quarum
3373 1737 3486 1792 sin-

179 1829 410 1890 patrum
441 1823 666 1894 vestigia
706 1823 1083 1880 disseruimus.
1125 1821 1322 1878 Verum
1355 1821 1510 1892 juxta
1551 1823 1782 1880 formam
1809 1805 1859 1868 Β
1885 1821 2024 1894 gulae
2053 1821 2122 1876 ad
2142 1837 2584 1894 unumquemque
2599 1833 2816 1880 ventum
2839 1834 3072 1896 quatuor
3091 1805 3302 1898 angulis
3315 1836 3486 1883 atten-

181 1913 364 1984 ipsius
393 1915 608 1985 Operis,
641 1916 822 1971 decori
855 1915 1028 1987 gratia
1063 1917 1342 1986 provisum
1365 1925 1478 1984 est,
1504 1925 1564 1972 ut
1596 1918 1648 1972 in
1675 1933 1786 1974 uno

179 2005 493 2077 eodemque
521 2007 702 2078 templi
725 2009 998 2080 ingressu,
1021 2009 1128 2066 duo
1153 2019 1332 2066 essent
1361 2011 1521 2066 ostia.
1553 2011 1786 2070 Necesse

179 2099 392 2154 etenim
425 2109 542 2154 erat
569 2099 802 2170 parietes
833 2101 1046 2166 domus,
1079 2117 1199 2172 qua:
1227 2111 1444 2158 centum
1479 2103 1666 2175 viginti
1695 2121 1788 2162 cu-

175 2189 332 2246 bitos
359 2191 630 2248 habebant
663 2193 716 2246 in
745 2193 1050 2258 altitudine,
1075 2193 1364 2250 nonnullos
1387 2195 1552 2250 etiam
1577 2197 1784 2266 grossi-

179 2281 392 2338 tudinis
419 2283 630 2340 cubitos
653 2285 876 2350 habere,
909 2285 960 2340 in
993 2285 1151 2358 cujus
1173 2287 1432 2342 nimirum
1459 2289 1782 2358 grossitndi-

177 2375 266 2429 nis
297 2383 544 2432 extrema
591 2385 744 2448 parte
787 2377 926 2432 ostia
969 2387 1126 2432 erant
1166 2375 1356 2446 affixa,
1397 2380 1552 2434 itaut
1577 2379 1786 2450 aequale

177 2467 384 2538 parieti
414 2479 560 2524 esset
595 2469 792 2526 ostium
823 2479 1148 2541 utrumque,
1193 2479 1248 2527 et
1287 2472 1401 2528 sive
1451 2471 1628 2538 intus,
1669 2473 1784 2528 sive

179 2555 320 2613 foris
369 2559 626 2630 templum
675 2561 906 2630 quisque
953 2563 1162 2632 positus
1207 2563 1408 2618 ostium
1459 2563 1778 2632 inspiceret,

175 2665 330 2706 unus
363 2651 412 2705 ei
437 2667 536 2721 per
563 2653 744 2706 omnia
771 2653 952 2720 paries
973 2669 1096 2710 esse
1119 2649 1418 2710 videretur.
1447 2653 1710 2710 Similiter
1729 2663 1786 2712 et

175 2743 440 2798 cedrinus
465 2743 644 2814 paries
667 2759 794 2798 cum
823 2745 1138 2800 vicenorum
1163 2745 1218 2800 in
1251 2745 1592 2820 longitudine
1621 2755 1676 2802 et
1706 2747 1784 2802 al-

173 2834 418 2889 titudine
445 2843 588 2890 esset
619 2837 944 2902 cubitorum,
975 2853 1082 2892 non
1108 2853 1332 2908 parvam
1363 2847 1418 2894 et
1457 2839 1570 2910 ipse
1597 2839 1780 2896 debuit

173 2927 388 2982 habere
399 2927 854 2998 -grossitndinem.
885 2929 1227 3002 Quapropter
1247 2915 1318 2988 'et
1345 2930 1510 3000 hujus
1535 2933 1782 3004 ingressu

173 3017 284 3074 duo
317 3017 460 3074 facta
487 3029 614 3074 sunt
647 3021 784 3076 ostia
803 3061 820 3089 ,
841 3031 900 3076 ut
923 3023 1178 3080 videlicet
1207 3025 1276 3080 ab
1301 3035 1538 3096 utroque
1577 3025 1780 3094 latere,

173 3111 282 3168 hoc
315 3121 424 3178 est,
451 3121 508 3168 et
535 3113 682 3170 intus
707 3123 764 3170 et
789 3113 920 3172 foris
944 3117 1154 3188 :equale
1181 3117 1380 3188 parieti
1405 3119 1604 3174 ostium
1627 3127 1780 3188 patec

1889 1913 2105 1976 debant,
2143 1913 2232 1968 ubi
2260 1929 2454 1970 aureas
2471 1913 2672 1983 januas
2707 1915 3010 1972 collocavit.
3045 1917 3114 1972 Et
3135 1917 3298 1988 paulo
3317 1927 3438 1988 post
3467 1937 3481 1973 :

1887 2003 1946 2058 In
1975 2005 2078 2060 hoc
2107 2019 2238 2074 ergo
2267 2005 2571 2062 sacrarium
2589 2047 2606 2072 ,
2639 2021 2830 2062 onmes
2855 2007 3034 2078 populi
3057 2007 3256 2078 quibus
3281 2023 3484 2079 purga-

1891 2093 1966 2150 tio
1992 2103 2046 2150 et
2075 2097 2384 2152 observatio
2411 2097 2776 2169 legitimorum
2807 2099 2984 2154 inerat
3025 2099 3340 2156 introibant.
3373 2099 3486 2158 llas

1887 2201 2018 2242 vero
2047 2187 2308 2256 porticus,
2337 2187 2694 2244 Cassiodorus
2723 2187 2978 2256 Senator,
3011 2191 3064 2245 in
3095 2191 3306 2262 pictura
3339 2199 3482 2246 tem-

1885 2279 1960 2350 pli
1985 2295 2148 2350 quam
2181 2281 2236 2336 in
2271 2279 2560 2340 Pandectis
2591 2283 2772 2354 posuit
2797 2283 2880 2354 (ut
2909 2284 3024 2354 ipse
3055 2283 3110 2340 in
3143 2283 3486 2352 Psalmorum

1887 2371 2226 2442 expositione
2265 2373 2680 2446 commemorat)
2727 2375 2932 2445 triplici
2971 2375 3164 2432 ordine
3209 2377 3480 2434 distinxit.

1885 2461 2130 2518 Primum
2159 2463 2412 2520 videlicet
2449 2466 2696 2522 ordinem
2723 2481 2936 2538 ponens
2965 2477 3122 2524 extra
3155 2469 3356 2524 atrium
3388 2485 3482 2526 sa-

1887 2553 2168 2610 cerdotum
2193 2571 2261 2611 ex
2291 2557 2440 2612 omni
2477 2567 2633 2628 parte
2663 2573 2762 2630 per
2803 2559 3092 2630 quadrum.
3127 2559 3442 2618 Secundum
3463 2603 3482 2630 ,

1887 2647 2076 2704 eodem
2105 2649 2265 2706 modo
2283 2659 2438 2706 extra
2461 2651 2682 2708 intimas
2707 2653 2970 2722 porticus,
2999 2655 3238 2724 undique
3263 2671 3485 2712 versum

1889 2739 1942 2792 in
1969 2754 2122 2810 gyro.
2147 2731 2486 2818 Extremum,
2512 2741 2765 2798 similiter
2785 2757 2852 2798 ex
2875 2745 3020 2798 omni
3045 2745 3216 2800 latere
3235 2748 3484 2818 priorum

1887 2829 2192 2900 porticuum
2223 2831 2276 2886 in
2297 2815 2548 2890 circuitu.
2578 2833 2776 2902 Sicque
2805 2835 3064 2904 templum
3099 2815 3330 2904 triformi
3353 2839 3482 2896 tedi-

1891 2918 2135 2976 liciormn
2177 2921 2462 2990 praesidio,
2513 2921 2582 2978 ab
2627 2925 2774 2978 onmi
2821 2933 2944 2980 erat
2979 2936 3136 2997 parte
3163 2928 3476 2984 munitmn:

1887 3009 2032 3068 facto
2063 3011 2376 3082 pavimento
2403 3013 2506 3068 sub
2543 3013 2687 3078 divo,
2721 3015 2864 3070 inter
2905 3015 3134 3072 aediﬁcia
3171 3018 3384 3090 singula
3411 3021 3481 3077 de

1887 3119 2162 3160 marmore
2191 3112 2246 3160 et
2283 3105 2582 3176 parietibus
2629 3107 2912 3162 domorum
2955 3109 3342 3176 interioribus,
3381 3113 3486 3166 hoc

171 3211 260 3258 ret
289 3221 306 3256 :
341 3211 398 3258 et
429 3219 536 3272 quo
577 3217 674 3274 per
713 3206 932 3260 easdem
963 3169 1209 3277 picturas
1249 3209 1516 3264 ostiorum
1555 3169 1692 3280 quas
1727 3218 1784 3266 et

1889 3207 2000 3260 est,
2048 3196 2128 3250 eis
2165 3197 2257 3266 qui
2287 3199 2354 3252 ad
2393 3197 2648 3268 templum
2691 3199 3060 3270 reSpiciebant
3093 3201 3252 3258 factis
3291 3203 3345 3258 in
3386 3217 3482 3272 co-

171 3297 362 3366 paries
389 3294 650 3362 habebat,
681 3299 953 3356 veraciter
983 3315 1124 3356 unus
1150 3315 1248 3372 per
1293 3302 1478 3356 omnia
1509 3313 1566 3358 et
1600 3303 1780 3358 conti—

171 3385 396 3440 nuatim
449 3396 702 3442 extentus
749 3389 948 3458 parics'
981 3389 1310 3446 videretur:
1353 3407 1521 3447 unum
1569 3393 1783 3448 decoris

169 3477 362 3546 gratia
391 3479 764 3548 prtetendens,
793 3479 938 3536 aliud
969 3481 1256 3538 ministerii
1275 3525 1290 3550 ,
1321 3483 1780 3554 dispensationem

167 3567 558 3640 praeﬁgurans.
593 3569 746 3638 Quod
775 3589 906 3628 vero
933 3575 1000 3630 de
1025 3575 1245 3644 scriptis
1283 3575 1468 3646 templi
1497 3577 1654 3632 ostiis
1691 3593 1780 3634 se-

169 3661 386 3730 quitur,
425 3679 442 3712 α
477 3661 544 3716 Ει
569 3663 792 3734 sculpsit
813 3665 1098 3722 cherubim
1127 3675 1182 3722 et
1215 3667 1422 3737 palmas
1461 3677 1518 3724 et
1553 3667 1776 3724 Caelatu-

171 3767 266 3808 ras
299 3751 460 3808 valde
495 3755 798 3810 eminentes
819 3797 832 3820 ,
871 3758 1196 3830 operuitque
1227 3759 1408 3814 omnia
1447 3759 1662 3817 laminis
1691 3777 1784 3816 au-

171 3843 326 3908 reis,
376 3859 538 3914 opere
581 3847 792 3916 quadro
841 3847 908 3902 ad
957 3849 1240 3921 regulam:
1281 3871 1300 3903 ι
1341 3851 1469 3922 quia
1521 3853 1780 3908 nimirum

169 3935 371 3991 eadem
403 3953 602 3994 arcana
631 3939 778 4006 ﬁdei,
813 3941 926 4010 spei
965 3951 1022 3996 ct
1041 3943 1354 4006 charitatis,
1382 3959 1502 4014 quae
1526 3943 1784 4000 sublimes

169 4025 388 4096 quique
409 4043 472 4082 ac
499 4029 723 4098 perfecti
753 4030 1062 4086 sublimiter
1081 4033 1320 4102 capiunt,
1343 4049 1572 4104 quaeque
1592 4049 1782 4090 omnes

169 4119 340 4176 electi
369 4121 526 4190 plene
553 4121 733 4177 divina
765 4123 974 4178 visione
1001 4123 1328 4194 percipiunt,
1353 4125 1516 4180 etiam
1545 4125 1784 4180 catechi—

171 4211 374 4268 zandis
395 4213 620 4272 rudibus
643 4231 744 4286 pro
762 4229 862 4272 suo
891 4215 1090 4288 cuique
1113 4223 1276 4287 captu
1301 4217 1558 4272 discenda
1582 4225 1636 4272 et
1658 4233 1782 4272 con-

169 4303 386 4361 ﬁtenda
417 4305 702 4362 traduntur
727 4325 740 4362 :
771 4315 1038 4379 quatenus
1063 4309 1236 4364 sacris
1265 4309 1462 4364 initiati
1484 4309 1780 4380 mysteriis,

171 4399 510 4468 quandoque
533 4399 698 4454 etiam
725 4399 794 4456 ad
819 4399 1084 4471 capienda
1115 4415 1180 4456 ea
1203 4415 1326 4472 qua:
1349 4401 1438 4472 pie
1467 4403 1776 4470 credidere,

169 4486 522 4556 perveniant.

255 4598 274 4628 ι
313 4577 384 4630 Et
413 4577 704 4634 aediﬁcavit
729 4593 826 4634 rex
855 4577 1112 4636 Salomon
1137 4581 1336 4637 atrium
1361 4581 1590 4638 interius
1613 4583 1786 4640 tribus
1809 4561 1862 4621 D

177 4687 198 4722 ε
237 4667 530 4726 ordinibus
557 4669 798 4739 lapidum
827 4671 1142 4742 politorum,
1167 4681 1224 4728 et
1251 4688 1360 4728 uno
1389 4673 1580 4729 ordine
1611 4673 1782 4746 ligno—

177 4778 200 4812 ε
239 4777 372 4816 rum
405 4761 572 4816 cedri.
603 4781 622 4814 ι
645 4761 718 4818 De
747 4763 1150 4818 interioriatrio
1173 4765 1412 4822 breviter
1437 4765 1696 4836 loquitur,
1719 4768 1788 4824 de

113 4851 124 4926 ζ
171 4849 446 4906 exteriori
481 4865 702 4922 prorsus
749 4861 928 4908 tacere
963 4854 1193 4910 videtur.
1243 4855 1443 4912 Verum
1496 4857 1550 4912 in
1607 4859 1790 4914 verbis

117 4927 124 4988 ἶ
173 4941 396 4998 dierum
445 4943 725 5016 utriusque
779 4945 842 5000 ﬁt
891 4947 1126 5014 mentio,
1173 4947 1262 5002 ubi
1295 4948 1366 5002 ita
1395 4949 1654 5020 scriptum
1681 4959 1784 5006 est.

179 5053 202 5088 ς
240 5035 404 5090 Fecit
427 5039 588 5092 etiam
619 5039 816 5093 atrium
849 5041 1216 5108 sacerdotum,
1235 5049 1289 5097 et
1309 5041 1588 5098 basilicam
1618 5059 1780 5114 gran-

177 5129 336 5194 dem,
367 5137 422 5183 et
445 5130 580 5184 ostia
605 5129 658 5184 in
684 5131 910 5186 basilica
937 5147 1058 5202 qua:
1089 5133 1342 5188 lexitzere
1365 5131 1448 5204 (ΙΙ
1469 5129 1602 5186 Par.
1623 5133 1724 5204 Iv).
1757 5153 1776 5185 ι

175 5219 403 5278 Atrium
429 5239 560 5278 vero
587 5225 836 5290 interius,
867 5227 1012 5296 quod
1033 5233 1262 5282 “vocatur
1293 5227 1638 5281 sacerdotum
1661 5267 1676 5292 ,
1717 5241 1784 5282 eo

177 5315 336 5386 quod
375 5316 688 5373 sacerdotes
733 5325 788 5372 et
834 5317 1010 5373 levitas
1059 5319 1114 5372 in
1159 5333 1224 5374 eo
1267 5318 1675 5383 ministrarent,
1715 5333 1786 5374 ex

177 5405 340 5462 omni
363 5415 514 5476 parte
533 5417 653 5462 erat
677 5408 876 5479 templo
899 5409 1318 5464 circumdatum.
1349 5407 1454 5464 Sed
1483 5411 1550 5464 ab
1572 5410 1788 5466 oriente

177 5497 436 5570 ejusdem
461 5501 664 5572 templi,
687 5511 806 5556 erat
831 5501 1106 5572 ingressus
1133 5503 1304 5556 multo
1333 5501 1544 5572 longius
1583 5519 1614 5556 a
1653 5511 1790 5558 tem-

175 5591 306 5662 plo,
359 5607 520 5662 quam
563 5608 593 5647 a
647 5593 858 5650 caeteris
897 5595 1069 5650 tribus
1115 5593 1287 5664 plagis
1329 5603 1576 5650 secretus
1613 5612 1626 5648 :
1659 5593 1786 5664 quia

177 5683 452 5740 nimirum
485 5687 538 5740 in
567 5701 627 5742 ea
659 5687 836 5758 plaga,
863 5687 916 5742 id
947 5695 1030 5744 est
1065 5687 1120 5742 in
1151 5685 1286 5742 facie
1315 5685 1536 5756 templi.
1585 5685 1787 5742 ﬁebant

177 5773 494 5836 ministeria
535 5787 846 5836 sanctorum
869 5821 884 5848 ,
917 5779 992 5836 ibi
1041 5779 1214 5836 altare
1253 5793 1464 5836 aeneum
1506 5779 1574 5836 ad
1609 5779 1777 5837 ostias

1885 3287 2104 3356 lnmnis,
2129 3289 2493 3344 exterioribus
2535 3305 2662 3346 vero
2709 3291 2916 3346 solidis.
2947 3293 3146 3364 Sicque
3189 3294 3384 3362 ﬁebat,
3423 3305 3486 3352 ut

1885 3380 2062 3437 omnis
2114 3389 2388 3436 structura
2438 3383 2620 3452 templi
2656 3399 2752 3454 per
2779 3385 3043 3454 graduum
3075 3397 3220 3442 esset
3249 3387 3486 3444 varieta-

1887 3481 1996 3528 tem
2033 3472 2434 3528 rationabiliter
2460 3473 2736 3530 distincla.
2767 3473 3010 3546 Namque
3041 3477 3092 3532 in
3123 3477 3324 3534 Sancta
3357 3495 3484 3534 san-

1885 3573 2098 3619 ctorum
2145 3563 2550 3636 ingrediebatur
2577 3567 2819 3638 pontifex
2848 3610 2862 3632 ,
2911 3568 2964 3622 in
3007 3569 3182 3640 ipsum
3219 3571 3482 3642 templum

1885 3657 2202 3712 sacerdotes
2233 3657 2500 3726 puriﬁcati
2529 3676 2542 3712 :
2577 3659 2630 3712 in
2665 3643 2862 3714 atrium
2889 3661 3234 3716 sacerdotum
3253 3702 3266 3726 ,
3293 3675 3480 3718 sacer-

1885 3749 2038 3803 dotes
2065 3749 2332 3818 puriﬁcati
2360 3763 2375 3802 :
2405 3757 2458 3804 et
2489 3739 2598 3804 non
2623 3751 2896 3820 puriﬁcati
2927 3769 3032 3808 una
3063 3769 3186 3808 cum
3223 3753 3402 3810 levitis
3427 3761 3484 3810 et

1887 3841 2204 3896 cantoribus
2243 3859 2254 3894 :
2315 3841 2368 3896 in
2421 3842 2670 3897 intimum
2721 3843 2920 3898 atrium
2967 3845 3208 3902 basilica:
3257 3845 3484 3918 majoris

1887 3933 1988 3986 viri
2017 3931 2184 3988 Juduti
2217 3933 2486 4003 puriﬁcati
2533 3943 2742 3990 stantes
2779 3945 2836 3992 et
2865 3946 3088 3992 orantes
3117 3935 3216 3992 sub
3243 3937 3366 3992 divo
3387 3977 3400 4000 ,
3435 3938 3484 3992 si

1887 4039 2140 4080 serenum
2175 4033 2358 4080 esset:
2391 4027 2435 4080 si
2469 4035 2794 4096 tempestas,
2826 4028 2881 4082 in
2927 4029 3170 4098 porticus
3205 4027 3482 4098 proximas

1885 4129 2006 4170 sese
2037 4116 2382 4186 recipientes.
2415 4115 2472 4170 lu
2503 4118 2747 4174 exterius
2774 4119 2974 4172 atrium
3009 4117 3264 4173 mulieres
3301 4119 3478 4174 vidua:

1885 4207 2208 4278 puriﬁcatm.
2237 4207 2294 4262 ln
2321 4216 2624 4265 extremum
2665 4209 2864 4266 atrium
2911 4209 3138 4282 gentiles
3175 4219 3232 4266 et
3273 4209 3480 4278 Judaei,

1887 4299 1980 4368 qui
2013 4313 2186 4367 nuper
2213 4309 2478 4356 venerant
2523 4315 2590 4356 ex
2637 4301 2891 4372 gentibus
2937 4317 3112 4374 usque
3155 4303 3222 4358 ad
3263 4313 3478 4362 sextum

1887 4391 2508 4462 puriﬁcationis-‘djem,
2556 4395 2674 4450 haec
2719 4403 2777 4449 ut
2817 4395 2870 4449 in
2915 4395 3124 4466 pictura
3168 4395 3482 4452 Cassiodori

1889 4485 2144 4540 distincta
2193 4487 2498 4554 reperimus
2533 4485 2772 4542 breviter
2817 4496 3082 4543 annotare
3125 4489 3478 4544 curavimus:
3557 4553 3564 4566 Ι

1889 4579 1994 4632 rati
2041 4595 2164 4634 cum
2199 4581 2266 4634 ab
2305 4581 2544 4650 antiquis
2583 4581 2698 4636 haec
2731 4579 2932 4652 Judaeis
2973 4581 3260 4648 didicisse,
3305 4596 3484 4652 neque
3555 4579 3564 4640 ἓ

1887 4669 2066 4724 virum
2097 4679 2206 4724 tam
2231 4672 2510 4734 eruditum
2529 4671 2764 4728 voluisse
2791 4649 3098 4745 dxemplum
3129 4675 3338 4746 legendi
3361 4689 3482 4744 pro-

1887 4775 2092 4830 ponere
2113 4802 2126 4824 ,
2155 4777 2276 4832 quae
2307 4777 2412 4818 non
2445 4762 2562 4834 ipse
2589 4763 2738 4832 prius
2775 4777 2902 4818 vera
2949 4779 3068 4820 esse
3117 4765 3480 4836 cognovisset.

1889 4851 2018 4908 [Lee
2041 4861 2168 4908 sunt
2191 4855 2308 4908 loca
2327 4893 2340 4918 ,
2367 4869 2596 4924 quorum
2627 4855 2876 4910 n'ictuinit
2901 4871 3185 4928 supremus
3212 4855 3480 4926 graduum

1889 4945 2152 5014 psalmus,
2177 4945 2268 5016 qui
2311 4945 2382 5000 ita
2407 4945 2596 5016 incipit
2626 4963 2638 5000 ε
2675 4965 2693 4996 ε
2731 4947 2870 5004 Ecce
2895 4965 3038 5006 llllllC
3057 4948 3360 5004 benedieite
3381 4947 3484 5002 Do-

1891 5035 2040 5090 mino
2065 5051 2254 5090 omnes
2283 5037 2421 5090 servi
2467 5037 2708 5104 Domini,
2747 5039 2840 5108 qui
2877 5039 3036 5094 statis
3085 5039 3136 5092 in
3175 5039 3333 5092 domo
3377 5039 3480 5094 Do-

1887 5127 2043 5190 mini,
2067 5127 2120 5180 in
2151 5127 2306 5182 atriis
2336 5127 2527 5184 donius
2555 5129 2648 5184 Dei
2677 5133 2845 5186 nostri
2881 5129 3054 5202 (Ps-al.
3085 5129 3336 5200 cxxxiii).
3373 5149 3390 5180 ι
3420 5131 3480 5186 ln

1889 5218 1976 5274 his
2003 5217 2302 5288 porticibus
2334 5217 2598 5276 .leremias
2629 5229 2682 5276 et
2717 5223 2993 5292 proplteue
3023 5221 3148 5286 alii;
3177 5221 3230 5274 in
3263 5221 3348 5274 his
3377 5221 3482 5275 Do-

1891 5309 2070 5364 minus
2109 5317 2164 5364 et
2205 5311 2474 5380 apostoli,
2501 5313 2726 5368 verbum
2767 5311 2964 5382 populo
2999 5311 3386 5382 praedicabant.
3419 5311 3480 5368 In

1891 5401 2086 5456 horum
2131 5403 2310 5476 aliqua
2340 5404 2600 5460 Dominus
2647 5403 2868 5459 sedebat
2919 5405 3140 5472 docens,
3187 5405 3403 5476 quando
3446 5423 3480 5462 a

1893 5497 2232 5552 tentantibus
2261 5497 2550 5554 Pharisaeis
2587 5497 2778 5552 mulier
2807 5497 2892 5552 illa
2918 5481 3160 5554 adultera
3187 5499 3480 5568 iudicanda

1889 5591 2072 5645 oblata
2101 5599 2183 5646 est
2227 5591 2410 5664 (Joan.
2439 5590 2578 5664 vm).
2609 5589 2666 5644 1n
2711 5591 2795 5646 his
2837 5591 3042 5647 invenit
3087 5593 3382 5648 vendentes
3425 5599 3482 5648 et

1889 5693 2134 5740 ementes
2163 5697 2312 5748 oves,
2359 5683 2525 5738 boves
2555 5693 2610 5738 et
2639 5683 2916 5740 columbas
2941 5703 2952 5738 :
2987 5685 3194 5756 hosque
3214 5699 3336 5740 cum
3368 5683 3482 5738 suis

1887 5775 2260 5833 mercimoniis
2279 5775 2580 5833 eliminavit
2605 5791 2636 5834 e
2669 5777 2866 5852 templo
2889 5777 3100 5854 (.llauh.
3139 5781 3278 5853 xxi).
3303 5775 3372 5832 Et
3393 5777 3480 5834 his
