4044 6336
540 218 644 277 455

1552 208 1921 277 'ANGELOMI
1952 201 2420 277 LUXOYIENSIS
2460 199 2771 261 MONACBI

3726 198 3824 259 ω

532 330 730 387 Petrus
752 335 808 403 et
830 324 1068 383 Joannes
1086 325 1352 395 claudum
1382 308 1720 385 invenientes
1746 330 2032 388 sanarunt,
2058 335 2124 377 ac
2148 321 2201 385 Α
2228 325 2531 389 aequentur,
2562 315 2802 387 quicum
2830 312 3027 370 ﬁducia
3060 313 3477 385 proloquuntur.
3518 311 3641 373 Non
3682 314 3823 370 eain

534 439 719 482 secum
766 412 1127 496 ingredientes
1184 422 1413 478 interius
1459 421 1794 479 adorandum
1850 418 2127 475 duxerunt

530 515 672 588 (Act.
691 514 769 585 v).
791 514 848 570 ln
874 514 959 569 his
972 514 1163 570 orabat
1187 515 1365 571 omnis
1386 512 1670 569 multitudo
1690 510 1891 584 populi,
1915 513 2130 583 quando

533 606 819 663 incensum
856 605 1083 679 ponenti
1129 604 1408 665 Zacharias
1436 604 1659 679 angelus
1699 604 1767 660 ad
1813 602 1987 660 altare
2012 604 2130 677 thy-

533 698 810 753 miamatis
849 699 1120 770 apparuit,
1166 713 1401 771 eumque
1429 699 1495 755 de
1530 698 1886 768 praecursoris
1914 695 2130 754 Domini

522 791 818 847 'nativitate
840 792 1125 863 perdocuit
1155 790 1304 864 (Luc.
1337 792 1399 867 ι).
1433 791 1549 848 Νοη
1595 801 1777 850 autem
1820 794 1937 850 haec
1988 791 2129 848 atria

532 898 659 939 cum
691 880 993 957 porticibus
1031 884 1144 939 suis
1179 890 1455 955 aspectum
1484 885 1671 957 templi
1702 886 1768 941 de
1794 885 1950 955 longe
1972 897 2130 956 aspe-

531 976 811 1032 ctantibus
845 974 1175 1030 abscondere
1203 981 1531 1045 potuerunt:
1559 976 1687 1047 quia
1732 975 1887 1031 locus
1930 974 1984 1030 in
2021 988 2130 1045 quo

532 1065 794 1138 templum
820 1074 937 1122 erat
966 1065 1162 1132 situm,
1194 1064 1423 1121 multum
1453 1066 1737 1124 sublimior
1776 1074 1926 1133 erat,
1965 1082 2129 1138 quam

532 1158 625 1214 ubi
651 1158 886 1215 fundatae
907 1160 1149 1231 porticus
1174 1156 1347 1216 fuere.
1383 1159 1516 1216 Nam
1546 1162 1687 1217 sicut
1709 1160 1977 1231 Iosephus
1999 1156 2131 1221 scri-

531 1247 634 1315 bit,
672 1259 932 1305 extrema:
958 1251 1225 1306 atriorum
1254 1250 1504 1319 fabricae,
1533 1269 1653 1308 cum
1688 1254 1739 1307 in
1765 1253 2130 1323 quadringen-

535 1338 605 1395 tis
630 1340 827 1407 cubitis
858 1350 1042 1397 essent
1067 1351 1263 1400 erectae
1295 1351 1507 1400 tantum
1548 1345 1615 1399 ad
1656 1346 1912 1400 verticem
1959 1361 2130 1417 usque

530 1430 731 1485 montis
760 1431 814 1486 in
841 1448 948 1502 quo
976 1433 1233 1505 templum
1260 1434 1589 1491 {ediﬁcatum
1612 1444 1717 1504 est,
1740 1446 2127 1508 pervenerunt.

516 1519 664 1577 ἐἰωο
725 1523 942 1591 quidem
986 1525 1052 1581 de
1097 1534 1371 1583 structura
1418 1529 1601 1601 templi
1658 1530 1900 1584 studioso
1938 1526 2130 1584 lectori

534 1609 864 1670 credidimus
884 1614 1209 1682 intimanda,
1230 1633 1422 1675 verum
1447 1621 1500 1674 in
1528 1620 1606 1675 eis
1628 1634 1962 1691 quaecunque
1985 1617 2132 1675 Scri-

2232 411 2408 465 andeo
2438 408 2641 478 aliquid
2686 406 2830 479 loqui
2874 421 3062 462 eorum
3104 421 3224 477 quae
3260 421 3359 476 per
3386 420 3476 461 me
3508 420 3621 462 non
3664 403 3827 465 efﬁu't

2229 500 2479 559 Christus
2525 500 2579 554 in
2633 498 2998 554 obedientiam
3045 499 3308 569 gentium,
3354 498 3530 553 verbo
3576 505 3634 553 et
3679 496 3828 557 factis

2232 590 2411 667 (Rom.
2440 593 2554 666 xv).
2587 592 2654 647 Et
2683 592 2880 649 iterum
2909 611 2933 674 ,ε
2982 612 3000 643 t
3045 590 3252 647 Bonum
3293 599 3584 646 certamen
3605 593 3827 659 certari,

2230 698 2451 738 cursum
2486 682 2884 746 consummavi,
2925 679 3084 735 ﬁdem
3114 680 3327 735 servavi
3363 696 3377 734 :
3410 679 3481 734 de
3509 688 3719 735 caetero
3749 697 3825 736 re-

2206 774 2405 844 posita
2436 784 2519 829 est
2564 773 2694 828 mihi
2745 788 2943 829 corona
2977 770 3201 842 justitiae
3230 770 3314 844 (II
3357 770 3498 825 Tim.
3534 770 3638 843 tv).
3684 790 3705 823 ι
3738 772 3830 829 Ac-

2210 867 2455 923 ‘cedebat
2481 866 2699 937 quidem
2722 868 2916 938 vulgus
2939 882 3112 937 usque
3134 868 3200 921 ad
3232 865 3435 920 atrium
3463 865 3827 932 sacerdotum,

2228 959 2440 1015 hostias
2465 975 2589 1014 suas
2620 958 2686 1013 ad
2720 973 2891 1029 usque
2915 957 3077 1029 hujus
3108 957 3332 1028 januam
3374 955 3693 1021 deferebat,
3730 970 3831 1010 sns-

2230 1061 2419 1121 ceptas
2440 1066 2471 1105 a
2491 1049 2887 1112 sacerdotibus,
2922 1056 3084 1119 atque
3112 1047 3166 1102 in
3193 1046 3355 1103 altari
3382 1045 3629 1111 oblatas,
3670 1045 3830 1101 oculis

2229 1143 2676 1214 prosequebatur.
2709 1140 2765 1197 ln
2792 1140 2970 1211 ipsum
2990 1138 3159 1195 etiam
3186 1136 3450 1208 templum
3475 1152 3611 1192 cum
3640 1136 3831 1206 aperie-

2230 1235 2392 1291 batur
2424 1236 2685 1321 intuitum
2712 1250 2866 1289 suum
2899 1249 2929 1288 a
2970 1233 3131 1305 longe
3172 1230 3467 1303 dirigebat,
3512 1246 3623 1286 nec
3664 1238 3829 1283 tamen

2218 1326 2428 1380 'atrium
2455 1318 2799 1380 sacerdotum
2837 1322 3074 1377 intrandi
3101 1319 3417 1376 facultatem
3448 1319 3716 1374 habebat.
3744 1318 3832 1372 Ve.

2231 1428 2351 1469 rum
2380 1415 2445 1469 de
2467 1414 2814 1469 inferioribus
2841 1412 3110 1469 clamabat
3141 1411 3209 1465 ad
3230 1410 3556 1475 Dominum,
3594 1410 3720 1480 quia
3746 1422 3829 1464 nec

2231 1507 2529 1563 carnalium
2556 1507 2611 1562 in
2640 1506 2883 1561 Ecclesia
2908 1504 3226 1575 simplicitas
3254 1520 3285 1559 a
3315 1503 3558 1558 Domino
3606 1502 3831 1573 despici-

2231 1611 2343 1667 tur,
2378 1601 2594 1671 quando
2626 1599 2857 1655 ﬁdeliter
2877 1615 2942 1655 ea
2970 1614 3090 1670 quae
3116 1598 3297 1653 valent
3338 1595 3417 1650 illi
3462 1605 3603 1650 voto
3634 1594 3833 1665 pietatis

526 1711 695 1774 ptura
731 1720 888 1762 sacra
914 1707 1119 1763 referre
1148 1711 1489 1766 commodum
1520 1687 1693 1775 duxit,
1711 1687 1908 1783 figuras
1930 1719 2131 1785 myste-

2238 1694 2495 1749 offerunt.
2524 1694 2771 1765 Dirigunt
2792 1694 2937 1749 enim
2970 1694 3117 1748 visus
3142 1708 3172 1747 a
3202 1692 3363 1763 longe
3391 1690 3450 1745 in
3485 1688 3701 1759 templo
3734 1688 3833 1759 Dei,

526 1793 742 1850 riorum
776 1811 1081 1866 quaeramus
1104 1840 1119 1865 ,
1160 1800 1374 1856 caneris
1416 1816 1516 1872 pro
1550 1801 1793 1857 historiae
1823 1801 2132 1873 cognitione

536 1885 866 1956 simpliciter
917 1897 1153 1945 utamur.
1205 1889 1517 1947 jEdiﬁcium
1570 1907 1701 1962 ergo
1749 1892 1932 1964 templi
1985 1892 2130 1951 intra

539 1977 736 2032 atrium
769 1980 1111 2036 sacerdotum
1130 2022 1145 2048 ,
1174 1980 1543 2052 perfectorum
1570 1983 1624 2038 in
1653 1991 1840 2039 sancta
1884 1983 2130 2043 Ecclesia

530 2078 589 2126 et
626 2072 937 2128 sublimium
971 2075 1137 2129 vitam
1166 2076 1425 2146 exprimit
1448 2077 1722 2142 virorum,
1754 2092 1942 2132 eorum
1976 2076 2129 2131 vide-

533 2162 662 2219 licet
692 2165 784 2236 qui
820 2174 876 2222 et
912 2168 1236 2224 excellentia
1272 2170 1532 2225 virtutum
1564 2170 1794 2227 Domino
1834 2169 2129 2242 appropin-

532 2268 738 2325 quare,
784 2258 1005 2314 et-aliis
1033 2260 1200 2314 verbo
1238 2269 1402 2332 atque
1447 2276 1610 2333 opere
1658 2262 1909 2317 ducatum
1956 2259 2132 2316 solent

530 2350 817 2404 ostendere
840 2350 1049 2407 salutis.
1079 2349 1347 2407 Sacerdos
1373 2369 1606 2424 namque
1629 2353 1696 2407 ab
1723 2368 1787 2408 eo
1812 2352 2006 2407 Latine
2033 2368 2132 2408 no-

539 2450 665 2493 men
690 2441 921 2511 accepit,
944 2442 1087 2512 quod
1126 2457 1344 2498 sacrum
1372 2444 1615 2514 przebere
1642 2444 1880 2499 dicatum
1904 2443 2121 2499 minori-

533 2528 638 2587 bus
658 2529 1023 2604 debeatzquo
1051 2534 1272 2609 nomine
1323 2534 1375 2589 in
1414 2534 1714 2605 Scripturis
1754 2537 1982 2608 mystice
2021 2552 2128 2593 non

532 2620 708 2678 solum
736 2623 927 2680 altaris
951 2625 1236 2691 ministris,
1265 2625 1505 2698 episcopi
1537 2627 1788 2683 videlicet
1816 2636 1872 2687 et
1906 2628 2130 2700 presby-

532 2712 672 2779 teri,
703 2715 798 2771 sed
840 2722 895 2771 et
928 2731 1119 2772 omnes
1159 2714 1349 2788 utique
1379 2726 1671 2774 censentur
1706 2718 1800 2795 qui
1843 2716 2130 2775 altitudine

536 2814 702 2862 rectae
725 2808 1153 2865 conversationis
1183 2825 1248 2866 ac
1292 2811 1556 2867 doctrina:
1582 2810 1837 2867 salutaris
1864 2812 2127 2877 eminent,

534 2912 635 2956 nec
681 2901 1037 2975 sibimetipsis
1072 2907 1480 2974 tantummodo,
1513 2906 1608 2962 sed
1638 2915 1691 2962 et
1712 2905 1960 2977 pluribus
1994 2923 2127 2980 pro-

533 2998 662 3048 sunt
689 3010 703 3046 :
733 2992 835 3067 qui
848 2995 975 3049 dum
1004 3009 1232 3067 corpora
1260 3012 1357 3052 sua
1397 2998 1628 3053 hostiam
1665 2998 1940 3054 viventem
1958 3038 1973 3065 ,
1999 3015 2125 3057 san-

2239 1806 2362 1846 cum
2392 1791 2556 1845 vitam
2580 1789 2894 1846 sublimium
2948 1790 3176 1852 discere,
3225 1796 3281 1844 et
3334 1787 3613 1842 admirari
3668 1786 3833 1843 sedula

2237 1883 2474 1955 gaudent
2501 1901 2513 1935 :
2543 1891 2599 1936 et
2624 1896 2760 1952 quos
2781 1882 3003 1937 virtutis
3027 1881 3331 1935 imitatione
3358 1880 3521 1950 sequi
3548 1888 3835 1951 nequeunt,

2232 1976 2339 2046 pia:
2368 1974 2732 2030 venerationis
2767 1973 3202 2044 complectuntur
3222 1972 3447 2028 affectu.
3484 1972 3701 2028 Vident
3728 1974 3835 2031 bos.

2232 2068 2341 2123 tias
2371 2067 2716 2123 sacerdotum
2747 2066 2801 2120 in
2833 2065 2991 2121 altari
3022 2064 3148 2137 igne
3172 2080 3329 2121 sacro
3356 2074 3679 2136 sanctoque
3720 2080 3834 2120 cono

2235 2161 2377 2217 sumi
2418 2179 2430 2215 :
2465 2161 2591 2230 quia
2631 2175 2953 2231 magnorum
2978 2175 3143 2231 opera
3173 2169 3520 2233 cognoscunt
3551 2175 3582 2213 a
3616 2159 3833 2219 Domino

2234 2269 2332 2325 per
2354 2250 2617 2323 Spiritum
2641 2261 2890 2307 sanctum
2922 2250 3209 2323 dignanter
3263 2251 3460 2322 accipi.
3511 2250 3768 2306 Aﬂ‘erunt
3789 2261 3835 2309 et

2235 2362 2363 2402 suas
2389 2346 2596 2401 hostias
2644 2344 2712 2401 ad
2750 2344 2949 2399 atrium
2988 2345 3330 2401 sacerdotum
3376 2344 3704 2400 offerendas
3746 2344 3833 2400 Do-

2234 2438 2383 2493 mino
2408 2452 2509 2508 pro
2539 2436 2666 2502 illis,
2691 2436 2817 2493 dum
2858 2437 2999 2492 bona
3027 2452 3147 2511 quae
3185 2435 3483 2507 praevalent
3522 2446 3831 2507 operantes,

2233 2530 2500 2601 majorum
2524 2545 2587 2584 ac
2617 2528 2923 2595 doctorum,
2945 2538 3001 2586 et
3021 2528 3418 2585 confirmantur
3450 2529 3835 2591 exhortatione

2235 2630 2287 2678 et
2342 2622 2732 2681 intercessione
2777 2624 3009 2680 Domino
3061 2625 3540 2680 commendantur.
3592 2622 3835 2680 Oderunt

2232 2718 2396 2773 etiam
2421 2726 2547 2773 ttmc
2570 2718 2780 2774 hostias
2808 2733 2937 2774 suas
2965 2717 3338 2773 sacerdotibus
3366 2731 3464 2787 per
3489 2731 3588 2773 eos
3610 2717 3831 2772 Domina

2233 2809 2713 2876 commendandus,
2772 2826 2897 2865 cum
2944 2811 3148 2867 sanctis
3201 2809 3510 2880 quibusque
3551 2810 3832 2880 egentibus

2231 2900 2537 2954 necessaria
2571 2901 2757 2955 mundi
2786 2901 2969 2977 hujus,
2994 2901 3192 2972 quibus
3212 2900 3312 2971 ipsi
3342 2900 3659 2965 abundant,
3688 2917 3829 2956 sum-

2231 3006 2333 3048 ma:
2362 2995 2627 3051 mercedis
2674 2995 2899 3060 intuitu,
2941 2994 3171 3050 Domino
3215 2994 3463 3049 tribuunt
3506 2994 3831 3051 admonente

533 3091 714 3151 ctam,
763 3065 875 3142 Deo
914 3063 1218 3158 placentem
1257 3088 1516 3145 exhibent
1562 3087 1736 3161 (Rom.
1767 3089 1905 3157 xu),
1946 3063 2128 3147 sacer-
2151 3063 2202 3129 ο
2234 3098 2299 3139 ac
2325 3084 2540 3141 dicente
2566 3103 2580 3140 :
2621 3104 2639 3137 ‹
2669 3085 2856 3141 Facite
2890 3085 3043 3141 vobis
3065 3085 3271 3141 amicos
3294 3085 3361 3139 de
3390 3099 3711 3140 mammona
3740 3084 3829 3139 ini-

533 3176 676 3233 dotls
714 3176 819 3234 tale
855 3178 1101 3250 profecto
1148 3181 1512 3236 ministerium
1567 3178 1926 3251 spiritualiter
1971 3197 2129 3239 exer-

533 3280 679 3327 cent.
718 3270 905 3344 Neque
950 3275 1097 3331 enim
1133 3276 1402 3347 episcopis
1441 3275 1615 3331 solum
1655 3285 1711 3333 et
1758 3279 2126 3351 presbyteris;

531 3377 726 3420 verum
784 3368 933 3422 omni
993 3367 1248 3424 Ecclesia:
1313 3368 1636 3439 loquebatur
1691 3371 1967 3442 apostolus
2029 3373 2131 3430 Pe-

538 3464 654 3514 trus
691 3472 814 3515 cum
852 3459 930 3515 ait
957 3449 983 3513 τ’
1016 3479 1035 3513 σ
1078 3459 1404 3517 Vos’autem
1444 3477 1613 3534 genus
1649 3462 1915 3533 electum,
1948 3467 2130 3536 regale

536 3551 897 3607 sacerdotium
917 3593 933 3618 ,
973 3567 1108 3622 gens
1130 3542 1335 3608 isancta
1360 3594 1375 3620 ,
1399 3554 1631 3625 populus
1662 3556 2062 3628 acquisitionis.
2103 3579 2122 3610 ι

537 3639 703 3713 Cujus
721 3644 931 3700 honore
950 3645 1261 3715 dignitatis,
1287 3646 1451 3702 etiam
1484 3646 1740 3721 antiquus
1773 3650 2003 3721 populus
2030 3650 2129 3709 Dei

540 3743 660 3789 erat
686 3735 998 3807 insignitus,
1029 3736 1246 3794 dicente
1265 3738 1384 3809 ipso
1405 3740 1473 3796 ad
1496 3740 1715 3813 Moysen
1746 3741 1945 3813 (Exod.
1970 3742 2086 3814 xxx)
2111 3760 2126 3798 :

545 3843 564 3876 ι
621 3824 750 3881 Haec
800 3828 950 3884 dices
995 3828 1180 3885 domui
1227 3828 1438 3900 Iacob,
1485 3841 1542 3889 et
1601 3834 1952 3892 annuntiabis
2004 3834 2130 3891 ﬁliis

537 3917 727 3975 Israel.
763 3940 782 3973 ι
834 3921 903 3977 Ει
948 3922 1108 3994 paulo
1149 3933 1274 3995 post
1315 3943 1328 3980 :
1382 3944 1401 3977 ‹
1435 3925 1504 3981 Ει
1548 3942 1646 3983 vos
1694 3926 1850 3984 eritis
1894 3927 2029 3983 mihi
2075 3928 2131 3983 in

540 4024 768 4082 regnum
799 4013 1156 4081 sacerdotale,
1188 4024 1245 4071 et
1275 4031 1407 4087 gens
1440 4024 1650 4072 sancta.
1687 4036 1707 4070 ι
1737 4016 1969 4075 Basilica
2001 4031 2131 4075 vero

542 4099 762 4171 grandis
802 4117 923 4174 quae
964 4116 1081 4160 erat
1112 4115 1266 4162 extra
1298 4107 1496 4163 atrium
1529 4107 1897 4175 sacerdotum,
1941 4108 1997 4166 in
2023 4125 2133 4181 quo

480 4263 487 4271 ,
540 4194 719 4249 omnis
742 4196 924 4271 populi
953 4197 1239 4255 multitudo
1261 4200 1515 4268 adorare,
1546 4199 1661 4257 sive
1689 4200 1758 4257 ad
1785 4201 2011 4259 verbum
2037 4216 2133 4257 au-

543 4283 795 4342 diendum
828 4287 1101 4351 conﬂuere
1145 4291 1374 4358 solebat,
1399 4288 1703 4348 carnalium
1730 4292 1785 4348 in
1813 4300 2001 4350 sancta
2033 4293 2135 4349 Ec-

2234 3178 2481 3247 quitatis,
2516 3187 2577 3233 ut
2611 3194 2735 3234 cum
2766 3179 3094 3247 defeceritis,
3129 3179 3396 3250 recipiant
3417 3178 3603 3234 vos-in
3627 3188 3833 3235 eterna

2235 3272 2584 3327 tabernacula
2630 3271 2784 3345 (Luc.
2816 3272 2951 3341 xvn).
2993 3293 3012 3324 ι
3048 3270 3195 3328 Bene
3236 3272 3439 3327 atrium
3483 3272 3827 3329 sacerdon

2233 3363 2411 3419 tribus
2451 3361 2733 3420 ordinibus
2763 3364 3000 3434 lapidum
3040 3363 3357 3434 politorum,
3396 3376 3455 3421 et
3492 3380 3609 3422 uno
3644 3366 3831 3421 ordine

2231 3456 2507 3529 lignorum
2548 3457 2694 3513 cedri
2735 3456 3061 3513 aediﬁcatum
3106 3472 3229 3513 esse
3278 3467 3645 3515 memoratur.
3707 3457 3829 3515 Tres

2234 3549 2433 3620 quippe
2456 3549 2674 3604 ordines
2702 3558 2828 3604 sunt
2871 3548 3078 3619 lapides
3121 3549 3446 3621 politorum,
3478 3548 3640 3618 ﬁdes,
3688 3566 3823 3622 spes,

2235 3642 2496 3697 Charitas.
2528 3638 2599 3695 Et
2628 3649 2775 3696 recte
2816 3640 3128 3711 politorum,
3162 3641 3291 3711 quia
3316 3650 3471 3698 certa
3516 3642 3823 3698 necessaria

2235 3741 2319 3788 est
2355 3731 2570 3787 dicendi
2612 3730 2835 3787 solertia
2884 3747 2990 3802 qua
3021 3731 3255 3804 quisque
3289 3733 3570 3803 quomodo
3593 3733 3825 3799 credere,

2237 3824 2366 3895 quid
2394 3837 2618 3894 sperare
2648 3825 2762 3877 sive
2804 3821 3030 3894 diligere
3081 3823 3280 3878 debeat
3328 3824 3641 3895 dignoscat,
3697 3837 3827 3878 unus

2238 3926 2420 3974 autem
2444 3916 2579 3972 ordo
2608 3915 2877 3988 lignorum
2926 3914 3072 3970 cedri
3127 3914 3242 3987 ipsa
3280 3924 3365 3972 est
3401 3916 3545 3971 bona
3574 3916 3825 3986 operatio,

2238 4025 2303 4066 ac
2325 4009 2444 4066 sine
2466 4008 2819 4079 corruptione
2846 4006 3209 4063 simulationis
3233 4006 3502 4073 exhibita,
3539 4006 3660 4063 sine
3690 4006 3831 4075 cujus

2239 4099 2732 4175 superadjectione,
2765 4099 2920 4167 ﬁdes,
2947 4115 3097 4173 spes,
3121 4099 3389 4165 charitas,
3412 4114 3546 4155 vera
3582 4113 3705 4155 esse
3732 4114 3827 4155 mn

2239 4192 2404 4251 valet.
2448 4191 2666 4249 Dictum
2715 4207 2950 4264 namque
2976 4200 3060 4249 est
3096 4192 3314 4263 saepius,
3344 4191 3492 4261 quod
3522 4190 3671 4263 ligna
3696 4189 3827 4246 cedri

2239 4298 2465 4363 propter
2486 4289 2672 4346 odoris
2699 4280 2929 4360 gratiam
2960 4298 3017 4345 et
3043 4287 3436 4362 imputribilem
3476 4301 3595 4344 suae
3635 4296 3825 4342 natura

546 4375 710 4479 clesia
729 4378 900 4479 vitam
922 4395 1211 4452 moresque
1238 4380 1540 4454 ﬁguraliter
1572 4381 1833 4439 insinuat.
1874 4382 2137 4452 Qualibus
2161 4413 2218 4479 Β
2241 4383 2566 4455 potentiam,
2596 4382 3062 4454 perseverantiam
3104 4380 3418 4451 famamque
3440 4382 3534 4451 pie
3559 4381 3827 4453 designant

545 4469 679 4525 dicit
726 4470 1052 4541 Apostolus:
1091 4491 1110 4525 ι
1154 4471 1220 4528 Et
1257 4489 1358 4547 ego
1397 4473 1598 4530 fratres
1628 4490 1733 4530 non
1783 4474 1935 4545 potui
1984 4474 2138 4532 vobis

543 4559 690 4631 loqui
735 4563 891 4633 quasi
933 4563 1290 4634 spiritalibus,
1317 4565 1412 4622 sed
1441 4567 1594 4638 quasi
1623 4566 1975 4625 carnalibus:
2017 4576 2134 4625 tan-

544 4664 711 4723 quam
750 4656 990 4726 parvulis
1038 4656 1093 4711 in
1142 4657 1362 4713 Christo
1410 4658 1496 4714 lac
1539 4660 1696 4715 vobis
1749 4668 1939 4731 potum
1993 4658 2137 4729 dedi,

543 4758 652 4800 non
719 4760 921 4801 escam.
980 4765 999 4798 ι
1059 4745 1160 4814 Qui
1211 4747 1348 4803 bene
1392 4764 1490 4819 per
1549 4749 1826 4805 basilicam
1879 4751 2142 4823 grandem

543 4833 918 4909 designantur,
949 4836 1076 4907 quia
1102 4837 1305 4908 absque
1329 4838 1436 4893 ulla
1462 4838 1738 4896 dubietate
1765 4841 1934 4897 multo
1965 4840 2142 4911 major

546 4930 711 4985 est'in
756 4938 945 4986 sancta
974 4929 1217 4986 Ecclesia
1249 4929 1433 4985 talium
1463 4927 1625 5004 quam
1647 4932 2016 5004 perfectorum
2042 4950 2140 4990 nn-

547 5035 750 5079 merus.
791 5021 899 5078 Sed
928 5031 1189 5092 quantum
1220 5038 1445 5079 numero
1472 5033 1754 5094 praestant,
1786 5035 1995 5082 tantum
2018 5042 2142 5084 suc-

546 5113 811 5167 cumbunt
839 5112 1056 5168 merito.
1092 5112 1245 5168 Unde
1260 5124 1385 5185 apte
1405 5112 1626 5170 basilica
1656 5116 1772 5172 haec
1792 5117 2014 5189 grandis
2036 5119 2143 5175 etsi

548 5205 817 5278 plurimos
854 5207 1022 5280 capit,
1055 5223 1160 5263 non
1195 5223 1291 5264 eos
1326 5216 1508 5265 tamen
1558 5210 1614 5265 in
1656 5211 1915 5270 interiora
1956 5214 2142 5285 templi

552 5296 824 5366 deaurati,
852 5314 960 5356 non
993 5300 1059 5355 ad
1089 5299 1279 5356 altaris
1296 5299 1560 5369 ofﬁcium,
1590 5317 1695 5357 non
1740 5303 1793 5359 in
1827 5293 2002 5376 ipsum
2030 5305 2141 5362 sal-

555 5401 666 5449 tem
709 5396 908 5452 atrium
948 5397 1288 5453 sacerdotum
1321 5396 1638 5453 intromittit
1675 5416 1687 5452 :
1737 5400 1864 5468 quia
1899 5400 2177 5456 carnales'

557 5485 757 5556 quique
782 5495 946 5558 atque
972 5489 1172 5544 inﬁrmi
1200 5488 1460 5545 adbuc‘in
1486 5488 1750 5555 Ecclesia,
1781 5490 1881 5545 etsi
1924 5490 1994 5546 ob
2031 5506 2146 5547 me-

559 5578 723 5633 ritum
756 5589 917 5637 castae
944 5581 1065 5639 ﬁdei
1098 5599 1162 5640 ac
1202 5584 1422 5656 pietatis
1453 5585 1685 5645 Domino
1713 5586 1918 5640 devota:
1947 5585 2014 5640 ad
2044 5585 2149 5641 ele-

2245 4475 2497 4531 actionis.
2522 4478 2593 4530 At
2620 4476 2723 4531 hoc
2750 4475 2950 4533 atrium
2993 4489 3170 4546 usque
3194 4474 3437 4530 universi
3469 4475 3826 4531 conscendunt

2246 4569 2432 4635 electi,
2457 4569 2550 4640 qui
2576 4569 2702 4635 ﬁde,
2728 4584 2843 4640 spe,
2878 4567 3165 4625 dilectione
3208 4576 3373 4638 atque
3398 4574 3568 4637 opere
3596 4567 3705 4623 De0
3735 4565 3829 4635 pla-

2247 4676 2373 4718 cere
2399 4668 2695 4733 appctunt:
2731 4660 2835 4716 hoc
2854 4658 2964 4713 alta
2994 4659 3313 4715 meritorum
3342 4658 3525 4727 gratia
3562 4668 3827 4713 transcen-

2247 4753 2386 4809 dunt
2410 4751 2662 4827 perfecti,
2695 4768 2817 4807 cum
2848 4751 2900 4806 in
2932 4759 3085 4807 tanto
3114 4751 3379 4809 virtutum
3405 4750 3649 4809 culmine
3677 4748 3825 4821 νωδ-

2250 4847 2421 4915 ciunt,
2448 4856 2510 4903 ut
2534 4845 2716 4901 dicere
2748 4844 2864 4903 suis
2890 4843 3233 4901 auditoribus
3256 4842 3473 4913 possint
3503 4860 3519 4900 :
3556 4861 3577 4895 ι
3604 4841 3825 4911 imitate.

2248 4954 2336 4996 res
2362 4937 2531 4995 nostri
2576 4928 2772 5002 estote,
2805 4935 2945 4992 sicut
2975 4943 3033 4990 et
3058 4950 3158 4991 nos
3186 4933 3385 4990 Christi
3411 4932 3464 5003 (Ι
3491 4934 3621 4990 Cor.
3656 4934 3727 5005 tv)
3758 4948 3773 4987 :
3800 4951 3821 4983 ι

2250 5030 2556 5103 gloriantur
2577 5041 2633 5085 et
2656 5028 2845 5085 dicunt
2872 5045 2885 5081 :
2916 5046 2935 5080 ι
2977 5026 3210 5085 Nescitis
3235 5028 3496 5098 quoniam
3526 5028 3743 5099 angelos
3754 5026 3827 5097 ja-

2246 5121 2569 5186 dicabimus,
2591 5127 2794 5191 quanto
2816 5118 2989 5190 magis
3015 5118 3328 5175 sacularia?
3357 5117 3409 5189 (1
3431 5117 3561 5174 Cor.
3587 5117 3689 5189 vi.)
3710 5138 3731 5171 ι

2327 5232 2347 5265 ι
2385 5212 2543 5269 Anno
2593 5218 2788 5283 quarto
2844 5209 3066 5267 fundata
3116 5219 3200 5267 est
3258 5210 3453 5267 domus
3506 5210 3739 5274 Domini,
3776 5208 3833 5261 in

2258 5324 2278 5359 ‹
2309 5319 2496 5361 mense
2526 5303 2710 5370 tertio,
2733 5310 2787 5358 et
2812 5302 2867 5358 in
2896 5318 3041 5359 anno
3062 5302 3351 5359 undecimo
3370 5318 3561 5359 mense
3584 5302 3702 5369 Bal,
3726 5301 3833 5370 ipsa

2260 5414 2281 5450 ι
2312 5406 2397 5453 est
2431 5396 2637 5452 mensis
2679 5403 2927 5465 octavus,
2957 5393 3200 5466 perfecta
3234 5403 3319 5449 est
3358 5395 3555 5465 domus
3596 5396 3651 5451 in
3692 5390 3823 5458 om

2262 5506 2281 5541 ι
2312 5476 2475 5561 opere
2504 5504 2622 5555 suo,
2658 5496 2715 5544 et
2739 5487 2792 5542 in
2820 5487 3089 5543 universis
3136 5486 3483 5551 utensilibus.
3534 5485 3831 5544 aediﬁcavit!

2264 5599 2283 5633 ι
2312 5598 2419 5654 que
2442 5570 2563 5636 eam
2594 5579 2753 5637 annis
2782 5588 3008 5659 septem.
3041 5597 3060 5632 ι
3106 5578 3261 5635 Patet
3311 5578 3588 5651 allegoria:
3626 5592 3833 5649 sensus,

565 5678 780 5731 ctorum
798 5682 999 5734 sortem
1018 5676 1313 5750 pertinent,
1355 5677 1514 5751 longe
1550 5685 1731 5734 tamen
1759 5676 1914 5734 abest
1954 5683 2015 5734 ut
2042 5676 2150 5736 illis
2255 5693 2429 5751 quare
2474 5676 2668 5734 domus
2708 5673 2925 5753 Domini
2986 5672 3249 5731 aediﬁcata
3300 5674 3376 5733 sit
3414 5675 3583 5747 annis
3608 5683 3829 5750 Μ’
