4044 6336
313 277 424 334 457

1227 273 1479 330 ENABR.
1523 273 1588 330 IN
1627 273 1874 334 LIBROS
1909 275 2180 338 REGUM.
2221 307 2292 320 —--
2329 277 2397 332 IN
2435 275 2562 330 LIB.
2605 273 2688 330 lli.

3476 279 3584 340 438

313 391 446 466 quia
489 391 748 450 nimirum
795 397 986 446 sancta
1031 387 1296 454 Ecclesia,
1341 395 1456 444 toto
1507 387 1670 458 hujus
1713 389 1896 444 saeculi
1923 391 2082 458 Asc,
2109 389 2328 462 reliquit
2361 389 2412 444 in
2457 377 2636 444 terris.
2665 387 2782 444 Non
2811 403 2990 444 autem
3015 389 3372 448 laborandum
3401 393 3458 448 in
3490 409 3586 450 ex-

311 493 582 556 tempore,
603 483 746 556 quod
771 491 978 554 septem
1007 482 1214 538 dierum
1237 481 1468 538 circuitu
1491 481 1788 552 peragitur,
1829 497 1894 538 ex

309 577 502 634 electis
531 575 880 634 constituitur
903 575 1220 634 animabus?
1241 583 1296 630 et
1321 575 1376 630 in
1403 573 1512 630 ﬁne
1535 573 1716 630 saeculi
1741 589 1898 632 suum

311 685 532 742 quoque
553 675 892 724 crementum
913 667 981 724 ad
1003 665 1166 722 ﬁnem
1193 667 1306 738 ipsa
1321 665 1594 738 perducit:
1619 665 1702 724 vel
1724 673 1896 734 certe,

311 775 522 828 septem
550 762 708 822 annis
739 761 1058 828 aediﬁcatur,
1101 761 1170 816 ob
1215 759 1666 832 signiﬁcationem
1709 757 1898 828 gratiae

311 857 594 928 spiritalis,
625 869 724 924 per
745 869 910 928 quam
939 851 1182 908 Ecclesia
1225 851 1400 908 solum
1447 859 1508 906 ut
1535 851 1608 908 sit
1651 849 1896 906 Ecclesia

305 947 544 1020 percipit
565 965 580 1014 ;
601 956 812 1020 scptem
833 945 1030 1016 quippe
1053 943 1192 1002 dona
1219 935 1454 1016 Spiritus
1475 941 1649 998 sancti
1677 953 1896 996 enume-

305 1049 398 1096 rat
425 1039 614 1108 Isaias,
641 1039 757 1094 sine
777 1037 974 1110 quibus
1019 1051 1180 1092 nemo
1203 1035 1290 1090 vel
1321 1033 1492 1090 ﬁdelis
1515 1031 1676 1098 efﬁci,
1711 1033 1796 1088 vel
1825 1031 1896 1086 ﬁ-
1947 1069 1951 1072 -

305 1131 434 1190 dem
479 1145 722 1196 servare,
755 1127 1084 1184 vel’merito
1113 1127 1258 1192 ﬁdei,
1307 1127 1374 1182 ad
1413 1141 1674 1182 coronam
1719 1131 1896 1194 potest

301 1225 598 1296 pervenire
639 1223 882 1296 iustitiae.
911 1221 1062 1292 Quod
1092 1229 1276 1276 autem
1319 1221 1374 1276 iu
1411 1231 1602 1276 octavo
1661 1233 1806 1274 anno
1835 1225 1894 1274 ct

301 1318 364 1374 in
391 1325 588 1374 octavo
639 1318 756 1392 ejus
801 1331 1008 1380 mense,
1033 1313 1276 1384 perfecta
1317 1323 1402 1368 est
1431 1311 1700 1368 domusin
1745 1311 1894 1368 omni

301 1421 472 1478 opere
493 1421 612 1472 suo,
657 1415 712 1462 et
757 1405 814 1462 in
863 1405 1134 1468 universis
1173 1404 1512 1470 utensilibus,
1545 1404 1612 1460 ad
1649 1403 1894 1460 futurum

299 1497 564 1554 saeculum
593 1497 842 1566 diemque
866 1495 1079 1566 judicii,
1103 1496 1340 1566 pertinet
1383 1513 1396 1548 :
1421 1497 1636 1564 quando
1677 1497 1744 1552 ad
1777 1503 1894 1550 tan-

301 1597 418 1642 tam
433 1587 548 1656 jam
573 1586 960 1658 perfectionem
993 1595 1180 1642 sancta
1221 1585 1466 1642 Ecclesia
1503 1586 1802 1658 perveniet,
1833 1595 1892 1646 ut

295 1679 452 1750 quod
489 1681 542 1736 ei
584 1680 814 1752 amplius
843 1679 1020 1734 addici
1061 1679 1232 1750 possit
1271 1680 1500 1734 inveniri
1533 1695 1640 1736 non
1669 1681 1840 1750 possit
1871 1699 1886 1734 :

1999 481 2300 552 planando,
2347 481 2617 552 quomodo
2663 479 2824 548 hujus
2875 479 3056 536 viduae.
3101 481 3196 538 ﬁlii
3245 485 3418 540 sancti
3459 495 3590 542 sunt

1999 575 2402 644 praedicatores,
2433 589 2558 632 cum
2595 587 2784 630 omnes
2829 571 2986 642 electi
3031 587 3090 630 se
3133 573 3274 630 ﬁlios
3319 575 3592 636 fateantur

1999 665 2284 734 Ecclesiae,
2335 681 2460 722 cum
2505 665 2670 720 etiam
2725 664 2790 720 de
2837 665 2916 720 eis
2961 665 3406 734 praedicatoribus
3453 667 3588 724 Novi

2001 761 2356 826 Testameuti,
2395 759 2700 830 specialiter
2720 757 2770 814 ei
2799 757 3168 828 promittatur,
3205 759 3420 816 dicente
3449 759 3586 814 Prov

1999 853 2160 924 pheta
2191 869 2204 906 :
2241 872 2260 902 ι
2289 851 2392 908 Pro
2415 851 2660 922 patribus
2685 849 2790 906 tuis
2815 847 3078 906 nati'suut
3107 851 3202 906 tibi
3234 851 3350 916 ﬁlii,
3383 853 3588 908 euasti-

1999 949 2120 996 tues
2139 955 2232 996 eos
2253 941 2526 1012 principes
2543 955 2708 1012 super
2721 955 2934 996 omnem
2963 947 3162 1012 terram
3187 940 3360 1014 (Psal.
3377 943 3548 1012 mv).
3561 963 3580 996 ι

2005 1049 2024 1082 ί
2057 1029 2210 1088 Fecit
2245 1039 2424 1088 autem
2465 1031 2652 1086 Hiram
2685 1047 2844 1088 omne
2873 1047 3008 1102 opus
3033 1031 3374 1106 Salomonis.
3397 1055 3416 1088 ι
3449 1035 3586 1104 Quia

1997 1126 2254 1180 nimirum
2285 1127 2534 1184 doctores
2557 1130 2752 1195 sancti,
2777 1109 3244 1198 dum‘ministerio
3277 1129 3430 1186 verbi
3459 1131 3587 1186 ﬁde-

1997 1216 2123 1272 liter
2149 1217 2426 1284 insistunt,
2463 1234 2598 1290 opus
2625 1221 2810 1290 utique
2839 1221 2934 1274 Dei
2967 1231 3284 1290 operantur.
3319 1221 3586 1290 Quoniam

1997 1309 2102 1366 illis
2155 1311 2424 1380 loquendo
2475 1313 2608 1368 foris
2663 1313 2804 1368 viam
2851 1313 3098 1370 veritatis
3141 1315 3408 1385 aperiunt,
3451 1329 3588 1384 quos

1997 1403 2143 1460 intus
2193 1405 2508 1460 illustrando
2549 1407 2664 1476 ipse
2711 1408 2778 1462 ad
2825 1407 2968 1462 viam
3007 1407 3390 1478 praeordinavit
3431 1414 3588 1462 teter-

1995 1511 2140 1552 nam.
2179 1513 2198 1546 ί
2233 1495 2366 1566 Ego,
2401 1497 2594 1568 inquit,
2641 1497 2902 1570 plantavi,
2953 1497 3142 1568 Apollo
3184 1497 3402 1569 rigavit,
3441 1497 3586 1552 Deus

1995 1595 2174 1642 autem
2192 1587 2582 1646 incrementum
2605 1591 2752 1646 dedit
2771 1589 2822 1662 (Ι
2845 1589 2968 1644 Cor.
3003 1589 3110 1662 nt).
3137 1609 3154 1642 ι
3173 1621 3242 1630 -
3269 1609 3286 1640 ‹
3307 1589 3460 1644 Fecit
3481 1589 3586 1644 hoc

1995 1697 2132 1750 opus
2159 1697 2226 1738 ex
2251 1699 2378 1744 aere,
2415 1703 2432 1734 ι
2479 1685 2600 1754 quia
2631 1683 2738 1738 illis
2769 1684 3114 1740 committere
3139 1685 3364 1738 verbum
3393 1681 3590 1752 quaerit

297 1775 524 1830 habebit
549 1773 692 1828 enim
723 1782 850 1828 tunc
869 1777 1012 1844 quod
1041 1775 1164 1842 pius
1186 1773 1274 1828 ille
1303 1774 1642 1830 desiderator
1661 1775 1888 1846 supplex
1917 1753 1965 1820 Β
1993 1771 2188 1826 doctor
2215 1753 2612 1842 strenuus,qui
2655 1775 2760 1830 hoc
2795 1773 2882 1844 pie
2911 1773 3188 1842 suscipere
3239 1789 3302 1828 ac
3339 1787 3590 1842 perseve—

295 1879 332 1918 a
363 1863 588 1918 Domino
615 1864 912 1932 quaerebat,
949 1863 1136 1918 dicens
1163 1881 1176 1916 :
1216 1883 1234 1915 ς
1267 1863 1516 1930 Domine,
1549 1865 1774 1926 ostende
1799 1879 1894 1924 no-

293 1955 384 2012 bis
411 1963 618 2026 patrem
663 1963 720 2010 et
747 1953 948 2010 sulﬁcit
989 1953 1150 2012 nobis
1179 1953 1364 2022 (Joan.
1405 1955 1540 2026 xw).
1593 1975 1612 2008 ι
1647 1955 1754 2010 Sed
1783 1969 1888 2012 non

293 2045 694 2102 contemnenda
759 2049 998 2102 nascitur
1039 2045 1302 2114 quaestio,
1357 2045 1630 2116 quomodo
1677 2047 1890 2102 dicatur

295 2135 496 2190 domus
535 2135 750 2190 Domini
797 2135 850 2190 iu
909 2149 1092 2192 mense
1141 2145 1336 2194 octavo
1383 2137 1625 2208 perfecta
1657 2137 1710 2192 in
1739 2139 1888 2194 omni

293 2239 464 2294 opere
485 2239 600 2294 suo,
627 2233 682 2280 et
709 2225 764 2279 in
783 2224 1050 2282 universis
1065 2227 1406 2292 utensilibus,
1429 2243 1552 2284 cum
1583 2227 1636 2280 in
1659 2241 1892 2298 sequen-

297 2317 446 2372 tibus
485 2317 694 2388 legatur
721 2329 908 2374 mense
937 2319 1166 2390 septimo
1199 2319 1592 2376 dedicationem
1629 2335 1748 2376 esse
1771 2317 1890 2388 ejus

291 2407 644 2478 completam.
677 2408 862 2480 Neque
893 2421 1072 2468 autem
1101 2411 1358 2466 credibile
1385 2421 1468 2468 est
1513 2411 1658 2482 quod
1679 2421 1888 2483 septem

293 2499 518 2570 quidem
543 2499 702 2556 annis
739 2501 996 2570 templum
1017 2501 1368 2556 aediﬁcaverit
1393 2501 1668 2572 Salomon,
1693 2513 1888 2560 octavo

293 2603 488 2644 mense
525 2591 700 2646 octavi
727 2593 854 2648 anni
893 2592 1202 2664 perfecerit,
1251 2593 1344 2648 sed
1377 2609 1548 2664 usque
1593 2595 1888 2666 septimum

293 2695 504 2734 annum
531 2683 654 2736 novi
675 2683 880 2740 mensis
903 2683 1300 2739 dedicationem
1329 2683 1568 2754 perfecte
1591 2685 1886 2742 distulerit.

293 2763 456 2828 Unde
475 2775 654 2846 potius
675 2775 968 2832 verisimile
991 2777 1202 2832 videtur
1233 2776 1450 2832 domum
1475 2785 1682 2846 septem
1727 2777 1888 2834 annis

295 2878 366 2919 ac
399 2853 634 2936 septem
693 2867 972 2924 mensibus
1037 2867 1388 2936 mdiﬁcatam,
1459 2869 1534 2924 ita
1587 2879 1648 2924 ut
1697 2869 1890 2928 eodem

292 2975 486 3018 mense
507 2963 736 3034 septimo
767 2963 1124 3020 dedicationis
1153 2963 1224 3018 sit
1249 2963 1524 3020 celebrata
1545 2963 1884 3034 solemnitas,

291 3065 364 3106 ac
385 3049 470 3106 die
489 3051 748 3108 vicesimo
777 3053 934 3108 tertio
951 3053 1118 3124 ipsius
1139 3055 1340 3112 mensis
1373 3055 1456 3124 (ut
1477 3053 1652 3110 Verba
1675 3053 1885 3112 dierum

1995 1871 2182 1920 ranter
2209 1865 2482 1920 custodire
2513 1865 2844 1936 desiderant,
2877 1865 3078 1934 quique
3103 1864 3268 1918 etiam
3297 1863 3420 1916 aliis
3449 1877 3588 1932 pra:—

1993 1953 2226 2016 dicando
2283 1955 2445 2010 latius
2497 1953 2810 2021 dillamare,
2865 1969 3091 2024 quaeque
3141 1954 3242 2024 ipsi
3301 1953 3591 2008 didicerint

1993 2057 2140 2104 recta
2175 2057 2448 2118 satagunt.
2475 2049 2622 2104 Eris
2661 2065 2893 2120 namque
2941 2047 3216 2104 metallum
3267 2047 3424 2102 valde
3465 2061 3590 2102 esse

1993 2139 2238 2196 durabilc
2261 2147 2494 2204 constat,
2525 2149 2688 2210 atque
2721 2137 3034 2196 onmimodo
3061 2152 3342 2193 sonorum.

2070 2243 2088 2274 ι
2127 2225 2196 2280 Ει
2233 2225 2392 2282 ﬁnxit
2441 2227 2578 2280 duas
2611 2225 2890 2280 columnas
2923 2240 3114 2292 aereas,
3145 2225 3332 2280 decem
3375 2231 3430 2278 et
3465 2229 3590 2278 octo

1995 2332 2018 2374 ς
2055 2313 2360 2386 cubitorum
2399 2315 2700 2370 altitudinis
2732 2315 3042 2370 columnam
3079 2323 3386 2384 utramque.
3429 2331 3447 2364 ι
3493 2311 3590 2368 Ha:

1993 2413 2120 2459 sunt
2163 2405 2428 2460 colurnum
2463 2405 2528 2460 de
2579 2405 2774 2476 quibus
2806 2405 3008 2462 Paulus
3048 2405 3124 2460 ait
3159 2423 3170 2460 :
3203 2425 3222 2456 ‹
3255 2405 3490 2460 Jacobus
3534 2412 3590 2458 et

1993 2493 2244 2572 Cepbas,
2263 2501 2318 2552 et
2355 2493 2610 2560 Joannes,
2647 2496 2738 2566 qui
2779 2495 3102 2552 videbantur
3147 2494 3414 2550 columnae
3443 2509 3586 2558 esse,
3609 2561 3628 2576 κ

1994 2583 2212 2642 dextras
2240 2585 2506 2642 dederunt
2526 2585 2660 2642 mihi
2691 2597 2746 2642 et
2771 2587 3036 2644 Barnabas
3063 2587 3340 2644 societatis
3369 2605 3380 2640 :
3405 2593 3466 2642 ut
3487 2599 3588 2642 nos

1993 2677 2050 2732 in
2083 2686 2302 2748 gentes;
2335 2677 2412 2732 illi
2451 2687 2632 2734 autent
2673 2679 2726 2732 in
2759 2681 3228 2736 circumcisionem
3263 2677 3405 2748 (Gal.
3439 2677 3524 2746 tt).
3561 2695 3582 2732 ι

1993 2765 2201 2848 Quibus
2262 2767 2441 2826 verbis
2493 2771 2647 2840 quasi
2693 2767 2964 2842 experiere
3011 2771 3224 2826 videtur
3267 2769 3588 2840 mysterium

1995 2859 2368 2916 columnarum
2391 2861 2778 2928 matcrialium,
2805 2871 2858 2920 et
2884 2863 3012 2934 quid
3037 2861 3288 2918 videlicet
3315 2861 3586 2932 ﬁgurave-

1995 2957 2144 3018 runt,
2173 2961 2226 3006 et
2251 2967 2422 3022 quare
2451 2953 2570 3008 duae
2597 2954 2706 3008 sint
2731 2953 2910 3020 factae,
2941 2953 3215 3024 apostolos
3245 2969 3498 3024 namque,
3533 2961 3590 3008 et

1995 3041 2248 3098 doctores
2275 3051 2498 3100 cunctos
2529 3045 2839 3116 spirituales
2871 3045 3198 3118 signiﬁcant,
3227 3045 3397 3102 fortes
3423 3045 3586 3100 nimi-

293 3143 548 3214 narrant)
595 3143 824 3216 populos
851 3143 1108 3202 Salomon
1145 3145 1210 3202 ad
1265 3145 1608 3202 tabernacula
1659 3163 1758 3204 sua
1803 3149 1886 3206 di-
1911 3127 1960 3194 ο
1991 3151 2114 3204 tum
2143 3136 2246 3194 “de
2277 3145 2438 3208 alque
2463 3153 2650 3209 Opere:
2674 3147 2730 3194 ει
2759 3139 3210 3210 εοηῑθεηριίιῑίοηε
3243 3142 3312 3196 ad
3349 3155 3586 3212 superna

293 3237 528 3294 miserit.
563 3237 760 3312 Sicque
797 3249 920 3312 post
941 3257 1104 3298 unam
1149 3243 1512 3314 septimanam
1561 3244 1886 3302 adveniente

291 3343 490 3394 mense
517 3341 728 3402 octavo,
760 3331 1004 3404 perfecta
1040 3335 1258 3392 inventa
1287 3336 1360 3392 sit
1405 3335 1596 3396 domus
1643 3337 1880 3404 Domini,

293 3431 352 3478 et
375 3417 630 3494 operibus
665 3425 920 3482 videlicet
947 3425 1062 3498 ejus
1085 3427 1142 3484 in
1169 3427 1462 3496 universis,
1490 3437 1546 3484 et
1572 3429 1688 3500 ipsa
1729 3429 1884 3486 dedi-

293 3513 514 3572 catione
545 3515 696 3590 prius
739 3517 1028 3590 completa.
1081 3519 1196 3576 Nisi
1247 3521 1388 3578 forte
1429 3521 1726 3592 putandum
1775 3532 1882 3588 est,

295 3605 560 3678 praedicto
603 3607 800 3680 templo
853 3609 1054 3682 aliquid
1101 3611 1282 3668 adhuc
1337 3611 1650 3668 utensilium
1687 3611 1742 3666 in
1783 3611 1886 3668 mi-

293 3697 522 3752 nisteria
567 3697 684 3766 ejus
718 3701 958 3756 additum
1009 3701 1180 3760 fuisse
1211 3720 1224 3756 :
1258 3711 1424 3774 utque
1461 3705 1530 3760 ad
1579 3705 1880 3774 ingressum

291 3787 476 3844 octavi
501 3789 722 3858 mensis,
763 3791 1102 3852 accelerante
1147 3809 1296 3868 rege,
1332 3803 1392 3850 ut
1439 3797 1658 3852 omnino
1699 3811 1886 3854 mense

295 3877 530 3948 septimo
581 3879 694 3952 (qui
747 3891 866 3938 erat
916 3891 1060 3940 totus
1103 3884 1380 3958 solemnis)
1433 3887 1690 3960 templum
1727 3887 1882 3944 dedi-

295 3977 518 4024 caretur
563 3985 578 4024 :
619 3979 780 4042 atque
807 3973 882 4028 ita
929 3989 1118 4032 verum
1165 3977 1469 4048 reperiatur
1513 3987 1802 4050 utrumque
1829 3987 1886 4034 et

295 4059 556 4130 templum
585 4061 836 4118 videlicet
865 4073 1058 4122 octavo
1093 4083 1282 4124 mense
1307 4069 1360 4124 in
1392 4083 1556 4140 opere
1581 4083 1680 4126 suo
1719 4075 1886 4140 atque

295 4153 618 4212 utensilibus
643 4155 968 4228 perfectum,
1001 4167 1057 4216 et
1091 4159 1148 4216 in
1178 4160 1294 4232 ipso
1317 4161 1550 4234 septimo
1577 4175 1766 4220 mense
1789 4163 1883 4218 de-

291 4243 552 4302 dicatum.

899 4381 1130 4442 CAPUT
1169 4383 1280 4441 VII.

373 4527 394 4564 r
427 4509 572 4566 Misit
623 4527 838 4586 quoque
883 4530 976 4574 rex
1015 4515 1272 4576 Salomon
1319 4529 1376 4576 et
1431 4521 1552 4576 tulit
1581 4521 1768 4578 I-liram
1817 4522 1884 4580 de

297 4619 318 4654 ε
361 4601 534 4676 Tyra,
583 4605 753 4664 ﬁlium
801 4609 1040 4666 mulieris
1066 4613 1241 4668 viduae
1285 4629 1350 4668 ex
1405 4615 1550 4670 tribu
1593 4613 1884 4686 Nephthali

297 4711 318 4746 r
349 4703 506 4766 patre
535 4693 718 4770 Tyrio,
747 4699 1012 4756 artiﬁcem
1033 4702 1310 4770 :erarium,
1329 4703 1548 4776 plenum
1579 4706 1880 4778 sapientiae,

297 4803 316 4837 ε
354 4791 412 4840 et
457 4785 821 4860 intelligentiae
865 4799 920 4846 et
963 4791 1223 4850 doctrina:
1260 4795 1328 4850 ad
1373 4793 1674 4852 faciendum
1721 4811 1882 4854 omne

295 4895 314 4928 ι
356 4891 494 4950 opus
521 4895 588 4936 ex
616 4897 744 4938 aere.
775 4881 880 4952 Qui
912 4898 1034 4940 cum
1065 4885 1304 4942 venisset
1329 4885 1396 4940 ad
1425 4901 1610 4958 regem
1635 4887 1882 4944 Salomo-

295 4985 314 5022 ι
357 4983 516 5038 nem,
557 4971 688 5030 fecit
736 4989 900 5032 omne
943 4990 1078 5046 opus
1121 4977 1256 5048 ejus.
1293 4999 1314 5032 ι
1373 4977 1438 5034 Ει
1476 4979 1582 5036 hoc
1635 4979 1882 5052 mysterii

289 5059 466 5128 gratia
511 5061 714 5118 factum
755 5074 840 5122 est
869 5085 882 5122 :
907 5065 1104 5124 artifex
1137 5069 1335 5144 quippe
1365 5067 1562 5142 Tyrius
1590 5085 1750 5144 quem
1780 5073 1880 5126 ad-

281 5149 522 5220 jutorem
554 5153 810 5218 Salomon
859 5159 940 5216 sui
989 5161 1284 5232 assumpsit
1329 5163 1532 5234 operis,
1565 5161 1768 5220 electos
1813 5164 1884 5224 de

287 5245 540 5314 gentibus
591 5250 743 5306 verbi
795 5249 1076 5310 ministros
1131 5253 1418 5326 signiﬁcat.
1473 5255 1574 5324 Qui
1635 5257 1886 5318 videlicet

287 5335 486 5394 artifex
513 5339 736 5412 pulchre
765 5341 967 5400 dicitur
987 5345 1112 5418 quia
1139 5345 1280 5402 ﬁlius
1302 5357 1420 5402 erat
1441 5347 1684 5404 mulieris
1707 5349 1882 5406 viduae

287 5425 356 5482 de
379 5427 563 5500 Israel,
597 5433 650 5488 in
679 5429 784 5504 qua
807 5451 1039 5506 persona
1066 5437 1204 5494 solet
1231 5453 1616 5512 nonnunquam
1643 5455 1882 5512 praesen-

289 5515 360 5572 tis
397 5523 656 5592 temporis
697 5523 940 5582 Ecclesia
985 5527 1204 5600 ﬁgurari
1244 5545 1388 5600 :pro
1437 5547 1542 5601 qua
1592 5533 1677 5587 vir
1725 5549 1878 5604 suus,

285 5609 540 5670 videlicet
573 5613 840 5684 Christus,
875 5629 1050 5676 morte
1099 5629 1314 5694 gustata
1353 5623 1673 5690 resurrexit,
1713 5633 1882 5696 atque

287 5705 342 5762 in
389 5707 558 5768 caelos
613 5713 932 5783 ascendens,
961 5729 1082 5772 eam
1121 5715 1340 5772 interim
1373 5717 1808 5790 peregrinantem
1845 5733 1882 5777 a

1992 3237 2222 3284 erectos.
2241 3230 2370 3284 Duae
2391 3238 2518 3286 sunt
2535 3239 2738 3298 autem,
2763 3239 2824 3286 ut
2843 3239 2898 3286 et
2915 3239 3106 3302 gentes
3129 3238 3184 3288 et
3207 3227 3580 3286 circumcisio-

1993 3335 2120 3376 nem
2159 3323 2500 3394 praedicando
2531 3323 2590 3378 in
2621 3321 2916 3379 Ecclesium
2955 3323 3322 3380 introducunt.
3355 3321 3588 3378 Stabant

1993 3411 2050 3466 in
2079 3413 2290 3482 porticu
2325 3421 2452 3468 ante
2481 3413 2624 3470 fores
2660 3414 2866 3488 templi,
2891 3421 2944 3472 et
2973 3415 3274 3486 ingressum
3307 3413 3450 3470 illius
3485 3427 3584 3468 suo

1991 3501 2190 3560 decore
2223 3519 2290 3559 ac
2331 3504 2752 3576 pulchritudine,
2782 3521 2850 3562 ex
2879 3515 3114 3578 utraque
3159 3515 3314 3580 parte
3359 3505 3586 3560 mirabi-

1991 3593 2117 3652 liter
2145 3597 2430 3652 ornabant.
2471 3597 2680 3654 Ostium
2721 3607 2904 3654 autem
2943 3599 3128 3668 templi
3175 3597 3437 3654 Dominus
3473 3605 3580 3664 est,

1989 3689 2118 3758 quia
2139 3705 2298 3746 nemo
2313 3695 2462 3746 venit
2479 3691 2546 3746 ad
2561 3689 2778 3746 Patrem
2803 3691 2907 3746 nisi
2929 3706 3026 3762 per
3047 3691 3220 3762 ipsum
3243 3689 3424 3760 (Joan.
3441 3689 3582 3760 xxv).

1991 3781 2058 3838 Et
2087 3782 2228 3840 sicut
2269 3783 2396 3840 alibi
2425 3783 2623 3840 dicitur
2648 3799 2663 3840 :
2693 3805 2710 3836 ι
2737 3785 2850 3854 Ego
2875 3801 2992 3840 sum
3031 3785 3252 3850 ostium,
3287 3797 3386 3855 per
3417 3799 3506 3838 me
3535 3781 3582 3838 si

1989 3875 2114 3948 quis
2159 3875 2450 3943 introierit,
2485 3875 2786 3932 salvabitur
2813 3875 2996 3946 (Jonu.
3027 3875 3106 3946 χ).
3137 3895 3156 3928 ι
3191 3874 3288 3932 Cui
3329 3873 3584 3930 videlicet

1993 3968 2132 4024 ostro
2167 3969 2438 4026 columnae
2466 3970 2534 4024 ab
2561 3977 2796 4040 utroque
2831 3967 3004 4026 latere
3037 3983 3220 4026 coram
3253 3967 3444 4040 positae
3475 3967 3580 4020 cir-

1991 4067 2300 4132 cumstant,
2341 4077 2462 4118 cum
2505 4061 2742 4117 ministri
2781 4061 3078 4126 sermonis,
3123 4061 3338 4130 utrique
3383 4055 3582 4130 populo

1989 4153 2276 4210 introitum
2325 4155 2480 4226 regni
2521 4155 2758 4212 caelestis
2801 4154 3114 4218 ostendunt,
3147 4162 3208 4208 ut
3253 4151 3368 4207 sive
3395 4163 3426 4204 a
3457 4147 3580 4204 luce

1991 4245 2234 4304 scientiae
2263 4245 2450 4318 legalis
2479 4247 2730 4320 quisque,
2773 4247 2888 4302 sive
2936 4261 2998 4302 ex
3045 4245 3226 4318 rigore
3261 4241 3582 4314 gentilitatis

1994 4339 2072 4396 ad‘
2101 4339 2260 4396 ﬁdem
2301 4339 2580 4412 Evangelii
2625 4340 2854 4406 venerit,
2881 4339 3084 4394 habent
3107 4347 3328 4410 paratos
3359 4351 3456 4394 eos
3487 4335 3584 4406 qui

1993 4431 2096 4488 sibi
2135 4433 2239 4490 iter
2273 4433 2466 4490 salutis
2501 4443 2558 4490 et
2597 4435 2762 4488 verbo
2790 4433 3166 4488 demonstrent
3202 4439 3258 4486 et
3289 4429 3576 4500 exemplo:

1991 4521 2076 4578 vel
2107 4533 2254 4582 certe
2281 4524 2408 4594 quia
2457 4525 2526 4580 de
2563 4525 2768 4580 eisdem
2815 4523 3081 4580 columnis
3115 4523 3170 4578 in
3205 4521 3344 4578 libro
3373 4518 3581 4576 Parali-

1988 4629 2256 4684 pomenon
2285 4616 2360 4672 ita
2383 4616 2644 4688 scriptum
2673 4625 2758 4672 est
2781 4635 2795 4670 :
2831 4633 2852 4666 ε
2879 4615 3027 4686 Ipsas
3053 4629 3268 4686 quoque
3293 4613 3576 4670 columnas

1989 4705 2170 4777 posuit
2197 4707 2250 4760 in
2279 4707 2548 4764 vestibulo
2591 4707 2796 4778 templi,
2827 4723 2990 4762 uuam
3031 4723 3062 4762 a
3097 4707 3327 4770 dextris,
3357 4715 3414 4760 et
3443 4703 3580 4758 alte-

1987 4811 2106 4852 ram
2139 4811 2170 4852 a
2203 4797 2442 4854 sinistris
2477 4797 2564 4869 (II
2591 4797 2722 4852 Par.
2759 4799 2862 4870 tu).
2891 4819 2910 4852 ι
2953 4797 3080 4854 Ideo
3115 4807 3242 4854 sunt
3271 4797 3388 4852 dum
3423 4793 3580 4848 factae

1991 4889 2274 4956 columnae,
2301 4897 2465 4958 atque
2497 4889 2570 4946 ita
2591 4891 2890 4960 disposita,
2917 4901 2976 4946 ut
3011 4891 3167 4948 nobis
3191 4899 3248 4946 et
3275 4891 3328 4944 in
3359 4901 3582 4958 prospe—

1991 4981 2090 5048 ris,
2115 4987 2172 5036 et
2208 4979 2262 5034 in
2299 4979 2562 5046 adversis,
2599 4981 2904 5052 ingressum
2943 4981 3134 5054 patriae
3183 4979 3417 5036 caelestis
3455 4985 3582 5032 ante

1991 5069 2178 5128 oculos
2221 5071 2418 5128 mentis
2461 5072 2768 5130 habendum
2811 5087 2932 5130 esse
2977 5073 3228 5130 doceant.
3270 5069 3578 5126 Notandum

1993 5179 2126 5220 sane
2167 5165 2220 5220 in
2271 5165 2374 5220 hac
2415 5165 2684 5222 sententia
2713 5165 3166 5238 Paralipomenon
3201 5177 3364 5234 quam
3399 5159 3582 5234 posui,
3645 5227 3648 5230 ,

1993 5253 2138 5324 quod
2186 5269 2250 5310 ea
2293 5255 2534 5326 porticus
2581 5256 2786 5328 templi,
2819 5257 2982 5312 etiam
3031 5253 3358 5310 vestibulum
3395 5249 3580 5322 templi

1992 5349 2312 5418 vocabatur,
2343 5357 2400 5406 et
2439 5349 2584 5422 quod
2615 5349 2670 5404 in
2697 5350 2974 5422 prophetis
3011 5349 3258 5422 legimus,
3285 5347 3412 5420 quia
3439 5345 3586 5402 inter-

1991 5441 2316 5498 vestibulum
2347 5443 2531 5516 templi
2555 5453 2612 5500 et
2635 5443 2808 5498 altare
2827 5443 3058 5498 orabant
3083 5444 3414 5507 sacerdotes,
3439 5441 3578 5496 inter

1991 5535 2258 5604 porticum
2283 5543 2338 5590 et
2357 5533 2530 5602 altare
2555 5535 2752 5590 debere
2777 5533 3024 5608 intelligi.
3049 5537 3196 5592 Bene
3223 5547 3406 5594 autetn
3431 5543 3578 5591 utra-

1993 5641 2098 5698 que
2133 5627 2382 5682 colmnna
2435 5627 2736 5692 octodecim
2787 5627 3002 5686 cubitos
3039 5629 3338 5686 altitudinis
3379 5627 3582 5684 habere
3681 5677 3692 5686 .

1992 5727 2346 5778 memoratur.
2376 5721 2484 5778 Ter
2505 5721 2710 5780 etenim
2738 5725 2852 5782 seni
2883 5727 3072 5786 decem
3107 5735 3162 5784 et
3201 5733 3324 5782 octo
3355 5723 3576 5780 faciunt.
