4044 6336
475 268 582 325 459

1535 259 1884 319 ANGELOMI
1923 255 2390 318 LUXOVIENSIS
2430 257 2735 318 MONACHI

3634 260 3772 322 440

477 385 608 442 Tria
629 398 760 439 vero
782 382 848 438 ad
877 380 1036 438 ﬁdem
1067 379 1342 451 pertinent
1370 388 1592 452 propter
1618 388 1858 436 sanctam
1884 378 2063 434 Trini-
2087 381 2142 444 Α
2171 396 2190 430 ε
2229 376 2464 450 Septena
2517 393 2768 433 versuum
2819 376 3076 433 retiacula
3119 376 3173 432 in
3225 376 3477 449 capitella
3527 396 3656 448 uno,
3703 391 3775 438 et.

477 486 666 532 tatem.
701 475 811 530 Sex
843 474 911 531 ad
944 473 1314 545 operationem
1357 472 1498 542 quod
1531 471 1584 526 in
1625 486 1690 526 eo
1723 471 1932 526 dierum
1964 485 2060 524 nu-

477 583 630 624 mero
657 567 889 622 mundus
917 567 987 621 sit
1010 564 1207 629 factus,
1237 564 1355 619 luce
1379 564 1578 619 clarius
1601 573 1705 620 est.
1737 564 1804 618 Et
1833 564 1931 619 tria
1962 578 2060 634 per

479 676 576 716 sex
604 659 1050 731 multiplicantur,
1081 673 1203 713 cum
1229 657 1406 727 justus
1447 673 1510 712 ex
1545 656 1649 711 ﬁde
1684 657 1836 721 vivit,
1869 657 2058 726 cogni-

479 753 791 821 tionemque
826 752 928 820 piae
954 749 1288 804 credulitatis
1323 749 1376 803 in
1413 749 1761 804 exsecutione
1785 749 1939 803 bona
1965 765 2058 804 ac-

478 844 644 898 tionis
672 841 1000 898 accumulat.
1031 840 1400 911 Columnaque
1429 848 1555 896 ante
1580 839 1724 895 fores
1758 839 1940 910 templi
1969 839 2063 894 de-

480 951 597 992 cem
625 945 681 992 et
703 947 826 991 octo
841 921 1044 991 cubitis
1065 933 1171 988 alta
1197 941 1280 988 est
1305 951 1316 986 :
1349 949 1471 988 cum
1491 933 1811 1002 praedicator
1833 931 2063 1002 quisque

478 1028 728 1098 egregius
757 1025 932 1097 palam
985 1025 1193 1080 cunctis
1221 1024 1483 1089 insinuat,
1513 1038 1620 1076 non
1647 1021 1750 1076 nisi
1776 1037 1873 1092 per
1902 1021 2063 1077 ﬁdem

480 1127 535 1171 et
560 1133 722 1188 opera
747 1117 988 1186 justitiae,
1015 1130 1115 1169 nos
1159 1114 1226 1168 ad
1269 1129 1497 1184 superna
1526 1113 1719 1186 gaudia
1750 1113 1874 1167 vita:
1903 1127 2064 1182 posse

481 1208 780 1279 pervenire.
818 1227 837 1258 ε
872 1207 938 1262 Et
966 1206 1106 1262 linea
1137 1206 1440 1261 cubitorum
1476 1205 1760 1260 duodecim
1795 1203 2068 1258 ambiebat

480 1300 786 1354 columnam
833 1307 1138 1368 utramque.
1179 1318 1197 1350 ι
1229 1296 1394 1352 Linea
1433 1296 1714 1351 duodecim
1757 1295 2064 1350 cubitorum

480 1407 667 1447 norma
717 1401 800 1447 est
840 1391 1149 1462 apostolicae
1201 1390 1554 1446 institutionis
1596 1404 1611 1444 :
1647 1405 1766 1460 quae
1809 1389 2065 1444 nimirum

480 1485 620 1540 linea
656 1484 824 1540 ambit
863 1485 1168 1540 columnam
1215 1492 1521 1553 utramque,
1554 1497 1674 1536 cum
1715 1482 1943 1552 quisque
1973 1481 2068 1536 do-

482 1586 618 1642 ctor,
651 1577 766 1632 sive
808 1573 1008 1631 Judaeis
1053 1591 1146 1630 seu
1187 1575 1476 1646 gentilibus
1514 1573 1808 1645 praedicare
1844 1573 2066 1638 missus,

481 1683 546 1724 ea
573 1677 780 1722 tantum
806 1667 988 1723 facere
1013 1673 1169 1722 curat
1196 1683 1261 1722 ac
1290 1668 1507 1732 docere,
1539 1681 1658 1736 qua:
1682 1680 1778 1735 per
1798 1665 2070 1736 apostolos

2167 489 2186 523 ι
2227 477 2446 540 septena
2484 469 2742 526 retiacula
2776 469 2828 524 in
2859 469 3108 540 capitello
3151 470 3342 526 altero.
3376 491 3395 525 ι
3431 470 3774 543 Septenaria

2163 578 2395 632 namque
2445 578 2673 619 numero
2723 561 2959 633 Spiritus
2992 564 3164 619 sancti
3206 565 3347 621 solet
3387 567 3564 637 gratia
3605 569 3776 624 desi-

2163 654 2337 725 gnari,
2379 652 2587 710 Joanne
2637 661 2932 711 attestante
2975 655 3030 710 in
3084 655 3406 728 Apocalypsi
3455 657 3636 729 (Apoc.
3674 659 3770 729 ν),

2163 746 2253 816 qui
2282 761 2406 801 cum
2435 746 2638 802 vidisse
2658 762 2719 802 se
2745 745 2951 802 diceret
2989 763 3187 817 agnum
3215 749 3503 806 habentem
3551 766 3775 806 cornua

2161 845 2368 906 septem
2397 846 2452 892 et
2477 837 2662 893 oculos
2686 847 2912 909 septem,
2954 855 3078 896 mox
3105 842 3424 912 exponendo
3453 841 3772 912 subjunxit,

2165 929 2257 998 qui
2283 941 2409 982 sunt
2441 936 2646 998 septem
2675 929 2899 998 spiritus
2923 930 3018 986 Dei
3049 931 3199 988 missi
3223 932 3279 988 in
3303 933 3618 990 universam
3647 942 3776 990 ter-

2165 1035 2301 1074 ram.
2335 1019 2488 1086 Quod
2533 1021 2796 1092 propheta
2843 1021 3008 1078 Isaias
3055 1025 3296 1094 apertius
3327 1025 3585 1097 explicat,
3633 1042 3776 1082 eum

2165 1111 2231 1166 de
2283 1111 2562 1166 nascituro
2612 1112 2666 1166 in
2716 1127 2882 1168 carne
2913 1113 3143 1170 Domino
3194 1115 3466 1186 loquens:
3504 1136 3524 1169 ‹
3557 1116 3626 1172 Et
3668 1132 3775 1172 re-

2166 1202 2410 1272 quiescet
2439 1203 2656 1274 (inquit)
2687 1218 2849 1274 super
2873 1219 2997 1259 eum
3025 1205 3248 1277 spiritus
3277 1206 3515 1273 Domini,
3538 1206 3778 1277 spiritus

2169 1293 2447 1364 sapientiae
2490 1303 2545 1348 et
2591 1294 2916 1362 intellectus,
2954 1297 3180 1368 spiritus
3203 1297 3415 1354 consilii
3454 1307 3511 1353 et
3536 1297 3776 1354 fortitu-

2169 1385 2333 1452 dinis,
2383 1386 2608 1456 spiritus
2633 1388 2874 1443 scientiae
2913 1397 2967 1443 et
3014 1391 3253 1459 pietatis,
3281 1400 3338 1448 et
3365 1391 3596 1462 replebit
3638 1407 3778 1448 eum

2169 1477 2392 1546 spiritus
2439 1478 2648 1534 timoris
2692 1479 2906 1535 Domini
2953 1480 3098 1552 (-Isa.
3133 1484 3247 1553 xl).
3292 1501 3311 1535 ι
3348 1481 3584 1553 Septena
3632 1498 3780 1556 ergo

2169 1583 2424 1625 versuum
2470 1569 2730 1626 retiacula
2771 1580 2930 1627 erant
2959 1573 3013 1628 in
3059 1573 3310 1645 capitella
3349 1584 3606 1647 utroque,
3635 1577 3779 1646 quia

2170 1671 2353 1730 patres
2403 1662 2685 1733 utriusque
2733 1663 3045 1720 testamenti
3091 1666 3454 1738 cognitionem
3495 1682 3598 1737 per
3642 1683 3784 1739 gra-

484 1761 696 1832 accepit
740 1776 804 1815 ac
843 1756 1032 1813 didicit
1066 1758 1325 1813 Ecclesia.
1383 1757 1516 1812 Nam
1557 1757 1601 1810 si
1651 1757 1768 1826 quis
1801 1757 1956 1812 aliter
1991 1757 2070 1811 vi-
2175 1751 2302 1806 tiam
2346 1751 2505 1808 unius
2545 1751 2897 1824 ejusdemque
2940 1754 3164 1824 spiritus
3203 1755 3537 1828 septiformis
3579 1756 3782 1828 utique

481 1841 629 1916 vere,
658 1852 772 1906 sive
811 1850 1107 1920 praedicare
1145 1848 1398 1914 voluerit,
1431 1859 1485 1903 ct
1525 1847 1610 1902 vel
1640 1848 1933 1918 apostolica
1972 1849 2067 1903 de-

484 1950 634 1995 creta
689 1956 966 2011 spernere,
998 1940 1082 1996 vel
1136 1956 1236 2012 pro
1291 1956 1389 1996 suo
1435 1939 1590 1996 libito
1636 1955 1770 1995 nova
1819 1939 2072 2009 quaelibet

482 2043 724 2090 statuere
757 2035 1032 2101 maluerit,
1058 2050 1164 2089 non
1198 2042 1282 2089 est
1310 2033 1434 2089 talis
1461 2033 1713 2089 columna
1746 2032 1944 2104 templo
1974 2032 2070 2088 Dei

483 2134 645 2197 apta:
675 2126 800 2196 quia
834 2126 961 2181 dum
992 2125 1289 2197 apostolica
1328 2134 1531 2180 statuta
1567 2125 1722 2195 sequi
1750 2123 2068 2189 contemnit,

483 2218 636 2286 quasi
665 2217 749 2271 vel
773 2217 1014 2272 exilitate
1045 2217 1252 2272 inertiae
1277 2233 1408 2281 sum,
1438 2215 1524 2270 vel
1551 2215 1797 2272 elationis
1823 2215 1975 2280 vitio,
2004 2214 2073 2270 de

482 2309 844 2379 grossitndine
898 2307 1178 2364 duodecim
1231 2308 1535 2363 cubitorum
1581 2305 1738 2362 linem
1791 2320 1899 2362 non
1943 2321 2072 2362 con-

481 2401 650 2455 venit.
1521 2385 1526 2388 l

560 2510 578 2543 ι
616 2492 730 2547 Duo
751 2507 964 2562 quoque
983 2491 1229 2562 capitella
1259 2491 1407 2556 fecit,
1431 2506 1534 2561 qua
1556 2499 1890 2561 ponerentur
1910 2504 2072 2561 super

488 2602 507 2634 ι
542 2584 716 2654 capita
740 2584 1111 2639 columnarum
1144 2584 1320 2638 fusilia
1339 2599 1467 2648 tere,
1496 2584 1734 2655 quinque
1763 2583 2070 2639 cubitorum

488 2692 507 2726 ι
539 2675 838 2730 altitudinis
873 2676 1176 2747 capitellum
1203 2691 1392 2746 unum,
1415 2683 1470 2731 et
1495 2676 1736 2746 quinque
1763 2675 2069 2731 cubitorum

487 2784 507 2816 ι
543 2766 844 2822 alti.udinis
867 2767 1174 2834 capitellum
1203 2767 1484 2822 alterum»
1519 2767 1706 2838 Capita
1734 2768 1936 2823 etenim
1973 2782 2068 2823 co-

478 2857 810 2924 lumnarum,
849 2860 950 2914 hoc
979 2869 1063 2914 est
1104 2875 1337 2932 superna
1364 2875 1490 2929 pars
1516 2875 1724 2926 eorum,
1771 2858 2069 2929 praecordia

479 2962 605 3007 sunt
639 2952 873 3008 ﬁdelium
923 2954 1223 3019 doctorum,
1258 2969 1488 3025 quorum
1518 2953 1626 3008 Deo
1667 2954 1876 3008 devotis
1919 2952 2068 3021 cogi-

479 3045 775 3101 tationibus
802 3046 941 3101 sicut
975 3046 1152 3117 capite
1197 3047 1464 3111 membra,
1494 3045 1570 3100 ita
1619 3045 1859 3115 ipsorum
1886 3043 2068 3099 omnia

478 3143 534 3190 et
563 3151 726 3206 Opera
759 3137 1062 3208 diriguntur
1091 3144 1145 3191 et
1187 3136 1371 3192 verba.
1425 3127 1546 3190 Duo
1592 3144 1772 3191 autem
1821 3133 2071 3207 capitella

480 3242 602 3297 qua:
625 3227 712 3282 his
749 3228 1014 3298 capitibus
1043 3235 1198 3283 erant
1233 3225 1572 3297 superposita
1604 3227 1710 3281 duo
1735 3234 1861 3281 sunt
1897 3233 2071 3292 testa-

479 3332 663 3377 menta
693 3337 922 3392 quarum
953 3322 1290 3377 meditationi
1323 3330 1484 3391 atque
1509 3319 1866 3376 observantia!
1889 3318 2073 3375 docto-

478 3428 571 3469 res
595 3414 766 3468 sancti
801 3422 912 3468 toto
951 3423 1005 3468 et
1036 3414 1217 3466 animo
1245 3413 1547 3467 subduntur
1571 3419 1626 3465 et
1648 3425 1892 3479 corpore.
1921 3407 2074 3464 Unde

478 3503 620 3560 bene
651 3512 941 3574 utrumque
971 3503 1279 3572 capitellum
1309 3501 1546 3571 quinque
1584 3501 1795 3555 cubitos
1834 3498 2072 3553 habebat

479 3597 801 3662 altitudinis,
851 3597 976 3668 quia
1027 3596 1282 3649 nimirum
1330 3594 1568 3664 quinque
1613 3592 1766 3648 libris
1800 3591 2070 3660 scriptura

479 3688 730 3746 Mosaiea:
777 3689 910 3757 legis
958 3685 1350 3757 comprehensa
1402 3693 1504 3749 est,
1551 3691 1606 3737 et
1642 3683 1878 3752 quinque
1905 3680 2069 3736 etiam

482 3781 666 3837 δίδουιί
695 3788 904 3843 aetates,
935 3787 1047 3833 tota
1093 3778 1295 3832 veteris
1339 3774 1683 3830 instrumenti
1709 3773 1878 3828 series
1915 3786 2068 3827 com-

477 3871 634 3942 plexa
662 3881 762 3925 est.
805 3869 1012 3924 Novum
1046 3884 1174 3924 vero
1205 3868 1609 3923 Testamentum
1638 3881 1746 3920 non
1777 3863 1882 3918 alia
1911 3862 2070 3919 nobis

478 3963 759 4034 praedicat,
807 3977 968 4030 quam
1012 3975 1132 4032 quae
1181 3958 1390 4031 Moyses
1442 3957 1786 4028 praedicanda
1813 3970 1912 4026 per
1965 3954 2070 4011 hoc

480 4066 600 4110 esse
626 4054 950 4124 praedixerat
980 4062 1033 4107 et
1062 4052 1359 4122 prophetae.

558 4167 576 4197 ι
622 4145 686 4199 Et
711 4145 865 4215 quasi
896 4145 948 4198 in
976 4146 1192 4200 modum
1219 4144 1351 4199 retis
1376 4150 1431 4197 et
1456 4150 1769 4197 catenarum
1799 4139 1900 4194 sibi
1926 4137 2069 4194 invi-

484 4261 502 4293 ι
534 4256 652 4297 cem
689 4240 827 4295 miro
853 4256 1015 4310 opere
1053 4249 1450 4294 contextarum.
1500 4236 1802 4306 Utrumque
1846 4232 2071 4305 capitel-

485 4351 503 4384 ι
537 4332 650 4386 lum
667 4331 1040 4386 columnarum
1065 4331 1221 4386 fusile
1243 4339 1381 4386 erat.
1409 4350 1427 4382 ι
1450 4329 1603 4396 Quod
1625 4329 1678 4383 in
1702 4328 1840 4383 libro
1862 4325 2071 4382 Parali-

478 4442 749 4497 pomenon
788 4427 861 4480 ita
897 4425 1154 4495 scriptum
1187 4433 1310 4480 est:
1349 4444 1365 4476 ι
1401 4422 1622 4479 Necnon
1647 4430 1703 4478 et
1736 4422 1891 4493 quasi
1922 4427 2068 4476 cate-

479 4517 635 4570 nulas
669 4517 720 4570 in
749 4516 990 4580 oraculo,
1014 4525 1068 4570 et
1092 4514 1437 4586 superposuit
1459 4529 1553 4568 eas
1577 4511 1844 4584 capitibus
1867 4510 2068 4567 colum-
2096 4490 2150 4553 D

479 4621 675 4659 narum
730 4604 814 4676 (II
859 4602 988 4657 Par.
1022 4603 1127 4676 Ill).
1162 4624 1180 4656 ›
1214 4604 1434 4675 Species
1477 4619 1713 4674 namque
1744 4611 2062 4658 catenarum

480 4706 535 4750 et
566 4695 862 4752 similitudo
897 4698 1026 4751 retis
1074 4697 1129 4751 in
1169 4694 1456 4766 capitellis,
1487 4695 1724 4751 varietas
1768 4703 1853 4750 est
1896 4695 2066 4749 virtu-

479 4799 595 4842 tum
624 4788 981 4859 spiritualium
1007 4788 1058 4842 in
1082 4789 1285 4843 sanctis
1310 4805 1322 4841 :
1350 4789 1416 4843 de
1437 4803 1541 4858 qua
1568 4787 1795 4841 Domino
1817 4793 2067 4841 cantatur

479 4881 535 4934 in
571 4880 803 4935 Psalmis
829 4899 840 4933 :
874 4899 890 4931 ι
919 4880 1106 4935 Astitit
1132 4881 1313 4951 regina
1340 4894 1370 4934 a
1399 4879 1605 4934 dextris
1633 4878 1760 4944 tuis,
1788 4878 1840 4932 in
1869 4875 2064 4930 vestitu

481 4974 777 5040 deaurato,
819 4975 1223 5030 circnmamicta
1268 4974 1535 5029 varietate
1577 4969 1750 5043 (Psal.
1803 4969 1950 5039 xuv)
1985 4988 1997 5021 :
2043 4986 2062 5018 ι

481 5068 586 5122 hoc
612 5076 714 5132 est,
747 5067 801 5120 in
831 5069 1028 5121 vestitu
1061 5067 1273 5139 fulgida:
1299 5066 1625 5129 dilectionis,
1657 5060 2067 5118 circumamicta

480 5158 742 5212 varietate
788 5159 1124 5213 diversorum
1175 5160 1584 5214 charismatum.
1621 5154 1715 5209 Vel
1744 5161 1891 5207 certe
1932 5150 2068 5206 mul-

481 5248 649 5319 tiplex
682 5251 955 5306 contextio
1002 5260 1341 5315 catenarum,
1368 5258 1422 5303 et
1452 5248 1581 5301 retis
1610 5244 1889 5315 expansio,
1923 5242 2063 5298 mul-

479 5339 692 5398 tifarias
747 5343 1042 5399 electorum
1102 5358 1366 5414 personas
1421 5341 1656 5395 insinuat
1703 5356 1714 5391 :
1766 5354 1887 5408 qua:
1940 5354 2063 5392 cum

479 5431 660 5488 verbis
721 5446 1033 5490 sanctorum
1097 5435 1511 5506 praedicatorum
1561 5431 1792 5486 ﬁdeliter
1853 5431 2066 5486 auscul-

481 5528 644 5580 tando
667 5536 828 5598 atque
858 5529 1163 5583 obediendo
1187 5528 1488 5590 adhaerent,
1511 5524 1665 5594 quasi
1688 5524 2063 5579 columnarum

479 5619 744 5688 capitibus
773 5619 1129 5689 superpositae
1161 5619 1293 5672 retis
1323 5627 1377 5672 et
1421 5617 1706 5683 catenulte,
1741 5617 2062 5672 miraculum

480 5722 590 5770 suae
658 5710 1014 5764 connexionis
1081 5709 1290 5765 cunctis
1344 5710 1744 5782 aspectantibus
1799 5710 2060 5782 praebent.

2139 1831 2146 1838 ’
2173 1844 2333 1900 electi
2371 1854 2718 1916 acceperunt.

2249 1951 2268 1986 ‹
2306 1933 2375 1988 Et
2402 1935 2631 2005 perfecit
2660 1935 2940 1992 columnas
2978 1944 3034 1992 et
3072 1937 3212 1993 duos
3249 1938 3472 1994 ordines
3519 1954 3622 2009 per
3657 1939 3784 1995 cir-

2179 2048 2198 2082 ‹
2231 2029 2435 2084 cuitum
2465 2031 2852 2088 retiaculorum
2878 2031 3239 2104 singulorum,
3286 2044 3349 2089 ut
3393 2043 3642 2108 tegerent
3675 2052 3777 2094 ca-

2179 2139 2198 2172 (
2231 2122 2436 2192 pitella.
2473 2143 2490 2174 ι
2529 2124 2645 2178 Duo
2679 2124 2898 2194 quidem
2928 2125 3148 2181 ordines
3189 2136 3350 2182 erant
3379 2127 3780 2184 retiaculorum

2173 2213 2227 2268 in
2259 2229 2389 2285 gyro
2417 2215 2674 2285 capitelli,
2699 2218 2794 2272 sed
2830 2225 3060 2287 uterque
3088 2218 3224 2274 ordo
3252 2219 3593 2290 septemplici
3642 2237 3776 2278 ver-

2173 2319 2330 2359 suum
2357 2320 2584 2361 numero
2609 2307 2881 2373 currebat,
2915 2309 3087 2364 donec
3133 2309 3467 2367 circumacto
3493 2312 3774 2382 capitella,

2173 2411 2390 2451 rursum
2419 2396 2473 2451 in
2515 2397 2753 2468 seipsum
2783 2399 2938 2470 quasi
2982 2400 3186 2456 circulo
3227 2400 3372 2458 facto
3403 2403 3630 2460 rediret.
3659 2403 3779 2460 Nec

2174 2489 2346 2560 ﬁgura
2376 2493 2702 2548 sacramenti
2738 2493 2793 2547 in
2831 2493 3150 2550 abscondito
3177 2505 3284 2562 est,
3330 2511 3501 2568 quare
3530 2497 3640 2552 duo
3682 2512 3781 2553 or-

2174 2581 2328 2636 dines
2359 2591 2486 2636 sunt
2516 2583 2926 2651 retiaculorum,
2976 2601 3099 2641 cum
3128 2596 3346 2642 constet
3391 2592 3624 2659 gemina:
3665 2590 3781 2646 dis-

2174 2674 2436 2729 cretionis
2483 2690 2604 2731 esse
2653 2677 2908 2734 virtutem
2953 2678 3470 2752 dilectioniszquod
3517 2685 3782 2741 videlicet

2174 2765 2390 2822 Domini
2421 2781 2488 2822 ex
2533 2776 2646 2823 toto
2681 2770 2864 2832 corde,
2900 2779 3008 2826 tota
3042 2772 3247 2838 anima,
3295 2783 3406 2829 tota
3449 2775 3674 2842 virtute,
3721 2784 3781 2833 et

2172 2858 2480 2929 proximum
2509 2867 2763 2929 tanquam
2788 2864 3152 2935 nosmetipsos
3182 2881 3369 2922 amare
3400 2867 3778 2937 praecipimur.

2177 2947 2284 3004 Sed
2332 2958 2561 3021 uterque
2608 2953 2742 3008 ordo
2795 2953 2881 3008 ille
2933 2964 3137 3026 septem
3186 2956 3350 3013 habet
3389 2973 3648 3014 versuum
3687 2975 3782 3016 re-

2177 3040 2394 3105 tiacula,
2433 3042 2559 3111 quia
2588 3058 2690 3099 nec
2719 3043 2861 3101 Deus
2893 3045 3100 3116 absque
3129 3049 3303 3119 gratia
3333 3049 3572 3122 Spiritus
3597 3053 3782 3109 sancti

2380 3100 2388 3105 .
2451 3100 2468 3111 ,
2847 3100 2852 3101 κ
2947 3100 2980 3101 ρ
3129 3100 3303 3119 an“
3334 3100 3570 3122 Ἴων--
3597 3100 3780 3109 an---

2099 3100 2146 3168 Ο
2176 3139 2360 3200 potest
2387 3135 2582 3199 amari,
2616 3150 2715 3190 nec
2755 3138 3058 3207 proximus.
3091 3138 3426 3197 Facta'sunt
3454 3152 3640 3200 autem
3687 3160 3780 3200 re-

2179 3226 2376 3282 tiacula
2409 3227 2523 3283 haec
2552 3237 2611 3284 ut
2651 3239 2896 3301 tegerent
2935 3234 3204 3304 capitella,
3251 3236 3355 3292 hoc
3380 3247 3484 3304 est,
3529 3239 3779 3310 undique

2172 3318 2230 3372 in
2259 3334 2392 3390 gyro
2423 3320 2825 3378 circumdarent
2851 3342 2862 3379 :
2891 3326 3016 3394 quia
3038 3327 3216 3383 omnis
3241 3327 3539 3400 Scriptura:
3568 3343 3779 3390 sanctae

2174 3413 2391 3484 pagina,
2433 3428 2554 3468 cum
2604 3424 2751 3470 recte
2800 3417 3131 3490 intelligitur,
3183 3422 3413 3492 gratiam
3443 3439 3543 3494 per
3585 3426 3777 3481 omnia

2175 3504 2460 3559 charitatis
2490 3513 2648 3560 sonat
2677 3522 2740 3562 ac
2770 3509 2939 3578 pacis.
2978 3511 3237 3582 Capitella
3267 3515 3469 3570 etenim
3494 3516 3776 3573 volumina

2175 3595 2485 3650 divinorum
2512 3596 2871 3667 eloquiorum,
2897 3602 3157 3658 retiacula
3187 3613 3313 3660 sunt
3334 3606 3546 3661 vincula
3571 3617 3777 3663 mutuae

2176 3687 2483 3744 dilectionis
2530 3709 2541 3744 :
2598 3698 2652 3745 et
2702 3692 2980 3749 retiaculis
3031 3703 3283 3766 teguntur
3325 3699 3596 3768 capitella,
3645 3717 3776 3756 cum

2173 3795 2329 3836 sacra
2359 3781 2571 3851 eloquia
2606 3783 2687 3854 (ut
2733 3785 2808 3838 ita
2835 3784 3089 3858 dixerim)
3129 3788 3560 3846 donoeharitatis
3609 3789 3777 3846 undi-

2175 3888 2281 3944 que
2322 3876 2624 3944 probantur
2667 3891 2788 3932 esse
2827 3879 3064 3934 vestita:
3103 3895 3226 3935 nam
3255 3890 3310 3936 et
3335 3881 3388 3935 in
3431 3882 3512 3937 eis
3542 3898 3664 3954 quae
3713 3884 3776 3940 in

2177 3964 2476 4036 Scripturis
2507 3982 2611 4022 non
2647 3967 2999 4040 intelligimus
3039 3971 3279 4027 charitas
3318 3971 3472 4038 latet,
3502 3982 3560 4028 et
3590 3973 3643 4028 in
3687 3975 3776 4030 eis

2172 4071 2294 4126 qua:
2320 4057 2670 4129 intelligimus
2698 4059 2938 4114 charitas
2960 4059 3067 4116 late
3098 4069 3267 4131 patet.
3301 4061 3447 4117 Bene
3490 4073 3674 4120 autem
3704 4064 3777 4120 de

2173 4147 2379 4203 eisdem
2424 4147 2700 4204 retiaculis
2748 4149 2864 4204 sive
2910 4150 3174 4220 capitellis
3221 4151 3554 4224 adjnngitnr,
3594 4171 3614 4206 ι
3647 4170 3780 4223 quae

2173 4247 2331 4294 erant
2360 4255 2524 4310 super
2557 4241 2925 4297 summitatem
2969 4243 3112 4298 malo
3141 4253 3508 4313 granatorum.
3548 4263 3568 4297 ι
3603 4245 3775 4301 Malo-

2173 4340 2400 4402 granata
2427 4347 2682 4402 namque,
2709 4347 2941 4403 quorum
2983 4343 3177 4388 natura
3206 4343 3310 4400 est,
3338 4351 3446 4391 uno
3489 4334 3626 4391 foris
3649 4351 3775 4392 cor-

2174 4425 2299 4491 tice,
2332 4424 2499 4480 multa
2525 4425 2750 4481 interius
2775 4442 2944 4497 grana
2971 4427 3331 4494 circumdare,
3360 4437 3486 4498 apte
3515 4430 3567 4483 in
3597 4429 3774 4500 ﬁgura

2174 4523 2374 4572 sancta:
2427 4523 2703 4584 ponuntur
2747 4515 3003 4573 Ecclesize
3047 4532 3063 4572 :
3109 4535 3253 4588 qua:-
3285 4519 3552 4576 catholico
3609 4520 3775 4577 unius

2176 4606 2301 4662 ﬁdei
2343 4606 2640 4662 munimine
2688 4607 2970 4663 innumera
3017 4609 3312 4666 electorum
3357 4613 3573 4683 agmina
3633 4611 3775 4668 solet

2175 4699 2471 4756 includere.
2505 4699 2687 4754 Potest
2716 4708 2896 4756 autem
2925 4711 2980 4756 et
3002 4704 3425 4774 uniuscujusque
3445 4704 3578 4774 justi
3601 4705 3773 4760 vitam

2175 4804 2462 4858 moresque
2505 4789 2808 4865 designare,
2849 4792 2942 4862 qui
2986 4792 3130 4847 velut
3160 4793 3390 4863 plurima
3418 4810 3526 4851 uno
3561 4797 3773 4852 cortice

2177 4877 2626 4947 circumplectens
2661 4917 2676 4944 ,
2717 4879 2886 4936 multa
2958 4883 3351 4954 cogitationum
3397 4885 3772 4958 virtutumque

2175 4968 2537 5040 Spiritualium
2581 4970 2809 5042 insignia
2841 4972 2931 5044 (ne
2957 4972 3098 5030 forte
3141 4974 3400 5048 deﬂuant)
3441 4978 3596 5034 ﬁrma
3645 4979 3770 5035 ﬁdei

2171 5070 2226 5115 et
2257 5059 2576 5116 humilitatis
2605 5070 2760 5116 curat
2787 5063 2989 5120 vallare
3017 5066 3264 5122 custodia
3307 5076 3363 5123 et
3389 5078 3518 5140 apto
3543 5085 3770 5140 prorsus

2170 5153 2498 5208 ministerio.
2541 5153 2730 5223 Capita
2761 5156 3138 5214 columnarum
3193 5162 3555 5233 malogranati
3609 5175 3769 5220 erant

2171 5246 2226 5301 in
2259 5262 2392 5318 gyro
2431 5248 2765 5304 circumdata
2789 5292 2804 5317 ,
2835 5252 2958 5322 quia
3004 5255 3257 5311 doctores
3285 5266 3505 5314 sanctos
3545 5274 3769 5315 necesse

2171 5348 2274 5402 est,
2305 5339 2545 5408 priorum
2576 5341 2741 5394 vitam
2773 5342 3008 5398 ﬁdelium
3039 5345 3107 5399 ad
3133 5349 3456 5403 memoriam
3484 5365 3766 5413 revocare.

2170 5445 2468 5498 eorumque
2493 5445 2708 5500 semper
2737 5433 3016 5504 exemplis,
3051 5445 3205 5492 actus
3233 5452 3360 5494 suos
3389 5455 3455 5495 ac
3487 5456 3769 5496 sermones

2170 5521 2317 5575 onmi
2352 5537 2416 5575 ex
2451 5532 2602 5593 parte
2631 5527 2979 5593 communiri,
3026 5543 3094 5583 ne
3141 5530 3188 5584 si
3233 5531 3392 5586 aliter
3419 5531 3560 5588 forte
3605 5549 3767 5604 quam

2171 5612 2383 5668 illorum
2420 5615 2582 5670 habet
2609 5618 2793 5689 regula
2825 5620 3060 5676 vixerint
3087 5631 3182 5677 aut
3210 5623 3521 5691 docuerint,
3557 5633 3764 5681 errent.

2171 5706 2306 5763 Cum
2331 5722 2461 5764 vero
2486 5709 2692 5768 dictum
2720 5712 2790 5768 sit
2830 5712 2898 5770 de
2927 5714 3205 5772 retiaculis
3241 5723 3303 5772 ut
3327 5726 3571 5792 tegerent
3613 5716 3765 5792 capis
