4044 6336
130 369 243 427 441

1072 367 1330 426 ENARR.
1368 367 1438 426 IN
1471 367 1718 426 LIBROS
1755 365 2019 428 REGUM.
2057 401 2127 412 —
2163 367 2232 427 ΙΝ
2267 367 2396 430 LIB.
2432 371 2519 428 111.

3306 373 3413 431 442

131 482 299 548 tella,
327 496 446 553 qua:
473 488 628 538 erant
649 495 812 552 super
831 489 1194 538 summitatem
1217 482 1729 554 malogranatorum,
1758 492 1810 551 Α
1841 505 1859 536 ‹
1893 484 2045 541 dines
2064 493 2238 550 erant,
2269 486 2323 541 in
2347 485 2574 541 circuitu
2599 483 2829 554 capitelli
2855 486 3098 542 secundi.
3121 507 3140 540 ι
3168 488 3414 547 Diximus

129 576 361 631 videtur
392 573 548 644 juxta
593 575 838 630 ordinem
869 575 1049 646 operis
1080 575 1266 645 ipsius,
1305 575 1430 645 quia
1463 575 1730 644 malogra-

130 673 278 720 nata
326 663 529 720 fuerint
566 662 710 719 facta
757 665 810 719 in
847 665 1074 721 circuitu
1121 665 1490 736 capitellorum
1520 681 1551 720 a
1577 673 1732 736 parte

135 757 418 824 inferiori,
467 765 630 828 atque
669 773 738 814 ex
777 758 980 813 eisdem
1033 759 1420 830 malogranatis
1460 760 1734 815 orirentur

137 847 429 914 netiacula,
461 849 656 918 quibus
693 849 944 920 capitella
975 866 1041 905 ex
1082 859 1234 922 parte
1275 851 1452 922 aliqua
1491 861 1734 923 tegeren-

136 952 256 998 tur.
299 941 563 1016 Patetque
607 942 779 1014 ﬁgura
817 943 1080 1014 mysterii,
1123 958 1229 1013 qua
1269 944 1525 1000 retiacula
1573 960 1736 1014 super

135 1036 518 1092 summitatem
559 1033 761 1090 fuerint
800 1035 1295 1107 malogranatorum
1346 1051 1576 1101 annexa,
1617 1051 1736 1106 qua:

135 1128 210 1184 ad
243 1143 410 1183 unam
443 1143 582 1199 pene
607 1127 1077 1199 signiﬁcationem,
1106 1129 1224 1185 sive
1263 1143 1615 1198 personarum
1641 1143 1735 1183 seu

131 1221 408 1275 virtutum
439 1221 717 1290 pertinent
758 1221 1143 1292 spiritualium.
1192 1221 1409 1278 Scimus
1452 1223 1594 1278 enim
1623 1223 1730 1276 vir-

132 1320 293 1368 tutes
333 1313 400 1368 de
442 1310 734 1367 virtutibus
771 1313 942 1379 nasci,
990 1321 1046 1368 et
1093 1322 1312 1370 sanctos
1351 1313 1628 1369 ambulare
1671 1315 1738 1369 de

133 1405 349 1460 virtute
385 1403 438 1458 in
463 1403 740 1469 virtutem,
777 1404 949 1460 donec
978 1404 1230 1459 videatur
1257 1405 1400 1460 Deus
1429 1405 1650 1459 deorum
1683 1405 1737 1460 in

138 1494 278 1550 Sion
310 1513 324 1550 :
353 1510 458 1565 qua
500 1495 706 1551 virtute
735 1495 879 1550 nulla
915 1505 1098 1568 potest
1137 1498 1312 1568 major
1334 1497 1467 1563 dici;
1514 1497 1655 1552 unde
1683 1504 1739 1552 et

133 1585 480 1656 Apostolus:
518 1607 536 1640 ι
586 1589 854 1656 Scientes,
903 1591 1103 1662 inquit,
1149 1593 1275 1662 quia
1316 1591 1593 1648 tribulatio
1637 1607 1735 1662 pa-

138 1678 396 1734 tientiam
450 1689 740 1749 operatur,
788 1682 1048 1752 patientia
1097 1691 1280 1738 autem
1329 1683 1734 1754 probationem,

138 1771 401 1838 probatio
424 1786 555 1829 vero
578 1789 728 1844 spem
759 1773 938 1845 (Rom.
967 1774 1044 1847 v).
1094 1795 1114 1828 ι

1834 576 1976 631 enim
2020 576 2410 648 malogranata,
2450 577 2532 632 vel
2570 578 2736 634 totius
2780 587 2982 635 sanctae
3026 579 3301 646 Ecclesiae,
3328 581 3415 638 vel

1834 667 2166 738 singulorum
2193 683 2529 740 quorumque
2570 667 2805 724 ﬁdelium
2840 677 3024 742 typum
3052 679 3254 726 tenere.
3279 671 3416 728 Cen-

1837 758 2076 814 teuarius
2127 775 2257 816 vero
2301 777 2590 826 numerus,
2636 763 2727 831 qui
2768 762 2836 817 ad
2877 763 3154 819 dexteram
3195 781 3415 821 manum

1833 849 2041 921 primus
2062 853 2326 920 pervenit,
2344 869 2731 924 nonnunquam
2749 853 2802 908 in
2824 864 3039 911 aeterna;
3061 857 3416 913 beatitudinis

1836 939 2006 1010 ﬁgura
2043 941 2169 1011 poni
2209 944 2508 998 consuevit.
2537 943 2854 1014 Duplicatur
2883 955 3064 1000 autem
3104 947 3194 1002 hic
3229 963 3418 1003 nume-

1836 1047 1930 1086 rus
1974 1031 2462 1103 malogranatorum
2518 1035 2572 1089 in
2621 1034 2849 1090 circuitu
2897 1037 3130 1107 capitelli
3174 1039 3416 1103 secundi,

1835 1131 1897 1178 ut
1943 1123 2246 1178 insinuetur
2291 1125 2549 1195 mystice,
2601 1127 2744 1195 quod
2785 1127 3064 1198 utriusque
3111 1131 3419 1185 testamenti
3478 1143 3482 1150 ‘

1835 1214 2064 1285 populus
2098 1217 2415 1272 adunandus
2451 1217 2505 1271 in
2539 1217 2776 1285 Christo,
2804 1228 2965 1290 atque
2991 1221 3056 1276 ad
3089 1233 3302 1277 aeterna:
3345 1222 3421 1276 vi-

1837 1316 1905 1362 tae
1935 1309 2006 1363 sit
2037 1309 2459 1366 introducendus
2486 1326 2762 1368 coronam.
3071 1354 3074 1356 η

1914 1420 1933 1454 ι
1990 1402 2058 1457 Et
2096 1403 2286 1458 statuit
2327 1404 2462 1458 duas
2517 1403 2796 1460 columnas
2847 1405 2899 1460 in
2949 1406 3160 1476 porticu
3215 1405 3418 1475 templi.

1843 1513 1862 1547 ‹
1907 1493 2150 1564 Cumque
2189 1497 2469 1552 statuisset
2511 1498 2818 1553 columnam
2861 1499 3170 1564 dexteram,
3213 1499 3425 1554 vocavit

1843 1604 1862 1638 ‹
1910 1600 2030 1640 eam
2081 1587 2299 1641 nomine
2343 1586 2610 1652 Joachim,
2661 1609 2679 1641 ι
2733 1604 2852 1658 quae
2894 1589 3282 1659 interpretatur
3331 1591 3425 1659 ﬁr-

1837 1678 2012 1732 mitas.
2062 1698 2082 1730 ‹
2128 1677 2394 1734 Similiter
2444 1682 2620 1736 erexit
2665 1681 2972 1737 columnam
3024 1685 3316 1738 secundam
3370 1691 3428 1738 et

1845 1787 1864 1818 ‹
1910 1769 2123 1824 vocavit
2178 1786 2374 1826 nomen
2420 1769 2534 1840 ejus
2585 1771 2750 1837 Booz,
2788 1792 2806 1823 ι
2838 1773 2942 1828 hoc
2987 1782 3068 1827 est
3114 1775 3166 1828 in
3209 1775 3421 1830 robore.

217 1877 238 1910 ι
276 1858 536 1930 Capitella
575 1871 756 1917 autem
787 1879 906 1934 qua:
945 1872 1102 1918 erant
1131 1879 1294 1936 super
1322 1865 1499 1936 capita
1529 1864 1736 1920 colum-
1767 1865 1815 1926 B
1844 1857 2043 1915 Dextra
2079 1861 2350 1926 columna,
2391 1871 2450 1916 ut
2497 1879 2658 1934 supra
2708 1863 2963 1928 diximus,
2993 1864 3208 1920 illorum
3247 1866 3427 1936 expri-

144 1972 163 2004 ‹
201 1967 428 2018 narum,
463 1955 619 2025 quasi
648 1969 812 2026 opere
841 1956 938 2012 lilii
969 1955 1227 2014 fabricata
1254 1968 1411 2013 erant
1449 1959 1503 2013 in
1529 1959 1738 2029 porticu

145 2063 167 2098 ι
200 2057 444 2117 quatuor
481 2048 807 2104 cubitorum.
841 2070 859 2102 ι
893 2050 1034 2118 Quid
1058 2052 1200 2107 enim
1232 2068 1330 2122 per
1352 2052 1480 2118 lilia,
1511 2053 1616 2108 nisi
1651 2069 1742 2109 su-

139 2153 334 2209 pernae
360 2137 626 2196 claritatis
665 2142 876 2212 patrim,
919 2151 1081 2213 atque
1110 2143 1558 2211 immortalitatis,
1587 2145 1740 2201 ﬁori-

139 2229 245 2285 bus
292 2231 566 2297 redolens,
612 2234 850 2304 paradisi
893 2234 1209 2305 designatur
1255 2239 1576 2294 amoenitas?
1601 2238 1740 2306 Quid

143 2336 242 2389 per
263 2330 524 2392 quatuor,
551 2324 657 2378 nisi
701 2324 1061 2396 Evangelicus
1096 2342 1300 2394 sermo,
1326 2329 1416 2398 qui
1457 2329 1740 2384 introitum

143 2413 306 2467 nobis
349 2422 564 2469 aeterna:
609 2415 752 2471 illius
794 2417 1147 2474 beatitudinis
1189 2421 1494 2489 promittit,
1533 2429 1588 2476 et
1637 2421 1743 2475 iter

142 2520 254 2576 quo
276 2507 348 2562 ad
376 2508 518 2564 hanc
545 2511 893 2580 perveniatur
933 2513 1208 2568 ostendit?
1231 2512 1365 2569 Cum
1402 2530 1533 2586 ergo
1567 2517 1740 2572 sancti

142 2597 402 2654 doctores
445 2601 711 2670 promissa
756 2603 914 2657 nobis
957 2603 1144 2658 limina
1187 2605 1339 2675 regni
1383 2605 1641 2672 cmlestis,
1684 2607 1741 2661 in

143 2699 383 2758 quatuor
405 2691 684 2760 Evangelii
712 2693 866 2748 libris
891 2696 1208 2761 ostendunt,
1237 2697 1390 2766 quasi
1423 2698 1600 2768 capita
1644 2713 1740 2753 co-

142 2779 461 2836 lumnarum
493 2798 628 2852 opus
670 2785 722 2840 in
760 2801 817 2841 se
855 2786 953 2841 lilii
983 2796 1220 2857 quatuor
1242 2787 1549 2844 cubitorum
1590 2790 1744 2845 exhi-

139 2867 294 2924 bent.
335 2869 435 2925 Ubi
481 2873 777 2929 notandum
797 2875 954 2946 juxta
995 2877 1252 2942 litteram,
1282 2877 1408 2948 quia
1447 2895 1570 2934 cum
1609 2896 1745 2950 opus

142 2964 237 3020 lilii
275 2966 337 3021 in
361 2968 628 3037 capitellis
657 2981 890 3040 quatuor
915 2973 1221 3029 cubitorum
1243 2989 1364 3031 esse
1385 2985 1743 3043 memoratur,

143 3071 329 3128 neque
383 3059 602 3114 additur
650 3060 950 3118 latitudinis
993 3074 1088 3118 aut
1137 3065 1464 3134 altitudinis,
1523 3066 1743 3124 lectoris

142 3149 338 3218 utique
367 3150 590 3220 judicio,
623 3163 808 3207 utrum
837 3153 891 3208 in
917 3153 1200 3210 altitudine
1240 3172 1311 3210 an
1355 3156 1412 3211 in
1455 3157 1744 3214 latitudine

1824 1953 1941 2008 'mit
1976 1953 2200 2026 ﬁguram
2230 1955 2532 2020 doctorum,
2561 1955 2650 2024 qui
2672 1955 3000 2026 primitivam
3040 1957 3091 2010 in
3119 1956 3429 2026 Hierosoly-

1843 2061 1931 2099 ma
1974 2045 2326 2102 instituerunt
2366 2047 2686 2103 Ecclesiam.
2717 2045 2963 2102 Secunda
3004 2063 3191 2102 eorum
3233 2048 3324 2117 qui
3359 2046 3430 2104 ad

1840 2136 2244 2204 praedicandum
2292 2136 2543 2207 gentibus
2611 2137 2866 2192 destinati
2919 2145 3066 2192 sunt.
3115 2136 3209 2191 γει
3278 2145 3432 2192 certe

1843 2227 2032 2283 dextra
2061 2227 2310 2283 columna
2335 2243 2428 2284 eos
2449 2228 2736 2300 signiﬁcat,
2760 2228 2851 2299 qui
2874 2237 3158 2283 venturum
3186 2227 3238 2282 in
3264 2243 3431 2283 carne

1843 2319 2131 2376 Dominum
2180 2319 2556 2389 prophetando
2599 2319 2984 2390 praedixerant.
3021 2317 3269 2377 Secunda
3311 2317 3431 2373 illos

1844 2411 1934 2481 qui
1964 2411 2109 2466 hunc
2135 2409 2251 2479 jam
2281 2410 2517 2476 venisse,
2550 2418 2606 2490 et
2648 2409 2908 2465 mundum
2937 2424 3034 2464 suo
3061 2409 3321 2480 sanguine
3346 2422 3431 2462 re-

1845 2503 2078 2560 demisse
2124 2511 2410 2558 testantur.
2453 2502 2522 2557 Et
2567 2511 2691 2573 apte
2741 2503 2904 2558 simili
2946 2501 3208 2557 vocabulo
3259 2500 3431 2556 ambre

1843 2593 2205 2652 censebantur
2248 2594 2530 2658 columnae,
2562 2609 2684 2649 cum
2717 2609 2846 2658 una,
2876 2592 3103 2647 ﬁrmitas
3131 2610 3144 2645 :
3175 2591 3342 2646 altera
3376 2590 3431 2644 in

1843 2686 2060 2750 robore,
2094 2685 2237 2741 dicta
2284 2693 2368 2740 est
2400 2703 2413 2738 :
2453 2693 2511 2738 ut
2551 2699 2658 2738 una
2691 2682 2816 2738 ﬁdei
2857 2691 2913 2738 et
2950 2683 3130 2753 operis
3173 2679 3433 2736 fortitudo

1845 2777 2052 2831 cunctis
2098 2777 2276 2832 inesse
2326 2775 2643 2830 doctoribus
2689 2783 3108 2838 monstraretur,
3155 2772 3434 2840 nostrique

1847 2868 2104 2940 temporis
2149 2868 2344 2924 inertia
2393 2875 2715 2921 notaretur:
2747 2866 2837 2919 ubi
2868 2881 2928 2921 se
2965 2863 3204 2920 nonnulli
3243 2863 3432 2918 docto-

1844 2977 1954 3027 res,
1986 2961 2314 3026 sacerdotes,
2356 2969 2411 3016 et
2450 2958 2728 3015 columnas
2763 2959 2956 3014 domus
2999 2958 3092 3012 Dci
3136 2957 3305 3013 videri
3353 2963 3437 3011 at-

1845 3067 1950 3123 que
1981 3050 2239 3122 appellari
2268 3050 2491 3105 volunt:
2523 3066 2645 3105 cum
2675 3049 2810 3104 nihil
2839 3049 2892 3104 in
2923 3063 2980 3104 se
3007 3063 3230 3119 prorsus
3265 3047 3434 3102 ﬁrmat

1847 3145 1972 3199 ﬁdei
2000 3155 2052 3199 et
2081 3145 2148 3200 ad
2178 3145 2604 3200 contemnendas
2635 3143 2821 3200 saeculi
2855 3158 3105 3214 pompas,
3130 3157 3192 3196 ac
3223 3139 3438 3195 deside-

143 3242 376 3314 intelligi
417 3244 626 3309 debeat,
669 3246 922 3302 relictum
972 3256 1078 3304 est,
1130 3249 1355 3305 consul
1393 3258 1577 3307 autem
1619 3253 1743 3308 abs.
1770 3237 1815 3298 C
1847 3237 2016 3292 randa
2040 3237 2178 3293 bona
2203 3237 2513 3302 invisibilia,
2541 3236 2676 3290 nihil
2703 3235 2938 3290 habeant
2965 3233 3197 3298 roboris,
3222 3233 3290 3287 ad
3317 3247 3437 3287 cor-

143 3349 248 3404 que
321 3334 429 3389 ulla
490 3345 725 3406 prorsus’
780 3338 1089 3406 dubietate,
1140 3341 1268 3411 quia
1312 3341 1563 3398 columna
1622 3359 1744 3415 quae

144 3427 440 3482 duodecim
486 3427 790 3484 cubitorum
844 3431 1010 3486 restis
1051 3433 1343 3500 ambiebat,
1386 3447 1621 3505 quatuor
1650 3451 1746 3492 cu-

145 3521 292 3576 bitos
339 3520 569 3577 habebat
613 3523 1019 3594 grossitudinis.
1063 3523 1252 3581 Omnis
1291 3527 1529 3582 circulus
1574 3542 1745 3598 quan-

147 3626 260 3673 tum
294 3618 459 3674 habet
488 3619 646 3688 spatii
678 3619 732 3674 in
774 3620 1062 3685 diametro,
1109 3629 1318 3675 tantum
1367 3620 1530 3676 habet
1566 3631 1651 3676 ter
1691 3621 1745 3676 in

147 3723 304 3780 gyro.
356 3709 598 3780 Denique
641 3726 793 3765 mare
837 3726 1071 3777 aeneum,
1109 3711 1234 3780 quia
1281 3711 1602 3768 diametrum
1651 3713 1749 3766 ha-

149 3802 318 3857 bebat
355 3803 542 3858 decem
589 3805 894 3859 cubitorum
934 3813 996 3859 ut
1033 3804 1085 3859 in
1130 3804 1486 3874 sequentibus
1528 3805 1744 3876 legitur,

151 3903 552 3964 consequenter
594 3896 829 3952 habebat
877 3896 1098 3968 triginta
1137 3895 1350 3951 cubitos
1375 3895 1427 3950 in
1456 3911 1610 3967 gyro.
1650 3894 1749 3951 Ve-

153 4003 271 4043 rum
300 3989 428 4058 quia
458 3990 658 4045 dicitur
682 4006 817 4061 opus
839 3990 936 4045 lilii
967 3997 1200 4061 quatuor
1224 3989 1392 4045 fuisse
1419 3990 1746 4056 cubitorum,

154 4081 264 4134 sive
318 4081 684 4148 latitudinem,
733 4097 827 4138 seu
876 4081 1119 4154 designet
1149 4081 1516 4146 altitudinem,
1547 4079 1748 4134 nihilo-

153 4173 339 4228 minus
360 4175 500 4229 ratio
527 4174 713 4246 ﬁgurze
743 4173 1026 4244 perspicua
1066 4181 1170 4230 est.
1211 4171 1348 4240 Quia
1393 4169 1610 4227 nonnisi
1655 4183 1752 4240 per

155 4263 507 4338 Evangelium
551 4266 960 4336 exoptatissima
1003 4263 1090 4320 illa
1132 4265 1335 4319 mundo
1368 4278 1472 4318 vox
1513 4263 1747 4317 insonat.

165 4375 182 4409 ι
213 4356 600 4412 Paenitentiam
650 4357 816 4428 agite,
847 4354 1298 4426 appropinquabit
1335 4352 1482 4408 enim
1527 4364 1753 4422 regnum

159 4448 422 4504 caelorum
454 4447 670 4521 (Matth.
697 4448 800 4521 in).
843 4467 861 4500 ι
896 4447 1050 4514 Quod
1080 4461 1206 4502 vero
1228 4445 1511 4516 sequitur:

233 4563 252 4594 α
282 4541 357 4597 Ει
383 4557 598 4597 rursum
624 4541 729 4596 alia
755 4540 1004 4612 capitella
1035 4540 1088 4594 in
1123 4538 1440 4595 summitate
1471 4537 1752 4593 columna-

168 4652 186 4686 ι
225 4649 350 4689 rum
409 4633 642 4704 desuper
682 4632 834 4704 juxta
864 4646 1176 4687 mensuram
1209 4629 1490 4690 columnze.
1527 4647 1547 4680 ι
1584 4628 1637 4682 id
1669 4638 1753 4684 est

161 4733 330 4780 tantm
352 4723 568 4778 fuerunt
606 4722 994 4793 amplitudinis,
1021 4729 1238 4791 quantae
1262 4727 1379 4776 crat
1399 4727 1454 4775 et
1477 4717 1749 4786 columna,

163 4815 315 4884 cujus
359 4826 538 4871 tamen
585 4816 834 4880 altitudo,
863 4823 1064 4885 quanta
1105 4813 1268 4868 fuerit
1310 4812 1535 4866 minime
1561 4826 1752 4865 narra-

167 4915 268 4962 tur.
301 4906 429 4964 Haec
472 4917 651 4963 autem
695 4907 967 4979 capitella,
1005 4907 1404 4978 qualiacunque
1437 4915 1493 4961 et
1520 4912 1748 4975 quanta-

166 5011 376 5068 cunque
421 4996 623 5053 fuerint
655 4999 783 5070 (non
821 4999 965 5054 enim
998 5012 1309 5053 mensuram
1343 5011 1530 5052 earum
1569 5003 1754 5065 aperte

168 5085 450 5158 Scriptura
493 5089 758 5161 designat)
810 5091 865 5144 in
900 5104 996 5145 ore
1045 5088 1281 5144 liliorum
1330 5087 1586 5142 videntur
1637 5101 1760 5144 esse

169 5181 433 5250 apposita.
475 5179 551 5237 De
583 5197 814 5251 quorum
854 5179 1088 5248 factura,
1118 5181 1166 5235 si
1204 5180 1332 5250 quid
1359 5179 1649 5251 mysticum
1676 5179 1760 5234 in-

170 5274 388 5341 quirere
417 5273 669 5340 delectat,
695 5274 841 5328 illam
888 5274 1039 5344 regni
1078 5274 1334 5345 perennis
1371 5272 1758 5328 sublimitatem

171 5375 350 5432 pctest
397 5380 504 5421 non
549 5367 843 5437 incongrue
890 5367 1192 5437 designare,
1233 5379 1396 5434 quam
1436 5377 1534 5418 nec
1571 5361 1759 5417 oculus

173 5459 328 5527 vidit,
357 5475 458 5516 nec
488 5461 634 5516 auris
675 5461 900 5526 audivit,
934 5475 1032 5515 nec
1064 5459 1117 5513 in
1158 5474 1253 5514 cor
1299 5455 1534 5513 hominis
1565 5469 1756 5511 ascen-

174 5551 268 5613 dit,
301 5567 423 5623 qua:
457 5551 788 5623 praeparavit
816 5553 958 5608 Deus
985 5550 1332 5622 diligentibus
1361 5565 1419 5603 se
1447 5547 1497 5618 (I
1521 5545 1642 5601 Cor.
1673 5545 1756 5616 ιι).

175 5640 306 5707 Qus
331 5643 606 5710 nimirum,
635 5645 764 5716 quia
805 5644 994 5700 eadem
1029 5656 1389 5713 supernorum
1428 5639 1660 5694 societas
1687 5638 1763 5693 ci-

174 5733 324 5788 vium
390 5739 674 5808 utriusque
733 5737 917 5808 populi
981 5735 1228 5792 ﬁdelibus
1288 5735 1567 5799 tribuitur,
1617 5741 1764 5787 recte

179 5827 536 5900 Subjuugitur.
573 5851 591 5884 ‹
635 5831 1127 5908 Malogranatorum
1175 5836 1356 5885 autem
1409 5825 1624 5883 ducenti
1671 5839 1762 5880 or-

1767 5999 1838 6024 I-W

1847 3329 2121 3398 rigendos,
2160 3327 2294 3382 nihil
2341 3325 2641 3390 industrize,
2673 3324 2863 3380 saltem
2915 3325 2982 3379 ad
3031 3320 3433 3394 intelligendos,

1846 3435 2033 3476 eorum
2063 3421 2259 3490 quibus
2285 3419 2494 3488 przelati
2518 3428 2674 3487 sunt,
2700 3432 2935 3484 errores.

1923 3530 1940 3562 ι
1980 3509 2134 3565 Fecit
2171 3525 2386 3580 quoque
2434 3523 2585 3562 mare
2633 3506 2792 3561 fusile
2823 3508 3010 3561 decem
3049 3504 3374 3571 cubitorum,
3405 3517 3438 3558 a

1852 3621 1871 3655 ι
1908 3602 2051 3659 labio
2102 3616 2270 3671 usque
2318 3600 2384 3654 ad
2434 3599 2635 3655 labium
2692 3599 2980 3654 rotundum
3028 3598 3082 3652 in
3129 3597 3380 3652 circuitu.
3413 3613 3434 3648 ι

1849 3691 1996 3748 Marc
2025 3693 2128 3749 hoc
2160 3690 2318 3746 fusile
2360 3691 2413 3745 in
2457 3695 2683 3761 ﬁguram
2723 3689 2926 3746 lavacri
2964 3689 3218 3745 salutaris
3244 3703 3353 3760 quo
3381 3687 3439 3743 in

1847 3786 2222 3842 remissionem
2277 3791 2622 3854 peccatorum
2667 3784 3027 3838 emundamur
3073 3782 3277 3838 factum
3333 3789 3435 3836 est.

1849 3875 2092 3946 Namque
2123 3875 2432 3930 sacerdotes
2467 3874 2519 3927 in
2556 3889 2620 3928 ea
2655 3872 2997 3944 lavabantur,
3035 3882 3095 3928 ut
3130 3870 3304 3927 Verba
3329 3871 3442 3926 die-

1850 3983 1972 4022 rum
2019 3976 2207 4038 aperte
2257 3974 2538 4020 testantur.
2599 3963 2922 4020 Sacerdotes
2979 3973 3159 4020 autem
3227 3971 3442 4018 constat

1850 4075 2040 4116 omnes
2094 4059 2294 4115 electos
2335 4060 2511 4130 typice
2547 4059 2600 4112 in
2631 4056 2930 4128 Scripturis
2959 4057 3167 4122 vocari,
3200 4071 3266 4111 eo
3298 4054 3440 4125 quod

1851 4153 1963 4208 sint
1996 4153 2240 4208 membra
2267 4151 2464 4206 summi
2506 4151 2804 4205 sacerdotis
2837 4150 3052 4206 Domini
3103 4150 3274 4204 nostri
3311 4146 3441 4203 Jesu

1852 4243 2073 4300 Christi.
2107 4243 2176 4298 Et
2223 4251 2370 4298 recte
2407 4243 2535 4298 huic
2574 4242 2688 4298 vasi
2727 4240 3012 4312 Scriptura
3049 4256 3199 4295 mare
3247 4254 3444 4294 nomen

1854 4335 2067 4399 indidit,
2101 4336 2155 4390 in
2187 4335 2504 4390 memoriam
2539 4335 2789 4390 videlicet
2829 4335 2995 4390 maris
3023 4333 3214 4399 Rubri,
3254 4334 3306 4388 in
3333 4347 3444 4403 quo

1852 4427 2003 4499 prius
2033 4442 2130 4498 per
2173 4427 2589 4483 exstinctionem
2619 4425 3019 4499 Egyptioruin,
3047 4435 3103 4482 et
3131 4425 3312 4498 populi
3348 4424 3443 4480 Dei

1855 4519 2228 4576 liberationem
2279 4519 2534 4588 baptismi
2581 4517 2754 4574 forma
2793 4518 3085 4589 praecessit.
3129 4517 3445 4587 Exponente

1775 4593 1829 4654 D
1857 4612 2111 4684 Apostolo
2133 4627 2196 4667 ac
2217 4612 2429 4668 dicente
2456 4631 2467 4665 :
2501 4631 2519 4664 ‹
2551 4611 2816 4678 Quoniam
2842 4609 3033 4666 Patres
3061 4609 3232 4666 nostri
3254 4623 3447 4664 omnes

1857 4710 1956 4765 sub
2004 4710 2144 4764 nube
2199 4709 2418 4764 fuerunt
2464 4719 2519 4764 et
2563 4723 2753 4764 omnes
2800 4721 2950 4763 mare
2993 4705 3358 4768 transierunt,
3393 4711 3449 4756 et

1859 4816 2050 4856 omnes
2089 4801 2142 4854 in
2191 4800 2336 4855 Mose
2372 4800 2633 4870 baptizati
2673 4807 2799 4854 sunt
2845 4799 2898 4853 in
2947 4797 3089 4854 nube
3123 4805 3177 4852 et
3213 4796 3267 4850 in
3309 4791 3447 4848 mari

1862 4897 1912 4970 (1
1946 4895 2068 4952 Cor.
2109 4895 2192 4967 ι).
2223 4916 2241 4948 ι
2284 4893 2698 4950 Sacramentum
2737 4902 2916 4949 autem
2957 4889 3206 4963 baptismi
3237 4896 3290 4943 et
3323 4886 3450 4940 vita:

1862 4991 2020 5046 nobis
2041 4988 2360 5044 munditiem
2388 4986 2583 5057 quaerit
2614 4987 2667 5040 in
2693 4986 2795 5042 hoc
2823 4985 3038 5051 sarculo,
3064 4991 3118 5039 et
3147 4982 3270 5036 vita;
3292 4975 3452 5033 nobis

1864 5089 2082 5137 aeternae
2106 5080 2330 5152 gloriam
2355 5077 2628 5149 promittit
2655 5077 2708 5131 in
2737 5075 2921 5131 futuro
2947 5093 2960 5130 :
2991 5073 3133 5144 quod
3164 5081 3452 5138 utrumque

1864 5173 1918 5228 in
1956 5173 2094 5227 mari
2137 5174 2240 5228 hoc
2293 5187 2446 5228 aeneo
2490 5186 2596 5226 una
2641 5171 2910 5226 sententia
2950 5166 3284 5236 designatur,
3329 5175 3452 5216 cum

1863 5279 1983 5319 esse
2010 5263 2195 5318 decem
2235 5262 2541 5318 cubitorum
2576 5277 2605 5314 a
2639 5260 2785 5314 labio
2812 5272 2982 5328 usque
3011 5256 3078 5309 ad
3107 5252 3305 5307 labium
3335 5265 3454 5321 per-

1862 5353 2100 5408 hibetur.
2134 5352 2330 5409 Decem
2361 5366 2596 5421 namque
2625 5349 2911 5420 praeceptis
2949 5348 3003 5400 in
3051 5345 3168 5416 lege
3195 5342 3454 5397 Dominus

1864 5450 2046 5504 omnia
2079 5463 2198 5519 qua:
2238 5449 2420 5504 facere
2452 5443 2743 5501 debeamus
2771 5440 3058 5512 expressit.
3093 5437 3328 5493 Denario
3357 5451 3452 5490 au-

1864 5551 1976 5597 tem
2007 5543 2310 5598 mercedem
2342 5537 2748 5596 benefactorum
2780 5532 3032 5604 signavit,
3065 5547 3186 5588 cum
3224 5531 3368 5585 hunc
3398 5528 3455 5584 in

1865 5637 2021 5691 vinea
2053 5637 2424 5691 laborantibus
2463 5631 2696 5688 dandum
2723 5643 2843 5682 esse
2878 5627 3148 5698 praedixit.
3169 5625 3299 5681 Erat
3325 5636 3457 5695 ergo

1875 5748 1893 5780 ι
1931 5745 2082 5784 mare
2108 5729 2290 5783 decem
2316 5725 2620 5781 cubitorum
2647 5735 2677 5774 a
2707 5719 2853 5775 labio
2879 5733 3050 5790 usque
3078 5719 3144 5774 ad
3173 5718 3397 5780 labium,
3431 5732 3451 5768 ι

1871 5821 1995 5892 quia
2019 5837 2046 5874 a
2073 5822 2250 5892 primo
2273 5816 2546 5888 haptizato
2571 5812 2624 5869 in
2653 5811 2872 5868 nomine
2892 5809 3263 5900 Iesu-Christi,
3286 5818 3458 5880 usun
