4044 6336
528 288 635 346 443

1564 291 1920 349 ANGELOMI
1957 292 2421 350 LUXOVIENSIS
2460 292 2762 351 MONACHI

3708 300 3830 361 m

530 408 598 464 ad
633 409 903 477 ultimum,
927 411 1017 481 qui
1047 411 1100 465 in
1128 411 1234 467 ﬁne
1279 408 1464 467 saculi
1510 412 1816 468 crediturus
1844 420 1900 467 et
1934 411 2113 483 bapti-
2140 415 2191 476 Α
2217 410 2490 465 occultum
2532 411 2839 469 nullatenus
2859 422 3061 484 potest,
3107 415 3235 484 quia
3262 415 3352 485 qui
3394 413 3670 471 lavacrum
3724 416 3833 473 ba-

529 505 733 560 landus
759 513 863 571 est,
896 505 1074 561 omnis
1113 505 1351 561 ﬁdelium
1386 507 1607 573 chorus,
1638 520 1798 562 unam
1838 507 2111 564 eamdem-
2212 506 2394 575 ptismi
2419 504 2486 560 ad
2515 505 2743 561 salutem
2790 507 3008 579 accipit,
3035 514 3091 561 et
3117 522 3301 563 veram
3328 506 3512 573 ﬁdem,
3545 523 3726 577 spem,
3766 517 3828 563 et

530 611 635 666 que
674 597 816 651 viam
859 597 1105 653 veritatis
1146 599 1374 668 ingredi,
1408 608 1464 654 et
1510 614 1851 655 communem
1883 600 2042 656 debet
2082 614 2113 654 a

529 687 758 742 Domino
786 702 1047 743 coronam
1074 701 1295 759 Sperare
1318 690 1562 761 justitia.
1595 710 1614 742 ι
1644 689 1950 746 Rotundum
1995 698 2115 746 erat

527 779 584 834 in
628 778 880 846 circuitu,
915 800 935 833 ι
962 789 1024 835 ut
1071 781 1222 838 orbis
1258 783 1544 839 universus
1589 785 1642 839 in
1689 799 1851 856 gyro,
1898 784 2115 841 lavacro

526 871 651 927 vita
672 888 703 927 a
732 872 893 928 sorde
920 880 1267 944 peccatorum
1297 874 1673 945 designaretur
1699 889 1819 929 esse
1850 874 2116 930 mundan¢

527 963 649 1017 dus.
680 962 754 1018 De
774 979 883 1033 quo
914 964 1055 1020 bene
1087 965 1358 1032 subditur,
1392 984 1411 1019 t
1441 966 1680 1037 quinque
1705 967 2009 1022 cubitorum
2038 967 2116 1020 al-

529 1055 702 1110 titudo
723 1056 862 1127 ejus,
895 1074 915 1108 ι
945 1057 1070 1126 quia
1100 1057 1356 1112 nimirum
1387 1058 1650 1129 quidquid
1679 1057 1819 1124 visu,
1853 1056 2115 1129 quidquid

527 1143 735 1212 auditu,
771 1146 1031 1216 quidquid
1076 1145 1296 1213 olfactu,
1330 1147 1592 1219 quidquid
1638 1155 1818 1218 gustu,
1853 1146 2114 1217 quidquid

528 1244 697 1305 tactu,
726 1240 1113 1311 delinquimus,
1142 1250 1308 1296 totum
1356 1242 1458 1297 lioc
1497 1242 1655 1297 nobis
1685 1240 1854 1311 gratia
1887 1240 1979 1295 Dei
2020 1254 2117 1311 per

528 1331 859 1388 ablutionem
900 1334 1099 1388 viviﬁci
1141 1332 1326 1397 fontis,
1358 1332 1585 1388 relaxat.
1627 1332 1732 1388 Sed
1769 1331 2116 1387 non'sufﬁcit

524 1424 923 1494 prateritorum
971 1424 1221 1480 remissio
1266 1434 1613 1496 peccatorum
1653 1425 1697 1479 si
1738 1439 1845 1479 non
1882 1424 2115 1495 quisque

526 1517 782 1587 deinceps
803 1517 960 1573 bonis
985 1518 1255 1573 studuerit
1280 1519 1533 1573 insistere
1556 1518 1808 1589 operibus
1833 1536 1844 1571 :
1876 1517 2115 1587 alioquin

524 1608 771 1665 diabolus
807 1608 901 1679 qui
941 1608 1151 1664 exierat
1177 1609 1244 1664 de
1269 1608 1512 1674 homine,
1542 1610 1585 1664 si
1618 1612 1761 1664 hunc
1788 1626 1819 1663 a
1847 1609 2003 1665 bonis
2032 1611 2114 1665 vi-

524 1700 665 1756 derit
689 1714 904 1763 vacare,
934 1699 1281 1770 multiplicius
1306 1700 1446 1755 redit
1470 1717 1483 1754 :
1509 1700 1746 1770 facitque
1776 1720 1793 1753 t
1822 1701 2114 1756 novissima

2215 594 2537 650 charitatem
2568 597 2723 652 debet
2754 597 2971 657 habere,
3018 612 3117 653 nec
3147 597 3264 653 sine
3302 598 3389 652 bis
3426 599 3602 653 tribus
3642 599 3826 653 virtu-

2216 686 2358 741 tibus
2382 687 2610 756 quisque
2636 686 2839 757 aliquid
2863 686 2978 755 jam
3017 689 3255 758 operari,
3281 703 3459 761 neque
3510 690 3725 745 intrare
3757 690 3829 749 ad

2214 776 2381 832 vitam
2410 777 2587 833 valet:
2618 779 2759 833 unde
2794 786 2940 834 recte
2969 780 3313 851 subjungitur
3338 798 3350 833 :

2292 887 2311 919 ι
2341 867 2662 924 Grossitudo
2686 878 2867 925 autem
2889 869 3079 925 luteris
3110 871 3272 925 trimn
3305 870 3590 926 uneiarum
3618 881 3769 927 erat.
3800 892 3821 924 ι

2214 957 2536 1015 Grossitudo
2564 960 2709 1014 enim
2752 958 2967 1025 luteris,
3015 960 3068 1015 id
3110 968 3194 1016 est
3223 963 3411 1028 maris,
3472 960 3707 1016 ﬁrmitas
3736 972 3825 1018 est

2214 1050 2432 1105 virtutis
2475 1050 2529 1105 iii
2568 1051 2856 1121 baptismo.
2907 1050 2973 1107 Et
3025 1054 3188 1107 trium
3233 1054 3516 1108 uariarum
3571 1064 3659 1109 est
3700 1056 3825 1110 hac

2214 1142 2564 1213 grossitudo,
2605 1143 2731 1198 dum
2775 1143 2973 1200 robore
3015 1143 3172 1209 ﬁdei,
3221 1146 3333 1216 spei
3381 1153 3436 1200 et
3480 1145 3817 1205 dilectionis,

2217 1234 2492 1303 perceptio
2531 1234 2787 1305 baptismi
2813 1236 3205 1291 communitur.
3242 1236 3426 1306 Neque
3457 1235 3618 1289 aliter
3642 1234 3824 1305 proﬁ-

2216 1337 2378 1377 cuum
2400 1337 2521 1378 esse
2548 1323 2937 1395 accipientibus
2953 1323 3276 1387 ostenditur,
3304 1324 3405 1378 nisi
3431 1325 3627 1379 barum
3657 1326 3824 1378 ﬁrma

2217 1418 2485 1473 certitudo
2524 1418 2806 1486 virtutum,
2841 1429 3079 1476 mentem
3132 1419 3517 1491 accipientium
3570 1420 3740 1475 simul
3768 1428 3826 1475 et

2217 1521 2379 1577 opera
2421 1510 2707 1566 conﬁrmet
2749 1528 2763 1565 :
2809 1532 2827 1563 t
2871 1511 3209 1583 Labiumque
3256 1513 3372 1584 ejus
3417 1513 3577 1582 quasi
3610 1513 3826 1567 labium

2225 1618 2244 1652 ι
2297 1600 2505 1668 calieis,
2559 1611 2615 1658 et
2660 1603 2844 1660 folium
2890 1606 3119 1678 repandi
3172 1602 3290 1660 lilli.
3352 1624 3372 1658 ι
3432 1602 3543 1659 Per
3610 1603 3825 1659 labium

2219 1690 2418 1762 quippe
2462 1692 2669 1759 calicis,
2719 1702 2939 1765 gustum
2990 1694 3284 1757 Dominiea
3323 1695 3601 1766 passionis
3644 1712 3656 1747 :
3724 1707 3828 1766 per

522 1789 760 1845 hominis
789 1788 934 1845 illius
958 1790 1143 1862 pejora
1174 1791 1450 1865 prioribus
1482 1789 1698 1861 (Matth.
1736 1792 1858 1861 xu).
1896 1810 1915 1842 ι
1957 1786 2113 1849 Unde
2142 1793 2188 1854 Β
2218 1784 2406 1840 folium
2436 1786 2659 1856 repaudi
2694 1785 2812 1852 lilii,
2846 1784 3111 1857 patefacta
3140 1787 3360 1842 claritas
3383 1785 3817 1843 resurrectionis

523 1891 647 1952 apte
671 1881 939 1947 subditur,
978 1900 998 1933 ι
1032 1892 1087 1938 et
1116 1882 1372 1938 resticula
1408 1884 1630 1954 triginta
1654 1883 1962 1938 cubitorum
1992 1883 2112 1938 cin-

523 1974 685 2045 gebat
706 1973 836 2029 illttd
860 1988 961 2044 per
992 1973 1304 2029 circuitum.
1345 1993 1365 2026 ι
1402 1973 1507 2029 Per
1541 1973 1853 2029 resticulam
1882 1990 2116 2044 namque

523 2064 861 2136 disciplinam
904 2072 1298 2136 praceptorum
1342 2064 1669 2131 calestium,
1709 2081 1815 2136 qua
1853 2080 1883 2119 a
1916 2066 2114 2121 nostris

519 2155 886 2226 voluptatibus
935 2154 1257 2228 relegamur,
1288 2166 1469 2227 potest
1498 2166 1621 2226 apte
1647 2157 1851 2228 signari
1885 2175 1898 2211 :
1931 2156 2116 2228 Scrip-

522 2252 643 2300 tura
669 2246 900 2312 dicente,
924 2247 1049 2317 quia
1077 2266 1096 2299 ι
1138 2246 1410 2303 funiculus
1438 2247 1634 2317 triplex
1667 2247 1883 2303 diﬁicile
1914 2250 2117 2320 rumpi-

522 2354 641 2409 tur;
680 2363 700 2397 t
744 2342 872 2413 quia
912 2344 1168 2399 nimirum
1216 2343 1528 2399 observatio
1572 2343 1952 2401 mandatorum
1992 2342 2112 2410 Dei,

522 2450 643 2505 qua
669 2435 725 2490 in
751 2434 1007 2491 cordibus
1035 2435 1337 2492 electorum
1380 2434 1486 2491 ﬁde
1515 2444 1571 2489 et
1602 2450 1697 2505 spe
1732 2443 1786 2490 et
1828 2434 2116 2492 dilectione

525 2539 771 2595 superna
804 2526 1177 2584 retributionis
1220 2528 1376 2582 ﬁrma
1414 2536 1519 2595 est,
1550 2526 1699 2584 nullo
1735 2527 2115 2598 temporalium

521 2633 707 2675 rerum
731 2622 912 2689 po‘test
938 2621 1218 2677 obstaculo
1246 2620 1489 2677 dissolvi.

594 2729 613 2761 ι
657 2710 725 2765 Ει
754 2710 1027 2782 sculptura
1066 2711 1253 2767 subter
1289 2712 1490 2768 labium
1534 2712 1804 2769 circuibat
1843 2713 1997 2780 illud,
2023 2712 2115 2767 de-

525 2820 543 2851 t
579 2816 695 2855 cem
718 2802 917 2859 cubitis
957 2803 1205 2860 ambiens
1232 2819 1407 2860 mare.
1442 2804 1559 2861 Duo
1605 2805 1827 2861 ordines
1875 2806 2117 2875 scuiptu-

525 2909 544 2942 ι
586 2906 770 2947 rarum
817 2893 1188 2949 histriatarum
1216 2904 1373 2951 erant
1402 2896 1608 2953 fusiles.
1648 2918 1668 2950 ι
1704 2879 1860 2953 ’ϐαίη
1915 2898 2116 2968 pradi-

519 2992 667 3039 clum
715 2986 790 3040 sit
814 3000 998 3055 supra,
1044 2987 1190 3059 quod
1232 2989 1487 3045 resticula
1536 2989 1758 3061 triginta
1808 2989 2115 3046 cubitorum

521 3093 672 3132 mare
725 3079 1025 3146 circuierit,
1079 3089 1135 3136 et
1186 3098 1330 3137 nunc
1377 3083 1592 3137 additur
1645 3083 1791 3154 quod
1837 3082 2114 3153 sculptura

2219 1877 2404 1948 ipsius,
2444 1880 2787 1949 exprimitur.
2836 1899 2855 1933 ι
2908 1881 3023 1937 Duo
3067 1881 3234 1937 millia
3282 1881 3439 1940 batos
3489 1883 3767 1952 capiebat.
3800 1899 3820 1933 ι

2217 1968 2551 2026 Millenarius
2600 1986 2835 2042 namque
2894 1989 3185 2040 numerus,
3244 1990 3341 2046 pro
3412 1974 3828 2046 signiﬁcatione

2215 2059 2566 2130 perfectionis
2604 2062 2743 2118 solet
2765 2063 2893 2134 poni
2926 2067 2979 2120 in
3018 2064 3337 2137 Scripturis.
3367 2066 3507 2134 Quia
3550 2067 3824 2122 nimirum

2217 2152 2472 2208 denarius
2526 2168 2786 2209 numerus
2844 2155 2899 2209 in
2951 2156 3275 2225 quadratum
3326 2156 3523 2213 ductus
3576 2158 3827 2215 solidum

2216 2240 2363 2298 facit.
2412 2244 2608 2300 Decem
2654 2246 2852 2317 quippe
2889 2247 3067 2303 decies
3096 2248 3258 2304 ducta
3317 2259 3533 2305 centum
3577 2248 3828 2307 faciunt.

2216 2334 2347 2402 Qua
2371 2336 2627 2393 videlicet
2664 2336 2835 2409 ﬁgura
2851 2338 2966 2411 jam
2994 2340 3284 2411 quadrata,
3321 2340 3416 2397 sed
3438 2342 3618 2397 adhuc
3651 2341 3824 2413 plena

2217 2440 2323 2480 non
2350 2434 2455 2480 est.
2506 2424 2704 2482 Verum
2747 2436 2808 2482 ut
2856 2429 2912 2484 in
2969 2427 3253 2485 altitudine
3284 2442 3493 2501 surgat,
3538 2438 3596 2486 et
3640 2429 3829 2486 solida

2216 2519 2500 2586 eﬁiciatur,
2544 2520 2843 2592 multiplica
2897 2530 3114 2579 centum
3158 2537 3257 2593 per
3291 2523 3475 2579 decem
3501 2565 3516 2588 ,
3563 2532 3623 2578 et
3675 2522 3831 2577 fiunt

2216 2616 2382 2672 mille.
2413 2617 2532 2684 Quo
2558 2616 2805 2687 profecto
2826 2632 3053 2673 numero
3074 2618 3284 2673 stabilis
3312 2627 3375 2674 et
3405 2616 3825 2689 insuperabilis,

2215 2717 2269 2764 et
2304 2708 2449 2764 velut
2477 2710 2847 2781 conquadrata
2865 2708 3137 2779 justorum
3179 2711 3512 2765 cunscicntia
3544 2709 3827 2781 designa-

2218 2809 2323 2857 tur.
2354 2802 2689 2873 Quocunque
2712 2802 2859 2859 enim
2893 2801 3124 2857 verteris
3148 2801 3475 2872 quadratum
3495 2801 3680 2857 stabit.
3719 2800 3826 2858 Sic

2215 2904 2272 2950 et
2298 2896 2514 2950 animus
2548 2895 2696 2950 nullo
2731 2895 3091 2950 tentatlonum
3126 2910 3355 2951 occursu
3406 2895 3551 2950 novit
3592 2910 3625 2949 a
3660 2902 3828 2952 statu

2216 3002 2328 3043 sua
2364 2985 2704 3040 rectitudinis
2732 2985 3002 3041 inclinari.
3034 2984 3207 3043 Batus
3246 2994 3427 3041 autem
3456 2984 3823 3041 Hebraorum

2217 3088 2470 3131 mensura
2494 3084 2598 3142 est,
2630 3088 2792 3146 quam
2820 3076 2924 3148 ipsi
2951 3076 3037 3131 bat
3065 3077 3368 3144 nominant,
3406 3077 3569 3131 liabet
3596 3077 3829 3134 modios

522 3166 626 3223 lioc
662 3169 849 3225 subter
884 3170 1085 3227 labium
1129 3174 1327 3243 posita,
1363 3174 1547 3229 decem
1596 3176 1796 3231 cubitis
1838 3176 2108 3243 ambierit,
2141 3171 2185 3239 C
2217 3178 2453 3240 quatuor
2492 3179 2547 3225 et
2595 3170 2743 3241 epbi,
2790 3170 2934 3240 quod
2978 3168 3054 3225 illi
3085 3170 3218 3241 eplta
3263 3168 3561 3226 nominant.
3598 3168 3713 3226 Sed
3753 3169 3826 3229 ad

519 3266 671 3328 patet
703 3272 770 3314 ex
809 3268 1037 3331 utraque
1067 3262 1350 3328 relatione,
1376 3264 1499 3333 quia
1540 3280 1636 3320 vas
1656 3266 1852 3321 eratin
1891 3266 2110 3323 modum

520 3350 739 3421 pliiala,
780 3353 1074 3423 repandum
1105 3370 1169 3409 ac
1205 3354 1481 3421 diffusum,
1519 3371 1627 3425 quo
1659 3355 1878 3428 triginta
1914 3357 2112 3413 cubitis

521 3443 807 3511 circuitus,
842 3460 979 3515 quos
1025 3447 1261 3502 habebat
1295 3447 1350 3501 in
1394 3444 1557 3513 labio,
1588 3464 1758 3519 usque
1803 3449 1871 3504 ad
1923 3449 2110 3505 decem

520 3537 735 3595 cu-bitos
757 3548 1064 3597 coarctatus
1086 3541 1175 3596 sit.
1204 3538 1493 3613 Sculptura
1518 3550 1702 3597 autem
1729 3541 1978 3598 histriata
2001 3552 2108 3611 est,

2216 3261 2353 3330 pri
2407 3275 2713 3315 mensuram
2754 3262 2991 3332 pertinet
3034 3261 3310 3316 variarum
3362 3260 3597 3331 frugum,
3646 3258 3827 3315 tritici

2214 3353 2430 3421 hordei,
2479 3353 2835 3426 leguminum.
2890 3352 3056 3409 Batus
3104 3368 3238 3409 vero
3288 3360 3374 3409 est
3424 3352 3480 3408 in
3526 3352 3826 3423 speciebus

2215 3446 2451 3516 liquidis,
2481 3447 2632 3514 vino,
2660 3446 2803 3512 oleo,
2836 3462 2999 3523 aqua.
3050 3444 3240 3519 Itaque
3280 3448 3464 3512 batus,
3488 3446 3613 3517 quia
3642 3456 3824 3502 certa

2215 3551 2419 3592 norma
2466 3552 2719 3592 mensura
2763 3547 2867 3604 est,
2935 3552 3099 3609 opera
3153 3537 3399 3611 designat
3439 3538 3716 3609 aequitatis
3768 3544 3827 3594 et

519 3646 638 3705 qua
668 3631 927 3688 historias
979 3648 1159 3688 rerum
1207 3632 1418 3705 aliquas
1463 3634 1729 3690 imitatur.
1773 3634 1927 3693 Unde
1965 3646 2113 3693 recte
2209 3628 2434 3701 iustitia:
2473 3629 2672 3700 quibus
2702 3631 2757 3685 hi
2807 3632 2901 3702 qui
2930 3631 2984 3686 in
3033 3631 3409 3687 remissionem
3457 3639 3825 3701 peccatorum

520 3741 619 3796 per
638 3729 947 3798 soulpturas
994 3726 1296 3794 bistriatas,
1327 3727 1527 3798 quibus
1558 3744 1709 3784 mare
1735 3729 2112 3785 circumdabao

521 3823 628 3881 tur,
672 3815 921 3887 exempla
976 3826 1101 3873 sunt
1144 3816 1387 3889 priorum
1436 3827 1741 3891 temporum
1780 3820 2109 3894 -designata,

520 3923 643 3981 qua
681 3923 906 3965 necesse
937 3919 1020 3966 est
1069 3925 1171 3967 nos
1207 3911 1437 3968 solerter
1470 3913 1667 3969 intueri
1697 3932 1709 3969 :
1742 3923 1802 3970 ut
1834 3914 2115 3977 videamus

519 3999 716 4070 quibus
751 4001 1007 4073 operibus
1047 4004 1225 4060 sancti
1279 4004 1393 4062 Deo
1420 4004 1742 4077 placuerunt
1787 4007 1856 4063 ab
1913 4008 2108 4065 initio:

521 4109 628 4165 qua
656 4095 1018 4152 obstinatione
1048 4096 1101 4153 in
1142 4097 1440 4155 sceleribus
1481 4099 1868 4170 perdurarunt,
1906 4110 2112 4173 quanta

519 4185 834 4243 infelicitate
867 4189 937 4244 ob
963 4188 1173 4246 scelera
1206 4192 1489 4267 perierunt
1522 4191 1758 4265 reprobi.

598 4301 616 4334 ι
652 4282 720 4338 Ει
742 4283 923 4341 stabat
946 4299 1111 4356 super
1141 4286 1422 4343 duodecim
1461 4288 1646 4344 boves.
1685 4287 1725 4343 Ε
1763 4288 1962 4359 quibus
2000 4296 2112 4349 tres

527 4392 545 4426 ι
582 4374 943 4446 respiciebant
965 4377 1033 4432 ad
1062 4378 1387 4451 aquilonem,
1422 4388 1479 4434 et
1506 4388 1618 4437 tres
1650 4381 1718 4437 ad
1750 4381 2111 4449 occidentem,

527 4485 547 4521 t
581 4475 636 4525 et
666 4475 778 4525 tres
812 4468 881 4524 ad
918 4470 1226 4539 meridiem,
1262 4482 1318 4531 et
1348 4481 1459 4531 tres
1494 4472 1562 4529 ad
1588 4472 1874 4533 orientem.
1914 4493 1933 4526 ι
1970 4474 2112 4531 Duo-

2215 3719 2578 3789 baptizantur,
2616 3735 2840 3776 necesse
2888 3722 3092 3778 habent
3130 3722 3354 3778 institui.
3400 3721 3560 3781 Batos
3608 3723 3826 3794 quippe

2218 3810 2363 3867 mille
2402 3811 2651 3883 capiebat
2680 3827 2850 3877 mare,
2882 3828 3005 3870 cum
3034 3828 3171 3883 aqua
3202 3813 3546 3885 baptismatis
3591 3813 3822 3883 plebem

2215 3902 2523 3960 Iudaeorum
2575 3904 2820 3971 abluens,
2857 3904 2922 3961 ad
2969 3921 3194 3979 regnum
3225 3905 3443 3963 caeleste
3488 3906 3823 3963 transmisit.

2217 3995 2531 4069 Recipiebat
2557 4007 2611 4054 et
2641 3997 2778 4055 alios
2826 3997 2993 4066 mille,
3028 4014 3153 4054 cum
3199 3998 3364 4054 etiam
3401 3999 3585 4054 turbas
3630 3999 3824 4054 natio-

2216 4103 2346 4143 num
2399 4088 2590 4144 eodem
2646 4088 2796 4146 fonte
2852 4099 3101 4157 renatas,
3157 4099 3215 4147 et
3266 4091 3523 4162 operibus
3579 4090 3823 4160 iustitia

2216 4182 2591 4251 conﬁrmatas,
2620 4182 2860 4253 ejusdem
2887 4185 3041 4258 regni
3086 4186 3341 4256 perennis
3368 4184 3495 4242 fecit
3518 4201 3637 4243 esse
3688 4202 3824 4260 par-

2217 4276 2430 4349 tlcipes.

2292 4411 2311 4444 ι
2348 4391 2416 4447 Ει
2443 4392 2571 4449 fecit
2602 4394 2761 4451 bases
2795 4394 2983 4452 decem
3011 4411 3203 4464 areas,
3234 4405 3470 4473 quatuor
3497 4396 3817 4461 cubitorum

2224 4501 2242 4534 ι
2279 4481 2630 4555 longitudinis
2657 4484 2818 4541 bases
2841 4485 3104 4558 singulas,
3150 4494 3206 4545 et
3245 4497 3479 4558 quatuor
3502 4488 3815 4545 cubitorum

520 4561 695 4617 decim
721 4577 853 4639 ergo
898 4563 1065 4622 boves
1099 4567 1380 4625 duodecim
1412 4577 1540 4623 sunt
1565 4566 1813 4639 apostoli,
1837 4575 1892 4623 et
1917 4583 2108 4628 omnes
2136 4545 2190 4613 D
2221 4594 2239 4633 t
2273 4545 2592 4644 latitudinis,
2616 4587 2671 4634 et
2701 4578 2866 4637 trium
2886 4545 3193 4637 cubitorum
3217 4545 3537 4647 altitudinis,
3558 4591 3614 4637 et
3634 4580 3818 4655 ipsum

520 4655 611 4727 qui
666 4656 786 4715 vice
832 4672 1023 4717 eorum
1075 4660 1364 4735 regendam
1408 4661 1463 4716 in
1507 4661 1726 4719 Christo
1754 4674 2109 4734 susceperunt

517 4751 817 4813 Ecclesiam
863 4762 1133 4813 sanctam.
1190 4756 1292 4831 Qui
1327 4756 1585 4814 nimirum
1614 4760 1780 4817 boves
1824 4775 1975 4819 mare
2004 4761 2109 4819 sibi

516 4861 684 4919 super
732 4848 1046 4920 impositum
1092 4858 1336 4925 portant,
1385 4866 1510 4907 cum
1561 4854 1791 4927 apostoli
1840 4854 2110 4925 apostolo-

519 4954 748 5013 rumque
801 4956 1150 5001 successores
1197 4941 1496 5017 injunctum
1548 4944 1650 5001 sibi
1699 4940 2110 5017 evangelizandi

516 5030 777 5093 cilicium.
816 5042 1064 5105 prompta
1102 5033 1328 5107 implere
1358 5033 1650 5091 devotione
1675 5043 1947 5107 satagunt.
1980 5033 2115 5093 Tres

517 5124 587 5181 ad
613 5126 949 5197 aquilonem,
978 5136 1033 5185 et
1064 5136 1174 5185 tres
1205 5129 1275 5187 ad
1301 5128 1668 5197 occidentem,
1691 5135 1747 5185 et
1773 5134 1885 5182 tres
1902 5126 1972 5183 ad
2002 5141 2115 5183 me-

515 5216 734 5287 ridiem,
772 5227 828 5275 et
855 5228 967 5276 tres
993 5220 1062 5277 ad
1086 5222 1353 5279 orientem
1384 5222 1709 5292 respiciunt,
1747 5235 1870 5277 cum
1900 5219 2117 5277 univer-

516 5307 595 5369 sis
616 5311 869 5379 quadrati
908 5312 1058 5368 orbis
1084 5312 1331 5385 partibus
1374 5312 1536 5369 ﬁdem
1564 5312 1868 5383 pradicant
1911 5319 2114 5387 sancta

518 5397 824 5458 Trinitatis.
857 5422 877 5461 t
906 5402 1147 5473 Quorum
1174 5403 1477 5475 posteriora
1498 5403 1753 5461 universa
1782 5403 2110 5467 intrinsecus

515 5489 826 5553 latitabant.
860 5515 882 5555 ›
922 5494 1059 5564 Quia
1086 5511 1191 5567 qua
1230 5495 1479 5552 mercede
1517 5496 1692 5552 sancti
1727 5496 2112 5569 pradicatores

517 5581 922 5657 inperpetuum
971 5587 1258 5653 donentur,
1307 5587 1362 5642 in
1390 5587 1589 5644 interni
1620 5588 1814 5645 arbitri
1861 5587 2113 5647 examine

518 5676 843 5757 dispositum
894 5688 1001 5748 est,
1046 5680 1142 5739 θεά
1183 5680 1342 5737 nobis
1371 5680 1463 5753 qui
1513 5681 1691 5739 adhuc
1746 5680 1878 5738 foris
1925 5697 2113 5743 sumus

510 5777 705 5837 manet
731 5770 1044 5833 omnimodo
1063 5771 1339 5835 occultum
1367 5789 1381 5831 ε
1412 5773 1615 5851 quibus
1656 5780 1838 5830 tamen
1865 5774 1969 5833 hoc
1990 5793 2111 5839 esse

2221 4687 2240 4721 ‹
2273 4685 2408 4741 opus
2437 4669 2646 4727 basium
2683 4671 3016 4743 interrasile,
3049 4694 3068 4733 ›
3095 4682 3153 4731 et
3176 4674 3404 4746 reliqua.
3436 4673 3739 4733 Multifarie
3762 4684 3819 4737 et

2216 4759 2400 4816 multis
2440 4760 2643 4828 nioiis,
2689 4777 2794 4817 una
2830 4765 3129 4837 eademque
3162 4775 3368 4823 nostra
3403 4765 3598 4822 salutis
3630 4781 3818 4823 sacra-

2217 4860 2398 4909 menta
2443 4852 2880 4925 praﬁgurantur.
2915 4853 3163 4928 Namque
3192 4859 3356 4915 iidem
3403 4856 3639 4929 apostoli
3678 4857 3815 4915 viri-

2218 4955 2323 5015 que
2352 4941 2653 5012 apostolici,
2682 4944 2773 5019 qui
2811 4960 2909 5021 per
2936 4947 3104 5007 boves
3130 4964 3285 5009 mare
3328 4956 3613 5020 portantes
3666 4949 3817 5006 desi-

2214 5028 2365 5105 gnati
2394 5041 2539 5099 sunt,
2579 5032 2936 5107 designantur
2976 5040 3140 5099 etiam
3186 5054 3286 5111 per
3330 5038 3493 5099 bases
3524 5055 3649 5113 qua
3688 5056 3817 5113 poor

2216 5122 2395 5177 tandis
2446 5132 2605 5179 erant
2649 5124 2916 5183 luteribus
2975 5138 3313 5203 praeparata,
3378 5131 3654 5201 quomodo
3708 5131 3813 5203 ipsi

2216 5212 2422 5269 luteres
2466 5214 2707 5286 ejusdem
2758 5215 2959 5274 lavacri
3016 5220 3295 5291 spiritalis,
3357 5221 3513 5295 cujus
3558 5230 3617 5277 et
3659 5237 3814 5279 mare

2216 5312 2400 5385 typum
2426 5302 2702 5375 gerebant.
2733 5302 3010 5379 Siquidem
3037 5318 3091 5367 et
3112 5304 3289 5367 Verba
3318 5311 3529 5367 dierum
3555 5318 3807 5385 narrant,

2214 5382 2397 5452 omnia
2426 5396 2479 5451 in
2514 5396 2595 5451 eis
2620 5412 2742 5466 qua
2774 5396 2827 5452 in
2856 5398 3232 5459 holocaustum
3270 5401 3504 5458 oblaturi
3534 5411 3695 5457 erant
3729 5382 3812 5456 n'.

2221 5488 2421 5545 vabant
2465 5508 2477 5544 :
2528 5488 2901 5548 holocaustum
2954 5504 3139 5551 autem
3208 5495 3422 5551 Domini
3479 5497 3812 5569 generaliter

2218 5582 2396 5640 omnis
2449 5580 2747 5639 electorum
2793 5585 3081 5643 multitudo
3131 5596 3310 5659 potest
3359 5587 3631 5660 intelligi,
3686 5603 3808 5659 qua

2209 5678 2367 5751 juxta
2395 5691 2582 5733 vocem
2622 5680 2981 5748 praeursoris
3023 5680 3299 5753 baptizata
3350 5687 3437 5735 est
3462 5680 3531 5735 ab
3584 5676 3703 5750 ipso
3752 5678 3809 5737 in

2219 5772 2431 5847 Spiritu
2470 5781 2664 5831 sancto
2693 5784 2748 5834 et
2777 5775 2908 5848 igni.
2937 5775 3094 5835 Sicut
3135 5789 3266 5851 ergo
3292 5776 3608 5837 sacerdotes
3633 5777 3723 5853 qui
3754 5777 3809 5836 in
