4044 6336
235 263 354 322 “5

1181 259 1442 324 ENARR.
1479 281 1552 326 IN
1589 265 1836 326 LIBROS
1877 263 2144 324 REGUM.
2183 297 2250 308 --
2289 267 2356 324 ιΝ
2395 267 2522 324 LIB.
2559 269 2644 326 Ill.

3409 271 3514 338 “6

239 384 388 440 mari
427 381 700 448 lavabant,
753 379 982 438 formam
1027 385 1338 455 exprimunt
1381 401 1568 441 eorum
1613 383 1706 454 qui
1733 395 1830 451 per
1855 383 1910 442 Δ
1933 389 1990 432 el
2021 393 2184 446 retro,
2211 383 2400 438 dextra
2417 393 2472 438 et
2493 385 2712 440 sinistra
2733 395 2788 442 et
2813 403 2974 458 supra
2995 403 3210 464 quoque
3227 395 3514 468 baberent,

237 475 514 546 baptisma
581 473 886 542 eﬂiciuntur
945 479 1137 532 summi
1197 489 1479 536 consortes
1539 479 1831 536 sacerdotii

237 569 390 638 quod
421 577 505 623 est
547 567 602 622 in
653 567 880 624 Domino
915 567 1044 625 Jesu
1085 570 1324 636 Christo,
1369 573 1443 626 ita
1489 573 1650 628 etiam
1683 573 1832 626 holo-

233 671 434 719 causta
481 661 792 718 eorumdem
843 662 1072 734 ﬁguram
1129 667 1408 734 aptissime
1461 667 1828 736 praetendunt,

231 769 366 810 etim
405 761 524 826 post
563 754 892 809 ablutionem
933 754 1204 824 baptismi.
1236 758 1410 826 gratia
1445 757 1618 812 sancti
1648 757 1828 826 Spiri-

237 855 331 910 tus
385 845 696 916 implentur.
755 845 990 900 Lavatur
1029 863 1262 916 namque
1311 849 1364 902 in
1413 849 1586 902 latere
1633 849 1828 912 hostia,

229 953 366 994 cum
391 939 516 1008 quis
543 935 780 992 ﬁdelium
813 953 952 1008 aqua
983 939 1236 1008 baptismi
1267 941 1626 1010 perfunditur.
1657 940 1832 996 Olfer-

235 1043 332 1088 tur
371 1049 504 1088 vero
533 1035 586 1088 in
637 1033 1034 1100 holocaustum,
1081 1049 1208 1090 cum
1261 1033 1608 1104 impositione
1637 1049 1832 1090 manus

231 1127 482 1196 episcopi
537 1111 760 1181 donum
793 1125 1030 1196 Spiritus
1087 1127 1264 1182 sancti
1325 1127 1620 1198 accipiunt.
1672 1126 1832 1194 Quod

227 1233 370 1276 vero
409 1219 478 1274 ad
511 1221 808 1290 portandos
839 1219 1040 1274 luteres
1065 1220 1256 1276 decem
1305 1229 1432 1274 sunt
1461 1221 1620 1275 bases
1648 1219 1827 1286 facte,

227 1319 453 1382 poterat
495 1313 722 1382 mystice
763 1311 1128 1380 interpretari,
1179 1311 1304 1381 quia
1343 1311 1576 1366 ministri
1627 1311 1830 1366 lavacri

223 1403 418 1458 vitalis
445 1403 512 1458 ad
547 1413 764 1458 aeternis
813 1403 1006 1472 gaudia
1045 1404 1400 1458 beatitudinis
1435 1403 1577 1474 (qua:
1605 1403 1826 1458 denario

227 1495 666 1550 solentnumero
713 1495 956 1566 ﬁgurari)
1001 1509 1096 1550 eos
1147 1511 1284 1566 quos
1315 1495 1582 1560 imbuunt,
1611 1503 1822 1550 vocent.

227 1586 438 1642 Verum
469 1587 592 1656 quia
623 1587 692 1642 de
727 1587 932 1642 eisdem
965 1587 1230 1643 lateribus
1257 1588 1510 1644 distincte
1539 1589 1830 1658 insequen-

225 1679 380 1734 tibus
427 1680 688 1748 scriptum
737 1689 842 1743 est,
884 1680 1028 1750 quod
1061 1679 1314 1736 videlicet
1343 1681 1580 1750 quinque
1621 1695 1688 1734 ex
1743 1679 1828 1734 bis

1935 473 2214 528 subdendo
2245 475 2487 545 aperitur
2511 493 2634 532 cum
2659 477 2858 534 dicitur
2887 497 2900 536 :

2009 583 2028 614 α
2065 565 2132 620 Et
2175 565 2317 622 inter
2345 569 2630 624 coronulas
2671 579 2726 624 et
2767 571 2990 642 plectas,
3035 575 3218 634 leones
3247 587 3302 634 et
3329 581 3512 646 boves,

1942 677 1960 708 ι
2001 665 2054 712 et
2097 657 2380 714 cherubim
2425 669 2480 714 et
2525 661 2578 716 in
2621 663 2892 732 juncturis
2925 667 3174 726 similiter
3205 671 3460 742 desuper.
3491 693 3512 728 ι

1931 747 2048 802 Non
2069 765 2200 820 ergo
2219 751 2374 820 plana
2399 761 2518 808 erat
2535 755 2642 814 ulla
2665 771 2732 812 ex
2763 769 2918 828 parte
2939 763 3254 830 superﬁcies
3275 765 3514 834 basium,

1931 839 2028 894 sed
2079 841 2318 910 undique
2349 857 2564 900 versum
2607 848 2856 918 mysticis
2893 851 3102 922 sculpta
3145 853 3352 924 ﬁguris,
3389 859 3518 928 quia

1931 941 2246 986 salictorum
2273 943 2498 998 mentes,
2531 935 2638 992 imo
2663 939 2914 996 universa
2933 957 3120 998 eorum
3151 948 3516 1014 conversatio,

1934 1021 2192 1076 virtutum
2233 1023 2288 1078 in
2324 1027 2574 1080 omnibus
2611 1031 2840 1098 gratiam
2873 1036 3176 1102 praetendit,
3204 1052 3382 1106 neque
3429 1039 3522 1094 ali-

1931 1127 2094 1182 quam
2141 1113 2262 1170 illns
2303 1115 2436 1170 hora
2489 1117 2664 1174 inanis
2691 1129 2748 1176 et
2781 1137 2952 1178 vacua
2999 1129 3280 1194 prieteriit,
3325 1130 3520 1200 inqua

1930 1205 2034 1276 piis
2065 1221 2258 1264 vacare
2285 1211 2564 1278 operibus,
2593 1213 2676 1268 vel
2709 1217 3052 1274 sermonibus
3079 1219 3162 1274 vel
3201 1231 3348 1278 certe
3375 1225 3522 1294 cogi-

1935 1299 2229 1356 tationibus
2257 1299 2542 1356 desistant.
2595 1303 2862 1362 Cornulas
2891 1309 3088 1380 quippe
3115 1311 3166 1366 in
3199 1327 3256 1368 se
3279 1313 3520 1384 sculptus

1929 1389 2152 1456 habent,
2177 1407 2298 1446 cum
2347 1393 2494 1448 inter
2525 1395 2794 1454 desideria
2821 1399 2946 1454 vitae
2995 1401 3234 1458 coelesﬁs
3255 1421 3376 1474 (luat
3399 1421 3520 1461 sur-

1931 1499 2050 1540 sum
2101 1493 2204 1550 est,
2251 1503 2528 1556 nunquam
2568 1487 2822 1546 fraternae
2875 1494 3154 1550 societatis
3203 1511 3322 1566 quae
3361 1498 3518 1568 juxta

1929 1584 2038 1642 est,
2075 1576 2290 1632 vincula
2339 1579 2664 1636 dissolvunt.
2699 1581 2912 1638 Habent
2961 1585 3108 1640 inter
3155 1589 3441 1644 coronulas
3465 1597 3538 1647 et‘

1931 1667 2138 1738 plectas
2167 1667 2370 1736 leones,
2401 1685 2524 1726 cum
2575 1673 2646 1726 ita
2677 1674 2746 1728 ad
2795 1677 3060 1744 speranda
3093 1679 3332 1734 crelestia
3361 1697 3516 1738 meno

225 1769 398 1840 positi
429 1771 542 1824 siut
571 1769 638 1824 ad
687 1771 970 1824 dexteram
1007 1779 1220 1840 partem
1263 1771 1470 1840 templi,
1499 1779 1556 1824 et
1583 1771 1826 1841 quinque
1855 1755 1904 1816 Β
1935 1769 2040 1816 lem
2071 1761 2304 1832 erigunt,
2338 1763 2410 1816 ita
2443 1763 2508 1818 ad
2541 1763 2840 1834 diligendus
2877 1769 3154 1836 proximos
3181 1771 3428 1838 dilatant,
3459 1783 3520 1830 ut

223 1865 298 1918 ad
325 1863 626 1926 sinistram,
663 1863 834 1934 magis
865 1863 918 1916 in
961 1863 1044 1918 eis
1071 1865 1310 1932 quinarii
1341 1863 1554 1918 llllll‘lel‘i
1583 1875 1712 1918 sunt
1737 1865 1816 1918 in-

225 1953 430 2008 tuenda
487 1954 760 2024 mysteria.
801 1953 860 2008 ln
909 1963 1138 2024 utraque
1189 1955 1392 2010 etenim
1435 1965 1594 2026 parte
1637 1956 1824 2026 templi

221 2053 358 2098 sunt
413 2045 570 2098 bases
627 2045 880 2110 luterum,
923 2053 980 2099 ut
1015 2045 1230 2116 utrique
1283 2045 1376 2100 Dei
1431 2047 1630 2118 populo
1681 2049 1824 2104 sacri

223 2133 396 2188 fontis
449 2135 680 2204 gratiam
741 2134 1092 2206 designarent
1149 2151 1272 2192 esse
1313 2139 1700 2210 .pundendam.
1759 2139 1826 2192 Et

223 2229 472 2298 quinque
507 2239 634 2283 sunt
661 2229 716 2282 in
759 2239 992 2300 utraque
1019 2239 1174 2300 parte
1205 2249 1218 2284 :
1251 2237 1310 2284 ut
1339 2231 1502 2302 (sicut
1527 2231 1580 2284 in
1611 2231 1825 2300 exposi-

229 2321 382 2374 tione
435 2319 622 2388 maris,
673 2323 814 2390 quod
855 2321 1093 2391 quinque
1139 2321 1336 2376 cubitis
1383 2321 1550 2376 altum
1580 2328 1684 2384 est,
1710 2319 1824 2388 jam

221 2409 490 2481 diximus)
522 2411 994 2466 demonstrari-tur
1021 2413 1222 2484 typice,
1269 2415 1526 2468 universa
1573 2413 1824 2470 ﬁdelibus

219 2517 350 2570 qua:
377 2515 474 2574 per
501 2503 740 2574 quinque
787 2519 978 2560 sensus
1009 2505 1260 2576 corporis
1315 2505 1676 2576 deliquerant,
1723 2521 1826 2578 per

219 2593 504 2652 lavacrum
543 2597 888 2667 baptismatis
933 2615 1050 2654 esse
1098 2601 1440 2655 remittenda.
1489 2601 1644 2656 Sicut
1693 2615 1824 2672 ergo

221 2687 282 2740 in
315 2703 424 2744 uno
453 2689 590 2744 inari
623 2689 904 2746 duodecim
956 2691 1130 2746 bobus
1179 2707 1344 2762 super
1395 2694 1584 2762 posito
1641 2695 1822 2748 unitas

219 2781 554 2852 exprimitur
591 2783 954 2851 baptismatis,
985 2799 1106 2854 quae
1133 2799 1232 2853 per
1253 2783 1528 2854 apestolos
1565 2791 1678 2840 toto
1701 2793 1826 2840 erat

221 2875 348 2929 orbi
393 2877 760 2946 przedicauda,
805 2877 880 2932 ita
915 2877 1078 2932 etiam
1125 2893 1222 2946 per
1253 2877 1388 2934 duos
1431 2879 1652 2934 ordines
1685 2877 1824 2934 lute-

221 2981 350 3020 rum
383 2969 608 3038 mystice
646 2970 972 3036 ostenditur,
1006 2970 1131 3040 quia
1163 2971 1440 3042 gentilitas
1463 2987 1588 3028 eum
1637 2971 1822 3028 Iudaea

221 3059 282 3112 in
321 3075 488 3116 unum
519 3061 642 3116 ﬁdei
683 3065 1016 3118 consortium
1049 3079 1146 3134 per
1191 3065 1540 3136 baptismatis
1569 3077 1688 3122 erat
1721 3083 1822 3122 uu-

223 3151 354 3208 dam
403 3153 724 3223 colligenda.
787 3155 940 3222 Quod
995 3165 1176 3212 autem
1230 3167 1464 3227 quatuor
1513 3159 1820 3214 cubitorum

219 3239 600 3314 longitudinis,
653 3253 707 3300 et
755 3255 988 3314 quatuor
1025 3246 1332 3302 cubitorum
1383 3247 1706 3312 latitudinis,
1762 3255 1820 3302 et

221 3335 394 3390 trium
447 3335 752 3392 cubitorum
803 3337 1108 3393 altitudinis
1157 3339 1318 3394 bases
1365 3337 1588 3410 singulae
1635 3337 1812 3404 fuere,

219 3425 386 3482 facile
415 3427 690 3484 intellectu
719 3437 820 3484 est.
847 3429 1150 3500 Longitudo
1179 3429 1380 3486 etenim
1409 3429 1474 3484 ad
1501 3429 1822 3500 patientiam

221 3519 692 3592 longanimitatis;
749 3521 980 3576 latitudo
1024 3521 1090 3576 ad
1124 3521 1438 3576 dilationem
1493 3519 1818 3585 dilectionis,

225 3611 460 3667 altitudo
507 3613 744 3682 pertinet
800 3613 890 3668 ad-
925 3629 1076 3684 spem
1125 3627 1372 3684 superna:
1421 3611 1820 3668 retributionis.

221 3701 472 3770 Quatuor
493 3713 672 3758 alitem
709 3711 836 3759 sunt
859 3705 1188 3776 principales
1213 3707 1464 3772 virtutes,
1497 3705 1698 3776 quibus
1717 3719 1824 3760 cm-

227 3803 348 3848 tera
371 3795 634 3851 virtutum
658 3805 936 3852 structura
963 3797 1230 3852 imminet.
1259 3795 1560 3854 Prudentia
1585 3796 1820 3864 scilicet,

217 3885 509 3955 fortitudo,
563 3891 942 3960 temperantia,
983 3889 1218 3959 justitia.
1263 3889 1330 3943 Et
1361 3889 1485 3944 ideo
1527 3897 1828 3960 quaterno.

227 3999 352 4038 rum
385 3995 506 4040 erat
553 3985 860 4040 cubitorum
905 3983 1182 4056 longitudo
1212 3993 1266 4038 et
1303 3983 1532 4038 latitudo
1585 3983 1821 4050 basium,

225 4077 356 4148 quia
385 4077 558 4132 sancti
585 4077 973 4146 praedicatores
1005 4077 1120 4130 sive
1157 4075 1386 4130 adversa
1419 4073 1684 4130 mundiet
1709 4075 1826 4130 lon—

223 4169 526 4239 gitudinem
565 4170 744 4226 exitus
787 4183 852 4224 ac
889 4169 1134 4224 laborum
1163 4165 1516 4238 praesentium
1547 4166 1682 4222 foris
1725 4165 1826 4220 tol-

225 4259 404 4315 lerent
427 4279 442 4314 :
464 4275 558 4316 seu
587 4275 682 4316 cor
701 4259 756 4314 in
781 4259 1070 4315 dilectione
1097 4259 1182 4314 sui
1209 4257 1544 4324 Conditoris,
1571 4271 1824 4312 suorum-

223 4367 334 4422 que
365 4351 738 4422 proximorum
767 4351 980 4406 interna
1009 4349 1370 4406 exsultatione
1395 4349 1645 4414 dilatent,
1677 4363 1826 4405 sem-

221 4467 324 4522 per
385 4465 606 4520 operam
669 4449 800 4504 dare
855 4447 1146 4503 virtutibus
1211 4453 1406 4502 curant
1457 4463 1470 4500 :
1523 4445 1821 4516 prudenter

1929 1854 1982 1908 iu
2015 1863 2302 1924 peccantes
2339 1871 2584 1928 quosque
2609 1859 2702 1928 qui
2733 1860 2836 1914 sibi
2877 1863 3152 1920 commissi
3183 1873 3308 1918 sum
3341 1863 3518 1922 fervo-

1927 1963 2042 2004 rem
2073 1963 2280 2018 asperae
2301 1947 2624 2006 invectionis
2643 1967 2900 2008 exercere
2917 1970 3022 2010 non
3047 1957 3282 2012 tardent.
3307 1957 3522 2015 Habent

1927 2053 2050 2092 cum
2083 2037 2328 2094 leonibus
2349 2041 2534 2106 boves,
2563 2041 2784 2112 quando
2815 2045 2986 2114 ipsam
3019 2047 3376 2120 iuvectionem
3397 2065 3522 2104 eor-
3591 2033 3596 2040 ’

1929 2129 2158 2198 ripiendi
2188 2170 2202 2194 ,
2255 2147 2382 2186 eum
2435 2132 2688 2202 spiritum
2745 2137 3178 2194 mansuetudinis
3237 2139 3516 2207 exhibent,

1927 2222 2142 2289 quando
2171 2223 2224 2278 in
2257 2224 2470 2278 terrore
2499 2227 2758 2296 arguendi
2791 2243 3068 2298 nunquam
3101 2229 3286 2288 lissam
3315 2231 3518 2290 habere

1925 2313 2184 2382 ungulam
2233 2313 2484 2370 discreta:
2539 2317 2770 2372 actionis
2825 2333 2892 2374 ac
2937 2320 3196 2390 loquelae,
3245 2339 3522 2394 nunquam

1927 2409 2092 2464 verba
2121 2411 2318 2466 divina:
2363 2411 2610 2470 lectionis
2639 2413 2786 2470 velut
2815 2417 3138 2472 ruminando
3169 2418 3224 2472 in
3269 2433 3364 2474 ore
3401 2418 3518 2474 vol-

1925 2513 2058 2552 vere
2105 2511 2344 2556 cessant.
2399 2521 2420 2554 ι
2455 2503 2522 2558 Et
2575 2505 2762 2560 subter
2813 2505 2998 2562 leones
3039 2515 3095 2562 et
3149 2509 3318 2564 boves
3362 2509 3520 2578 quasi

1933 2609 1950 2642 ε
1983 2591 2096 2646 lora
2139 2608 2206 2648 ex
2237 2609 2344 2648 tere
2369 2595 2694 2664 dependent,
2739 2617 2760 2652 ι
2797 2599 3014 2668 quando
3049 2601 3222 2656 sancti
3269 2601 3520 2658 doctores

1925 2695 1982 2742 et
2033 2688 2084 2742 in
2123 2691 2416 2746 severitate
2459 2691 2832 2758 districtionis,
2881 2709 2986 2763 qua
3045 2705 3334 2764 peccantes
3375 2695 3522 2764 judi-

1925 2789 2070 2845 cant,
2111 2791 2166 2836 et
2215 2783 2270 2836 in
2315 2783 2728 2839 mansuetudine
2757 2785 3014 2850 lenitatis,
3067 2803 3172 2856 qua
3207 2787 3522 2856 paenitenti-

1925 2873 2028 2928 bus
2055 2875 2354 2938 remittuut,
2375 2874 2642 2944 judicium
2671 2877 2754 2930 sui
2779 2877 2972 2932 timent
2995 2879 3254 2945 auctoris,
3287 2895 3356 2934 ne
3377 2879 3520 2936 forte

1925 2963 2126 3035 injuste
2155 2965 2370 3038 ligando
2411 2977 2506 3022 aut
2537 2967 2796 3024 solvendo
2817 2969 3142 3040 quempiam.
3161 2969 3270 3040 jam
3293 2969 3436 3038 juste
3459 2969 3522 3026 li-

1925 3057 2042 3124 gari
2065 3057 2168 3126 ipsi
2205 3057 2460 3124 habeant,
2489 3069 2546 3114 et
2573 3057 2690 3128 ejus
2707 3059 2974 3130 judicium
2997 3063 3090 3132 qui
3115 3077 3304 3118 errare
3329 3063 3544 3134 nequit.

1925 3157 2260 3204 mereantur.
3481 3211 3484 3216 I

2003 3259 2022 3292 ι
2055 3241 2126 3295 ΕΙ.
2143 3249 2378 3310 quatuor
2405 3250 2538 3298 rotat
2565 3257 2666 3312 per
2687 3243 2846 3300 bases
2877 3243 3118 3313 singulas
3139 3251 3194 3300 et
3213 3259 3346 3300 axes
3365 3245 3518 3314 εει-εἱ,

1933 3351 1952 3384 ι
1983 3341 2038 3386 et
2087 3347 2188 3404 per
2227 3343 2460 3404 quatuor
2489 3343 2674 3404 partes
2713 3335 2868 3406 quasi
2913 3335 3178 3390 bumernli
3225 3337 3412 3390 subter
3435 3335 3520 3390 lu-

1933 3441 1952 3476 ε
1989 3434 2160 3480 torem
2209 3425 2418 3492 fusiles,
2453 3435 2642 3480 contra
2683 3443 2740 3482 se
2785 3427 3021 3482 invicem
3069 3435 3462 3497 respectantes.
3495 3445 3516 3482 ι

1927 3515 2172 3584 Quatuor
2229 3528 2361 3574 rotae
2391 3529 2626 3588 quatuor
2653 3529 2778 3575 sunt
2799 3519 3218 3592 Evangeliorum
3251 3519 3398 3584 libri,
3427 3519 3522 3588 qui

1927 3609 2206 3680 aptissime
2237 3613 2372 3666 rotis
2393 3621 2780 3680 comparantur
2807 3625 2822 3664 :
2853 3613 2982 3682 quia
3027 3611 3168 3666 sicut
3207 3609 3520 3666 volubilitas

1929 3709 2064 3755 rotae
2093 3699 2542 3756 citissimocursu
2575 3715 2898 3770 quocunque
2927 3701 3174 3766 ducitur,
3199 3701 3398 3766 currit,
3443 3700 3520 3756 ita

1927 3807 2112 3848 sermo
2145 3792 2523 3864 evangelicus,
2551 3791 2776 3861 jubente
2825 3791 3074 3856 Domino,
3109 3807 3208 3860 per
3249 3789 3524 3862 apostolos
3561 3803 3570 3810 ‘

1927 3885 2212 3940 universas
2263 3885 2317 3938 in
2367 3883 2518 3938 brevi
2569 3885 2754 3940 mundi
2803 3885 2990 3955 plagas
3045 3883 3308 3956 implevit.
3367 3881 3523 3940 Sicut

1931 3983 2044 4030 tota
2095 3987 2258 4043 super
2299 3975 2614 4045 impositum
2649 3977 2752 4032 sibi
2807 3991 3026 4032 currum
3065 3985 3208 4032 terra
3255 3974 3520 4042 sublevat,

1929 4077 1984 4124 et
2011 4069 2352 4124 sublevatum
2391 4085 2500 4138 quo
2532 4069 2722 4140 auriga
2751 4069 2936 4140 dirigit
2973 4077 3158 4140 portat
3201 4087 3214 4124 :
3251 4071 3326 4124 ita
3355 4085 3522 4124 evan-

1927 4161 2100 4230 gelic-a
2142 4161 2458 4231 praedicatio
2495 4170 2708 4218 mentes
2759 4161 3058 4220 electorum
3109 4177 3138 4216 a
3171 4161 3400 4218 terrenis
3427 4177 3522 4216 cu-

1925 4253 2244 4324 piditatibus
2291 4253 2346 4310 in
2377 4255 2624 4312 ctelestia
2675 4255 2946 4310 desideria
2987 4255 3288 4326 suspendit,
3313 4271 3380 4314 ac
3403 4271 3523 4316 sus-

1925 4361 2123 4415 pensas
2153 4345 2220 4402 ad
2249 4347 2554 4417 profectum
2581 4349 2738 4404 bona:
2763 4347 3000 4404 actionis
3029 4349 3144 4403 sive
3169 4349 3234 4404 ad
3269 4349 3518 4408 minister-

1929 4441 2070 4496 rimn
2109 4440 2516 4514 praedicationis
2551 4455 2876 4512 quocunque
2905 4441 3168 4512 atljuvans
3203 4441 3374 4513 gratia
3411 4440 3524 4512 spi-

223 4507 479 4598 videlicet
527 4541 668 4596 inter
714 4541 854 4600 bona
897 4549 950 4596 et
995 4539 1138 4594 mala
1166 4507 1562 4604 discernentes,
1605 4539 1821 4594 fortiter
1845 4507 1899 4568 D
1925 4533 2064 4588 ritus
2087 4511 2342 4598 voluerit,
2373 4533 2522 4590 ducit
2551 4553 2564 4588 :
2597 4533 2844 4604 Namque
2873 4533 2926 4590 in
2969 4535 3324 4604 sequentibus
3343 4535 3476 4592 dicit
3501 4547 3518 4588 :

221 4635 455 4690 adversa
507 4635 879 4700 sustinentes,
927 4649 1026 4690 cor
1071 4635 1138 4690 ab
1189 4633 1428 4704 appetitu
1483 4633 1818 4704 voluptatum

221 4711 618 4798 temperantes,
635 4727 900 4796 justitiam
927 4725 980 4780 in
1005 4725 1322 4798 operatione
1343 4735 1608 4780 tenentes.
1633 4723 1820 4779 Trium

221 4833 358 4873 vero
383 4817 690 4874 cubitorum
717 4819 776 4871 lit
803 4817 1030 4872 altitudo
1053 4817 1287 4882 basium,
1319 4831 1442 4872 cum
1479 4829 1580 4886 per
1611 4815 1823 4872 exerci-

225 4907 364 4965 tium
391 4910 678 4976 virtutum,
711 4921 846 4978 quas
875 4907 1260 4976 eompatientia
1297 4907 1562 4961 malorum
1605 4907 1661 4962 et
1690 4905 1822 4960 dile-

223 5001 412 5057 ctione
463 5001 732 5056 bonormn
781 5009 1060 5068 excreent,
1111 5001 1364 5084 continua
1405 5001 1708 5058 intentione
1747 5002 1816 5059 ad

223 5091 492 5148 visionem
516 5103 718 5150 sanctae
747 5091 1026 5149 Trinitatis
1063 5091 1348 5166 pervenire
1375 5101 1644 5164 satagunt.

307 5291 328 5324 ‹
363 5271 430 5326 Ει
459 5273 634 5344 ipsum
670 5289 806 5346 opus
831 5271 1044 5330 basium
1071 5274 1378 5334 lnterrasile
1399 5287 1536 5334 erat.
1579 5279 1646 5334 Et
1679 5280 1820 5336 scul-

233 5385 254 5420 ι
283 5376 456 5438 plura:
497 5367 640 5422 inter
657 5365 963 5437 juncturas.
1015 5389 1032 5423 ν
1083 5369 1374 5428 Juuctnras
1403 5373 1582 5430 dicere
1607 5375 1820 5430 videtur

225 5471 342 5516 eas.
377 5471 498 5528 qua:
521 5457 656 5530 ipsa:
683 5457 918 5515 laterum
957 5460 1149 5516 tabulae
1175 5463 1392 5519 sibimet
1433 5465 1666 5520 invicem
1693 5483 1823 5520 con-

227 5563 388 5604 nexa:
409 5555 537 5604 sunt
567 5569 580 5604 :
617 5559 676 5606 ut
707 5551 912 5608 scilicet
945 5563 1180 5624 quatuor
1207 5557 1320 5610 sive
1349 5557 1584 5628 quinque
1627 5558 1824 5614 tabulis

225 5649 346 5700 una
370 5641 530 5726 ﬂeret
555 5643 722 5700 basis.
751 5635 950 5713 Quales
985 5655 1168 5702 autem
1203 5648 1510 5719 sculpturas
1547 5653 1710 5708 bases
1737 5652 1822 5706 iu—

231 5737 318 5792 ter
341 5735 445 5792 has
481 5723 788 5810 iuncturas,
811 5739 868 5797 id
895 5745 982 5798 est
1013 5739 1072 5798 in
1105 5741 1237 5818 ipsis
1265 5743 1380 5799 suis
1401 5743 1670 5804 lateribus
1695 5757 1824 5806 ante

1931 4645 1948 4678 ι
1995 4623 2130 4692 Quia
2181 4627 2316 4682 tales
2375 4633 2534 4682 erant
2589 4635 2724 4684 rotae
2777 4629 2964 4698 quales
3011 4629 3182 4692 solent
3245 4631 3302 4684 in
3358 4643 3522 4684 curru

1931 4741 1950 4774 ‹
1989 4721 2128 4776 ﬁeri.
2167 4743 2186 4774 ι
2216 4723 2474 4794 Legimus
2521 4733 2710 4779 autem
2755 4723 2822 4780 de
2851 4725 3098 4780 sanctis:
3139 4745 3156 4775 ι
3193 4725 3398 4780 Currus
3423 4724 3520 4780 Dei

1925 4815 2110 4872 decem
2165 4816 2402 4880 millibus
2451 4815 2738 4886 multiplex
2789 4817 2958 4874 millia
2989 4819 3292 4874 laetantium
3341 4815 3517 4889 (Paul.

1927 4909 2116 4978 LXVII).
2153 4929 2172 4961 ι
2201 4907 2268 4964 .Si
2291 4925 2424 4980 ergo
2441 4909 2600 4964 bases
2627 4909 2862 4966 laterum
2895 4912 3070 4968 sancti
3095 4921 3222 4967 sunt
3245 4910 3518 4974 doctores,

1923 5001 2014 5070 qui
2067 5001 2342 5056 lavacrqu
2377 5003 2500 5057 vita:
2549 5003 2708 5058 nobis
2753 5003 3084 5070 ministrant,
3121 5013 3180 5058 et
3225 5011 3358 5056 rota:
3387 5017 3520 5068 qua-

1923 5104 2094 5152 terna:
2141 5095 2376 5160 basium,
2429 5103 2666 5166 quatuor
2705 5105 2830 5152 sunt
2867 5099 2990 5152 libri
3039 5095 3458 5166 Evangeliorum
3501 5111 3514 5148 :

1923 5189 2054 5259 quid
2095 5203 2226 5244 axes
2255 5195 2502 5243 rotarum
2543 5189 2636 5258 qui
2679 5189 2840 5244 bases
2871 5195 3104 5260 gestant,
3137 5173 3242 5242 nisi
3289 5185 3402 5254 ipsa
3429 5199 3520 5240 eo-

1925 5282 2172 5335 rumdem
2201 5289 2326 5334 sunt
2355 5279 2520 5334 corda
2547 5279 2850 5344 doctorum,
2883 5293 3002 5348 quae
3035 5277 3160 5332 dum
3197 5277 3250 5330 in
3275 5287 3522 5346 ,νηξοψ

1927 5373 1996 5428 tis
2025 5371 2354 5444 evangelieis
2395 5371 2582 5426 sedulo
2617 5371 2974 5434 intendentis,
2995 5385 3090 5422 eos
3111 5368 3180 5422 ab
3201 5367 3517 5422 intimorum

1927 5467 2164 5538 appetitu
2199 5465 2524 5528 dissolvunt,
2551 5465 2700 5520 velut
2741 5463 2970 5520 innuissi
3007 5461 3141 5516 rotis
3172 5475 3324 5524 axes,
3355 5457 3518 5514 altius

1929 5559 2102 5614 basim
2149 5575 2180 5612 a
2223 5567 2368 5614 terra
2403 5557 2708 5614 sublevant.
2741 5555 2914 5610 Porro
2955 5541 3222 5608 humeruli
3251 5552 3340 5623 qui
3385 5550 3522 5608 rotis

1930 5653 2218 5723 antepositi
2247 5669 2316 5707 ne
2347 5652 2418 5706 ab
2457 5651 2648 5704 axibus
2699 5647 2878 5704 delabi
2909 5653 3134 5718 possent
3159 5643 3518 5708 obsistebant,

1929 5743 2204 5822 praeconia
2243 5755 2374 5802 sunt
2413 5743 2826 5816 prophetarum,
2855 5741 3056 5814 quibus
3101 5737 3416 5814 evangeliea
3463 5739 3524 5798 et
