4044 6336
566 295 668 355 447

1622 289 1979 349 ANGELOMI
2016 286 2479 346 LUXOVIENSIS
2516 286 2825 344 MONACHI

3742 288 3866 344 με

564 410 862 484 apostolica
901 408 1208 480 Scriptum,
1252 421 1322 463 ne
1351 408 1440 463 cui
1487 406 1780 479 legentium
1830 407 1883 461 in
1925 406 2154 462 dubium
2181 406 2234 468 Α
2260 419 2348 459 res
2377 403 2574 458 summi
2599 418 2663 458 ac
2693 401 2931 458 ministri
2969 400 3224 457 salutaris
3263 414 3430 473 opere
3468 399 3692 473 quidem
3726 418 3868 474 per-

565 506 706 562 ferte
733 503 938 568 veniat,
967 501 1342 558 confirmatur.
1375 501 1518 556 Bene
1545 511 1725 555 autem
1756 500 1978 566 dicitur,
2011 498 2155 570 quod

565 596 835 654 humeruli
882 595 974 666 qui
1028 610 1125 665 per
1177 603 1415 666 quatuor
1463 603 1650 662 partes
1697 595 1884 650 subter
1923 593 2154 649 luterem

561 699 720 745 erant
742 688 927 760 positi,
951 697 1140 743 contra
1171 703 1228 742 se
1258 686 1490 742 invicem
1521 686 1738 742 fuerunt
1759 695 2154 758 respectantes,

563 782 691 850 quia
729 781 988 835 nimirum
1039 779 1218 834 omnis
1265 777 1562 848 Scriptura:
1599 779 1884 850 prophetia
1937 780 2156 835 sibimet

563 872 793 928 invicem
834 881 1199 928 consentanea
1241 881 1326 926 est
1365 888 1378 924 :
1427 879 1636 942 utpote
1663 888 1770 927 uno
1811 872 1908 926 Dei
1960 873 2156 941 spiritu

564 966 799 1020 condita.
828 964 1070 1032 Quatuor
1100 962 1250 1018 fuere
1285 979 1383 1033 per
1412 963 1571 1018 bases
1609 963 1851 1033 singulas
1879 963 2153 1019 humeruli

561 1058 813 1113 videlicet
835 1057 987 1126 juxta
1016 1071 1299 1112 numerum
1329 1066 1593 1114 rotarum.
1626 1057 1742 1113 Non
1771 1060 1898 1130 quia
1921 1067 2156 1129 quatuor

563 1155 927 1201 sunttantum
978 1147 1102 1202 libri
1146 1149 1480 1218 prephetici;
1524 1149 1617 1204 sed
1648 1151 1775 1220 quia
1818 1150 1872 1204 in
1901 1149 2155 1205 omnibus

559 1255 680 1310 qua:
714 1241 875 1296 locuti
909 1249 1036 1296 sunt
1076 1243 1352 1312 prepheta:
1409 1251 1466 1298 et
1515 1243 1748 1315 Moyses,
1795 1243 1956 1299 dictis
2007 1258 2150 1313 qua-

561 1340 684 1386 tuor
725 1332 1188 1402 Evangelistarum
1225 1333 1593 1389 testimonium
1642 1335 1923 1406 praebuere
1951 1353 1963 1388 :
1994 1343 2054 1388 ut
2084 1349 2153 1390 ex

558 1437 825 1478 consensu
854 1423 1135 1494 utriusque
1167 1423 1524 1488 Testamenti,
1553 1441 1659 1480 una
1693 1425 1826 1481 fides
1849 1433 1903 1482 et
1930 1425 2152 1480 dilectio

556 1513 758 1568 Christi
788 1524 972 1569 nostra
999 1516 1241 1570 ninnium
1267 1518 1432 1572 corda
1466 1516 1728 1572 firmaret.

555 1626 563 1635 -
634 1625 652 1656 ι
703 1605 776 1661 Os
818 1622 1034 1677 quoque
1080 1607 1268 1663 luteris
1326 1607 1656 1664 intrinsecus
1705 1616 1823 1663 erat
1865 1608 1918 1664 in
1957 1610 2150 1680 capitis

562 1716 584 1749 ι
616 1702 952 1764 summitate,
998 1709 1053 1756 et
1101 1702 1246 1770 quod
1295 1701 1598 1758 forinsecus
1637 1704 1953 1772 apparebat,
1987 1705 2147 1760 unius

2257 495 2387 553 fecti
2419 496 2471 551 in
2503 496 2601 550 hac
2631 496 2743 549 vita
2772 495 3060 561 fulserunt,
3096 495 3189 550 sed
3221 494 3340 550 luce
3373 495 3867 564 contemplationis

2256 606 2324 647 ex
2353 599 2505 661 parte
2530 599 2655 645 sunt
2677 589 2844 645 fruiti.
2878 589 3030 647 Unde
3058 599 3113 646 et
3136 589 3323 644 aiunt:
3360 608 3378 640 ι
3408 589 3488 644 Ex
3512 596 3669 659 parte
3702 595 3866 645 enim
3899 623 3904 628 ο

2265 703 2282 736 ι
2321 684 2718 756 cognoscimus,
2746 691 2800 739 et
2827 699 2893 739 ex
2934 691 3091 754 parte
3117 682 3526 753 prophetamus.
3575 681 3711 737 Cum
3758 698 3869 736 au-

2265 797 2284 829 ‹
2323 791 2428 833 tem
2459 778 2666 833 venerit
2695 778 2838 847 quod
2869 777 3166 847 perfectum
3193 785 3298 842 est,
3334 776 3692 832 evacuabitur
3707 778 3866 849 quod

2265 889 2285 922 ι
2313 887 2379 927 ex
2409 881 2562 941 parte
2589 878 2673 926 est
2703 869 2754 942 (I
2795 869 2914 924 Cor.
2955 869 3096 942 xm).
3148 889 3168 922 ι
3603 869 3608 872 ’

2249 1001 2252 1006 -
2336 990 2354 1022 ι
2384 971 2441 1026 lu
2472 971 2615 1026 hunc
2644 970 2862 1024 modum
2903 969 3031 1026 fecit
3067 969 3254 1026 decem
3287 971 3467 1034 bases,
3499 969 3691 1025 fusura
3717 987 3866 1037 una,

2265 1080 2284 1114 ι
2321 1070 2375 1117 ει
2417 1076 2670 1116 mensura
2704 1059 3088 1131 sculpturaque
3128 1060 3422 1116 consimili.
3455 1060 3610 1116 Fecit
3635 1077 3867 1133 quoque

2265 1171 2284 1205 ι
2325 1153 2510 1209 decem
2553 1153 2755 1208 luteres
2796 1167 2994 1209 amcos.
3033 1174 3052 1206 ι
3089 1151 3266 1220 Quare
3307 1153 3496 1209 decem
3537 1154 3650 1210 sint
3695 1156 3866 1210 bases

2256 1243 2432 1310 factae,
2486 1243 2712 1298 totidem
2759 1243 2838 1298 eis
2889 1244 3219 1314 superpositi
3252 1243 3478 1308 luteres,
3526 1259 3695 1314 supra
3740 1243 3865 1312 jam

2257 1338 2460 1394 dictum
2491 1344 2592 1392 εει.
2626 1335 2780 1403 Quod
2800 1351 2930 1390 vero
2961 1351 3065 1390 una
3099 1345 3222 1391 erat
3261 1333 3448 1390 fusura
3489 1351 3865 1406 mensuraque

2257 1438 2312 1486 et
2340 1428 2616 1500 sculptura
2659 1427 2957 1484 consimilis
3012 1427 3255 1482 omnium
3307 1427 3523 1482 basium
3567 1428 3685 1482 sive
3713 1427 3862 1482 lute-

2256 1537 2397 1586 rum,
2448 1536 2556 1576 non
2611 1520 2665 1575 in
2709 1535 2773 1575 ea
2829 1519 3225 1592 significatione
3277 1518 3483 1575 factum
3525 1529 3650 1585 est,
3710 1522 3862 1590 quod

2254 1611 2484 1683 aequalia
2543 1611 2752 1682 possint
2802 1625 2922 1666 csse
2971 1611 3213 1666 omnium
3262 1611 3462 1679 merita
3513 1610 3809 1666 doctorum
3843 1653 3861 1676 ,

2255 1706 2348 1761 sed
2400 1707 2452 1760 in
2500 1718 2564 1760 ea
2615 1705 2813 1775 potius,
2873 1704 3017 1775 quod
3069 1720 3176 1759 una
3225 1704 3358 1760 fides
3407 1703 3692 1775 Evangelii
3745 1719 3860 1773 quo

563 1811 581 1841 ς
621 1792 788 1846 cubiti
845 1801 962 1847 erat
1005 1801 1174 1847 totum
1209 1795 1515 1861 rotundum,
1555 1796 1867 1867 pariterque
1914 1797 2145 1852 habebat
2173 1776 2223 1838 Β
2252 1798 2642 1863 instituuntur,
2707 1812 2876 1850 unum
2944 1810 3065 1852 esse
3126 1803 3526 1850 sacramentum
3594 1795 3862 1864 baptismi

564 1903 583 1932 ι
622 1899 785 1937 ιιιιιιιιι
834 1884 1074 1938 cubitum
1102 1895 1158 1939 et
1208 1885 1513 1941 dimidium.
1553 1908 1570 1939 ι
1615 1887 1688 1944 Os
1716 1904 1930 1960 quoque
1959 1890 2147 1948 luteris

555 1974 717 2027 unius
739 1983 857 2028 erat
895 1974 1088 2040 cubiti,
1135 1986 1360 2046 propter
1391 1979 1654 2034 uilitatem
1699 1979 2058 2036 confessionis
2093 1991 2149 2037 et

557 2065 679 2121 fidei
717 2068 842 2138 quia
897 2085 1087 2124 omnes
1120 2070 1171 2124 in
1227 2069 1568 2127 confessione
1623 2072 1805 2128 Patris
1845 2083 1899 2128 et
1943 2073 2064 2128 Filii
2093 2083 2148 2129 et

555 2154 790 2226 Spiritus
815 2160 986 2214 sancti
1009 2160 1368 2231 baptizamur,
1393 2163 1606 2218 dicente
1631 2162 1920 2234 Apostolo:
1951 2183 1969 2215 ι
1996 2164 2146 2220 υιιιιε

556 2249 839 2317 Dominus,
891 2269 993 2306 una
1033 2253 1184 2320 fides,
1216 2270 1383 2308 unum
1417 2255 1709 2324 baptisma,
1745 2271 1886 2310 unus
1919 2256 2062 2310 Deus
2093 2265 2148 2311 et

553 2353 710 2412 pater
737 2343 976 2398 omnium
1009 2343 1227 2416 (Ep/tes.
1256 2344 1354 2414 iv).
1400 2366 1419 2399 i
1474 2347 1541 2401 Et
1575 2347 1750 2418 ipsmn
1780 2363 1842 2404 os
1871 2349 1924 2403 in
1952 2349 2146 2418 capitis

553 2444 677 2488 erat
718 2436 1049 2502 summitate,
1103 2446 1162 2492 ut
1210 2437 1278 2492 ad
1310 2437 1554 2493 coelestia
1607 2439 1762 2494 nobis
1811 2454 1997 2510 regna,
2051 2455 2148 2509 per

551 2523 820 2595 baptisma
858 2527 960 2582 iter
995 2541 1116 2582 esse
1168 2528 1502 2597 patefactum
1548 2529 1788 2584 doceret.
1843 2529 1960 2599 Ipse
2013 2545 2144 2586 vero

517 2615 693 2672 -luter
739 2619 791 2673 in
822 2619 1177 2690 amplitudine
1205 2619 1446 2675 cubitum
1486 2621 1649 2676 habet
1691 2637 1858 2675 unum
1889 2631 1945 2676 et
1988 2622 2145 2677 dimi-

549 2707 697 2763 dium
732 2726 745 2762 :
779 2723 876 2778 per
902 2711 1082 2780 operis
1113 2711 1369 2766 nimirum
1417 2712 1810 2782 perfectionem
1851 2722 1907 2768 et
1927 2713 2142 2768 initium

550 2800 1043 2869 contemplationis.
1068 2801 1283 2874 Integer
1311 2803 1456 2858 enim
1489 2803 1708 2858 cubitus
1732 2803 1786 2858 in
1819 2803 1992 2858 lutere
2019 2819 2142 2874 per-

547 2887 836 2947 fectionem
869 2893 1022 2950 bona:
1045 2893 1293 2966 designat
1319 2895 1568 2961 actionis,
1602 2911 1765 2965 quam
1800 2895 2007 2965 absque
2031 2895 2141 2952 ulla

545 2981 821 3039 dubietate
871 2985 1106 3041 habebat
1153 2987 1271 3053 ille,
1305 2987 1372 3042 de
1419 3002 1527 3057 quo
1577 2987 1834 3042 tentatori
1879 2986 2142 3044 Dominus

547 3075 770 3131 aiebat:
812 3095 831 3127 ι
870 3077 1122 3149 Nunquid
1162 3080 1519 3135 considerasti
1559 3096 1778 3136 servum
1809 3095 1988 3136 meum
2014 3079 2136 3148 Job,

2251 1907 2359 1963 quo
2381 1891 2696 1956 abluuntur,
2753 1904 2894 1944 unus
2939 1889 3194 1959 idemque
3232 1888 3456 1958 spiritus
3509 1903 3618 1957 quo
3658 1903 3860 1942 omnes

2251 1995 2642 2039 consecrantur
2671 1980 2829 2037 electi
2860 1999 2873 2035 :
2907 1981 3122 2036 tametsi
3155 1979 3477 2034 donationes
3517 1979 3730 2033 habent
3775 1979 3860 2032 di-

2249 2085 2438 2124 versas
2465 2069 2518 2123 in
2547 2069 2664 2138 ipso
2690 2067 2914 2138 Spiritu,
2936 2067 3029 2138 qui
3060 2066 3253 2122 dividit
3278 2065 3510 2136 singulis
3541 2076 3708 2136 prout
3742 2066 3861 2120 vult

2251 2161 2302 2232 (Ι
2319 2159 2444 2216 Cor.
2466 2160 2590 2232 xu).
2611 2179 2630 2212 ι
2652 2158 3017 2230 Quadraginta
3031 2159 3188 2214 batos
3201 2157 3450 2228 capiebat
3469 2157 3615 2212 luter
3643 2174 3853 2212 unus.»

2249 2249 2724 2322 Quadragenarius
2764 2264 3027 2305 numerus
3071 2248 3209 2305 solet
3249 2263 3460 2319 magna:
3489 2246 3860 2318 perfectionis

2250 2355 2436 2416 typum
2491 2353 2694 2408 tenere,
2756 2343 2885 2413 quia
2951 2342 3209 2396 nimirum
3261 2341 3588 2412 quaterdeni
3640 2341 3861 2396 faciunt

2248 2437 2606 2508 quadraginta
2646 2434 2880 2491 :decem
2909 2443 3092 2490 autem
3135 2442 3261 2488 sunt
3306 2443 3601 2504 praicepta,
3651 2433 3858 2504 quibus

2247 2529 2424 2584 omnis
2470 2537 2657 2583 nostra
2692 2527 2937 2596 operatio
2983 2526 3037 2580 in
3093 2525 3212 2597 lege
3241 2525 3422 2579 divina
3465 2525 3695 2596 przefixa
3747 2533 3853 2580 est.

2247 2619 2493 2688 Quatuor
2547 2635 2677 2675 vero
2723 2617 3141 2688 Evangeliorum
3196 2617 3344 2683 libri,
3393 2617 3445 2672 in
3495 2618 3702 2688 quibus
3761 2632 3860 2688 per

2248 2714 2707 2784 dispensationem
2732 2711 3026 2768 Dominicw
3054 2710 3449 2764 incarnationis
3474 2711 3723 2765 cmlestis
3767 2724 3861 2780 pa-

2247 2808 2366 2862 triae
2399 2808 2555 2862 nobis
2585 2815 2668 2862 est
2713 2803 3016 2876 patefactus
3059 2804 3334 2858 introitus.
3383 2803 3451 2858 Et
3498 2806 3624 2873 quia
3655 2819 3860 2859 omnes

2245 2898 2337 2968 qui
2369 2898 2436 2952 ad
2470 2896 2790 2968 mysterimn
2836 2893 3182 2965 baptismatis
3222 2893 3519 2964 pertinent,
3565 2909 3697 2946 cum
3749 2891 3860 2946 fide

2245 3001 2301 3045 et
2359 2989 2719 3046 sacramentis
2774 2985 3052 3057 Evangelii
3116 2985 3350 3040 fructum
3409 2984 3610 3039 debent
3677 2995 3860 3039 recta:

2245 3079 2580 3151 operationis
2601 3077 2912 3140 ostendere,
2939 3085 3062 3147 apte
3086 3076 3288 3130 lutcres
3310 3074 3506 3145 singuli
3545 3075 3599 3128 in
3643 3076 3859 3143 quibus

546 3170 688 3236 quod
711 3184 817 3223 non
845 3169 917 3224 sit
947 3147 1214 3226 ci‘similis
1243 3186 1406 3240 super
1437 3173 1678 3227 terram?
1712 3174 1876 3228 homo
1908 3172 2138 3244 simplex
2168 3147 2213 3211 (ἶ
2247 3147 2562 3228 holocausta
2590 3168 2934 3232 lavabantur,
2965 3166 3327 3236 quadraginta
3353 3165 3507 3219 batos
3531 3166 3855 3234 capiebant.

545 3267 603 3313 et
645 3270 846 3326 rectus,
895 3277 960 3317 ac
1003 3262 1201 3318 timens
1229 3264 1418 3328 Deum,
1450 3273 1502 3318 et
1534 3265 1794 3320 recedens
1821 3281 1853 3319 a
1897 3265 2078 3320 malo?
2113 3285 2133 3320 ι

547 3349 702 3423 (Job.
749 3352 820 3424 ι.)
863 3352 959 3409 Est
1011 3369 1140 3409 vero
1188 3355 1328 3408 alter
1373 3356 1588 3410 cubitus
1633 3355 1825 3410 divinae
1873 3355 2136 3422 visionis,

545 3445 638 3516 qui
667 3459 734 3499 ex
765 3454 919 3516 parte
969 3446 1224 3501 nonnulla
1257 3447 1420 3503 etiam
1468 3448 1522 3502 in
1559 3448 1660 3502 hac
1689 3448 1867 3504 adhuc
1905 3449 2016 3503 vita
2057 3464 2142 3503 re-

545 3534 710 3590 tentis
738 3535 988 3594 fldelibus
1013 3536 1202 3592 donari
1229 3537 1511 3591 consuevit
1549 3555 1562 3592 :
1604 3545 1666 3591 ut
1693 3538 1835 3592 idem
1860 3536 1963 3594 Job
1993 3537 2141 3593 devi-

544 3633 635 3680 cto
673 3627 989 3683 adversario
1025 3643 1150 3683 cum
1181 3627 1412 3683 Domino
1442 3628 1691 3699 loquens,
1725 3629 1806 3683 ait
1837 3643 1851 3683 :
1888 3647 1908 3680 ι
1935 3628 2138 3684 Auditu

545 3719 694 3775 auris
731 3721 910 3775 audivi
958 3731 1027 3788 te,
1079 3737 1225 3777 nunc
1273 3733 1454 3778 autem
1493 3723 1684 3779 oculus
1724 3739 1879 3781 meus
1911 3725 2056 3780 videt
2087 3733 2139 3781 te

545 3807 704 3881 (Job.
757 3813 902 3884 xiv).
945 3833 964 3866 ι
1025 3812 1297 3884 Scriptum
1360 3831 1596 3888 namque
1654 3825 1740 3873 est
1789 3817 1847 3872 in
1905 3833 2139 3889 sequen-

543 3902 687 3957 tibus
717 3921 731 3958 :

531 4035 534 4040 .
620 4019 638 4050 ι
670 3997 788 4056 Una
837 4011 954 4056 rota
997 4001 1232 4060 habebat
1270 4003 1572 4062 altitudinis
1601 4021 1770 4062 unum
1801 4007 2040 4064 cubitum
2080 4015 2137 4064 et

547 4105 566 4140 ι
596 4091 780 4146 semis.
821 4112 839 4144 ι
873 4092 942 4147 Ει
977 4093 1137 4164 paulo
1165 4105 1288 4166 post
1319 4114 1334 4150 :

616 4201 634 4232 ι
668 4180 726 4238 ιιι
759 4186 1072 4242 smnmitate
1098 4198 1280 4244 autem
1309 4188 1478 4255 basis,
1511 4199 1632 4245 erat
1669 4193 1916 4262 quaedam
1941 4200 2131 4248 rotun-

541 4293 563 4331 ι
599 4279 738 4335 ditas
773 4281 934 4336 unius
977 4291 1032 4336 et
1071 4282 1281 4338 dimidii
1331 4284 1534 4350 cubiti,
1572 4284 1648 4337 ita
1704 4283 2024 4352 fabrefacta,
2075 4295 2133 4340 ut

543 4389 564 4424 ι
593 4371 733 4428 [uter
779 4375 1008 4444 desuper
1039 4386 1222 4446 posset
1273 4377 1498 4448 imponi.
1557 4397 1575 4428 ι
1634 4377 1893 4434 Luterum
1930 4379 2131 4450 quippe

535 4477 790 4518 mensura
842 4465 1005 4520 unius
1033 4475 1150 4520 erat
1175 4467 1342 4522 cubiti
1374 4476 1429 4522 et
1455 4468 1684 4534 dimidii,
1715 4468 1841 4539 quia
1869 4470 2126 4524 nimirum

535 4574 599 4614 ea
640 4557 742 4612 fide
769 4556 821 4609 in
852 4556 1000 4611 fonte
1024 4558 1152 4613 vita:
1181 4558 1452 4626 lavamur,
1485 4569 1545 4614 ut
1578 4576 1678 4631 per
1703 4575 1868 4630 opera
1901 4561 2128 4632 justitiie

535 4641 605 4695 ad
655 4642 819 4699 vitam
875 4648 1078 4703 intrare
1107 4649 1418 4705 valeamus:
1451 4653 1701 4722 quamvis
1745 4653 1862 4707 sine
1904 4662 2128 4723 peccato

533 4733 663 4790 dum
702 4738 788 4794 hic
810 4739 1040 4795 vivimus
1069 4756 1194 4798 esse
1242 4757 1593 4813 nequeamus.
1627 4743 1802 4815 Ipsam
1845 4760 1976 4801 vero
2004 4748 2126 4801 vita:

533 4827 771 4883 caelestis
798 4831 1133 4887 dulcedinem
1161 4843 1384 4905 gustare
1410 4850 1477 4890 ex
1514 4845 1690 4906 parte,
1721 4852 1786 4892 ac
1817 4836 2038 4909 diligere
2071 4839 2124 4892 in

533 4918 635 4974 hac
665 4921 883 4976 interim
922 4922 1054 4990 vita,
1100 4925 1345 4994 perfecte
1395 4935 1577 4982 autem
1625 4928 1811 4984 videre
1861 4929 2006 4983 nulla
2038 4945 2126 4983 ra-

535 5013 681 5071 tione
709 5016 974 5072 valemus.
1004 5015 1142 5073 Buta
1173 5035 1390 5090 quoque
1438 5037 1544 5077 uno
1575 5038 1638 5078 ac
1668 5023 1894 5079 dimidio
1939 5025 2123 5079 cubito

531 5117 877 5162 mensuratur
927 5110 1052 5180 quia
1114 5111 1395 5184 Scriptura
1462 5113 1714 5170 lectionis
1759 5115 2116 5186 evangelicae,

531 5201 766 5270 qualiter
799 5204 854 5259 hi
905 5205 995 5274 qui
1027 5205 1252 5277 perfecti
1304 5224 1426 5264 esse
1457 5209 1646 5274 velint,
1681 5210 1864 5266 vivere
1890 5211 2124 5266 debeant

531 5295 785 5357 ostendit,
817 5312 1075 5368 spemque
1101 5301 1256 5356 nobis
1275 5309 1490 5356 aeternae
1516 5301 1886 5356 retributionis
1912 5303 1962 5356 in
1989 5319 2126 5374 prae-

531 5386 672 5438 senti
734 5387 1089 5455 demonstrat,
1144 5391 1315 5462 ipsam
1359 5408 1490 5448 vero
1551 5392 1927 5448 retributionis
1978 5395 2123 5451 illius

530 5479 850 5547 qualitatem
901 5484 953 5536 in
1004 5483 1186 5539 futuro
1238 5486 1397 5539 nobis
1444 5485 1804 5554 pandeudam,
1853 5487 2014 5541 simul
2071 5497 2125 5544 ει

530 5571 836 5626 donandum
869 5590 989 5630 esse
1027 5579 1314 5647 promittit.
1361 5578 1526 5633 Bases
1566 5579 1731 5633 etiam
1779 5579 1906 5648 ipsa:
1954 5597 2120 5634 unmu

528 5662 804 5719 habebant
827 5667 1064 5724 cubitum
1093 5687 1157 5726 ac
1185 5672 1469 5727 semissem
1494 5672 1867 5743 amplitudinis
1895 5672 1949 5726 in
1972 5688 2121 5728 sum-

523 5755 722 5822 ,tnitate
749 5759 856 5828 sui,
881 5759 974 5819 ubi
999 5763 1208 5822 luteres
1245 5765 1594 5838 reciperent:
1629 5766 1759 5838 quia
1797 5766 1901 5839 ipsi
1928 5766 2118 5823 docto.

2246 3262 2400 3331 Quod
2432 3277 2561 3317 vero
2585 3259 2871 3329 sequitur:
2909 3275 2928 3308 ι
2957 3257 3196 3326 Eratque
3218 3267 3454 3325 quatuor
3475 3255 3850 3320 cubitorum,»

2245 3356 2359 3412 sive
2382 3356 2435 3410 in
2469 3353 2772 3418 altitudine,
2805 3351 2918 3406 sive
2965 3351 3018 3404 in
3046 3349 3348 3410 latitudine,
3393 3349 3521 3418 quid
3567 3349 3857 3418 significet

2245 3447 2552 3503 intellectus
2594 3444 2857 3516 mysterii,
2908 3443 2960 3498 in
3011 3451 3264 3513 promptu
3305 3451 3388 3496 est
3438 3459 3450 3495 :
3487 3441 3652 3496 Luter
3689 3444 3854 3497 enim

2243 3555 2384 3595 unus
2425 3546 2660 3608 quatuor
2705 3545 2824 3591 erat
2883 3536 3212 3599 cubitorum,
3259 3533 3344 3589 vel
3397 3543 3615 3605 preptcr
3661 3536 3853 3589 sancti

2240 3633 2519 3706 Evangelii
2564 3633 2751 3694 libros,
2810 3632 2862 3686 in
2909 3631 3106 3701 quibus
3153 3629 3326 3685 forma
3378 3630 3535 3686 nobis
3575 3628 3850 3699 baptismi

2240 3726 2461 3797 pnelixa
2495 3732 2598 3789 est,
2633 3721 2717 3776 vel
2750 3732 2973 3794 preptcr
2996 3729 3227 3790 quatuor
3249 3720 3553 3775 cardinales
3577 3719 3851 3786 virtutes,

2239 3816 2436 3886 quibus
2471 3814 2705 3885 quisque
2736 3811 2932 3877 fidelis,
2961 3811 3007 3866 si
3039 3827 3144 3865 non
3179 3811 3381 3866 frustra
3411 3809 3581 3865 fidelis
3602 3818 3708 3873 est,
3745 3810 3852 3864 de-

2239 3909 2330 3964 bet
2353 3907 2584 3973 institui,
2617 3905 2701 3959 vel
2735 3912 2885 3958 certe
2911 3913 3132 3973 propter
3157 3911 3390 3973 quatuor
3412 3901 3589 3956 mundi
3619 3899 3850 3971 plagas,

2237 4001 2438 4072 quibus
2483 3999 2761 4052 lavacrum
2810 3995 3002 4050 salutis
3031 3994 3394 4059 ministratur,
3436 3993 3650 4048 dicente
3677 3991 3850 4049 Psal-

2238 4091 2558 4164 mographo,
2593 4108 2609 4140 ι
2647 4089 2796 4156 Quos
2830 4087 3062 4142 redemit
3090 4088 3155 4142 de
3189 4086 3504 4157 regionibus
3528 4100 3847 4157 congregar

2236 4186 2312 4240 vit
2349 4201 2460 4248 eos,
2502 4200 2534 4238 a
2560 4182 2691 4238 solis
2719 4189 2842 4236 ortu
2872 4189 2928 4235 et
2974 4194 3190 4245 occasu,
3221 4179 3289 4234 ab
3331 4178 3581 4248 aquilone
3607 4187 3665 4233 et
3693 4181 3849 4235 mari

2233 4277 2355 4352 (Ps.
2387 4278 2518 4346 cvi).
2568 4298 2586 4330 ›
2627 4275 2780 4343 Quod
2814 4290 2944 4330 vero
2975 4289 3137 4345 supra
3171 4273 3346 4329 dixit:
3383 4273 3701 4345 pariterque
3745 4275 3847 4329 lia-

2231 4372 2393 4427 bebat
2415 4385 2581 4424 unum
2612 4368 2873 4433 cubitum,
2913 4375 2969 4422 et
3004 4379 3181 4435 neque
3217 4365 3308 4421 ubi
3353 4364 3726 4429 altitudinem,
3775 4382 3842 4420 an

2236 4463 2642 4535 amplitudinem
2680 4461 3015 4532 significaret
3052 4457 3271 4528 adjecit,
3295 4457 3512 4512 videtur
3551 4456 3683 4525 quia
3718 4457 3843 4512 filii-

2235 4557 2361 4611 dum
2395 4553 2565 4622 ipsius
2597 4551 2786 4606 luteris
2809 4549 2970 4605 unius
3017 4564 3139 4604 esse
3185 4546 3557 4618 amplitudinis
3593 4546 3844 4602 voluerit

2233 4647 2478 4719 intelligi,
2510 4662 2630 4716 qua:
2659 4653 2838 4700 autem
2881 4653 2966 4700 est
3009 4657 3265 4698 mensura
3299 4641 3426 4713 (nisi
3467 4640 3646 4705 fallor)
3687 4642 3839 4696 basis

2231 4738 2286 4793 in
2315 4754 2418 4808 qua
2443 4737 2651 4807 positus
2677 4743 2796 4790 erat
2817 4735 3044 4805 quisque
3068 4732 3209 4787 luter
3230 4730 3486 4787 facillime
3512 4729 3837 4799 conjicitur,

2229 4845 2349 4898 qua:
2390 4828 2462 4880 ita
2501 4825 2828 4881 describitur
2865 4843 2878 4880 :
2919 4843 2937 4876 ι
2987 4823 3044 4878 ιιι
3095 4823 3408 4878 summitate
3458 4831 3636 4876 autem
3685 4823 3839 4879 basis

2227 4931 2350 4975 erat
2376 4919 2624 4990 quicdam
2674 4917 2975 4972 rotunditas
3018 4915 3177 4970 unius
3204 4924 3259 4970 et
3286 4915 3493 4968 dimidii
3530 4913 3727 4980 cubiti,
3763 4918 3835 4970 ita

2233 5011 2529 5066 fabrefacta
2574 5017 2634 5062 ut
2679 5008 2821 5062 luter
2852 5007 3085 5077 desuper
3111 5013 3295 5074 posset
3343 5004 3569 5072 imponi,
3620 5003 3837 5060 habens

2229 5106 2515 5170 caelaturas
2562 5118 2690 5159 suas
2735 5102 3024 5172 variasque
3053 5098 3359 5170 sculpturas
3407 5112 3475 5151 ex
3507 5097 3831 5166 semetipsa.

2232 5196 2474 5267 Sculpsit
2501 5208 2717 5266 quoque
2745 5193 2798 5246 in
2831 5191 3086 5246 tabulatis
3112 5190 3239 5255 illis,
3273 5204 3392 5258 qua:
3420 5196 3579 5243 erant
3620 5202 3691 5240 ex
3725 5203 3836 5242 ιρι-ε

2230 5305 2282 5353 ει
2307 5309 2436 5359 :ere,
2462 5301 2518 5346 et
2558 5293 2612 5346 in
2641 5288 2853 5360 angulis
2878 5284 3164 5342 cherubim
3191 5293 3246 5338 et
3275 5281 3459 5336 leones
3491 5289 3546 5334 et
3577 5278 3794 5350 palmas
3815 5320 3829 5342 ,

2239 5388 2390 5460 quasi
2414 5386 2470 5440 in
2496 5383 2902 5440 similitudinem
2942 5377 3139 5433 stantis
3185 5373 3439 5438 hominis,
3489 5381 3546 5426 ut
3579 5387 3687 5424 non
3719 5389 3829 5425 cm-

2213 5485 2364 5549 .lata,
2391 5481 2484 5537 sed
2515 5479 2757 5550 apposita
2783 5491 2880 5546 per
2900 5472 3189 5530 circuitum
3213 5469 3546 5524 viderentur.
3581 5464 3638 5518 lu
3681 5463 3832 5517 hunc

2233 5577 2450 5631 modum
2482 5572 2610 5627 fecit
2636 5573 2822 5626 decem
2853 5569 3009 5622 bases
3053 5563 3240 5619 fusura
3288 5575 3416 5624 una,
3463 5566 3517 5614 et
3567 5570 3830 5611 mensura

2230 5671 2616 5739 sculpturaque
2648 5660 2939 5718 consimili.
2969 5657 3122 5712 Fecit
3148 5667 3363 5724 quoque
3404 5651 3594 5705 decem
3623 5647 3830 5700 lutercs

2228 5774 2430 5818 amcos.
2458 5755 2832 5828 Quadraginta
2853 5752 3009 5808 batos
3037 5746 3289 5819 capiebat
3307 5743 3452 5800 luter
3480 5754 3645 5805 unus,
3677 5745 3830 5794 erat-
