  <div class='ocr_page' id='page_1' title='image "/cluster/home/n/w/nwhite01/storage/ocr_20150623/115/hvd.32044015466873/228.png"; bbox 0 0 4044 6336; ppageno 0'>
   <div class='ocr_carea' id='block_1_1' title="bbox 123 389 236 450">
    <p class='ocr_par' dir='ltr' id='par_1_1' title="bbox 123 389 236 450">
     <span class='ocr_line' id='line_1_1' title="bbox 123 389 236 450; baseline 0.035 -5"><span class='ocrx_word' id='word_1_1' title='bbox 123 389 236 450; x_wconf 73' lang='grc'><strong>449</strong></span> 
     </span>
    </p>
   </div>
   <div class='ocr_carea' id='block_1_2' title="bbox 1037 375 2546 462">
    <p class='ocr_par' dir='ltr' id='par_1_2' title="bbox 1037 375 2546 462">
     <span class='ocr_line' id='line_1_2' title="bbox 1037 375 2546 462; baseline -0.005 -21"><span class='ocrx_word' id='word_1_2' title='bbox 1037 379 1310 442; x_wconf 78' lang='lat' dir='ltr'><strong>.ENARR.</strong></span> <span class='ocrx_word' id='word_1_3' title='bbox 1353 377 1420 434; x_wconf 84' lang='lat' dir='ltr'><strong>IN</strong></span> <span class='ocrx_word' id='word_1_4' title='bbox 1459 377 1708 436; x_wconf 82' lang='lat' dir='ltr'><strong>LIBROS</strong></span> <span class='ocrx_word' id='word_1_5' title='bbox 1749 375 2012 434; x_wconf 80' lang='lat' dir='ltr'><strong>REGUM.</strong></span> <span class='ocrx_word' id='word_1_6' title='bbox 2049 407 2122 420; x_wconf 86' lang='lat'><strong>—-</strong></span> <span class='ocrx_word' id='word_1_7' title='bbox 2155 375 2226 434; x_wconf 81' lang='grc' dir='ltr'><strong>ΙΝ</strong></span> <span class='ocrx_word' id='word_1_8' title='bbox 2261 375 2392 434; x_wconf 82' lang='lat' dir='ltr'><strong>LIB.</strong></span> <span class='ocrx_word' id='word_1_9' title='bbox 2431 375 2546 462; x_wconf 81' lang='lat' dir='ltr'><strong>llI._</strong></span> 
     </span>
    </p>
   </div>
   <div class='ocr_carea' id='block_1_3' title="bbox 3303 379 3408 438">
    <p class='ocr_par' dir='ltr' id='par_1_3' title="bbox 3303 379 3408 438">
     <span class='ocr_line' id='line_1_3' title="bbox 3303 379 3408 438; baseline 0.038 -5"><span class='ocrx_word' id='word_1_10' title='bbox 3303 379 3334 434; x_wconf 66' lang='grc'><strong>4</strong></span> <span class='ocrx_word' id='word_1_11' title='bbox 3342 379 3408 438; x_wconf 59' lang='grc' dir='ltr'><strong>ἔνο</strong></span> 
     </span>
    </p>
   </div>
   <div class='ocr_carea' id='block_1_4' title="bbox 123 487 3407 574">
    <p class='ocr_par' dir='ltr' id='par_1_4' title="bbox 123 487 3407 574">
     <span class='ocr_line' id='line_1_4' title="bbox 123 487 3407 574; baseline -0.004 -16"><span class='ocrx_word' id='word_1_12' title='bbox 123 515 238 574; x_wconf 86' lang='lat' dir='ltr'><strong>que</strong></span> <span class='ocrx_word' id='word_1_13' title='bbox 261 505 494 572; x_wconf 98' lang='lat' dir='ltr'><strong>quatuor</strong></span> <span class='ocrx_word' id='word_1_14' title='bbox 511 495 840 562; x_wconf 79' lang='lat' dir='ltr'><strong>cubitorum,</strong></span> <span class='ocrx_word' id='word_1_15' title='bbox 891 513 910 546; x_wconf 76' lang='grc' dir='ltr'><strong><em>ι</em></strong></span> <span class='ocrx_word' id='word_1_16' title='bbox 941 499 996 550; x_wconf 91' lang='lat' dir='ltr'><strong>et</strong></span> <span class='ocrx_word' id='word_1_17' title='bbox 1023 491 1254 562; x_wconf 86' lang='lat' dir='ltr'><strong>reliqua.</strong></span> <span class='ocrx_word' id='word_1_18' title='bbox 1293 490 1546 545; x_wconf 84' lang='lat' dir='ltr'><strong>Latitudo</strong></span> <span class='ocrx_word' id='word_1_19' title='bbox 1589 503 1718 560; x_wconf 85' lang='lat' dir='ltr'><strong>ergo</strong></span> <span class='ocrx_word' id='word_1_20' title='bbox 1749 492 1798 552; x_wconf 82' lang='grc' dir='ltr'>Α</span> <span class='ocrx_word' id='word_1_21' title='bbox 1825 503 1933 558; x_wconf 89' lang='lat' dir='ltr'><strong>quo</strong></span> <span class='ocrx_word' id='word_1_22' title='bbox 1947 487 2196 544; x_wconf 89' lang='lat' dir='ltr'><strong>videlicet</strong></span> <span class='ocrx_word' id='word_1_23' title='bbox 2215 487 2734 554; x_wconf 88' lang='lat' dir='ltr'><strong>ﬂumine,Dominus</strong></span> <span class='ocrx_word' id='word_1_24' title='bbox 2751 489 3407 562; x_wconf 81' lang='lat' dir='ltr'><strong>nosterbaptizaridigna-</strong></span> 
     </span>
    </p>
   </div>
   <div class='ocr_carea' id='block_1_5' title="bbox 124 583 1716 654">
    <p class='ocr_par' dir='ltr' id='par_1_5' title="bbox 124 583 1716 654">
     <span class='ocr_line' id='line_1_5' title="bbox 124 583 1716 654; baseline -0.011 0"><span class='ocrx_word' id='word_1_25' title='bbox 124 597 280 654; x_wconf 79' lang='lat' dir='ltr'><strong>fundi</strong></span> <span class='ocrx_word' id='word_1_26' title='bbox 305 595 360 652; x_wconf 89' lang='lat' dir='ltr'><strong>in</strong></span> <span class='ocrx_word' id='word_1_27' title='bbox 377 593 640 650; x_wconf 87' lang='lat' dir='ltr'><strong>luteribus</strong></span> <span class='ocrx_word' id='word_1_28' title='bbox 673 589 836 644; x_wconf 90' lang='lat' dir='ltr'><strong>unius</strong></span> <span class='ocrx_word' id='word_1_29' title='bbox 880 595 998 644; x_wconf 87' lang='lat' dir='ltr'><strong>erat</strong></span> <span class='ocrx_word' id='word_1_30' title='bbox 1049 585 1214 640; x_wconf 90' lang='lat' dir='ltr'><strong>cubiti</strong></span> <span class='ocrx_word' id='word_1_31' title='bbox 1245 593 1300 640; x_wconf 90' lang='lat' dir='ltr'><strong>et</strong></span> <span class='ocrx_word' id='word_1_32' title='bbox 1335 583 1564 648; x_wconf 84' lang='lat' dir='ltr'><strong>dimidii,</strong></span> <span class='ocrx_word' id='word_1_33' title='bbox 1601 583 1716 652; x_wconf 89' lang='lat' dir='ltr'><strong>ipsa</strong></span> 
     </span>
    </p>
   </div>
   <div class='ocr_carea' id='block_1_6' title="bbox 123 675 1716 760">
    <p class='ocr_par' dir='ltr' id='par_1_6' title="bbox 123 675 1716 760">
     <span class='ocr_line' id='line_1_6' title="bbox 123 675 1716 760; baseline -0.011 -14"><span class='ocrx_word' id='word_1_34' title='bbox 123 705 264 746; x_wconf 87' lang='lat' dir='ltr'><strong>vero</strong></span> <span class='ocrx_word' id='word_1_35' title='bbox 309 687 583 760; x_wconf 90' lang='lat' dir='ltr'><strong>capacitas</strong></span> <span class='ocrx_word' id='word_1_36' title='bbox 631 683 874 738; x_wconf 88' lang='lat' dir='ltr'><strong>luterum</strong></span> <span class='ocrx_word' id='word_1_37' title='bbox 925 685 1160 749; x_wconf 78' lang='lat' dir='ltr'><strong>quatuor</strong></span> <span class='ocrx_word' id='word_1_38' title='bbox 1205 677 1438 732; x_wconf 89' lang='lat' dir='ltr'><strong>habebat</strong></span> <span class='ocrx_word' id='word_1_39' title='bbox 1487 675 1716 730; x_wconf 86' lang='lat' dir='ltr'><strong>cubitus.</strong></span> 
     </span>
    </p>
   </div>
   <div class='ocr_carea' id='block_1_7' title="bbox 83 759 1720 837">
    <p class='ocr_par' dir='ltr' id='par_1_7' title="bbox 83 759 1720 837">
     <span class='ocr_line' id='line_1_7' title="bbox 83 759 1720 837; baseline -0.013 1"><span class='ocrx_word' id='word_1_40' title='bbox 83 759 86 762; x_wconf 22' lang='lat' dir='ltr'><strong>l</strong></span> <span class='ocrx_word' id='word_1_41' title='bbox 127 779 240 837; x_wconf 88' lang='lat' dir='ltr'><strong>Sed</strong></span> <span class='ocrx_word' id='word_1_42' title='bbox 269 759 448 834; x_wconf 88' lang='lat' dir='ltr'><strong>utrum</strong></span> <span class='ocrx_word' id='word_1_43' title='bbox 489 777 544 832; x_wconf 92' lang='lat' dir='ltr'><strong>in</strong></span> <span class='ocrx_word' id='word_1_44' title='bbox 587 773 890 832; x_wconf 75' lang='lat' dir='ltr'><strong>altitudine,</strong></span> <span class='ocrx_word' id='word_1_45' title='bbox 923 785 992 822; x_wconf 83' lang='lat' dir='ltr'><strong>an</strong></span> <span class='ocrx_word' id='word_1_46' title='bbox 1029 767 1082 820; x_wconf 90' lang='lat' dir='ltr'><strong>in</strong></span> <span class='ocrx_word' id='word_1_47' title='bbox 1133 763 1506 836; x_wconf 88' lang='lat' dir='ltr'><strong>amplitudine,</strong></span> <span class='ocrx_word' id='word_1_48' title='bbox 1554 779 1620 818; x_wconf 90' lang='lat' dir='ltr'><strong>an</strong></span> <span class='ocrx_word' id='word_1_49' title='bbox 1663 763 1720 818; x_wconf 91' lang='lat' dir='ltr'><strong>in</strong></span> 
     </span>
    </p>
   </div>
   <div class='ocr_carea' id='block_1_8' title="bbox 83 5539 100 5574">
    <p class='ocr_par' dir='ltr' id='par_1_8' title="bbox 83 5539 100 5574">
     <span class='ocr_line' id='line_1_8' title="bbox 83 5539 100 5574; baseline 0 0"><span class='ocrx_word' id='word_1_50' title='bbox 83 5539 100 5574; x_wconf 71' lang='grc' dir='ltr'><strong>ι</strong></span> 
     </span>
    </p>
   </div>
   <div class='ocr_carea' id='block_1_9' title="bbox 125 861 984 944">
    <p class='ocr_par' dir='ltr' id='par_1_9' title="bbox 125 861 984 944">
     <span class='ocr_line' id='line_1_9' title="bbox 125 861 984 944; baseline -0.015 -15"><span class='ocrx_word' id='word_1_51' title='bbox 125 881 363 944; x_wconf 87' lang='lat' dir='ltr'><strong>utroque</strong></span> <span class='ocrx_word' id='word_1_52' title='bbox 387 871 550 936; x_wconf 87' lang='lat' dir='ltr'><strong>dicat,</strong></span> <span class='ocrx_word' id='word_1_53' title='bbox 581 867 702 938; x_wconf 88' lang='lat' dir='ltr'><strong>quis</strong></span> <span class='ocrx_word' id='word_1_54' title='bbox 734 861 984 920; x_wconf 86' lang='lat' dir='ltr'><strong>noverit?</strong></span> 
     </span>
    </p>
   </div>
   <div class='ocr_carea' id='block_1_10' title="bbox 201 995 1720 1070">
    <p class='ocr_par' dir='ltr' id='par_1_10' title="bbox 201 995 1720 1070">
     <span class='ocr_line' id='line_1_10' title="bbox 201 995 1720 1070; baseline -0.013 -6"><span class='ocrx_word' id='word_1_55' title='bbox 201 1027 222 1062; x_wconf 71' lang='grc' dir='ltr'>ι</span> <span class='ocrx_word' id='word_1_56' title='bbox 267 1007 338 1063; x_wconf 86' lang='lat' dir='ltr'><strong>Et</strong></span> <span class='ocrx_word' id='word_1_57' title='bbox 359 1005 642 1062; x_wconf 86' lang='lat' dir='ltr'><strong>constituit</strong></span> <span class='ocrx_word' id='word_1_58' title='bbox 662 1003 852 1058; x_wconf 87' lang='lat' dir='ltr'><strong>decem</strong></span> <span class='ocrx_word' id='word_1_59' title='bbox 873 1001 1056 1066; x_wconf 87' lang='lat' dir='ltr'><strong>bases,</strong></span> <span class='ocrx_word' id='word_1_60' title='bbox 1077 999 1320 1070; x_wconf 88' lang='lat' dir='ltr'><strong>quinque</strong></span> <span class='ocrx_word' id='word_1_61' title='bbox 1341 996 1410 1052; x_wconf 87' lang='lat' dir='ltr'><strong>ad</strong></span> <span class='ocrx_word' id='word_1_62' title='bbox 1431 995 1720 1052; x_wconf 81' lang='lat' dir='ltr'><strong>dexteram</strong></span> 
     </span>
    </p>
   </div>
   <div class='ocr_carea' id='block_1_11' title="bbox 131 1086 1720 1172">
    <p class='ocr_par' dir='ltr' id='par_1_11' title="bbox 131 1086 1720 1172">
     <span class='ocr_line' id='line_1_11' title="bbox 131 1086 1720 1172; baseline -0.009 -18"><span class='ocrx_word' id='word_1_63' title='bbox 131 1121 152 1154; x_wconf 72' lang='grc' dir='ltr'><strong>ε</strong></span> <span class='ocrx_word' id='word_1_64' title='bbox 185 1109 406 1172; x_wconf 88' lang='lat' dir='ltr'><strong>partem</strong></span> <span class='ocrx_word' id='word_1_65' title='bbox 431 1097 640 1168; x_wconf 87' lang='lat' dir='ltr'><strong>templi,</strong></span> <span class='ocrx_word' id='word_1_66' title='bbox 663 1103 720 1150; x_wconf 88' lang='lat' dir='ltr'><strong>et</strong></span> <span class='ocrx_word' id='word_1_67' title='bbox 745 1095 986 1166; x_wconf 86' lang='lat' dir='ltr'><strong>quinque</strong></span> <span class='ocrx_word' id='word_1_68' title='bbox 1009 1094 1078 1148; x_wconf 86' lang='lat' dir='ltr'><strong>ad</strong></span> <span class='ocrx_word' id='word_1_69' title='bbox 1115 1093 1416 1148; x_wconf 88' lang='lat' dir='ltr'><strong>sinistram.</strong></span> <span class='ocrx_word' id='word_1_70' title='bbox 1457 1107 1476 1140; x_wconf 74' lang='grc' dir='ltr'><strong><em>ι</em></strong></span> <span class='ocrx_word' id='word_1_71' title='bbox 1515 1086 1720 1141; x_wconf 82' lang='lat' dir='ltr'><strong>Dexte-</strong></span> 
     </span>
    </p>
   </div>
   <div class='ocr_carea' id='block_1_12' title="bbox 127 1177 1718 1262">
    <p class='ocr_par' dir='ltr' id='par_1_12' title="bbox 127 1177 1718 1262">
     <span class='ocr_line' id='line_1_12' title="bbox 127 1177 1718 1262; baseline -0.011 -13"><span class='ocrx_word' id='word_1_72' title='bbox 127 1210 242 1250; x_wconf 88' lang='lat' dir='ltr'><strong>ram</strong></span> <span class='ocrx_word' id='word_1_73' title='bbox 287 1199 498 1262; x_wconf 89' lang='lat' dir='ltr'><strong>partem</strong></span> <span class='ocrx_word' id='word_1_74' title='bbox 549 1187 732 1259; x_wconf 85' lang='lat' dir='ltr'><strong>templi</strong></span> <span class='ocrx_word' id='word_1_75' title='bbox 765 1197 822 1242; x_wconf 92' lang='lat' dir='ltr'><strong>et</strong></span> <span class='ocrx_word' id='word_1_76' title='bbox 861 1185 1166 1250; x_wconf 83' lang='lat' dir='ltr'><strong>sinistram,</strong></span> <span class='ocrx_word' id='word_1_77' title='bbox 1191 1199 1298 1238; x_wconf 91' lang='lat' dir='ltr'><strong>non</strong></span> <span class='ocrx_word' id='word_1_78' title='bbox 1331 1181 1466 1236; x_wconf 90' lang='lat' dir='ltr'><strong>istos</strong></span> <span class='ocrx_word' id='word_1_79' title='bbox 1513 1179 1566 1234; x_wconf 90' lang='lat' dir='ltr'><strong>in</strong></span> <span class='ocrx_word' id='word_1_80' title='bbox 1599 1177 1718 1247; x_wconf 88' lang='lat' dir='ltr'><strong>ipso</strong></span> 
     </span>
    </p>
   </div>
   <div class='ocr_carea' id='block_1_13' title="bbox 123 1271 1716 1356">
    <p class='ocr_par' dir='ltr' id='par_1_13' title="bbox 123 1271 1716 1356">
     <span class='ocr_line' id='line_1_13' title="bbox 123 1271 1716 1356; baseline -0.011 -14"><span class='ocrx_word' id='word_1_81' title='bbox 123 1287 360 1356; x_wconf 85' lang='lat' dir='ltr'><strong>templo,</strong></span> <span class='ocrx_word' id='word_1_82' title='bbox 391 1285 486 1340; x_wconf 89' lang='lat' dir='ltr'><strong>sed</strong></span> <span class='ocrx_word' id='word_1_83' title='bbox 515 1291 642 1338; x_wconf 86' lang='lat' dir='ltr'><strong>ante</strong></span> <span class='ocrx_word' id='word_1_84' title='bbox 691 1279 948 1350; x_wconf 87' lang='lat' dir='ltr'><strong>templum</strong></span> <span class='ocrx_word' id='word_1_85' title='bbox 979 1279 1184 1334; x_wconf 88' lang='lat' dir='ltr'><strong>dicitur</strong></span> <span class='ocrx_word' id='word_1_86' title='bbox 1227 1295 1240 1331; x_wconf 91' lang='lat'>:</span> <span class='ocrx_word' id='word_1_87' title='bbox 1277 1275 1343 1330; x_wconf 89' lang='lat' dir='ltr'><strong>ad</strong></span> <span class='ocrx_word' id='word_1_88' title='bbox 1391 1271 1716 1330; x_wconf 84' lang='lat' dir='ltr'><strong>orientalem</strong></span> 
     </span>
    </p>
   </div>
   <div class='ocr_carea' id='block_1_14' title="bbox 121 1365 1714 1450">
    <p class='ocr_par' dir='ltr' id='par_1_14' title="bbox 121 1365 1714 1450">
     <span class='ocr_line' id='line_1_14' title="bbox 121 1365 1714 1450; baseline -0.009 -17"><span class='ocrx_word' id='word_1_89' title='bbox 121 1379 342 1450; x_wconf 80' lang='lat' dir='ltr'><strong>plagam</strong></span> <span class='ocrx_word' id='word_1_90' title='bbox 369 1375 634 1442; x_wconf 83' lang='lat' dir='ltr'><strong>videlicet,</strong></span> <span class='ocrx_word' id='word_1_91' title='bbox 659 1373 715 1428; x_wconf 91' lang='lat' dir='ltr'><strong>in</strong></span> <span class='ocrx_word' id='word_1_92' title='bbox 737 1373 880 1428; x_wconf 86' lang='lat' dir='ltr'><strong>atrio</strong></span> <span class='ocrx_word' id='word_1_93' title='bbox 903 1369 1154 1434; x_wconf 82' lang='lat' dir='ltr'><strong>introire,</strong></span> <span class='ocrx_word' id='word_1_94' title='bbox 1185 1367 1330 1440; x_wconf 89' lang='lat' dir='ltr'><strong>quod</strong></span> <span class='ocrx_word' id='word_1_95' title='bbox 1361 1365 1714 1422; x_wconf 81' lang='lat' dir='ltr'><strong>sacerdotum</strong></span> 
     </span>
    </p>
   </div>
   <div class='ocr_carea' id='block_1_15' title="bbox 123 1457 1716 1543">
    <p class='ocr_par' dir='ltr' id='par_1_15' title="bbox 123 1457 1716 1543">
     <span class='ocr_line' id='line_1_15' title="bbox 123 1457 1716 1543; baseline -0.013 -16"><span class='ocrx_word' id='word_1_96' title='bbox 123 1471 348 1543; x_wconf 82' lang='lat' dir='ltr'><strong>proprie</strong></span> <span class='ocrx_word' id='word_1_97' title='bbox 393 1467 716 1524; x_wconf 77' lang='lat' dir='ltr'><strong>vocabatur.</strong></span> <span class='ocrx_word' id='word_1_98' title='bbox 775 1462 844 1518; x_wconf 89' lang='lat' dir='ltr'><strong>Ut</strong></span> <span class='ocrx_word' id='word_1_99' title='bbox 884 1471 1066 1518; x_wconf 89' lang='lat' dir='ltr'><strong>autem</strong></span> <span class='ocrx_word' id='word_1_100' title='bbox 1107 1459 1292 1530; x_wconf 88' lang='lat' dir='ltr'><strong>posuit</strong></span> <span class='ocrx_word' id='word_1_101' title='bbox 1337 1457 1406 1512; x_wconf 90' lang='lat' dir='ltr'><strong>ad</strong></span> <span class='ocrx_word' id='word_1_102' title='bbox 1435 1457 1716 1512; x_wconf 84' lang='lat' dir='ltr'><strong>dexteram</strong></span> 
     </span>
    </p>
   </div>
   <div class='ocr_carea' id='block_1_16' title="bbox 123 1547 1716 1636">
    <p class='ocr_par' dir='ltr' id='par_1_16' title="bbox 123 1547 1716 1636">
     <span class='ocr_line' id='line_1_16' title="bbox 123 1547 1716 1636; baseline -0.013 -16"><span class='ocrx_word' id='word_1_103' title='bbox 123 1573 338 1636; x_wconf 86' lang='lat' dir='ltr'><strong>partem</strong></span> <span class='ocrx_word' id='word_1_104' title='bbox 367 1559 572 1630; x_wconf 84' lang='lat' dir='ltr'><strong>templi,</strong></span> <span class='ocrx_word' id='word_1_105' title='bbox 599 1565 820 1629; x_wconf 86' lang='lat' dir='ltr'><strong>propter</strong></span> <span class='ocrx_word' id='word_1_106' title='bbox 845 1553 1064 1610; x_wconf 79' lang='lat' dir='ltr'><strong>Judaeos</strong></span> <span class='ocrx_word' id='word_1_107' title='bbox 1091 1552 1186 1622; x_wconf 88' lang='lat' dir='ltr'><strong>qui</strong></span> <span class='ocrx_word' id='word_1_108' title='bbox 1229 1549 1342 1606; x_wconf 89' lang='lat' dir='ltr'><strong>sole</strong></span> <span class='ocrx_word' id='word_1_109' title='bbox 1367 1547 1592 1620; x_wconf 81' lang='lat' dir='ltr'><strong>iustitiae</strong></span> <span class='ocrx_word' id='word_1_110' title='bbox 1619 1561 1716 1616; x_wconf 90' lang='lat' dir='ltr'><strong>per</strong></span> 
     </span>
    </p>
   </div>
   <div class='ocr_carea' id='block_1_17' title="bbox 123 1639 1716 1724">
    <p class='ocr_par' dir='ltr' id='par_1_17' title="bbox 123 1639 1716 1724">
     <span class='ocr_line' id='line_1_17' title="bbox 123 1639 1716 1724; baseline -0.012 -11"><span class='ocrx_word' id='word_1_111' title='bbox 123 1657 430 1714; x_wconf 84' lang='lat' dir='ltr'><strong>doctrinam</strong></span> <span class='ocrx_word' id='word_1_112' title='bbox 461 1653 596 1724; x_wconf 88' lang='lat' dir='ltr'><strong>legis</strong></span> <span class='ocrx_word' id='word_1_113' title='bbox 634 1649 934 1720; x_wconf 89' lang='lat' dir='ltr'><strong>antiquitus</strong></span> <span class='ocrx_word' id='word_1_114' title='bbox 959 1647 1036 1702; x_wconf 86' lang='lat' dir='ltr'><strong>uti</strong></span> <span class='ocrx_word' id='word_1_115' title='bbox 1063 1645 1330 1702; x_wconf 83' lang='lat' dir='ltr'><strong>solebant.</strong></span> <span class='ocrx_word' id='word_1_116' title='bbox 1379 1641 1446 1696; x_wconf 85' lang='lat' dir='ltr'><strong>Et</strong></span> <span class='ocrx_word' id='word_1_117' title='bbox 1475 1639 1716 1711; x_wconf 88' lang='lat' dir='ltr'><strong>quinque</strong></span> 
     </span>
    </p>
   </div>
   <div class='ocr_carea' id='block_1_18' title="bbox 123 1731 1716 1816">
    <p class='ocr_par' dir='ltr' id='par_1_18' title="bbox 123 1731 1716 1816">
     <span class='ocr_line' id='line_1_18' title="bbox 123 1731 1716 1816; baseline -0.011 -12"><span class='ocrx_word' id='word_1_118' title='bbox 123 1749 190 1804; x_wconf 88' lang='lat' dir='ltr'><strong>ad</strong></span> <span class='ocrx_word' id='word_1_119' title='bbox 235 1749 544 1812; x_wconf 88' lang='lat' dir='ltr'><strong>sinistram,</strong></span> <span class='ocrx_word' id='word_1_120' title='bbox 575 1752 800 1816; x_wconf 88' lang='lat' dir='ltr'><strong>propter</strong></span> <span class='ocrx_word' id='word_1_121' title='bbox 825 1755 928 1796; x_wconf 89' lang='lat' dir='ltr'><strong>nos</strong></span> <span class='ocrx_word' id='word_1_122' title='bbox 969 1739 1062 1809; x_wconf 91' lang='lat' dir='ltr'><strong>qui</strong></span> <span class='ocrx_word' id='word_1_123' title='bbox 1109 1751 1254 1792; x_wconf 64' lang='lat' dir='ltr'><strong>caeco</strong></span> <span class='ocrx_word' id='word_1_124' title='bbox 1303 1733 1508 1792; x_wconf 83' lang='lat' dir='ltr'><strong>diutius</strong></span> <span class='ocrx_word' id='word_1_125' title='bbox 1551 1731 1716 1786; x_wconf 91' lang='lat' dir='ltr'><strong>corde</strong></span> 
     </span>
    </p>
   </div>
   <div class='ocr_carea' id='block_1_19' title="bbox 123 1823 1710 1902">
    <p class='ocr_par' dir='ltr' id='par_1_19' title="bbox 123 1823 1710 1902">
     <span class='ocr_line' id='line_1_19' title="bbox 123 1823 1710 1902; baseline -0.014 -2"><span class='ocrx_word' id='word_1_126' title='bbox 123 1841 378 1900; x_wconf 70' lang='lat' dir='ltr'><strong>servituti</strong></span> <span class='ocrx_word' id='word_1_127' title='bbox 407 1837 818 1894; x_wconf 70' lang='lat' dir='ltr'><strong>adhmrebamus</strong></span> <span class='ocrx_word' id='word_1_128' title='bbox 860 1831 976 1902; x_wconf 84' lang='lat' dir='ltr'><strong>eius</strong></span> <span class='ocrx_word' id='word_1_129' title='bbox 1005 1831 1097 1902; x_wconf 91' lang='lat' dir='ltr'><strong>qui</strong></span> <span class='ocrx_word' id='word_1_130' title='bbox 1125 1831 1204 1884; x_wconf 88' lang='lat' dir='ltr'><strong>ait</strong></span> <span class='ocrx_word' id='word_1_131' title='bbox 1235 1847 1246 1884; x_wconf 94' lang='lat'>:</span> <span class='ocrx_word' id='word_1_132' title='bbox 1283 1828 1486 1884; x_wconf 86' lang='lat' dir='ltr'><strong>Ponam</strong></span> <span class='ocrx_word' id='word_1_133' title='bbox 1525 1823 1710 1880; x_wconf 88' lang='lat' dir='ltr'><strong>sedem</strong></span> 
     </span>
    </p>
   </div>
   <div class='ocr_carea' id='block_1_20' title="bbox 123 1913 1714 2002">
    <p class='ocr_par' dir='ltr' id='par_1_20' title="bbox 123 1913 1714 2002">
     <span class='ocr_line' id='line_1_20' title="bbox 123 1913 1714 2002; baseline -0.014 -12"><span class='ocrx_word' id='word_1_134' title='bbox 123 1949 302 1990; x_wconf 88' lang='lat' dir='ltr'><strong>meam</strong></span> <span class='ocrx_word' id='word_1_135' title='bbox 349 1933 418 1986; x_wconf 85' lang='lat' dir='ltr'><strong>ad</strong></span> <span class='ocrx_word' id='word_1_136' title='bbox 445 1929 776 2002; x_wconf 86' lang='lat' dir='ltr'><strong>aquilonem,</strong></span> <span class='ocrx_word' id='word_1_137' title='bbox 805 1924 948 1996; x_wconf 91' lang='lat' dir='ltr'><strong>quod</strong></span> <span class='ocrx_word' id='word_1_138' title='bbox 973 1932 1056 1978; x_wconf 91' lang='lat' dir='ltr'><strong>est</strong></span> <span class='ocrx_word' id='word_1_139' title='bbox 1081 1927 1268 1992; x_wconf 88' lang='lat' dir='ltr'><strong>aperte</strong></span> <span class='ocrx_word' id='word_1_140' title='bbox 1299 1917 1500 1980; x_wconf 87' lang='lat' dir='ltr'><strong>dicere,</strong></span> <span class='ocrx_word' id='word_1_141' title='bbox 1529 1913 1714 1970; x_wconf 86' lang='lat' dir='ltr'><strong>illis&#39;in</strong></span> 
     </span>
    </p>
   </div>
   <div class='ocr_carea' id='block_1_21' title="bbox 123 2005 1716 2094">
    <p class='ocr_par' dir='ltr' id='par_1_21' title="bbox 123 2005 1716 2094">
     <span class='ocr_line' id='line_1_21' title="bbox 123 2005 1716 2094; baseline -0.014 -12"><span class='ocrx_word' id='word_1_142' title='bbox 123 2025 382 2082; x_wconf 86' lang='lat' dir='ltr'><strong>cordibus</strong></span> <span class='ocrx_word' id='word_1_143' title='bbox 431 2021 774 2094; x_wconf 87' lang='lat' dir='ltr'><strong>requiescere</strong></span> <span class='ocrx_word' id='word_1_144' title='bbox 799 2015 1072 2080; x_wconf 90' lang='lat' dir='ltr'><strong>desidero,</strong></span> <span class='ocrx_word' id='word_1_145' title='bbox 1097 2027 1218 2084; x_wconf 74' lang='lat' dir='ltr'><strong>qum</strong></span> <span class='ocrx_word' id='word_1_146' title='bbox 1245 2025 1278 2065; x_wconf 89' lang='lat' dir='ltr'><strong>a</strong></span> <span class='ocrx_word' id='word_1_147' title='bbox 1315 2009 1436 2064; x_wconf 91' lang='lat' dir='ltr'><strong>luce</strong></span> <span class='ocrx_word' id='word_1_148' title='bbox 1467 2005 1716 2062; x_wconf 79' lang='lat' dir='ltr'><strong>veritatis</strong></span> 
     </span>
    </p>
   </div>
   <div class='ocr_carea' id='block_1_22' title="bbox 123 2095 1710 2172">
    <p class='ocr_par' dir='ltr' id='par_1_22' title="bbox 123 2095 1710 2172">
     <span class='ocr_line' id='line_1_22' title="bbox 123 2095 1710 2172; baseline -0.015 -2"><span class='ocrx_word' id='word_1_149' title='bbox 123 2127 176 2172; x_wconf 83' lang='lat' dir='ltr'><strong>et</strong></span> <span class='ocrx_word' id='word_1_150' title='bbox 203 2115 424 2170; x_wconf 80' lang='lat' dir='ltr'><strong>ﬂamma</strong></span> <span class='ocrx_word' id='word_1_151' title='bbox 461 2111 658 2168; x_wconf 66' lang='lat' dir='ltr'><strong>divinae</strong></span> <span class='ocrx_word' id='word_1_152' title='bbox 701 2105 984 2164; x_wconf 84' lang='lat' dir='ltr'><strong>charitatis</strong></span> <span class='ocrx_word' id='word_1_153' title='bbox 1015 2103 1190 2158; x_wconf 89' lang='lat' dir='ltr'><strong>aliena</strong></span> <span class='ocrx_word' id='word_1_154' title='bbox 1233 2115 1356 2156; x_wconf 90' lang='lat' dir='ltr'><strong>esse</strong></span> <span class='ocrx_word' id='word_1_155' title='bbox 1399 2095 1710 2154; x_wconf 86' lang='lat' dir='ltr'><strong>considero.</strong></span> 
     </span>
    </p>
   </div>
   <div class='ocr_carea' id='block_1_23' title="bbox 129 2185 1716 2273">
    <p class='ocr_par' dir='ltr' id='par_1_23' title="bbox 129 2185 1716 2273">
     <span class='ocr_line' id='line_1_23' title="bbox 129 2185 1716 2273; baseline -0.013 -13"><span class='ocrx_word' id='word_1_156' title='bbox 129 2229 148 2260; x_wconf 75' lang='grc' dir='ltr'><strong><em>ι</em></strong></span> <span class='ocrx_word' id='word_1_157' title='bbox 183 2205 338 2262; x_wconf 81' lang='lat' dir='ltr'><strong>Mare</strong></span> <span class='ocrx_word' id='word_1_158' title='bbox 377 2213 560 2260; x_wconf 90' lang='lat' dir='ltr'><strong>autem</strong></span> <span class='ocrx_word' id='word_1_159' title='bbox 601 2200 782 2273; x_wconf 90' lang='lat' dir='ltr'><strong>posuit</strong></span> <span class='ocrx_word' id='word_1_160' title='bbox 827 2199 896 2254; x_wconf 89' lang='lat' dir='ltr'><strong>ad</strong></span> <span class='ocrx_word' id='word_1_161' title='bbox 941 2197 1222 2252; x_wconf 80' lang='lat' dir='ltr'><strong>dexteram</strong></span> <span class='ocrx_word' id='word_1_162' title='bbox 1269 2201 1480 2264; x_wconf 90' lang='lat' dir='ltr'><strong>partem</strong></span> <span class='ocrx_word' id='word_1_163' title='bbox 1531 2185 1716 2258; x_wconf 86' lang='lat' dir='ltr'><strong>templi</strong></span> 
     </span>
    </p>
   </div>
   <div class='ocr_carea' id='block_1_24' title="bbox 129 2281 1715 2358">
    <p class='ocr_par' dir='ltr' id='par_1_24' title="bbox 129 2281 1715 2358">
     <span class='ocr_line' id='line_1_24' title="bbox 129 2281 1715 2358; baseline -0.013 -4"><span class='ocrx_word' id='word_1_164' title='bbox 129 2321 148 2354; x_wconf 74' lang='grc' dir='ltr'><strong><em>α</em></strong></span> <span class='ocrx_word' id='word_1_165' title='bbox 187 2307 388 2358; x_wconf 89' lang='lat' dir='ltr'><strong>contra</strong></span> <span class='ocrx_word' id='word_1_166' title='bbox 412 2299 676 2354; x_wconf 85' lang='lat' dir='ltr'><strong>orientem</strong></span> <span class='ocrx_word' id='word_1_167' title='bbox 703 2295 772 2350; x_wconf 86' lang='lat' dir='ltr'><strong>ad</strong></span> <span class='ocrx_word' id='word_1_168' title='bbox 803 2291 1110 2348; x_wconf 87' lang='lat' dir='ltr'><strong>meridiem.</strong></span> <span class='ocrx_word' id='word_1_169' title='bbox 1149 2307 1166 2340; x_wconf 84' lang='grc'>›</span> <span class='ocrx_word' id='word_1_170' title='bbox 1201 2287 1270 2342; x_wconf 86' lang='lat' dir='ltr'><strong>Et</strong></span> <span class='ocrx_word' id='word_1_171' title='bbox 1297 2287 1402 2342; x_wconf 89' lang='lat' dir='ltr'><strong>hoc</strong></span> <span class='ocrx_word' id='word_1_172' title='bbox 1441 2285 1496 2340; x_wconf 88' lang='lat' dir='ltr'><strong>in</strong></span> <span class='ocrx_word' id='word_1_173' title='bbox 1523 2281 1715 2338; x_wconf 90' lang='lat' dir='ltr'><strong>eodem</strong></span> 
     </span>
    </p>
   </div>
   <div class='ocr_carea' id='block_1_25' title="bbox 124 2377 1718 2466">
    <p class='ocr_par' dir='ltr' id='par_1_25' title="bbox 124 2377 1718 2466">
     <span class='ocr_line' id='line_1_25' title="bbox 124 2377 1718 2466; baseline -0.013 -16"><span class='ocrx_word' id='word_1_174' title='bbox 124 2397 258 2452; x_wconf 85' lang='lat' dir='ltr'><strong>atrio</strong></span> <span class='ocrx_word' id='word_1_175' title='bbox 281 2393 528 2466; x_wconf 89' lang='lat' dir='ltr'><strong>positum</strong></span> <span class='ocrx_word' id='word_1_176' title='bbox 559 2399 646 2447; x_wconf 89' lang='lat' dir='ltr'><strong>est</strong></span> <span class='ocrx_word' id='word_1_177' title='bbox 671 2389 738 2444; x_wconf 89' lang='lat' dir='ltr'><strong>ad</strong></span> <span class='ocrx_word' id='word_1_178' title='bbox 759 2387 1048 2444; x_wconf 91' lang='lat' dir='ltr'><strong>orientem.</strong></span> <span class='ocrx_word' id='word_1_179' title='bbox 1095 2381 1250 2452; x_wconf 83' lang='lat' dir='ltr'><strong>Quod</strong></span> <span class='ocrx_word' id='word_1_180' title='bbox 1279 2391 1462 2436; x_wconf 90' lang='lat' dir='ltr'><strong>autem</strong></span> <span class='ocrx_word' id='word_1_181' title='bbox 1491 2377 1560 2432; x_wconf 89' lang='lat' dir='ltr'><strong>ad</strong></span> <span class='ocrx_word' id='word_1_182' title='bbox 1587 2377 1718 2432; x_wconf 84' lang='lat' dir='ltr'><strong>dex-</strong></span> 
     </span>
    </p>
   </div>
   <div class='ocr_carea' id='block_1_26' title="bbox 123 2467 1794 2556">
    <p class='ocr_par' dir='ltr' id='par_1_26' title="bbox 123 2467 1794 2556">
     <span class='ocr_line' id='line_1_26' title="bbox 123 2467 1794 2556; baseline -0.014 -14"><span class='ocrx_word' id='word_1_183' title='bbox 123 2497 292 2542; x_wconf 82' lang='lat' dir='ltr'><strong>teram</strong></span> <span class='ocrx_word' id='word_1_184' title='bbox 341 2490 552 2556; x_wconf 89' lang='lat' dir='ltr'><strong>partem</strong></span> <span class='ocrx_word' id='word_1_185' title='bbox 583 2477 792 2550; x_wconf 85' lang='lat' dir='ltr'><strong>templi,</strong></span> <span class='ocrx_word' id='word_1_186' title='bbox 815 2479 920 2534; x_wconf 89' lang='lat' dir='ltr'><strong>hoc</strong></span> <span class='ocrx_word' id='word_1_187' title='bbox 957 2481 1044 2532; x_wconf 86' lang='lat' dir='ltr'><strong>est</strong></span> <span class='ocrx_word' id='word_1_188' title='bbox 1084 2473 1230 2544; x_wconf 88' lang='lat' dir='ltr'><strong>quod</strong></span> <span class='ocrx_word' id='word_1_189' title='bbox 1257 2471 1454 2542; x_wconf 90' lang='lat' dir='ltr'><strong>repetit</strong></span> <span class='ocrx_word' id='word_1_190' title='bbox 1503 2467 1712 2532; x_wconf 91' lang='lat' dir='ltr'><strong>dicens,</strong></span> <span class='ocrx_word' id='word_1_191' title='bbox 1784 2507 1794 2516; x_wconf 94' lang='lat'><strong>.</strong></span> 
     </span>
    </p>
   </div>
   <div class='ocr_carea' id='block_1_27' title="bbox 127 2557 1716 2642">
    <p class='ocr_par' dir='ltr' id='par_1_27' title="bbox 127 2557 1716 2642">
     <span class='ocr_line' id='line_1_27' title="bbox 127 2557 1716 2642; baseline -0.013 -11"><span class='ocrx_word' id='word_1_192' title='bbox 127 2599 146 2631; x_wconf 75' lang='grc' dir='ltr'><strong><em>ι</em></strong></span> <span class='ocrx_word' id='word_1_193' title='bbox 181 2579 249 2634; x_wconf 89' lang='lat' dir='ltr'><strong>ad</strong></span> <span class='ocrx_word' id='word_1_194' title='bbox 277 2573 592 2632; x_wconf 86' lang='lat' dir='ltr'><strong>meridiem.</strong></span> <span class='ocrx_word' id='word_1_195' title='bbox 633 2591 654 2626; x_wconf 72' lang='grc' dir='ltr'><strong><em>ι</em></strong></span> <span class='ocrx_word' id='word_1_196' title='bbox 701 2567 1138 2642; x_wconf 85' lang='lat' dir='ltr'><strong>lngredicntibus</strong></span> <span class='ocrx_word' id='word_1_197' title='bbox 1181 2564 1328 2620; x_wconf 90' lang='lat' dir='ltr'><strong>enim</strong></span> <span class='ocrx_word' id='word_1_198' title='bbox 1389 2559 1586 2616; x_wconf 88' lang='lat' dir='ltr'><strong>atrium</strong></span> <span class='ocrx_word' id='word_1_199' title='bbox 1647 2557 1716 2613; x_wconf 90' lang='lat' dir='ltr'><strong>ab</strong></span> 
     </span>
    </p>
   </div>
   <div class='ocr_carea' id='block_1_28' title="bbox 121 2651 1716 2740">
    <p class='ocr_par' dir='ltr' id='par_1_28' title="bbox 121 2651 1716 2740">
     <span class='ocr_line' id='line_1_28' title="bbox 121 2651 1716 2740; baseline -0.013 -13"><span class='ocrx_word' id='word_1_200' title='bbox 121 2673 358 2736; x_wconf 87' lang='lat' dir='ltr'><strong>oriente,</strong></span> <span class='ocrx_word' id='word_1_201' title='bbox 383 2669 560 2740; x_wconf 88' lang='lat' dir='ltr'><strong>primo</strong></span> <span class='ocrx_word' id='word_1_202' title='bbox 609 2663 988 2722; x_wconf 91' lang='lat' dir='ltr'><strong>divertendum</strong></span> <span class='ocrx_word' id='word_1_203' title='bbox 1016 2667 1138 2716; x_wconf 87' lang='lat' dir='ltr'><strong>erat</strong></span> <span class='ocrx_word' id='word_1_204' title='bbox 1189 2657 1258 2712; x_wconf 88' lang='lat' dir='ltr'><strong>ad</strong></span> <span class='ocrx_word' id='word_1_205' title='bbox 1287 2655 1594 2720; x_wconf 89' lang='lat' dir='ltr'><strong>meridiem,</strong></span> <span class='ocrx_word' id='word_1_206' title='bbox 1625 2651 1716 2708; x_wconf 88' lang='lat' dir='ltr'><strong>ubi</strong></span> 
     </span>
    </p>
   </div>
   <div class='ocr_carea' id='block_1_29' title="bbox 121 2741 1716 2831">
    <p class='ocr_par' dir='ltr' id='par_1_29' title="bbox 121 2741 1716 2831">
     <span class='ocr_line' id='line_1_29' title="bbox 121 2741 1716 2831; baseline -0.014 -13"><span class='ocrx_word' id='word_1_207' title='bbox 121 2777 270 2818; x_wconf 87' lang='lat' dir='ltr'><strong>mare</strong></span> <span class='ocrx_word' id='word_1_208' title='bbox 301 2761 362 2816; x_wconf 90' lang='lat' dir='ltr'><strong>in</strong></span> <span class='ocrx_word' id='word_1_209' title='bbox 389 2761 506 2831; x_wconf 88' lang='lat' dir='ltr'><strong>ipso</strong></span> <span class='ocrx_word' id='word_1_210' title='bbox 543 2757 744 2829; x_wconf 80' lang='lat' dir='ltr'><strong>angulo</strong></span> <span class='ocrx_word' id='word_1_211' title='bbox 765 2753 944 2810; x_wconf 90' lang='lat' dir='ltr'><strong>stabat</strong></span> <span class='ocrx_word' id='word_1_212' title='bbox 977 2751 1044 2806; x_wconf 88' lang='lat' dir='ltr'><strong>ad</strong></span> <span class='ocrx_word' id='word_1_213' title='bbox 1073 2749 1362 2804; x_wconf 84' lang='lat' dir='ltr'><strong>lavandum</strong></span> <span class='ocrx_word' id='word_1_214' title='bbox 1411 2741 1716 2800; x_wconf 85' lang='lat' dir='ltr'><strong>sacerdoti-</strong></span> 
     </span>
    </p>
   </div>
   <div class='ocr_carea' id='block_1_30' title="bbox 121 2841 1718 2926">
    <p class='ocr_par' dir='ltr' id='par_1_30' title="bbox 121 2841 1718 2926">
     <span class='ocr_line' id='line_1_30' title="bbox 121 2841 1718 2926; baseline -0.013 -14"><span class='ocrx_word' id='word_1_215' title='bbox 121 2857 218 2912; x_wconf 93' lang='lat' dir='ltr'><strong>bus</strong></span> <span class='ocrx_word' id='word_1_216' title='bbox 245 2861 526 2926; x_wconf 85' lang='lat' dir='ltr'><strong>paratum.</strong></span> <span class='ocrx_word' id='word_1_217' title='bbox 559 2849 766 2908; x_wconf 90' lang='lat' dir='ltr'><strong>Deinde</strong></span> <span class='ocrx_word' id='word_1_218' title='bbox 791 2843 1270 2918; x_wconf 79' lang='lat' dir='ltr'><strong>progredientibus</strong></span> <span class='ocrx_word' id='word_1_219' title='bbox 1291 2841 1436 2896; x_wconf 89' lang='lat' dir='ltr'><strong>intro</strong></span> <span class='ocrx_word' id='word_1_220' title='bbox 1463 2849 1718 2894; x_wconf 88' lang='lat' dir='ltr'><strong>occurre-</strong></span> 
     </span>
    </p>
   </div>
   <div class='ocr_carea' id='block_1_31' title="bbox 119 2935 1718 3010">
    <p class='ocr_par' dir='ltr' id='par_1_31' title="bbox 119 2935 1718 3010">
     <span class='ocr_line' id='line_1_31' title="bbox 119 2935 1718 3010; baseline -0.014 -6"><span class='ocrx_word' id='word_1_221' title='bbox 119 2949 248 3004; x_wconf 86' lang='lat' dir='ltr'><strong>bant</strong></span> <span class='ocrx_word' id='word_1_222' title='bbox 275 2946 488 3010; x_wconf 81' lang='lat' dir='ltr'><strong>luteres</strong></span> <span class='ocrx_word' id='word_1_223' title='bbox 517 2943 588 2998; x_wconf 90' lang='lat' dir='ltr'><strong>ad</strong></span> <span class='ocrx_word' id='word_1_224' title='bbox 633 2941 896 2998; x_wconf 89' lang='lat' dir='ltr'><strong>lavandas</strong></span> <span class='ocrx_word' id='word_1_225' title='bbox 939 2935 1148 2992; x_wconf 88' lang='lat' dir='ltr'><strong>hostias</strong></span> <span class='ocrx_word' id='word_1_226' title='bbox 1179 2935 1246 2990; x_wconf 91' lang='lat' dir='ltr'><strong>ab</strong></span> <span class='ocrx_word' id='word_1_227' title='bbox 1293 2943 1522 3000; x_wconf 90' lang='lat' dir='ltr'><strong>utraque</strong></span> <span class='ocrx_word' id='word_1_228' title='bbox 1560 2935 1718 3000; x_wconf 88' lang='lat' dir='ltr'><strong>parte</strong></span> 
     </span>
    </p>
   </div>
   <div class='ocr_carea' id='block_1_32' title="bbox 119 3021 1716 3112">
    <p class='ocr_par' dir='ltr' id='par_1_32' title="bbox 119 3021 1716 3112">
     <span class='ocr_line' id='line_1_32' title="bbox 119 3021 1716 3112; baseline -0.014 -16"><span class='ocrx_word' id='word_1_229' title='bbox 119 3039 306 3112; x_wconf 89' lang='lat' dir='ltr'><strong>positi.</strong></span> <span class='ocrx_word' id='word_1_230' title='bbox 341 3037 488 3093; x_wconf 83' lang='lat' dir='ltr'><strong>Intra</strong></span> <span class='ocrx_word' id='word_1_231' title='bbox 511 3037 612 3092; x_wconf 90' lang='lat' dir='ltr'><strong>hos</strong></span> <span class='ocrx_word' id='word_1_232' title='bbox 635 3033 782 3090; x_wconf 89' lang='lat' dir='ltr'><strong>basis</strong></span> <span class='ocrx_word' id='word_1_233' title='bbox 801 3039 920 3088; x_wconf 88' lang='lat' dir='ltr'><strong>erat</strong></span> <span class='ocrx_word' id='word_1_234' title='bbox 943 3043 1115 3094; x_wconf 79' lang='lat' dir='ltr'><strong>amca,</strong></span> <span class='ocrx_word' id='word_1_235' title='bbox 1139 3025 1382 3096; x_wconf 88' lang='lat' dir='ltr'><strong>quinque</strong></span> <span class='ocrx_word' id='word_1_236' title='bbox 1405 3021 1716 3107; x_wconf 75' lang='lat' dir='ltr'><strong>cubitorum</strong></span> 
     </span>
    </p>
   </div>
   <div class='ocr_carea' id='block_1_33' title="bbox 123 3115 1718 3196">
    <p class='ocr_par' dir='ltr' id='par_1_33' title="bbox 123 3115 1718 3196">
     <span class='ocr_line' id='line_1_33' title="bbox 123 3115 1718 3196; baseline -0.011 -10"><span class='ocrx_word' id='word_1_237' title='bbox 123 3129 434 3186; x_wconf 86' lang='lat' dir='ltr'><strong>altitudinis</strong></span> <span class='ocrx_word' id='word_1_238' title='bbox 463 3169 480 3194; x_wconf 96' lang='lat'><strong>,</strong></span> <span class='ocrx_word' id='word_1_239' title='bbox 529 3139 586 3183; x_wconf 90' lang='lat' dir='ltr'><strong>et</strong></span> <span class='ocrx_word' id='word_1_240' title='bbox 631 3127 876 3196; x_wconf 88' lang='lat' dir='ltr'><strong>quinque</strong></span> <span class='ocrx_word' id='word_1_241' title='bbox 923 3121 1234 3178; x_wconf 87' lang='lat' dir='ltr'><strong>cubitorum</strong></span> <span class='ocrx_word' id='word_1_242' title='bbox 1283 3115 1624 3180; x_wconf 88' lang='lat' dir='ltr'><strong>latitudinis,</strong></span> <span class='ocrx_word' id='word_1_243' title='bbox 1661 3121 1718 3170; x_wconf 90' lang='lat' dir='ltr'><strong>et</strong></span> 
     </span>
    </p>
   </div>
   <div class='ocr_carea' id='block_1_34' title="bbox 123 3207 1710 3282">
    <p class='ocr_par' dir='ltr' id='par_1_34' title="bbox 123 3207 1710 3282">
     <span class='ocr_line' id='line_1_34' title="bbox 123 3207 1710 3282; baseline -0.011 -4"><span class='ocrx_word' id='word_1_244' title='bbox 123 3223 284 3278; x_wconf 87' lang='lat' dir='ltr'><strong>trium</strong></span> <span class='ocrx_word' id='word_1_245' title='bbox 327 3220 632 3276; x_wconf 86' lang='lat' dir='ltr'><strong>cubitorum</strong></span> <span class='ocrx_word' id='word_1_246' title='bbox 659 3215 984 3280; x_wconf 87' lang='lat' dir='ltr'><strong>altitudinis,</strong></span> <span class='ocrx_word' id='word_1_247' title='bbox 1007 3213 1060 3268; x_wconf 89' lang='lat' dir='ltr'><strong>in</strong></span> <span class='ocrx_word' id='word_1_248' title='bbox 1089 3227 1196 3282; x_wconf 90' lang='lat' dir='ltr'><strong>qua</strong></span> <span class='ocrx_word' id='word_1_249' title='bbox 1221 3209 1404 3266; x_wconf 86' lang='lat' dir='ltr'><strong>stabat</strong></span> <span class='ocrx_word' id='word_1_250' title='bbox 1431 3207 1710 3272; x_wconf 89' lang='lat' dir='ltr'><strong>Salomon,</strong></span> 
     </span>
    </p>
   </div>
   <div class='ocr_carea' id='block_1_35' title="bbox 109 3297 1714 3378">
    <p class='ocr_par' dir='ltr' id='par_1_35' title="bbox 109 3297 1714 3378">
     <span class='ocr_line' id='line_1_35' title="bbox 109 3297 1714 3378; baseline -0.011 -10"><span class='ocrx_word' id='word_1_251' title='bbox 109 3321 176 3378; x_wconf 75' lang='grc' dir='ltr'><strong>,ει</strong></span> <span class='ocrx_word' id='word_1_252' title='bbox 201 3311 498 3370; x_wconf 87' lang='lat' dir='ltr'><strong>dedicabat</strong></span> <span class='ocrx_word' id='word_1_253' title='bbox 515 3307 796 3378; x_wconf 88' lang='lat' dir='ltr'><strong>templum.</strong></span> <span class='ocrx_word' id='word_1_254' title='bbox 829 3304 1036 3360; x_wconf 89' lang='lat' dir='ltr'><strong>Deinde</strong></span> <span class='ocrx_word' id='word_1_255' title='bbox 1055 3301 1198 3358; x_wconf 89' lang='lat' dir='ltr'><strong>ultra</strong></span> <span class='ocrx_word' id='word_1_256' title='bbox 1217 3297 1714 3372; x_wconf 74' lang='lat' dir='ltr'><strong>progredientibus,</strong></span> 
     </span>
    </p>
   </div>
   <div class='ocr_carea' id='block_1_36' title="bbox 125 3391 1714 3462">
    <p class='ocr_par' dir='ltr' id='par_1_36' title="bbox 125 3391 1714 3462">
     <span class='ocr_line' id='line_1_36' title="bbox 125 3391 1714 3462; baseline -0.011 0"><span class='ocrx_word' id='word_1_257' title='bbox 125 3405 462 3462; x_wconf 84' lang='lat' dir='ltr'><strong>occurrebat</strong></span> <span class='ocrx_word' id='word_1_258' title='bbox 491 3401 660 3458; x_wconf 86' lang='lat' dir='ltr'><strong>altare</strong></span> <span class='ocrx_word' id='word_1_259' title='bbox 688 3397 990 3456; x_wconf 87' lang='lat' dir='ltr'><strong>holocausti</strong></span> <span class='ocrx_word' id='word_1_260' title='bbox 1025 3403 1216 3452; x_wconf 89' lang='lat' dir='ltr'><strong>contra</strong></span> <span class='ocrx_word' id='word_1_261' title='bbox 1266 3393 1504 3450; x_wconf 89' lang='lat' dir='ltr'><strong>medium</strong></span> <span class='ocrx_word' id='word_1_262' title='bbox 1543 3391 1669 3446; x_wconf 88' lang='lat' dir='ltr'><strong>atrii</strong></span> <span class='ocrx_word' id='word_1_263' title='bbox 1699 3407 1714 3444; x_wconf 72' lang='grc' dir='ltr'>ε</span> 
     </span>
    </p>
   </div>
   <div class='ocr_carea' id='block_1_37' title="bbox 121 3489 1722 3568">
    <p class='ocr_par' dir='ltr' id='par_1_37' title="bbox 121 3489 1722 3568">
     <span class='ocr_line' id='line_1_37' title="bbox 121 3489 1722 3568; baseline -0.008 -11"><span class='ocrx_word' id='word_1_264' title='bbox 121 3501 326 3556; x_wconf 87' lang='lat' dir='ltr'><strong>deinde</strong></span> <span class='ocrx_word' id='word_1_265' title='bbox 355 3499 594 3568; x_wconf 85' lang='lat' dir='ltr'><strong>porticus</strong></span> <span class='ocrx_word' id='word_1_266' title='bbox 609 3495 814 3566; x_wconf 86' lang='lat' dir='ltr'><strong>templi,</strong></span> <span class='ocrx_word' id='word_1_267' title='bbox 835 3495 948 3550; x_wconf 85' lang='lat' dir='ltr'><strong>sive</strong></span> <span class='ocrx_word' id='word_1_268' title='bbox 969 3489 1320 3556; x_wconf 88' lang='lat' dir='ltr'><strong>vestibulum,</strong></span> <span class='ocrx_word' id='word_1_269' title='bbox 1347 3490 1402 3544; x_wconf 90' lang='lat' dir='ltr'><strong>in</strong></span> <span class='ocrx_word' id='word_1_270' title='bbox 1431 3503 1538 3558; x_wconf 90' lang='lat' dir='ltr'><strong>quo</strong></span> <span class='ocrx_word' id='word_1_271' title='bbox 1563 3495 1722 3544; x_wconf 88' lang='lat' dir='ltr'><strong>erant</strong></span> 
     </span>
    </p>
   </div>
   <div class='ocr_carea' id='block_1_38' title="bbox 121 3583 1722 3656">
    <p class='ocr_par' dir='ltr' id='par_1_38' title="bbox 121 3583 1722 3656">
     <span class='ocr_line' id='line_1_38' title="bbox 121 3583 1722 3656; baseline -0.007 -8"><span class='ocrx_word' id='word_1_272' title='bbox 121 3593 398 3648; x_wconf 73' lang='lat' dir='ltr'><strong>columna:</strong></span> <span class='ocrx_word' id='word_1_273' title='bbox 425 3605 580 3647; x_wconf 66' lang='lat' dir='ltr'><strong>aereae</strong></span> <span class='ocrx_word' id='word_1_274' title='bbox 609 3584 986 3646; x_wconf 40' lang='lat' dir='ltr'><strong>cirea&#39;ostium</strong></span> <span class='ocrx_word' id='word_1_275' title='bbox 1011 3583 1216 3656; x_wconf 85' lang='lat' dir='ltr'><strong>templi.</strong></span> <span class='ocrx_word' id='word_1_276' title='bbox 1233 3583 1389 3652; x_wconf 84' lang='lat' dir='ltr'><strong>Quod</strong></span> <span class='ocrx_word' id='word_1_277' title='bbox 1409 3597 1539 3654; x_wconf 87' lang='lat' dir='ltr'><strong>ergo</strong></span> <span class='ocrx_word' id='word_1_278' title='bbox 1571 3597 1722 3638; x_wconf 91' lang='lat' dir='ltr'><strong>mare</strong></span> 
     </span>
    </p>
   </div>
   <div class='ocr_carea' id='block_1_39' title="bbox 121 3673 1720 3758">
    <p class='ocr_par' dir='ltr' id='par_1_39' title="bbox 121 3673 1720 3758">
     <span class='ocr_line' id='line_1_39' title="bbox 121 3673 1720 3758; baseline -0.009 -16"><span class='ocrx_word' id='word_1_279' title='bbox 121 3687 300 3758; x_wconf 89' lang='lat' dir='ltr'><strong>posuit</strong></span> <span class='ocrx_word' id='word_1_280' title='bbox 327 3685 396 3740; x_wconf 89' lang='lat' dir='ltr'><strong>ad</strong></span> <span class='ocrx_word' id='word_1_281' title='bbox 409 3685 682 3740; x_wconf 82' lang='lat' dir='ltr'><strong>dexteram</strong></span> <span class='ocrx_word' id='word_1_282' title='bbox 698 3691 906 3754; x_wconf 86' lang='lat' dir='ltr'><strong>partem</strong></span> <span class='ocrx_word' id='word_1_283' title='bbox 925 3677 1408 3750; x_wconf 87' lang='lat' dir='ltr'><strong>templi,signiﬁcat</strong></span> <span class='ocrx_word' id='word_1_284' title='bbox 1421 3691 1520 3732; x_wconf 88' lang='lat' dir='ltr'><strong>nos</strong></span> <span class='ocrx_word' id='word_1_285' title='bbox 1533 3689 1631 3746; x_wconf 90' lang='lat' dir='ltr'><strong>per</strong></span> <span class='ocrx_word' id='word_1_286' title='bbox 1647 3673 1720 3728; x_wconf 90' lang='lat' dir='ltr'><strong>la-</strong></span> 
     </span>
    </p>
   </div>
   <div class='ocr_carea' id='block_1_40' title="bbox 121 3767 1723 3848">
    <p class='ocr_par' dir='ltr' id='par_1_40' title="bbox 121 3767 1723 3848">
     <span class='ocr_line' id='line_1_40' title="bbox 121 3767 1723 3848; baseline -0.007 -15"><span class='ocrx_word' id='word_1_287' title='bbox 121 3793 354 3834; x_wconf 84' lang='lat' dir='ltr'><strong>vacrum</strong></span> <span class='ocrx_word' id='word_1_288' title='bbox 371 3777 626 3848; x_wconf 88' lang='lat' dir='ltr'><strong>baptismi</strong></span> <span class='ocrx_word' id='word_1_289' title='bbox 649 3776 718 3830; x_wconf 86' lang='lat' dir='ltr'><strong>ad</strong></span> <span class='ocrx_word' id='word_1_290' title='bbox 744 3787 972 3846; x_wconf 89' lang='lat' dir='ltr'><strong>regnum</strong></span> <span class='ocrx_word' id='word_1_291' title='bbox 1001 3771 1224 3828; x_wconf 72' lang='lat' dir='ltr'><strong>cmleste</strong></span> <span class='ocrx_word' id='word_1_292' title='bbox 1245 3767 1410 3842; x_wconf 88' lang='lat' dir='ltr'><strong>(quod</strong></span> <span class='ocrx_word' id='word_1_293' title='bbox 1421 3767 1546 3838; x_wconf 84' lang='lat' dir='ltr'><strong>iure</strong></span> <span class='ocrx_word' id='word_1_294' title='bbox 1567 3783 1723 3825; x_wconf 90' lang='lat' dir='ltr'><strong>voca-</strong></span> 
     </span>
    </p>
   </div>
   <div class='ocr_carea' id='block_1_41' title="bbox 123 3863 1720 3948">
    <p class='ocr_par' dir='ltr' id='par_1_41' title="bbox 123 3863 1720 3948">
     <span class='ocr_line' id='line_1_41' title="bbox 123 3863 1720 3948; baseline -0.01 -16"><span class='ocrx_word' id='word_1_295' title='bbox 123 3877 246 3934; x_wconf 89' lang='lat' dir='ltr'><strong>bulo</strong></span> <span class='ocrx_word' id='word_1_296' title='bbox 269 3877 482 3932; x_wconf 73' lang='lat' dir='ltr'><strong>dextra:</strong></span> <span class='ocrx_word' id='word_1_297' title='bbox 502 3874 788 3948; x_wconf 88' lang='lat' dir='ltr'><strong>ﬁguratur)</strong></span> <span class='ocrx_word' id='word_1_298' title='bbox 813 3873 1016 3930; x_wconf 87' lang='lat' dir='ltr'><strong>debere</strong></span> <span class='ocrx_word' id='word_1_299' title='bbox 1041 3871 1352 3941; x_wconf 83' lang='lat' dir='ltr'><strong>pervenire.</strong></span> <span class='ocrx_word' id='word_1_300' title='bbox 1389 3887 1408 3920; x_wconf 74' lang='grc' dir='ltr'><strong>ε</strong></span> <span class='ocrx_word' id='word_1_301' title='bbox 1447 3865 1550 3936; x_wconf 89' lang='lat' dir='ltr'><strong>Qui</strong></span> <span class='ocrx_word' id='word_1_302' title='bbox 1575 3863 1720 3920; x_wconf 90' lang='lat' dir='ltr'><strong>enim</strong></span> 
     </span>
    </p>
   </div>
   <div class='ocr_carea' id='block_1_42' title="bbox 123 3955 1714 4042">
    <p class='ocr_par' dir='ltr' id='par_1_42' title="bbox 123 3955 1714 4042">
     <span class='ocr_line' id='line_1_42' title="bbox 123 3955 1714 4042; baseline -0.011 -16"><span class='ocrx_word' id='word_1_303' title='bbox 123 3971 486 4027; x_wconf 88' lang='lat' dir='ltr'><strong>eredideritet</strong></span> <span class='ocrx_word' id='word_1_304' title='bbox 497 3970 804 4042; x_wconf 88' lang='lat' dir='ltr'><strong>baptizatus</strong></span> <span class='ocrx_word' id='word_1_305' title='bbox 819 3967 1003 4033; x_wconf 81' lang='lat' dir='ltr'><strong>fuerit,</strong></span> <span class='ocrx_word' id='word_1_306' title='bbox 1017 3965 1200 4021; x_wconf 90' lang='lat' dir='ltr'><strong>salvus</strong></span> <span class='ocrx_word' id='word_1_307' title='bbox 1213 3965 1318 4020; x_wconf 85' lang='lat' dir='ltr'><strong>erit</strong></span> <span class='ocrx_word' id='word_1_308' title='bbox 1332 3961 1528 4036; x_wconf 83' lang='lat' dir='ltr'><strong>(Marc.</strong></span> <span class='ocrx_word' id='word_1_309' title='bbox 1547 3955 1682 4028; x_wconf 85' lang='lat' dir='ltr'><strong>xvi).</strong></span> <span class='ocrx_word' id='word_1_310' title='bbox 1695 3975 1714 4008; x_wconf 75' lang='grc' dir='ltr'><strong>ι</strong></span> 
     </span>
    </p>
   </div>
   <div class='ocr_carea' id='block_1_43' title="bbox 121 4049 1724 4135">
    <p class='ocr_par' dir='ltr' id='par_1_43' title="bbox 121 4049 1724 4135">
     <span class='ocr_line' id='line_1_43' title="bbox 121 4049 1724 4135; baseline -0.009 -17"><span class='ocrx_word' id='word_1_311' title='bbox 121 4063 376 4135; x_wconf 76' lang='lat' dir='ltr'><strong>Namque</strong></span> <span class='ocrx_word' id='word_1_312' title='bbox 413 4063 506 4118; x_wconf 84' lang='lat' dir='ltr'><strong>ubi</strong></span> <span class='ocrx_word' id='word_1_313' title='bbox 541 4063 734 4118; x_wconf 80' lang='lat' dir='ltr'><strong>dextra</strong></span> <span class='ocrx_word' id='word_1_314' title='bbox 763 4057 926 4116; x_wconf 89' lang='lat' dir='ltr'><strong>simul</strong></span> <span class='ocrx_word' id='word_1_315' title='bbox 959 4069 1016 4114; x_wconf 92' lang='lat' dir='ltr'><strong>et</strong></span> <span class='ocrx_word' id='word_1_316' title='bbox 1061 4059 1288 4114; x_wconf 90' lang='lat' dir='ltr'><strong>sinistra</strong></span> <span class='ocrx_word' id='word_1_317' title='bbox 1319 4057 1374 4111; x_wconf 91' lang='lat' dir='ltr'><strong>in</strong></span> <span class='ocrx_word' id='word_1_318' title='bbox 1405 4055 1548 4110; x_wconf 90' lang='lat' dir='ltr'><strong>bono</strong></span> <span class='ocrx_word' id='word_1_319' title='bbox 1580 4049 1724 4106; x_wconf 88' lang='lat' dir='ltr'><strong>acci-</strong></span> 
     </span>
    </p>
   </div>
   <div class='ocr_carea' id='block_1_44' title="bbox 121 4142 1722 4230">
    <p class='ocr_par' dir='ltr' id='par_1_44' title="bbox 121 4142 1722 4230">
     <span class='ocr_line' id='line_1_44' title="bbox 121 4142 1722 4230; baseline -0.007 -18"><span class='ocrx_word' id='word_1_320' title='bbox 121 4159 372 4230; x_wconf 88' lang='lat' dir='ltr'><strong>piuntur,</strong></span> <span class='ocrx_word' id='word_1_321' title='bbox 401 4155 486 4212; x_wconf 86' lang='lat' dir='ltr'><strong>vel</strong></span> <span class='ocrx_word' id='word_1_322' title='bbox 513 4155 752 4210; x_wconf 72' lang='lat' dir='ltr'><strong>Judaeum</strong></span> <span class='ocrx_word' id='word_1_323' title='bbox 797 4161 850 4208; x_wconf 88' lang='lat' dir='ltr'><strong>et</strong></span> <span class='ocrx_word' id='word_1_324' title='bbox 881 4151 1238 4224; x_wconf 81' lang='lat' dir='ltr'><strong>gentilitatem</strong></span> <span class='ocrx_word' id='word_1_325' title='bbox 1291 4147 1454 4220; x_wconf 90' lang='lat' dir='ltr'><strong>(utin</strong></span> <span class='ocrx_word' id='word_1_326' title='bbox 1507 4142 1722 4214; x_wconf 84' lang='lat' dir='ltr'><strong>exposi-</strong></span> 
     </span>
    </p>
   </div>
   <div class='ocr_carea' id='block_1_45' title="bbox 121 4235 1724 4316">
    <p class='ocr_par' dir='ltr' id='par_1_45' title="bbox 121 4235 1724 4316">
     <span class='ocr_line' id='line_1_45' title="bbox 121 4235 1724 4316; baseline -0.008 -13"><span class='ocrx_word' id='word_1_327' title='bbox 121 4249 272 4304; x_wconf 87' lang='lat' dir='ltr'><strong>tione</strong></span> <span class='ocrx_word' id='word_1_328' title='bbox 287 4247 510 4304; x_wconf 82' lang='lat' dir='ltr'><strong>basium</strong></span> <span class='ocrx_word' id='word_1_329' title='bbox 533 4261 698 4316; x_wconf 84' lang='lat' dir='ltr'><strong>supra</strong></span> <span class='ocrx_word' id='word_1_330' title='bbox 723 4245 979 4316; x_wconf 77' lang='lat' dir='ltr'><strong>diximus)</strong></span> <span class='ocrx_word' id='word_1_331' title='bbox 1007 4243 1090 4298; x_wconf 91' lang='lat' dir='ltr'><strong>vel</strong></span> <span class='ocrx_word' id='word_1_332' title='bbox 1113 4249 1438 4314; x_wconf 65' lang='lat' dir='ltr'><strong>praesentem</strong></span> <span class='ocrx_word' id='word_1_333' title='bbox 1467 4235 1724 4292; x_wconf 63' lang='lat' dir='ltr'><strong>Ecclesiae</strong></span> 
     </span>
    </p>
   </div>
   <div class='ocr_carea' id='block_1_46' title="bbox 125 4329 1726 4404">
    <p class='ocr_par' dir='ltr' id='par_1_46' title="bbox 125 4329 1726 4404">
     <span class='ocr_line' id='line_1_46' title="bbox 125 4329 1726 4404; baseline -0.008 -10"><span class='ocrx_word' id='word_1_334' title='bbox 125 4341 290 4396; x_wconf 86' lang='lat' dir='ltr'><strong>vitam</strong></span> <span class='ocrx_word' id='word_1_335' title='bbox 325 4347 382 4395; x_wconf 89' lang='lat' dir='ltr'><strong>et</strong></span> <span class='ocrx_word' id='word_1_336' title='bbox 415 4339 674 4404; x_wconf 79' lang='lat' dir='ltr'><strong>futuram,</strong></span> <span class='ocrx_word' id='word_1_337' title='bbox 703 4337 787 4392; x_wconf 88' lang='lat' dir='ltr'><strong>vel</strong></span> <span class='ocrx_word' id='word_1_338' title='bbox 823 4337 944 4392; x_wconf 78' lang='lat' dir='ltr'><strong>laeta</strong></span> <span class='ocrx_word' id='word_1_339' title='bbox 973 4345 1028 4390; x_wconf 88' lang='lat' dir='ltr'><strong>et</strong></span> <span class='ocrx_word' id='word_1_340' title='bbox 1059 4335 1258 4398; x_wconf 84' lang='lat' dir='ltr'><strong>tristia,</strong></span> <span class='ocrx_word' id='word_1_341' title='bbox 1289 4331 1374 4388; x_wconf 89' lang='lat' dir='ltr'><strong>vel</strong></span> <span class='ocrx_word' id='word_1_342' title='bbox 1406 4329 1584 4400; x_wconf 85' lang='lat' dir='ltr'><strong>aliqua</strong></span> <span class='ocrx_word' id='word_1_343' title='bbox 1633 4329 1726 4382; x_wconf 88' lang='lat' dir='ltr'><strong>de-</strong></span> 
     </span>
    </p>
   </div>
   <div class='ocr_carea' id='block_1_47' title="bbox 125 4419 1726 4502">
    <p class='ocr_par' dir='ltr' id='par_1_47' title="bbox 125 4419 1726 4502">
     <span class='ocr_line' id='line_1_47' title="bbox 125 4419 1726 4502; baseline -0.008 -16"><span class='ocrx_word' id='word_1_344' title='bbox 125 4433 304 4502; x_wconf 80' lang='lat' dir='ltr'><strong>signat</strong></span> <span class='ocrx_word' id='word_1_345' title='bbox 339 4429 664 4501; x_wconf 77' lang='lat' dir='ltr'><strong>huiusmodi.</strong></span> <span class='ocrx_word' id='word_1_346' title='bbox 717 4427 820 4484; x_wconf 88' lang='lat' dir='ltr'><strong>Ubi</strong></span> <span class='ocrx_word' id='word_1_347' title='bbox 851 4443 982 4484; x_wconf 86' lang='lat' dir='ltr'><strong>vero</strong></span> <span class='ocrx_word' id='word_1_348' title='bbox 1027 4427 1275 4482; x_wconf 86' lang='lat' dir='ltr'><strong>absolute</strong></span> <span class='ocrx_word' id='word_1_349' title='bbox 1304 4423 1358 4478; x_wconf 91' lang='lat' dir='ltr'><strong>in</strong></span> <span class='ocrx_word' id='word_1_350' title='bbox 1393 4421 1534 4478; x_wconf 92' lang='lat' dir='ltr'><strong>bono</strong></span> <span class='ocrx_word' id='word_1_351' title='bbox 1565 4419 1726 4491; x_wconf 89' lang='lat' dir='ltr'><strong>poni-</strong></span> 
     </span>
    </p>
   </div>
   <div class='ocr_carea' id='block_1_48' title="bbox 127 4513 1724 4592">
    <p class='ocr_par' dir='ltr' id='par_1_48' title="bbox 127 4513 1724 4592">
     <span class='ocr_line' id='line_1_48' title="bbox 127 4513 1724 4592; baseline -0.008 -12"><span class='ocrx_word' id='word_1_352' title='bbox 127 4535 214 4580; x_wconf 88' lang='lat' dir='ltr'><strong>tur</strong></span> <span class='ocrx_word' id='word_1_353' title='bbox 237 4527 490 4590; x_wconf 75' lang='lat' dir='ltr'><strong>dextera,</strong></span> <span class='ocrx_word' id='word_1_354' title='bbox 511 4531 714 4580; x_wconf 70' lang='lat' dir='ltr'><strong>mter-na</strong></span> <span class='ocrx_word' id='word_1_355' title='bbox 737 4521 936 4592; x_wconf 69' lang='lat' dir='ltr'><strong>srepius</strong></span> <span class='ocrx_word' id='word_1_356' title='bbox 959 4519 1154 4592; x_wconf 83' lang='lat' dir='ltr'><strong>gaudia</strong></span> <span class='ocrx_word' id='word_1_357' title='bbox 1173 4518 1536 4574; x_wconf 86' lang='lat' dir='ltr'><strong>demonstrat.</strong></span> <span class='ocrx_word' id='word_1_358' title='bbox 1571 4513 1724 4580; x_wconf 86' lang='lat' dir='ltr'><strong>Quod</strong></span> 
     </span>
    </p>
   </div>
   <div class='ocr_carea' id='block_1_49' title="bbox 125 4607 1800 4685">
    <p class='ocr_par' dir='ltr' id='par_1_49' title="bbox 125 4607 1800 4685">
     <span class='ocr_line' id='line_1_49' title="bbox 125 4607 1800 4685; baseline -0.007 -15"><span class='ocrx_word' id='word_1_359' title='bbox 125 4630 256 4672; x_wconf 91' lang='lat' dir='ltr'><strong>vero</strong></span> <span class='ocrx_word' id='word_1_360' title='bbox 275 4623 468 4674; x_wconf 89' lang='lat' dir='ltr'><strong>contra</strong></span> <span class='ocrx_word' id='word_1_361' title='bbox 489 4615 752 4671; x_wconf 88' lang='lat' dir='ltr'><strong>orientem</strong></span> <span class='ocrx_word' id='word_1_362' title='bbox 781 4613 962 4685; x_wconf 85' lang='lat' dir='ltr'><strong>posuit</strong></span> <span class='ocrx_word' id='word_1_363' title='bbox 991 4627 1166 4676; x_wconf 88' lang='lat' dir='ltr'><strong>mare,</strong></span> <span class='ocrx_word' id='word_1_364' title='bbox 1187 4609 1254 4665; x_wconf 89' lang='lat' dir='ltr'><strong>ad</strong></span> <span class='ocrx_word' id='word_1_365' title='bbox 1275 4607 1522 4665; x_wconf 88' lang='lat' dir='ltr'><strong>eamdem</strong></span> <span class='ocrx_word' id='word_1_366' title='bbox 1549 4619 1720 4676; x_wconf 83' lang='lat' dir='ltr'><strong>prope</strong></span> <span class='ocrx_word' id='word_1_367' title='bbox 1745 4611 1800 4672; x_wconf 81' lang='grc' dir='ltr'><strong>ι)</strong></span> 
     </span>
    </p>
   </div>
   <div class='ocr_carea' id='block_1_50' title="bbox 127 4695 1716 4778">
    <p class='ocr_par' dir='ltr' id='par_1_50' title="bbox 127 4695 1716 4778">
     <span class='ocr_line' id='line_1_50' title="bbox 127 4695 1716 4778; baseline -0.009 -16"><span class='ocrx_word' id='word_1_368' title='bbox 127 4705 580 4778; x_wconf 79' lang='lat' dir='ltr'><strong>signiﬁcationem</strong></span> <span class='ocrx_word' id='word_1_369' title='bbox 611 4701 1012 4775; x_wconf 87' lang='lat' dir='ltr'><strong>respicit,quod</strong></span> <span class='ocrx_word' id='word_1_370' title='bbox 1033 4699 1288 4756; x_wconf 83' lang='lat' dir='ltr'><strong>videlicet</strong></span> <span class='ocrx_word' id='word_1_371' title='bbox 1315 4713 1414 4768; x_wconf 89' lang='lat' dir='ltr'><strong>per</strong></span> <span class='ocrx_word' id='word_1_372' title='bbox 1437 4695 1716 4750; x_wconf 87' lang='lat' dir='ltr'><strong>lavacrqu</strong></span> 
     </span>
    </p>
   </div>
   <div class='ocr_carea' id='block_1_51' title="bbox 129 4785 1720 4866">
    <p class='ocr_par' dir='ltr' id='par_1_51' title="bbox 129 4785 1720 4866">
     <span class='ocr_line' id='line_1_51' title="bbox 129 4785 1720 4866; baseline -0.009 -12"><span class='ocrx_word' id='word_1_373' title='bbox 129 4797 272 4854; x_wconf 88' lang='lat' dir='ltr'><strong>sacri</strong></span> <span class='ocrx_word' id='word_1_374' title='bbox 303 4795 490 4862; x_wconf 84' lang='lat' dir='ltr'><strong>fontis,</strong></span> <span class='ocrx_word' id='word_1_375' title='bbox 525 4795 780 4866; x_wconf 88' lang='lat' dir='ltr'><strong>splendor</strong></span> <span class='ocrx_word' id='word_1_376' title='bbox 803 4793 964 4850; x_wconf 88' lang='lat' dir='ltr'><strong>nobis</strong></span> <span class='ocrx_word' id='word_1_377' title='bbox 989 4793 1218 4847; x_wconf 83' lang='lat' dir='ltr'><strong>internae</strong></span> <span class='ocrx_word' id='word_1_378' title='bbox 1271 4785 1542 4844; x_wconf 89' lang='lat' dir='ltr'><strong>claritatis</strong></span> <span class='ocrx_word' id='word_1_379' title='bbox 1589 4797 1720 4854; x_wconf 87' lang='lat' dir='ltr'><strong>ape-</strong></span> 
     </span>
    </p>
   </div>
   <div class='ocr_carea' id='block_1_52' title="bbox 129 4875 1726 4956">
    <p class='ocr_par' dir='ltr' id='par_1_52' title="bbox 129 4875 1726 4956">
     <span class='ocr_line' id='line_1_52' title="bbox 129 4875 1726 4956; baseline -0.011 -10"><span class='ocrx_word' id='word_1_380' title='bbox 129 4889 270 4946; x_wconf 85' lang='lat' dir='ltr'><strong>ritur</strong></span> <span class='ocrx_word' id='word_1_381' title='bbox 307 4905 324 4942; x_wconf 90' lang='lat'>:</span> <span class='ocrx_word' id='word_1_382' title='bbox 359 4887 514 4956; x_wconf 88' lang='lat' dir='ltr'><strong>Quod</strong></span> <span class='ocrx_word' id='word_1_383' title='bbox 553 4887 620 4940; x_wconf 91' lang='lat' dir='ltr'><strong>ad</strong></span> <span class='ocrx_word' id='word_1_384' title='bbox 673 4884 1036 4940; x_wconf 83' lang='lat' dir='ltr'><strong>meridianum</strong></span> <span class='ocrx_word' id='word_1_385' title='bbox 1083 4881 1226 4934; x_wconf 88' lang='lat' dir='ltr'><strong>latus</strong></span> <span class='ocrx_word' id='word_1_386' title='bbox 1259 4877 1414 4942; x_wconf 88' lang='lat' dir='ltr'><strong>atrii,</strong></span> <span class='ocrx_word' id='word_1_387' title='bbox 1451 4875 1726 4947; x_wconf 88' lang='lat' dir='ltr'><strong>signiﬁcat</strong></span> 
     </span>
    </p>
   </div>
   <div class='ocr_carea' id='block_1_53' title="bbox 129 4965 1718 5050">
    <p class='ocr_par' dir='ltr' id='par_1_53' title="bbox 129 4965 1718 5050">
     <span class='ocr_line' id='line_1_53' title="bbox 129 4965 1718 5050; baseline -0.011 -14"><span class='ocrx_word' id='word_1_388' title='bbox 129 4981 322 5038; x_wconf 87' lang='lat' dir='ltr'><strong>ﬁdeles</strong></span> <span class='ocrx_word' id='word_1_389' title='bbox 353 4997 452 5050; x_wconf 87' lang='lat' dir='ltr'><strong>per</strong></span> <span class='ocrx_word' id='word_1_390' title='bbox 481 4979 852 5049; x_wconf 89' lang='lat' dir='ltr'><strong>acceptionem</strong></span> <span class='ocrx_word' id='word_1_391' title='bbox 883 4974 1058 5032; x_wconf 89' lang='lat' dir='ltr'><strong>sancti</strong></span> <span class='ocrx_word' id='word_1_392' title='bbox 1087 4971 1344 5044; x_wconf 84' lang='lat' dir='ltr'><strong>Spiritus,</strong></span> <span class='ocrx_word' id='word_1_393' title='bbox 1381 4968 1450 5023; x_wconf 88' lang='lat' dir='ltr'><strong>ad</strong></span> <span class='ocrx_word' id='word_1_394' title='bbox 1481 4965 1718 5038; x_wconf 83' lang='lat' dir='ltr'><strong>ﬂagran-</strong></span> 
     </span>
    </p>
   </div>
   <div class='ocr_carea' id='block_1_54' title="bbox 129 5059 1720 5130">
    <p class='ocr_par' dir='ltr' id='par_1_54' title="bbox 129 5059 1720 5130">
     <span class='ocr_line' id='line_1_54' title="bbox 129 5059 1720 5130; baseline -0.009 -2"><span class='ocrx_word' id='word_1_395' title='bbox 129 5075 260 5128; x_wconf 85' lang='lat' dir='ltr'><strong>tiam</strong></span> <span class='ocrx_word' id='word_1_396' title='bbox 313 5074 490 5130; x_wconf 87' lang='lat' dir='ltr'><strong>solere</strong></span> <span class='ocrx_word' id='word_1_397' title='bbox 513 5089 657 5128; x_wconf 79' lang='lat' dir='ltr'><strong>verae</strong></span> <span class='ocrx_word' id='word_1_398' title='bbox 681 5067 964 5126; x_wconf 89' lang='lat' dir='ltr'><strong>charitatis</strong></span> <span class='ocrx_word' id='word_1_399' title='bbox 1007 5064 1248 5122; x_wconf 90' lang='lat' dir='ltr'><strong>accendi.</strong></span> <span class='ocrx_word' id='word_1_400' title='bbox 1285 5063 1492 5118; x_wconf 81' lang='lat' dir='ltr'><strong>Fervor</strong></span> <span class='ocrx_word' id='word_1_401' title='bbox 1519 5059 1720 5116; x_wconf 88' lang='lat' dir='ltr'><strong>etenim</strong></span> 
     </span>
    </p>
   </div>
   <div class='ocr_carea' id='block_1_55' title="bbox 129 5153 1722 5228">
    <p class='ocr_par' dir='ltr' id='par_1_55' title="bbox 129 5153 1722 5228">
     <span class='ocr_line' id='line_1_55' title="bbox 129 5153 1722 5228; baseline -0.009 -8"><span class='ocrx_word' id='word_1_402' title='bbox 129 5165 418 5220; x_wconf 86' lang='lat' dir='ltr'><strong>meridiani</strong></span> <span class='ocrx_word' id='word_1_403' title='bbox 451 5163 582 5220; x_wconf 85' lang='lat' dir='ltr'><strong>solis</strong></span> <span class='ocrx_word' id='word_1_404' title='bbox 605 5161 888 5218; x_wconf 87' lang='lat' dir='ltr'><strong>consuevit</strong></span> <span class='ocrx_word' id='word_1_405' title='bbox 928 5159 984 5214; x_wconf 90' lang='lat' dir='ltr'><strong>in</strong></span> <span class='ocrx_word' id='word_1_406' title='bbox 1023 5157 1346 5228; x_wconf 88' lang='lat' dir='ltr'><strong>Scripturis,</strong></span> <span class='ocrx_word' id='word_1_407' title='bbox 1373 5163 1428 5210; x_wconf 90' lang='lat' dir='ltr'><strong>et</strong></span> <span class='ocrx_word' id='word_1_408' title='bbox 1469 5153 1722 5209; x_wconf 87' lang='lat' dir='ltr'><strong>ardorem</strong></span> 
     </span>
    </p>
   </div>
   <div class='ocr_carea' id='block_1_56' title="bbox 129 5246 1722 5326">
    <p class='ocr_par' dir='ltr' id='par_1_56' title="bbox 129 5246 1722 5326">
     <span class='ocr_line' id='line_1_56' title="bbox 129 5246 1722 5326; baseline -0.009 -12"><span class='ocrx_word' id='word_1_409' title='bbox 129 5259 462 5326; x_wconf 89' lang='lat' dir='ltr'><strong>dilectionis,</strong></span> <span class='ocrx_word' id='word_1_410' title='bbox 493 5267 548 5314; x_wconf 89' lang='lat' dir='ltr'><strong>et</strong></span> <span class='ocrx_word' id='word_1_411' title='bbox 571 5257 984 5314; x_wconf 90' lang='lat' dir='ltr'><strong>illustrationem</strong></span> <span class='ocrx_word' id='word_1_412' title='bbox 1015 5253 1326 5326; x_wconf 88' lang='lat' dir='ltr'><strong>signiﬁcare</strong></span> <span class='ocrx_word' id='word_1_413' title='bbox 1353 5249 1528 5306; x_wconf 89' lang='lat' dir='ltr'><strong>sancti</strong></span> <span class='ocrx_word' id='word_1_414' title='bbox 1553 5246 1722 5318; x_wconf 89' lang='lat' dir='ltr'><strong>Spiri-</strong></span> 
     </span>
    </p>
   </div>
   <div class='ocr_carea' id='block_1_57' title="bbox 129 5339 1722 5424">
    <p class='ocr_par' dir='ltr' id='par_1_57' title="bbox 129 5339 1722 5424">
     <span class='ocr_line' id='line_1_57' title="bbox 129 5339 1722 5424; baseline -0.008 -18"><span class='ocrx_word' id='word_1_415' title='bbox 129 5363 238 5418; x_wconf 86' lang='lat' dir='ltr'><strong>tus,</strong></span> <span class='ocrx_word' id='word_1_416' title='bbox 265 5367 366 5423; x_wconf 92' lang='lat' dir='ltr'><strong>per</strong></span> <span class='ocrx_word' id='word_1_417' title='bbox 385 5367 544 5424; x_wconf 87' lang='lat' dir='ltr'><strong>quem</strong></span> <span class='ocrx_word' id='word_1_418' title='bbox 573 5353 764 5408; x_wconf 86' lang='lat' dir='ltr'><strong>eadem</strong></span> <span class='ocrx_word' id='word_1_419' title='bbox 783 5349 1002 5406; x_wconf 89' lang='lat' dir='ltr'><strong>dilectio</strong></span> <span class='ocrx_word' id='word_1_420' title='bbox 1027 5345 1194 5404; x_wconf 85' lang='lat' dir='ltr'><strong>diﬂ‘un</strong></span> <span class='ocrx_word' id='word_1_421' title='bbox 1203 5347 1364 5402; x_wconf 88' lang='lat' dir='ltr'><strong>detur</strong></span> <span class='ocrx_word' id='word_1_422' title='bbox 1381 5345 1436 5400; x_wconf 91' lang='lat' dir='ltr'><strong>in</strong></span> <span class='ocrx_word' id='word_1_423' title='bbox 1459 5339 1722 5400; x_wconf 89' lang='lat' dir='ltr'><strong>cordibus</strong></span> 
     </span>
    </p>
   </div>
   <div class='ocr_carea' id='block_1_58' title="bbox 127 5445 452 5502">
    <p class='ocr_par' dir='ltr' id='par_1_58' title="bbox 127 5445 452 5502">
     <span class='ocr_line' id='line_1_58' title="bbox 127 5445 452 5502; baseline 0 -2"><span class='ocrx_word' id='word_1_424' title='bbox 127 5445 452 5502; x_wconf 81' lang='lat' dir='ltr'><strong>electorum.</strong></span> 
     </span>
    </p>
   </div>
   <div class='ocr_carea' id='block_1_59' title="bbox 205 5569 1724 5652">
    <p class='ocr_par' dir='ltr' id='par_1_59' title="bbox 205 5569 1724 5652">
     <span class='ocr_line' id='line_1_59' title="bbox 205 5569 1724 5652; baseline -0.006 -18"><span class='ocrx_word' id='word_1_425' title='bbox 205 5601 228 5634; x_wconf 74' lang='grc' dir='ltr'>ι</span> <span class='ocrx_word' id='word_1_426' title='bbox 277 5579 470 5638; x_wconf 87' lang='lat' dir='ltr'><strong>Omnia</strong></span> <span class='ocrx_word' id='word_1_427' title='bbox 499 5596 630 5638; x_wconf 86' lang='lat' dir='ltr'><strong>vasa</strong></span> <span class='ocrx_word' id='word_1_428' title='bbox 659 5595 782 5652; x_wconf 80' lang='lat' dir='ltr'><strong>quae</strong></span> <span class='ocrx_word' id='word_1_429' title='bbox 825 5577 956 5636; x_wconf 76' lang='lat' dir='ltr'><strong>fecit</strong></span> <span class='ocrx_word' id='word_1_430' title='bbox 979 5575 1168 5632; x_wconf 82' lang='lat' dir='ltr'><strong>Hiram</strong></span> <span class='ocrx_word' id='word_1_431' title='bbox 1197 5573 1312 5647; x_wconf 84' lang='lat' dir='ltr'><strong>regi</strong></span> <span class='ocrx_word' id='word_1_432' title='bbox 1361 5569 1640 5628; x_wconf 84' lang='lat' dir='ltr'><strong>Salomoni</strong></span> <span class='ocrx_word' id='word_1_433' title='bbox 1668 5570 1724 5626; x_wconf 91' lang='lat' dir='ltr'><strong>in</strong></span> 
     </span>
    </p>
   </div>
   <div class='ocr_carea' id='block_1_60' title="bbox 135 5663 1726 5737">
    <p class='ocr_par' dir='ltr' id='par_1_60' title="bbox 135 5663 1726 5737">
     <span class='ocr_line' id='line_1_60' title="bbox 135 5663 1726 5737; baseline -0.008 -6"><span class='ocrx_word' id='word_1_434' title='bbox 135 5691 154 5724; x_wconf 75' lang='grc' dir='ltr'>ι</span> <span class='ocrx_word' id='word_1_435' title='bbox 195 5673 364 5730; x_wconf 88' lang='lat' dir='ltr'><strong>domo</strong></span> <span class='ocrx_word' id='word_1_436' title='bbox 389 5673 602 5730; x_wconf 89' lang='lat' dir='ltr'><strong>Domini</strong></span> <span class='ocrx_word' id='word_1_437' title='bbox 630 5675 695 5731; x_wconf 89' lang='lat' dir='ltr'><strong>de</strong></span> <span class='ocrx_word' id='word_1_438' title='bbox 717 5669 1032 5728; x_wconf 87' lang='lat' dir='ltr'><strong>aurichalco</strong></span> <span class='ocrx_word' id='word_1_439' title='bbox 1059 5675 1236 5724; x_wconf 88' lang='lat' dir='ltr'><strong>erant.</strong></span> <span class='ocrx_word' id='word_1_440' title='bbox 1269 5667 1328 5722; x_wconf 89' lang='lat' dir='ltr'><strong>In</strong></span> <span class='ocrx_word' id='word_1_441' title='bbox 1357 5665 1580 5737; x_wconf 83' lang='lat' dir='ltr'><strong>regione</strong></span> <span class='ocrx_word' id='word_1_442' title='bbox 1601 5663 1726 5718; x_wconf 82' lang='lat' dir='ltr'><strong>Jor-</strong></span> 
     </span>
    </p>
   </div>
   <div class='ocr_carea' id='block_1_61' title="bbox 135 5755 1725 5836">
    <p class='ocr_par' dir='ltr' id='par_1_61' title="bbox 135 5755 1725 5836">
     <span class='ocr_line' id='line_1_61' title="bbox 135 5755 1725 5836; baseline -0.004 -17"><span class='ocrx_word' id='word_1_443' title='bbox 135 5785 154 5818; x_wconf 75' lang='grc' dir='ltr'>ι</span> <span class='ocrx_word' id='word_1_444' title='bbox 194 5765 364 5820; x_wconf 77' lang='lat' dir='ltr'><strong>(lanis</strong></span> <span class='ocrx_word' id='word_1_445' title='bbox 403 5765 540 5822; x_wconf 82' lang='lat' dir='ltr'><strong>fudit</strong></span> <span class='ocrx_word' id='word_1_446' title='bbox 585 5781 648 5822; x_wconf 91' lang='lat' dir='ltr'><strong>ea</strong></span> <span class='ocrx_word' id='word_1_447' title='bbox 675 5783 770 5822; x_wconf 80' lang='lat' dir='ltr'><strong>rex</strong></span> <span class='ocrx_word' id='word_1_448' title='bbox 821 5765 876 5820; x_wconf 88' lang='lat' dir='ltr'><strong>in</strong></span> <span class='ocrx_word' id='word_1_449' title='bbox 915 5761 1172 5836; x_wconf 87' lang='lat' dir='ltr'><strong>argillosa</strong></span> <span class='ocrx_word' id='word_1_450' title='bbox 1225 5769 1390 5816; x_wconf 87' lang='lat' dir='ltr'><strong>terra.</strong></span> <span class='ocrx_word' id='word_1_451' title='bbox 1429 5779 1448 5811; x_wconf 71' lang='grc' dir='ltr'><strong><em>ι</em></strong></span> <span class='ocrx_word' id='word_1_452' title='bbox 1491 5759 1628 5828; x_wconf 81' lang='lat' dir='ltr'><strong>Apte</strong></span> <span class='ocrx_word' id='word_1_453' title='bbox 1669 5755 1725 5812; x_wconf 88' lang='lat' dir='ltr'><strong>in</strong></span> 
     </span>
    </p>
   </div>
   <div class='ocr_carea' id='block_1_62' title="bbox 131 5849 1768 5936">
    <p class='ocr_par' dir='ltr' id='par_1_62' title="bbox 131 5849 1768 5936">
     <span class='ocr_line' id='line_1_62' title="bbox 131 5849 1768 5936; baseline -0.006 -20"><span class='ocrx_word' id='word_1_454' title='bbox 131 5859 366 5932; x_wconf 82' lang='lat' dir='ltr'><strong>regione</strong></span> <span class='ocrx_word' id='word_1_455' title='bbox 406 5859 656 5920; x_wconf 79' lang='lat' dir='ltr'><strong>Jordauis</strong></span> <span class='ocrx_word' id='word_1_456' title='bbox 683 5859 804 5917; x_wconf 80' lang='lat' dir='ltr'><strong>fusa</strong></span> <span class='ocrx_word' id='word_1_457' title='bbox 851 5867 980 5918; x_wconf 86' lang='lat' dir='ltr'><strong>sunt</strong></span> <span class='ocrx_word' id='word_1_458' title='bbox 1007 5873 1134 5914; x_wconf 88' lang='lat' dir='ltr'><strong>vasa</strong></span> <span class='ocrx_word' id='word_1_459' title='bbox 1165 5855 1359 5914; x_wconf 89' lang='lat' dir='ltr'><strong>domus</strong></span> <span class='ocrx_word' id='word_1_460' title='bbox 1401 5851 1636 5918; x_wconf 89' lang='lat' dir='ltr'><strong>Domini,</strong></span> <span class='ocrx_word' id='word_1_461' title='bbox 1667 5849 1768 5936; x_wconf 34' lang='lat' dir='ltr'><strong>in”</strong></span> 
     </span>
    </p>
   </div>
   <div class='ocr_carea' id='block_1_63' title="bbox 1823 579 3406 653">
    <p class='ocr_par' dir='ltr' id='par_1_63' title="bbox 1823 579 3406 653">
     <span class='ocr_line' id='line_1_63' title="bbox 1823 579 3406 653; baseline 0.003 -19"><span class='ocrx_word' id='word_1_462' title='bbox 1823 589 1907 634; x_wconf 89' lang='lat' dir='ltr'><strong>tus</strong></span> <span class='ocrx_word' id='word_1_463' title='bbox 1931 587 2014 636; x_wconf 87' lang='lat' dir='ltr'><strong>est</strong></span> <span class='ocrx_word' id='word_1_464' title='bbox 2041 621 2055 646; x_wconf 94' lang='lat'><strong>,</strong></span> <span class='ocrx_word' id='word_1_465' title='bbox 2083 581 2312 652; x_wconf 84' lang='lat' dir='ltr'><strong>ejusque</strong></span> <span class='ocrx_word' id='word_1_466' title='bbox 2343 579 2544 635; x_wconf 88' lang='lat' dir='ltr'><strong>tinctus</strong></span> <span class='ocrx_word' id='word_1_467' title='bbox 2585 580 2746 636; x_wconf 89' lang='lat' dir='ltr'><strong>undis</strong></span> <span class='ocrx_word' id='word_1_468' title='bbox 2777 597 3044 653; x_wconf 88' lang='lat' dir='ltr'><strong>aquarum</strong></span> <span class='ocrx_word' id='word_1_469' title='bbox 3085 581 3244 637; x_wconf 92' lang='lat' dir='ltr'><strong>nobis</strong></span> <span class='ocrx_word' id='word_1_470' title='bbox 3295 581 3406 638; x_wconf 83' lang='lat' dir='ltr'><strong>ele-</strong></span> 
     </span>
    </p>
   </div>
   <div class='ocr_carea' id='block_1_64' title="bbox 1819 673 3404 746">
    <p class='ocr_par' dir='ltr' id='par_1_64' title="bbox 1819 673 3404 746">
     <span class='ocr_line' id='line_1_64' title="bbox 1819 673 3404 746; baseline 0.003 -20"><span class='ocrx_word' id='word_1_471' title='bbox 1819 681 2062 728; x_wconf 86' lang='lat' dir='ltr'><strong>mentum</strong></span> <span class='ocrx_word' id='word_1_472' title='bbox 2085 673 2138 728; x_wconf 92' lang='lat' dir='ltr'><strong>in</strong></span> <span class='ocrx_word' id='word_1_473' title='bbox 2163 673 2436 728; x_wconf 90' lang='lat' dir='ltr'><strong>ablutione</strong></span> <span class='ocrx_word' id='word_1_474' title='bbox 2459 683 2830 744; x_wconf 89' lang='lat' dir='ltr'><strong>peccatorum,</strong></span> <span class='ocrx_word' id='word_1_475' title='bbox 2861 675 3150 730; x_wconf 86' lang='lat' dir='ltr'><strong>convertit.</strong></span> <span class='ocrx_word' id='word_1_476' title='bbox 3181 675 3248 730; x_wconf 86' lang='lat' dir='ltr'><strong>Et</strong></span> <span class='ocrx_word' id='word_1_477' title='bbox 3273 676 3404 746; x_wconf 88' lang='lat' dir='ltr'><strong>quia</strong></span> 
     </span>
    </p>
   </div>
   <div class='ocr_carea' id='block_1_65' title="bbox 1819 765 3404 836">
    <p class='ocr_par' dir='ltr' id='par_1_65' title="bbox 1819 765 3404 836">
     <span class='ocr_line' id='line_1_65' title="bbox 1819 765 3404 836; baseline 0.002 -16"><span class='ocrx_word' id='word_1_478' title='bbox 1819 779 1980 820; x_wconf 90' lang='lat' dir='ltr'><strong>omne</strong></span> <span class='ocrx_word' id='word_1_479' title='bbox 2013 765 2250 820; x_wconf 89' lang='lat' dir='ltr'><strong>ﬁdelium</strong></span> <span class='ocrx_word' id='word_1_480' title='bbox 2281 766 2576 836; x_wconf 85' lang='lat' dir='ltr'><strong>baptisma,</strong></span> <span class='ocrx_word' id='word_1_481' title='bbox 2603 781 2710 836; x_wconf 89' lang='lat' dir='ltr'><strong>quo</strong></span> <span class='ocrx_word' id='word_1_482' title='bbox 2735 767 2960 822; x_wconf 86' lang='lat' dir='ltr'><strong>Domino</strong></span> <span class='ocrx_word' id='word_1_483' title='bbox 2987 775 3404 836; x_wconf 88' lang='lat' dir='ltr'><strong>consecrantur,</strong></span> 
     </span>
    </p>
   </div>
   <div class='ocr_carea' id='block_1_66' title="bbox 1841 856 3410 930">
    <p class='ocr_par' dir='ltr' id='par_1_66' title="bbox 1841 856 3410 930">
     <span class='ocr_line' id='line_1_66' title="bbox 1841 856 3410 930; baseline 0.002 -18"><span class='ocrx_word' id='word_1_484' title='bbox 1841 872 1878 912; x_wconf 91' lang='lat' dir='ltr'><strong>n</strong></span> <span class='ocrx_word' id='word_1_485' title='bbox 1907 856 2214 926; x_wconf 81' lang='lat' dir='ltr'><strong>exemplum</strong></span> <span class='ocrx_word' id='word_1_486' title='bbox 2257 857 2566 913; x_wconf 85' lang='lat' dir='ltr'><strong>celebratur</strong></span> <span class='ocrx_word' id='word_1_487' title='bbox 2609 857 2952 928; x_wconf 86' lang='lat' dir='ltr'><strong>baptismatis</strong></span> <span class='ocrx_word' id='word_1_488' title='bbox 2979 857 3122 913; x_wconf 88' lang='lat' dir='ltr'><strong>illius</strong></span> <span class='ocrx_word' id='word_1_489' title='bbox 3157 873 3264 928; x_wconf 91' lang='lat' dir='ltr'><strong>quo</strong></span> <span class='ocrx_word' id='word_1_490' title='bbox 3292 857 3410 930; x_wconf 87' lang='lat' dir='ltr'><strong>ipse</strong></span> 
     </span>
    </p>
   </div>
   <div class='ocr_carea' id='block_1_67' title="bbox 1855 947 3409 1020">
    <p class='ocr_par' dir='ltr' id='par_1_67' title="bbox 1855 947 3409 1020">
     <span class='ocr_line' id='line_1_67' title="bbox 1855 947 3409 1020; baseline 0.003 -18"><span class='ocrx_word' id='word_1_491' title='bbox 1855 963 1992 1020; x_wconf 90' lang='lat' dir='ltr'><strong>quas</strong></span> <span class='ocrx_word' id='word_1_492' title='bbox 2044 949 2366 1016; x_wconf 85' lang='lat' dir='ltr'><strong>sanctiﬁcat,</strong></span> <span class='ocrx_word' id='word_1_493' title='bbox 2423 957 2568 1005; x_wconf 91' lang='lat' dir='ltr'><strong>recte</strong></span> <span class='ocrx_word' id='word_1_494' title='bbox 2609 949 2664 1004; x_wconf 91' lang='lat' dir='ltr'><strong>in</strong></span> <span class='ocrx_word' id='word_1_495' title='bbox 2711 949 2928 1020; x_wconf 79' lang='lat' dir='ltr'><strong>regione</strong></span> <span class='ocrx_word' id='word_1_496' title='bbox 2975 947 3228 1006; x_wconf 70' lang='lat' dir='ltr'><strong>Iordanis</strong></span> <span class='ocrx_word' id='word_1_497' title='bbox 3277 965 3409 1006; x_wconf 88' lang='lat' dir='ltr'><strong>vasa</strong></span> 
     </span>
    </p>
   </div>
   <div class='ocr_carea' id='block_1_68' title="bbox 1819 1041 3410 1114">
    <p class='ocr_par' dir='ltr' id='par_1_68' title="bbox 1819 1041 3410 1114">
     <span class='ocr_line' id='line_1_68' title="bbox 1819 1041 3410 1114; baseline 0.001 -16"><span class='ocrx_word' id='word_1_498' title='bbox 1819 1049 1946 1098; x_wconf 91' lang='lat' dir='ltr'><strong>sunt</strong></span> <span class='ocrx_word' id='word_1_499' title='bbox 1975 1041 2186 1098; x_wconf 89' lang='lat' dir='ltr'><strong>Domini</strong></span> <span class='ocrx_word' id='word_1_500' title='bbox 2216 1041 2384 1106; x_wconf 80' lang='lat' dir='ltr'><strong>facta,</strong></span> <span class='ocrx_word' id='word_1_501' title='bbox 2413 1057 2590 1114; x_wconf 90' lang='lat' dir='ltr'><strong>neque</strong></span> <span class='ocrx_word' id='word_1_502' title='bbox 2619 1041 2764 1098; x_wconf 91' lang='lat' dir='ltr'><strong>enim</strong></span> <span class='ocrx_word' id='word_1_503' title='bbox 2793 1041 2953 1098; x_wconf 89' lang='lat' dir='ltr'><strong>aliter</strong></span> <span class='ocrx_word' id='word_1_504' title='bbox 2973 1058 3100 1098; x_wconf 89' lang='lat' dir='ltr'><strong>vasa</strong></span> <span class='ocrx_word' id='word_1_505' title='bbox 3126 1043 3410 1100; x_wconf 84' lang='lat' dir='ltr'><strong>electionis</strong></span> 
     </span>
    </p>
   </div>
   <div class='ocr_carea' id='block_1_69' title="bbox 1819 1133 3410 1206">
    <p class='ocr_par' dir='ltr' id='par_1_69' title="bbox 1819 1133 3410 1206">
     <span class='ocr_line' id='line_1_69' title="bbox 1819 1133 3410 1206; baseline 0.001 -16"><span class='ocrx_word' id='word_1_506' title='bbox 1819 1145 1874 1190; x_wconf 91' lang='lat' dir='ltr'><strong>et</strong></span> <span class='ocrx_word' id='word_1_507' title='bbox 1905 1133 2291 1190; x_wconf 79' lang='lat' dir='ltr'><strong>misericordiae</strong></span> <span class='ocrx_word' id='word_1_508' title='bbox 2335 1134 2452 1189; x_wconf 90' lang='lat' dir='ltr'><strong>ﬁeri</strong></span> <span class='ocrx_word' id='word_1_509' title='bbox 2477 1149 2790 1206; x_wconf 90' lang='lat' dir='ltr'><strong>possumus,</strong></span> <span class='ocrx_word' id='word_1_510' title='bbox 2819 1135 2924 1190; x_wconf 88' lang='lat' dir='ltr'><strong>nisi</strong></span> <span class='ocrx_word' id='word_1_511' title='bbox 2965 1143 3020 1190; x_wconf 91' lang='lat' dir='ltr'><strong>et</strong></span> <span class='ocrx_word' id='word_1_512' title='bbox 3047 1135 3102 1190; x_wconf 91' lang='lat' dir='ltr'><strong>in</strong></span> <span class='ocrx_word' id='word_1_513' title='bbox 3139 1135 3410 1206; x_wconf 88' lang='lat' dir='ltr'><strong>baptismo</strong></span> 
     </span>
    </p>
   </div>
   <div class='ocr_carea' id='block_1_70' title="bbox 1818 1223 3409 1298">
    <p class='ocr_par' dir='ltr' id='par_1_70' title="bbox 1818 1223 3409 1298">
     <span class='ocr_line' id='line_1_70' title="bbox 1818 1223 3409 1298; baseline 0.001 -18"><span class='ocrx_word' id='word_1_514' title='bbox 1818 1223 1936 1294; x_wconf 87' lang='lat' dir='ltr'><strong>ejus</strong></span> <span class='ocrx_word' id='word_1_515' title='bbox 1961 1227 2104 1298; x_wconf 89' lang='lat' dir='ltr'><strong>quod</strong></span> <span class='ocrx_word' id='word_1_516' title='bbox 2133 1225 2222 1294; x_wconf 70' lang='lat' dir='ltr'><strong>illo</strong></span> <span class='ocrx_word' id='word_1_517' title='bbox 2253 1225 2306 1278; x_wconf 92' lang='lat' dir='ltr'><strong>in</strong></span> <span class='ocrx_word' id='word_1_518' title='bbox 2345 1223 2568 1280; x_wconf 90' lang='lat' dir='ltr'><strong>ﬂumine</strong></span> <span class='ocrx_word' id='word_1_519' title='bbox 2615 1225 2782 1280; x_wconf 90' lang='lat' dir='ltr'><strong>subiit</strong></span> <span class='ocrx_word' id='word_1_520' title='bbox 2811 1225 3188 1296; x_wconf 88' lang='lat' dir='ltr'><strong>respicientes,</strong></span> <span class='ocrx_word' id='word_1_521' title='bbox 3220 1235 3274 1280; x_wconf 90' lang='lat' dir='ltr'><strong>et</strong></span> <span class='ocrx_word' id='word_1_522' title='bbox 3305 1225 3409 1297; x_wconf 89' lang='lat' dir='ltr'><strong>ipsi</strong></span> 
     </span>
    </p>
   </div>
   <div class='ocr_carea' id='block_1_71' title="bbox 1817 1316 3412 1388">
    <p class='ocr_par' dir='ltr' id='par_1_71' title="bbox 1817 1316 3412 1388">
     <span class='ocr_line' id='line_1_71' title="bbox 1817 1316 3412 1388; baseline 0.001 -16"><span class='ocrx_word' id='word_1_523' title='bbox 1817 1317 1968 1372; x_wconf 84' lang='lat' dir='ltr'><strong>vitali</strong></span> <span class='ocrx_word' id='word_1_524' title='bbox 2023 1316 2246 1374; x_wconf 89' lang='lat' dir='ltr'><strong>ﬂumine</strong></span> <span class='ocrx_word' id='word_1_525' title='bbox 2297 1317 2598 1388; x_wconf 87' lang='lat' dir='ltr'><strong>satagimus</strong></span> <span class='ocrx_word' id='word_1_526' title='bbox 2645 1317 2808 1372; x_wconf 90' lang='lat' dir='ltr'><strong>ablui.</strong></span> <span class='ocrx_word' id='word_1_527' title='bbox 2865 1317 3174 1374; x_wconf 80' lang='lat' dir='ltr'><strong>Notandum</strong></span> <span class='ocrx_word' id='word_1_528' title='bbox 3229 1327 3412 1374; x_wconf 90' lang='lat' dir='ltr'><strong>autem</strong></span> 
     </span>
    </p>
   </div>
   <div class='ocr_carea' id='block_1_72' title="bbox 1817 1409 3412 1482">
    <p class='ocr_par' dir='ltr' id='par_1_72' title="bbox 1817 1409 3412 1482">
     <span class='ocr_line' id='line_1_72' title="bbox 1817 1409 3412 1482; baseline 0.003 -18"><span class='ocrx_word' id='word_1_529' title='bbox 1817 1411 1962 1482; x_wconf 85' lang='lat' dir='ltr'><strong>quod</strong></span> <span class='ocrx_word' id='word_1_530' title='bbox 1999 1425 2106 1466; x_wconf 88' lang='lat' dir='ltr'><strong>non</strong></span> <span class='ocrx_word' id='word_1_531' title='bbox 2133 1417 2342 1464; x_wconf 89' lang='lat' dir='ltr'><strong>tantum</strong></span> <span class='ocrx_word' id='word_1_532' title='bbox 2373 1409 2428 1464; x_wconf 88' lang='lat' dir='ltr'><strong>in</strong></span> <span class='ocrx_word' id='word_1_533' title='bbox 2477 1409 2700 1482; x_wconf 82' lang='lat' dir='ltr'><strong>regione</strong></span> <span class='ocrx_word' id='word_1_534' title='bbox 2727 1409 3002 1477; x_wconf 86' lang='lat' dir='ltr'><strong>Jordanis,</strong></span> <span class='ocrx_word' id='word_1_535' title='bbox 3039 1411 3134 1468; x_wconf 88' lang='lat' dir='ltr'><strong>sed</strong></span> <span class='ocrx_word' id='word_1_536' title='bbox 3161 1411 3218 1468; x_wconf 85' lang='lat' dir='ltr'><strong>in</strong></span> <span class='ocrx_word' id='word_1_537' title='bbox 3263 1427 3412 1468; x_wconf 88' lang='lat' dir='ltr'><strong>cam-</strong></span> 
     </span>
    </p>
   </div>
   <div class='ocr_carea' id='block_1_73' title="bbox 1815 1499 3412 1572">
    <p class='ocr_par' dir='ltr' id='par_1_73' title="bbox 1815 1499 3412 1572">
     <span class='ocr_line' id='line_1_73' title="bbox 1815 1499 3412 1572; baseline 0.002 -16"><span class='ocrx_word' id='word_1_538' title='bbox 1815 1499 1986 1572; x_wconf 89' lang='lat' dir='ltr'><strong>pestri</strong></span> <span class='ocrx_word' id='word_1_539' title='bbox 2016 1501 2237 1572; x_wconf 86' lang='lat' dir='ltr'><strong>regione</strong></span> <span class='ocrx_word' id='word_1_540' title='bbox 2278 1499 2423 1556; x_wconf 89' lang='lat' dir='ltr'><strong>illius</strong></span> <span class='ocrx_word' id='word_1_541' title='bbox 2463 1499 2606 1558; x_wconf 84' lang='lat' dir='ltr'><strong>facta</strong></span> <span class='ocrx_word' id='word_1_542' title='bbox 2637 1502 2892 1558; x_wconf 87' lang='lat' dir='ltr'><strong>dicuntur</strong></span> <span class='ocrx_word' id='word_1_543' title='bbox 2927 1503 3116 1564; x_wconf 86' lang='lat' dir='ltr'><strong>eadem</strong></span> <span class='ocrx_word' id='word_1_544' title='bbox 3143 1519 3294 1570; x_wconf 86' lang='lat' dir='ltr'><strong>vasa,</strong></span> <span class='ocrx_word' id='word_1_545' title='bbox 3339 1505 3412 1559; x_wconf 85' lang='lat' dir='ltr'><strong>si-</strong></span> 
     </span>
    </p>
   </div>
   <div class='ocr_carea' id='block_1_74' title="bbox 1815 1593 3408 1666">
    <p class='ocr_par' dir='ltr' id='par_1_74' title="bbox 1815 1593 3408 1666">
     <span class='ocr_line' id='line_1_74' title="bbox 1815 1593 3408 1666; baseline 0.003 -18"><span class='ocrx_word' id='word_1_546' title='bbox 1815 1593 2082 1666; x_wconf 90' lang='lat' dir='ltr'><strong>gniﬁcans</strong></span> <span class='ocrx_word' id='word_1_547' title='bbox 2118 1593 2626 1664; x_wconf 89' lang='lat' dir='ltr'><strong>multiplicationem</strong></span> <span class='ocrx_word' id='word_1_548' title='bbox 2659 1593 2921 1663; x_wconf 88' lang='lat' dir='ltr'><strong>ﬁdelium,</strong></span> <span class='ocrx_word' id='word_1_549' title='bbox 2950 1611 3071 1666; x_wconf 83' lang='lat' dir='ltr'><strong>quae</strong></span> <span class='ocrx_word' id='word_1_550' title='bbox 3091 1611 3202 1652; x_wconf 86' lang='lat' dir='ltr'><strong>non</strong></span> <span class='ocrx_word' id='word_1_551' title='bbox 3233 1595 3408 1652; x_wconf 86' lang='lat' dir='ltr'><strong>solum</strong></span> 
     </span>
    </p>
   </div>
   <div class='ocr_carea' id='block_1_75' title="bbox 1817 1685 3414 1752">
    <p class='ocr_par' dir='ltr' id='par_1_75' title="bbox 1817 1685 3414 1752">
     <span class='ocr_line' id='line_1_75' title="bbox 1817 1685 3414 1752; baseline 0.001 -10"><span class='ocrx_word' id='word_1_552' title='bbox 1817 1687 1872 1742; x_wconf 91' lang='lat' dir='ltr'><strong>in</strong></span> <span class='ocrx_word' id='word_1_553' title='bbox 1899 1685 2108 1752; x_wconf 65' lang='lat' dir='ltr'><strong>Judaea,</strong></span> <span class='ocrx_word' id='word_1_554' title='bbox 2141 1689 2234 1744; x_wconf 85' lang='lat' dir='ltr'><strong>sed</strong></span> <span class='ocrx_word' id='word_1_555' title='bbox 2284 1696 2339 1742; x_wconf 92' lang='lat' dir='ltr'><strong>et</strong></span> <span class='ocrx_word' id='word_1_556' title='bbox 2379 1687 2431 1742; x_wconf 91' lang='lat' dir='ltr'><strong>in</strong></span> <span class='ocrx_word' id='word_1_557' title='bbox 2463 1687 2707 1742; x_wconf 86' lang='lat' dir='ltr'><strong>omnium</strong></span> <span class='ocrx_word' id='word_1_558' title='bbox 2755 1688 3036 1744; x_wconf 86' lang='lat' dir='ltr'><strong>nationum</strong></span> <span class='ocrx_word' id='word_1_559' title='bbox 3067 1697 3188 1744; x_wconf 88' lang='lat' dir='ltr'><strong>erat</strong></span> <span class='ocrx_word' id='word_1_560' title='bbox 3225 1687 3414 1744; x_wconf 84' lang='lat' dir='ltr'><strong>latitu-</strong></span> 
     </span>
    </p>
   </div>
   <div class='ocr_carea' id='block_1_76' title="bbox 1815 1773 3408 1848">
    <p class='ocr_par' dir='ltr' id='par_1_76' title="bbox 1815 1773 3408 1848">
     <span class='ocr_line' id='line_1_76' title="bbox 1815 1773 3408 1848; baseline 0.003 -18"><span class='ocrx_word' id='word_1_561' title='bbox 1815 1775 1942 1832; x_wconf 92' lang='lat' dir='ltr'><strong>dine</strong></span> <span class='ocrx_word' id='word_1_562' title='bbox 1969 1773 2172 1840; x_wconf 85' lang='lat' dir='ltr'><strong>futura,</strong></span> <span class='ocrx_word' id='word_1_563' title='bbox 2203 1775 2416 1848; x_wconf 78' lang='lat' dir='ltr'><strong>expleta</strong></span> <span class='ocrx_word' id='word_1_564' title='bbox 2451 1777 2736 1848; x_wconf 86' lang='lat' dir='ltr'><strong>prophetia</strong></span> <span class='ocrx_word' id='word_1_565' title='bbox 2761 1793 2867 1848; x_wconf 88' lang='lat' dir='ltr'><strong>qua</strong></span> <span class='ocrx_word' id='word_1_566' title='bbox 2889 1777 3109 1844; x_wconf 87' lang='lat' dir='ltr'><strong>dicitur,</strong></span> <span class='ocrx_word' id='word_1_567' title='bbox 3145 1795 3164 1830; x_wconf 74' lang='grc' dir='ltr'>ι</span> <span class='ocrx_word' id='word_1_568' title='bbox 3193 1776 3408 1834; x_wconf 88' lang='lat' dir='ltr'><strong>Gaude—</strong></span> 
     </span>
    </p>
   </div>
   <div class='ocr_carea' id='block_1_77' title="bbox 1741 1863 3403 1940">
    <p class='ocr_par' dir='ltr' id='par_1_77' title="bbox 1741 1863 3403 1940">
     <span class='ocr_line' id='line_1_77' title="bbox 1741 1863 3403 1940; baseline -0.001 -16"><span class='ocrx_word' id='word_1_569' title='bbox 1741 1863 1790 1924; x_wconf 88' lang='grc' dir='ltr'>Β</span> <span class='ocrx_word' id='word_1_570' title='bbox 1815 1867 1952 1923; x_wconf 87' lang='lat' dir='ltr'><strong>bunt</strong></span> <span class='ocrx_word' id='word_1_571' title='bbox 1977 1867 2156 1940; x_wconf 89' lang='lat' dir='ltr'><strong>campi</strong></span> <span class='ocrx_word' id='word_1_572' title='bbox 2192 1875 2247 1924; x_wconf 89' lang='lat' dir='ltr'><strong>et</strong></span> <span class='ocrx_word' id='word_1_573' title='bbox 2269 1868 2450 1924; x_wconf 86' lang='lat' dir='ltr'><strong>omnia</strong></span> <span class='ocrx_word' id='word_1_574' title='bbox 2481 1883 2603 1940; x_wconf 81' lang='lat' dir='ltr'><strong>quae</strong></span> <span class='ocrx_word' id='word_1_575' title='bbox 2635 1869 2688 1922; x_wconf 88' lang='lat' dir='ltr'><strong>in</strong></span> <span class='ocrx_word' id='word_1_576' title='bbox 2723 1869 2802 1924; x_wconf 90' lang='lat' dir='ltr'><strong>eis</strong></span> <span class='ocrx_word' id='word_1_577' title='bbox 2845 1877 2974 1924; x_wconf 89' lang='lat' dir='ltr'><strong>sunt</strong></span> <span class='ocrx_word' id='word_1_578' title='bbox 3005 1867 3180 1940; x_wconf 81' lang='lat' dir='ltr'><strong>(Psal.</strong></span> <span class='ocrx_word' id='word_1_579' title='bbox 3203 1869 3353 1940; x_wconf 77' lang='lat' dir='ltr'><strong>xcv).</strong></span> <span class='ocrx_word' id='word_1_580' title='bbox 3381 1887 3403 1922; x_wconf 71' lang='grc' dir='ltr'><strong><em>ι</em></strong></span> 
     </span>
    </p>
   </div>
   <div class='ocr_carea' id='block_1_78' title="bbox 1817 1959 3412 2032">
    <p class='ocr_par' dir='ltr' id='par_1_78' title="bbox 1817 1959 3412 2032">
     <span class='ocr_line' id='line_1_78' title="bbox 1817 1959 3412 2032; baseline 0.001 -16"><span class='ocrx_word' id='word_1_581' title='bbox 1817 1959 2084 2032; x_wconf 85' lang='lat' dir='ltr'><strong>Argillosa</strong></span> <span class='ocrx_word' id='word_1_582' title='bbox 2111 1969 2292 2015; x_wconf 90' lang='lat' dir='ltr'><strong>autem</strong></span> <span class='ocrx_word' id='word_1_583' title='bbox 2325 1969 2492 2026; x_wconf 90' lang='lat' dir='ltr'><strong>terra,</strong></span> <span class='ocrx_word' id='word_1_584' title='bbox 2523 1961 2589 2014; x_wconf 92' lang='lat' dir='ltr'><strong>de</strong></span> <span class='ocrx_word' id='word_1_585' title='bbox 2631 1977 2736 2031; x_wconf 89' lang='lat' dir='ltr'><strong>qua</strong></span> <span class='ocrx_word' id='word_1_586' title='bbox 2778 1959 2936 2016; x_wconf 70' lang='lat' dir='ltr'><strong>factae</strong></span> <span class='ocrx_word' id='word_1_587' title='bbox 2959 1969 3086 2016; x_wconf 91' lang='lat' dir='ltr'><strong>sunt</strong></span> <span class='ocrx_word' id='word_1_588' title='bbox 3119 1959 3308 2018; x_wconf 68' lang='lat' dir='ltr'><strong>forma:</strong></span> <span class='ocrx_word' id='word_1_589' title='bbox 3342 1960 3412 2018; x_wconf 89' lang='lat' dir='ltr'><strong>ad</strong></span> 
     </span>
    </p>
   </div>
   <div class='ocr_carea' id='block_1_79' title="bbox 1819 2051 3410 2126">
    <p class='ocr_par' dir='ltr' id='par_1_79' title="bbox 1819 2051 3410 2126">
     <span class='ocr_line' id='line_1_79' title="bbox 1819 2051 3410 2126; baseline 0.001 -17"><span class='ocrx_word' id='word_1_590' title='bbox 1819 2053 2092 2110; x_wconf 80' lang='lat' dir='ltr'><strong>fundenda</strong></span> <span class='ocrx_word' id='word_1_591' title='bbox 2119 2069 2248 2108; x_wconf 88' lang='lat' dir='ltr'><strong>vasa</strong></span> <span class='ocrx_word' id='word_1_592' title='bbox 2279 2051 2515 2120; x_wconf 86' lang='lat' dir='ltr'><strong>Domini,</strong></span> <span class='ocrx_word' id='word_1_593' title='bbox 2544 2053 2672 2124; x_wconf 91' lang='lat' dir='ltr'><strong>quid</strong></span> <span class='ocrx_word' id='word_1_594' title='bbox 2702 2053 2896 2110; x_wconf 89' lang='lat' dir='ltr'><strong>melius</strong></span> <span class='ocrx_word' id='word_1_595' title='bbox 2923 2069 3086 2126; x_wconf 90' lang='lat' dir='ltr'><strong>quam</strong></span> <span class='ocrx_word' id='word_1_596' title='bbox 3129 2053 3410 2125; x_wconf 87' lang='lat' dir='ltr'><strong>Scriptura</strong></span> 
     </span>
    </p>
   </div>
   <div class='ocr_carea' id='block_1_80' title="bbox 1819 2147 3414 2220">
    <p class='ocr_par' dir='ltr' id='par_1_80' title="bbox 1819 2147 3414 2220">
     <span class='ocr_line' id='line_1_80' title="bbox 1819 2147 3414 2220; baseline 0.001 -16"><span class='ocrx_word' id='word_1_597' title='bbox 1819 2163 1975 2204; x_wconf 89' lang='lat' dir='ltr'><strong>sacra</strong></span> <span class='ocrx_word' id='word_1_598' title='bbox 2005 2148 2094 2220; x_wconf 92' lang='lat' dir='ltr'><strong>(de</strong></span> <span class='ocrx_word' id='word_1_599' title='bbox 2113 2163 2220 2220; x_wconf 87' lang='lat' dir='ltr'><strong>qua</strong></span> <span class='ocrx_word' id='word_1_600' title='bbox 2245 2147 2488 2218; x_wconf 83' lang='lat' dir='ltr'><strong>regulam</strong></span> <span class='ocrx_word' id='word_1_601' title='bbox 2513 2147 2652 2202; x_wconf 90' lang='lat' dir='ltr'><strong>bene</strong></span> <span class='ocrx_word' id='word_1_602' title='bbox 2683 2147 2898 2204; x_wconf 85' lang='lat' dir='ltr'><strong>vivendi</strong></span> <span class='ocrx_word' id='word_1_603' title='bbox 2925 2148 3244 2220; x_wconf 88' lang='lat' dir='ltr'><strong>accipimus)</strong></span> <span class='ocrx_word' id='word_1_604' title='bbox 3270 2147 3414 2206; x_wconf 88' lang='lat' dir='ltr'><strong>valet</strong></span> 
     </span>
    </p>
   </div>
   <div class='ocr_carea' id='block_1_81' title="bbox 1819 2240 3410 2314">
    <p class='ocr_par' dir='ltr' id='par_1_81' title="bbox 1819 2240 3410 2314">
     <span class='ocr_line' id='line_1_81' title="bbox 1819 2240 3410 2314; baseline -0.001 -16"><span class='ocrx_word' id='word_1_605' title='bbox 1819 2241 2088 2314; x_wconf 87' lang='lat' dir='ltr'><strong>intelligi?</strong></span> <span class='ocrx_word' id='word_1_606' title='bbox 2119 2241 2276 2312; x_wconf 91' lang='lat' dir='ltr'><strong>quasi</strong></span> <span class='ocrx_word' id='word_1_607' title='bbox 2299 2241 2443 2297; x_wconf 90' lang='lat' dir='ltr'><strong>enim</strong></span> <span class='ocrx_word' id='word_1_608' title='bbox 2467 2241 2660 2312; x_wconf 85' lang='lat' dir='ltr'><strong>argilla</strong></span> <span class='ocrx_word' id='word_1_609' title='bbox 2693 2241 2908 2312; x_wconf 83' lang='lat' dir='ltr'><strong>ignibus</strong></span> <span class='ocrx_word' id='word_1_610' title='bbox 2955 2242 3146 2296; x_wconf 89' lang='lat' dir='ltr'><strong>durata</strong></span> <span class='ocrx_word' id='word_1_611' title='bbox 3177 2240 3410 2296; x_wconf 81' lang='lat' dir='ltr'><strong>formam</strong></span> 
     </span>
    </p>
   </div>
   <div class='ocr_carea' id='block_1_82' title="bbox 1818 2329 3410 2402">
    <p class='ocr_par' dir='ltr' id='par_1_82' title="bbox 1818 2329 3410 2402">
     <span class='ocr_line' id='line_1_82' title="bbox 1818 2329 3410 2402; baseline 0 -14"><span class='ocrx_word' id='word_1_612' title='bbox 1818 2333 1965 2389; x_wconf 85' lang='lat' dir='ltr'><strong>vasis</strong></span> <span class='ocrx_word' id='word_1_613' title='bbox 1995 2329 2230 2396; x_wconf 89' lang='lat' dir='ltr'><strong>Domini,</strong></span> <span class='ocrx_word' id='word_1_614' title='bbox 2257 2341 2460 2402; x_wconf 87' lang='lat' dir='ltr'><strong>quanta</strong></span> <span class='ocrx_word' id='word_1_615' title='bbox 2483 2341 2540 2388; x_wconf 90' lang='lat' dir='ltr'><strong>et</strong></span> <span class='ocrx_word' id='word_1_616' title='bbox 2559 2331 2738 2402; x_wconf 78' lang='lat' dir='ltr'><strong>qualia</strong></span> <span class='ocrx_word' id='word_1_617' title='bbox 2761 2333 2876 2388; x_wconf 90' lang='lat' dir='ltr'><strong>ﬁeri</strong></span> <span class='ocrx_word' id='word_1_618' title='bbox 2908 2331 3144 2388; x_wconf 89' lang='lat' dir='ltr'><strong>debeant</strong></span> <span class='ocrx_word' id='word_1_619' title='bbox 3166 2333 3410 2400; x_wconf 80' lang='lat' dir='ltr'><strong>exhibet,</strong></span> 
     </span>
    </p>
   </div>
   <div class='ocr_carea' id='block_1_83' title="bbox 1819 2423 3408 2496">
    <p class='ocr_par' dir='ltr' id='par_1_83' title="bbox 1819 2423 3408 2496">
     <span class='ocr_line' id='line_1_83' title="bbox 1819 2423 3408 2496; baseline -0.001 -14"><span class='ocrx_word' id='word_1_620' title='bbox 1819 2439 1940 2482; x_wconf 89' lang='lat' dir='ltr'><strong>cum</strong></span> <span class='ocrx_word' id='word_1_621' title='bbox 1983 2423 2142 2480; x_wconf 90' lang='lat' dir='ltr'><strong>nobis</strong></span> <span class='ocrx_word' id='word_1_622' title='bbox 2179 2423 2460 2494; x_wconf 89' lang='lat' dir='ltr'><strong>Scriptura</strong></span> <span class='ocrx_word' id='word_1_623' title='bbox 2505 2439 2662 2480; x_wconf 88' lang='lat' dir='ltr'><strong>sacra</strong></span> <span class='ocrx_word' id='word_1_624' title='bbox 2695 2423 2939 2496; x_wconf 88' lang='lat' dir='ltr'><strong>regulam</strong></span> <span class='ocrx_word' id='word_1_625' title='bbox 2977 2423 3204 2495; x_wconf 81' lang='lat' dir='ltr'><strong>iustitiae</strong></span> <span class='ocrx_word' id='word_1_626' title='bbox 3245 2439 3408 2495; x_wconf 89' lang='lat' dir='ltr'><strong>quam</strong></span> 
     </span>
    </p>
   </div>
   <div class='ocr_carea' id='block_1_84' title="bbox 1817 2517 3414 2590">
    <p class='ocr_par' dir='ltr' id='par_1_84' title="bbox 1817 2517 3414 2590">
     <span class='ocr_line' id='line_1_84' title="bbox 1817 2517 3414 2590; baseline 0 -16"><span class='ocrx_word' id='word_1_627' title='bbox 1817 2533 2110 2588; x_wconf 87' lang='lat' dir='ltr'><strong>sequamur</strong></span> <span class='ocrx_word' id='word_1_628' title='bbox 2163 2517 2423 2584; x_wconf 90' lang='lat' dir='ltr'><strong>ostendit,</strong></span> <span class='ocrx_word' id='word_1_629' title='bbox 2475 2523 2902 2588; x_wconf 88' lang='lat' dir='ltr'><strong>sanctorumque</strong></span> <span class='ocrx_word' id='word_1_630' title='bbox 2947 2517 3106 2574; x_wconf 89' lang='lat' dir='ltr'><strong>nobis</strong></span> <span class='ocrx_word' id='word_1_631' title='bbox 3163 2517 3414 2590; x_wconf 77' lang='lat' dir='ltr'><strong>exempla</strong></span> 
     </span>
    </p>
   </div>
   <div class='ocr_carea' id='block_1_85' title="bbox 1817 2609 3412 2682">
    <p class='ocr_par' dir='ltr' id='par_1_85' title="bbox 1817 2609 3412 2682">
     <span class='ocr_line' id='line_1_85' title="bbox 1817 2609 3412 2682; baseline 0.001 -18"><span class='ocrx_word' id='word_1_632' title='bbox 1817 2611 1912 2682; x_wconf 89' lang='lat' dir='ltr'><strong>qui</strong></span> <span class='ocrx_word' id='word_1_633' title='bbox 1957 2611 2080 2682; x_wconf 87' lang='lat' dir='ltr'><strong>igne</strong></span> <span class='ocrx_word' id='word_1_634' title='bbox 2127 2609 2536 2664; x_wconf 88' lang='lat' dir='ltr'><strong>tribulationum</strong></span> <span class='ocrx_word' id='word_1_635' title='bbox 2587 2609 2928 2666; x_wconf 88' lang='lat' dir='ltr'><strong>invincibiles</strong></span> <span class='ocrx_word' id='word_1_636' title='bbox 2969 2619 3412 2681; x_wconf 88' lang='lat' dir='ltr'><strong>perseverarunt,</strong></span> 
     </span>
    </p>
   </div>
   <div class='ocr_carea' id='block_1_86' title="bbox 1819 2701 3412 2772">
    <p class='ocr_par' dir='ltr' id='par_1_86' title="bbox 1819 2701 3412 2772">
     <span class='ocr_line' id='line_1_86' title="bbox 1819 2701 3412 2772; baseline 0.001 -14"><span class='ocrx_word' id='word_1_637' title='bbox 1819 2703 1874 2758; x_wconf 89' lang='lat' dir='ltr'><strong>in</strong></span> <span class='ocrx_word' id='word_1_638' title='bbox 1925 2703 2178 2758; x_wconf 88' lang='lat' dir='ltr'><strong>omnibus</strong></span> <span class='ocrx_word' id='word_1_639' title='bbox 2227 2703 2498 2772; x_wconf 89' lang='lat' dir='ltr'><strong>sequenda</strong></span> <span class='ocrx_word' id='word_1_640' title='bbox 2555 2711 2960 2772; x_wconf 69' lang='lat' dir='ltr'><strong>praemonstrat.</strong></span> <span class='ocrx_word' id='word_1_641' title='bbox 3018 2701 3126 2758; x_wconf 86' lang='lat' dir='ltr'><strong>Sed</strong></span> <span class='ocrx_word' id='word_1_642' title='bbox 3179 2719 3308 2758; x_wconf 89' lang='lat' dir='ltr'><strong>vasa</strong></span> <span class='ocrx_word' id='word_1_643' title='bbox 3359 2704 3412 2760; x_wconf 89' lang='lat' dir='ltr'><strong>in</strong></span> 
     </span>
    </p>
   </div>
   <div class='ocr_carea' id='block_1_87' title="bbox 1817 2793 3408 2864">
    <p class='ocr_par' dir='ltr' id='par_1_87' title="bbox 1817 2793 3408 2864">
     <span class='ocr_line' id='line_1_87' title="bbox 1817 2793 3408 2864; baseline 0 -14"><span class='ocrx_word' id='word_1_644' title='bbox 1817 2795 1980 2850; x_wconf 91' lang='lat' dir='ltr'><strong>domo</strong></span> <span class='ocrx_word' id='word_1_645' title='bbox 2017 2793 2232 2850; x_wconf 90' lang='lat' dir='ltr'><strong>Domini</strong></span> <span class='ocrx_word' id='word_1_646' title='bbox 2275 2793 2448 2848; x_wconf 89' lang='lat' dir='ltr'><strong>electa</strong></span> <span class='ocrx_word' id='word_1_647' title='bbox 2481 2809 2544 2848; x_wconf 87' lang='lat' dir='ltr'><strong>ac</strong></span> <span class='ocrx_word' id='word_1_648' title='bbox 2591 2793 2830 2864; x_wconf 83' lang='lat' dir='ltr'><strong>pretiosa</strong></span> <span class='ocrx_word' id='word_1_649' title='bbox 2859 2808 2980 2850; x_wconf 88' lang='lat' dir='ltr'><strong>esse</strong></span> <span class='ocrx_word' id='word_1_650' title='bbox 3022 2794 3408 2864; x_wconf 85' lang='lat' dir='ltr'><strong>conspicimus,</strong></span> 
     </span>
    </p>
   </div>
   <div class='ocr_carea' id='block_1_88' title="bbox 1817 2883 3414 2958">
    <p class='ocr_par' dir='ltr' id='par_1_88' title="bbox 1817 2883 3414 2958">
     <span class='ocr_line' id='line_1_88' title="bbox 1817 2883 3414 2958; baseline 0.001 -16"><span class='ocrx_word' id='word_1_651' title='bbox 1817 2901 2000 2958; x_wconf 70' lang='lat' dir='ltr'><strong>aesque</strong></span> <span class='ocrx_word' id='word_1_652' title='bbox 2043 2886 2165 2958; x_wconf 84' lang='lat' dir='ltr'><strong>igne</strong></span> <span class='ocrx_word' id='word_1_653' title='bbox 2194 2883 2546 2956; x_wconf 83' lang='lat' dir='ltr'><strong>liquefactum</strong></span> <span class='ocrx_word' id='word_1_654' title='bbox 2575 2885 2718 2954; x_wconf 90' lang='lat' dir='ltr'><strong>quod</strong></span> <span class='ocrx_word' id='word_1_655' title='bbox 2753 2885 2958 2956; x_wconf 68' lang='lat' dir='ltr'><strong>argilla:</strong></span> <span class='ocrx_word' id='word_1_656' title='bbox 2999 2885 3204 2942; x_wconf 80' lang='lat' dir='ltr'><strong>formas</strong></span> <span class='ocrx_word' id='word_1_657' title='bbox 3233 2887 3414 2958; x_wconf 88' lang='lat' dir='ltr'><strong>ingre-</strong></span> 
     </span>
    </p>
   </div>
   <div class='ocr_carea' id='block_1_89' title="bbox 1818 2975 3414 3050">
    <p class='ocr_par' dir='ltr' id='par_1_89' title="bbox 1818 2975 3414 3050">
     <span class='ocr_line' id='line_1_89' title="bbox 1818 2975 3414 3050; baseline 0.002 -17"><span class='ocrx_word' id='word_1_658' title='bbox 1818 2977 2020 3044; x_wconf 87' lang='lat' dir='ltr'><strong>dimur,</strong></span> <span class='ocrx_word' id='word_1_659' title='bbox 2047 2993 2154 3050; x_wconf 87' lang='lat' dir='ltr'><strong>qua</strong></span> <span class='ocrx_word' id='word_1_660' title='bbox 2189 2991 2286 3032; x_wconf 88' lang='lat' dir='ltr'><strong>vas</strong></span> <span class='ocrx_word' id='word_1_661' title='bbox 2309 2975 2483 3046; x_wconf 90' lang='lat' dir='ltr'><strong>possit</strong></span> <span class='ocrx_word' id='word_1_662' title='bbox 2524 2985 2710 3046; x_wconf 89' lang='lat' dir='ltr'><strong>aptum</strong></span> <span class='ocrx_word' id='word_1_663' title='bbox 2743 2977 3064 3034; x_wconf 89' lang='lat' dir='ltr'><strong>ministeriis</strong></span> <span class='ocrx_word' id='word_1_664' title='bbox 3103 2977 3414 3036; x_wconf 73' lang='lat' dir='ltr'><strong>cmlestibus</strong></span> 
     </span>
    </p>
   </div>
   <div class='ocr_carea' id='block_1_90' title="bbox 1817 3071 3416 3144">
    <p class='ocr_par' dir='ltr' id='par_1_90' title="bbox 1817 3071 3416 3144">
     <span class='ocr_line' id='line_1_90' title="bbox 1817 3071 3416 3144; baseline 0 -14"><span class='ocrx_word' id='word_1_665' title='bbox 1817 3073 1982 3140; x_wconf 88' lang='lat' dir='ltr'><strong>eﬂici,</strong></span> <span class='ocrx_word' id='word_1_666' title='bbox 2021 3089 2144 3130; x_wconf 89' lang='lat' dir='ltr'><strong>cum</strong></span> <span class='ocrx_word' id='word_1_667' title='bbox 2175 3073 2278 3144; x_wconf 90' lang='lat' dir='ltr'><strong>ipsi</strong></span> <span class='ocrx_word' id='word_1_668' title='bbox 2322 3072 2614 3128; x_wconf 87' lang='lat' dir='ltr'><strong>salubriter</strong></span> <span class='ocrx_word' id='word_1_669' title='bbox 2643 3071 2932 3136; x_wconf 87' lang='lat' dir='ltr'><strong>humiliati,</strong></span> <span class='ocrx_word' id='word_1_670' title='bbox 2969 3082 3023 3128; x_wconf 92' lang='lat' dir='ltr'><strong>et</strong></span> <span class='ocrx_word' id='word_1_671' title='bbox 3047 3071 3264 3128; x_wconf 87' lang='lat' dir='ltr'><strong>ﬂamma</strong></span> <span class='ocrx_word' id='word_1_672' title='bbox 3298 3072 3416 3130; x_wconf 87' lang='lat' dir='ltr'><strong>sive</strong></span> 
     </span>
    </p>
   </div>
   <div class='ocr_carea' id='block_1_91' title="bbox 1823 3145 3416 3230">
    <p class='ocr_par' dir='ltr' id='par_1_91' title="bbox 1823 3145 3416 3230">
     <span class='ocr_line' id='line_1_91' title="bbox 1823 3145 3416 3230; baseline 0 -10"><span class='ocrx_word' id='word_1_673' title='bbox 1823 3167 2019 3222; x_wconf 79' lang='lat' dir='ltr'><strong>divinae</strong></span> <span class='ocrx_word' id='word_1_674' title='bbox 2071 3165 2360 3230; x_wconf 89' lang='lat' dir='ltr'><strong>claritatis,</strong></span> <span class='ocrx_word' id='word_1_675' title='bbox 2405 3163 2520 3220; x_wconf 88' lang='lat' dir='ltr'><strong>sive</strong></span> <span class='ocrx_word' id='word_1_676' title='bbox 2565 3163 2730 3218; x_wconf 89' lang='lat' dir='ltr'><strong>etiam</strong></span> <span class='ocrx_word' id='word_1_677' title='bbox 2777 3145 3030 3218; x_wconf 79' lang='lat' dir='ltr'><strong>humanae</strong></span> <span class='ocrx_word' id='word_1_678' title='bbox 3071 3163 3416 3220; x_wconf 85' lang='lat' dir='ltr'><strong>adversitatis</strong></span> 
     </span>
    </p>
   </div>
   <div class='ocr_carea' id='block_1_92' title="bbox 1743 3233 3416 3326">
    <p class='ocr_par' dir='ltr' id='par_1_92' title="bbox 1743 3233 3416 3326">
     <span class='ocr_line' id='line_1_92' title="bbox 1743 3233 3416 3326; baseline -0.002 -12"><span class='ocrx_word' id='word_1_679' title='bbox 1743 3233 1788 3298; x_wconf 70' lang='grc' dir='ltr'>ο</span> <span class='ocrx_word' id='word_1_680' title='bbox 1822 3257 2068 3324; x_wconf 88' lang='lat' dir='ltr'><strong>emolliti,</strong></span> <span class='ocrx_word' id='word_1_681' title='bbox 2101 3256 2246 3310; x_wconf 88' lang='lat' dir='ltr'><strong>viam</strong></span> <span class='ocrx_word' id='word_1_682' title='bbox 2291 3262 2506 3326; x_wconf 89' lang='lat' dir='ltr'><strong>patrum</strong></span> <span class='ocrx_word' id='word_1_683' title='bbox 2547 3255 2687 3310; x_wconf 85' lang='lat' dir='ltr'><strong>bene</strong></span> <span class='ocrx_word' id='word_1_684' title='bbox 2719 3255 2994 3324; x_wconf 88' lang='lat' dir='ltr'><strong>operando</strong></span> <span class='ocrx_word' id='word_1_685' title='bbox 3025 3253 3314 3322; x_wconf 88' lang='lat' dir='ltr'><strong>intramus,</strong></span> <span class='ocrx_word' id='word_1_686' title='bbox 3355 3261 3416 3310; x_wconf 88' lang='lat' dir='ltr'><strong>ut</strong></span> 
     </span>
    </p>
   </div>
   <div class='ocr_carea' id='block_1_93' title="bbox 1823 3346 3218 3420">
    <p class='ocr_par' dir='ltr' id='par_1_93' title="bbox 1823 3346 3218 3420">
     <span class='ocr_line' id='line_1_93' title="bbox 1823 3346 3218 3420; baseline -0.003 -16"><span class='ocrx_word' id='word_1_687' title='bbox 1823 3349 1890 3406; x_wconf 90' lang='lat' dir='ltr'><strong>ad</strong></span> <span class='ocrx_word' id='word_1_688' title='bbox 1911 3349 2132 3420; x_wconf 75' lang='lat' dir='ltr'><strong>praemia</strong></span> <span class='ocrx_word' id='word_1_689' title='bbox 2153 3355 2370 3418; x_wconf 89' lang='lat' dir='ltr'><strong>patrum</strong></span> <span class='ocrx_word' id='word_1_690' title='bbox 2395 3347 2532 3402; x_wconf 88' lang='lat' dir='ltr'><strong>bene</strong></span> <span class='ocrx_word' id='word_1_691' title='bbox 2563 3347 2794 3402; x_wconf 89' lang='lat' dir='ltr'><strong>vivendo</strong></span> <span class='ocrx_word' id='word_1_692' title='bbox 2816 3346 3218 3418; x_wconf 85' lang='lat' dir='ltr'><strong>perveniamus.</strong></span> 
     </span>
    </p>
   </div>
   <div class='ocr_carea' id='block_1_94' title="bbox 1898 3437 3404 3512">
    <p class='ocr_par' dir='ltr' id='par_1_94' title="bbox 1898 3437 3404 3512">
     <span class='ocr_line' id='line_1_94' title="bbox 1898 3437 3404 3512; baseline 0.001 -18"><span class='ocrx_word' id='word_1_693' title='bbox 1898 3461 1916 3494; x_wconf 77' lang='grc' dir='ltr'>ι</span> <span class='ocrx_word' id='word_1_694' title='bbox 1949 3441 2210 3512; x_wconf 88' lang='lat' dir='ltr'><strong>Fecitque</strong></span> <span class='ocrx_word' id='word_1_695' title='bbox 2231 3439 2486 3496; x_wconf 89' lang='lat' dir='ltr'><strong>Salomon</strong></span> <span class='ocrx_word' id='word_1_696' title='bbox 2513 3441 2694 3496; x_wconf 90' lang='lat' dir='ltr'><strong>omnia</strong></span> <span class='ocrx_word' id='word_1_697' title='bbox 2721 3455 2846 3495; x_wconf 87' lang='lat' dir='ltr'><strong>vasa</strong></span> <span class='ocrx_word' id='word_1_698' title='bbox 2871 3439 2926 3494; x_wconf 89' lang='lat' dir='ltr'><strong>in</strong></span> <span class='ocrx_word' id='word_1_699' title='bbox 2953 3437 3126 3494; x_wconf 89' lang='lat' dir='ltr'><strong>Domo</strong></span> <span class='ocrx_word' id='word_1_700' title='bbox 3149 3439 3365 3498; x_wconf 88' lang='lat' dir='ltr'><strong>Domini</strong></span> <span class='ocrx_word' id='word_1_701' title='bbox 3391 3457 3404 3496; x_wconf 87' lang='lat'><strong>:</strong></span> 
     </span>
    </p>
   </div>
   <div class='ocr_carea' id='block_1_95' title="bbox 1828 3535 3416 3605">
    <p class='ocr_par' dir='ltr' id='par_1_95' title="bbox 1828 3535 3416 3605">
     <span class='ocr_line' id='line_1_95' title="bbox 1828 3535 3416 3605; baseline 0.001 -17"><span class='ocrx_word' id='word_1_702' title='bbox 1828 3555 1846 3588; x_wconf 76' lang='grc' dir='ltr'>ι</span> <span class='ocrx_word' id='word_1_703' title='bbox 1881 3535 2067 3592; x_wconf 83' lang='lat' dir='ltr'><strong>Altare</strong></span> <span class='ocrx_word' id='word_1_704' title='bbox 2093 3549 2316 3590; x_wconf 87' lang='lat' dir='ltr'><strong>aureum</strong></span> <span class='ocrx_word' id='word_1_705' title='bbox 2347 3543 2402 3590; x_wconf 89' lang='lat' dir='ltr'><strong>et</strong></span> <span class='ocrx_word' id='word_1_706' title='bbox 2429 3548 2675 3589; x_wconf 88' lang='lat' dir='ltr'><strong>mensam</strong></span> <span class='ocrx_word' id='word_1_707' title='bbox 2701 3547 2864 3605; x_wconf 85' lang='lat' dir='ltr'><strong>super</strong></span> <span class='ocrx_word' id='word_1_708' title='bbox 2889 3549 3052 3604; x_wconf 89' lang='lat' dir='ltr'><strong>quam</strong></span> <span class='ocrx_word' id='word_1_709' title='bbox 3083 3542 3416 3602; x_wconf 88' lang='lat' dir='ltr'><strong>ponerentur</strong></span> 
     </span>
    </p>
   </div>
   <div class='ocr_carea' id='block_1_96' title="bbox 1830 3626 3414 3702">
    <p class='ocr_par' dir='ltr' id='par_1_96' title="bbox 1830 3626 3414 3702">
     <span class='ocr_line' id='line_1_96' title="bbox 1830 3626 3414 3702; baseline 0 -20"><span class='ocrx_word' id='word_1_710' title='bbox 1830 3650 1846 3682; x_wconf 81' lang='grc' dir='ltr'><strong><em>ι</em></strong></span> <span class='ocrx_word' id='word_1_711' title='bbox 1875 3645 2044 3702; x_wconf 88' lang='lat' dir='ltr'><strong>panes</strong></span> <span class='ocrx_word' id='word_1_712' title='bbox 2065 3628 2453 3700; x_wconf 88' lang='lat' dir='ltr'><strong>propositionis</strong></span> <span class='ocrx_word' id='word_1_713' title='bbox 2477 3643 2722 3682; x_wconf 87' lang='lat' dir='ltr'><strong>auream.</strong></span> <span class='ocrx_word' id='word_1_714' title='bbox 2749 3647 2768 3680; x_wconf 74' lang='grc' dir='ltr'><strong><em>ι</em></strong></span> <span class='ocrx_word' id='word_1_715' title='bbox 2795 3626 2981 3682; x_wconf 82' lang='lat' dir='ltr'><strong>Altare</strong></span> <span class='ocrx_word' id='word_1_716' title='bbox 3002 3641 3225 3680; x_wconf 90' lang='lat' dir='ltr'><strong>aureum</strong></span> <span class='ocrx_word' id='word_1_717' title='bbox 3249 3627 3414 3682; x_wconf 81' lang='lat' dir='ltr'><strong>corda</strong></span> 
     </span>
    </p>
   </div>
   <div class='ocr_carea' id='block_1_97' title="bbox 1825 3717 3416 3794">
    <p class='ocr_par' dir='ltr' id='par_1_97' title="bbox 1825 3717 3416 3794">
     <span class='ocr_line' id='line_1_97' title="bbox 1825 3717 3416 3794; baseline -0.003 -16"><span class='ocrx_word' id='word_1_718' title='bbox 1825 3721 2092 3794; x_wconf 88' lang='lat' dir='ltr'><strong>signiﬁcat</strong></span> <span class='ocrx_word' id='word_1_719' title='bbox 2135 3719 2502 3792; x_wconf 81' lang='lat' dir='ltr'><strong>perfectorum</strong></span> <span class='ocrx_word' id='word_1_720' title='bbox 2541 3719 2836 3790; x_wconf 89' lang='lat' dir='ltr'><strong>iustorum,</strong></span> <span class='ocrx_word' id='word_1_721' title='bbox 2869 3719 3096 3786; x_wconf 74' lang='lat' dir='ltr'><strong>interna:</strong></span> <span class='ocrx_word' id='word_1_722' title='bbox 3127 3717 3416 3774; x_wconf 85' lang='lat' dir='ltr'><strong>cbaritatis</strong></span> 
     </span>
    </p>
   </div>
   <div class='ocr_carea' id='block_1_98' title="bbox 1823 3807 3415 3880">
    <p class='ocr_par' dir='ltr' id='par_1_98' title="bbox 1823 3807 3415 3880">
     <span class='ocr_line' id='line_1_98' title="bbox 1823 3807 3415 3880; baseline -0.004 -12"><span class='ocrx_word' id='word_1_723' title='bbox 1823 3821 1880 3868; x_wconf 92' lang='lat' dir='ltr'><strong>et</strong></span> <span class='ocrx_word' id='word_1_724' title='bbox 1905 3811 2173 3866; x_wconf 85' lang='lat' dir='ltr'><strong>castitatis</strong></span> <span class='ocrx_word' id='word_1_725' title='bbox 2201 3810 2322 3866; x_wconf 90' lang='lat' dir='ltr'><strong>luce</strong></span> <span class='ocrx_word' id='word_1_726' title='bbox 2361 3824 2612 3874; x_wconf 86' lang='lat' dir='ltr'><strong>corusca,</strong></span> <span class='ocrx_word' id='word_1_727' title='bbox 2643 3823 2874 3880; x_wconf 90' lang='lat' dir='ltr'><strong>quorum</strong></span> <span class='ocrx_word' id='word_1_728' title='bbox 2899 3807 3216 3864; x_wconf 86' lang='lat' dir='ltr'><strong>sublimitati</strong></span> <span class='ocrx_word' id='word_1_729' title='bbox 3245 3807 3415 3878; x_wconf 84' lang='lat' dir='ltr'><strong>signi-</strong></span> 
     </span>
    </p>
   </div>
   <div class='ocr_carea' id='block_1_99' title="bbox 1823 3897 3418 3970">
    <p class='ocr_par' dir='ltr' id='par_1_99' title="bbox 1823 3897 3418 3970">
     <span class='ocr_line' id='line_1_99' title="bbox 1823 3897 3418 3970; baseline -0.004 -10"><span class='ocrx_word' id='word_1_730' title='bbox 1823 3903 2053 3960; x_wconf 82' lang='lat' dir='ltr'><strong>ﬁcandse</strong></span> <span class='ocrx_word' id='word_1_731' title='bbox 2107 3901 2270 3958; x_wconf 89' lang='lat' dir='ltr'><strong>etiam</strong></span> <span class='ocrx_word' id='word_1_732' title='bbox 2305 3901 2454 3956; x_wconf 89' lang='lat' dir='ltr'><strong>locus</strong></span> <span class='ocrx_word' id='word_1_733' title='bbox 2482 3901 2736 3956; x_wconf 88' lang='lat' dir='ltr'><strong>convenit</strong></span> <span class='ocrx_word' id='word_1_734' title='bbox 2767 3897 3007 3970; x_wconf 88' lang='lat' dir='ltr'><strong>ejusdem</strong></span> <span class='ocrx_word' id='word_1_735' title='bbox 3051 3899 3260 3954; x_wconf 88' lang='lat' dir='ltr'><strong>altaris.</strong></span> <span class='ocrx_word' id='word_1_736' title='bbox 3291 3898 3418 3956; x_wconf 84' lang='lat' dir='ltr'><strong>Sta-</strong></span> 
     </span>
    </p>
   </div>
   <div class='ocr_carea' id='block_1_100' title="bbox 1825 3987 3416 4056">
    <p class='ocr_par' dir='ltr' id='par_1_100' title="bbox 1825 3987 3416 4056">
     <span class='ocr_line' id='line_1_100' title="bbox 1825 3987 3416 4056; baseline -0.004 -6"><span class='ocrx_word' id='word_1_737' title='bbox 1825 3995 1917 4050; x_wconf 88' lang='lat' dir='ltr'><strong>bat</strong></span> <span class='ocrx_word' id='word_1_738' title='bbox 1961 3993 2106 4050; x_wconf 89' lang='lat' dir='ltr'><strong>enim</strong></span> <span class='ocrx_word' id='word_1_739' title='bbox 2155 4001 2282 4048; x_wconf 89' lang='lat' dir='ltr'><strong>ante</strong></span> <span class='ocrx_word' id='word_1_740' title='bbox 2324 3993 2526 4048; x_wconf 87' lang='lat' dir='ltr'><strong>ostium</strong></span> <span class='ocrx_word' id='word_1_741' title='bbox 2559 3991 2744 4048; x_wconf 88' lang='lat' dir='ltr'><strong>Sancti</strong></span> <span class='ocrx_word' id='word_1_742' title='bbox 2775 4001 3110 4056; x_wconf 87' lang='lat' dir='ltr'><strong>sanctorum,</strong></span> <span class='ocrx_word' id='word_1_743' title='bbox 3143 3997 3200 4044; x_wconf 89' lang='lat' dir='ltr'><strong>ut</strong></span> <span class='ocrx_word' id='word_1_744' title='bbox 3249 3990 3302 4044; x_wconf 93' lang='lat' dir='ltr'><strong>in</strong></span> <span class='ocrx_word' id='word_1_745' title='bbox 3333 3987 3416 4044; x_wconf 86' lang='lat' dir='ltr'><strong>fa-</strong></span> 
     </span>
    </p>
   </div>
   <div class='ocr_carea' id='block_1_101' title="bbox 1825 4061 3420 4152">
    <p class='ocr_par' dir='ltr' id='par_1_101' title="bbox 1825 4061 3420 4152">
     <span class='ocr_line' id='line_1_101' title="bbox 1825 4061 3420 4152; baseline -0.005 -10"><span class='ocrx_word' id='word_1_746' title='bbox 1825 4093 1980 4142; x_wconf 88' lang='lat' dir='ltr'><strong>ctura</strong></span> <span class='ocrx_word' id='word_1_747' title='bbox 2009 4083 2341 4140; x_wconf 87' lang='lat' dir='ltr'><strong>tabernaculi</strong></span> <span class='ocrx_word' id='word_1_748' title='bbox 2378 4061 2666 4138; x_wconf 73' lang='lat' dir='ltr'><strong>manifeste</strong></span> <span class='ocrx_word' id='word_1_749' title='bbox 2701 4083 2952 4152; x_wconf 85' lang='lat' dir='ltr'><strong>legimus.</strong></span> <span class='ocrx_word' id='word_1_750' title='bbox 2997 4081 3054 4136; x_wconf 81' lang='lat' dir='ltr'><strong>in</strong></span> <span class='ocrx_word' id='word_1_751' title='bbox 3095 4096 3203 4150; x_wconf 86' lang='lat' dir='ltr'><strong>quo</strong></span> <span class='ocrx_word' id='word_1_752' title='bbox 3233 4079 3420 4136; x_wconf 87' lang='lat' dir='ltr'><strong>videli-</strong></span> 
     </span>
    </p>
   </div>
   <div class='ocr_carea' id='block_1_102' title="bbox 1825 4169 3418 4244">
    <p class='ocr_par' dir='ltr' id='par_1_102' title="bbox 1825 4169 3418 4244">
     <span class='ocr_line' id='line_1_102' title="bbox 1825 4169 3418 4244; baseline -0.005 -12"><span class='ocrx_word' id='word_1_753' title='bbox 1825 4185 1914 4232; x_wconf 72' lang='lat' dir='ltr'><strong>ci:t</strong></span> <span class='ocrx_word' id='word_1_754' title='bbox 1935 4175 2094 4230; x_wconf 88' lang='lat' dir='ltr'><strong>altari</strong></span> <span class='ocrx_word' id='word_1_755' title='bbox 2118 4191 2222 4230; x_wconf 86' lang='lat' dir='ltr'><strong>non</strong></span> <span class='ocrx_word' id='word_1_756' title='bbox 2247 4173 2550 4229; x_wconf 88' lang='lat' dir='ltr'><strong>hostiarum</strong></span> <span class='ocrx_word' id='word_1_757' title='bbox 2579 4174 2798 4244; x_wconf 83' lang='lat' dir='ltr'><strong>sanguis</strong></span> <span class='ocrx_word' id='word_1_758' title='bbox 2823 4187 2998 4242; x_wconf 87' lang='lat' dir='ltr'><strong>neque</strong></span> <span class='ocrx_word' id='word_1_759' title='bbox 3022 4171 3302 4234; x_wconf 83' lang='lat' dir='ltr'><strong>libamina,</strong></span> <span class='ocrx_word' id='word_1_760' title='bbox 3321 4169 3418 4226; x_wconf 85' lang='lat' dir='ltr'><strong>sed</strong></span> 
     </span>
    </p>
   </div>
   <div class='ocr_carea' id='block_1_103' title="bbox 1829 4261 3417 4338">
    <p class='ocr_par' dir='ltr' id='par_1_103' title="bbox 1829 4261 3417 4338">
     <span class='ocr_line' id='line_1_103' title="bbox 1829 4261 3417 4338; baseline -0.003 -15"><span class='ocrx_word' id='word_1_761' title='bbox 1829 4265 2178 4338; x_wconf 87' lang='lat' dir='ltr'><strong>thymiamata</strong></span> <span class='ocrx_word' id='word_1_762' title='bbox 2227 4273 2436 4320; x_wconf 87' lang='lat' dir='ltr'><strong>tantum</strong></span> <span class='ocrx_word' id='word_1_763' title='bbox 2477 4263 2926 4330; x_wconf 87' lang='lat' dir='ltr'><strong>incendebantur,</strong></span> <span class='ocrx_word' id='word_1_764' title='bbox 2961 4277 3190 4334; x_wconf 89' lang='lat' dir='ltr'><strong>quorum</strong></span> <span class='ocrx_word' id='word_1_765' title='bbox 3237 4261 3417 4318; x_wconf 84' lang='lat' dir='ltr'><strong>fumus</strong></span> 
     </span>
    </p>
   </div>
   <div class='ocr_carea' id='block_1_104' title="bbox 1828 4357 3418 4428">
    <p class='ocr_par' dir='ltr' id='par_1_104' title="bbox 1828 4357 3418 4428">
     <span class='ocr_line' id='line_1_104' title="bbox 1828 4357 3418 4428; baseline -0.004 -16"><span class='ocrx_word' id='word_1_766' title='bbox 1828 4359 1894 4412; x_wconf 90' lang='lat' dir='ltr'><strong>ad</strong></span> <span class='ocrx_word' id='word_1_767' title='bbox 1917 4359 2196 4428; x_wconf 86' lang='lat' dir='ltr'><strong>superiora</strong></span> <span class='ocrx_word' id='word_1_768' title='bbox 2220 4357 2543 4424; x_wconf 89' lang='lat' dir='ltr'><strong>ascendens,</strong></span> <span class='ocrx_word' id='word_1_769' title='bbox 2571 4357 2852 4428; x_wconf 84' lang='lat' dir='ltr'><strong>operiebat</strong></span> <span class='ocrx_word' id='word_1_770' title='bbox 2879 4371 3084 4420; x_wconf 84' lang='lat' dir='ltr'><strong>arcam,</strong></span> <span class='ocrx_word' id='word_1_771' title='bbox 3109 4361 3274 4424; x_wconf 90' lang='lat' dir='ltr'><strong>atque</strong></span> <span class='ocrx_word' id='word_1_772' title='bbox 3294 4368 3418 4408; x_wconf 84' lang='lat' dir='ltr'><strong>ora-</strong></span> 
     </span>
    </p>
   </div>
   <div class='ocr_carea' id='block_1_105' title="bbox 1827 4449 3422 4524">
    <p class='ocr_par' dir='ltr' id='par_1_105' title="bbox 1827 4449 3422 4524">
     <span class='ocr_line' id='line_1_105' title="bbox 1827 4449 3422 4524; baseline -0.005 -14"><span class='ocrx_word' id='word_1_773' title='bbox 1827 4454 2006 4510; x_wconf 87' lang='lat' dir='ltr'><strong>culum</strong></span> <span class='ocrx_word' id='word_1_774' title='bbox 2047 4453 2216 4508; x_wconf 91' lang='lat' dir='ltr'><strong>odore</strong></span> <span class='ocrx_word' id='word_1_775' title='bbox 2258 4451 2544 4508; x_wconf 84' lang='lat' dir='ltr'><strong>suavitatis</strong></span> <span class='ocrx_word' id='word_1_776' title='bbox 2583 4451 2859 4524; x_wconf 88' lang='lat' dir='ltr'><strong>implebat.</strong></span> <span class='ocrx_word' id='word_1_777' title='bbox 2887 4451 2946 4506; x_wconf 86' lang='lat' dir='ltr'><strong>ln</strong></span> <span class='ocrx_word' id='word_1_778' title='bbox 2984 4465 3092 4520; x_wconf 93' lang='lat' dir='ltr'><strong>quo</strong></span> <span class='ocrx_word' id='word_1_779' title='bbox 3117 4449 3290 4520; x_wconf 86' lang='lat' dir='ltr'><strong>ﬁgura</strong></span> <span class='ocrx_word' id='word_1_780' title='bbox 3321 4463 3422 4504; x_wconf 83' lang='lat' dir='ltr'><strong>ex-</strong></span> 
     </span>
    </p>
   </div>
   <div class='ocr_carea' id='block_1_106' title="bbox 1829 4541 3422 4616">
    <p class='ocr_par' dir='ltr' id='par_1_106' title="bbox 1829 4541 3422 4616">
     <span class='ocr_line' id='line_1_106' title="bbox 1829 4541 3422 4616; baseline -0.003 -17"><span class='ocrx_word' id='word_1_781' title='bbox 1829 4544 2167 4616; x_wconf 88' lang='lat' dir='ltr'><strong>primebatur</strong></span> <span class='ocrx_word' id='word_1_782' title='bbox 2193 4555 2528 4610; x_wconf 87' lang='lat' dir='ltr'><strong>sanctorum,</strong></span> <span class='ocrx_word' id='word_1_783' title='bbox 2560 4545 2652 4616; x_wconf 91' lang='lat' dir='ltr'><strong>qui</strong></span> <span class='ocrx_word' id='word_1_784' title='bbox 2697 4543 2824 4600; x_wconf 89' lang='lat' dir='ltr'><strong>dum</strong></span> <span class='ocrx_word' id='word_1_785' title='bbox 2859 4541 3121 4614; x_wconf 87' lang='lat' dir='ltr'><strong>neglectis</strong></span> <span class='ocrx_word' id='word_1_786' title='bbox 3149 4549 3422 4612; x_wconf 86' lang='lat' dir='ltr'><strong>tempora-</strong></span> 
     </span>
    </p>
   </div>
   <div class='ocr_carea' id='block_1_107' title="bbox 1827 4635 3418 4710">
    <p class='ocr_par' dir='ltr' id='par_1_107' title="bbox 1827 4635 3418 4710">
     <span class='ocr_line' id='line_1_107' title="bbox 1827 4635 3418 4710; baseline -0.004 -13"><span class='ocrx_word' id='word_1_787' title='bbox 1827 4643 1960 4698; x_wconf 87' lang='lat' dir='ltr'><strong>lium</strong></span> <span class='ocrx_word' id='word_1_788' title='bbox 2005 4656 2188 4697; x_wconf 88' lang='lat' dir='ltr'><strong>rerum</strong></span> <span class='ocrx_word' id='word_1_789' title='bbox 2225 4639 2630 4710; x_wconf 87' lang='lat' dir='ltr'><strong>cupiditatibus,</strong></span> <span class='ocrx_word' id='word_1_790' title='bbox 2679 4647 2794 4694; x_wconf 88' lang='lat' dir='ltr'><strong>tota</strong></span> <span class='ocrx_word' id='word_1_791' title='bbox 2833 4637 3134 4693; x_wconf 88' lang='lat' dir='ltr'><strong>intentione</strong></span> <span class='ocrx_word' id='word_1_792' title='bbox 3174 4635 3418 4692; x_wconf 74' lang='lat' dir='ltr'><strong>cmlestia</strong></span> 
     </span>
    </p>
   </div>
   <div class='ocr_carea' id='block_1_108' title="bbox 1827 4729 3419 4808">
    <p class='ocr_par' dir='ltr' id='par_1_108' title="bbox 1827 4729 3419 4808">
     <span class='ocr_line' id='line_1_108' title="bbox 1827 4729 3419 4808; baseline -0.004 -18"><span class='ocrx_word' id='word_1_793' title='bbox 1827 4745 2080 4808; x_wconf 68' lang='lat' dir='ltr'><strong>qurerunt</strong></span> <span class='ocrx_word' id='word_1_794' title='bbox 2105 4751 2119 4788; x_wconf 90' lang='lat'><strong>:</strong></span> <span class='ocrx_word' id='word_1_795' title='bbox 2147 4735 2200 4790; x_wconf 91' lang='lat' dir='ltr'><strong>in</strong></span> <span class='ocrx_word' id='word_1_796' title='bbox 2246 4735 2424 4790; x_wconf 88' lang='lat' dir='ltr'><strong>vicino</strong></span> <span class='ocrx_word' id='word_1_797' title='bbox 2467 4733 2672 4790; x_wconf 87' lang='lat' dir='ltr'><strong>oraculi</strong></span> <span class='ocrx_word' id='word_1_798' title='bbox 2723 4741 2850 4790; x_wconf 88' lang='lat' dir='ltr'><strong>sunt</strong></span> <span class='ocrx_word' id='word_1_799' title='bbox 2887 4731 3072 4804; x_wconf 88' lang='lat' dir='ltr'><strong>positi,</strong></span> <span class='ocrx_word' id='word_1_800' title='bbox 3115 4745 3218 4788; x_wconf 92' lang='lat' dir='ltr'><strong>nec</strong></span> <span class='ocrx_word' id='word_1_801' title='bbox 3261 4729 3419 4799; x_wconf 82' lang='lat' dir='ltr'><strong>longe</strong></span> 
     </span>
    </p>
   </div>
   <div class='ocr_carea' id='block_1_109' title="bbox 1829 4821 3422 4894">
    <p class='ocr_par' dir='ltr' id='par_1_109' title="bbox 1829 4821 3422 4894">
     <span class='ocr_line' id='line_1_109' title="bbox 1829 4821 3422 4894; baseline -0.008 -10"><span class='ocrx_word' id='word_1_802' title='bbox 1829 4834 1956 4884; x_wconf 90' lang='lat' dir='ltr'><strong>sunt</strong></span> <span class='ocrx_word' id='word_1_803' title='bbox 1987 4825 2176 4882; x_wconf 91' lang='lat' dir='ltr'><strong>remoti</strong></span> <span class='ocrx_word' id='word_1_804' title='bbox 2213 4841 2242 4880; x_wconf 90' lang='lat' dir='ltr'><strong>a</strong></span> <span class='ocrx_word' id='word_1_805' title='bbox 2271 4825 2412 4890; x_wconf 90' lang='lat' dir='ltr'><strong>velo,</strong></span> <span class='ocrx_word' id='word_1_806' title='bbox 2445 4839 2556 4894; x_wconf 89' lang='lat' dir='ltr'><strong>quo</strong></span> <span class='ocrx_word' id='word_1_807' title='bbox 2585 4823 2839 4894; x_wconf 88' lang='lat' dir='ltr'><strong>templum</strong></span> <span class='ocrx_word' id='word_1_808' title='bbox 2879 4831 2934 4878; x_wconf 90' lang='lat' dir='ltr'><strong>et</strong></span> <span class='ocrx_word' id='word_1_809' title='bbox 2965 4821 3164 4876; x_wconf 88' lang='lat' dir='ltr'><strong>Sancta</strong></span> <span class='ocrx_word' id='word_1_810' title='bbox 3205 4826 3422 4874; x_wconf 88' lang='lat' dir='ltr'><strong>sancto-</strong></span> 
     </span>
    </p>
   </div>
   <div class='ocr_carea' id='block_1_110' title="bbox 1827 4913 3419 4988">
    <p class='ocr_par' dir='ltr' id='par_1_110' title="bbox 1827 4913 3419 4988">
     <span class='ocr_line' id='line_1_110' title="bbox 1827 4913 3419 4988; baseline -0.007 -13"><span class='ocrx_word' id='word_1_811' title='bbox 1827 4935 1948 4976; x_wconf 89' lang='lat' dir='ltr'><strong>rum</strong></span> <span class='ocrx_word' id='word_1_812' title='bbox 1979 4919 2326 4984; x_wconf 89' lang='lat' dir='ltr'><strong>dirimuntur,</strong></span> <span class='ocrx_word' id='word_1_813' title='bbox 2353 4917 2444 4988; x_wconf 89' lang='lat' dir='ltr'><strong>qui</strong></span> <span class='ocrx_word' id='word_1_814' title='bbox 2473 4931 2701 4986; x_wconf 89' lang='lat' dir='ltr'><strong>corpore</strong></span> <span class='ocrx_word' id='word_1_815' title='bbox 2733 4925 2932 4972; x_wconf 87' lang='lat' dir='ltr'><strong>terram</strong></span> <span class='ocrx_word' id='word_1_816' title='bbox 2968 4913 3228 4976; x_wconf 88' lang='lat' dir='ltr'><strong>incolunt,</strong></span> <span class='ocrx_word' id='word_1_817' title='bbox 3257 4919 3419 4967; x_wconf 63' lang='lat' dir='ltr'><strong>caete-</strong></span> 
     </span>
    </p>
   </div>
   <div class='ocr_carea' id='block_1_111' title="bbox 1829 5003 3420 5068">
    <p class='ocr_par' dir='ltr' id='par_1_111' title="bbox 1829 5003 3420 5068">
     <span class='ocr_line' id='line_1_111' title="bbox 1829 5003 3420 5068; baseline -0.009 0"><span class='ocrx_word' id='word_1_818' title='bbox 1829 5029 1950 5068; x_wconf 92' lang='lat' dir='ltr'><strong>rum</strong></span> <span class='ocrx_word' id='word_1_819' title='bbox 1991 5013 2290 5067; x_wconf 86' lang='lat' dir='ltr'><strong>secundum</strong></span> <span class='ocrx_word' id='word_1_820' title='bbox 2315 5010 2632 5066; x_wconf 87' lang='lat' dir='ltr'><strong>interiorem</strong></span> <span class='ocrx_word' id='word_1_821' title='bbox 2681 5009 2955 5064; x_wconf 89' lang='lat' dir='ltr'><strong>hominem</strong></span> <span class='ocrx_word' id='word_1_822' title='bbox 3011 5015 3182 5063; x_wconf 86' lang='lat' dir='ltr'><strong>totam</strong></span> <span class='ocrx_word' id='word_1_823' title='bbox 3219 5003 3420 5058; x_wconf 81' lang='lat' dir='ltr'><strong>habent</strong></span> 
     </span>
    </p>
   </div>
   <div class='ocr_carea' id='block_1_112' title="bbox 1831 5091 3419 5170">
    <p class='ocr_par' dir='ltr' id='par_1_112' title="bbox 1831 5091 3419 5170">
     <span class='ocr_line' id='line_1_112' title="bbox 1831 5091 3419 5170; baseline -0.01 -10"><span class='ocrx_word' id='word_1_824' title='bbox 1831 5103 2300 5160; x_wconf 89' lang='lat' dir='ltr'><strong>conversationem</strong></span> <span class='ocrx_word' id='word_1_825' title='bbox 2339 5101 2390 5156; x_wconf 91' lang='lat' dir='ltr'><strong>in</strong></span> <span class='ocrx_word' id='word_1_826' title='bbox 2415 5101 2588 5156; x_wconf 75' lang='lat' dir='ltr'><strong>oculis.</strong></span> <span class='ocrx_word' id='word_1_827' title='bbox 2621 5100 2985 5170; x_wconf 86' lang='lat' dir='ltr'><strong>Ascenditque</strong></span> <span class='ocrx_word' id='word_1_828' title='bbox 3013 5099 3082 5154; x_wconf 90' lang='lat' dir='ltr'><strong>ab</strong></span> <span class='ocrx_word' id='word_1_829' title='bbox 3109 5091 3419 5162; x_wconf 81' lang='lat' dir='ltr'><strong>huiusmodi</strong></span> 
     </span>
    </p>
   </div>
   <div class='ocr_carea' id='block_1_113' title="bbox 1833 5191 3418 5252">
    <p class='ocr_par' dir='ltr' id='par_1_113' title="bbox 1833 5191 3418 5252">
     <span class='ocr_line' id='line_1_113' title="bbox 1833 5191 3418 5252; baseline -0.009 0"><span class='ocrx_word' id='word_1_830' title='bbox 1833 5197 1991 5252; x_wconf 88' lang='lat' dir='ltr'><strong>altari</strong></span> <span class='ocrx_word' id='word_1_831' title='bbox 2033 5195 2214 5252; x_wconf 78' lang='lat' dir='ltr'><strong>fumus</strong></span> <span class='ocrx_word' id='word_1_832' title='bbox 2261 5195 2604 5250; x_wconf 82' lang='lat' dir='ltr'><strong>incensurum</strong></span> <span class='ocrx_word' id='word_1_833' title='bbox 2659 5195 2800 5248; x_wconf 88' lang='lat' dir='ltr'><strong>intra</strong></span> <span class='ocrx_word' id='word_1_834' title='bbox 2851 5191 3050 5248; x_wconf 87' lang='lat' dir='ltr'><strong>Sancta</strong></span> <span class='ocrx_word' id='word_1_835' title='bbox 3105 5193 3418 5244; x_wconf 85' lang='lat' dir='ltr'><strong>sanctorum</strong></span> 
     </span>
    </p>
   </div>
   <div class='ocr_carea' id='block_1_114' title="bbox 1831 5283 3418 5352">
    <p class='ocr_par' dir='ltr' id='par_1_114' title="bbox 1831 5283 3418 5352">
     <span class='ocr_line' id='line_1_114' title="bbox 1831 5283 3418 5352; baseline -0.011 -6"><span class='ocrx_word' id='word_1_836' title='bbox 1831 5291 1924 5346; x_wconf 86' lang='lat' dir='ltr'><strong>ubi</strong></span> <span class='ocrx_word' id='word_1_837' title='bbox 1969 5305 2094 5344; x_wconf 87' lang='lat' dir='ltr'><strong>arca</strong></span> <span class='ocrx_word' id='word_1_838' title='bbox 2129 5295 2212 5344; x_wconf 89' lang='lat' dir='ltr'><strong>est</strong></span> <span class='ocrx_word' id='word_1_839' title='bbox 2261 5287 2562 5352; x_wconf 87' lang='lat' dir='ltr'><strong>recondita,</strong></span> <span class='ocrx_word' id='word_1_840' title='bbox 2617 5301 2740 5342; x_wconf 90' lang='lat' dir='ltr'><strong>cum</strong></span> <span class='ocrx_word' id='word_1_841' title='bbox 2789 5283 3064 5340; x_wconf 86' lang='lat' dir='ltr'><strong>orationes</strong></span> <span class='ocrx_word' id='word_1_842' title='bbox 3107 5285 3418 5334; x_wconf 83' lang='lat' dir='ltr'><strong>sanctorum</strong></span> 
     </span>
    </p>
   </div>
   <div class='ocr_carea' id='block_1_115' title="bbox 1831 5375 3422 5446">
    <p class='ocr_par' dir='ltr' id='par_1_115' title="bbox 1831 5375 3422 5446">
     <span class='ocr_line' id='line_1_115' title="bbox 1831 5375 3422 5446; baseline -0.01 -8"><span class='ocrx_word' id='word_1_843' title='bbox 1831 5381 2046 5438; x_wconf 87' lang='lat' dir='ltr'><strong>ﬂamma</strong></span> <span class='ocrx_word' id='word_1_844' title='bbox 2077 5381 2362 5438; x_wconf 88' lang='lat' dir='ltr'><strong>charitatis</strong></span> <span class='ocrx_word' id='word_1_845' title='bbox 2391 5383 2666 5446; x_wconf 64' lang='lat' dir='ltr'><strong>excitatae,</strong></span> <span class='ocrx_word' id='word_1_846' title='bbox 2701 5379 2768 5434; x_wconf 89' lang='lat' dir='ltr'><strong>ad</strong></span> <span class='ocrx_word' id='word_1_847' title='bbox 2807 5375 3002 5432; x_wconf 80' lang='lat' dir='ltr'><strong>cmlum</strong></span> <span class='ocrx_word' id='word_1_848' title='bbox 3031 5387 3204 5442; x_wconf 88' lang='lat' dir='ltr'><strong>usque</strong></span> <span class='ocrx_word' id='word_1_849' title='bbox 3231 5382 3422 5440; x_wconf 87' lang='lat' dir='ltr'><strong>perve-</strong></span> 
     </span>
    </p>
   </div>
   <div class='ocr_carea' id='block_1_116' title="bbox 1829 5457 3420 5532">
    <p class='ocr_par' dir='ltr' id='par_1_116' title="bbox 1829 5457 3420 5532">
     <span class='ocr_line' id='line_1_116' title="bbox 1829 5457 3420 5532; baseline -0.011 1"><span class='ocrx_word' id='word_1_850' title='bbox 1829 5475 1990 5532; x_wconf 88' lang='lat' dir='ltr'><strong>niunt</strong></span> <span class='ocrx_word' id='word_1_851' title='bbox 2015 5493 2030 5530; x_wconf 85' lang='lat'><strong>:</strong></span> <span class='ocrx_word' id='word_1_852' title='bbox 2055 5473 2144 5529; x_wconf 91' lang='lat' dir='ltr'><strong>ubi</strong></span> <span class='ocrx_word' id='word_1_853' title='bbox 2181 5473 2430 5530; x_wconf 87' lang='lat' dir='ltr'><strong>Christus</strong></span> <span class='ocrx_word' id='word_1_854' title='bbox 2465 5479 2550 5526; x_wconf 90' lang='lat' dir='ltr'><strong>est</strong></span> <span class='ocrx_word' id='word_1_855' title='bbox 2589 5471 2642 5526; x_wconf 91' lang='lat' dir='ltr'><strong>in</strong></span> <span class='ocrx_word' id='word_1_856' title='bbox 2673 5471 2890 5526; x_wconf 79' lang='lat' dir='ltr'><strong>dextera</strong></span> <span class='ocrx_word' id='word_1_857' title='bbox 2921 5465 3014 5520; x_wconf 89' lang='lat' dir='ltr'><strong>Dei</strong></span> <span class='ocrx_word' id='word_1_858' title='bbox 3053 5463 3268 5518; x_wconf 89' lang='lat' dir='ltr'><strong>sedens.</strong></span> <span class='ocrx_word' id='word_1_859' title='bbox 3301 5457 3420 5516; x_wconf 83' lang='lat' dir='ltr'><strong>Non</strong></span> 
     </span>
    </p>
   </div>
   <div class='ocr_carea' id='block_1_117' title="bbox 1829 5553 3420 5634">
    <p class='ocr_par' dir='ltr' id='par_1_117' title="bbox 1829 5553 3420 5634">
     <span class='ocr_line' id='line_1_117' title="bbox 1829 5553 3420 5634; baseline -0.01 -10"><span class='ocrx_word' id='word_1_860' title='bbox 1829 5567 1976 5625; x_wconf 90' lang='lat' dir='ltr'><strong>enim</strong></span> <span class='ocrx_word' id='word_1_861' title='bbox 2000 5567 2052 5622; x_wconf 91' lang='lat' dir='ltr'><strong>in</strong></span> <span class='ocrx_word' id='word_1_862' title='bbox 2087 5567 2190 5622; x_wconf 94' lang='lat' dir='ltr'><strong>hoc</strong></span> <span class='ocrx_word' id='word_1_863' title='bbox 2214 5565 2372 5622; x_wconf 87' lang='lat' dir='ltr'><strong>altari</strong></span> <span class='ocrx_word' id='word_1_864' title='bbox 2393 5563 2615 5634; x_wconf 86' lang='lat' dir='ltr'><strong>sanguis</strong></span> <span class='ocrx_word' id='word_1_865' title='bbox 2641 5559 2966 5624; x_wconf 84' lang='lat' dir='ltr'><strong>hostiarum,</strong></span> <span class='ocrx_word' id='word_1_866' title='bbox 3005 5555 3098 5612; x_wconf 90' lang='lat' dir='ltr'><strong>sed</strong></span> <span class='ocrx_word' id='word_1_867' title='bbox 3123 5553 3420 5626; x_wconf 79' lang='lat' dir='ltr'><strong>thymiama</strong></span> 
     </span>
    </p>
   </div>
   <div class='ocr_carea' id='block_1_118' title="bbox 1831 5647 3419 5727">
    <p class='ocr_par' dir='ltr' id='par_1_118' title="bbox 1831 5647 3419 5727">
     <span class='ocr_line' id='line_1_118' title="bbox 1831 5647 3419 5727; baseline -0.013 -9"><span class='ocrx_word' id='word_1_868' title='bbox 1831 5668 2042 5718; x_wconf 87' lang='lat' dir='ltr'><strong>tantum</strong></span> <span class='ocrx_word' id='word_1_869' title='bbox 2081 5657 2402 5718; x_wconf 86' lang='lat' dir='ltr'><strong>incenditur,</strong></span> <span class='ocrx_word' id='word_1_870' title='bbox 2429 5657 2556 5727; x_wconf 89' lang='lat' dir='ltr'><strong>quia</strong></span> <span class='ocrx_word' id='word_1_871' title='bbox 2588 5653 2720 5708; x_wconf 88' lang='lat' dir='ltr'><strong>tales</strong></span> <span class='ocrx_word' id='word_1_872' title='bbox 2762 5649 2866 5706; x_wconf 85' lang='lat' dir='ltr'><strong>viri</strong></span> <span class='ocrx_word' id='word_1_873' title='bbox 2891 5665 2996 5705; x_wconf 91' lang='lat' dir='ltr'><strong>non</strong></span> <span class='ocrx_word' id='word_1_874' title='bbox 3025 5647 3226 5704; x_wconf 89' lang='lat' dir='ltr'><strong>habent</strong></span> <span class='ocrx_word' id='word_1_875' title='bbox 3253 5659 3419 5716; x_wconf 87' lang='lat' dir='ltr'><strong>opera</strong></span> 
     </span>
    </p>
   </div>
   <div class='ocr_carea' id='block_1_119' title="bbox 1831 5735 3420 5822">
    <p class='ocr_par' dir='ltr' id='par_1_119' title="bbox 1831 5735 3420 5822">
     <span class='ocr_line' id='line_1_119' title="bbox 1831 5735 3420 5822; baseline -0.012 -12"><span class='ocrx_word' id='word_1_876' title='bbox 1831 5751 2014 5810; x_wconf 89' lang='lat' dir='ltr'><strong>carnis</strong></span> <span class='ocrx_word' id='word_1_877' title='bbox 2037 5757 2090 5806; x_wconf 91' lang='lat' dir='ltr'><strong>et</strong></span> <span class='ocrx_word' id='word_1_878' title='bbox 2131 5747 2424 5822; x_wconf 88' lang='lat' dir='ltr'><strong>sanguinis,</strong></span> <span class='ocrx_word' id='word_1_879' title='bbox 2451 5760 2570 5816; x_wconf 63' lang='lat' dir='ltr'><strong>quin</strong></span> <span class='ocrx_word' id='word_1_880' title='bbox 2595 5743 2646 5798; x_wconf 90' lang='lat' dir='ltr'><strong>in</strong></span> <span class='ocrx_word' id='word_1_881' title='bbox 2673 5757 2766 5796; x_wconf 88' lang='lat' dir='ltr'><strong>ara</strong></span> <span class='ocrx_word' id='word_1_882' title='bbox 2797 5739 2880 5796; x_wconf 91' lang='lat' dir='ltr'><strong>sui</strong></span> <span class='ocrx_word' id='word_1_883' title='bbox 2922 5735 3420 5796; x_wconf 78' lang='lat' dir='ltr'><strong>cordis.1mmolau-</strong></span> 
     </span>
    </p>
   </div>
   <div class='ocr_carea' id='block_1_120' title="bbox 1833 5825 3422 5906">
    <p class='ocr_par' dir='ltr' id='par_1_120' title="bbox 1833 5825 3422 5906">
     <span class='ocr_line' id='line_1_120' title="bbox 1833 5825 3422 5906; baseline -0.009 -4"><span class='ocrx_word' id='word_1_884' title='bbox 1833 5853 1912 5904; x_wconf 91' lang='lat' dir='ltr'><strong>tes</strong></span> <span class='ocrx_word' id='word_1_885' title='bbox 1941 5843 2170 5902; x_wconf 87' lang='lat' dir='ltr'><strong>Domino</strong></span> <span class='ocrx_word' id='word_1_886' title='bbox 2196 5825 2456 5900; x_wconf 68' lang='lat' dir='ltr'><strong>mactent&#39;.</strong></span> <span class='ocrx_word' id='word_1_887' title='bbox 2485 5835 2580 5894; x_wconf 87' lang='lat' dir='ltr'><strong>sed</strong></span> <span class='ocrx_word' id='word_1_888' title='bbox 2603 5833 2941 5894; x_wconf 89' lang='lat' dir='ltr'><strong>solummodo</strong></span> <span class='ocrx_word' id='word_1_889' title='bbox 2967 5832 3339 5906; x_wconf 81' lang='lat' dir='ltr'><strong>lacrymarum</strong></span> <span class='ocrx_word' id='word_1_890' title='bbox 3361 5835 3422 5888; x_wconf 84' lang='lat' dir='ltr'><strong>et</strong></span> 
     </span>
    </p>
   </div>
  </div>
