4044 6336
543 396 644 459 ιδι

1584 384 1938 452 ansatum
1972 388 2435 449 LUXOVIENSIS
2472 390 2783 451 nomen!
2884 358 2895 369 ’

3736 392 3855 452 ὶῖιε

542 512 809 576 orationis
836 512 886 569 ei
911 521 1058 579 vota,
1093 526 1196 583 pro
1234 510 1505 567 desiderio
1538 511 1691 583 regni
1720 510 1958 566 caelestis
2000 508 2130 565 olle-
2159 508 2208 571 Α
2236 508 2370 581 quit,
2417 509 2471 565 in
2517 522 2809 582 conspectu
2856 528 2978 568 meo
3020 526 3264 570 mensam
3305 514 3567 574 adversus
3605 530 3710 573 eos
3749 512 3851 589 qui

544 620 692 669 runt.
736 629 755 662 ι
790 608 940 664 Fecit
987 622 1203 678 quoque
1242 607 1411 661 altare
1453 622 1661 662 aeneum
1702 606 1888 677 viginti
1932 605 2135 660 cubito-

546 714 666 762 rum
716 699 1091 774 longitudinis,
1139 708 1195 755 et
1223 700 1410 772 viginti
1454 700 1759 754 cubitorum
1810 696 2131 763 latitudinis,

546 801 604 850 et
628 793 814 848 decem
857 790 1162 846 cubitorum
1196 789 1518 844 altitudinis.
1549 806 1571 840 ι
1620 788 1687 844 Ει
1717 788 1934 860 quidem
1965 786 2138 841 altare

550 885 923 960 thymiamatis
964 880 1141 939 Moses
1177 880 1304 937 fecit
1342 882 1397 939 in
1430 897 1637 949 eremo,
1662 881 1867 937 habens
1896 879 2139 936 cubitum

549 976 927 1053 longitudinis,
961 984 1017 1030 et
1056 974 1287 1031 alterum
1319 973 1644 1039 latitudinis,
1680 982 1735 1029 et
1765 974 1899 1029 duos
1928 971 2140 1051 cubitos

552 1068 608 1128 in
637 1072 941 1128 altitudine.
974 1068 1201 1137 Quanta:
1241 1076 1424 1123 autem
1470 1065 1858 1139 magnitudinis
1901 1066 2007 1121 hoc
2045 1080 2138 1120 su-

551 1164 738 1237 perius
792 1160 993 1217 dictum
1048 1160 1221 1216 altare
1292 1158 1549 1215 Salomon
1609 1156 1803 1215 fecerit
1860 1156 2141 1230 Scriptura

553 1253 817 1327 praedicit,
846 1253 943 1308 sed
969 1260 1148 1307 tamen
1178 1249 1323 1322 quod
1353 1250 1523 1305 altare
1558 1266 1783 1306 aureum
1821 1249 2035 1315 fecerit,
2064 1250 2144 1306 dl-

556 1348 649 1405 cit.
675 1344 901 1401 Constat
940 1352 1120 1400 autem
1165 1343 1291 1415 quia
1332 1350 1544 1398 tantum
1587 1341 1770 1398 facere
1796 1357 1902 1396 non
1946 1341 2140 1412 potuit,

554 1447 816 1508 quantum
863 1434 994 1490 fecit
1022 1433 1347 1499 holocausti,
1376 1433 1503 1504 quia
1540 1431 1589 1487 si
1616 1431 1805 1504 viginti
1836 1432 2143 1487 cubitorum

2236 601 2497 655 tribulant
2537 619 2624 659 me
2647 602 2819 675 (Psal.
2853 604 3011 676 χχιι).
3043 627 3061 658 ι
3093 604 3344 673 Neenim
3386 625 3484 665 nos
3526 610 3851 671 adverSarii

2238 692 2561 749 tribulamtes
2585 695 2651 749 ad
2680 711 2921 752 errorem
2956 695 3198 763 ﬂectant,
3237 715 3478 755 mensam
3512 704 3673 759 nobis
3706 720 3853 761 oon-

2239 783 2383 839 ditor
2414 794 2600 842 noster
2636 787 2875 843 scientiae
2906 788 3163 856 caelestis,
3194 806 3294 863 per
3322 810 3485 863 quam
3517 794 3570 850 in
3602 797 3718 852 [ide
3750 814 3849 853 ve~

2239 877 2419 933 ritatis
2440 878 2826 946 confortemnr,
2854 880 3085 950 paravit.
3120 880 3295 938 Panes
3322 900 3553 956 namque
3582 903 3687 957 pro
3698 893 3853 955 p033-

2241 969 2411 1024 tionis
2447 971 2623 1025 sancti
2671 979 2797 1026 sunt
2829 970 3106 1037 doctores,
3146 988 3377 1043 quorum
3408 975 3493 1030 vel
3518 990 3692 1047 opera
3740 993 3845 1032 Iro-

2241 1060 2347 1126 bis,
2381 1061 2463 1116 vel
2492 1062 2656 1117 verba
2699 1061 2978 1126 salutaria,
3027 1063 3097 1118 nd
3138 1065 3450 1136 exemplum
3482 1067 3615 1123 vitm
3638 1082 3849 1139 propoo

2243 1151 2369 1217 sita,
2400 1166 2617 1223 semper
2646 1152 2701 1207 in
2728 1152 2931 1209 divinis
2951 1153 3165 1225 paginis
3182 1156 3431 1226 quisquis
3457 1159 3601 1215 bene
3619 1162 3849 1230 quatit,

2245 1244 2477 1301 invenit.
2515 1245 2671 1302 Unde
2711 1253 2865 1301 recte
2894 1253 3127 1317 apteque
3154 1247 3321 1304 iidem
3356 1262 3525 1320 partes
3553 1252 3619 1307 in
3654 1251 3853 1308 Exodo

2247 1335 2537 1392 duodecim
2560 1334 2679 1392 ﬁeri
2708 1323 2965 1407 praecepti
2987 1332 3137 1404 suit,
3164 1339 3419 1396 videlicet
3444 1351 3675 1414 propter
3718 1358 3855 1414 apo-

2247 1428 2416 1485 stolos
2440 1429 2751 1496 duodecim,
2804 1446 2905 1501 per
2930 1446 3162 1500 quorum
3198 1433 3561 1490 ministerium
3599 1445 3662 1492 et
3690 1436 3855 1495 nolis

556 1526 613 1585 in
670 1526 1010 1600 longitudine
1055 1534 1111 1582 et
1159 1525 1444 1581 latitudine
1490 1524 1694 1580 factum
1746 1531 1924 1591 esset,
1977 1532 2147 1580 totam
2251 1520 2533 1591 Scriptura
2554 1520 2687 1577 Novi
2705 1521 3037 1579 Testameoti
3056 1524 3273 1580 condita
3291 1534 3473 1593 est,et
3491 1527 3852 1586 instrumenti

559 1619 744 1692 templi
784 1619 1129 1675 latitudinem
1164 1618 1435 1689 impleret.
1468 1618 1683 1686 Quanto
1708 1618 1875 1689 igitur
1908 1619 2149 1673 exterius
2252 1612 2484 1679 Veteris,
2515 1615 2750 1669 donante
2786 1613 3039 1681 Domino,
3081 1616 3325 1673 revelata
3356 1621 3643 1692 mysteria.
3702 1621 3853 1690 Quo-

558 1722 682 1768 erat
705 1710 941 1783 positum
984 1709 1157 1765 altare
1187 1708 1489 1764 holocausti
1526 1723 1689 1778 quam
1720 1707 1950 1773 incensi,
1979 1723 2151 1777 quan—
2253 1720 2379 1761 rum
2404 1706 2663 1761 nimirum
2702 1722 2955 1773 numero,
2986 1723 3098 1763 non
3137 1717 3349 1765 tantum
3379 1712 3543 1768 iidem
3584 1714 3853 1783 apostoli,

560 1812 784 1874 tumque
811 1808 1008 1872 genere
1042 1800 1350 1864 oblationis,
1391 1814 1455 1854 ac
1509 1799 1717 1855 vilitate
1751 1797 1953 1853 metalli
1992 1799 2148 1871 igno-
2255 1797 2348 1852 sed
2378 1813 2568 1855 omnes
2596 1806 2724 1853 sunt
2762 1798 3053 1869 designati,
3096 1800 3190 1870 qui
3220 1803 3447 1857 verbum
3474 1804 3852 1875 praedicando,

564 1888 726 1950 bilius
762 1892 885 1959 fuit,
936 1899 1146 1946 tantum
1180 1892 1481 1961 quantitate
1530 1905 1797 1946 mensura:
1836 1896 1891 1945 et
1936 1890 2147 1945 hostia-
2177 1880 2229 1951 Β
2256 1889 2513 1961 pabulum
2542 1890 2669 1945 vita:
2694 1888 2945 1945 ﬁdelibus
2972 1891 3323 1947 ministrant:
3352 1894 3483 1964 quia
3504 1910 3708 1952 omnes
3750 1898 3851 1952 uti-

560 1996 683 2042 rttm
726 1982 1034 2057 frequentia
1085 1984 1400 2055 praestabat.
1464 1983 1600 2052 Quia
1658 1982 1915 2038 nimirum
1969 1983 2153 2052 plures

562 2088 688 2137 sunt
731 2079 903 2135 multo
933 2079 1130 2150 quibus
1162 2077 1375 2133 dicatur
1416 2074 1632 2148 (Matth.
1656 2074 1747 2149 xv)
1780 2094 1793 2131 :
1829 2096 1847 2128 ι
1879 2075 1935 2130 Si
1966 2075 2050 2133 vis
2084 2074 2153 2131 ad

561 2172 727 2227 vitam
756 2170 985 2244 ingredi,
1026 2185 1183 2227 serva
1223 2169 1511 2225 mandata:
1544 2190 1562 2222 ›
1599 2185 1764 2242 quam
1792 2185 1929 2242 quos
1966 2170 2153 2227 audire

565 2264 812 2331 delectet,
859 2283 877 2317 ι
915 2262 974 2319 Si
1027 2262 1110 2320 vis
1145 2264 1420 2335 perfectus
1455 2280 1594 2331 esse,
1624 2266 1780 2334 vade,
1826 2266 2000 2322 vende
2032 2282 2153 2337 quae

563 2357 734 2414 habes
774 2366 830 2413 et
859 2356 926 2411 da
974 2357 1320 2431 pauperibus.
1358 2376 1379 2410 ι
1409 2355 1522 2413 Nec
1569 2365 1748 2412 tamen
1796 2356 1955 2427 hujus
2004 2372 2155 2412 men-

565 2460 694 2504 sura
721 2447 907 2504 altaris
933 2451 1159 2521 mystica
1206 2448 1419 2505 ratione
1441 2458 1591 2504 caret
1621 2457 1676 2504 et
1704 2463 1952 2504 numero.
1982 2445 2155 2504 liabet

564 2540 710 2596 cnim
734 2540 924 2611 viginti
956 2541 1167 2596 cubitos
1190 2538 1564 2613 longitudinis,
1597 2550 1653 2597 et
1684 2541 1908 2597 totidem
1944 2541 2154 2597 cubitos

564 2630 886 2695 latitudinis,
910 2642 966 2688 et
997 2633 1186 2688 decem
1212 2632 1426 2688 cubitos
1450 2631 1766 2690 altitudinis.
1792 2634 1869 2691 De
1897 2649 2006 2706 quo
2036 2636 2156 2705 qui-

566 2722 687 2780 dem
716 2739 943 2780 numcro
968 2740 1131 2795 supra
1167 2724 1222 2779 in
1252 2726 1592 2796 expositione
1620 2714 1801 2798 templi
1828 2736 1883 2783 et
1907 2724 2153 2783 vestibuli

564 2816 681 2889 ejus
720 2818 974 2873 diximus.
1010 2816 1117 2873 Sed
1155 2827 1211 2873 et
1235 2835 1378 2875 nunc
1405 2821 1688 2876 dicendum
1714 2821 1951 2877 breviter
1977 2841 1989 2876 :
2017 2822 2156 2891 Quia

564 2909 610 2965 si
653 2907 824 2965 altare
862 2909 1165 2966 holocausti
1208 2909 1423 2967 illorum
1470 2911 1522 2966 in
1558 2911 1801 2969 Ecclesia
1845 2922 2029 2984 typum
2078 2922 2157 2968 te-

564 3011 678 3068 net,
706 3004 797 3074 qui
821 3018 977 3057 suum
1009 3017 1205 3074 corpus
1230 3010 1286 3059 et
1310 3003 1548 3059 animam
1578 3004 1806 3063 Domino
1833 3019 2157 3061 consecrare

564 3109 664 3167 per
689 3095 867 3165 ignem
897 3096 1101 3152 amoris
1141 3095 1285 3152 illius
1314 3104 1582 3167 quaerunt,
1614 3097 2023 3168 perseverantia
2053 3096 2154 3154 lio-

568 3200 688 3242 rutn
738 3186 792 3240 in
831 3187 970 3242 bona
1018 3188 1334 3258 operatione
1374 3202 1473 3258 per
1500 3186 1891 3259 longitudinem
1943 3186 2152 3256 altaris,

2253 1996 2361 2052 que
2386 1980 2561 2051 ipsam
2584 1980 2851 2038 doctrina:
2885 1980 3141 2049 formam,
3184 1999 3349 2054 quam
3378 2000 3411 2040 a
3454 1985 3700 2043 Domino
3726 2003 3853 2060 apo-

2253 2073 2377 2129 stoli
2412 2087 2672 2144 accepere
2710 2082 3030 2143 sequuntur.
3081 2074 3236 2142 Quod
3258 2091 3392 2132 vero
3422 2077 3476 2132 in
3503 2077 3709 2134 Verbis
3740 2080 3852 2135 die-

2254 2178 2376 2220 rum
2403 2164 2634 2237 legimus
2669 2164 2756 2238 (11
2785 2165 2917 2219 Par.
2945 2165 3043 2237 tv),
3094 2166 3225 2236 quia
3252 2165 3382 2223 fecit
3411 2166 3679 2224 Salomon
3709 2184 3851 2225 meo

2254 2274 2345 2314 ras
2390 2259 2602 2325 decem,
2650 2267 2706 2314 et
2759 2259 2941 2329 posuit
3001 2274 3095 2315 eas
3148 2260 3207 2315 in
3254 2260 3477 2332 templo,
3524 2263 3775 2334 quinque
3823 2278 3852 2319 θ

2254 2351 2482 2418 dextris,
2523 2359 2579 2407 et
2625 2352 2867 2422 quinque
2911 2367 2941 2407 a
2968 2352 3229 2419 sinistris,
3261 2352 3473 2423 phialas
3492 2369 3727 2425 quoque
3764 2369 3853 2410 au-

2256 2458 2380 2501 reas
2399 2450 2616 2499 centum
2646 2461 2660 2497 :
2693 2459 2803 2499 non
2832 2445 2935 2500 has
2976 2460 3194 2500 mensas
3222 2454 3334 2501 tam
3358 2446 3429 2501 ad
3456 2462 3631 2517 panes
3658 2463 3852 2518 prope-

2256 2535 2471 2617 sitionis
2495 2550 2657 2606 quam
2701 2536 2769 2591 ad
2798 2551 2928 2591 vasa
2966 2536 3176 2592 Domini
3204 2539 3475 2608 portanda
3504 2538 3693 2595 factas
3738 2556 3852 2597 esse

2255 2627 2519 2684 credibile
2560 2637 2665 2694 est,
2702 2627 2914 2698 phialas
2940 2617 3189 2685 videlicet
3248 2644 3387 2700 quas
3413 2632 3638 2701 pariter
3680 2631 3852 2688 facta

2260 2717 2537 2790 Scriptum
2580 2717 2771 2783 refert,
2809 2719 3279 2790 thymiamateria,
3308 2722 3608 2789 thuribula,
3655 2733 3717 2779 et
3757 2739 3851 2780 cte-

2256 2820 2374 2867 tera
2396 2827 2517 2883 qua:
2539 2812 2595 2866 in
2621 2811 2974 2882 sequentibus
2996 2811 3251 2885 leguntur
3272 2815 3542 2885 :myStice
3565 2829 3853 2887 ροειιιιιιιξ

2258 2902 2514 2957 nonnulla
2544 2902 2867 2974 intelligere.
2894 2901 3031 2959 Nam
3058 2905 3201 2975 quod
3237 2906 3403 2975 paulo
3424 2916 3547 2976 post
3576 2907 3635 2963 iu
3664 2909 3853 2965 eodem

2257 2996 2557 3051 verborum
2607 2995 2882 3053 volumine
2938 2996 3273 3053 subinl‘ertur
3320 3012 3338 3054 :
3387 2998 3542 3056 Fecit
3598 3000 3853 3057 Salomon

2258 3089 2438 3144 omnia
2461 3103 2590 3145 vasa
2630 3088 2827 3145 domus
2856 3088 3069 3144 Domini
3102 3088 3223 3155 Dei,
3260 3100 3318 3146 et
3351 3090 3523 3148 altare
3560 3107 3779 3149 meum
3805 3099 3851 3147 et

2262 3194 2497 3247 mensas,
2519 3189 2576 3235 et
2601 3195 2765 3251 super
2787 3195 2884 3237 eas
2911 3194 3080 3250 panes
3104 3182 3530 3252 propositionis:
3560 3184 3650 3240 vel
3678 3185 3850 3256 plum

570 3276 868 3349 amplitudo
899 3278 954 3334 in
984 3252 1255 3336 charitate
1298 3252 1395 3335 Dei
1426 3287 1480 3333 et
1512 3252 1744 3351 proximi
1782 3295 1880 3351 per
1910 3252 2153 3337 latitudi;

2260 3274 2367 3329 lem
2396 3288 2687 3330 numerum
2715 3288 2815 3344 pro
2853 3272 3115 3345 singulari
3144 3275 3348 3345 posuit,
3379 3289 3535 3331 more

572 3390 717 3440 nem,
747 3389 874 3445 spes
900 3373 953 3428 in
997 3374 1336 3445 Spectatione
1364 3372 1560 3427 divinae
1591 3372 1815 3428 visionis
1848 3389 1945 3445 per
1978 3375 2161 3430 altitu-

567 3465 748 3522 dinem
790 3446 1071 3539 llgnratnr.
1111 3466 1266 3535 Quod
1300 3474 1481 3521 autem
1512 3464 1793 3537 longitudo
1839 3476 1894 3522 et
1933 3465 2162 3525 latitudo

567 3555 755 3613 altaris
783 3556 1098 3613 vicenorum
1146 3563 1267 3611 erat
1311 3555 1639 3623 cubitorum,
1687 3572 1938 3629 magnam
1973 3558 2162 3631 utique

566 3648 957 3722 perfectionem
990 3646 1236 3718 designat
1264 3645 1505 3717 ejusdem
1534 3644 1818 3705 indefesszc
1841 3647 2163 3720 longanimi-

568 3741 718 3809 tatis,
750 3756 813 3797 ac
845 3741 1074 3795 sincera:
1102 3736 1431 3805 dilectionis,
1474 3754 1594 3810 qua:
1622 3753 1720 3808 per
1755 3740 2038 3811 utriusque
2066 3740 2163 3796 Te-

568 3833 823 3891 stamenti
863 3833 1018 3888 nobis
1045 3832 1450 3887 observantiam
1483 3832 1759 3888 tribuitur.
1785 3832 1990 3902 Quater
2017 3833 2161 3893 enim

568 3924 720 3996 quini
772 3922 1104 3978 vicenarium
1150 3937 1435 3978 munerum
1461 3923 1753 3994 complent.
1781 3922 2032 3996 Quinque
2068 3941 2165 3981 au-

570 4025 679 4071 tem
742 4012 866 4068 libri
915 4013 1163 4069 Mosaicae
1204 4013 1338 4085 legis
1381 4023 1616 4086 quatuor
1667 4024 1793 4072 sunt
1840 4016 2164 4087 evangelicae.

566 4103 854 4160 libertatis.
880 4102 946 4160 Et
973 4119 1095 4160 cum
1127 4105 1193 4161 ad
1228 4104 1636 4178 intelligentiam
1667 4118 1828 4177 atque
1859 4109 2162 4165 custodiam

567 4195 705 4268 legis
723 4196 1043 4269 spiritalem,
1066 4196 1373 4253 illustrante
1396 4197 1669 4271 Evangelii
1696 4200 1892 4270 gratia.
1914 4200 2163 4271 perveni-

569 4304 714 4352 mus,
743 4290 1078 4345 vicenarium
1123 4289 1370 4362 profecto
1414 4306 1641 4346 numero
1683 4290 1787 4347 hoc
1828 4292 2160 4364 perlicimns.

568 4381 763 4452 Fitque
794 4382 935 4439 idem
968 4401 1223 4440 numerus
1249 4385 1301 4440 in
1329 4384 1665 4453 longitudine
1690 4394 1745 4439 et
1771 4385 2056 4441 latitudine
2086 4386 2165 4441 al-

570 4475 726 4540 taris,
751 4490 875 4531 cum
903 4476 1069 4532 corda
1099 4476 1423 4543 electorum,
1455 4478 1683 4533 docente
1708 4486 1940 4551 utroque
1968 4478 2161 4535 Testa-

570 4575 773 4636 mento,
802 4580 860 4624 et
884 4567 1173 4638 adiuvante
1217 4569 1335 4641 ipso
1374 4584 1482 4624 uno
1510 4570 1794 4641 utriusque
1825 4568 2161 4628 Tcstamenti

570 4670 813 4727 auctore,
865 4672 920 4717 et
966 4662 1429 4734 perseverantiam
1474 4662 1603 4719 boni
1650 4665 1852 4735 operis,
1891 4665 2056 4720 etiam
2104 4665 2156 4719 in

571 4754 949 4828 persecutiOne
996 4761 1217 4810 servant
1269 4755 1325 4809 in
1382 4755 1659 4811 hilaritate
1717 4757 2055 4823 dilectionis,
2106 4766 2161 4813 et

570 4846 735 4900 etiam
785 4846 840 4900 in
881 4856 975 4900 eos
1013 4845 1105 4915 qui
1156 4853 1557 4915 persequuntur
1594 4846 1870 4905 exhibent.
1927 4846 2161 4905 Denario

570 4948 750 4994 autem
813 4954 1059 5005 numero,
1112 4954 1238 5010 spes
1283 4938 1585 4995 cmlestium
1628 4941 1973 5010 praemiorum
2026 4942 2163 4998 solet

570 5032 863 5103 designari,
894 5032 1130 5088 Domino
1175 5032 1500 5100 allii-mante,
1534 5049 1656 5088 cum
1684 5049 1778 5088 eos
1806 5033 1897 5105 qui
1926 5034 1980 5089 in
2003 5034 2160 5092 vinea

571 5125 749 5197 magni
782 5122 954 5196 patris
982 5123 1214 5181 familias
1240 5124 1508 5192 laborant,
1536 5125 1762 5181 denario
1787 5112 2162 5184 remunet'atos

571 5231 693 5272 esse
726 5226 976 5273 testatur.
1011 5214 1081 5273 Et
1106 5218 1248 5274 idem
1275 5218 1445 5273 altare
1478 5218 1624 5289 quod
1653 5218 1706 5273 in
1744 5216 1915 5287 ﬁgura
1957 5219 2159 5275 factum

571 5318 655 5367 est
684 5309 1007 5378 electorum,
1039 5311 1110 5367 ob
1148 5311 1559 5385 significandam
1585 5326 1776 5365 eorum
1823 5311 1990 5366 vitam
2034 5326 2159 5382 per-

569 5412 812 5479 petuam,
849 5405 1038 5461 decem
1086 5413 1206 5461 erat
1244 5404 1442 5459 cubitis
1486 5400 1676 5457 altum.
1720 5401 1854 5459 Cum
1900 5418 2026 5459 vero
2076 5402 2159 5459 di-

570 5506 717 5553 ctum
747 5505 853 5563 est,
885 5498 1010 5569 quia
1044 5494 1172 5553 fecit
1200 5495 1455 5551 Salomon
1502 5494 1672 5552 altare
1704 5510 1956 5559 aureum,
2006 5494 2160 5551 addi-

573 5598 688 5645 tum
714 5599 799 5647 est
827 5591 1103 5657 continuo,
1135 5599 1191 5646 et
1233 5604 1479 5646 mensam
1509 5602 1671 5659 super
1707 5604 1867 5659 quam
1894 5603 2160 5659 poneren-

573 5691 663 5737 tur
689 5696 859 5754 panes
878 5682 1262 5754 propositionis
1284 5698 1525 5738 auream.
1554 5680 1738 5737 Mensa
1769 5688 1947 5735 autem
1992 5696 2154 5736 aurea

573 5758 855 5849 Scriptura
883 5786 966 5833 cst
1008 5792 1163 5833 sacra
1193 5776 1452 5848 spiritalis
1484 5772 1873 5848 intelligentiae,
1908 5774 2165 5847 claritate.

572 5868 826 5937 fecunda,
873 5868 940 5925 de
964 5866 1073 5940 qua
1105 5867 1393 5926 Psalmista
1446 5868 1711 5926 Domino:
1746 5888 1763 5922 ι
1792 5866 2026 5940 Parasti,
2073 5870 2156 5926 in-

2184 4620 2239 4691 D

2260 3366 2647 3434 usitatissimo,
2681 3374 2742 3421 ut
2774 3366 2831 3425 in
2867 3366 2997 3422 Iesu
3035 3365 3225 3422 Nave:
3266 3386 3286 3420 ι
3312 3366 3437 3423 Filii
3470 3377 3656 3425 autem
3696 3369 3853 3426 lsi-Id

2260 3457 2605 3527 praevaricati
2650 3466 2780 3515 sunt
2831 3458 3182 3525 mandatum,
3240 3469 3294 3516 et
3341 3471 3755 3532 usurpath
3794 3463 3853 3518 de

2262 3549 2611 3604 mathemata
2658 3546 2799 3619 (los.
2845 3548 2945 3619 vn)
2975 3568 2994 3602 ι
3053 3564 3178 3606 eum
3223 3549 3411 3607 Achar
3455 3551 3611 3608 solus
3652 3560 3714 3609 et
3756 3567 3853 3608 non

2262 3639 2445 3712 plures
2470 3639 2564 3695 lilii
2592 3639 2761 3697 Israel
2788 3640 2893 3697 hoc
2920 3639 3167 3698 fecerunt
3201 3660 3214 3697 :
3247 3642 3331 3698 vel
3354 3643 3483 3713 quia
3511 3653 3664 3701 certe
3688 3658 3852 3717 partes

2264 3730 2655 3813 propositionis
2675 3733 2926 3790 solebant
2955 3743 3083 3791 ante
3108 3734 3394 3791 sabbatum
3424 3737 3612 3808 coqui,
3642 3745 3705 3793 ut
3734 3738 3852 3805 sab-

2264 3824 2394 3885 bato
2434 3839 2559 3879 mox
2601 3824 2731 3896 poni
2766 3833 2994 3895 possent
3038 3825 3095 3880 in
3139 3840 3385 3884 mensem
3418 3827 3850 3899 propositionis:

2263 3916 2440 3989 potuit
2470 3915 2589 3972 ﬁeri
2635 3927 2694 3973 ut
2744 3932 2915 3989 panes
2961 3917 3089 3972 novi
3138 3917 3351 3973 noviter
3388 3918 3531 3973 cocti
3574 3935 3702 3975 mox
3756 3917 3853 3974 illis

2264 4011 2470 4067 mensis
2514 4012 2946 4082 imponerentur,
2990 4010 3301 4081 ibidemque
3341 4010 3625 4067 noctean
3670 4024 3849 4067 serva»

2264 4114 2453 4161 rentur
2496 4105 2692 4177 operti,
2719 4103 2892 4160 donec
2940 4103 3119 4174 primo
3165 4117 3324 4158 niane
3370 4103 3572 4159 ablatis
3610 4104 3854 4159 uteribus

2265 4215 2431 4271 super
2460 4213 2705 4255 mensam
2744 4197 3129 4270 propositionis
3155 4205 3489 4268 ponerentur
3524 4196 3711 4255 calidi.
3746 4195 3852 4251 Non

2272 4301 2456 4346 autem
2485 4292 2567 4345 lia:
2596 4306 2799 4347 mensa:
2822 4292 3009 4346 decem
3051 4305 3081 4344 a
3115 4288 3285 4361 ﬁgura
3314 4290 3475 4346 unius
3500 4304 3704 4347 mensa:
3730 4303 3845 4361 pro-

2277 4384 2568 4456 positionis
2593 4384 2927 4455 discrepant.
2955 4382 3091 4438 Nam
3131 4384 3272 4439 sicut
3294 4399 3399 4439 una
3432 4398 3627 4439 mensa
3650 4383 3849 4439 duode-

2270 4478 2377 4533 cim
2401 4477 2632 4548 panibus
2645 4487 2857 4542 onusta,
2886 4478 3199 4533 unanimem
3223 4479 3389 4535 totius
3411 4475 3713 4548 Scriptum
3734 4492 3846 4534 cor

2268 4571 2509 4627 cordiam
2559 4570 2893 4627 auctoritate
2929 4568 3223 4641 apostolica
3257 4571 3522 4633 munitam
3569 4572 3851 4644 designat:

2265 4666 2343 4721 ita
2385 4672 2445 4719 ut
2487 4672 2597 4719 nun
2649 4663 2922 4721 inmerito
2969 4664 3157 4721 decem
3204 4678 3406 4721 mense
3446 4679 3631 4720 struem
3668 4665 3850 4721 divina

2263 4756 2400 4827 legis
2448 4763 2504 4811 et
2544 4755 2937 4826 prophetarum
2977 4755 3191 4826 eloquia
3238 4755 3469 4829 ﬁgurate
3514 4758 3849 4822 denuntiant,

2264 4863 2387 4920 quae
2427 4848 2512 4904 vel
2554 4847 2908 4905 refectionem
2955 4849 3115 4906 nobis
3160 4852 3315 4907 verbi
3362 4849 3457 4907 Dei
3496 4851 3655 4923 quasi
3694 4864 3847 4923 panes

2263 4941 2648 5012 propositionis
2687 4939 2946 5009 oﬂ‘erunt,
2993 4943 3078 4998 vel
3120 4943 3279 4999 nobis
3321 4942 3569 5014 exempla
3617 4942 3848 4999 ﬁdelium

2264 5033 2423 5104 quasi
2452 5033 2753 5103 positorum
2792 5034 2847 5088 in
2877 5050 2936 5090 se
2978 5050 3231 5092 vasorum
3270 5036 3511 5100 Domini,
3551 5037 3848 5093 claritatem

2237 5136 2321 5191 ,ει
2346 5127 2607 5184 miracula
2634 5138 2965 5200 proponunt.
3010 5132 3177 5187 Recte
3210 5146 3371 5187 auem
3406 5132 3493 5188 bis
3510 5133 3697 5202 quiue
3732 5136 3847 5185 sunt

2266 5236 2487 5288 mensae,
2512 5238 2621 5278 non
2656 5222 2829 5279 solum
2861 5224 2987 5297 quia
3008 5224 3284 5297 legislator
3308 5225 3547 5296 quinque
3580 5224 3843 5279 votvnnina

2265 5314 2509 5385 scripsit,
2554 5317 2931 5372 vcnnnetiam'
2962 5318 3093 5389 quia
3135 5326 3251 5374 tota
3300 5320 3473 5375 series
3521 5312 3845 5375 Testamenti

2268 5404 2484 5462 Veteris
2524 5407 2766 5478 quinque
2813 5415 3001 5467 aetates
3025 5409 3207 5464 smculi
3241 5407 3644 5481 complectitur.
3674 5402 3847 5463 Gemi-

2264 5507 2428 5556 natur
2457 5514 2588 5555 vero
2623 5516 2883 5557 numerus
2935 5517 3244 5559 mensarum
3271 5501 3575 5573 quinarius,
3604 5506 3662 5556 et
3700 5498 3845 5570 quino

2262 5606 2368 5662 que
2408 5608 2438 5647 a
2484 5592 2713 5659 dextris,
2744 5594 2985 5664 quinque
3035 5609 3065 5648 a
3102 5594 3341 5650 sinistris
3384 5580 3698 5664 ponuntur:
3730 5600 3845 5646 eum

2262 5691 2386 5754 post
2411 5683 2840 5738 incarnationem
2870 5683 3208 5739 Dominieam
3231 5684 3419 5741 eadem
3436 5682 3720 5754 Scriptura
3743 5678 3845 5736 sive

2259 5777 2476 5848 utrique
2520 5775 2614 5832 Dei
2651 5775 2866 5847 populo,
2891 5774 3076 5832 Judreo
3121 5776 3329 5833 scilicet
3374 5785 3429 5835 et
3467 5768 3655 5849 gentili
3704 5787 3842 5829 com-

2260 5868 2516 5935 mittitur,
2563 5869 2677 5925 sive
2723 5867 3054 5941 evangelicis
3088 5866 3484 5943 plena’lig‘uris
3522 5864 3840 5930 ostenditur,
