4044 6336
140 353 247 415 «153

1037 348 1296 411 suane.
1338 347 1409 407 tu
1446 344 1691 405 uanos
1732 345 1993 401 aeson.
2036 374 2108 390 --
2146 347 2215 407 ιιι
2251 346 2385 417 me.
2424 347 2517 405 ιιι.

3301 345 3409 405 ιει

139 484 261 541 quae
283 464 558 538 quondam
582 465 809 537 antiquo
834 464 935 522 Dei
957 465 1152 537 populo
1176 462 1341 534 juxta
1366 462 1601 519 litteram
1633 477 1717 517 so-
1747 466 1792 527 Α
1822 461 1986 517 ctiam
2015 461 2091 517 ita
2120 464 2401 534 aptissime
2422 462 2629 530 dicere,
2658 461 2787 532 quia
2819 461 3055 521 lucernae
3076 464 3257 521 divina
3279 474 3411 526 sunt

138 565 251 621 lum
283 560 626 631 intelligenda
648 574 771 615 esse
798 559 1110 629 putabatur.

216 672 237 704 ι
280 650 433 707 Fecit
453 659 509 704 et
530 649 749 721 bydrias
771 657 827 704 et
847 648 1144 704 fuscinulas
1171 656 1227 703 et
1249 646 1462 717 phialas
1491 654 1549 702 et
1577 660 1724 701 mor-

146 764 168 799 ι
206 741 397 799 tariola
427 742 495 797 de
542 757 677 797 auro
721 740 1032 811 purissimo.
1068 760 1087 791 ι
1128 739 1346 811 Hydriae
1384 739 1531 793 enim
1581 752 1722 808 pra:-

106 835 327 895 'cordia
379 841 693 889 sanctorum
728 832 972 903 signant,
1003 846 1141 902 aqua
1193 830 1471 901 sapientia:
1515 838 1571 884 et
1603 829 1726 884 vino

145 926 578 997 compunctionis
626 924 882 994 repleta;
934 922 1213 978 fuscinulaa
1261 936 1476 994 quoque
1533 920 1728 992 quibus

143 1033 339 1077 carnes
385 1024 795 1093 praeparantur,
826 1014 991 1069 iidem
1038 1015 1457 1085 prmdicatores,
1499 1029 1728 1084 quorum

143 1109 310 1165 verba
340 1117 468 1167 sunt
495 1119 555 1165 ut
575 1107 803 1173 stimuli,
826 1114 882 1162 et
906 1106 1052 1162 velut
1069 1106 1208 1162 elavi
1238 1107 1293 1162 in
1321 1106 1491 1161 altum
1517 1105 1681 1161 deﬁxi
1711 1123 1726 1161 :

142 1201 233 1271 qui
290 1200 405 1257 suis
438 1198 782 1255 auditoribus
829 1198 1011 1252 cibum
1054 1196 1316 1267 spiritalis
1363 1196 1730 1268 intelligentiae

142 1291 547 1355 administrant,
579 1290 996 1360 praetigurantur
1025 1307 1039 1342 :
1070 1303 1303 1359 quorum
1325 1288 1580 1344 videlicet
1607 1284 1725 1343 olli-

143 1384 295 1441 cium
329 1392 415 1439 cst
438 1397 639 1453 corpus
663 1390 719 1436 et
748 1383 1066 1454 sanguinem
1106 1383 1321 1439 Domini
1371 1381 1722 1438 credentibus

145 1472 493 1538 distribuere,
524 1470 832 1528 inﬁdelibus
878 1473 1181 1545 abnegare,
1211 1473 1281 1528 de
1313 1473 1511 1543 quibus
1551 1473 1605 1528 in
1639 1488 1729 1529 se-

145 1564 440 1635 quentibus
484 1563 715 1619 dicetur.
763 1562 965 1619 Pbialze
1010 1579 1245 1637 namque
1273 1564 1504 1636 apostoli
1542 1573 1597 1619 et
1637 1558 1731 1620 do-

144 1664 331 1711 ctores
354 1652 513 1726 pleni'
522 1653 774 1710 vitalibus
806 1655 981 1726 aquis.
1013 1655 1323 1712 Morturiola
1355 1656 1553 1726 quippe
1602 1671 1727 1711 san-

145 1757 361 1805 etorum
414 1746 795 1818 pmnitentium
853 1746 1006 1803 labor
1053 1748 1343 1820 passioque
1409 1747 1735 1813 tolerantiae,

143 1839 349 1913 quibus
377 1839 773 1895 mortiﬁtautur
808 1840 1051 1896 membra
1097 1856 1285 1897 eorum
1314 1856 1476 1912 super
1513 1850 1737 1897 terram.

143 1928 445 1986 Thuribula
492 1940 674 1987 autem
720 1930 1025 2003 ﬁgurantur
1072 1933 1302 1989 virtutes
1348 1948 1573 2004 operum
1605 1933 1737 1999 ,γει

142 2020 357 2077 scilicet
386 2020 660 2078 orationes
699 2032 1015 2079 sanctorum
1038 2064 1054 2091 ,
1079 2024 1276 2095 quibus
1314 2024 1449 2081 odor
1492 2025 1739 2081 suavita-

143 2115 211 2169 tis
269 2114 516 2171 ascendit
547 2115 617 2171 ad
662 2115 854 2183 Deum,
884 2130 946 2171 ex
1010 2117 1341 2173 conscientia
1383 2131 1518 2189 pura
1548 2125 1604 2172 et
1634 2117 1739 2179 lide

142 2220 253 2262 non
295 2205 441 2261 ﬁcta.

216 2337 241 2371 ο
286 2317 359 2375 Ει
397 2318 722 2377 candelabra
773 2335 939 2377 aurea
973 2320 1216 2394 quinque
1259 2322 1329 2377 ad
1374 2320 1656 2379 dexteram
1683 2329 1742 2378 et

148 2431 171 2466 ο
208 2412 459 2484 quinque
499 2413 567 2469 ad
609 2414 889 2471 sinistram
939 2424 1129 2471 contra
1167 2415 1449 2472 oraculum
1492 2431 1562 2472 ex
1602 2432 1741 2474 auro

149 2525 171 2559 ι
204 2520 355 2577 pta-0
377 2512 432 2559 et
459 2504 616 2576 quasi
654 2505 751 2561 lilii
779 2506 960 2573 ﬂores,
990 2515 1046 2563 et
1080 2507 1335 2564 lucernas
1363 2509 1595 2580 desuper
1640 2525 1742 2565 au-

148 2616 169 2655 t
200 2611 357 2655 reas.
399 2610 423 2651 t
453 2595 608 2655 Sicut
656 2599 803 2653 enim
850 2614 1053 2657 mensae
1081 2600 1137 2655 in
1166 2607 1297 2671 typo
1339 2609 1544 2657 sach
1589 2601 1742 2658 Scri-

143 2697 327 2761 ptura
348 2697 498 2747 recte
527 2699 824 2762 ponuntur,
844 2692 973 2761 quia
1014 2700 1070 2748 et
1088 2692 1452 2750 esurientibus
1474 2694 1746 2765 justitiam

143 2796 347 2852 panem
368 2781 522 2837 verbi
561 2781 659 2837 Dei
702 2782 1041 2849 ministrant,
1069 2792 1127 2838 et
1155 2798 1285 2839 vasa
1322 2783 1543 2841 fuerunt
1586 2785 1747 2841 mini-

145 2873 307 2931 sterii
334 2874 594 2939 ctelestis,
623 2873 677 2929 id
696 2886 779 2931 est
801 2875 1077 2945 justorum
1104 2877 1262 2935 nobis
1289 2886 1446 2935 actus
1476 2879 1530 2935 in
1557 2894 1745 2935 exeas-

144 2965 301 3034 plum
324 2975 633 3036 proponunt
660 2983 675 3019 ε
708 2967 783 3025 ita
802 2966 971 3025 etiam
991 2968 1273 3039 aptissime
1294 2984 1390 3040 per
1415 2970 1745 3029 candelabra

143 3056 345 3113 eadem
372 3058 556 3113 divina
598 3057 817 3128 eloquia
845 3061 1169 3131 ﬁgurantur,
1204 3059 1459 3117 videlicet
1504 3062 1632 3133 quia
1665 3061 1747 3116 |u~

1829 557 2066 628 eloquia,
2090 557 2243 628 juxta
2271 558 2401 613 illud
2429 557 2745 621 Psalmistm,
2775 559 2920 629 quod
2953 569 3009 614 et
3035 576 3195 631 supra
3225 565 3415 632 posui-

1831 665 1986 704 mus:
2019 670 2037 701 ι
2060 650 2305 705 Lucerna
2320 649 2545 721 pedibus
2567 650 2699 704 meis
2716 652 2938 705 verbum
2964 663 3136 718 tuum,
3162 651 3412 723 Domine,

1831 749 1886 795 et
1920 741 2100 797 lumen
2128 742 2338 798 semitis
2383 742 2537 796 meis.
2574 760 2592 792 ι
2622 738 2954 796 Candelabra
3003 750 3183 797 autent
3220 745 3415 801 harum

1830 832 2178 889 lucernarum
2233 834 2406 889 sancti
2434 841 2560 889 sunt
2601 848 2815 899 onmes,
2839 833 2933 905 qui
2955 849 3051 889 sua
3075 842 3132 890 et
3171 837 3333 893 corda
3362 849 3418 893 et

1833 941 2060 997 corpora
2104 924 2342 981 ferendis
2389 926 2603 982 Domini
2651 925 2939 991 mandatis,
2968 924 3158 983 humili
3206 940 3419 998 semper

1834 1017 2137 1073 intentione
2174 1026 2501 1089 supponunt.
2555 1015 2812 1086 Quisquis
2851 1016 2997 1073 enim
3026 1016 3080 1072 in
3108 1016 3257 1073 nullo
3288 1034 3417 1089 pru-

1831 1109 2011 1180 priam
2048 1108 2201 1179 sequi
2254 1117 2412 1163 curat
2440 1107 2797 1173 voluntatem,
2835 1123 3027 1163 verum
3072 1109 3126 1163 in
3165 1109 3420 1167 omnibus

1833 1215 1954 1271 quae
1981 1199 2265 1271 Scriptura
2290 1208 2479 1255 sancta
2507 1200 2649 1255 dicat
2677 1198 2935 1265 attendit,
2960 1200 3184 1271 ejusque
3204 1216 3263 1257 se
3288 1200 3402 1257 sub

1830 1290 2002 1363 jicere
2053 1291 2347 1359 mandatis,
2370 1289 2490 1361 ejus
2537 1291 2738 1363 satagit
2777 1292 3090 1351 auscultare
3137 1292 3421 1365 promissis

1837 1384 1992 1455 quasi
2044 1383 2431 1441 candelabrum
2461 1382 2655 1439 domus
2697 1382 2794 1437 Dei
2822 1398 3046 1439 aureum
3075 1399 3269 1441 aureas
3309 1383 3426 1454 ejus

1836 1484 2016 1549 gestat
2059 1476 2311 1533 lucernas
2345 1495 2359 1530 :
2390 1476 2517 1548 quia
2570 1484 2720 1531 casta
2752 1476 3004 1548 corporis
3041 1476 3124 1531 sui
3161 1478 3424 1545 membra.

1838 1577 2023 1623 castas
2064 1568 2264 1623 mentis
2323 1566 2703 1639 cogitationes,
2736 1566 2802 1622 ad
2851 1566 3095 1623 facienda
3132 1584 3253 1639 quae
3280 1567 3425 1625 Deus

1833 1656 1989 1727 jubet
2035 1671 2341 1728 supponere
2369 1657 2670 1722 contendit,
2700 1665 2756 1712 et
2796 1658 2901 1712 hoc
2947 1667 3056 1712 tam
3085 1657 3190 1713 ﬁxa
3238 1657 3421 1713 inten-

1840 1751 1988 1807 tione
2035 1766 2198 1822 quam
2267 1750 2675 1805 candelabrum.
2727 1747 2963 1805 Necesse
3007 1758 3091 1805 est
3137 1750 3279 1805 enim
3328 1751 3425 1804 lir-

1770 1839 1816 1901 B
1844 1840 2007 1896 utitor
2059 1840 2129 1895 ad
2177 1855 2412 1911 superna
2458 1848 2703 1895 erectum
2760 1840 3040 1911 impositas
3090 1840 3193 1895 sibi
3252 1839 3430 1895 lucer-

1844 1948 1977 1998 nas,
2006 1947 2115 1987 non
2160 1931 2334 1988 solum
2387 1931 2595 2002 absque
2644 1930 2837 1997 ruina,
2867 1931 2965 1986 sed
3010 1930 3174 1985 etiam
3222 1930 3425 2001 absque

1844 2024 1950 2081 ulla
1972 2033 2146 2080 status
2169 2023 2253 2079 sui
2276 2022 2515 2079 motione
2536 2036 2775 2077 servare.
2794 2020 2947 2089 Quod
2969 2035 3099 2077 vero
3118 2035 3242 2075 cum
3263 2020 3431 2075 dixis-

1844 2126 1931 2175 set
1959 2137 1976 2169 ς
2013 2126 2069 2170 et
2095 2114 2423 2172 candelabra
2451 2130 2616 2170 aurea
2646 2114 2885 2186 quinque
2927 2113 2994 2169 ad
3025 2114 3302 2169 dexteram
3325 2153 3341 2179 ,
3377 2121 3433 2171 et

1843 2210 2082 2282 quinque
2109 2209 2177 2264 ad
2196 2207 2475 2263 sinistram
2503 2206 2782 2264 oraculum
2805 2222 2873 2262 ex
2895 2220 3028 2262 auro
3052 2222 3211 2277 puro,
3233 2224 3252 2259 ι
3283 2205 3434 2262 addi-

1845 2301 1924 2357 dit
1950 2320 1968 2353 ‹
1996 2309 2052 2356 et
2069 2300 2225 2371 quasi
2241 2299 2337 2355 lilii
2362 2299 2525 2357 ﬂores
2548 2308 2604 2356 et
2626 2299 2880 2356 lucernas
2912 2299 3142 2369 desuper
3167 2314 3381 2367 aureas,
3407 2318 3429 2355 ι

1846 2394 2061 2449 videtur
2088 2393 2243 2465 juxta
2286 2393 2557 2461 litteram,
2599 2394 2726 2464 quia
2754 2409 3004 2465 suprema
3034 2409 3161 2465 pars
3187 2393 3438 2451 candela.

1844 2487 2092 2554 brorum,
2116 2488 2171 2543 in
2197 2488 2414 2544 modum
2445 2488 2517 2543 sit
2544 2486 2641 2543 lilii
2673 2487 2897 2559 repandi
2928 2484 3263 2552 deformata,
3294 2500 3432 2558 quo-

1845 2581 2009 2636 modo
2036 2581 2089 2635 in
2111 2578 2440 2637 candelabro
2455 2579 2791 2635 tabernaculi
2815 2576 3019 2633 factum
3038 2593 3160 2633 esse
3184 2577 3436 2650 legimus,

1848 2673 2002 2743 cujus
2023 2682 2107 2728 est
2126 2673 2294 2743 stipes
2316 2672 2545 2739 medius,
2559 2670 2903 2727 etcalamiex
2926 2669 3043 2739 ipso
3056 2668 3437 2740 procedentes,
3460 2682 3467 2695 '

1848 2782 1970 2823 cum
2010 2766 2231 2837 scyphis
2275 2772 2331 2819 et
2377 2764 2610 2834 spernlis
2658 2764 2769 2819 lilia
2822 2764 3134 2819 scribuntur
3179 2763 3439 2819 habuisse

1846 2857 2197 2928 perplurima.
2224 2855 2415 2911 Flores
2441 2863 2621 2911 autem
2663 2854 2783 2921 lilii,
2815 2863 2875 2908 ut
2911 2869 3053 2924 saepe
3087 2854 3292 2909 dictum
3330 2862 3435 2923 est,

1848 2952 2223 3009 summitatem
2260 2964 2477 3021 semper
2508 2948 2734 3003 virentis
2774 2955 2934 3004 terra:
2968 2947 3259 3003 viventium
3287 2947 3427 3004 desi-

1850 3052 2017 3115 gnant
2047 3058 2060 3099 :
2090 3042 2159 3099 de
2184 3058 2289 3114 qua
2320 3042 2453 3098 dicit
2474 3041 2668 3098 beatus
2688 3040 2883 3099 Petrus
2908 3049 3254 3112 regeneratus
3280 3055 3382 3097 nos
3403 3054 3434 3102 ι

144 3162 269 3203 cem
308 3149 588 3218 sapientia:
616 3129 935 3206 errantibus
994 3151 1297 3223 proferunt.
1351 3152 1491 3210 Hinc
1521 3129 1743 3213 etenim

1852 3132 2085 3191 Demino
2110 3135 2164 3190 in
2197 3148 2349 3204 spem
2378 3133 2577 3198 vivam,
2616 3132 2672 3189 in
2711 3131 3081 3188 btereditatem
3110 3129 3439 3201 incorrupti-

145 3204 444 3295 Psalmista
474 3257 487 3291 :
525 3259 544 3291 ι
580 3204 1324 3313 ιιιωινιιιιξίιιιιυῖιξξιξάξιιέιε
1771 3204 1821 3271 ο
1846 3226 2035 3292 bilem,
2050 3234 2106 3282 et
2128 3224 2632 3290 incontaminatam,
2665 3230 2721 3278 et
2755 3219 3281 3313 immarcescibilem,
3311 3236 3443 3313 conf-

144 3338 336 3395 tuutn,
358 3330 873 3395 Domioe,etlumen
898 3333 1109 3391 semitis
1125 3334 1259 3390 meis
1284 3332 1459 3405 (Psal.
1477 3336 1688 3408 cxvttt).
1715 3356 1741 3391 ι

144 3420 301 3477 Hine
329 3421 491 3477 etiam
518 3421 775 3481 Salomon
801 3423 879 3479 ait
907 3442 920 3476 :
956 3444 974 3473 σ
1009 3424 1148 3492 Quia
1172 3426 1487 3482 mandatum
1518 3426 1743 3485 lucerna

143 3523 255 3582 est,
289 3523 351 3573 et
380 3513 463 3569 les
490 3513 579 3570 lux
608 3514 792 3587 (Prov.
822 3515 961 3586 xvr).
1004 3535 1024 3569 ι
1062 3514 1243 3584 Quare
1272 3526 1455 3574 autem
1501 3519 1747 3590 quinque

146 3620 183 3659 a
208 3605 453 3671 dextris,
474 3614 530 3661 et
570 3606 812 3677 «liliaque
853 3622 885 3661 a
914 3608 1152 3665 sinistris
1194 3610 1305 3665 sint
1337 3611 1513 3681 posita
1551 3612 1750 3670 caude-

146 3696 335 3759 lahn,
361 3711 429 3751 es
472 3696 556 3753 bis
601 3713 723 3768 quae
760 3697 827 3753 de
873 3699 1077 3755 mensis
1113 3701 1469 3757 tractavimus
1495 3701 1749 3761 facillime

148 3796 332 3860 patet.
380 3788 514 3844 Cum
552 3804 683 3845 vero
723 3789 989 3856 dixisset,
1023 3808 1042 3843 σ
1085 3790 1326 3863 quinque
1361 3808 1393 3848 a
1440 3793 1649 3849 dextris
1695 3802 1753 3850 et

146 3883 402 3955 quinque
426 3897 456 3935 a
482 3882 742 3948 sinistris,
778 3902 795 3933 ι
826 3885 1213 3940 convenienter
1244 3885 1477 3953 addidit,
1514 3905 1532 3939 ι
1555 3896 1749 3944 contra

148 3972 463 4029 oraculum.
488 3991 507 4025 ι
526 3972 815 4031 Oraeulum
842 3988 1079 4043 namque
1094 3975 1185 4031 ubi
1209 3984 1329 4033 erat
1355 3991 1502 4041 arca,
1521 3986 1580 4032 ut
1610 3993 1752 4048 8:298

149 4066 369 4123 (ﬁctum
393 4075 497 4131 est,
513 4066 719 4125 aditum
735 4068 982 4139 designat
994 4070 1185 4140 patriae
1200 4070 1461 4137 coelestia,
1480 4071 1572 4128 ubi
1594 4071 1753 4129 Chri-

150 4169 277 4219 stus
292 4159 352 4214 iu
364 4160 583 4215 dextera
602 4160 694 4215 Dei
709 4161 1283 4234 sedens,paternorum
1299 4165 1492 4235 utique
1505 4167 1754 4223 conscius

149 4268 513 4310 arcanorum.
537 4254 603 4309 Et
617 4255 941 4311 candelabra
960 4257 1143 4327 templi
1158 4272 1346 4323 aurea,
1363 4267 1553 4313 contra
1566 4274 1757 4315 oracu-

149 4344 269 4400 lum
290 4345 626 4415 suntposita,
642 4347 771 4415 quia
786 4346 967 4403 divina
993 4346 1204 4417 eloquia
1231 4348 1754 4418 semperadbabita-

152 4437 375 4493 tionem
404 4452 655 4507 supernae
678 4438 918 4494 civitatis
935 4447 1239 4509 aspectant,
1256 4448 1313 4493 ut
1335 4439 1498 4508 hujus
1521 4441 1753 4512 agnitio-

1848 3327 2122 3377 Iervatam
2144 3316 2199 3372 in
2220 3316 2375 3373 emlis
2391 3314 2445 3388 (1
2474 3315 2615 3371 Patr.
2644 3314 2707 3386 ι).
2732 3313 2801 3369 Ει
2824 3314 2963 3369 bene
2980 3313 3078 3368 lilii
3102 3312 3267 3369 ﬂores
3287 3312 3440 3369 aurei

1848 3410 1911 3467 in
1926 3407 2254 3465 candelabro
2270 3415 2398 3462 sunt
2417 3405 2546 3461 facti
2562 3406 2754 3461 domus
2766 3403 3003 3470 Domini,
3021 3403 3145 3474 quia
3161 3401 3442 3475 Scriptura

1852 3501 2037 3558 divina
2082 3500 2280 3571 spretis
2308 3497 2699 3570 temporalibus
2738 3497 2973 3568 gaudiis,
3024 3497 3093 3552 ad
3141 3495 3441 3567 appetenda

1852 3607 1955 3649 nos
1973 3593 2113 3648 bona
2132 3591 2322 3662 patriae
2345 3589 2584 3648 etelestis
2606 3602 2906 3660 provocare
2920 3588 3219 3644 consuevit.
3234 3587 3439 3657 thuo-

1855 3685 2015 3743 modo
2039 3694 2283 3740 erectum
2317 3683 2372 3741 in
2426 3682 2707 3739 altitudine
2736 3679 3121 3737 candelabuum
3160 3677 3255 3732 lilii
3283 3674 3442 3733 ﬂores

1852 3788 1910 3835 et
1934 3778 2186 3835 lucernas
2228 3776 2392 3833 habet
2416 3790 2611 3832 aureas
2636 3776 2690 3831 in
2734 3775 2933 3845 capite,
2968 3774 3043 3828 ita
3069 3772 3228 3829 electi
3255 3787 3442 3838 omnes
3513 3795 3521 3803 ο

1854 3870 1947 3951 qui
1978 3870 2033 3925 in
2061 3869 2250 3925 eadem
2278 3867 2556 3938 Scriptura
2584 3881 2744 3923 sacra
2767 3864 3139 3930 continentur,
3166 3872 3351 3919 erecto
3374 3862 3444 3919 ad

1856 3974 2092 4031 superna
2121 3974 2308 4025 sensu,
2340 3957 2583 4014 coelestia
2612 3957 2755 4013 bona
2786 3972 2816 4013 a
2848 3955 3076 4013 Domino
3095 3954 3356 4025 quaesisse
3390 3960 3445 4008 et

1856 4053 2165 4124 percepisse
2192 4052 2511 4122 probantur.
2540 4071 2559 4104 ι
2595 4050 2663 4107 Ει
2687 4050 2937 4107 cardines
2960 4050 3224 4107 ostiorum
3253 4049 3447 4105 domus

1860 4142 2045 4212 templi
2075 4142 2353 4199 interioris
2378 4140 2564 4199 Sancti
2587 4148 2935 4208 sanctorum,
2976 4148 3035 4196 et
3060 4139 3322 4194 ostiorum
3348 4138 3447 4194 do-

1859 4250 1983 4291 mus
2011 4236 2194 4306 templi
2219 4251 2287 4291 ex
2313 4250 2448 4292 auro
2474 4243 2650 4291 erant.
2691 4254 2711 4289 ι
2739 4233 2890 4292 Ostia
2921 4233 3067 4291 enim
3099 4233 3292 4289 demus
3314 4231 3451 4289 inte-

1856 4329 2055 4395 rioris,
2098 4328 2285 4383 Sancti
2317 4337 2666 4394 sanctorum,
2698 4326 2941 4397 angelica
2969 4336 3097 4383 sunt
3123 4325 3449 4393 ministeria,

1860 4437 1983 4491 qua:
2014 4420 2173 4475 nobis
2198 4420 2264 4475 de
2293 4432 2524 4490 corpore
2560 4418 2797 4488 egressis
2826 4418 3111 4474 introitum
3137 4417 3261 4472 vitae
3288 4416 3451 4473 cmle-

155 4543 293 4585 lem
311 4542 379 4582 ac
399 4528 725 4585 desiderium
741 4529 943 4585 nostris
955 4530 1212 4587 cordibus
1239 4529 1525 4587 infundant
1551 4509 1647 4589 :vet
1664 4547 1745 4589 eo:

1862 4516 1964 4568 stis
1984 4520 2251 4566 reserent.
2280 4511 2348 4566 Et
2385 4511 2525 4565 Ostia
2557 4511 2750 4565 demus
2797 4509 2982 4582 temle
3021 4510 3275 4567 doctores
3322 4517 3453 4565 sunt

152 4619 255 4688 qui
282 4618 555 4689 originem
574 4620 757 4677 carnis
775 4628 1035 4676 aatcmam
1058 4621 1277 4687 habent,
1309 4622 1377 4677 ad
1398 4625 1755 4693 appetendam
1785 4594 1838 4660 θ
1863 4605 2037 4662 “"0”
2087 4620 2152 4660 ³ο
2192 4604 2505 4660 meum“
2528 4645 2544 4670 ο
2583 4604 2679 4675 (ιιιί
2722 4604 3038 4661 ίηειΐυθηάο
3058 4645 3074 4671 9
3104 4603 3446 4675 minitando»

152 4710 693 4782 promerendamque
754 4712 809 4766 in
864 4712 1183 4769 coelestibus
1242 4714 1426 4770 sedem
1481 4724 1745 4785 perpetua

1866 4700 2081 4755 Domini
2125 4700 2372 4769 corporis
2416 4708 2475 4754 et
2520 4699 2804 4769 sanguinis
2850 4698 3108 4771 mysteria
3153 4696 3453 4754 communi-

154 4801 471 4861 mansiouis
515 4803 831 4861 accendant.
884 4802 943 4859 Si
975 4812 1157 4861 autem
1201 4805 1403 4875 quaeris
1452 4807 1582 4876 quid
1615 4806 1759 4863 inter

154 4890 497 4955 candelabra
531 4902 588 4949 et
612 4893 863 4949 lucernas
889 4910 1076 4951 eorum
1119 4895 1296 4967 typice
1343 4897 1539 4953 distet?
1569 4912 1761 4967 possu-

156 4998 290 5039 mus
341 4993 489 5039 recte
516 4984 819 5055 intelligere
869 4985 1123 5043 lucernas
1168 5001 1289 5042 esse
1329 4987 1476 5042 viros
1521 4997 1759 5055 sanctos,

154 5072 257 5143 qui
289 5069 417 5128 oleo
453 5071 692 5143 Spiritus
712 5075 889 5131 sancti
928 5074 1117 5142 infusi,
1148 5086 1205 5131 et
1227 5076 1327 5147 ipsi
1360 5076 1485 5149 igne
1512 5076 1761 5134 dilectio-

156 5164 256 5221 nis
310 5166 508 5233 ardent
552 5168 608 5223 in
657 5168 851 5236 corde,
882 5177 939 5225 et
982 5168 1251 5239 proximis
1295 5168 1471 5225 lucem
1521 5170 1763 5229 scientize

154 5253 473 5327 praferunt
523 5257 577 5317 iu
620 5257 825 5329 lingua.
873 5258 1210 5317 Candelabra
1255 5268 1435 5315 autem
1484 5276 1605 5331 qua:
1665 5262 1763 5316 bas

160 5343 431 5403 lucernas
460 5347 517 5405 in
557 5348 790 5406 sublime
823 5351 1015 5409 tollunt
1055 5360 1116 5408 ut
1152 5352 1307 5424 longe
1334 5352 1553 5423 lateque
1592 5352 1763 5409 videri

156 5436 387 5511 possint
433 5438 487 5495 iu
530 5440 773 5498 Ecclesia
818 5442 1157 5515 Scripturam
1196 5459 1317 5501 esse
1363 5461 1621 5511 sacram,
1645 5461 1765 5515 quae

158 5540 490 5589 sanetorum
514 5534 672 5591 nobis
707 5535 935 5592 virtutes
962 5545 1017 5592 et
1042 5537 1347 5593 doctrinam
1382 5553 1481 5594 sua
1526 5537 1764 5593 lectione

152 5624 578 5701 demonstrant.
634 5627 733 5686 Cui
770 5629 1021 5687 videlicet
1078 5632 1512 5703 interpretationi
1577 5631 1767 5687 annuit

152 5731 364 5775 sermo
390 5718 625 5787 Domini,
668 5736 777 5791 quo
805 5721 1003 5777 dicitur
1048 5722 1114 5777 de
1159 5721 1410 5779 Joanne:
1448 5741 1469 5775 ι
1504 5721 1595 5777 Ille
1646 5731 1766 5777 erat

158 5806 405 5865 lucerna
450 5810 645 5867 ardens
691 5823 749 5868 et
796 5812 983 5870 lucens
1028 5812 1209 5885 (Joan.
1267 5811 1343 5883 v).
1392 5833 1411 5866 ι
1471 5813 1765 5869 Possumus

1863 4792 2063 4855 cando,
2088 4790 2265 4862 prima
2308 4789 2463 4844 nobis
2492 4790 2751 4846 Ecclesiae
2780 4790 3069 4863 pmentls
3102 4788 3286 4843 limina
3316 4803 3451 4859 pan-

1866 4885 2019 4941 dunt.
2052 4883 2195 4952 Quid
2224 4882 2475 4938 cardines
2500 4892 2853 4954 utrorumque
2871 4883 3133 4938 ostiorum
3166 4879 3273 4935 nisi
3322 4892 3450 4933 sen—

1862 4990 1963 5033 sus
1982 4986 2038 5032 et
2063 4977 2227 5031 corda
2259 4984 2385 5030 sunt
2409 4976 2725 5031 earumdem
2769 4976 3087 5046 angelorum
3130 4973 3249 5028 sive
3274 4971 3452 5026 homi-

1868 5086 1996 5125 num
2018 5077 2353 5133 sanctorum,
2369 5070 2566 5140 quibus
2586 5068 3001 5124 immutabiliter
3013 5063 3453 5135 contemplationi

1868 5174 1933 5218 ae
1959 5161 2237 5218 dilectioni
2256 5163 2340 5217 sui
2369 5160 2687 5218 Conditoris
2720 5161 3015 5224 attineri-nt,
3040 5164 3101 5213 ut
3126 5172 3191 5212 eo
3212 5156 3456 5212 ministe-

1870 5256 2009 5310 rium
2050 5255 2313 5310 divinitus
2338 5254 2440 5313 sibi
2470 5254 2779 5327 delegatum
2821 5260 2970 5308 recte
2994 5249 3326 5321 compleant,
3348 5265 3457 5319 quo

1871 5358 1907 5398 ι
1945 5343 2223 5400 voluntate
2271 5344 2419 5400 illius
2456 5345 2545 5401 eui
2588 5345 2923 5408 ministrant,
2953 5356 3228 5415 nunquam
3271 5340 3457 5398 oculos

1871 5446 2127 5494 avertunt
2149 5453 2165 5493 :
2190 5439 2511 5510 aperiuntur
2539 5440 2685 5495 enim
2715 5448 2770 5494 et
2797 5437 3125 5495 clauduntur
3151 5437 3290 5493 ostia
3314 5445 3457 5493 tem-

1872 5546 2002 5601 pore
2030 5546 2291 5602 congruo,
2316 5534 2409 5587 sed
2440 5531 2589 5587 nullo
2618 5546 2770 5587 suum
2798 5531 3074 5586 cardinem
3099 5539 3340 5601 tempore
3367 5531 3458 5587 de-

1875 5635 2100 5680 serunt:
2130 5628 2253 5694 quia
2285 5635 2339 5680 et
2364 5626 2541 5695 angeli
2589 5633 2645 5679 et
2684 5639 2874 5679 onmes
2904 5625 3098 5691 sancti,
3131 5624 3242 5681 sive
3274 5624 3326 5680 in
3354 5625 3457 5679 hac

1873 5719 1983 5773 vita
2012 5711 2171 5784 ﬁdei,
2200 5733 2293 5773 seu
2324 5718 2376 5772 in
2402 5696 2495 5772 illa
2521 5718 2635 5786 spei
2660 5717 2846 5796 fideles
2874 5726 3036 5789 atque
3060 5717 3260 5774 electos
3286 5717 3458 5774 susci-

1873 5812 2044 5885 piant,
2091 5826 2305 5887 semper
2333 5809 2573 5865 animum
2603 5810 2659 5866 in
2688 5810 2870 5869 radice
2897 5811 3124 5869 internte
3153 5809 3457 5869 dilectionis
