4044 6336
487 873 514 910 -3

555 359 665 419 455

1617 345 1958 409 ANGELOMI
1995 347 2451 406 LUXOVIENSIS
2489 346 2792 407 MONACHI

3714 353 3826 409 456

557 476 724 532 ﬁxum
747 478 950 528 tenent.
967 467 1121 525 Unde
1144 468 1280 523 bene
1303 465 1460 521 iidem
1487 465 1735 521 cardines
1759 481 1821 520 ex
1856 480 1988 520 auro
2017 480 2136 521 esse
2163 471 2214 532 Α
2247 483 2266 516 ‹
2309 464 2363 518 in
2406 463 2580 520 locum
2612 480 2801 531 suum,
2837 464 2892 519 in
2919 463 3197 520 oraculum
3242 465 3446 537 templi,
3477 467 3529 522 in
3559 467 3826 523 Sanctum

555 567 683 624 facti
705 564 1080 638 perhibentur,
1108 569 1329 632 propter
1351 559 1599 614 videlicet
1625 559 1706 614 vel
1734 558 1983 613 meritum
2011 574 2137 630 pro-

553 660 685 730 pria:
707 655 998 719 claritatis,
1028 652 1111 707 vel
1137 652 1278 707 illius
1311 666 1471 722 quam
1497 651 1695 706 habent
1725 651 1778 705 in
1811 652 1978 706 Deum
2007 652 2136 706 cha-

554 753 752 809 ritatis.

631 865 651 898 ‹
693 846 760 900 Et
787 841 1017 915 perfecit
1054 855 1214 896 omne
1243 854 1378 908 opus
1417 838 1558 908 quod
1593 835 1820 892 faciebat
1852 851 1947 891 rex
1982 834 2136 889 Salo-

559 959 578 992 ‹
613 955 738 994 mon
767 939 819 992 in
839 937 998 992 domo
1021 933 1256 989 Domini.
1289 951 1306 983 ›
1333 930 1566 986 Perfecit
1591 928 1810 984 Salmon
1831 943 1966 1000 opus
1990 927 2133 999 quod

551 1030 780 1087 faciebat
810 1029 862 1084 in
907 1029 1066 1083 domo
1095 1012 1332 1090 Domini,
1363 1039 1487 1079 cum
1527 1037 1618 1078 rex
1653 1022 1908 1093 paciﬁcus
1948 1031 2134 1078 noster

551 1124 606 1179 in
635 1123 722 1178 die
750 1120 1041 1176 novissima
1087 1132 1276 1174 omnes
1325 1116 1527 1172 electos
1579 1114 1993 1171 resurrectionis
2031 1115 2131 1168 im-

548 1214 876 1270 mortalitate
905 1209 1189 1282 gloriﬁcat.
1214 1207 1466 1277 Alioquin
1490 1206 1728 1278 quandiu
1768 1213 1942 1260 status
1968 1202 2128 1272 hujus

549 1305 729 1362 saeculi
778 1303 1024 1374 geritur,
1065 1300 1195 1357 fecit
1235 1300 1451 1371 quidem
1501 1313 1638 1369 opus
1680 1299 1871 1352 domus
1913 1296 2126 1351 Domini

551 1395 826 1460 Salomon,
861 1393 955 1448 sed
977 1393 1215 1447 nondum
1241 1390 1473 1461 perﬁcit,
1495 1389 1620 1459 quia
1647 1389 1808 1444 corda
1834 1388 2126 1443 electorum

546 1484 804 1541 Dominus
827 1495 884 1539 ut
912 1484 1050 1539 bona
1077 1492 1370 1555 operentur
1397 1481 1623 1551 inspirat
1649 1488 1704 1535 et
1735 1479 1967 1548 adjuvat.
1999 1478 2118 1532 Nul-

545 1578 653 1632 lum
680 1588 856 1632 tamen
876 1577 927 1631 in
944 1577 1046 1632 hac
1063 1576 1322 1632 duntaxat
1342 1575 1451 1630 vita
1476 1583 1901 1629 commorantem
1922 1573 2124 1642 absque

543 1680 766 1742 peccato
786 1685 907 1726 esse
931 1669 1150 1724 tribuit:
1173 1681 1406 1736 namque
1432 1668 1536 1722 hoc
1565 1667 1762 1722 donum
1787 1663 1980 1719 futura:
1998 1664 2123 1718 vita:

541 1764 892 1820 beatitudinis
918 1772 1179 1818 reservat.
1206 1761 1426 1818 Perﬁcit
1445 1775 1574 1816 vero
1597 1775 1756 1814 omne
1782 1774 1918 1830 opus
1939 1757 2120 1827 templi

2245 577 2264 608 ‹
2302 567 2610 612 sanctorum
2659 557 2843 612 subter
2889 556 3002 612 alas
3044 557 3343 612 cherubim.
3387 558 3666 628 Siquidem
3696 561 3826 614 che-

2244 667 2264 701 ι
2309 650 2484 704 rubim
2507 649 2883 720 expandcbant
2906 649 3021 704 alas
3045 665 3209 720 super
3230 651 3406 705 locum
3431 667 3598 728 arcae,
3618 660 3674 706 et
3702 668 3826 721 pro-

2241 757 2261 790 ι
2307 740 2557 810 tegebant
2592 756 2800 805 arcam,
2831 748 2885 795 et
2913 749 3093 795 vectes
3119 741 3236 811 ejus
3279 741 3527 811 desuper.
3575 742 3826 812 Cumque

2242 852 2260 884 ι
2308 834 2613 888 eminerent
2643 842 2823 888 vectes
2841 841 2898 888 et
2917 843 3239 904 apparerent
3269 836 3608 890 summitates
3629 851 3822 891 eorum

2240 943 2260 977 ι
2304 923 2435 981 foris
2459 926 2824 980 sanctuarium
2855 934 2980 980 ante
3005 927 3307 992 oraculum,
3336 943 3441 982 non
3481 931 3824 999 apparebant

2238 1035 2258 1070 ‹
2301 1017 2441 1072 ultra
2487 1019 2863 1085 extrinsecus,
2909 1020 3034 1090 quia
3063 1029 3118 1074 et
3148 1020 3368 1078 fuerunt
3418 1021 3490 1076 ibi
3541 1038 3718 1094 usque
3763 1025 3819 1079 in

2236 1129 2256 1162 ι
2299 1119 2619 1182 praesentem
2663 1112 2825 1167 diem.
2858 1111 2918 1166 In
2947 1127 3074 1168 arca
3125 1122 3308 1168 autem
3355 1129 3460 1168 non
3509 1125 3632 1170 erat
3669 1116 3817 1171 aliud

2236 1221 2254 1253 ι
2300 1203 2402 1258 nisi
2459 1203 2578 1260 dure
2631 1207 2824 1262 tabulae
2871 1207 3092 1278 lapideae
3151 1223 3288 1278 quas
3346 1216 3604 1278 posuerat
3650 1209 3706 1263 in
3752 1224 3817 1264 ea

2236 1311 2254 1344 ι
2299 1292 2508 1366 Moyses
2537 1295 2588 1349 in
2622 1295 2821 1362 lloreb,
2845 1297 3060 1367 quando
3103 1298 3305 1369 pepigit
3348 1297 3524 1353 foedus
3549 1299 3817 1354 Dominus

2233 1405 2252 1438 ι
2295 1404 2415 1444 cum
2440 1389 2564 1444 ﬁliis
2585 1389 2772 1454 Israel,
2799 1406 2921 1446 cum
2963 1391 3350 1461 egrederentur
3380 1391 3446 1446 de
3467 1400 3612 1446 terra
3643 1389 3817 1464 Egy-

2233 1499 2253 1532 ‹
2296 1483 2426 1552 pti,»
2447 1490 2552 1537 etc.
2581 1481 2733 1549 Quod
2751 1482 2897 1538 illata
2923 1499 3050 1538 arca
3075 1483 3126 1538 in
3150 1482 3349 1539 Sancta
3371 1493 3684 1539 sanctorum
3711 1486 3814 1539 du-

2225 1575 2391 1641 citur,
2424 1590 2655 1646 cumque
2683 1575 2984 1631 eminerent
3009 1583 3210 1640 vectes,
3239 1582 3293 1629 et
3313 1584 3636 1645 apparerent
3663 1589 3814 1628 sum-

2223 1669 2441 1724 mitates
2488 1683 2674 1723 eorum
2715 1667 2848 1724 foris
2890 1669 3288 1733 sanctuarium,
3320 1683 3424 1722 non
3470 1667 3815 1738 apparebant

2224 1759 2363 1814 ultra
2386 1760 2742 1826 extrinsecus,
2769 1761 2872 1815 hoc
2903 1759 3241 1814 manifestius
3275 1758 3329 1813 in
3353 1758 3822 1828 Paralipomenon‘

543 1858 644 1920 sui,
679 1866 734 1911 et
759 1857 862 1912 hoc
889 1855 1213 1911 dedicationi
1243 1863 1426 1924 aptum
1459 1853 1652 1917 reddit,
1685 1828 2121 1907 cum—translatos
2148 1828 2197 1889 Β
2224 1852 2496 1909 volumine
2537 1853 2792 1907 scribitur
2815 1851 2899 1924 (11
2943 1851 3074 1906 Par.
3111 1851 3165 1922 γ)
3194 1869 3207 1905 :
3237 1869 3256 1903 ι
3287 1851 3534 1906 Vectium
3561 1891 3577 1916 ,
3609 1849 3809 1918 inquit,

543 1948 611 2002 de
628 1949 730 2002 hac
744 1949 855 2001 vita
876 1947 1077 2002 electos
1097 1961 1222 2000 suos
1241 1954 1500 2000 azternum
1523 1942 1768 2012 perducit
1785 1941 1851 1996 ad
1875 1955 2120 2012 regnum,

542 2038 684 2108 quod
733 2037 868 2093 bene
911 2037 1246 2108 signiﬁcatur
1289 2035 1452 2090 etiam
1488 2035 1542 2088 in
1585 2049 1652 2088 eo
1690 2033 1832 2104 quod
1866 2032 2123 2102 templum

542 2137 773 2200 quatuor
801 2128 956 2182 anuis
983 2127 1307 2182 :ediﬁcatum
1341 2135 1456 2192 est,
1493 2133 1683 2180 octavo
1725 2136 1904 2180 autem
1942 2123 2122 2194 perfe-

540 2230 687 2276 ctum
716 2235 779 2274 ac
801 2209 1234 2285 dedicatnm'est,
1259 2227 1466 2290 septem
1491 2233 1724 2288 namque
1749 2218 1936 2273 diebus
1963 2230 2123 2272 omne

540 2309 644 2365 hoc
675 2317 884 2380 tempus
936 2309 1184 2364 volvitur.
1217 2307 1421 2364 Octava
1449 2317 1534 2365 est
1563 2310 1698 2375 dies,
1729 2317 1814 2364 est
1848 2308 2038 2378 judicii
2067 2318 2122 2364 et

541 2401 956 2456 resurrectionis
981 2399 1176 2457 futurae
1205 2420 1219 2454 :
1251 2402 1317 2456 de
1354 2416 1459 2471 qua
1485 2400 1679 2471 psalmi
1713 2409 1898 2455 sextus
1923 2407 1979 2454 et
2018 2415 2120 2454 un-

538 2491 784 2547 decimus
819 2492 1076 2547 attitulati
1120 2502 1264 2548 sunt.
1311 2493 1406 2548 Cui
1454 2491 1705 2546 videlicet
1736 2490 1963 2562 tempori
1994 2506 2123 2546 con-

536 2583 688 2636 venit
710 2591 834 2654 apte
863 2584 1005 2653 quod
1033 2584 1317 2654 sequitur:
1356 2604 1374 2635 ‹
1411 2583 1479 2637 Et
1504 2583 1680 2638 intulit
1727 2597 1846 2652 qua:
1882 2582 2121 2638 sanctiﬁ-

537 2684 759 2730 caverat
796 2675 964 2730 David
1020 2685 1176 2746 pater
1231 2691 1394 2739 suus,
1428 2683 1731 2745 argentum,
1761 2681 1817 2727 et
1846 2687 2035 2726 aurum
2067 2680 2122 2726 et

536 2781 686 2831 vasa,
737 2765 1084 2836 reposuitque
1147 2764 1203 2820 in
1267 2763 1536 2819 thesauris
1577 2763 1768 2818 domus
1812 2761 2045 2816 Domini.
2094 2781 2114 2814 ι

534 2855 833 2928 Argentum
864 2872 1096 2926 namque
1125 2856 1191 2912 ad
1214 2855 1444 2910 nitorem
1471 2853 1810 2925 eloquentiae,
1848 2868 2041 2908 aurum
2064 2860 2122 2910 et

535 2946 876 3016 splendorem
907 2947 1206 3016 sapientiae.
1243 2945 1382 3000 Vasa
1432 2947 1759 3017 generaliter
1785 2947 1853 3002 ad
1881 2945 2121 3002 rationa-

535 3035 642 3092 lem
656 3039 927 3108 pertinent
947 3050 1272 3093 creaturam.
1305 3037 1726 3108 Sanctiﬁcatque
1750 3037 1940 3104 David,
1965 3046 2122 3108 pater

536 3127 871 3194 Salomonis,
907 3137 1222 3199 argentum;
1259 3143 1380 3183 cum
1426 3131 1568 3185 Deus
1615 3128 1780 3185 Pater
1807 3128 2117 3199 eloquentes

535 3235 779 3291 quosque
805 3220 980 3292 gratia
1024 3219 1105 3276 sui
1143 3220 1379 3290 Spiritus
1422 3221 1488 3275 ad
1533 3222 1857 3292 loquendum
1887 3223 2116 3278 verbum

535 3311 811 3381 Evangelii
835 3310 1122 3366 confortat.
1150 3309 1470 3367 Sanctiﬁcat
1493 3327 1702 3374 aurum,
1739 3327 1861 3366 cum
1885 3311 2117 3367 naturali

533 3402 751 3474 ingenio
785 3403 1026 3474 perditos
1063 3420 1160 3460 suo
1191 3405 1404 3476 replens
1430 3405 1632 3476 Spiritu
1678 3406 1742 3460 ad
1773 3406 2120 3461 consideran-

531 3494 662 3551 dum
694 3494 747 3548 in
793 3493 909 3566 lege
951 3510 1047 3549 sua
1077 3494 1346 3550 mirabilia
1389 3494 1672 3549 illuminat.
1714 3494 2030 3551 Sanctiﬁcat
2063 3505 2118 3552 et

531 3601 685 3651 vasa,
707 3602 828 3641 cum
852 3588 1102 3643 omnibus
1122 3588 1447 3658 generaliter
1459 3588 1712 3644 Ecclesize
1735 3588 1858 3644 ﬁliis
1876 3589 2116 3660 ejusdem

533 3676 770 3747 Spiritus
808 3678 980 3748 gratia
1010 3677 1256 3748 largitur,
1293 3677 1456 3751 [qum]
1507 3679 1574 3733 ad
1624 3680 1854 3734 amanda
1894 3679 2032 3743 illos,
2064 3688 2120 3736 et

532 3765 836 3837 appetenda
867 3775 1144 3838 perpetuat
1191 3767 1380 3824 salutis
1421 3767 1606 3841 [dona]
1652 3767 1969 3824 inflammat.
2004 3769 2118 3828 Hoc

531 3866 712 3912 autem
742 3867 1040 3929 argentum,
1069 3861 1172 3916 hoc
1201 3875 1390 3916 aurum
1414 3901 1428 3928 ,
1458 3862 1573 3917 haec
1619 3862 1958 3918 sanctiﬁcata
1987 3877 2116 3918 vasa

534 3946 791 4003 Salomon
833 3948 999 4004 infert
1050 3949 1104 4005 in
1153 3950 1412 4022 templum
1457 3968 1580 4008 cum
1629 3952 1889 4009 Dominus
1935 3963 2120 4010 noster

529 4049 754 4112 peracto
777 4043 1065 4098 universali
1087 4043 1290 4112 judicio
1310 4060 1501 4100 omnes
1523 4045 1744 4111 electos,
1762 4054 1817 4100 et
1838 4045 2118 4103 doctorum

533 4133 800 4199 videlicet,
835 4145 889 4191 et
917 4145 1237 4192 ceterorum
1266 4137 1504 4192 ﬁdelium
1529 4146 1752 4196 emtum.
1779 4137 1832 4191 in
1863 4138 2117 4209 gaudium

534 4225 686 4296 regni
716 4227 952 4295 ccelestis
978 4227 1290 4284 introducit.
1309 4229 1651 4300 Reponitque
1664 4244 1790 4283 vasa
1805 4229 2004 4284 diversi
2027 4245 2120 4300 ge-

531 4317 700 4382 neris,
716 4327 970 4390 argentea
987 4320 1101 4375 sive
1122 4334 1283 4374 aurea
1301 4320 1355 4374 in
1381 4320 1649 4374 thesauris
1669 4321 1860 4375 domus
1881 4320 2116 4385 Domini,

532 4407 748 4475 quando
775 4423 870 4463 eos
894 4409 987 4479 qui
1014 4409 1357 4464 multitudine
1396 4407 1696 4463 dulcedinis
1724 4407 1842 4476 ejus
1875 4408 1980 4463 frui
2004 4425 2121 4464 me-

533 4496 744 4551 ruerint
763 4498 1044 4554 abscondit
1066 4499 1120 4553 in
1145 4499 1328 4554 abdito
1345 4499 1524 4554 vultus
1536 4499 1644 4565 sui,
1659 4515 1688 4554 a
1706 4508 1865 4554 contu
1875 4500 2116 4555 rbatione

532 4587 832 4643 hominum.
851 4588 916 4643 Et
944 4598 1067 4659 apte
1089 4588 1242 4644 multi
1269 4598 1394 4644 sunt
1417 4590 1678 4655 thesauri,
1705 4590 1758 4643 in
1779 4588 1972 4658 quibus
1986 4605 2113 4644 vasa

532 4677 812 4734 electionis
856 4681 1242 4746 reconduntur,
1294 4681 1390 4736 sed
1429 4696 1531 4734 una
1563 4680 1754 4736 donms
1797 4679 2008 4735 Domini
2057 4681 2112 4736 in

529 4785 638 4842 qua
659 4770 799 4826 idem
823 4780 946 4826 sunt
973 4770 1100 4826 facti
1131 4773 1393 4837 thesauri,
1423 4772 1548 4842 quia
1568 4781 1622 4827 et
1650 4789 1756 4828 una
1787 4772 2025 4828 Ecclesia
2059 4773 2113 4827 in

530 4875 634 4931 qua
667 4873 856 4916 omnes
895 4862 1242 4918 continentur
1273 4862 1452 4928 electi,
1479 4863 1874 4932 quantumlibet
1903 4864 2114 4918 meritis

531 4951 748 5007 distent.
775 4952 845 5007 Et
876 4967 982 5008 una
1013 4969 1078 5009 ac
1107 4970 1212 5008 non
1243 4953 1458 5010 diversa
1495 4964 1580 5010 est
1613 4956 1786 5025 patria
1815 4954 1904 5009 illa
1944 4953 2112 5008 coale-

529 5048 650 5115 stis,
673 5064 792 5118 quae
818 5048 1004 5104 electis
1046 5049 1380 5120 promittitur
1405 5050 1678 5111 onmibus.
1709 5049 1954 5120 quamvis
1976 5049 2115 5103 sicut

529 5138 683 5193 stella
726 5155 755 5193 a
780 5139 935 5194 stella
965 5138 1144 5196 differt
1170 5141 1226 5195 in
1271 5141 1540 5206 claritate,
1575 5141 1648 5195 ita
1689 5149 1743 5196 et
1789 5140 2114 5195 resurrectio

529 5242 886 5288 mortuorum.
926 5233 1080 5302 Quod
1115 5244 1297 5290 utrum
1343 5234 1508 5304 judex
1549 5234 1661 5304 ipse
1704 5249 1768 5288 ac
1796 5233 2116 5288 distributor

528 5325 873 5395 praemiorum
914 5327 1190 5390 Dominus,
1232 5343 1339 5381 una
1385 5327 1650 5382 sententia
1701 5325 2112 5394 demonstravit,

529 5432 653 5471 cum
699 5417 815 5472 ait:
853 5435 871 5469 ι
911 5419 968 5473 In
1014 5420 1176 5475 domo
1213 5417 1394 5475 Patris
1436 5419 1541 5474 mei
1590 5419 1902 5476 mansiones
1931 5418 2113 5474 multa:

533 5519 659 5565 sunt
685 5509 867 5583 (Joau.
899 5511 1035 5583 xiv).
1068 5531 1086 5565 ι

1109 5670 1338 5728 CAPUT
1381 5669 1514 5726 Vlll.

608 5834 627 5870 ι
659 5815 728 5872 Et
765 5816 1060 5873 intulerunt
1108 5817 1420 5874 sacerdotes
1443 5832 1626 5874 arcam
1655 5817 1875 5876 fmderis
1901 5819 2112 5878 Domini

2224 1943 2420 2014 quibus
2462 1943 2750 2014 portabant
2796 1958 3014 2008 arcam,
3048 1943 3175 2013 quia
3219 1941 3494 2012 paululum
3534 1942 3812 2012 longiores

2222 2049 2396 2107 erant,
2421 2041 2594 2112 capita
2628 2039 2887 2112 parebant
2909 2047 3035 2094 ante
3063 2037 3360 2094 oraculum.
3386 2057 3405 2090 ι
3439 2035 3495 2090 Si
3525 2050 3656 2090 rem
3687 2035 3812 2104 quis

2220 2133 2495 2206 paululum
2518 2132 2709 2188 fuisset
2729 2131 3091 2196 extrinsecus,
3115 2145 3210 2184 eos
3230 2130 3415 2184 videre
3440 2142 3546 2182 non
3571 2134 3810 2196 poterat.

2222 2227 2325 2284 Ubi
2349 2227 2662 2290 notandum,
2687 2225 2812 2294 quia
2835 2224 2936 2280 etsi
2965 2223 3198 2279 vectium
3223 2221 3398 2292 capita
3421 2219 3812 2275 accedentibus

2218 2319 2442 2390 propius
2491 2332 2556 2372 ac
2607 2315 2917 2388 diligentius
2968 2313 3305 2370 intuentibus
3366 2311 3633 2383 parebant
3682 2319 3813 2364 ante

2220 2409 2521 2475 oraculum,
2545 2424 2651 2464 non
2687 2417 2868 2462 tamen
2895 2407 3220 2462 eminerent.
3261 2404 3400 2472 Quia
3431 2403 3696 2459 nimirum
3725 2419 3817 2460 ne-

2221 2516 2373 2557 cesse
2409 2508 2527 2555 erat
2567 2508 2627 2554 ut
2665 2499 2848 2555 clauso
2875 2497 3097 2553 oraculo
3137 2507 3193 2552 et
3229 2511 3466 2567 appenso
3510 2502 3640 2550 ante
3666 2494 3814 2550 ostia

2219 2597 2358 2660 velo,
2385 2595 2485 2665 ipsi
2513 2610 2729 2665 quoque
2757 2603 2938 2650 vectes
2963 2593 3062 2648 toti
3105 2607 3228 2648 cum
3264 2607 3388 2648 arca
3428 2600 3483 2647 et
3522 2592 3814 2648 cherubim

2221 2686 2621 2741 abducerentur
2659 2685 2887 2740 interius
2928 2697 2944 2738 :
2987 2682 3130 2754 quod
3171 2681 3289 2737 ﬁeri
3327 2697 3434 2737 non
3474 2689 3730 2751 poterat,
3769 2681 3814 2738 si

2218 2781 2592 2854 prominentes
2617 2777 2846 2832 ulterius
2873 2783 3055 2831 vectes
3076 2773 3438 2845 producendis
3459 2771 3529 2827 ad
3551 2772 3817 2829 clauden-

2220 2874 2346 2930 dum
2387 2872 2543 2929 ostiis
2585 2871 2760 2926 locum
2810 2885 2918 2924 non
2954 2869 3165 2924 darent.
3197 2866 3440 2935 Quorum
3480 2866 3814 2937 positionem

2217 2967 2452 3023 vectium
2483 2965 2782 3036 Scriptura,
2810 2979 2917 3019 non
2940 2963 3056 3019 sine
3076 2977 3258 3028 causa,
3293 2961 3388 3017 sed
3409 2960 3584 3031 magis
3612 2960 3817 3016 intuitu

2219 3058 2544 3115 sacramenti
2580 3065 2692 3112 tam
2721 3056 3007 3128 diligenter
3035 3053 3293 3124 expedire
3321 3051 3552 3108 curavit.
3584 3051 3815 3108 Constat

2220 3151 2366 3224 enim
2402 3150 2527 3220 quia
2565 3150 2757 3204 domus
2783 3146 2971 3217 templi
3009 3145 3246 3202 exterior
3284 3144 3732 3216 peregrinantem
3759 3143 3813 3197 in

2219 3243 2382 3298 terris
2411 3241 2731 3305 Ecclesiam,
2761 3239 2958 3295 Sancta
2986 3246 3164 3293 autem
3193 3245 3508 3292 sanctorum
3535 3236 3812 3291 internam

2221 3348 2467 3404 superna:
2493 3333 2680 3403 patria:
2707 3330 3022 3386 felicitatem
3062 3329 3366 3398 designant.
3401 3327 3534 3381 ltem
3572 3325 3722 3380 illata
3760 3327 3812 3380 in

2220 3425 2419 3481 Sancta
2451 3433 2760 3479 sanctorum
2791 3437 2941 3487 arca,
2977 3428 3311 3490 assumptum
3349 3417 3554 3475 Christi
3591 3417 3815 3473 humili—

2217 3527 2410 3583 tatem,
2440 3525 2493 3572 et
2534 3517 2673 3570 intra
2700 3514 2876 3569 velum
2921 3513 3082 3585 regite
3109 3511 3348 3568 caelestis
3374 3511 3672 3566 inductam.
3709 3509 3814 3565 Ve-

2217 3619 2334 3664 ctes
2366 3623 2496 3662 vero
2525 3605 2718 3676 quibus
2749 3604 2938 3659 eadem
2967 3619 3092 3659 arca
3116 3603 3455 3673 portabatur,
3484 3601 3814 3672 pra-dicato-

2220 3717 2308 3756 res
2356 3700 2504 3755 verbi
2558 3699 2678 3768 (per
2732 3713 2869 3769 quos
2923 3697 3039 3767 ipse
3076 3696 3277 3750 mundo
3328 3695 3585 3764 innotuit)
3633 3695 3815 3765 typiee

2218 3793 2489 3848 nuntiant.
2535 3791 2666 3844 Erat
2705 3799 2880 3844 autem
2927 3789 2980 3842 in
3026 3803 3150 3842 arca
3203 3802 3338 3842 urna
3381 3801 3546 3842 aurea
3599 3785 3813 3841 habens

2220 3898 2443 3947 manna,
2465 3882 2590 3951 quia
2620 3881 2672 3934 in
2701 3879 2921 3935 homine
2951 3877 3168 3933 Christo
3198 3877 3407 3932 habitat
3433 3875 3613 3931 omnis
3641 3875 3815 3947 pleni-

2219 3977 2350 4032 tudo
2381 3975 2680 4031 divinitatis
2711 3971 3088 4043 corporaliter.
3130 3971 3263 4025 Erat
3296 3971 3445 4041 virga
3478 3969 3664 4023 Aaron
3692 3985 3812 4039 qua:

2220 4068 2403 4124 excisa
2447 4066 2627 4123 denuo
2667 4065 2946 4129 ﬂoruerat,
2993 4063 3118 4134 quia
3164 4069 3405 4132 potestas
3449 4063 3630 4116 omnis
3669 4062 3813 4133 judi-

2221 4161 2376 4215 candi
2425 4174 2588 4230 penes
2626 4173 2750 4213 eum
2795 4166 2900 4222 est,
2929 4154 3082 4226 cuius
3114 4153 3376 4224 judicium
3419 4154 3472 4208 in
3503 4153 3814 4209 humilitate

2219 4252 2486 4322 passionis
2524 4249 2810 4304 videbatur
2850 4263 2971 4302 esse
3011 4247 3301 4303 sublatum.
3332 4246 3584 4301 Erantet
3615 4246 3812 4302 tabula:

2219 4343 2553 4409 testamenti,
2600 4343 2728 4412 quia
2782 4341 2835 4395 in
2889 4340 2978 4396 illo
3016 4360 3033 4391 ι
3069 4350 3198 4395 sunt
3242 4339 3483 4395 thesauri
3530 4340 3811 4410 sapientiae

2221 4435 2522 4493 absconditi
2556 4433 2692 4505 (Col.
2732 4435 2816 4502 ιι).
2837 4451 2856 4484 ι
2891 4431 3254 4487 Adhaerebant
3285 4431 3335 4486 ei
3380 4438 3566 4485 vectes
3615 4431 3812 4500 quibus

2145 4565 2198 4626 Β
2220 4526 2558 4596 portabatur,
2581 4524 2710 4592 quia
2731 4524 2980 4578 doctores
2999 4522 3090 4592 qui
3113 4521 3383 4592 quondam
3407 4520 3728 4576 laborarunt
3757 4523 3808 4576 in

2219 4619 2385 4674 verbo
2413 4616 2636 4682 Christi,
2664 4631 2807 4670 nunc
2832 4615 3081 4686 praesenti
3105 4614 3312 4668 visione
3332 4612 3674 4682 congaudent
3699 4612 3809 4683 glo-

2216 4714 2312 4767 ria:
2335 4711 2555 4767 Christi.
2575 4709 2726 4777 Quod
2748 4709 2891 4763 enim
2920 4723 3056 4762 unus
3071 4723 3257 4762 eorum
3272 4708 3337 4763 de
3350 4722 3408 4761 se
3420 4706 3586 4761 dixit:
3612 4726 3630 4756 ι
3651 4705 3808 4774 cupio

2217 4802 2434 4860 dissolvi
2456 4811 2509 4856 et
2526 4818 2648 4857 cum
2670 4801 2884 4856 Christo
2904 4809 3024 4856 esse
3046 4797 3298 4871 (Philipp.
3325 4800 3389 4870 l),
3422 4819 3440 4850 ι
3465 4798 3532 4852 de
3553 4797 3806 4852 omnibus

2217 4897 2404 4967 utique
2435 4895 2516 4949 sui
2547 4894 2729 4964 operis
2755 4893 3095 4948 consortibus
3122 4891 3532 4962 intelligendum
3561 4890 3800 4960 reliquit.

2216 4993 2561 5064 Apparebant
2581 4989 2922 5045 summitates
2944 4989 3176 5042 vectium
3198 4985 3328 5041 foris
3351 4996 3476 5041 ante
3497 4984 3802 5048 oraculum,

2217 5102 2322 5141 non
2353 5098 2585 5153 semper,
2615 5083 2707 5137 sed
2753 5097 2876 5136 cum
2919 5080 3058 5135 ostia
3084 5078 3325 5148 ejusdem
3366 5077 3572 5134 oraculi
3602 5075 3804 5148 aperiri

2216 5177 2574 5247 contingeret.
2607 5174 2791 5245 Neque
2817 5175 2920 5229 hoc
2946 5172 3220 5237 omnibus,
3245 5172 3338 5226 sed
3360 5171 3443 5226 liis
3466 5167 3802 5225 solummodo

2217 5272 2308 5342 qui
2338 5271 2558 5342 propius
2586 5268 2905 5325 accedentes
2937 5266 3193 5322 attentius
3221 5279 3283 5320 ea
3314 5279 3433 5335 qua:
3470 5265 3618 5317 intus
3647 5269 3802 5315 erant

2217 5366 2533 5436 satagebant
2563 5363 2781 5419 intueri.
2821 5361 2940 5432 lpsa
2970 5370 3150 5416 autem
3186 5374 3311 5414 arca
3351 5357 3525 5428 qualis
3565 5365 3619 5410 et
3661 5370 3798 5425 quo-

2216 5458 2377 5514 modo
2410 5465 2552 5512 esset
2578 5456 2776 5526 posita,
2801 5455 2929 5510 solis
2955 5453 3034 5508 eis
3058 5452 3148 5522 qui
3179 5450 3460 5507 oraculum
3485 5449 3798 5511 intrassent,

2215 5549 2398 5604 videre
2433 5547 2650 5604 licebat.
2683 5547 2818 5615 Quia
2859 5545 3038 5600 nullus
3067 5552 3378 5600 sanctorum
3404 5543 3458 5598 in
3488 5543 3590 5597 bac
3621 5541 3799 5595 adhuc

2217 5641 2328 5696 vita
2355 5640 2562 5710 positus
2592 5638 2805 5694 tametsi
2829 5637 2880 5692 in
2907 5635 3189 5691 altitudine
3214 5650 3272 5690 se
3301 5634 3497 5689 mentis
3520 5631 3795 5693 attollens.

2218 5732 2314 5788 sed
2344 5731 2442 5788 soli
2472 5731 2612 5786 illius
2646 5729 2835 5800 patriae
2865 5729 3011 5784 cives
3039 5728 3262 5800 gloriam
3300 5726 3430 5782 inibi
3456 5725 3537 5780 sui
3563 5723 3798 5778 Redem-

2216 5824 2390 5896 ptoris
2421 5823 2578 5894 plene
2603 5829 2942 5877 contuentur.
2983 5819 3121 5876 Sunt
3148 5827 3201 5875 et
3224 5827 3408 5874 vectes
3439 5832 3560 5872 cum
3591 5829 3716 5869 arca
3748 5819 3806 5873 in
