4044 6336
231 401 342 471 ιω

1136 404 1397 463 ENARR.
1437 402 1506 460 IN
1546 398 1795 459 LIBROS
1832 396 2099 456 REGUM.
2137 429 2207 440 —
2242 397 2313 454 IN
2345 397 2476 456 LIB.
2518 397 2604 454 III.

3411 395 3517 452 458

233 509 468 586 oraculo
505 521 744 586 conditi,
774 521 901 594 quia
931 520 1232 578 absconditi
1272 529 1399 577 sunt
1427 535 1571 576 nunc
1605 515 1830 590 perfecti
1859 517 1909 578 Α
1935 516 2077 569 enim
2102 530 2288 570 sumus
2309 514 2604 584 adjutores,
2628 513 2722 569 Dei
2746 507 3074 584 agricultura
3093 512 3245 590 estis,
3269 513 3364 568 Dei
3389 515 3518 570 tedi-

234 619 447 690 quique
488 613 672 679 electi,
698 614 788 684 qui
838 628 937 668 nos
983 621 1369 684 processerunt
1409 613 1477 668 de
1519 611 1740 675 mundo,
1776 609 1828 664 in

233 709 432 766 abdito
468 705 652 761 vultus
699 705 792 761 Dei
821 721 851 760 a
881 704 1300 761 conturbatione
1342 703 1642 760 hominum.
1687 702 1832 770 Quo-

233 816 364 857 rum
407 808 588 853 tamen
619 796 962 854 summitates
1003 796 1236 852 vectium
1267 803 1454 865 aperto
1480 792 1700 848 oraculo
1743 791 1830 846 his

233 893 334 964 qui
366 889 690 962 appropiant
713 888 984 954 visuntur,
1015 903 1138 944 cum
1165 886 1582 958 perfectioribus
1608 885 1833 956 quibus-

233 998 349 1054 que
376 980 593 1037 oculum
624 979 708 1036 sui
733 979 913 1035 cordis
936 988 1048 1035 tota
1076 979 1375 1034 intentione
1396 975 1829 1048 purificantibus,

235 1076 429 1133 divina
461 1074 637 1146 gratia
667 1073 867 1142 aliquid
917 1081 1222 1128 extremum
1255 1073 1320 1126 de
1365 1085 1722 1142 supernorum
1755 1071 1834 1125 ci-

234 1168 388 1223 vium
422 1167 621 1238 gaudio
659 1165 1131 1236 contemplandum
1174 1164 1489 1229 donaverit,
1512 1165 1638 1234 quia
1670 1163 1832 1218 nimi-

234 1277 364 1316 rum
394 1257 782 1328 contemplatio
808 1258 893 1313 his
918 1257 1008 1328 qui
1039 1257 1202 1328 paulo
1245 1257 1459 1328 longius
1503 1257 1831 1312 recesserint

233 1349 466 1406 minime
485 1347 818 1403 conceditur.
847 1347 984 1415 Quia
1008 1356 1212 1418 quanto
1229 1347 1470 1403 exterius
1492 1355 1673 1402 mente
1695 1362 1831 1418 vaga

232 1447 552 1506 remanent,
575 1446 727 1493 tanto
757 1437 938 1494 minus
968 1453 1088 1510 qua:
1132 1439 1244 1494 sint
1275 1438 1489 1495 interna
1529 1439 1724 1511 gaudia
1754 1439 1832 1494 vi-

233 1534 394 1590 dent.
1337 1586 1341 1590 .

314 1643 336 1676 ι
378 1621 605 1678 Factum
631 1628 716 1678 est
754 1627 935 1676 autem
965 1633 1088 1675 cum
1139 1619 1383 1674 exissent
1427 1618 1739 1674 sacerdotes
1767 1618 1833 1674 de

237 1733 260 1768 α
305 1715 622 1771 sanctuario
648 1755 662 1780 ,
704 1712 899 1769 nebula
943 1711 1188 1783 implevit
1235 1712 1455 1766 domum
1498 1710 1731 1776 Domini,
1779 1717 1834 1766 et

237 1827 259 1860 ι
303 1823 416 1862 non
442 1814 690 1878 poterant
714 1805 1025 1862 sacerdotes
1055 1811 1200 1858 stare
1241 1811 1297 1858 et
1338 1802 1653 1858 ministrare
1699 1817 1834 1873 pro-

1933 605 2114 662 ﬁcatio
2133 607 2264 661 estis
2292 605 2502 678 (Ibid.),
2524 625 2542 658 ι
2573 615 2677 660 etc.
2703 604 2870 676 Igitur
2898 605 3012 674 ipse
3035 604 3334 660 sanctiﬁcat
3357 621 3512 660 suum

1932 696 2187 767 templum
2236 696 2392 767 quasi
2437 696 2580 751 Deus
2607 704 2662 751 et
2689 695 2952 750 Dominus
2992 696 3352 764 inhabitando
3377 715 3389 750 :
3417 714 3516 753 nos

1932 795 2111 842 autem
2159 787 2304 858 digni
2333 786 2682 842 habitationis
2710 783 2824 854 ejus
2872 767 3266 844 conservando.
3316 787 3518 860 Sequi-

1933 886 2023 932 tur
2054 895 2067 932 :
2309 935 2313 940 _
2592 946 2594 950 τ
3097 929 3102 935 .

2011 988 2029 1020 t
2069 969 2128 1024 In
2157 970 2244 1025 die
2274 970 2360 1024 illa
2391 971 2746 1026 sanctiﬁcavit
2789 985 2883 1025 rex
2926 971 3161 1028 medium
3195 973 3342 1040 atrii,
3373 975 3520 1045 quod

1939 1082 1956 1114 ε
1998 1054 2116 1117 erat
2159 1071 2283 1117 ante
2325 1061 2544 1117 domum
2592 1061 2827 1119 Domini.
2859 1063 3014 1118 Fecit
3040 1065 3238 1134 quippe
3264 1065 3337 1120 ibi
3370 1067 3521 1123 holo-

1937 1173 1957 1206 ‹
2001 1162 2247 1210 caustum
2265 1161 2318 1209 et
2337 1155 2665 1211 sacriﬁcium
2687 1164 2741 1211 et
2764 1157 2974 1228 adipem
3001 1159 3374 1229 paciﬁcorum,
3390 1161 3517 1232 quia

1939 1265 1958 1297 t
2000 1247 2170 1302 altare
2189 1262 2389 1302 mreum
2415 1249 2559 1317 quod
2579 1257 2700 1303 erat
2723 1264 2908 1304 coram
2929 1251 3158 1306 Domino
3181 1251 3358 1308 minus
3379 1261 3520 1318 erat,

1939 1356 1957 1418 ς
2004 1346 2059 1392 et
2085 1353 2280 1408 capere
2306 1354 2414 1394 non
2451 1345 2663 1408 poterat
2697 1340 3160 1420 holocaustum‘et
3191 1345 3521 1399 sacriﬁcium

1939 1449 1958 1480 ‹
2001 1439 2056 1485 et
2080 1430 2293 1500 adipem
2332 1430 2704 1501 paciﬁcorum.
2733 1453 2751 1484 ι
2794 1431 2933 1500 Quid
2963 1449 3094 1504 ergo
3123 1444 3205 1489 est
3247 1425 3388 1505 quod
3417 1433 3520 1490 Sa-

1933 1520 2116 1575 lomon
2159 1520 2520 1576 sanctificavit
2550 1523 2788 1577 medium
2819 1524 2966 1590 atrii,
2994 1523 3229 1580 offerens
3259 1525 3332 1580 ibi
3367 1526 3523 1581 holo-

1933 1621 2180 1667 caustum
2208 1620 2263 1667 et
2283 1613 2608 1669 sacrificium
2637 1633 2648 1667 :
2674 1624 2958 1686 propterea
2987 1616 3079 1687 qui
3110 1617 3283 1673 altare
3310 1633 3522 1672 mneum

1934 1704 2076 1773 quod
2120 1701 2274 1770 juxta
2319 1705 2763 1760 constitutionem
2809 1705 2942 1775 legis
2990 1717 3116 1761 ante
3150 1706 3296 1762 fores
3341 1708 3525 1778 templi

1933 1795 2169 1865 positum
2197 1802 2337 1868 erat,
2368 1810 2474 1850 non
2506 1804 2718 1866 poterat
2767 1804 2937 1851 totum
2987 1813 3206 1868 capere,
3238 1799 3342 1853 nisi
3381 1799 3526 1869 quod

238 1917 260 1952 ι
304 1875 734 1972 pter—nebulam.
764 1897 1089 1969 lmpleverat
1118 1896 1265 1952 enim
1297 1895 1468 1967 gloria
1495 1895 1707 1951 Domini
1735 1896 1831 1952 do-
1859 1875 1906 1936 B
1933 1887 2185 1943 Christus
2223 1903 2288 1943 ea
2326 1903 2447 1958 quae
2477 1888 2530 1942 in
2564 1887 2680 1958 lege
2725 1900 2950 1958 propter
2997 1889 3371 1944 infirmitatem
3409 1891 3529 1960 ejus

241 2010 263 2043 ι
311 2008 461 2046 mum
479 1990 715 2057 Domini,
739 2009 758 2043 ι
790 1998 848 2045 et
867 1989 1100 2060 reliqua.
1124 1988 1279 2056 Quod
1309 1996 1486 2043 autem
1505 1987 1701 2044 nebula
1725 1989 1826 2044 im-

230 2083 405 2156 plevit
433 2085 652 2140 domum
694 2083 928 2148 Domini,
959 2090 1018 2138 et
1065 2096 1174 2137 non
1221 2089 1475 2152 poterant
1516 2081 1832 2138 sacerdotes

232 2182 386 2232 stare
414 2185 467 2231 et
490 2175 802 2230 ministrare
849 2181 1072 2245 propter
1097 2172 1375 2239 nebulam,
1401 2173 1520 2229 haec
1559 2174 1830 2229 sententia

232 2267 502 2337 superbos
530 2264 838 2321 Iudaeorum
873 2263 1163 2335 pontifices
1203 2279 1268 2319 ac
1289 2264 1540 2319 doctores
1569 2253 1836 2331 insinuat,

233 2360 332 2431 qui
374 2360 501 2414 dum
537 2358 837 2413 nativitatis
876 2356 1080 2412 Christi
1125 2364 1467 2412 sacramenta
1506 2356 1833 2426 investigare

235 2450 567 2520 despiciunt,
598 2449 840 2505 debitum
867 2447 994 2503 ﬁdei
1022 2461 1134 2502 sum
1161 2447 1525 2502 ministerium
1553 2461 1653 2517 per
1681 2461 1832 2502 erro-

234 2543 318 2597 ris
343 2541 594 2597 nebulam
618 2540 990 2611 perdiderunt.
1023 2539 1098 2593 lta
1131 2554 1321 2595 eorum
1365 2546 1574 2594 mentes
1603 2533 1833 2595 inﬁdeli-

235 2631 371 2687 tatis
397 2630 570 2702 caligo
599 2629 850 2701 replevit,
875 2637 937 2684 ut
979 2629 1317 2700 exigentibus
1363 2628 1596 2699 propriis
1622 2629 1832 2686 meritis

233 2738 346 2778 non
373 2729 667 2792 agnoscant
689 2721 893 2776 cultum
915 2721 1274 2778 credulitatis.
1295 2719 1499 2774 Nebula
1513 2736 1643 2791 ergo
1657 2718 1834 2791 Syna-

233 2831 450 2890 gogam,
477 2815 529 2870 id
554 2823 636 2871 est
672 2815 893 2870 domum
919 2813 1133 2870 Domini
1157 2812 1417 2884 implevit,
1440 2820 1497 2867 et
1519 2812 1832 2869 sacerdotes

231 2918 458 2981 propter
482 2907 734 2964 nebulam
762 2907 1076 2964 ministrare
1110 2921 1218 2961 non
1246 2913 1520 2978 poterant,
1550 2904 1675 2977 quia
1705 2905 1831 2960 dum

235 3001 292 3057 in
340 3001 690 3057 Testamento
739 3001 916 3057 Veteri
949 3015 1142 3056 sensus
1179 2998 1439 3072 mysticos
1462 2998 1660 3052 litterae
1687 2997 1832 3052 vela-

233 3090 386 3146 mine
424 3097 740 3160 coopertos,
769 3089 913 3147 inter
944 3089 1210 3144 obscuras
1263 3087 1643 3159 allegoriarum
1703 3087 1832 3142 cali-

235 3181 393 3254 gines
423 3179 749 3251 investigare
777 3178 1101 3249 despiciunt,
1128 3178 1371 3235 debitum
1403 3176 1531 3232 ﬁdei
1573 3192 1684 3232 suae
1729 3178 1832 3232 mi-

1934 1980 2122 2052 perﬁci
2147 1995 2255 2037 non
2283 1989 2556 2052 poterant,
2583 1998 2726 2037 nunc
2767 1983 2821 2036 in
2847 1981 3088 2038 Ecclesia
3125 1982 3389 2038 catholica
3416 1982 3528 2052 ple-

1935 2075 2078 2130 niter
2107 2075 2266 2146 gerit.
2295 2075 2412 2146 Ipse
2438 2084 2521 2130 est
2545 2075 2689 2130 enim
2713 2077 2908 2130 atrium
2935 2075 3127 2130 domus
3152 2074 3362 2130 Domini
3390 2091 3402 2128 :
3431 2091 3530 2146 per

1935 2166 2112 2236 ipsum
2144 2167 2422 2238 ingressus
2450 2175 2601 2237 patet
2635 2168 2688 2222 in
2719 2167 2879 2222 domo
2906 2167 3116 2221 Domini
3146 2165 3200 2220 in
3227 2165 3528 2221 Jerusalem

1933 2257 2184 2314 videlicet
2233 2259 2529 2316 caelestem.
2575 2258 2714 2326 Quia
2751 2274 2880 2330 ergo
2909 2244 3228 2313 holocausta
3265 2266 3319 2313 et
3359 2257 3501 2313 sacri

1933 2349 2054 2404 ﬁcia
2097 2350 2278 2405 omnia
2313 2350 2366 2404 in
2395 2349 2555 2405 altari
2584 2350 2763 2422 typico
2798 2349 3012 2405 Veteris
3042 2349 3378 2404 Testamenti
3421 2365 3526 2404 non

1933 2449 2185 2512 poterant
2231 2439 2450 2508 ofl‘erri,
2482 2456 2548 2497 eo
2576 2441 2720 2512 quod
2754 2441 2936 2496 omnia
2973 2441 3047 2496 Ibi
3092 2439 3390 2510 figuraliter
3434 2439 3530 2494 ﬁeo

1933 2531 2086 2597 bant,
2111 2547 2206 2587 rex
2257 2540 2444 2587 noster
2491 2540 2546 2586 et
2591 2533 2848 2588 sacerdos
2891 2531 3068 2586 erexit
3109 2530 3279 2585 altare
3309 2529 3434 2586 ﬁdei
3474 2529 3529 2583 in

1933 2623 2178 2679 Ecclesia
2207 2624 2474 2680 catholica
2493 2665 2507 2690 ,
2535 2621 2592 2678 in
2619 2639 2727 2694 quo
2753 2624 2972 2695 pinguia
3004 2623 3317 2677 holocausta
3353 2630 3409 2676 ct
3442 2636 3530 2676 sa-

1933 2715 2137 2771 criﬁcia
2183 2715 2537 2786 aceeptabilia
2575 2715 2820 2785 quotidie
2870 2713 3227 2784 spiritualiter
3255 2711 3368 2767 Deo
3396 2710 3529 2766 offe-

1934 2817 2150 2864 runtur.
2179 2807 2318 2862 Hinc
2345 2816 2430 2862 est
2456 2807 2601 2877 quod
2633 2805 2898 2861 Dominus
2934 2805 3232 2874 reprobans
3258 2810 3414 2856 vetus
3442 2817 3530 2856 sa-

1933 2900 2196 2956 criﬁcium
2223 2913 2319 2971 per
2339 2899 2670 2969 Prophetam
2696 2897 2772 2950 ait
2797 2914 2810 2950 :
2843 2915 2861 2946 ‹
2895 2895 3221 2951 Holocausta
3241 2902 3295 2950 et
3315 2894 3531 2964 sangui-

1933 3005 2057 3045 nem
2084 2990 2430 3046 victimarum
2459 2988 2604 3044 nolui
2641 2983 2816 3057 (Psttl.
2853 3001 3048 3049 xxxix,
3078 2982 3242 3038 Hebr.
3273 2982 3352 3052 ι).
3393 3001 3412 3034 ι
3457 2980 3525 3034 Et

1933 3085 2064 3139 item
2117 3083 2172 3138 in
2215 3080 2486 3137 Psalmis:
2518 3099 2536 3132 ‹
2571 3079 2912 3135 Sacriﬁcium
2949 3077 3124 3132 laudis
3151 3074 3533 3130 honoriﬁcabit

1936 3193 2054 3244 me;
2110 3183 2166 3231 et
2205 3175 2315 3231 illic
2362 3175 2486 3240 iter,
2539 3189 2647 3244 quo
2691 3173 2973 3229 ostendam
3021 3170 3097 3226 illi
3150 3170 3387 3226 salutare
3433 3168 3527 3225 Dei

233 3239 546 3338 iiisterium,
573 3239 797 3343 propter
838 3239 1097 3326 nebulam
1135 3269 1512 3340 perdiderunt.
1543 3267 1747 3335 Quibus
1773 3279 1829 3325 et
1856 3239 1902 3304 Ο
1935 3239 2111 3339 (Psal.
2142 3268 2316 3332 χιιι).
2351 3284 2369 3317 ι

236 3372 370 3419 tunc
391 3364 446 3418 in
473 3363 668 3419 nebula
689 3363 951 3419 doctrinae
978 3377 1114 3429 suae,
1141 3375 1334 3417 vocem
1358 3360 1621 3416 Dominus
1647 3371 1829 3431 protu-

233 3456 320 3522 lit,
358 3473 480 3512 cum
508 3457 574 3514 de
602 3473 660 3514 se
691 3457 856 3512 etiam
880 3463 1065 3526 aperta
1103 3455 1367 3510 narravit.
1403 3453 1542 3522 Quid
1567 3463 1652 3509 est
1682 3455 1829 3510 enim

233 3551 484 3620 apertius
526 3561 686 3618 quam
718 3566 736 3599 t
767 3547 880 3619 Ego
906 3556 962 3602 et
988 3547 1150 3602 Pater
1193 3561 1362 3602 unum
1413 3561 1600 3601 sumus
1625 3546 1643 3617 (
1664 3544 1826 3600 Joan.

233 3640 376 3712 x)?»
411 3639 551 3708 Quid
594 3641 833 3712 apertius
860 3654 1023 3710 quam
1051 3658 1070 3690 ι
1098 3639 1239 3695 Ante
1267 3639 1538 3695 Abraham
1580 3653 1679 3710 ego
1709 3653 1829 3694 sum

235 3734 423 3807 (Joan.
456 3733 612 3805 vui)?
640 3753 660 3786 ι
693 3733 801 3790 Sed
844 3733 970 3804 quia
1006 3732 1313 3788 auditorum
1345 3739 1556 3786 mentes
1602 3730 1831 3785 inﬁdeli-

235 3827 368 3883 tatis
392 3827 565 3897 caligo
585 3826 972 3897 compleverat,
997 3825 1152 3896 quasi
1183 3824 1441 3880 emissum
1464 3823 1592 3880 solis
1615 3823 1830 3879 radium

233 3915 432 3972 nebula
467 3914 797 3985 interiacens
842 3915 1231 3971 abscondebat.
1275 3933 1293 3966 ι
1328 3914 1398 3968 Et
1441 3914 1830 3969 dedicaverunt

235 4008 497 4082 templum
543 4007 778 4074 Domini,
809 4021 907 4062 rex
932 4016 987 4063 et
1012 4006 1107 4062 ﬁlii
1137 4005 1324 4062 Israel.
1357 4025 1376 4059 ι
1407 4005 1690 4076 Templum
1727 4007 1830 4062 Do-

233 4100 370 4156 mini
397 4109 584 4156 sancta
627 4107 712 4156 est
742 4099 1010 4165 Ecclesia,
1034 4100 1174 4154 sicut
1204 4114 1368 4169 supra
1397 4107 1676 4154 ostensum
1701 4107 1824 4154 est:

232 4195 380 4251 hanc
415 4193 684 4250 dedicavit
725 4208 822 4249 rex
861 4191 1135 4259 Christus,
1156 4193 1374 4263 quando
1413 4206 1534 4247 eam
1565 4191 1831 4264 sanguine

234 4301 338 4342 suo
367 4284 668 4350 mundavit,
695 4292 754 4339 et
780 4283 1018 4356 Spiritus
1039 4283 1214 4338 sancti
1243 4282 1414 4352 gratia
1445 4281 1826 4348 sanctiﬁcavit,

235 4393 302 4431 ac
329 4376 562 4432 diversis
592 4376 858 4431 virtutum
887 4374 1045 4431 donis
1067 4373 1464 4444 multiplicavit.
1497 4373 1649 4430 Hanc
1678 4374 1829 4430 dedi-

234 4475 368 4525 cant
393 4475 448 4523 et
477 4466 572 4522 ﬁlii
601 4466 767 4524 Israel
794 4482 1010 4532 secum,
1045 4466 1262 4536 quando
1295 4466 1665 4537 unusquisque
1691 4466 1828 4522 ﬁde-

233 4562 392 4626 lium,
437 4563 734 4618 secundum
764 4562 865 4618 sibi
909 4562 1108 4616 donum
1148 4560 1402 4617 collatum
1427 4575 1458 4615 a
1484 4561 1628 4627 Deo,
1659 4561 1830 4616 verbo

2010 3378 2029 3411 t
2065 3360 2218 3417 Fecit
2249 3378 2378 3434 ergo
2408 3362 2664 3420 Salomon
2693 3363 3045 3420 festivitatem
3076 3363 3132 3418 in
3165 3371 3410 3434 tempore
3435 3361 3530 3417 illo

1937 3471 1956 3504 t
1993 3453 2285 3520 celebrem,
2315 3464 2368 3508 et
2391 3455 2572 3512 omnis
2593 3456 2760 3512 Israel
2782 3473 2906 3512 cum
2927 3470 2994 3511 eo
3014 3455 3306 3510 multitudo
3336 3471 3530 3527 magna

1938 3563 1958 3596 ι
1996 3545 2065 3600 ab
2095 3545 2321 3600 introitu
2352 3547 2546 3602 Emath
2588 3563 2759 3619 usque
2789 3549 2858 3604 ad
2889 3548 3065 3603 rivum
3098 3546 3318 3618 Egypti
3344 3562 3531 3602 coram

1938 3657 1956 3689 ι
1992 3636 2223 3694 Domino
2247 3639 2357 3694 Deo
2380 3650 2588 3696 nostro.
2637 3661 2656 3693 ι
2689 3640 2845 3709 Quod
2869 3641 3087 3707 dicitur,
3119 3641 3246 3710 quia
3268 3639 3394 3696 fecit
3426 3639 3529 3696 Sa-

1932 3725 2116 3784 lomon
2145 3729 2498 3784 festivitatem
2530 3729 2836 3798 celebrem,
2886 3739 2942 3786 et
2985 3731 3163 3787 omnis
3192 3729 3361 3786 Israel
3405 3745 3530 3784 cum

1933 3838 1998 3879 eo
2027 3823 2317 3880 multitudo
2341 3839 2538 3896 magna
2567 3825 2636 3879 ab
2683 3825 2910 3882 introitu
2932 3824 3126 3880 Emath
3163 3838 3335 3894 usque
3357 3823 3424 3878 ad
3455 3823 3531 3877 ri-

1931 3907 2062 3970 vum
2088 3914 2309 3987 Egypti
2347 3931 2532 3970 coram
2561 3916 2792 3972 Domino
2820 3935 2833 3970 :
2877 3931 2976 3987 per
3010 3916 3290 3972 introitum
3312 3915 3530 3981 Emath,

1932 4007 2414 4076 septentrionalem
2443 4021 2604 4063 terrae
2632 4008 3071 4078 repromissionis
3097 4007 3311 4079 plagam
3340 4023 3439 4078 per
3461 4007 3535 4061 ri-

1932 4115 2063 4156 vum
2083 4101 2196 4157 sive
2224 4110 2524 4158 torrentem
2543 4101 2765 4174 Egypti
2779 4117 2965 4158 coram
2990 4101 3215 4157 Domino
3241 4121 3254 4154 ε
3286 4109 3346 4157 ut
3367 4101 3534 4157 verba

1936 4195 2149 4252 dierum
2193 4195 2515 4261 nominant,
2567 4195 2816 4266 designat
2859 4195 3176 4251 australem.
3218 4196 3294 4251 De
3335 4195 3533 4265 quibus

1935 4286 2116 4356 aliqua
2145 4285 2312 4342 latius
2332 4276 2401 4342 ex
2433 4286 2614 4342 verbis
2645 4286 2821 4342 sancti
2847 4285 3162 4358 Hieronymi
3187 4299 3392 4357 ponere
3410 4303 3533 4359 gra-

1934 4391 2050 4458 tum
2081 4389 2214 4452 puto
2253 4395 2373 4435 csse
2401 4379 2612 4436 lectori.
2649 4379 2921 4450 Scriptum
2963 4388 3046 4434 est
3073 4380 3126 4434 in
3161 4379 3300 4435 libro
3327 4379 3529 4436 Nume-

1935 4489 2120 4528 rorum
2153 4473 2344 4547 (Num.
2375 4476 2589 4546 xxxiv),
2626 4475 2678 4530 in
2706 4491 2815 4546 quo
2842 4477 3020 4530 omnis
3053 4484 3200 4531 terra
3235 4477 3527 4547 repromis-

1935 4564 2105 4620 sionis
2133 4581 2230 4636 per
2268 4574 2504 4635 quatuor
2525 4565 2712 4636 plagas
2749 4565 2901 4621 brevi
2934 4581 3189 4622 sermone
3219 4567 3479 4622 dividitur
3509 4585 3523 4621 :

232 4655 643 4726 praedicationis
681 4663 738 4709 et
780 4654 1046 4709 virtutum
1087 4652 1342 4724 operibus
1384 4651 1662 4723 proximos
1699 4667 1828 4709 suos
1855 4619 2071 4712 DPars
2115 4619 2417 4712 meridiana
2466 4619 2687 4728 incipiet
2721 4674 2750 4712 a
2791 4659 3080 4715 solitudine
3139 4660 3233 4714 Sin
3273 4677 3394 4731 quae
3445 4669 3531 4716 est

236 4759 595 4817 quoscunque
634 4743 780 4801 valet
819 4745 888 4800 ad
929 4742 1154 4799 meliora
1175 4740 1580 4814 et-perf‘ectiora
1609 4756 1833 4798 conver-

237 4847 377 4903 tere,
402 4836 618 4910 satagit.
637 4854 656 4889 t
685 4835 967 4906 Templum
995 4835 1138 4890 enim
1168 4833 1400 4899 Domini,
1425 4833 1501 4888 ait
1520 4833 1829 4905 Apostolus,

235 4937 491 4985 sanctum
530 4936 633 4994 est,
668 4927 810 4998 quod
837 4926 970 4982 estis
995 4941 1092 4981 vos
1119 4923 1172 4995 (1
1203 4923 1326 4980 Cor.
1357 4924 1464 4996 Ill).
1491 4943 1510 4977 ι
1543 4923 1648 4981 Sed
1691 4927 1832 4982 hanc

235 5020 751 5086 sanctiﬁcationem,
778 5033 874 5074 rex
903 5025 958 5073 et
1002 5017 1250 5088 populus,
1277 5025 1440 5087 caput
1469 5024 1526 5071 et
1563 5017 1828 5083 membra,

234 5127 349 5168 non
362 5111 647 5182 mqualiter
666 5109 972 5180 perﬁciunt,
990 5108 1115 5186 quia
1141 5107 1206 5163 de
1227 5106 1444 5162 Christo
1461 5105 1696 5163 Joannes
1720 5107 1827 5162 ait:

243 5228 263 5257 ι
291 5204 371 5261 De
392 5202 726 5276 plenitudine
766 5201 884 5272 ejus
910 5217 1010 5258 nos
1034 5215 1224 5256 omnes
1263 5200 1589 5270 accepimus,
1619 5209 1674 5256 et
1703 5216 1829 5272 gra-

238 5299 373 5354 tiam
391 5312 491 5368 pro
509 5297 683 5368 gratia
707 5295 890 5369 (Joan.
917 5293 980 5366 1).
1006 5313 1024 5347 ι
1046 5292 1183 5348 Hinc
1202 5291 1402 5348 Paulus
1422 5293 1554 5348 dicit
1573 5308 1587 5346 :
1608 5314 1625 5346 t
1649 5293 1834 5364 Itaque

235 5403 421 5460 neque
447 5388 541 5459 qui
570 5388 799 5458 plantat,
823 5394 908 5442 est
946 5385 1169 5456 aliquid,
1193 5399 1369 5454 neque
1415 5384 1505 5454 qui
1537 5386 1703 5456 rigat;
1738 5387 1836 5442 sed

236 5480 334 5551 qui
362 5479 759 5534 incrementum
788 5478 901 5544 dat,
932 5475 1077 5532 Deus
1108 5475 1159 5547 (Ι
1183 5473 1306 5530 Cor.
1341 5474 1448 5546 nt).
1474 5494 1492 5527 ι
1531 5474 1636 5530 Sed
1663 5492 1835 5546 quau-

238 5585 361 5631 tum
388 5573 568 5629 valeat
611 5574 848 5630 hominis
872 5573 1172 5640 dedicatio,
1209 5572 1499 5644 praedictus
1545 5572 1836 5643 Apostolus

236 5669 641 5739 subsequenter
684 5667 906 5738 exponit
952 5668 1174 5722 dicens:
1207 5684 1226 5718 ι
1257 5665 1360 5735 Qui
1398 5666 1606 5737 plantat
1653 5675 1834 5724 autem

237 5771 300 5817 et
329 5761 474 5831 rigat
517 5775 683 5816 unum
735 5768 882 5816 sunt.
915 5757 1296 5829 Unusquisque
1339 5766 1519 5814 autem
1559 5760 1834 5830 prepriam

236 5851 553 5916 mercedem
603 5851 864 5921 accipiet,
895 5851 1190 5906 secundum
1237 5865 1393 5905 suum
1443 5849 1702 5906 laborem.
1739 5851 1862 5928 Dei‘

649 5945 926 6007 Punon.
965 5941 1154 6005 CXV.

1927 4745 2084 4817 juxta
2109 4747 2317 4813 Edom,
2364 4757 2419 4803 et
2467 4748 2689 4803 habebit
2719 4749 2980 4804 terminos
3026 4759 3213 4804 contra
3261 4750 3526 4804 orientem

1934 4852 2086 4892 mare
2110 4837 2490 4905 salsissimum,
2523 4838 2613 4908 qui
2642 4839 2839 4894 circuit
2864 4841 3158 4898 australem
3186 4842 3399 4913 plagam
3427 4856 3527 4912 per

1935 4944 2222 4986 ascensum
2259 4931 2563 5000 scorpionis
2584 4973 2598 4997 ,
2636 4931 2709 4986 ita
2756 4941 2817 4986 ut
2846 4941 3130 4990 transeant
3162 4935 3218 4989 in
3261 4933 3442 4989 Senna
3474 4941 3531 4988 et

1933 5021 2261 5093 perveniant
2291 5022 2343 5076 in
2375 5021 2657 5078 meridiem
2677 5017 2860 5094 'usque
2884 5024 2952 5079 ad
2977 5023 3345 5088 Cadesbarne,
3381 5023 3527 5076 unde

1939 5115 2288 5187 egredientur
2315 5113 2550 5170 conﬁnia
2573 5113 2640 5170 ad
2666 5114 2852 5170 villam
2883 5115 3103 5170 nomine
3124 5111 3294 5179 Adar,
3323 5117 3380 5165 et
3406 5119 3526 5166 ten-

1939 5207 2068 5261 dent
2089 5220 2259 5275 usque
2290 5205 2357 5260 ad
2373 5204 2664 5259 Asemona.
2692 5204 2902 5274 lbitque
2928 5220 3028 5276 per
3047 5217 3236 5276 gyrum
3261 5201 3530 5258 terminus

1942 5299 2010 5354 ab
2047 5297 2319 5353 Asemona
2348 5312 2522 5367 usque
2563 5297 2632 5352 ad
2669 5305 2962 5352 torrentem
2991 5293 3215 5366 [Egypti
3233 5333 3249 5361 ,
3276 5301 3333 5348 et
3359 5294 3533 5351 maris

1940 5391 2117 5461 Magni
2162 5389 2343 5444 littore
2391 5389 2628 5444 ﬁnietur.
2669 5387 2775 5444 Pro
2830 5403 2938 5458 quo
2986 5387 3043 5442 in
3091 5383 3284 5439 ultima
3319 5384 3532 5442 visione

1937 5483 2220 5553 prophetae
2264 5481 2564 5536 Ezechielis
2600 5481 2674 5535 ita
2696 5481 2933 5536 dicitur:
2969 5497 2986 5530 t
3029 5477 3194 5549 Plaga
3219 5485 3400 5534 autem
3431 5495 3533 5534 au.-

1939 5576 2123 5632 stralis
2152 5575 2454 5630 meridiana
2483 5590 2515 5628 a
2545 5573 2808 5637 Thamar,
2847 5585 3021 5642 usque
3067 5571 3135 5626 ad
3163 5585 3333 5641 aquas
3363 5570 3530 5628 Mari-

1936 5669 2070 5724 both
2089 5667 2306 5741 (Ezech.
2329 5666 2541 5738 xcvm).
2572 5686 2591 5718 ι
2612 5666 2796 5735 Aquas
2817 5663 3106 5732 Maribotb,
3135 5664 3189 5720 id
3211 5673 3296 5722 est
3315 5674 3533 5722 contra-

1939 5761 2215 5818 dictionis.
2253 5760 2427 5816 Cades
2450 5772 2666 5830 quoque
2695 5766 2750 5812 et
2795 5764 3066 5811 torrentes
3095 5771 3267 5827 usque
3292 5756 3358 5811 ad
3381 5770 3533 5810 mare

1939 5853 2231 5927 Magnum,
2297 5849 2440 5906 uuod
2487 5846 2756 5918 signiﬁcat
2812 5845 3132 5902 latissimam
3183 5845 3532 5907 solitudinem

2953 5935 2984 5962 ⁸
3056 5936 3129 5998 15
