4044 6336
547 406 655 467 459
719 484 727 489 _

1591 372 1947 463 amour
1983 376 2444 463 LUXOVIENSIS
2483 380 2799 463 neniam

3728 394 3853 465 160

549 532 677 597 Sin,
702 542 825 600 qua:
846 534 933 583 est
964 524 1121 598 juxta
1153 523 1344 581 Edom.
1374 524 1441 580 Et
1477 524 1695 603 inmari
1726 524 1913 579 Rubro
1943 523 2133 581 termi-
2159 526 2210 589 Α
2238 539 2359 580 rum
2381 522 2655 596 appellant
2684 521 2878 579 maria.
2908 518 2975 577 Et
2997 519 3240 587 tendent,
3262 516 3460 592 inquit,
3501 534 3674 593 usque
3708 521 3849 581 lora

546 638 677 679 num
707 617 1022 682 circumire,
1046 622 1102 672 et
1129 632 1226 688 per
1249 630 1530 672 ascensum
1555 616 1855 685 scorpionis
1876 624 1930 671 et
1954 614 2135 672 Senna

547 723 602 772 et
630 711 973 771 Cadesbarne
999 718 1050 763 et
1081 709 1278 763 atrium
1327 709 1443 765 sive
1470 708 1651 764 villam
1682 709 1857 775 Adar,
1889 717 1944 764 et
1973 725 2002 763 a
2033 707 2135 764 Se-

546 823 708 866 mona
753 804 1035 877 pervenire
1086 817 1257 873 usque
1311 800 1377 856 ad
1412 811 1704 857 torrentem
1755 801 1998 875 IEgypti,
2043 802 2137 875 qui

545 904 697 977 iuxta
741 900 932 955 urbem
972 895 1367 950 Rinocoruram
1424 895 1561 950 mari
1606 893 1803 949 inﬂuit.
1854 894 1955 951 Hic
2008 910 2137 953 vero

548 994 814 1052 terminus
849 992 1021 1063 plaga:
1068 988 1323 1045 australis
1376 987 1603 1059 incipit,
1650 1004 1680 1043 a
1738 986 1976 1044 Thamar
2016 1004 2137 1063 quae

547 1091 681 1147 urbs
708 1089 761 1144 in
788 1074 1074 1152 solitudine
1096 1091 1198 1150 est,
1231 1099 1395 1154 quam
1438 1092 1493 1138 et
1516 1081 1775 1139 Salomon
1818 1082 1974 1138 miris
2010 1098 2137 1153 Ope-

545 1182 699 1239 rlbus
742 1177 1026 1242 exstruxit,
1053 1183 1108 1228 ct
1136 1161 1303 1229 hodie
1335 1172 1567 1229 Palmira
1608 1181 1983 1241 nuncupatur;
2024 1170 2135 1228 He-

546 1272 839 1342 braicoquc
868 1280 1120 1322 sermone
1145 1263 1386 1319 Thamar
1412 1262 1611 1319 dicitur
1634 1306 1647 1327 ,
1681 1279 1803 1336 quae
1856 1263 1909 1318 in
1955 1261 2136 1334 lingua

544 1373 732 1441 nostra
760 1360 990 1433 palmam
1033 1364 1222 1424 sonat,
1254 1371 1425 1429 usque
1452 1357 1517 1411 ad
1546 1372 1716 1429 aquas
1746 1354 2136 1411 contradictio-

543 1464 630 1521 uis
660 1460 837 1518 Gades
861 1473 1023 1529 quam
1062 1457 1115 1511 in
1146 1456 1364 1511 deserto
1400 1469 1521 1510 esse
1564 1469 1670 1509 non
1696 1451 1915 1508 dubium
1944 1462 2046 1520 est,
2083 1462 2145 1508 et

548 1566 758 1611 torrens
788 1549 1098 1623 ingrediens
1120 1562 1271 1602 mare
1310 1545 1583 1617 Magnum,
1614 1546 1718 1602 hoc
1745 1546 1888 1617 quod
1916 1544 2137 1619 Egypti

544 1648 953 1716 Palaestinaaque
1007 1643 1361 1714 praetenditur
1418 1642 1710 1697 littoribus.
1768 1636 2027 1711 Sequitur
2081 1641 2138 1697 in

476 1766 489 1777 κ
545 1739 684 1796 libro
707 1738 1104 1793 Numerorum:
1130 1758 1147 1787 ‹
1168 1733 1329 1807 Plaga
1353 1743 1532 1789 autem
1555 1732 1928 1801 occidentalis,
1947 1747 1980 1789 τι
2001 1732 2140 1789 mari

506 1840 511 1895 ξ
546 1830 740 1904 Magno
768 1830 980 1900 incipit,
1004 1836 1059 1882 et
1080 1828 1195 1899 ipso
1220 1826 1325 1882 ﬁne
1347 1826 1641 1891 clauditur,
1680 1846 1698 1879 ι
1726 1826 1830 1882 hoc
1850 1836 1935 1883 est
1954 1841 1984 1881 a
2000 1825 2139 1882 mari

2241 618 2434 702 danem
2456 626 2511 674 et
2536 618 2604 672 ad
2630 616 2878 671 ultimum
2910 615 3234 671 claudentur
3266 614 3426 682 mari,
3468 614 3553 669 vel
3594 616 3845 687 Mortuo,

2240 709 2346 777 vel,
2368 718 2429 765 ut
2448 709 2537 764 alii
2555 715 2771 779 putant,
2792 704 2979 780 lingua
2998 718 3168 763 maris
3184 703 3375 773 Rubri,
3400 706 3456 761 in
3475 705 3633 778 cujus
3653 704 3849 768 littoré

2239 800 2393 858 Ahila
2420 801 2591 872 posita
2615 809 2717 855 est.

2312 910 2467 984 Quod
2484 922 2665 970 autem
2687 912 2930 985 sequitur
2950 895 3005 968 in
3027 908 3167 969 libro
3204 910 3436 984 Regum,
3462 911 3608 983 quod
3630 921 3844 985 septem

2241 1004 2431 1064 diebus
2465 1014 2519 1061 et
2550 1015 2757 1077 septem
2792 1004 3005 1075 diebus,
3053 1003 3106 1061 id
3155 1012 3242 1061 est
3281 1003 3698 1075 quatuor-decim
3728 1006 3846 1061 die-

2240 1097 2362 1163 bus,
2386 1095 2644 1169 praedicta
2675 1094 2943 1152 festivitas
2964 1110 2994 1149 a
3016 1090 3309 1152 Salomone
3338 1102 3395 1150 et
3418 1095 3545 1151 filiis
3560 1094 3734 1151 Israel
3758 1111 3846 1151 ee-

2239 1192 2566 1257 lebraretur,
2595 1199 2651 1245 et
2675 1188 2731 1244 in
2755 1187 2843 1245 die
2869 1195 3063 1244 octavo
3092 1187 3299 1242 dimisit
3321 1186 3587 1259 populos;
3625 1186 3846 1241 intuen-

2241 1286 2369 1340 dum
2395 1291 2479 1340 est
2515 1280 2788 1353 quomodo
2838 1280 2894 1334 in
2938 1274 3134 1335 Verbis
3187 1278 3394 1335 dierum
3441 1278 3509 1334 de
3550 1278 3747 1333 eadem
3790 1288 3847 1333 re

2242 1374 2501 1445 scriptum
2519 1372 2608 1427 sit.
2647 1366 2799 1427 Fecit
2814 1386 2943 1443 ergo
2965 1368 3220 1426 Salomon
3251 1366 3601 1425 festivitatem
3626 1369 3687 1423 in
3710 1376 3847 1423 tem-

2239 1479 2372 1536 pore
2396 1464 2489 1520 illo
2518 1470 2726 1534 septem
2755 1458 2964 1528 diebus,
2998 1468 3054 1516 et
3076 1457 3255 1516 omnis
3282 1450 3452 1515 Israel
3466 1472 3593 1514 eum
3619 1474 3717 1525 eo,
3744 1457 3848 1514 Ec-

2241 1557 2406 1615 clesia
2433 1571 2630 1627 magna
2663 1555 2821 1612 valde
2847 1553 2914 1610 ab
2948 1553 3180 1610 introitu
3212 1552 3409 1611 Emath
3437 1566 3611 1623 usque
3638 1550 3713 1609 ad
3736 1558 3846 1608 tor-

2242 1657 2453 1706 rentem
2482 1644 2727 1720 Egypti,
2780 1646 3019 1719 fecitque
3066 1644 3153 1703 die
3193 1653 3387 1701 octavo
3435 1642 3732 1700 collectam
3783 1659 3847 1723 eo

2241 1728 2385 1813 quod
2415 1741 2717 1797 dedicasset
2745 1739 2915 1795 altare
2941 1742 3148 1810 septem
3176 1734 3395 1803 diebus,
3422 1732 3498 1792 ’et
3527 1738 3849 1793 solemnita—

2243 1839 2354 1887 tem
2376 1828 2708 1886 celebrasset
2734 1829 2926 1909 diebus
2957 1836 3183 1900 septem.
3211 1824 3381 1899 Igitur
3406 1826 3681 1883 vicesimo
3738 1836 3849 1909 ter:

508 1908 512 1918 ’
546 1935 718 1992 usque
738 1922 803 1976 ad
831 1898 1002 1985 mare,
1027 1935 1057 1973 ιι
1088 1927 1331 1974 torrente
1354 1916 1608 1972 videlicet
1633 1916 1924 1984 Rintmore,
1957 1919 2048 1988 qui
2081 1920 2139 1975 in
2164 1914 2214 1975 B
2242 1925 2317 1980 tio
2342 1924 2545 1980 mensis
2568 1904 2801 1993 septimi.
2839 1898 3046 1977 dimisit
3090 1898 3319 1991 populos
3367 1916 3437 1975 ad
3488 1898 3847 1975 tabernacula

546 2029 700 2073 mare
741 2011 937 2078 influit,
979 2025 1152 2081 usque
1191 2010 1258 2065 ad
1299 2024 1423 2064 eum
1456 2007 1636 2064 locum
1686 2008 1777 2063 ubi
1819 2016 1903 2063 est
1940 2004 2135 2064 Emath

545 2106 676 2163 urbs
698 2102 897 2176 Syriae,
933 2101 1088 2171 cujus
1117 2102 1170 2156 in
1200 2102 1301 2157 hac
1330 2100 1489 2173 plaga
1513 2109 1568 2155 et
1606 2114 1803 2156 nomen
1829 2100 2051 2171 ponitur
2079 2101 2141 2157 in

545 2195 857 2253 Ezecliielc:
880 2213 899 2247 ί
918 2194 985 2250 Et
1008 2193 1165 2265 plaga
1184 2192 1478 2266 (inquiens)
1502 2207 1653 2248 mare
1676 2191 1928 2264 Magnum
1951 2208 1981 2248 a
2008 2208 2134 2248 eon-

544 2288 673 2345 ﬁuio
696 2304 793 2360 per
817 2287 1107 2352 directum,
1139 2285 1310 2341 donec
1338 2285 1531 2341 venias
1556 2284 1772 2349 Emath,
1799 2304 1819 2338 ›
1844 2300 1969 2356 quae
1990 2300 2137 2341 nunc

542 2380 843 2452 Epiphania
873 2379 1219 2443 nominatur,
1244 2376 1315 2433 ab
1348 2375 1619 2432 Antiocho
1646 2374 2022 2433 crudelissimo
2051 2385 2135 2450 ty-

545 2488 840 2529 rannorum
884 2470 1104 2526 nomine
1144 2477 1499 2525 commutato.
1532 2467 1668 2523 Nam
1716 2476 2135 2541 cognomentum

544 2563 734 2619 habuit
786 2562 1116 2633 Epiphanes.
1175 2560 1347 2615 Porro
1394 2561 1461 2615 ad
1510 2558 1992 2630 septentrionalem
2030 2561 2136 2633 (iu-

544 2656 682 2728 quit)
713 2666 922 2727 partem
956 2670 987 2709 a
1015 2653 1153 2709 mari
1180 2652 1374 2725 Magno
1404 2653 1625 2709 termini
1659 2654 1920 2723 incipient
1943 2668 2136 2726 perve-

544 2748 757 2805 nientes
803 2760 972 2817 usque
1007 2747 1074 2801 ad
1122 2754 1361 2801 montem
1391 2746 1746 2813 altissimum,
1773 2761 1884 2819 quo
1910 2748 2135 2805 veniens

544 2841 598 2903 in
629 2840 823 2895 Emath
850 2853 1021 2910 usque
1043 2839 1111 2894 ad
1148 2839 1408 2895 terminos
1438 2839 1682 2907 sedebat,
1712 2841 1981 2913 ibuntque
2003 2855 2134 2896 con-

545 2933 679 2991 finia
714 2946 885 3002 usque
931 2931 998 2986 ad
1030 2929 1313 3001 Sephrona
1353 2939 1409 2987 et
1449 2931 1630 2987 villam
1672 2933 1849 2998 Euan,
1880 2932 1934 2987 hi
1974 2940 2135 2987 erunt

545 3025 762 3099 termini
801 3024 854 3078 in
884 3032 1039 3094 parte
1081 3022 1369 3093 aquilonis.
1418 3023 1616 3081 Dicunt
1657 3022 1870 3079 Hebrtni
1918 3032 2139 3095 septen-

546 3118 829 3177 trionalem
887 3116 1101 3191 plagam
1148 3115 1389 3186 incipere
1433 3131 1465 3170 a
1508 3115 1648 3172 mari
1700 3116 1894 3189 Magno
1922 3156 1940 3182 ,
1989 3116 2137 3186 quod

542 3212 870 3278 Palmstinze,
903 3208 1179 3265 Phoenicis
1200 3218 1255 3264 et
1302 3209 1474 3280 Syria:
1512 3223 1634 3278 quae
1659 3207 1959 3279 appellatur
1983 3206 2135 3275 Cele,

543 3260 870 3373 satagit“;
894 3260 1251 3372 natiiis.
1281 3260 2135 3371 n'tiuiiu;j‘;.;1t;agnati;
2164 3260 2210 3341 (ἒ

545 3394 718 3451 tendit
762 3392 830 3447 ad
867 3391 1117 3462 Libyam.
1143 3388 1299 3458 Quod
1335 3396 1515 3445 autem
1548 3387 1749 3444 dicitur
1780 3407 1793 3443 :
1822 3390 2139 3460 pervenien-

546 3496 628 3543 tes
655 3486 918 3541 terminos
944 3498 1117 3554 usque
1150 3482 1221 3539 ad
1244 3490 1482 3537 montem
1511 3481 1859 3543 altissimum.
1886 3482 2139 3541 eumdem

543 3577 753 3635 Hebraei
804 3582 1092 3631 autumant
1138 3571 1224 3626 vel
1260 3568 1469 3627 Imaum
1514 3579 1755 3627 montem
1801 3568 2137 3643 signiﬁcare,

544 3670 629 3726 vel
653 3669 893 3724 Taurum
927 3663 1111 3735 :quod
1162 3662 1318 3719 nobis
1359 3662 1576 3719 videtur
1618 3664 1819 3719 verius.
1852 3663 2138 3733 lbuntque,

544 3760 741 3829 inquit,
783 3755 1017 3813 conﬁnia
1061 3767 1239 3823 usque
1266 3750 1337 3807 ad
1382 3741 1685 3823 Sephrona,
1719 3768 1883 3824 quam
1924 3746 2139 3808 Hebraei

546 3853 707 3909 hodie
734 3850 1018 3921 Zephuim,
1062 3844 1318 3919 oppidum
1345 3844 1568 3914 Cilicire,
1597 3854 1814 3903 Vocant.
1843 3844 1996 3913 Quod
2039 3860 2135 3899 au-

544 3956 653 4003 tem
694 3945 942 4016 sequitur
970 3964 982 3999 :
1012 3943 1080 3999 Et
1112 3941 1294 3998 villam
1340 3938 1516 4009 Euan,
1548 3957 1648 4013 pro
1681 3956 1790 4012 quo
1827 3940 1883 3996 in
1908 3936 2138 3995 Ilebrteo

544 4040 809 4109 scriptum
845 4045 927 4093 est
968 4036 1287 4102 Aserenam,
1333 4036 1477 4105 quod
1519 4034 1911 4107 interpretatur
1943 4022 2141 4086 atrium'

548 4132 731 4205 fontis,
764 4130 1028 4187 terminus
1066 4138 1151 4190 est
1194 4127 1464 4184 Damasci.
1496 4124 1650 4183 Unde
1678 4126 1878 4181 dicitur
1902 4125 1959 4180 in
2000 4118 2139 4180 Eze-

548 4224 721 4281 chiele
750 4241 762 4277 :
792 4223 860 4278 Et
911 4222 1018 4278 erit
1062 4221 1326 4278 terminus
1370 4236 1401 4275 a
1446 4218 1585 4274 mari
1615 4232 1787 4289 usque
1824 4215 1892 4272 ad
1938 4212 2139 4271 atrium

547 4318 723 4383 Euan,
746 4315 861 4372 sive
882 4315 1037 4371 Aser.
1062 4314 1213 4369 Euan
1238 4312 1502 4371 terminus
1525 4308 1794 4376 Damasci,
1820 4317 1877 4363 et
1900 4307 1969 4362 ab
1992 4306 2141 4378 aqui-

551 4411 677 4468 lone
728 4409 796 4465 ad
847 4407 1156 4479 aquilonem
1205 4405 1363 4477 plaga
1411 4400 1852 4475 septentrionalis
1900 4392 1966 4457 de
2014 4398 2141 4454 villa

547 4502 702 4567 Euan
727 4499 1018 4572 Sephama,
1047 4506 1103 4554 et
1146 4496 1212 4553 de
1239 4495 1511 4566 Sephama
1551 4492 1883 4550 descendent
1920 4488 2139 4547 termini

548 4596 605 4653 in
632 4593 801 4650 Rebla
827 4601 1017 4649 contra
1041 4589 1265 4646 fontem.
1294 4586 1421 4644 Inde
1446 4584 1695 4658 pervenit
1729 4591 1919 4640 contra
1957 4581 2133 4637 orien-

549 4696 658 4745 tem
683 4685 751 4741 ad
772 4699 924 4740 mare
944 4681 1307 4749 Genezareth,
1330 4689 1386 4737 et
1409 4680 1633 4737 tendent
1658 4691 1831 4748 usque
1850 4674 2142 4733 Iordanem

552 4789 611 4836 et
638 4779 707 4834 ad
757 4778 1010 4833 ultimum
1041 4775 1342 4831 salsissimo
1393 4772 1713 4830 claudentur
1740 4769 1900 4827 mari.
1949 4768 1991 4824 A
2038 4764 2145 4823 fine

548 4873 719 4944 igitur
749 4867 1186 4940 septentrionalis
1209 4866 1400 4939 plagae,
1421 4865 1526 4920 hoc
1553 4873 1656 4929 est,
1688 4863 1827 4920 atrio
1853 4860 2004 4917 Euan
2030 4870 2145 4916 ten-

553 4965 691 5021 dunt
720 4962 856 5019 fines
890 4946 1063 5033 usque
1083 4960 1152 5016 ad
1183 4959 1484 5030 Sephama,
1514 4971 1677 5027 quam
1713 4950 1927 5011 Hebraei
1966 4953 2147 5025 Apha-

553 5055 719 5112 miam
752 5055 1055 5111 nominant.
1082 5051 1151 5108 Et
1172 5051 1240 5107 de
1275 5049 1539 5121 Aphamia
1566 5045 1903 5104 descendunt
1931 5043 2145 5101 termini

552 5152 606 5207 in
637 5149 888 5215 Reblata,
918 5162 1039 5219 quae
1074 5160 1220 5200 nunc
1251 5142 1423 5215 Syriae
1466 5150 1694 5197 vocatur
1735 5134 2042 5193 Antiochia.
2076 5132 2145 5191 Et

553 5250 615 5297 ut
639 5241 782 5300 scias
807 5238 979 5295 Rebla
1020 5238 1167 5293 hanc
1199 5234 1503 5305 signiﬁcare
1531 5232 1743 5294 urbem,
1774 5243 1894 5299 qua:
1920 5242 2064 5282 nunc
2089 5224 2144 5282 in

554 5334 721 5406 Syria
744 5332 901 5389 Celes
921 5330 1256 5388 nobilissima
1279 5325 1645 5396 est,sequitur
1662 5339 1677 5377 :
1692 5316 1890 5379 Contra
1916 5318 2142 5386 fontem,

553 5430 639 5482 cui
675 5424 955 5497 proprium
981 5431 1063 5479 est
1093 5419 1387 5493 signiﬁcari
1409 5417 1724 5487 Daphnem;
1771 5413 1837 5469 de
1859 5428 1968 5485 quo
1994 5412 2145 5469 fonte

546 5512 862 5583 supradicta
929 5511 1062 5566 urbs
1136 5508 1292 5579 aquis
1377 5502 1859 5562 abundantissimis
1920 5501 2137 5559 fruitur.

552 5601 705 5669 Inde,
728 5601 924 5673 inquit,
952 5601 1268 5671 pervenient
1292 5595 1511 5655 termini
1538 5603 1729 5653 contra
1768 5593 2037 5651 orientem
2072 5592 2141 5651 ad

556 5708 713 5751 mare
752 5692 1115 5758 Genezareth,
1168 5691 1221 5747 id
1265 5698 1350 5746 est
1396 5688 1465 5745 ad
1506 5695 1757 5759 stagnum
1815 5683 2141 5742 Tiberiadis.

550 5787 705 5845 Mare
726 5796 907 5847 autem
932 5788 1152 5854 dicitur,
1187 5800 1309 5843 eum
1334 5784 1534 5841 habeat
1560 5782 1745 5839 dulces
1780 5796 1968 5852 aquas,
1987 5780 2141 5852 juxta

2167 4634 2222 4702 D

2243 2031 2363 2082 sua,
2401 2015 2496 2070 sed
2517 2023 2649 2085 puto
2672 2029 2777 2071 non
2800 2012 2947 2068 aliud
2970 2008 3059 2068 hic
3102 2010 3241 2068 velle
3279 2008 3507 2084 intelligi
3545 2009 3655 2067 nisi
3703 2004 3848 2081 quod

2239 2104 2468 2178 expletis
2496 2104 2687 2160 diebus
2732 2110 2941 2175 septem
2988 2100 3351 2157 dedicationis
3401 2098 3609 2170 templi,
3648 2099 3849 2155 subseo

2242 2196 2353 2253 cuti
2381 2202 2510 2250 sunt
2532 2192 2650 2249 dies
2673 2192 3032 2266 scenopegize,
3065 2207 3185 2263 quae
3211 2204 3242 2246 a
3269 2190 3483 2247 decimo
3519 2191 3723 2260 quinto
3764 2189 3849 2245 die

2240 2288 2448 2355 r‘nensis
2477 2287 2697 2359 septimi
2728 2285 3026 2342 secundum
3052 2284 3227 2356 legem
3258 2282 3689 2349 inchoabantur,
3714 2281 3845 2337 etin

2240 2378 2329 2437 die
2364 2378 2631 2452 vigesimo
2653 2376 2894 2434 secundo
2916 2372 3265 2432 finiebantur.
3297 2373 3557 2447 Utrisque
3590 2389 3735 2447 ergo
3770 2372 3848 2429 feb

2240 2470 2573 2529 stivitatibus
2601 2468 2707 2526 rite
2730 2468 2985 2540 peractis,
3031 2475 3089 2525 et
3138 2468 3592 2540 scenopegiarum
3641 2474 3847 2523 octava

2239 2562 2327 2625 die
2353 2563 2526 2629 ﬁnita,
2550 2560 2757 2618 dimisit
2781 2575 2878 2615 rex
2899 2558 3155 2616 Salomon
3176 2559 3404 2631 populos
3424 2556 3497 2614 ad
3539 2573 3639 2614 sua
3655 2599 3672 2625 ,
3708 2576 3732 2611 ι
3762 2559 3850 2615 lte-

2239 2664 2420 2712 tautes
2459 2661 2625 2725 atque
2663 2652 2961 2724 gaudentes
2995 2665 3156 2722 super
3194 2651 3338 2706 bona
3364 2665 3486 2723 quae
3508 2647 3722 2707 fecerat
3748 2648 3850 2707 Do-

2238 2749 2420 2809 minus
2468 2742 2641 2803 David
2686 2754 2741 2801 et
2791 2742 3070 2800 Salomoni
3104 2750 3160 2800 et
3209 2738 3373 2799 Israel
3418 2741 3620 2815 popqu
3662 2758 3792 2799 suo.
3824 2763 3843 2796 ι

2237 2838 2337 2899 Cui
2361 2840 2543 2896 sensui
2571 2839 2785 2895 videtur
2808 2836 3078 2915 Iosephus
3126 2832 3413 2908 suffragari
3463 2837 3537 2893 ita
3595 2836 3846 2894 dicens:

2240 2935 2457 2992 Dimisit
2482 2944 2613 3006 ergo
2646 2926 2905 2989 Salomon
2929 2928 3255 2999 Ecclesiam,
3290 2946 3415 2987 cum
3446 2928 3730 2987 sacriﬁcia
3756 2946 3846 2987 ce-

2238 3026 2504 3083 lebrasset
2535 3040 2635 3098 pro
2657 3039 2716 3081 se
2741 3033 2798 3080 et
2821 3036 2921 3096 pro
2944 3022 3216 3080 universis
3236 3021 3504 3091 Hebraeis,
3550 3022 3605 3078 id
3634 3031 3729 3079 est
3778 3021 3843 3078 ri-

2240 3119 2384 3176 tulos
2412 3119 2630 3190 quidem
2654 3117 2845 3189 viginti
2874 3112 3032 3184 duos,
3059 3131 3190 3173 oves
3227 3123 3410 3173 autem
3462 3112 3658 3188 viginti
3717 3130 3842 3172 cen-

2241 3219 2379 3269 tum.
2418 3210 2570 3266 Tune
2599 3210 2744 3267 enim
2769 3209 2922 3281 prius
2943 3208 3001 3264 in
3022 3204 3223 3281 templo
3250 3202 3521 3267 sacriﬁcia
3566 3206 3844 3266 celebrata

2242 3312 2387 3373 sunt,
2418 3310 2474 3359 et
2499 3303 2555 3358 iu
2583 3317 2649 3359 eo
2678 3301 2881 3373 epulati
2910 3310 3040 3359 sunt
3062 3316 3253 3357 omnes
3274 3290 3497 3357 Hebraei
3513 3316 3640 3356 cum
3661 3298 3842 3355 uxori-

2244 3398 2346 3453 bus
2379 3396 2491 3451 suis
2523 3403 2581 3450 et
2606 3394 2751 3450 ﬁliis.
2781 3394 3008 3466 Insuper
3045 3393 3211 3451 etiam
3237 3401 3292 3450 et
3316 3388 3672 3449 festivitatem
3725 3406 3843 3464 qua

2242 3474 2470 3569 vocatur
2490 3486 2838 3557 scenopegia,
2892 3482 3097 3542 faciens
3119 3492 3249 3543 ante
3276 3481 3540 3557 templum
3570 3480 3731 3540 clare
3766 3483 3840 3539 ni-

2242 3579 2348 3635 mis
2371 3586 2426 3633 et
2447 3578 2732 3650 magnifice
2754 3577 2948 3634 diebus
2972 3576 3406 3647 quatuordecim,
3458 3583 3516 3632 et
3557 3591 3658 3631 rex
3719 3588 3840 3632 cum

2243 3658 2393 3743 omni
2419 3668 2618 3741 populo
2645 3684 2745 3725 suo
2772 3669 2982 3740 pariter
3009 3667 3262 3741 epulatus
3287 3676 3390 3723 est.
3432 3664 3684 3740 Cumque
3726 3668 3840 3723 hac

2241 3760 2474 3817 fuissent
2497 3759 2824 3819 sufﬁcienter
2856 3761 3123 3828 exhibita,
3155 3756 3398 3831 nihilque
3424 3752 3647 3816 deesset
3694 3759 3841 3815 circa

2241 3854 2460 3925 pietatis
2493 3854 2691 3911 divina:
2730 3854 3023 3921 culturam,
3060 3850 3269 3910 dimissi
3294 3864 3474 3926 arege
3532 3851 3733 3925 singuli
3781 3848 3841 3910 ad

2242 3946 2464 4019 propria
2514 3955 2848 4013 remearunt,
2899 3953 3123 4018 agentes
3174 3945 3382 4019 gratias
3422 3946 3557 4018 regi,
3622 3955 3839 4015 propter

2242 4023 2637 4110 providentiam
2668 4051 2831 4108 quam
2856 4037 3137 4096 habuisset
3170 4048 3226 4095 et
3256 4052 3423 4109 opera
3450 4052 3572 4108 qua:
3596 4036 3844 4105 fecisset,

2244 4114 2300 4187 et
2325 4138 2544 4186 orantes
2587 4129 2779 4197 Deum,
2821 4138 2879 4185 ut
2913 4129 2993 4186 eis
3052 4144 3235 4202 regem
3270 4124 3546 4200 praeberet
3599 4126 3843 4201 longaevo

2246 4234 2489 4294 tempore
2521 4222 2887 4279 Salomonem.
2911 4220 3159 4294 Agebant
3181 4237 3306 4277 cum
3334 4222 3532 4294 gaudio
3563 4230 3842 4279 reverten-

2246 4296 2329 4385 ies
2358 4315 2687 4381 sublimiter,
2714 4324 2913 4370 etcum
2956 4298 3337 4371 delectatione'
3368 4314 3601 4387 hymnos
3642 4311 3841 4369 decan-

2246 4414 2451 4471 tantes,
2482 4406 2557 4460 ita
2589 4413 2649 4460 ut
2674 4405 2729 4461 in
2752 4419 2814 4461 ea
2834 4402 3177 4474 iucunditate
3206 4402 3323 4458 sine
3370 4398 3559 4458 labore
3606 4402 3679 4458 ad
3719 4417 3843 4475 pro-

2245 4493 2365 4571 pria
2394 4502 2723 4559 remearent.
2780 4490 3007 4565 Mystice
3036 4502 3218 4547 autem
3246 4491 3354 4549 hoc
3401 4488 3548 4561 quod
3584 4488 3841 4548 Salomon

2251 4582 2518 4656 completo
2552 4600 2716 4657 opere
2738 4582 2921 4655 templi
2962 4580 3317 4640 festivitatem
3372 4581 3643 4639 celebrem
3688 4580 3836 4651 fecit,

2244 4676 2390 4753 sicut
2426 4672 2749 4749 quibusdam
2794 4672 3033 4741 videtur,
3081 4684 3136 4730 et
3180 4674 3359 4732 omnis
3404 4672 3571 4730 Israel
3605 4690 3735 4730 cum
3780 4680 3843 4730 eo

2243 4767 2535 4826 multitudo
2562 4783 2757 4839 magna
2789 4766 2857 4821 ab
2883 4766 3111 4822 introitu
3141 4762 3335 4820 Emath
3362 4778 3534 4834 usque
3558 4763 3631 4819 ad
3658 4764 3833 4819 rivum

2243 4846 2465 4934 Egypti
2499 4854 2682 4916 coram
2714 4854 2946 4915 Domino
2966 4856 3100 4924 Deo,
3126 4852 3394 4930 significat
3416 4852 3695 4910 internum
3721 4869 3842 4926 gau-

2246 4954 2395 5010 dium
2429 4959 2770 5019 sanctorum,
2817 4950 2960 5022 quod
3012 4964 3134 5006 cum
3169 4962 3297 5021 rege
3319 4962 3418 5004 suo
3454 4943 3677 5004 Christo
3714 4950 3841 5000 vero

2245 5038 2501 5098 videlicet
2530 5040 2781 5113 paciﬁca,
2812 5040 3201 5113 perpetualiter
3233 5038 3469 5103 habent;
3522 5050 3740 5094 necnon
3789 5042 3841 5090 et

2249 5136 2370 5193 loca
2402 5136 2520 5207 ipsa
2549 5136 2747 5206 quibus
2774 5132 2990 5191 termini
3021 5143 3181 5189 terrae
3206 5130 3373 5189 Israel
3405 5128 3667 5202 descripti
3694 5134 3839 5194 sunt,

2248 5220 2445 5283 Emath
2470 5225 2718 5283 videlicet
2742 5236 2800 5283 et
2834 5224 2986 5283 rivus
3011 5223 3253 5298 Egypti,
3285 5221 3413 5279 huic
3454 5217 3839 5293 signiﬁcationi

2244 5336 2355 5378 non
2377 5298 2779 5387 contradicunt,
2808 5316 3005 5377 Emath
3029 5320 3175 5375 enim
3210 5318 3602 5389 interpretatur
3626 5308 3839 5370 Domini

2247 5415 2475 5481 veritas;
2512 5422 2571 5470 et
2596 5426 2692 5484 per
2721 5412 2897 5471 rivum
2924 5413 3040 5471 sive
3066 5418 3362 5470 torrentem
3406 5404 3631 5483 Αἴθῃ)ῑὶ
3680 5422 3838 5481 quem

2248 5505 2443 5563 melius
2470 5504 2771 5577 intelligere
2792 5520 3101 5577 possumus,
3142 5518 3307 5577 quam
3355 5510 3588 5561 mortem
3632 5507 3839 5570 tempo—

2248 5600 2455 5657 ralem?
2483 5599 2613 5670 quia
2657 5599 2801 5655 hanc
2850 5596 2905 5653 ln
2946 5592 3203 5671 Egypto,
3249 5594 3305 5652 id
3355 5596 3443 5651 est
3495 5593 3552 5649 in
3601 5588 3839 5647 tenebris

2250 5689 2408 5747 istius
2436 5688 2623 5744 mundi
2653 5687 2977 5754 consistens,
3015 5686 3194 5744 nullus
3220 5684 3454 5742 evadere
3486 5690 3688 5756 potest,
3702 5678 3835 5735 Pro-

2190 5811 2201 5827 -
2240 5780 2412 5854 pheta
2448 5790 2765 5847 attestante,
2792 5780 2885 5850 qui
2911 5781 3024 5835 ait:
3053 5800 3071 5833 ι
3104 5777 3239 5848 Quis
3266 5784 3352 5836 est
3377 5780 3542 5834 homo
3569 5774 3659 5845 qui
3682 5770 3833 5837 vivit,

545 5858 814 5943 .idiomata
860 5881 1285 5949 Seripturarum,
1332 5894 1454 5949 quae
1493 5877 1942 5950 congregationes
1980 5891 2146 5949 aqua-
2185 5885 2223 5950 ,'
2250 5885 2307 5934 et
2332 5890 2442 5933 non
2465 5871 2684 5930 videbit'
2700 5886 2932 5931 mortem
2972 5870 3146 5943 (Ρεαι.
3170 5868 3472 5937 Lxxxvm)?
3499 5889 3519 5923 ι
3574 5866 3728 5926 Unde
3769 5861 3836 5921 de
