4044 6336
281 383 388 446 ισι

1183 381 1442 438 ENARR.
1481 379 1548 438 ΙΝ
1587 377 1836 436 LIBROS
1881 377 2142 436 REGUM.
2183 409 2256 424 —
2293 379 2362 438 IN
2395 377 2532 438 LIB.
2567 379 2658 434 ΙΙΙ.

3462 367 3578 440 tes

277 501 404 574 ipso
431 497 728 554 Mediatore
772 495 866 552 Dei
891 503 946 550 et
973 495 1276 562 hominum,
1303 497 1354 551 in
1383 495 1590 570 psalmo
1615 495 1876 570 scriptum
1905 497 1957 560 Α
1981 509 2088 550 non
2139 487 2480 560 invenimus,
2523 491 2626 550 nisi
2667 493 2806 548 forte
2839 505 2938 564 per
2973 483 3202 550 ironiam
3245 495 3446 550 dictum
3479 469 3576 554 dsit

279 601 370 650 est
399 609 414 646 :
449 611 468 642 ι
505 589 582 646 De
613 597 854 644 torrente
901 589 953 644 in
988 587 1076 644 via
1127 589 1300 654 bibet,
1353 595 1642 660 propterea
1677 587 1878 642 exalta-

279 683 364 740 bit
394 689 558 752 caput
598 677 920 752 (Pichon).
959 699 976 730 ι
1021 677 1258 734 Torrens
1303 679 1404 734 fuit
1450 677 1754 734 turbulenta
1784 675 1880 734 Ju-

281 769 526 831 dmorum
551 771 882 842 persecutio,
907 773 974 828 de
999 787 1104 842 qua
1155 773 1414 828 Dominus
1443 771 1694 828 Christus
1744 771 1882 828 bibit

281 865 483 930 in'via,
513 865 568 920 id
599 873 682 920 est
707 865 758 919 iu
791 863 894 920 hac
921 865 1046 930 vita,
1083 865 1208 920 dum
1231 879 1461 936 corpore
1487 865 1724 936 pertulit.
1773 861 1880 920 Sed

279 959 414 1014 dum
465 959 520 1014 in
561 961 648 1013 via
695 957 915 1026 dicitur,
983 959 1138 1016 labor
1177 961 1406 1016 interius
1451 961 1773 1026 ostenditur,
1827 965 1882 1016 et

281 1049 662 1106 velocissimus
691 1049 950 1104 transitus
979 1049 1250 1106 indicatur
1289 1066 1386 1120 per
1413 1067 1576 1122 quam
1627 1051 1882 1108 itineran-

277 1149 370 1197 tes
401 1141 522 1220 vehi
551 1141 727 1196 solent
753 1141 822 1196 ad
845 1141 1009 1196 aliam
1053 1143 1390 1198 mansionem
1419 1157 1436 1198 :
1469 1143 1688 1199 Christo
1738 1143 1881 1198 enim

277 1239 510 1302 propter
535 1229 782 1302 gloriosa:
813 1231 1065 1286 meritum
1095 1233 1394 1302 passionis,
1424 1251 1442 1284 ι
1473 1235 1654 1290 datum
1677 1243 1762 1291 est
1785 1251 1884 1290 no-

277 1333 432 1386 men,
463 1323 604 1392 quod
635 1331 720 1378 est
771 1337 934 1392 super
971 1337 1134 1378 omne
1185 1339 1404 1390 nomen,
1459 1335 1518 1380 ut
1565 1325 1620 1380 in
1665 1329 1882 1384 nomine

279 1407 404 1482 ejus
431 1427 594 1468 omne
621 1427 758 1484 genu
787 1413 1054 1478 ﬂectatur,
1086 1415 1408 1480 cmlestium,
1439 1417 1798 1482 terrestrium,
1829 1423 1884 1471 et

279 1501 628 1558 infer-uorum
659 1501 825 1576 (Plu't.
852 1509 936 1576 ιι).
971 1525 992 1560 ›
1023 1557 1026 1560 .
1057 1505 1244 1562 Omnis
1303 1521 1433 1578 ergo
1479 1508 1644 1564 Israel
1689 1526 1720 1564 a
1767 1511 1884 1566 rivo

279 1595 508 1668 Egypti
533 1611 703 1666 usque
735 1597 1174 1663 Ematli,'festum
1197 1599 1412 1656 celebre
1439 1617 1561 1655 cum
1593 1601 1884 1658 Salomone

273 1685 516 1752 Iaciunt,
571 1673 786 1758 quando
835 1689 1008 1744 sancti
1055 1699 1176 1758 post
1223 1691 1384 1746 ﬁnem
1431 1695 1711 1762 priesentis
1761 1695 1884 1752 vitm

275 1778 560 1832 veraciter
581 1767 808 1835 aeternis
835 1779 1050 1851 gaudiis
1078 1795 1200 1834 cum
1223 1781 1454 1837 Domino
1493 1783 1712 1841 Christo
1761 1801 1884 1858 pcr-

1981 585 2136 657 quasi
2167 601 2408 658 germen,
2461 601 2584 642 cum
2619 585 3010 656 plenitudinem
3038 585 3310 642 fructuum
3343 603 3452 644 non
3481 588 3570 650 alia

1981 681 2164 737 terret.

2061 793 2078 825 ι
2107 771 2422 830 ΑΞάίῐὶοεινὶι
2445 787 2574 844 ergo
2599 771 2856 828 Salomon
2883 771 3062 828 Gazer
3087 781 3142 828 et
3169 772 3442 830 Bethoron
3479 789 3570 830 me

1985 883 2012 918 '¢
2055 863 2336 932 feriorem,
2377 875 2436 922 et
2461 865 2708 932 Baalath,
2740 873 2796 920 et
2825 865 3116 920 Palmiram
3153 867 3208 922 in
3251 877 3396 922 terra
3435 867 3570 925 soli-

1987 977 2012 1010 ι
2059 959 2276 1014 tudinis.
2331 957 2396 1012 Et
2435 951 2626 1014 omnes
2663 959 2836 1026 vicos,
2875 959 2964 1028 qui
3005 961 3072 1014 ad
3109 975 3166 1016 se
3199 961 3572 1032 pertinebant,

1981 1061 2008 1103 ἰ
2053 1059 2108 1106 et
2137 1051 2230 1122 qui
2260 1058 2418 1105 erant
2449 1051 2652 1120 absque
2697 1067 2854 1108 muro
2885 1053 3135 1118 munivit,
3177 1073 3194 1106 ι
3231 1061 3340 1109 etc.
3395 1053 3570 1112 Urbes

1981 1141 2114 1197 vero
2143 1157 2280 1212 quas
2307 1139 2608 1196 aediﬁcasse
2639 1141 2896 1198 Salomon
2921 1141 3137 1208 dicitur,
3169 1144 3274 1198 hoc
3291 1153 3376 1200 est
3393 1143 3568 1212 Melle,

1985 1243 2040 1288 et
2093 1247 2310 1288 murum
2349 1231 2678 1298 Jerusalem,
2723 1231 2896 1288 Heser
2947 1233 3224 1306 Mageddo,
3261 1243 3318 1290 et
3371 1235 3570 1304 Gazer,

1983 1323 2276 1390 Bethoron,
2303 1324 2546 1388 Baalatb,
2571 1333 2626 1378 et
2643 1325 2954 1392 Palmiram,
2981 1335 3182 1383 sanan
3199 1329 3456 1384 Ecclesia:
3481 1331 3574 1386 de-

1985 1431 2168 1470 corem
2203 1415 2510 1486 signiﬁcant
2539 1433 2552 1469 :
2583 1431 2746 1486 quant
2771 1431 2938 1473 verus
2961 1417 3214 1474 Salomon
3245 1421 3300 1476 in
3323 1421 3572 1490 jucundi-

1983 1521 2096 1568 tate
2139 1512 2288 1583 regni
2329 1511 2410 1566 sui
2457 1509 2524 1568 ad
2563 1511 2774 1568 laudem
2811 1519 2868 1566 et
2903 1513 3288 1584 sempiternam
3327 1515 3570 1572 laetitiam

1983 1603 2086 1662 sibi
2139 1589 2483 1674 prmparavit.
2529 1605 2922 1676 [interpretetur
2973 1615 3153 1660 autem
3203 1609 3358 1664 Mello
3401 1610 3572 1664 adim-

1984 1695 2140 1766 pletio
2163 1713 2181 1750 :
2203 1695 2400 1762 Hezer,
2443 1707 2740 1766 separatus,
2773 1695 2858 1752 vel
2883 1697 3258 1766 sanctiﬁcatus.
3287 1699 3570 1770 Mageddo,

1985 1787 2310 1842 coartat-ritum
2335 1786 2480 1856 ejus:
2505 1786 2700 1852 Gazer,
2729 1787 2998 1857 prtescisio
3011 1787 3096 1842 vel
3121 1789 3304 1844 divisio
3329 1805 3348 1844 :
3371 1789 3572 1846 Βριὴο-

271 1869 556 1926 fruuntur.
585 1871 740 1941 Quod
769 1881 954 1930 autem
985 1881 1192 1944 septem
1227 1873 1415 1931 diebus
1443 1885 1500 1931 et
1523 1885 1729 1948 septem
1759 1879 1876 1934 die-
1907 1869 1957 1934 Β
1985 1893 2104 1942 ron,
2135 1879 2322 1932 domus
2351 1877 2630 1942 montium,
2681 1883 2735 1932 et
2777 1877 3024 1944 Baalath,
3071 1881 3356 1934 ascendens
3399 1881 3572 1936 inter-

271 1964 388 2018 ‘bus
409 1965 654 2018 eamdem
687 1965 1036 2020 festivitatem
1059 1963 1427 2032 celebrabant,
1461 1967 1761 2040 signiﬁcari
1784 1985 1881 2040 po-

275 2059 396 2108 test
441 2056 586 2124 quod
633 2055 790 2110 electi
845 2069 944 2126 per
1003 2053 1374 2126 septiformem
1429 2057 1664 2130 Spiritus
1709 2063 1884 2116 sancti

281 2149 520 2220 gratiam
541 2149 848 2216 illuminati,
883 2151 1044 2206 modo
1065 2151 1118 2205 in
1155 2151 1258 2207 hac
1283 2151 1394 2207 vita
1431 2153 1576 2224 (qua:
1625 2163 1878 2226 septena-

279 2237 370 2298 rio
395 2261 622 2301 numero
668 2247 878 2302 dierum
925 2247 1200 2320 discurrit)
1261 2251 1496 2320 gaudent
1551 2249 1606 2305 in
1659 2267 1772 2322 spe,
1829 2261 1888 2308 et

265 2345 418 2392 'tunc
437 2337 490 2392 in
513 2339 740 2396 sabbato
777 2355 930 2406 vero,
985 2341 1090 2396 hoc
1135 2347 1218 2396 est
1253 2341 1308 2395 in
1357 2341 1538 2398 futura
1583 2345 1884 2402 animarum

281 2429 496 2498 requie,
551 2429 856 2501 gaudebunt
909 2431 964 2485 in
995 2431 1164 2502 ipsius
1219 2433 1465 2490 veritatis
1511 2437 1882 2507 perceptione.

281 2519 442 2588 Quod
471 2531 652 2577 autem
691 2523 960 2594 sequitur,
992 2525 1048 2578 in
1074 2525 1162 2580 die
1197 2535 1394 2580 octavo
1427 2525 1774 2584 Salomoncm
1802 2529 1886 2584 di-

281 2613 500 2668 misisse
521 2615 772 2684 populum
799 2615 890 2685 qui
917 2615 1302 2672 benedicentes
1341 2619 1476 2688 regi,
1501 2619 1728 2688 profecti
1757 2629 1886 2676 sunt

265 2707 486 2778 'singuli
513 2709 569 2762 in
599 2707 946 2766 tabernacula
979 2725 1095 2774 sua,
1135 2709 1382 2766 laetantes
1408 2711 1572 2768 alacri
1603 2715 1766 2770 corde
1794 2731 1884 2770 su-

277 2811 384 2867 per
401 2799 654 2854 omnibus
675 2801 832 2854 bonis
865 2817 984 2872 quae
1007 2799 1218 2858 fecerat
1249 2801 1514 2859 Dominus
1533 2805 1700 2860 David
1723 2821 1882 2863 servo

279 2901 404 2956 suo,
433 2897 486 2944 et
507 2889 672 2946 Israel
711 2891 910 2962 populo
953 2907 1072 2958 suo,
1137 2893 1448 2966 signiﬁcare
1495 2907 1678 2968 potest
1721 2899 1880 2955 ﬁnem

281 2979 444 3034 istius
463 2981 608 3048 vitm,
633 2983 726 3052 qui
749 2983 854 3038 erit
877 2995 998 3054 post
1021 2985 1414 3042 sabbatismum
1435 2989 1740 3045 animarum
1765 3007 1884 3046 san-

265 3079 520 3146 fetarum,
547 3087 658 3142 quo
677 3088 820 3128 nunc
869 3075 1158 3145 quiescunt
1203 3085 1329 3132 ante
1379 3077 1522 3134 diem
1565 3079 1776 3150 indicii.
1824 3083 1882 3138 ln

279 3175 476 3224 octava
505 3179 686 3238 aetate,
716 3171 818 3226 hoc
843 3181 927 3228 est
971 3175 1024 3228 in
1063 3175 1150 3230 die
1191 3177 1610 3234 resurrectionis
1663 3187 1880 3234 sanctos

1985 1979 2250 2042 pretatur.
2287 1969 2488 2026 Sancta
2519 1985 2650 2042 ergo
2683 1969 2944 2037 Ecclesia,
2979 1972 3094 2042 ipsa
3121 1973 3314 2028 civitas
3341 1976 3434 2030 Dei
3461 1975 3574 2032 vivi

1987 2071 2090 2128 est,
2121 2058 2210 2118 ub'i
2243 2063 2498 2134 impletur
2543 2063 2786 2133 quotidie
2827 2063 2920 2118 Dei
2953 2063 3220 2120 voluntas.
3257 2065 3386 2120 Haec
3415 2081 3574 2138 supe-

1985 2167 2107 2210 rato
2135 2156 2282 2210 omni
2335 2169 2524 2210 errore
2555 2155 2848 2210 inﬁdelium
2897 2159 3235 2212 sanctiﬁcata
3261 2169 3346 2214 est
3373 2163 3430 2214 in
3469 2159 3576 2218 ﬁde

1973 2255 2043 2300 "et
2067 2245 2222 2300 bonis
2263 2247 2540 2316 operibus.
2559 2247 2634 2302 lbi
2665 2245 2890 2302 refectio
2909 2249 3168 2304 virtutum
3197 2259 3300 2316 est,
3345 2253 3460 2308 haec.
3485 2253 3574 2308 di-

1987 2339 2191 2394 scernit
2241 2329 2500 2394 mundum
2547 2339 2616 2394 ab
2649 2339 2942 2404 immundo,
2987 2341 3220 2398 virtutes
3249 2357 3280 2396 a
3307 2343 3474 2400 vitiis.
3505 2345 3576 2400 Et

1987 2431 2178 2486 domus
2209 2437 2292 2485 est
2321 2431 2607 2496 montium,
2653 2431 2708 2486 id
2739 2441 2824 2488 est
2851 2433 3114 2488 habitatio
3143 2443 3476 2492 sanctorum.
3507 2437 3576 2492 Et

1985 2521 2434 2592 t'ructusjustitite
2457 2523 2598 2580 sicut
2623 2523 2802 2593 palma
2823 2523 3045 2592 ﬂorens,
3071 2543 3090 2576 ι
3113 2527 3364 2582 ascendit
3381 2527 3447 2582 de
3469 2530 3573 2582 eir-

1987 2623 2096 2670 tute
2159 2615 2214 2668 in
2259 2615 2526 2678 virtutem,
2577 2623 2637 2670 ut
2683 2615 2868 2670 videat
2907 2615 3050 2672 Deus
3097 2617 3314 2670 deorum
3349 2619 3406 2671 in
3441 2617 3576 2674 Sion

1988 2707 2164 2780 (Prol.
2185 2707 2438 2776 Lxxxtn).
2465 2727 2484 2760 ι
2507 2729 2526 2760 ‹
2547 2709 2748 2764 Omnes
2775 2709 2924 2764 vicos
2943 2709 3034 2776 qui
3059 2709 3124 2762 ad
3151 2725 3209 2764 se
3229 2709 3576 2779 pertinebant

1987 2807 2042 2854 et
2079 2799 2170 2870 qui
2203 2807 2356 2854 erant
2383 2800 2588 2868 absque
2621 2815 2778 2852 tnuro
2813 2799 3044 2854 munivit
3069 2797 3342 2868 Salomon,
3383 2821 3404 2854 ι
3445 2803 3574 2871 quia

1987 2887 2236 2944 Christus
2273 2899 2448 2944 curtus
2479 2889 2714 2944 ﬁdelium
2763 2903 2982 2944 suorum
3029 2891 3218 2962 gratiae
3249 2905 3362 2948 suat
3391 2899 3574 2962 prote-

1987 2981 2167 3036 ctione
2205 2981 2278 3035 ita
2305 2981 2551 3045 munivit,
2585 2989 2644 3036 ut
2668 2981 2912 3037 hostibus
2929 2981 3262 3052 Spiritalibus
3289 2983 3576 3056 insupera-

1985 3071 2120 3126 hilcs
2151 3087 2364 3142 semper
2397 3073 2712 3126 existerent.

2063 3189 2084 3222 ‹
2129 3171 2452 3228 Universum
2495 3171 2752 3242 populum
2779 3171 2870 3242 qui
2921 3181 3258 3229 remanserat
3287 3173 3354 3230 de
3379 3175 3574 3231 Amor-

279 3271 598 3332 recepturos
643 3279 872 3335 corpora
903 3267 1252 3332 immortalia,
1309 3277 1364 3324 et
1403 3270 1458 3324 in
1505 3271 1876 3327 mansionibus

1990 3283 2008 3316 ι
2057 3265 2240 3330 τιιειείδ,
2267 3275 2324 3320 et
2351 3265 2416 3320 de
2445 3263 2702 3332 Hethaais,
2734 3273 2788 3320 et
2817 3263 3136 3332 Pheresaeis,
3173 3275 3226 3320 ct
3257 3265 3488 3334 Hevzeis,
3517 3275 3574 3324 et

279 3355 596 3412 ccclesiibus
622 3375 864 3430 quosque
894 3361 1188 3415 secundum
1227 3361 1544 3417 meritorum
1591 3361 1876 3432 qualitates

277 3447 646 3516 collocandos,
677 3451 768 3506 ubi
793 3465 1008 3522 semper
1037 3453 1204 3510 alacri
1227 3455 1389 3510 corde
1413 3455 1688 3522 laetentur,
1737 3473 1876 3528 gau-

279 3537 476 3593 dentes
501 3547 556 3594 et
581 3539 860 3598 laudantes
881 3542 1050 3598 Deum
1079 3559 1240 3614 super
1267 3545 1519 3600 omnibus
1543 3545 1721 3612 bonis,
1753 3561 1876 3616 quae

279 3631 338 3686 in
365 3631 594 3688 Domino
617 3633 834 3690 Christo
855 3635 1018 3692 Pater
1055 3637 1400 3706 omnipotens
1453 3639 1686 3693 contulit
1727 3639 1874 3694 onmi

275 3723 482 3792 populo
503 3721 838 3782 Christiano.

887 3885 1118 3945 CAPUT
1176 3887 1268 3944 IX.

359 4015 378 4050 ε
401 3999 556 4055 Dedit
581 4015 678 4057 rex
707 4001 964 4058 Salomon
993 4001 1176 4058 Hiram
1207 4003 1394 4074 viginti
1427 4003 1622 4074 oppida
1643 4003 1696 4058 in
1727 4011 1872 4062 terra

285 4111 306 4144 ι
349 4085 603 4150 Galilaaae.
637 4095 1008 4168 Egressusque
1037 4105 1122 4152 est
1149 4095 1336 4150 Hiram
1371 4097 1435 4152 de
1461 4095 1608 4168 Tyro
1637 4105 1696 4151 ut
1728 4097 1872 4152 vide-

255 4193 306 4236 ἰ
353 4193 438 4239 ret
469 4185 664 4256 oppida
702 4201 822 4258 quae
853 4187 1080 4244 dederat
1117 4187 1166 4242 ei
1211 4185 1492 4254 Salomon,
1533 4197 1590 4242 et
1617 4203 1724 4260 non
1755 4189 1872 4258 pla-

281 4297 302 4330 ε
349 4287 580 4332 cuerunt
606 4279 748 4344 ei,et
771 4269 888 4334 ait:
913 4279 1162 4336 Hreccine
1187 4289 1316 4335 sunt
1339 4279 1586 4336 civitates
1611 4297 1746 4350 quas
1777 4283 1870 4337 ile-

281 4385 304 4420 ‹
349 4367 476 4422 disti
507 4369 884 4442 mihi,frater?
909 4371 978 4426 Et
998 4371 1290 4442 appellavit
1311 4387 1406 4427 eas
1437 4381 1636 4427 terram
1663 4371 1874 4428 Chabul

251 4469 304 4512 ·‹
349 4477 524 4532 usque
551 4463 612 4517 in
635 4465 776 4518 diem
811 4467 971 4521 hanc.
1011 4487 1028 4516 ι
1081 4465 1158 4522 De
1207 4467 1311 4522 hoc
1341 4467 1606 4538 Josephus
1653 4475 1866 4522 narrat:

247 4551 504 4606 ‘Multum
547 4569 736 4608 aurum
767 4563 822 4610 et
851 4565 1134 4626 argentum
1177 4557 1304 4629 Tyri
1345 4573 1438 4612 rex
1475 4559 1540 4612 ad
1583 4559 1868 4614 aedilicium

247 4643 526 4710 contulit,
565 4643 786 4716 insuper
839 4657 892 4704 et
943 4649 1086 4720 ligna
1135 4649 1380 4715 cedrina,
1431 4659 1486 4704 et
1527 4652 1866 4720 cypressina,

249 4749 442 4806 ‘quem
491 4737 750 4795 Salomon
803 4757 1020 4812 quoque
1073 4743 1286 4813 magnis
1332 4743 1868 4812 compensationibus

275 4829 580 4898 redonavit,
609 4833 938 4903 mittensque
964 4833 1012 4888 ei
1039 4849 1132 4904 per
1159 4851 1330 4890 annos
1351 4835 1589 4904 singulos
1603 4835 1867 4904 triticum,

275 4919 466 4976 vinum
507 4931 564 4978 et
601 4919 824 4992 oleum,
857 4925 1054 4996 quibus
1099 4927 1336 4982 maxime
1380 4929 1540 4983 rebus
1588 4927 1685 4998 (eo
1723 4927 1868 4998 quod

277 5011 554 5068 habitaret
583 5015 636 5069 in
673 5015 846 5070 insula
879 5017 1019 5071 sicut
1046 5017 1416 5088 priediximus)
1447 5017 1740 5090 indigebat.
1784 5019 1868 5073 Ad

277 5101 400 5158 haec
425 5113 604 5159 autem
631 5115 684 5162 et
711 5107 962 5164 civitates
991 5107 1224 5164 Galilzete
1255 5109 1512 5180 regionis,
1545 5109 1732 5182 viginti
1765 5127 1870 5164 nu-

277 5209 456 5259 mero,
483 5211 592 5252 non
621 5199 810 5269 procul
845 5215 876 5254 a
903 5199 1050 5272 Tyro
1095 5201 1301 5272 positas
1345 5203 1690 5257 condonavit.
1725 5201 1870 5270 Quas

279 5287 412 5342 dum
449 5289 732 5346 circuisset
769 5301 934 5362 atque
951 5293 1368 5358 considerasset,
1403 5293 1874 5364 displicuissetque

279 5377 330 5432 ei
357 5379 578 5446 donum,
599 5383 820 5438 mittens
849 5385 916 5440 ad
933 5383 1300 5450 Salomonem,
1318 5383 1452 5439 dixit
1479 5401 1538 5442 se
1561 5385 1872 5440 civitatibus

279 5483 390 5524 non
427 5485 610 5539 egere,
649 5483 704 5528 et
737 5489 804 5529 ex
843 5481 970 5530 tunc
999 5477 1082 5531 ha:
1111 5477 1390 5548 appellatae
1425 5489 1551 5532 sunt
1583 5485 1728 5532 terra
1761 5477 1872 5532 Ga-

279 5561 461 5618 balon.
499 5561 712 5620 Etenim
760 5565 1172 5638 interpretatum
1223 5569 1405 5642 lingua
1437 5569 1745 5636 Phoenicia,
1787 5569 1872 5624 di-

251 5679 254 5682 ·
277 5653 500 5726 spticere
527 5657 818 5728 signiﬁcat.
847 5659 954 5716 Sed
971 5661 1176 5718 Chabul
1199 5666 1349 5735 quasi
1375 5681 1586 5736 germen
1603 5667 1872 5738 interpre-

281 5757 446 5816 tatur,
479 5759 538 5804 ιιι
575 5751 626 5806 in
659 5753 796 5810 libro
825 5753 1172 5812 Hebrteorum
1217 5759 1496 5812 nominum
1539 5757 1866 5814 invenimus.

281 5843 566 5914 Quomodo
614 5855 794 5902 autem
841 5849 944 5904 hoc
997 5863 1190 5904 nomen
1239 5849 1514 5928 displicere
1577 5849 1862 5918 signiﬁcet,

1969 3357 2008 3410 ⁴‹
2053 3357 2351 3426 Jebusaeis,
2399 3357 2490 3428 qui
2533 3373 2640 3412 non
2689 3367 2816 3412 sunt
2859 3359 2924 3414 de
2971 3357 3094 3414 ﬁliis
3134 3359 3328 3426 Israel;
3377 3361 3572 3418 horum

1989 3469 2006 3502 ι
2055 3449 2192 3507 ﬁlios
2228 3451 2320 3520 qui
2351 3459 2728 3505 remanserant
2775 3449 2828 3504 in
2855 3457 3024 3516 terra,
3053 3466 3189 3520 quos
3217 3451 3430 3508 scilicet
3461 3467 3572 3510 non

1985 3563 2004 3594 ς
2049 3551 2301 3613 poterant
2347 3541 2442 3596 ﬁlii
2487 3541 2652 3596 Israel
2702 3543 3090 3610 exterminare,
3145 3541 3274 3598 fecit
3311 3543 3572 3601 Salomon

1987 3655 2004 3688 ε
2053 3635 2370 3690 tributarios
2419 3649 2592 3705 usque
2637 3635 2691 3690 in
2735 3635 2875 3690 diem
2927 3637 3084 3690 hanc.
3123 3635 3200 3690 De
3231 3635 3354 3690 ﬁliis
3385 3645 3570 3692 autem

1985 3747 2002 3778 ι
2047 3725 2212 3780 Israel
2253 3741 2360 3780 non
2391 3725 2676 3780 constituit
2701 3725 2956 3780 Salomon
2985 3725 3190 3780 servire
3217 3739 3570 3796 quemquam,

1984 3839 2002 3872 σ
2049 3819 2144 3876 sed
2175 3827 2332 3874 erant
2361 3819 2464 3874 viri
2493 3819 2784 3875 bellatores
2818 3826 2874 3874 et
2903 3817 3142 3874 ministri
3169 3815 3306 3886 ejus,
3339 3827 3394 3873 et
3421 3817 3571 3888 prin-

1983 3931 2002 3962 t
2048 3905 2197 3982 cipes
2227 3919 2282 3966 et
2311 3911 2476 3966 duces
2505 3921 2558 3966 et
2584 3911 2825 3982 praefecti
2862 3925 3140 3976 curruum,
3179 3931 3197 3963 ι
3247 3919 3302 3966 ct
3337 3911 3570 3982 reliqua.

1977 4003 2302 4059 Universum
2343 4003 2600 4072 populum
2642 4003 2736 4074 qui
2775 4019 2882 4059 non
2921 4003 3100 4060 fuerat
3129 4005 3196 4060 de
3221 4003 3348 4060 ﬁliis
3379 4003 3570 4073 lsraei,

1979 4093 2106 4150 fecit
2143 4095 2400 4166 paciﬁcus
2437 4105 2626 4150 noster
2669 4095 3008 4162 tributarios,
3041 4111 3166 4151 cum
3193 4111 3288 4152 eos
3325 4097 3416 4168 qui
3460 4107 3568 4153 non

1975 4195 2100 4243 sunt
2135 4188 2190 4240 in
2223 4187 2458 4242 ﬁliorum
2491 4201 2738 4253 numero,
2777 4187 2870 4242 sed
2917 4187 2970 4241 in
3014 4187 3196 4242 servili
3252 4189 3568 4244 conditione

1973 4267 2159 4350 ptfsiti,
2193 4277 2248 4332 in
2287 4285 2552 4348 potestate
2592 4293 2691 4340 sua
2741 4279 3002 4344 continet,
3043 4289 3099 4334 et
3143 4279 3370 4351 singulis
3399 4281 3568 4336 utitur

1975 4373 2042 4426 ad
2079 4371 2356 4442 proprium
2385 4369 2688 4426 servitium.
2739 4369 2866 4425 Sive
2893 4369 3037 4426 enim
3067 4369 3260 4436 Judaei,
3295 4371 3410 4426 sive
3439 4379 3567 4442 gen-

1977 4463 2128 4528 tiles,
2161 4461 2274 4516 sivc
2301 4461 2562 4527 lueretici,
2599 4461 2652 4514 in
2685 4459 2803 4528 ejus
2833 4459 3204 4516 dominatione
3235 4461 3562 4527 consistunt,

1977 4555 2102 4624 quia
2144 4555 2262 4624 ipse
2297 4555 2676 4608 universorum
2715 4553 3026 4608 dominator
3061 4563 3168 4618 est,
3199 4561 3252 4609 et
3291 4555 3370 4608 eis
3398 4555 3568 4608 utitur

1976 4645 2044 4698 ad
2085 4659 2242 4700 suam
2279 4643 2590 4706 utilitatem,
2643 4645 2696 4698 in
2731 4641 2886 4712 cujus
2931 4645 3262 4700 voluntatem
3313 4647 3566 4700 universa

1975 4743 2100 4791 sunt
2125 4735 2322 4804 posita,
2353 4745 2406 4789 et
2435 4751 2544 4789 non
2571 4743 2656 4790 est
2681 4737 2772 4806 qui
2803 4737 2976 4805 possit
3005 4737 3262 4792 resistere
3301 4726 3594 4792 voluntati:

1973 4829 2111 4900 ejus.
2147 4825 2304 4882 Tales
2345 4827 2474 4880 licet
2521 4827 2574 4880 in
2605 4827 2788 4881 multis
2819 4827 3200 4894 at'lvcrsentur,
3245 4837 3424 4882 tamen
3457 4829 3566 4882 fre-

1973 4931 2202 4992 quenter
2235 4919 2426 4976 usibus
2467 4921 2708 4976 serviunt
2741 4921 3016 5000 Ecclesiae,
3063 4939 3186 4978 cum
3225 4923 3278 4977 in
3310 4921 3564 4991 pnes-cuti

1973 5024 2218 5086 tempore
2249 5013 2554 5068 necessaria
2585 5013 2850 5080 tribuunt,
2884 5013 3022 5068 etde
3045 5015 3202 5067 rebus
3229 5013 3341 5066 suis
3371 5011 3564 5067 solatia

1973 5107 2236 5175 praebent.
2269 5103 2348 5160 De
2377 5103 2502 5158 ﬁliis
2531 5111 2708 5158 autem
2740 5101 2926 5170 lsrael,
2961 5105 3062 5158 hoc
3089 5113 3169 5158 est
3197 5105 3290 5171 qui
3329 5119 3434 5156 non
3467 5119 3564 5158 anv

1973 5199 2108 5256 cillze
2139 5197 2234 5251 ﬁlii
2265 5205 2410 5262 sunt,
2445 5197 2540 5252 sed
2571 5197 2776 5264 liberae,
2807 5213 2944 5268 quos
2979 5197 3090 5268 ipse
3119 5195 3288 5250 Filius
3315 5195 3408 5250 Dei
3439 5211 3564 5250 san-

1975 5293 2136 5366 guine
2181 5305 2282 5346 suo
2315 5289 2586 5356 liberavit,
2619 5307 2726 5346 non
2761 5289 3043 5346 constituit
3072 5287 3328 5342 Salomon
3373 5297 3564 5344 noster

1975 5383 2182 5440 servire
2225 5383 2534 5454 quempiam
2563 5400 2576 5436 :
2602 5383 2726 5454 quia
2757 5383 3028 5436 neminem
3053 5381 3196 5450 cogit
3233 5379 3340 5434 ritu
3373 5381 3562 5452 gentili

1975 5477 2180 5540 vivere,
2205 5476 2474 5532 neminem
2505 5475 2860 5532 cieretnonias
2889 5471 3087 5528 veteris
3127 5473 3260 5544 legis
3301 5475 3562 5544 tempori-

1975 5571 2079 5628 bus
2107 5567 2240 5624 Novi
2271 5569 2607 5625 Testamenti
2659 5581 2908 5632 servare;
2967 5565 3060 5620 scd
3090 5566 3238 5620 viros
3275 5565 3564 5622 bellatores

1975 5677 2116 5727 esse,
2153 5661 2246 5730 qui
2289 5670 2478 5716 contra
2517 5657 2788 5730 spiritales
2831 5655 3100 5724 nequitias
3139 5665 3294 5712 scuto
3329 5655 3474 5720 ﬁdei,
3508 5669 3564 5710 et

1975 5755 2154 5828 gladio
2193 5755 2414 5825 spiritus
2445 5751 2722 5818 dimicent,
2749 5759 2804 5806 et
2835 5749 3112 5804 ministros
3141 5765 3269 5804 suos
3295 5749 3432 5812 ﬁeri,
3457 5749 3558 5810 hoc

1973 5855 2056 5904 est
2093 5845 2334 5918 spiritale
2371 5845 2686 5914 obsequium
2727 5843 2778 5896 in
2813 5841 2966 5898 bonis
2997 5843 3250 5914 Operihus
3289 5841 3388 5896 sibi
3419 5855 3558 5918 pta:-
