4044 6336
523 353 638 420 163

1558 355 1914 416 ANGELOMI
1951 350 2417 412 LUXOVIENSIS
2456 351 2766 412 MONACHI

3711 354 3834 411 ιω

529 476 690 541 bere;
736 481 792 530 et
840 473 1120 547 principes
1163 479 1218 530 et
1254 472 1419 527 duces
1465 470 1704 535 scilicet,
1747 479 1804 524 ut
1841 468 1979 524 bene
2015 467 2118 523 sibi
2146 472 2195 532 Α
2223 468 2377 538 gnari
2425 469 2591 524 maris
2636 485 2760 524 cum
2804 468 2978 525 servis
3033 467 3372 535 Salomonis,
3416 469 3544 526 dum
3581 473 3833 542 gentiles

529 569 925 644 principentur,
969 577 1024 622 et
1068 567 1250 622 carnis
1299 564 1574 620 lasciviam
1621 565 1860 627 dement,
1907 563 2022 616 sive
2060 569 2121 616 ut

529 659 773 716 subditos
809 658 911 713 sibi
945 659 1084 713 bene
1115 663 1336 727 regant,
1367 664 1420 711 et
1460 655 1514 709 in
1544 655 1736 710 semita
1761 655 1987 725 justitia:
2017 653 2121 708 du-

528 763 675 812 cant.
703 753 857 822 Quod
887 761 1067 807 autem
1097 752 1374 822 sequitur:

606 866 625 898 ‹
671 846 840 902 Erant
875 845 1147 917 principes
1183 859 1347 916 super
1392 844 1576 901 omnia
1615 859 1779 915 Opera
1815 843 2121 900 Salomonis

536 959 556 992 ι
601 937 876 1010 praepositi
922 937 1205 1008 quingenti
1251 935 1663 1008 quinquaginta,
1711 936 1802 1004 qui
1850 935 2124 990 habebant

534 1053 554 1084 ι
600 1031 903 1101 subjectum
931 1029 1209 1100 populum,
1242 1037 1297 1085 et
1335 1028 1555 1084 statutis
1588 1027 1842 1099 operibus
1889 1029 2121 1096 impera-

537 1144 557 1177 t
604 1127 754 1180 bant.
794 1144 813 1176 ›
869 1122 1007 1190 Quid
1045 1122 1338 1193 signiﬁcat,
1368 1122 1469 1177 nisi
1498 1123 1640 1192 quod
1681 1122 1734 1176 hi
1766 1122 1856 1192 qui
1888 1120 2122 1190 Spiritus

531 1217 706 1275 sancti
729 1218 901 1290 gratia
942 1216 1075 1287 legis
1102 1216 1314 1272 Domini
1352 1216 1636 1271 scientiam
1666 1215 1867 1271 habere
1903 1231 2118 1270 meren-

528 1319 650 1375 tur,
699 1318 754 1364 et
799 1309 1120 1379 semetipsos
1165 1317 1220 1364 et
1266 1309 1402 1363 alios
1449 1309 1584 1364 bene
1636 1325 1826 1381 regere
1871 1317 2117 1380 possunt.

530 1400 991 1472 Quinquagesimo
1029 1416 1161 1473 ergo
1193 1400 1280 1456 die
1318 1410 1442 1470 post
1469 1401 1670 1470 pascha
1722 1402 1774 1454 in
1801 1401 1981 1455 Veteri
2012 1397 2122 1454 Te-

528 1502 825 1559 stamento,
851 1496 939 1550 lex
973 1494 1026 1548 in
1060 1501 1245 1548 monte
1276 1492 1405 1548 Sina
1425 1493 1622 1548 tributa
1653 1501 1754 1547 est.
1789 1492 1856 1547 Et
1892 1493 1944 1546 in
1971 1491 2121 1546 Novo

525 1602 690 1658 super
715 1587 1008 1658 apostolos,
1038 1596 1094 1650 et
1116 1603 1210 1644 eos
1232 1587 1325 1658 qui
1355 1603 1481 1643 cum
1511 1586 1643 1658 ipsis
1672 1595 1852 1651 erant,
1887 1584 2122 1655 Spiritus

524 1679 834 1752 paracletus
861 1679 1032 1734 venit.

604 1790 624 1822 ι
670 1770 943 1827 Oll'erehat
993 1783 1209 1841 quoque
1259 1784 1354 1823 rex
1391 1768 1649 1824 Salomon
1698 1768 1873 1823 tribus
1911 1765 2120 1821 vicibus

2221 560 2467 615 sreculari
2493 562 2759 632 sapientia
2790 562 3008 626 eruditi,
3036 579 3158 617 cum
3186 563 3270 618 his
3295 564 3384 633 qui
3415 564 3468 617 in
3500 564 3617 634 lege
3644 564 3828 637 Moysi

2220 655 2379 726 periti
2409 665 2536 709 sunt
2566 655 2618 709 in
2653 656 2860 711 unitate
2888 656 3010 710 ﬁdei
3038 658 3330 712 sociantur.
3361 657 3468 712 Hos
3497 675 3632 727 ergo
3659 659 3830 714 Salo—

2219 763 2356 825 mon.
2387 758 2576 805 noster
2615 750 2668 804 in
2697 748 2887 819 Ophir,
2929 766 3050 820 qua:
3087 752 3476 822 interpretatur
3511 754 3830 822 inﬁrmam,

2221 841 2411 904 mittit,
2443 849 2502 895 ut
2526 849 2800 910 sumptum
2829 841 2952 896 inde
2982 858 3172 896 aurum
3205 841 3272 896 ad
3305 858 3364 898 se
3394 842 3668 912 deferant,
3696 861 3832 916 curn

2222 932 2277 988 in
2305 931 2540 987 utilitate
2565 933 2762 988 littera:
2789 949 3007 988 sensum
3031 935 3328 1004 pretiosum
3355 935 3520 992 habet
3544 953 3828 1008 quaerere.

2221 1025 2287 1080 Et
2326 1027 2406 1081 sic
2447 1035 2671 1097 accepta
2712 1043 2922 1082 summa
2961 1028 3480 1098 quadringentorum
3511 1031 3714 1100 viginti
3747 1042 3832 1085 ta-

2223 1117 2491 1173 lentorum
2525 1119 2642 1172 auri
2670 1119 2736 1174 ad
2773 1132 2954 1187 regem
2989 1118 3258 1184 deferunt,
3289 1136 3409 1176 cum
3441 1136 3666 1176 sensum
3697 1137 3830 1191 pre-

2222 1209 2420 1264 tiosum
2451 1211 2692 1265 historiae
2739 1211 3025 1281 allegorice
3054 1222 3109 1266 et
3141 1211 3472 1283 tropologice
3515 1213 3828 1284 expellunt,

2223 1312 2384 1373 atque
2409 1318 2686 1375 anagogen
2718 1304 2771 1358 in
2799 1305 3009 1360 duobus
3036 1305 3402 1361 Testamentis
3433 1305 3749 1370 inveniunt,
3776 1315 3832 1362 et

2227 1410 2351 1450 eum
2395 1396 2674 1466 sapientiae
2715 1404 2771 1450 et
2819 1395 3049 1452 consilio
3101 1397 3286 1452 divino
3332 1396 3679 1452 ascribentes
3733 1397 3834 1451 tri-

2221 1484 2413 1541 buunt.
3237 1543 3240 1546 .

2848 1555 3078 1613 CAPUT
3117 1557 3182 1614 X.

2299 1688 2319 1722 ι
2353 1669 2460 1726 Sed
2487 1679 2541 1726 et
2571 1671 2758 1744 regina
2777 1670 2941 1737 Saba,
2973 1672 3159 1727 audita
3188 1671 3329 1728 fama
3381 1671 3717 1740 Salomonis,
3775 1676 3830 1733 in

2230 1785 2248 1818 ‹
2283 1765 2504 1820 nomine
2530 1765 2767 1831 Domini,
2794 1766 2946 1820 venit
2967 1774 3181 1822 tentare
3201 1782 3325 1822 eum
3349 1767 3401 1821 in
3419 1768 3828 1838 :enigmatibus.

531 1884 550 1916 ι
595 1880 696 1936 per
732 1879 904 1918 annos
945 1863 1187 1932 singulos
1222 1861 1537 1918 holocausta
1587 1870 1642 1916 et
1675 1859 1930 1931 paciﬁcas
1965 1859 2122 1914 victi-
2151 1845 2198 1908 Β
2234 1877 2251 1910 t
2281 1857 2348 1912 Et
2375 1858 2619 1929 ingressa
2644 1856 2983 1913 Hierusalem
3018 1875 3141 1913 cum
3182 1858 3353 1914 multo
3376 1859 3638 1914 comitatu
3668 1869 3728 1914 et
3751 1861 3833 1914 di-

532 1975 554 2008 ι
603 1971 722 2012 mas
759 1969 920 2024 super
951 1955 1146 2018 altare,
1196 1953 1339 2024 quod
1385 1953 1749 2009 :ediﬁcaverat
1773 1951 2020 2014 Domino,
2067 1961 2122 2007 et

533 2071 552 2103 ι
600 2050 852 2106 adolebat
898 2049 1195 2121 thymiama
1226 2063 1408 2102 coram
1452 2047 1704 2102 Domino.
1748 2065 1766 2096 ι
1793 2044 1960 2100 Oﬁ‘ert
1987 2060 2121 2114 quo-

527 2159 636 2214 que
683 2143 942 2216 paciﬁcus
967 2151 1152 2197 noster
1197 2141 1371 2196 tribus
1411 2141 1620 2195 vicibus
1659 2154 1757 2210 per
1801 2154 1972 2194 annos
2012 2139 2122 2193 sin-

526 2235 684 2307 gulos
713 2235 1023 2304 holocausta
1055 2231 1282 2289 Domino
1313 2233 1364 2286 in
1399 2233 1679 2296 membris,
1711 2246 1833 2286 cum
1877 2245 1973 2300 per
1999 2245 2125 2284 san-

527 2339 627 2387 cta:
660 2329 945 2384 Trinitatis
987 2327 1147 2383 ﬁdem
1181 2327 1416 2382 hostiam
1466 2323 1852 2395 acceptabilem
1899 2321 2124 2377 exhibet

525 2421 659 2478 Deo.
722 2420 892 2476 Oﬁ‘ert
939 2418 1084 2474 enim
1142 2417 1516 2488 unusquisque
1573 2415 1745 2470 ﬁdelis
1809 2413 2122 2468 holocausta

526 2513 782 2577 Domino,
811 2527 934 2566 cum
977 2524 1174 2578 corpus
1221 2505 1733 2575 suum'castigando
1777 2511 2039 2567 macerat,
2069 2510 2124 2558 et

529 2613 639 2661 tota
667 2602 934 2659 desideria
965 2602 1145 2657 carnis
1177 2601 1301 2668 igne
1329 2598 1575 2687 Spiritus.
1594 2596 1768 2652 sancti
1800 2610 2124 2650 consumere

523 2695 765 2751 festinat.
795 2693 968 2750 Oﬁ‘ert
1001 2692 1261 2764 paciﬁcas
1291 2691 1500 2747 hostias
1531 2706 1654 2745 cum
1686 2691 1953 2744 honorum
1987 2704 2121 2760 ope-

524 2803 646 2843 rum
677 2801 872 2841 munus
914 2785 1155 2840 exhibet.
1189 2781 1361 2838 Oﬁ‘ert
1400 2782 1674 2846 victimas,
1723 2796 1846 2835 cum
1875 2789 1998 2835 vota
2044 2779 2124 2833 la-

521 2877 738 2933 hiorum
769 2891 988 2932 suorum
1029 2875 1083 2929 in
1115 2873 1330 2928 laudem
1358 2871 1575 2927 Domini
1600 2869 1876 2940 expendit.
1911 2869 1979 2923 Et
2007 2870 2124 2925 haec

519 2967 704 3022 omnia
733 2979 898 3034 super
923 2964 1092 3019 altare
1117 2962 1260 3030 quod
1288 2961 1654 3016 mdiﬁcaverat
1675 2959 1904 3014 Domino
1929 2957 2125 3015 oﬁ'erre

526 3057 715 3120 debet,
755 3057 880 3126 quia
917 3055 972 3109 in
1016 3070 1108 3108 ara
1150 3053 1329 3108 cordis
1369 3053 1458 3106 ubi
1489 3052 1646 3107 decet
1669 3051 1846 3122 ignem
1877 3049 2121 3104 divinum

521 3163 741 3218 semper
770 3147 985 3209 ardere,
1015 3147 1119 3201 hoc
1156 3152 1240 3200 est
1276 3144 1551 3198 ﬂammam
1590 3143 1872 3198 charitatis
1907 3155 2124 3213 semper

525 3217 772 3306 fervere,
805 3239 1065 3310 quidquid
1118 3239 1171 3292 in
1215 3237 1562 3298 abstinentia,
1591 3234 1852 3304 quidquid
1897 3234 1951 3288 in
1978 3235 2120 3288 bona
2150 3217 2196 3280 (ἶ

527 3332 865 3404 Operatione,
917 3329 1175 3401 quidquid
1222 3329 1276 3383 in
1322 3328 1620 3400 gratiarum
1670 3325 1906 3390 actione,
1939 3323 2122 3379 elabo-

525 3434 634 3490 rat,
677 3423 882 3492 justum
931 3431 1032 3486 est,
1071 3430 1129 3475 ut
1160 3429 1330 3474 totum
1377 3419 1646 3474 suavitate
1678 3417 1916 3488 Spiritus
1947 3418 2123 3472 sancti

525 3517 717 3573 oﬁ‘erat
743 3516 871 3572 Deo.
921 3515 1120 3584 Sicque
1172 3511 1413 3568 adolebit
1461 3509 1759 3582 thymiama
1809 3523 1991 3562 coram
2023 3507 2126 3560 Do-

523 3611 694 3675 mino,
735 3609 953 3680 quando
986 3605 1292 3660 orationem
1336 3619 1531 3674 puram
1579 3601 1632 3655 in
1683 3600 1867 3656 cordis
1911 3609 2125 3654 secreto

523 3710 794 3775 praeparat
822 3703 954 3764 Deo,
985 3709 1040 3753 et
1071 3713 1134 3751 ea
1172 3713 1293 3766 quae
1323 3705 1447 3751 sunt
1485 3697 1595 3750 Deo
1625 3694 1783 3764 digna
1831 3702 1886 3746 et
1923 3693 2123 3762 placita

529 3795 787 3868 postulat.
820 3793 1087 3849 Caeterum
1115 3790 1207 3860 qui
1255 3790 1570 3844 transitoria
1600 3788 1794 3859 poscit,
1826 3796 1882 3840 et
1910 3801 2030 3854 qua:
2059 3784 2128 3840 ad

529 3887 715 3942 luxum
759 3885 939 3938 saeculi
974 3884 1266 3953 pertinent,
1307 3898 1413 3937 non
1445 3897 1627 3937 coram
1656 3880 1884 3934 Domino
1911 3877 2129 3933 adolere

531 3977 827 4049 thymiama
875 3975 1109 4038 dicitur,
1161 3973 1286 4044 quia
1334 3989 1440 4029 non
1497 3973 1549 4026 in
1603 3987 1736 4042 pura
1791 3968 2126 4025 conscientia

530 4085 692 4125 orare
717 4067 1120 4136 comprobatur.

606 4181 626 4213 ι
673 4159 916 4216 Classem
943 4174 1158 4228 quoque
1189 4157 1316 4213 fecit
1357 4172 1451 4211 rex
1481 4155 1740 4210 Salomon
1783 4155 1834 4209 in
1863 4154 2129 4225 Asionga-

539 4273 559 4306 ι
587 4255 720 4319 ’ber,
754 4269 873 4322 quae
903 4261 985 4306 est
1007 4251 1162 4318 juxta
1193 4250 1417 4321 Haylam
1460 4251 1511 4302 iu
1547 4248 1729 4303 littore
1761 4249 1929 4302 maris
1960 4245 2127 4302 Rubri

539 4363 559 4396 ι
607 4330 660 4398 in
712 4353 854 4398 terra
904 4343 1143 4398 ldumea.
1197 4340 1672 4411 Misitquelliram
1718 4341 1771 4394 in
1823 4341 1994 4395 classe
2039 4339 2127 4393 illa

540 4456 559 4488 ί
611 4451 798 4492 servos
829 4451 958 4490 suos
985 4435 1131 4489 viros
1166 4435 1431 4498 nauticos,
1461 4444 1515 4489 et
1551 4449 1750 4504 gnaros
1781 4435 1970 4496 maris,
2003 4449 2128 4488 cum

543 4548 562 4579 ι
613 4529 788 4584 servis
831 4528 1158 4582 Salomonis.
1218 4527 1318 4594 Qui
1371 4544 1493 4582 cum
1538 4527 1814 4582 venissent
1858 4527 1909 4580 in
1937 4526 2126 4597 Ophir,

2229 1969 2248 2002 ι
2287 1951 2454 2017 vitiis,
2484 1951 2711 2007 camelis
2739 1953 3086 2021 portantibus
3109 1960 3378 2016 aromata,
3408 1961 3464 2006 et
3483 1967 3681 2006 aurum
3712 1951 3834 2005 inﬁ-

2229 2061 2246 2094 ι
2276 2043 2450 2096 nitum
2479 2041 2665 2107 nimis,
2689 2050 2745 2095 et
2775 2057 3018 2113 gemmas
3045 2043 3330 2113 pretiosas.
3361 2043 3511 2096 venit
3546 2043 3616 2097 ad
3669 2042 3832 2096 Salo-

2227 2154 2246 2188 (
2287 2144 2604 2198 monem,et
2627 2134 2806 2190 locuta
2838 2143 2922 2190 est
2943 2135 2994 2189 ei
3017 2135 3272 2190 universa
3318 2151 3437 2206 quae
3482 2135 3730 2189 habebat
3781 2135 3834 2189 in

2215 2246 2258 2304 ,ι
2297 2227 2464 2282 corde
2497 2243 2615 2282 suo.
2657 2247 2675 2278 ι
2713 2226 2918 2297 Regina
2967 2236 3148 2281 autem
3196 2225 3384 2281 Austri
3428 2241 3600 2296 qurea
3629 2225 3835 2280 ﬁnibus

2223 2319 2484 2374 extremis
2529 2319 2765 2374 excitata
2788 2319 3034 2385 veniens,
3068 2318 3380 2374 Salomhnis
3403 2320 3595 2373 audire
3615 2320 3834 2388 sapien-

2215 2409 2356 2486 tiam
2384 2410 2712 2481 concupivit,
2734 2407 2850 2479 jam
2873 2419 3002 2465 tunc
3042 2419 3329 2465 venturam
3350 2409 3418 2464 de
3438 2411 3699 2482 gentibus
3729 2410 3832 2464 Er.-

2223 2501 2443 2556 clesiam
2467 2502 2867 2556 desiderantem
2897 2499 3175 2556 Christum
3205 2501 3494 2572 ﬁgurabat,
3524 2517 3648 2572 qua:
3671 2501 3833 2571 juxta

2225 2591 2764 2664 Prophetam(Psal.
2792 2592 2940 2665 xuv)
2988 2595 3397 2650 circumamicta
3448 2604 3532 2649 est
3577 2597 3834 2651 varietate

2223 2684 2279 2738 in
2315 2685 2498 2738 vestitu
2534 2685 2813 2752 deaurato,
2837 2694 2891 2740 et
2925 2686 3106 2757 populi
3138 2687 3218 2741 sui
3261 2695 3317 2741 et
3349 2696 3590 2758 paternae
3635 2687 3832 2742 domus

2225 2775 2390 2832 oblita
2421 2779 2672 2832 currebat
2707 2776 2937 2832 barbara
2989 2787 3150 2850 gente
3191 2793 3297 2833 non
3341 2779 3546 2844 animo,
3602 2795 3732 2850 qua:
3779 2779 3836 2836 in

2225 2877 2416 2937 aperto
2449 2869 2734 2940 peregrina
2763 2870 2882 2935 fuit,
2908 2871 3002 2926 sed
3051 2871 3106 2926 in
3149 2871 3269 2926 loco
3313 2873 3462 2927 culto
3509 2883 3830 2928 sanctorum

2227 2959 2345 3015 ﬁeri
2367 2961 2501 3015 civis
2531 2963 2772 3032 Optabat.
2806 2961 2960 3018 Unde
2985 2980 3090 3019 non
3127 2965 3300 3020 solum
3345 2966 3555 3021 caelesti
3602 2969 3834 3036 prmmio

2227 3053 2643 3109 resurrectionis
2673 3056 2851 3118 beata,
2880 3057 2973 3110 sed
2997 3058 3162 3110 etiam
3190 3066 3459 3127 potestate
3503 3061 3830 3129 apostolica,

2228 3145 2295 3200 de
2315 3143 2516 3200 Judaeis
2553 3145 2812 3201 adulteris
2830 3145 3162 3215 judicandis,
3197 3149 3366 3218 ipsius
3411 3147 3636 3217 judiciis
3666 3150 3833 3220 digna

2230 3247 2499 3302 censetur,
2533 3239 2657 3308 quia
2691 3237 2970 3294 Christum
3005 3240 3058 3294 in
3083 3240 3428 3296 Salomonem
3472 3243 3697 3308 mirata,
3747 3259 3834 3299 ve-

2229 3347 2349 3385 rum
2377 3332 2578 3402 regium
2600 3331 2839 3388 caelestis
2862 3331 3116 3388 aﬁ‘ectum
3139 3334 3370 3406 imagine
3389 3335 3623 3406 mystica
3648 3334 3834 3391 Eccle-

2229 3423 2323 3479 size
2349 3425 3040 3495 providentisimpleverat.
3074 3425 3212 3482 [line
3261 3427 3377 3496 ipsa
3421 3429 3610 3497 regina
3661 3428 3830 3494 Saba,

2229 3516 2347 3569 viso
2379 3514 2672 3570 Salomone
2696 3524 2751 3569 et
2790 3515 2962 3586 gloria
3019 3516 3157 3587 ejus,
3219 3525 3442 3588 stupens
3483 3533 3653 3588 super
3699 3534 3831 3588 pru-

2230 3607 2467 3662 dentiam
2489 3605 2626 3674 ejus,
2656 3606 2795 3660 dixit
2819 3625 2831 3660 :

2309 3719 2327 3750 t
2361 3697 2534 3753 Verus
2554 3707 2637 3753 est
2666 3714 2848 3755 sermo
2870 3716 3030 3770 quem
3059 3702 3239 3756 audivi
3273 3685 3326 3755 in
3351 3709 3496 3756 terra
3521 3715 3647 3756 mea
3669 3716 3834 3773 super

2237 3811 2256 3844 ‹
2292 3791 2632 3847 sermonibus
2659 3792 2766 3846 tuis
2803 3800 2858 3846 et
2882 3807 3046 3862 super
3067 3793 3334 3863 sapientia
3362 3801 3472 3857 tua,
3505 3801 3561 3846 et
3581 3809 3692 3847 non
3718 3808 3834 3848 creo

2236 3902 2255 3936 ι
2289 3885 2479 3938 debam
2504 3885 2856 3940 narrantibus
2886 3885 3038 3950 mihi,
3066 3885 3240 3941 donec
3270 3886 3383 3956 ipsa
3418 3886 3563 3951 veni,
3620 3895 3678 3941 et
3724 3886 3833 3943 vidi

2235 3993 2254 4027 ‹
2291 3975 2461 4030 oculis
2493 3976 2646 4040 meis,
2681 3983 2736 4030 et
2765 3977 2990 4044 probavi
3010 3977 3154 4048 quod
3180 3978 3356 4033 media
3375 3993 3500 4049 pars
3524 3980 3664 4035 mihi
3694 3998 3835 4037 nun-

2236 4087 2254 4119 ‹
2287 4068 2420 4122 tiata
2447 4083 2555 4122 non
2582 4067 2765 4123 fuerit.
2795 4067 2964 4139 Major
2985 4076 3066 4123 est
3095 4069 3362 4138 sapientia
3416 4079 3526 4132 tua,
3561 4079 3618 4126 et
3668 4087 3832 4142 opera

2237 4178 2255 4212 t
2294 4171 2382 4214 tua
2415 4175 2577 4230 quam
2604 4175 2793 4214 rumor
2812 4175 2972 4230 quem
2995 4161 3198 4215 audivi.
3234 4181 3252 4212 ›
3283 4161 3436 4228 Quod
3462 4163 3603 4219 bene
3632 4180 3833 4221 conve-

2230 4251 2309 4305 nit
2343 4261 2543 4306 sanctae
2569 4251 2826 4306 Ecclesiae
2863 4269 3006 4323 quae,
3034 4253 3233 4308 auditis
3281 4255 3561 4310 miraculis
3603 4256 3831 4323 Christi,

2229 4357 2522 4417 provocata
2545 4355 2630 4402 est
2653 4347 2722 4401 ad
2756 4347 3106 4416 quatrendum
3132 4363 3275 4401 eum.
3304 4347 3408 4402 Sed
3440 4356 3730 4417 postquam
3770 4350 3832 4406 ad

2233 4437 2406 4506 ipsum
2439 4437 2686 4506 pervenit
2718 4451 2813 4507 per
2857 4437 3185 4507 baptismum
3217 4446 3272 4492 et
3302 4438 3482 4506 ﬁdem,
3522 4442 3834 4496 considera-

2236 4529 2305 4582 tis
2353 4538 2558 4583 sauctce
2603 4529 2899 4599 Scriptura:
2959 4532 3304 4597 testimoniis,
3366 4533 3676 4589 divinitatis
3721 4533 3832 4603 ejus

542 4640 561 4673 ι
611 4634 880 4692 sumptum
941 4622 1065 4676 inde
1129 4637 1319 4676 aurum
1369 4620 1890 4691 quadringentorum
1939 4592 2207 4692 vigintiD
2235 4619 2529 4691 potentiam
2561 4635 2880 4691 agnoscens,
2935 4637 3126 4692 parum
3157 4623 3204 4678 ei
3232 4623 3446 4680 videtur
3489 4641 3613 4682 esse
3672 4642 3832 4683 omne

493 4735 496 4738 ’
544 4734 562 4766 ε
613 4713 934 4768 talentorum
994 4711 1306 4767 detulerunt
1351 4713 1418 4766 ad
1465 4728 1646 4784 regem
1695 4711 2062 4767 Salomonem.
2099 4731 2121 4766 ι

535 4794 1075 4876 Άείοιιεεώθιχΐθτιυιυ
1103 4818 1223 4859 esse
1255 4803 1430 4858 insula
1464 4805 1605 4859 haud
1639 4806 1824 4875 procul
1855 4806 1924 4861 ab
1957 4806 2126 4877 Hayla

539 4897 596 4951 in
627 4896 814 4950 Rubro
849 4895 1010 4959 mari,
1057 4895 1147 4950 ubi
1185 4895 1378 4950 classis
1411 4895 1672 4966 Josaphat
1706 4899 1754 4951 vi
1789 4899 2129 4967 tempestatis

543 4988 730 5041 attrita
759 4995 858 5041 est.
890 4985 1063 5054 Ophir
1095 4995 1274 5040 autem
1307 5002 1502 5041 nomen
1539 4989 1830 5058 provincia
1865 5004 1928 5042 ex
1958 4987 2129 5058 Ophir

540 5095 650 5133 uno
695 5078 760 5132 de
803 5078 1034 5148 posteris
1076 5078 1218 5132 Eber
1264 5079 1621 5144 nominatam,
1670 5095 1735 5134 ex
1781 5080 1935 5149 cujus
1964 5081 2134 5150 stirpe

540 5170 763 5224 veniens
800 5184 830 5222 a
861 5168 1022 5222 ﬂuvio
1048 5168 1289 5239 Copbne,
1317 5187 1490 5240 usque
1528 5170 1591 5224 ad
1636 5171 1910 5239 regionem
1950 5171 2133 5238 ludite,

540 5277 662 5332 qua:
689 5270 913 5316 vocatur
941 5260 1202 5327 Hieriam,
1239 5264 1513 5318 habitasse
1535 5262 1863 5324 referuntur,
1891 5271 1951 5316 ut
1978 5262 2135 5319 Jose-

542 5353 682 5424 phus
712 5363 916 5407 narrat.
960 5353 1163 5409 Classis
1208 5355 1391 5424 itaque
1421 5371 1582 5425 quam
1619 5353 1748 5410 fecit
1785 5355 2037 5410 Salomon
2081 5357 2133 5412 in

543 5442 898 5512 Asiongaber,
927 5457 1046 5511 quaa
1075 5443 1400 5511 festinantes,
1439 5454 1532 5498 aut
1560 5446 1746 5516 fortes,
1773 5446 1888 5502 sive
1916 5447 2136 5501 viriliter

547 5532 961 5602 interpretatur,
1000 5549 1105 5588 non
1143 5535 1305 5589 aliam
1338 5552 1457 5616 esse
1482 5545 1613 5607 puto
1647 5554 1809 5608 quam
1837 5538 2134 5595 Ecclesiam

547 5620 807 5688 ﬁdelium,
838 5638 958 5692 quae
988 5625 1039 5679 in
1083 5627 1224 5681 mari
1262 5628 1417 5685 istius
1458 5631 1645 5685 mundi
1681 5631 1856 5708 posita
1898 5633 2134 5688 studium

546 5712 808 5782 impendit
848 5715 1133 5773 thesauros
1181 5719 1463 5789 sapientiae
1504 5732 1560 5778 et
1599 5723 1862 5790 scientiae,
1894 5739 2134 5798 opesque

545 5805 810 5862 virtutum
841 5809 1144 5878 acquirere,
1180 5812 1269 5868 ubi
1306 5824 1430 5870 sunt
1457 5817 1598 5872 servi
1629 5816 1814 5874 Hiram
1848 5818 2050 5876 nautici
2078 5826 2134 5877 et

2235 4714 2379 4783 quod
2407 4713 2506 4768 sibi
2528 4725 2684 4770 antea
2712 4713 2778 4769 de
2812 4732 2878 4771 eo
2905 4726 3180 4772 narratum
3219 4730 3322 4784 est,
3363 4721 3418 4775 in
3462 4725 3829 4794 comparatio-

2223 4819 2359 4886 nem
2391 4815 2658 4876 percepta»
2688 4808 2895 4878 gratiae.
2927 4809 3081 4866 Unde
3102 4821 3158 4866 et
3188 4813 3504 4871 admirando
3527 4816 3584 4870 in
3613 4816 3829 4874 laudem

2236 4894 2352 4964 ejus
2373 4896 2624 4966 erumpit,
2647 4897 2832 4954 dicens
2863 4916 2874 4952 :

2315 5004 2333 5036 ι
2364 4987 2512 5041 Beati
2542 4988 2640 5042 viri
2664 4988 2763 5065 tui,
2790 4998 2846 5044 et
2870 4991 3016 5047 beati
3043 4993 3187 5048 servi
3218 4993 3292 5049 tui
3315 4995 3408 5065 qui
3455 5004 3605 5052 stant
3647 5015 3829 5057 coram

2219 5098 2263 5148 ,ι
2305 5087 2355 5133 te
2387 5093 2601 5148 semper
2628 5087 2683 5133 et
2701 5063 2929 5136 audiunt
2953 5083 3272 5154 sapientiam
3297 5063 3484 5141 tuam!
3525 5087 3610 5144 Sit
3647 5091 3830 5148 Domi-

2246 5191 2263 5221 ‹
2300 5187 2401 5224 nus
2431 5169 2572 5225 Deus
2602 5180 2724 5227 tuus
2759 5172 3076 5231 benedictus
3098 5177 3184 5232 cui
3211 5179 3605 5250 complacuisti,
3650 5193 3708 5238 et
3739 5200 3828 5254 po-

2246 5279 2262 5310 ‹
2304 5261 2410 5314 suit
2433 5270 2484 5314 te
2507 5277 2669 5331 super
2697 5263 2951 5318 thronum
2971 5264 3158 5328 Israel,
3181 5282 3246 5321 eo
3269 5269 3411 5337 quod
3445 5271 3699 5327 dilexerit
3721 5273 3827 5328 Do-

2246 5373 2263 5404 ‹
2302 5352 2479 5408 minus
2514 5353 2678 5408 Israel
2707 5355 2759 5409 in
2781 5358 3192 5427 sempiternum,
3221 5369 3276 5415 et
3299 5363 3585 5430 constituit
3635 5373 3692 5420 te
3739 5379 3828 5420 ne-

2215 5466 2264 5514 .t
2301 5462 2443 5517 gem,
2483 5454 2542 5500 ut
2573 5433 3065 5519 faceresjudicium
3096 5448 3460 5518 etjustitiam.
3505 5473 3522 5505 ι
3569 5454 3667 5510 llis
3693 5470 3826 5526 quo-

2213 5555 2344 5608 que
2369 5538 2564 5594 similia
2587 5548 2642 5594 et
2664 5539 2950 5596 Psalmista
2989 5543 3043 5597 in
3089 5543 3358 5599 desiderio
3403 5545 3554 5616 regni
3595 5545 3830 5602 cmlestis

2209 5631 2601 5703 -exardescens
2652 5647 2719 5687 ex
2764 5648 2996 5704 persona
3044 5649 3232 5691 eorum
3292 5637 3539 5706 protulit,
3601 5639 3825 5697 dicens:

2217 5743 2263 5806 _t
2300 5723 2471 5791 Quam
2509 5725 2759 5780 amabilia
2781 5734 2909 5782 sunt
2937 5727 3285 5784 tabernacula
3307 5737 3415 5794 tua,
3447 5728 3673 5786 Domine
3725 5732 3829 5786 vir-

2240 5824 2434 5882 tutum,
2462 5818 2796 5886 concupiscit
2827 5828 2883 5875 et
2906 5819 3088 5877 deﬁcit
3123 5823 3304 5878 anima
3325 5838 3446 5880 mea
3470 5824 3524 5879 in
3548 5823 3687 5879 atria
3717 5823 3824 5880 D0—
