4044 6336
267 320 379 378 465

1171 307 1432 371 ENARR.
1472 311 1541 369 IN
1577 311 1825 371 LIBROS
1862 308 2128 372 REGUM.
2169 344 2241 356 -—
2273 299 2357 369 ΙΝ
2381 305 2508 369 LIB.
2550 313 2635 371 lll.

3442 297 3548 376 466

268 431 427 488 mini.
458 426 564 486 Cor
581 442 762 485 meum
790 436 846 484 et
872 441 1004 484 caro
1024 441 1147 483 mea
1176 419 1583 483 exsultaverunt
1605 427 1660 481 in
1687 427 1858 482 Deum
1887 431 1936 490 Α
1962 428 2016 482 in
2038 429 2203 484 verbo
2225 437 2316 483 aut
2335 444 2517 500 opere,
2541 430 2724 484 omnia
2754 425 2808 484 in
2835 427 3062 500 gloriam
3093 431 3186 486 Dei
3211 411 3439 488 faciunt.
3467 434 3549 492 De

268 523 460 576 vivum
482 519 654 591 (Paul.
682 517 936 590 Lxxxm).
972 537 992 571 ι
1019 517 1086 573 Εῑ
1109 518 1272 589 paulo
1307 527 1470 589 post:
1507 536 1526 568 ι
1553 517 1730 583 Beati,
1760 518 1857 584 ait,

268 616 366 686 qui
395 613 646 670 habitant
672 614 726 666 in
757 613 916 668 domo
943 621 1056 679 tua,
1087 612 1141 667 in
1170 612 1427 668 saeculum
1451 611 1634 668 saeculi
1675 611 1862 666 lauda-

265 706 410 762 bunt
436 714 490 761 te
511 703 724 778 (Ibid.).
761 723 777 756 ι
807 704 886 758 11ιί
907 721 1037 761 vero
1067 700 1218 761 beati
1235 715 1379 772 sunt,
1406 701 1635 776 quorum
1664 722 1758 761 rex
1775 712 1861 760 est

265 799 544 864 Christus,
575 808 630 852 et
650 797 776 868 quia
799 806 1002 852 aeterna
1023 797 1232 853 visione
1249 797 1365 866 ejus
1387 795 1592 868 perfrui
1639 812 1859 851 meren-

253 899 361 945 tur
389 898 445 945 et
469 890 694 960 gloriam
715 887 833 957 ejus
860 904 1024 958 quam
1052 889 1215 944 habet
1241 905 1363 943 cum
1391 887 1550 942 Patre
1572 896 1627 941 et
1655 886 1860 957 Spiritu

267 993 462 1039 sancto
492 983 824 1053 conspicere,
857 989 913 1036 et
940 983 1260 1053 sapientiam
1285 997 1382 1052 per
1403 997 1564 1050 quam
1581 980 1693 1050 ipse
1712 992 1860 1035 mun-

266 1077 373 1132 dus
396 1077 561 1131 corde
583 1075 838 1146 dignatur
866 1089 925 1130 se
950 1071 1257 1140 ostendere,
1305 1068 1692 1144 perpetualiter
1737 1089 1860 1144 per-

264 1171 456 1241 cipere
481 1168 752 1223 laetantur.
783 1166 980 1238 Sicque
1001 1168 1308 1238 probabunt
1349 1182 1538 1222 verum
1572 1181 1706 1222 .esse
1756 1167 1860 1221 hoc

261 1261 414 1330 quod
439 1260 738 1328 scriptum:
774 1277 792 1309 ‹
823 1257 960 1326 Quia
1004 1272 1106 1312 nec
1135 1257 1326 1313 oculus
1368 1257 1522 1323 vidit,
1562 1272 1664 1313 nec
1709 1257 1857 1313 auris

265 1351 498 1415 audivit,
535 1365 634 1405 nec
661 1350 713 1404 in
745 1365 841 1404 cor
871 1349 1108 1404 hominis
1156 1347 1399 1404 ascendit
1428 1363 1548 1418 qum
1577 1363 1854 1420 praepara-

263 1443 347 1497 vit
383 1443 530 1498 Deus
559 1440 905 1513 diligentibus
933 1457 992 1496 se
1019 1441 1072 1513 (Ι
1095 1440 1216 1496 Cor.
1244 1442 1326 1514 ιι).
1362 1461 1380 1492 ›

253 1561 264 1566 -
347 1551 365 1583 ‹
405 1532 520 1587 Rex
542 1541 721 1586 autem
751 1531 1005 1587 Salomon
1029 1532 1178 1586 dedit
1201 1531 1400 1602 regina:
1427 1531 1607 1586 omnia
1629 1547 1748 1600 quae
1775 1547 1859 1586 vo-

270 1647 291 1680 c
329 1627 432 1682 luit
456 1637 510 1681 et
538 1626 731 1698 petivit
752 1626 819 1680 ab
857 1641 940 1689 eo,
976 1625 1218 1696 exceptis
1237 1625 1323 1679 his
1344 1640 1464 1694 quae
1483 1624 1628 1678 ultro
1647 1623 1858 1680 obtule-

267 1738 290 1770 ι
335 1726 422 1773 rat
438 1718 488 1773 ei
521 1732 742 1772 munere
770 1717 937 1788 regio,
975 1737 992 1767 ι
1025 1716 1077 1770 id
1103 1715 1334 1785 estquia
1361 1715 1619 1784 pacificus
1649 1723 1854 1778 noster,

1963 519 2160 591 quibus
2187 535 2254 577 ex
2283 536 2517 591 persona
2559 521 2770 576 Domini
2805 537 2904 592 per
2948 523 3266 593 prophetam
3307 525 3506 580 dicitur
3528 543 3548 582 :

1969 630 1988 662 ι
2027 611 2202 681 Super
2228 627 2413 668 muros
2449 611 2746 668 Jerusalem
2795 599 3078 669 constituit
3117 615 3396 682 custodes,
3433 625 3548 672 tota

1964 703 2049 759 die
2079 715 2135 758 et
2156 701 2446 762 tota'nocte
2473 721 2580 761 non
2603 705 2857 762 tacebunt
2873 705 3094 761 laudare
3107 721 3305 763 nomen
3329 705 3549 765 Domini

1964 796 2102 868 (Isa.
2127 798 2282 869 an).
2324 817 2342 850 ι
2443 807 2445 810 ⁴
3103 798 3106 802 '

1971 903 1974 907 ι
2041 906 2060 938 ι
2093 888 2246 944 Fecit
2285 903 2499 959 quoque
2549 887 2805 944 Salomon
2839 890 3069 946 ducenta
3115 901 3270 948 scuta
3301 893 3369 949 de
3413 908 3548 950 auro

1968 998 1988 1032 ι
2023 997 2178 1052 puro.
2227 980 2526 1037 Sexcentos
2584 982 2702 1036 auri
2765 982 2926 1037 siclos
2993 982 3143 1038 dedit
3206 984 3262 1038 in
3316 984 3549 1040 laminas

1969 1089 1988 1124 ι
2027 1070 2166 1126 scuti
2193 1071 2354 1126 unius
2401 1079 2454 1127 et
2493 1081 2764 1128 trecentas
2793 1073 2965 1144 peltas
3013 1089 3078 1129 ex
3127 1090 3258 1129 auro
3297 1076 3545 1145 probato.

1969 1180 1987 1214 ‹
2025 1161 2302 1216 Trecenta:
2322 1162 2466 1216 enim
2487 1163 2644 1242 minae
2666 1164 2780 1218 auri
2806 1149 3186 1242 unamppeltam
3219 1165 3544 1232 vestiebant,

1969 1271 1988 1305 ι
2009 1253 2294 1324 posuitque
2320 1269 2413 1309 eas
2441 1267 2534 1308 rex
2563 1255 2615 1308 in
2640 1256 2798 1310 domo
2823 1257 2971 1311 silvae
2997 1241 3257 1312 Libani.)
3285 1259 3341 1313 ln
3361 1259 3548 1314 Verbis

1962 1355 2178 1418 quoqite
2218 1347 2428 1402 dierum
2459 1347 2531 1402 ita
2563 1347 2824 1417 scriptum
2852 1358 2937 1404 est
2963 1367 2976 1402 :
3021 1369 3039 1400 ι
3076 1349 3227 1404 Fecit
3256 1351 3422 1420 igitur
3453 1366 3548 1405 rex

1965 1438 2220 1496 Salomon
2253 1436 2512 1495 dueentas
2542 1427 2725 1496 hastas
2745 1457 2938 1496 aureas
2978 1443 3043 1518 de
3067 1425 3286 1497 summa
3315 1459 3540 1518 sexcen-

1963 1540 2139 1586 torum
2178 1546 2486 1596 aureorum,
2509 1531 2601 1601 qui
2632 1532 2686 1586 in
2721 1532 2892 1586 hastis
2917 1532 3143 1603 singulis
3168 1533 3550 1603 expendeban-

1964 1631 2071 1676 tur.
2102 1621 2367 1676 Trecenta
2409 1637 2626 1692 quoque
2653 1631 2806 1677 scuta
2842 1637 3006 1677 aurea
3051 1609 3419 1678 trecentorum
3444 1639 3546 1679 au-

1963 1732 2205 1780 reorum,
2235 1716 2432 1785 quibus
2477 1715 2789 1784 tegebantur
2815 1725 2966 1771 scuta
2997 1717 3226 1788 singula.
3253 1715 3550 1788 Posuitque

263 1827 412 1866 vera:
436 1812 657 1882 reginae,
682 1809 941 1865 Ecclesia:
965 1809 1218 1864 videlicet
1249 1825 1378 1873 suae,
1407 1810 1590 1863 omnia
1614 1824 1734 1878 quae
1763 1824 1857 1880 pe-
1883 1799 1931 1860 B
1957 1824 2022 1864 ea
2062 1822 2158 1864 rex
2196 1807 2252 1862 in
2303 1806 2689 1862 armentarium
2744 1806 2886 1878 quod
2942 1815 3060 1862 erat
3119 1809 3384 1864 consitum
3449 1825 3548 1864 ne-

262 1904 356 1970 tit,
374 1902 551 1969 dabit.
591 1903 670 1957 De
709 1917 818 1972 quo
854 1891 1118 1971 Scriptum
1145 1909 1228 1956 est
1261 1915 1276 1954 :
1309 1920 1326 1952 (
1362 1899 1701 1955 Desiderium
1734 1903 1856 1958 cor-'

261 1995 354 2050 dis
380 1993 497 2063 ejus
521 1994 756 2048 tribuisti
782 1993 855 2059 ei,
887 2002 944 2049 et
973 1994 1248 2049 voluntate
1273 1979 1538 2048 labiorum
1587 1993 1704 2064 ejus
1752 2010 1858 2050 non

263 2087 537 2142 fraudasti
586 2101 709 2140 eam
759 2084 935 2156 (Psal.
975 2086 1091 2157 xx).
1125 2106 1144 2138 ι
1188 2086 1254 2140 Et
1303 2086 1356 2141 in
1405 2085 1697 2157 Evangelio
1747 2086 1859 2156 ipse

261 2179 449 2234 dicit:
487 2197 507 2230 ι
561 2177 911 2250 Quaecunque
939 2179 1206 2250 petieritis
1265 2177 1479 2233 Patrem
1531 2178 1584 2232 in
1638 2178 1859 2233 nomine

265 2283 413 2334 meo,
441 2269 588 2324 dabit
617 2270 768 2323 vobis
799 2267 982 2339 (Joan.
1009 2267 1144 2339 xiv).
1187 2289 1204 2319 ι
1234 2267 1350 2323 Non
1377 2267 1551 2323 solum
1580 2279 1761 2322 autem
1793 2282 1859 2322 ea

267 2377 390 2430 quae
415 2361 672 2430 petimus,
700 2361 808 2415 imo
837 2360 999 2414 etiam
1029 2360 1119 2414 illa
1143 2375 1263 2429 quae
1291 2359 1528 2414 humana
1570 2358 1855 2430 fragilitas,

266 2461 366 2505 aut
391 2451 684 2507 nescit'aut
709 2465 816 2506 non
867 2450 1148 2520 praesumit
1195 2459 1398 2520 petere,
1459 2448 1696 2520 gratuito
1741 2465 1858 2504 mu-

263 2557 403 2597 nere
423 2541 666 2612 largitur.
1435 2531 1442 2538 ’

263 2669 266 2672 ~
348 2658 368 2691 ‹
412 2638 667 2708 Fecitque
690 2653 782 2692 rex
807 2637 872 2692 de
895 2635 1054 2708 lignis
1078 2635 1279 2706 tliyinis
1305 2633 1476 2690 fulcra
1514 2634 1705 2689 domus
1753 2633 1861 2688 Do-

274 2752 294 2782 ε
327 2731 483 2796 mini,
515 2739 568 2784 et
598 2730 790 2784 domus
810 2729 978 2799 regiae
991 2735 1046 2782 et
1067 2726 1306 2781 citharas
1332 2725 1585 2796 lyrasque
1611 2724 1858 2780 cantori-

275 2841 294 2874 ‹
335 2824 466 2878 bus.’
488 2819 604 2876 Non
636 2829 764 2874 sunt
787 2819 950 2874 allata
973 2817 1342 2888 hujuscemodi
1371 2815 1512 2887 ligna
1537 2816 1746 2886 thyina,
1775 2828 1863 2869 ne-

273 2918 312 2963 «⁷
332 2927 441 2983 que
470 2911 581 2965 visa
615 2925 783 2980 usque
813 2911 868 2964 in
897 2918 1217 2978 praesentem
1248 2907 1409 2962 diem.
1452 2927 1470 2960 ι
1517 2908 1592 2960 De
1619 2921 1727 2975 quo
1769 2905 1860 2962 Jo-

269 3007 472 3076 sephus
502 3007 576 3060 ita
607 3014 831 3059 narrat:
857 3004 1059 3058 Eodem
1093 3018 1223 3059 vero
1246 3011 1488 3074 tempore
1527 3002 1688 3057 delati
1738 3010 1863 3057 sunt

268 3101 409 3170 regi,
431 3116 461 3153 a
491 3109 637 3154 terra
665 3112 783 3169 quae
812 3109 1038 3154 vocatur
1063 3113 1251 3164 aurea,
1284 3097 1488 3166 lapides
1531 3096 1775 3167 pretiosi,
1807 3104 1863 3152 et

1958 1915 2110 1956 more
2142 1939 2158 1955 .
2191 1918 2209 1951 ›
2242 1897 2409 1954 Scuta
2453 1913 2583 1970 ergo
2637 1899 2802 1954 simul
2849 1909 2905 1955 et
2935 1901 3105 1955 hastae
3135 1915 3315 1955 aureae
3350 1901 3546 1970 quibus

1957 1995 2269 2059 utebantur,
2306 1985 2448 2048 sicut
2489 1993 2557 2048 in'
2595 1993 2947 2064 sequentibus
3005 1994 3331 2061 ostenditur,
3383 1994 3549 2052 duces

1959 2089 2050 2159 qui
2098 2089 2440 2144 excubabant
2492 2098 2618 2144 ante
2672 2089 2874 2146 ostium
2924 2091 3116 2147 domus
3170 2092 3350 2163 regis,
3403 2090 3549 2160 quid

1960 2181 2269 2250 significant
2297 2182 2400 2237 nisi
2441 2191 2778 2238 armaturam
2803 2184 3120 2253 spiritalem,
3153 2201 3315 2255 quam
3347 2185 3551 2241 habent

1957 2273 2341 2344 przedicatores
2365 2275 2560 2341 sancti,
2593 2276 2685 2345 qui
2716 2277 3029 2332 custodiunt
3056 2271 3272 2332 domum
3306 2277 3546 2345 Domini,

1959 2372 2014 2419 et
2035 2364 2308 2420 excubant
2353 2365 2419 2420 ad
2453 2366 2592 2420 ostia
2621 2365 2762 2436 ejus,
2793 2376 2855 2423 ut
2893 2368 3102 2424 callidis
3143 2369 3549 2424 insidiatoribus

1959 2458 2321 2514 intercludant
2371 2459 2598 2526 aditum,
2650 2476 2719 2516 ne
2759 2461 3042 2531 decipiant
3093 2463 3429 2530 innocentes,
3481 2463 3551 2519 de

1960 2546 2156 2616 quibus
2184 2549 2238 2602 in
2277 2548 2877 2607 Cantico'canticorum
2921 2549 3200 2624 scriptum
3228 2565 3348 2610 est:
3385 2577 3403 2607 ε
3441 2553 3546 2610 Le-

1961 2638 2165 2693 ctulum
2189 2638 2494 2697 Salomonis
2521 2644 2802 2714 sexaginta
2847 2644 3018 2700 fortes
3048 2645 3295 2700 ambiunt
3323 2661 3388 2702 ex
3436 2645 3547 2702 for-

1964 2732 2188 2788 tissimis
2219 2734 2404 2800 Israel,
2439 2751 2632 2792 omnes
2663 2733 2910 2793 tenentes
2956 2738 3185 2810 gladios,
3229 2748 3284 2792 et
3313 2741 3380 2794 ad
3407 2739 3545 2794 bella

1961 2822 2258 2892 doctissimi
2299 2825 2476 2898 (Cant.
2511 2827 2620 2899 ιιι),
2656 2848 2674 2879 ι
2709 2830 2834 2899 quia
2861 2839 2915 2884 et
2945 2839 3266 2898 przesentem
3295 2829 3551 2886 Ecclesia:

1963 2916 2198 2987 quietem
2227 2933 2290 2972 ac
2333 2933 2521 2988 pacem
2556 2915 2946 2989 praedicatores
2972 2911 3144 2978 sancti
3192 2931 3380 2979 contra
3433 2923 3546 2978 haz-

1963 3009 2254 3064 reticorum
2305 3018 2526 3066 tuentur
2565 3011 2834 3079 incursus,
2886 3023 2942 3068 et
2987 3015 3255 3070 internam
3310 3016 3550 3072 caelestis

1964 3103 2153 3171 patriae
2182 3104 2424 3172 requiem
2458 3103 2812 3174 perfectiores
2846 3098 3059 3178 qunque
3101 3110 3210 3164 fixa
3253 3109 3555 3165 intentione

269 3190 418 3263 ligna
451 3193 655 3263 thyiua,
685 3191 882 3261 quibus
911 3207 1040 3247 usus
1062 3199 1145 3246 est
1175 3191 1241 3245 ad
1271 3188 1642 3243 fortitudinem
1679 3186 1861 3257 templi
1888 3171 1933 3234 Ο
1965 3171 2327 3264 speculantur.
2353 3171 2497 3252 Bene
2543 3209 2722 3254 autem
2764 3171 3010 3256 iterando
3039 3203 3386 3275 adjungitur:
3425 3222 3443 3255 ‹
3473 3203 3554 3259 Ex

269 3285 636 3354 domitumque
694 3284 956 3355 regalium
1017 3291 1072 3339 et
1123 3285 1190 3339 ad
1257 3284 1618 3339 instrumenta
1687 3283 1861 3336 musi-

268 3392 484 3441 corum,
544 3375 777 3448 fecitque
836 3377 1074 3432 citharas
1137 3385 1194 3430 et
1247 3375 1454 3441 nablas,
1506 3384 1566 3429 ut
1621 3375 1863 3430 dicereut

267 3469 541 3540 hymnum
611 3468 720 3524 Deo
789 3468 984 3524 levitae.
1041 3468 1294 3525 Omnium
1344 3483 1473 3523 vero
1521 3483 1703 3523 rerum
1744 3484 1864 3538 qua:

267 3558 494 3615 fuerunt
547 3576 866 3631 quocunque
929 3569 1171 3632 tempore
1237 3560 1350 3631 regi
1399 3559 1594 3623 delata,
1635 3574 1697 3614 ea
1744 3574 1865 3628 quae

271 3652 364 3708 illo
415 3652 501 3708 die
549 3653 724 3707 delata
764 3661 912 3720 sunt,
946 3653 1374 3726 magnitudinem
1409 3661 1465 3706 et
1497 3650 1861 3722 pulchritudi-

273 3761 404 3800 nem
459 3747 856 3816 praecellebant.
899 3746 1089 3801 Nullus
1145 3746 1311 3816 igitur
1366 3745 1682 3809 arbitretur,
1738 3743 1864 3812 quia

271 3837 418 3909 ligna
445 3840 628 3910 tbyiua
651 3855 771 3910 quae
814 3857 956 3895 nunc
992 3849 1216 3918 propter
1249 3839 1481 3909 pretium
1515 3836 1863 3892 vendentium

270 3935 355 3990 sic
374 3936 736 4006 appellantur,
765 3936 871 3992 illis
899 3937 1072 3992 vicina
1087 3937 1213 3991 sint.
1242 3937 1330 3990 llla
1361 3928 1866 4006 siquidem'visione

272 4027 517 4082 rotunda
562 4030 714 4098 quasi
763 4030 917 4100 pinea
980 4039 1127 4095 sunt,
1181 4029 1274 4084 sed
1329 4030 1501 4083 multo
1547 4028 1864 4084 candidiora

269 4128 331 4174 et
370 4120 525 4175 valde
568 4119 844 4193 fulgentia.
892 4121 1006 4176 Hoc
1042 4131 1222 4177 autem
1253 4121 1387 4188 dixi,
1434 4130 1492 4176 ut
1541 4121 1721 4176 nullus
1769 4138 1866 4176 na-

272 4218 454 4264 turam
495 4225 637 4266 vera:
683 4212 875 4282 pignus
923 4214 1216 4284 ignoraret.
1261 4212 1398 4268 Sunt
1441 4214 1606 4277 enim,
1639 4213 1779 4268 sicut
1811 4213 1865 4267 in

272 4299 554 4370 cujusdam
603 4303 878 4358 volumine
905 4304 1031 4375 legi,
1072 4303 1422 4374 imputribilia
1463 4310 1517 4358 et
1549 4303 1785 4373 Spinosa,
1812 4305 1865 4358 in

273 4393 686 4466 similitudinem
718 4396 853 4451 alba:
903 4397 1093 4466 spinae,
1143 4403 1198 4451 et
1246 4410 1416 4464 usque
1453 4395 1615 4450 hodie
1665 4393 1866 4450 Judzeis

273 4485 571 4557 incognita.
601 4486 744 4542 Bene
773 4497 953 4543 autem
984 4487 1182 4542 dicitur
1214 4478 1356 4558 quod
1386 4504 1483 4542 rex
1515 4487 1769 4544 Salomon
1799 4489 1865 4545 dc

273 4575 440 4646 lignis
461 4578 716 4646 pretiosis
745 4579 907 4634 nimis
936 4579 1129 4634 fecerit
1153 4579 1323 4634 fulcra
1357 4580 1548 4636 domus
1578 4579 1788 4636 Domini
1811 4590 1868 4636 et

275 4669 474 4724 domus
497 4671 678 4740 regite,
705 4680 761 4726 et
787 4671 1026 4727 citharas
1065 4672 1318 4743 lyrasque
1354 4672 1702 4737 cantoribus;
1739 4673 1865 4742 quia

276 4761 534 4816 conditor
557 4771 740 4817 noster
759 4763 904 4834 ligna
927 4764 1184 4834 pretiosa,
1218 4766 1321 4820 hoc
1349 4773 1431 4820 est
1463 4765 1714 4821 doctores
1738 4781 1865 4821 san-

275 4857 525 4917 ctorum,
547 4868 774 4922 quorum
802 4853 951 4908 viror
992 4869 1269 4924 nunquam
1296 4854 1563 4910 decrescit
1589 4853 1734 4922 fidei,
1766 4873 1867 4912 nec

277 4942 414 4997 folia
445 4945 732 5000 verborum
759 4945 1014 5001 decidunt
1040 4962 1056 5013 ;
1091 4946 1186 5001 sed
1212 4946 1305 5017 qui
1334 4945 1570 5001 fructum
1600 4946 1866 5003 bonorum

279 5051 512 5106 operum
551 5037 780 5092 reddunt
815 5037 1152 5109 temporibus
1187 5039 1320 5106 suis,
1363 5039 1428 5094 ad
1461 5041 1739 5095 munimen
1770 5041 1868 5096 do-

281 5145 408 5185 mus
434 5129 525 5185 Dei
555 5140 610 5186 et
632 5131 824 5188 domus
856 5133 1036 5205 regiae,
1063 5133 1164 5188 hoc
1197 5141 1280 5188 est
1307 5133 1375 5188 ad
1403 5133 1869 5190 confirmationem

279 5221 546 5277 Ecclesia:
573 5239 682 5279 suae
722 5225 898 5295 punit,
939 5235 998 5280 ut
1043 5241 1232 5280 eorum
1265 5226 1502 5298 undique
1543 5227 1740 5282 vallata
1770 5229 1879 5284 do-.

279 5315 478 5370 ctrinis
511 5325 567 5371 et
617 5317 897 5386 exemplis,
936 5317 1146 5372 ruinam
1199 5333 1389 5374 eorum
1442 5319 1707 5374 scelerum
1760 5336 1869 5376 non

282 5409 511 5465 sentiat.
567 5409 832 5482 Talesque
874 5413 974 5468 viri
1024 5413 1221 5468 merito
1266 5423 1325 5468 ut
1366 5414 1590 5470 cithara:
1633 5424 1690 5470 et
1740 5415 1872 5487 lyrae

282 5504 355 5563 ad
381 5503 713 5561 laudandum
740 5507 1022 5562 Dominum
1043 5507 1294 5564 fabricati
1318 5507 1593 5574 dicuntur,
1617 5509 1872 5580 quoniam

283 5613 626 5669 quaecunque
657 5597 886 5654 fecerint
917 5599 1401 5672 prosperabuntur,
1421 5607 1492 5657 'et
1523 5600 1738 5656 laudem
1769 5600 1874 5656 Do-

284 5695 425 5752 mini
449 5696 594 5752 inter
617 5696 843 5752 adversa
868 5705 922 5752 et
950 5711 1230 5768 prospera,
1256 5696 1440 5761 corde,
1479 5711 1595 5762 ore,
1631 5695 1789 5751 simul
1819 5703 1874 5750 et

283 5801 456 5856 opere
497 5791 851 5859 pronuntiare
887 5804 996 5848 non
1037 5797 1272 5847 cessant.
1304 5787 1371 5844 lli
1413 5789 1674 5860 quidquid
1708 5797 1874 5859 agunt

1966 3285 2274 3343 fortissimis
2315 3289 2498 3344 Israel.
2538 3311 2556 3343 ι
2589 3291 2756 3346 lsrael
2789 3293 3007 3362 quippe,
3051 3296 3130 3348 vir
3169 3295 3348 3349 videns
3383 3294 3552 3350 Deum

1963 3377 2370 3449 interpretatur.
2403 3381 2604 3439 Omnes
2628 3385 2846 3454 quidem
2875 3386 2968 3455 qui
3001 3387 3068 3441 ad
3103 3386 3300 3442 divinae
3329 3387 3555 3443 visionis

1963 3474 2154 3544 gaudia
2187 3476 2434 3541 tendunt,
2461 3485 2606 3534 recte
2644 3478 2810 3535 lsrael
2843 3481 3062 3535 nomine
3101 3491 3411 3536 censentur.
3432 3463 3555 3538 Sed

1962 3561 2266 3632 fortissimi,
2317 3566 2511 3648 inquit,
2545 3569 2598 3622 in
2649 3571 2728 3626 eis
2776 3579 2901 3627 sunt
2948 3573 3134 3643 utique
3171 3574 3270 3641 illi,
3301 3575 3393 3643 qui
3438 3575 3556 3629 sive

1965 3656 2201 3712 caelestis
2243 3659 2383 3712 dono
2418 3661 2804 3730 speculationis
2842 3663 3218 3732 sublimantur,
3269 3680 3362 3720 seu
3409 3679 3552 3734 prae-

1965 3747 2248 3804 dicationis
2284 3751 2647 3806 ministerium
2687 3753 2792 3808 rite
2817 3755 3186 3826 peragendum
3226 3755 3550 3826 suscipiunt.

1965 3838 2066 3906 Qui
2095 3848 2150 3894 et
2177 3849 2301 3910 apte
2327 3844 2681 3914 sexagenario
2707 3853 2835 3899 sunt
2864 3861 3089 3900 numero
3113 3846 3403 3918 designati,
3426 3847 3554 3916 quia

1966 3931 2100 3987 tales
2146 3934 2405 3988 nimirum
2449 3936 2733 3991 denarium
2781 3925 3000 3993 aeterna:
3033 3938 3409 3994 retributionis
3454 3953 3552 4008 pro

1964 4023 2296 4094 perfectione
2341 4028 2495 4082 home
2541 4028 2872 4097 operationis
2915 4031 3266 4098 exspectant,
3307 4049 3325 4081 ‹
3363 4043 3555 4083 omnes

1969 4125 2212 4171 tenentes
2245 4116 2450 4187 gladios
2490 4126 2545 4172 ct
2595 4119 2663 4173 ad
2716 4119 2857 4174 bella
2909 4120 3234 4188 doctissimi,
3268 4140 3286 4172 ι
3325 4121 3445 4176 illos
3475 4128 3555 4175 te~

1967 4216 2154 4262 nentes
2184 4207 2408 4278 gladius,
2433 4210 2499 4263 de
2539 4209 2737 4280 quibus
2765 4210 2898 4265 dicit
2921 4209 3214 4280 Apostolus
3250 4229 3262 4264 :
3302 4230 3321 4262 ‹
3358 4211 3426 4265 Ει
3451 4227 3550 4283 ga-

1967 4301 2107 4356 leam
2141 4303 2332 4357 salutis
2363 4305 2644 4370 assumite,
2677 4299 2731 4359 et
2751 4303 2986 4376 gladium
3017 4304 3262 4374 spiritus,
3299 4306 3440 4374 quod
3472 4315 3558 4360 est

1965 4397 2191 4451 verbum
2214 4395 2308 4451 Dei
2328 4397 2543 4467 (Ephes.
2579 4398 2677 4469 vr).
2703 4419 2721 4451 ι
2756 4398 2838 4453 Ad
2869 4398 2957 4452 illa
2982 4394 3466 4465 bella‘doctissimi,
3491 4400 3558 4455 de

1968 4491 2165 4560 quibus
2204 4491 2346 4546 idem
2373 4491 2653 4559 admonet,
2693 4490 2917 4548 dicens:
2964 4510 2984 4542 ‹
3023 4491 3230 4546 lnduite
3251 4507 3348 4547 vos
3369 4506 3553 4546 arma-

1971 4593 2147 4640 turam
2190 4584 2308 4650 Dei,
2341 4593 2400 4639 ut
2435 4584 2656 4656 possitis
2698 4570 2845 4640 Stare
2877 4584 3138 4639 adversus
3177 4583 3402 4639 insidias
3445 4583 3559 4638 dia-

1969 4676 2110 4741 boli;
2138 4677 2264 4746 quia
2297 4691 2402 4730 non
2432 4685 2516 4730 est
2539 4675 2696 4731 nobis
2718 4674 3025 4730 colluctatio
3045 4673 3306 4749 adversus
3333 4689 3558 4730 carnem

1969 4779 2024 4826 et
2061 4770 2402 4839 sanguinem,
2434 4769 2528 4824 sed
2570 4769 2832 4824 adversus
2866 4767 3142 4840 principes
3167 4777 3222 4822 et
3259 4775 3558 4838 potestates
3629 4767 3644 4814 ξ

1971 4861 2136 4935 (1b.);
2165 4881 2183 4911 ι
2209 4869 2312 4916 etc.
2337 4860 2403 4915 Et
2425 4845 2571 4915 recte
2595 4859 2918 4924 doctissimi,
2944 4859 3068 4930 quia
3092 4858 3326 4914 bellandi
3359 4873 3557 4927 magna

1971 4963 2090 5009 arte
2137 4952 2396 5023 indigent,
2438 4953 2530 5022 qui
2575 4966 2743 5007 carne
2792 4951 3006 5017 inclusi,
3063 4953 3118 5005 in
3165 4950 3326 5006 terris
3368 4948 3552 5018 positi,

1972 5055 2160 5102 contra
2212 5041 2796 5115 spiritalia'ncquitiae
2858 5045 2910 5098 in
2963 5044 3276 5099 coelestibus
3325 5047 3557 5095 certant.

1973 5141 2164 5212 Magna
2193 5149 2331 5206 arte,
2378 5139 2489 5195 imo
2517 5155 2710 5211 magna
2767 5140 2863 5195 Dei
2905 5139 3077 5210 gratia
3121 5137 3384 5206 indigent,
3436 5147 3561 5187 cum

1974 5245 2165 5292 contra
2195 5234 2580 5306 archangelum
2625 5242 2704 5290 tot
2749 5233 2987 5288 millibus
3020 5246 3284 5286 annorum
3323 5229 3390 5283 ad
3422 5227 3564 5282 bella

1973 5330 2350 5395 exercitatum,
2397 5331 2580 5386 carnis
2631 5328 2896 5400 fragilitas
2945 5333 3168 5398 pugnat.
3211 5322 3383 5380 Recte
3434 5324 3576 5395 ergo’

1981 5421 2226 5477 ducenta:
2277 5421 2450 5477 hastae
2496 5423 2561 5477 de
2603 5437 2815 5476 summa
2865 5428 3247 5475 sescentorum
3299 5415 3559 5472 siclorum

1982 5512 2140 5570 factm
2176 5517 2322 5581 sunt,
2374 5515 2500 5584 Quia
2534 5513 2817 5583 utriusque
2850 5511 2891 5565 Τ
2896 5509 3186 5565 estamenti
3234 5507 3480 5565 doctrina
3509 5516 3564 5562 et

1981 5606 2295 5676 operatione
2338 5605 2562 5676 perfecti
2610 5620 2730 5659 esse
2773 5609 3088 5664 noscuntur,
3139 5615 3262 5656 cum
3303 5599 3564 5670 quidquid

1981 5711 2231 5752 sermone
2255 5697 2539 5752 docuerint
2563 5694 2720 5749 bonis
2739 5692 3001 5762 exemplis
3026 5691 3411 5762 probaverunt.
3428 5688 3563 5746 Nec-

1981 5804 2089 5845 non
2117 5797 2175 5845 et
2201 5790 2430 5846 ducenta
2459 5795 2611 5844 scuta
2641 5801 2871 5857 quorum
2895 5782 3107 5858 singula
3155 5785 3379 5844 trecenti
3405 5797 3572 5844 aures
