4044 6336
516 295 618 354 ἐνδῖ

1563 285 1912 342 messem
1953 281 2412 344 LUXOVIENSIS
2449 284 2755 365 nemora

514 405 838 470 vestiebant,
869 401 1166 472 perfectam
1199 399 1359 456 fidem
1382 415 1574 455 eorum
1595 400 1920 472 significant,
1947 414 2110 470 quam
2138 403 2188 468 Α
2216 400 2320 469 ιιι).
2361 419 2379 452 ι
2412 400 2698 458 Ferculum
2730 399 2856 454 inde
2885 397 3113 463 dictum,
3147 396 3289 466 quod
3337 397 3420 454 vel
3451 399 3821 459 residenliu

513 514 576 559 ιιι
619 506 826 554 sancta:
879 495 1170 552 Trinitatis
1217 492 1559 550 confessione
1613 492 1904 548 habebant.
1947 491 2107 550 Bene

514 606 647 668 ergo
673 589 932 650 custodes
957 591 1151 646 domus
1181 589 1280 644 Dei
1305 589 1491 644 hastas
1530 596 1585 644 et
1612 597 1765 644 scuta
1789 603 1954 646 aurea
1976 603 2105 659 per.

505 695 654 763 tant,
691 685 820 757 quia
867 680 1043 738 sancti
1091 679 1498 751 praadicatores,
1529 679 1619 749 qui
1677 687 1806 734 sunt
1853 678 2110 736 Ecclesia:

507 784 720 831 sanctae
749 773 1023 839 custodes,
1053 770 1301 828 claritate
1332 787 1580 842 supernze
1623 770 1898 842 sapientia:
1926 769 2109 840 Splen-

513 866 733 932 dentes,
781 873 836 920 et
866 865 1155 920 verborum
1179 861 1378 931 jaculis
1411 863 1661 917 inimicos
1688 861 2030 926 confodiunt,
2056 866 2111 914 et

515 971 674 1019 scuto
718 958 858 1015 sacri
897 957 1022 1011 ﬁdei
1067 955 1170 1010 tela
1201 955 1522 1026 nequissimi
1579 955 1737 1024 ignea
1787 952 2110 1023 repellentes

527 1053 891 1120 exstinguunt.
935 1047 1088 1114 Quod
1142 1057 1323 1102 autem
1365 1046 1676 1117 adjungitur
1717 1064 1729 1100 :
1769 1066 1786 1095 ‹
1813 1045 2000 1100 Posuit
2045 1058 2111 1108 ea

525 1159 616 1197 rex
645 1142 698 1196 in
724 1141 883 1195 domo
906 1139 1055 1194 silvae
1083 1137 1297 1201 Libani,
1328 1157 1346 1189 ι
1385 1147 1510 1207 apte
1550 1138 1676 1192 huic
1698 1137 1956 1208 mysterio
1979 1121 2110 1192 eon-

525 1233 684 1303 gruit.
719 1230 858 1298 Quid
893 1244 1024 1300 ergo
1055 1228 1190 1284 silva
1236 1228 1456 1293 Libani,
1488 1227 1590 1283 nisi
1646 1227 1886 1297 gentium
1923 1226 2112 1288 Εεοιθτ

526 1327 656 1378 siam
691 1322 982 1396 significat,
1022 1338 1144 1393 qua:
1186 1323 1251 1378 de
1293 1319 1438 1376 fastu
1483 1321 1750 1390 superbiae
1794 1321 2026 1386 abscisa,
2060 1320 2115 1378 in

525 1417 728 1473 fabrica
776 1417 968 1471 domus
997 1415 1095 1471 Dei
1145 1414 1536 1472 convenienter
1585 1415 1839 1483 aptatur?
1880 1414 2033 1470 Unde
2061 1422 2118 1472 οι

527 1524 616 1576 per
643 1507 993 1562 Psalmistam
1042 1506 1284 1562 dicitur:
1323 1524 1341 1559 ι
1377 1505 1521 1561 Ecce
1567 1505 1873 1560 audivimus
1909 1520 2030 1559 eam
2063 1504 2118 1560 in

527 1600 761 1669 rlphrata
789 1639 806 1666 ,
853 1597 1162 1656 invenimus
1224 1614 1347 1656 eam
1390 1598 1448 1654 in
1491 1599 1697 1668 campis
1749 1598 1899 1654 silvae
1939 1595 2117 1668 (Prol.

526 1691 733 1765 cxxxr),
777 1713 796 1746 ι
831 1701 937 1749 etc.

2211 503 2266 554 et
2286 493 2736 550 discumbentium
2753 493 2808 547 in
2825 490 3320 561 conviviocorpora
3335 489 3500 557 ferat,
3522 493 3608 548 vel
3627 496 3820 565 ipsum

2211 586 2280 640 de
2307 586 2426 640 loco
2450 587 2516 640 ad
2545 586 2721 640 locum
2762 585 2938 640 soleat
2977 597 3080 652 pro
3107 585 3372 652 temporis
3397 588 3826 655 opportunitate

2212 677 2574 742 circumferri.
2603 677 2702 734 Cui
2729 678 2924 733 merito
2945 687 3130 734 sancta
3165 678 3407 733 Ecclesia
3436 690 3821 750 comparatur,

2213 789 2333 844 qua:
2354 773 2638 830 credentes
2657 773 2724 826 ad
2743 781 2963 827 aeterna:
2979 771 3103 826 vitae
3124 769 3476 827 refectionem
3498 774 3828 839 praedicato-

2216 881 2334 924 rum
2357 879 2577 920 suorum
2601 864 2858 935 mysterio
2878 861 3214 919 circumfert.
3229 863 3516 918 Ferculum
3534 864 3726 932 itaque
3745 878 3829 918 ro-

2214 959 2296 1029 gis
2317 956 2510 1022 nostri,
2525 964 2712 1013 sancta
2735 955 2980 1011 Ecclesia
3007 966 3248 1026 est,qure
3279 955 3346 1009 de
3371 953 3600 1010 fortibus
3621 956 3826 1025 praedi-

2215 1049 2492 1105 catoribus
2513 1047 2668 1116 quasi
2699 1046 2860 1118 lignis
2882 1047 3140 1112 cedrinis,
3159 1047 3582 1116 imputribilibus
3619 1046 3828 1101 menti-

2217 1142 2320 1200 bus
2370 1150 2455 1198 est
2504 1150 2837 1196 constructa.
2893 1141 3026 1207 Quae
3079 1148 3227 1195 recte
3277 1139 3539 1195 ferculum
3591 1141 3820 1204 dicitur,

2219 1235 2347 1305 quia
2377 1235 2491 1305 ipse
2527 1233 2633 1288 fert
2685 1233 2928 1303 quotidie
2957 1233 3168 1286 animas
3204 1232 3271 1286 ad
3313 1241 3575 1286 :eternum
3635 1231 3830 1288 convi-

2219 1325 2366 1380 vium
2395 1324 2710 1380 Conditoris
2737 1324 2840 1378 sui.
2875 1321 2974 1378 Cui
3011 1321 3222 1376 ferculo
3252 1321 3520 1376 columme
3543 1330 3828 1390 argentea

2223 1416 2377 1472 facta:
2418 1425 2563 1481 sunt,
2607 1412 2742 1486 'quia
2780 1416 3169 1488 praedicatores
3211 1415 3390 1469 sancti
3435 1414 3640 1480 eloquii
3699 1415 3824 1468 luce

2222 1509 2590 1579 resplendent.
2627 1507 2726 1563 Est
2751 1516 2932 1563 autem
2962 1507 3232 1562 columms
3281 1506 3556 1576 argenteis
3585 1505 3831 1560 reclina-

2224 1603 2426 1659 torium
2458 1618 2705 1668 aureum,
2735 1603 2862 1672 quia
2891 1617 2989 1671 per
3015 1602 3119 1657 hoc
3151 1600 3294 1670 quod
3325 1617 3358 1655 a
3383 1601 3587 1654 sanctis
3625 1599 3831 1669 praedi-

2227 1701 2506 1755 catoribus
2545 1699 2718 1754 lucide
2749 1699 2972 1761 dicitur,
3001 1704 3214 1751 mentes
3237 1693 3576 1750 audientium
3611 1691 3830 1760 fulgore

601 1825 622 1860 ι
657 1805 806 1862 Fecit
830 1820 961 1877 ergo
988 1818 1084 1859 rex
1108 1803 1364 1860 Salomon
1389 1806 1645 1858 thronum
1678 1803 1743 1857 de
1767 1803 1934 1858 ebore
1961 1818 2126 1872 μεη-
2153 1771 2202 1834 Β
2227 1793 2494 1849 claritatis
2547 1792 2750 1847 intimae
2772 1832 2786 1855 ,
2827 1791 2883 1844 in
2926 1805 3034 1860 qua
3083 1787 3418 1843 reclinentur
3440 1825 3456 1852 ,
3511 1783 3827 1838 inveniunt.

533 1919 552 1952 ι
587 1900 742 1963 dem;
773 1907 828 1953 et
854 1897 1076 1952 vestivit
1119 1911 1243 1950 eum
1275 1911 1412 1950 auro
1440 1895 1588 1950 fulvo
1617 1895 1926 1964 nimis,,qui
1957 1895 2125 1950 habe-

534 2011 556 2046 ι
591 1991 687 2046 bat
713 2005 809 2046 sex
835 1991 1058 2062 gradus.
1085 1989 1154 2044 Et
1182 1991 1468 2045 summitas
1497 1989 1676 2044 throni
1729 1989 1961 2043 rotunda
2003 1993 2125 2044 erat

536 2097 555 2142 ι
589 2081 649 2136 in
671 2091 827 2152 parte
847 2081 1162 2152 posteriori,
1191 2090 1248 2136 et
1277 2081 1396 2136 dua:
1421 2096 1614 2135 manus
1647 2080 1783 2136 hinc
1808 2088 1971 2150 atque
1998 2079 2125 2140 inde

535 2193 554 2228 ι
593 2184 843 2231 tenentes
868 2174 1057 2241 sedile,
1088 2182 1144 2229 et
1176 2175 1282 2229 duo
1317 2173 1504 2229 leones
1553 2175 1776 2228 stabant
1810 2173 1964 2243 juxta
2010 2188 2125 2227 man

537 2284 556 2326 ς
592 2281 694 2322 nus
731 2265 972 2337 singulas
1002 2283 1015 2320 :
1057 2273 1110 2320 et
1129 2265 1414 2320 duodecim
1445 2265 1679 2321 leunculi
1713 2273 1920 2319 stantes
1962 2277 2126 2336 super

536 2380 554 2414 ι
592 2374 688 2416 sex
733 2360 934 2430 gradus
964 2358 1094 2415 hinc
1139 2356 1306 2429 atque
1349 2359 1493 2414 inde.
1531 2377 1548 2409 ι
1583 2358 1789 2413 Solium
1821 2372 1951 2428 ergo
1979 2356 2126 2427 quod

531 2465 628 2508 rex
651 2451 908 2507 Salomon
940 2450 1087 2516 fecit,
1125 2451 1264 2506 bene
1292 2450 1538 2506 Ecclesia
1567 2459 1756 2505 sancta
1781 2448 2125 2518 intelligitur,

487 2540 585 2604 .in
607 2555 714 2612 qua
744 2541 1000 2612 pacificus
1041 2550 1227 2596 noster
1267 2556 1524 2612 regnans,
1552 2539 1760 2609 judicia
1801 2555 1900 2594 sua
1944 2538 2127 2596 facere

532 2633 888 2704 dignoscitur,
929 2631 1057 2702 quia
1106 2631 1288 2686 anima
1317 2650 1336 2684 ‹
1369 2630 1529 2699 justi,
1583 2631 1740 2686 sedes
1785 2637 1868 2685 est
1914 2628 2128 2699 sapien-

535 2723 643 2780 tiae.
689 2744 706 2776 ι
743 2725 813 2778 Ει
857 2725 994 2780 bene
1023 2724 1088 2780 de
1138 2723 1302 2779 ebore
1350 2723 1479 2779 illud
1509 2722 1716 2779 factum
1762 2736 1882 2777 esse
1921 2736 2129 2776 memo-

535 2824 708 2882 ratur,
738 2815 878 2884 quod
905 2831 1010 2870 non
1043 2815 1110 2870 ad
1151 2816 1297 2892 solas
1327 2815 1548 2870 divitias
1585 2813 1952 2886 intelligamus
1979 2821 2129 2884 apta‘

532 2915 666 2972 tum,
697 2904 788 2961 sed
819 2906 1076 2976 quoniam
1101 2907 1360 2976 elephans
1388 2907 1542 2977 cujus
1571 2908 1688 2962 haec
1719 2922 1844 2962 ossa
1885 2913 2012 2962 sunt
2045 2905 2128 2959 ni-

532 2999 655 3054 mia:
703 2999 968 3054 castitatis
1009 3001 1294 3067 asseritur,
1324 3002 1417 3070 qui
1467 3001 1610 3056 inter
1657 2999 2034 3072 quadrupedia
2070 3007 2127 3054 et

530 3103 695 3144 sensu
740 3089 1031 3159 plurimum
1087 3091 1271 3158 valet,
1323 3103 1378 3147 et
1443 3101 1814 3163 temperanter
1861 3092 2123 3148 miscetur

535 3177 753 3235 femina:
795 3196 925 3248 suae,
987 3191 1042 3237 et
1068 3183 1296 3251 conjuge
1322 3186 1560 3240 secunda
1601 3201 1708 3240 non
1753 3185 1948 3240 utitur.
2003 3183 2120 3240 Hoc

531 3270 746 3342 pudicis
783 3272 1068 3327 animabus
1100 3275 1354 3330 decenter
1397 3284 1641 3345 aptatum
1685 3285 1770 3332 est
1796 3317 1810 3342 ,
1846 3277 1972 3347 quia
2019 3276 2124 3330 illa!

532 3365 671 3420 ebur
684 3363 848 3420 fuisse
865 3374 1184 3432 noscuntur,
1211 3381 1333 3435 quae
1354 3382 1451 3435 per
1467 3368 1775 3422 castitatem
1797 3366 2000 3423 Christi
2026 3369 2130 3424 Βο-

534 3454 670 3510 mini
697 3466 964 3528 praecepta
987 3465 1187 3512 secutae
1209 3467 1354 3514 sunt.
1385 3457 1537 3514 Hanc
1579 3459 1795 3515 vestivit
1815 3475 1948 3514 auro
1979 3459 2128 3516 fulvo

533 3546 719 3614 nimis,
744 3549 874 3619 quia
911 3548 1252 3619 splendorem
1283 3548 1470 3621 gloriae
1507 3563 1619 3606 suae
1651 3564 1715 3604 ca
1763 3549 2128 3607 inclarescere

532 3640 681 3708 fecit,
715 3659 837 3698 cum
864 3658 961 3714 per
984 3643 1136 3714 signa
1161 3651 1217 3697 et
1253 3642 1514 3698 miracula
1542 3641 1844 3712 majestatis
1876 3659 1986 3699 sua:
2026 3660 2126 3716 po-

531 3735 758 3790 tentiam
807 3735 1065 3791 ostendit.
1113 3735 1358 3792 Habebat
1401 3744 1586 3792 autem
1636 3737 1868 3792 thronus
1899 3737 2002 3792 iste
2027 3752 2126 3792 sex

533 3827 753 3897 gradus.
785 3826 924 3894 Quid
975 3842 1072 3897 per
1125 3827 1402 3884 senarium
1459 3821 1772 3893 numerum,
1813 3827 1918 3882 nisi
1950 3828 2127 3883 bono-

535 3932 652 3970 rum
675 3931 898 3986 Opcrum
921 3916 1182 3986 perfectio
1200 3917 1550 3989 designatur?
1568 3937 1585 3968 ι
1613 3916 1722 3972 Sex
1738 3917 1930 3973 diebus
1955 3915 2130 3988 perfe-

533 4009 607 4064 cit
628 4009 813 4064 mundi
840 4020 1111 4076 ornatum,
1141 4021 1194 4066 ct
1217 4013 1447 4083 septimo
1471 4012 1735 4081 requievit
1773 4013 1842 4068 ab
1869 4013 2130 4083 operibus

533 4099 647 4153 suis
674 4095 828 4170 (Gen.
860 4101 921 4172 ι).
958 4121 975 4152 ι
1005 4101 1284 4171 Siquidem
1309 4113 1364 4158 et
1389 4103 1644 4158 senarius
1673 4103 1882 4172 primus
1907 4111 1991 4157 est
2023 4119 2127 4157 nu-

533 4205 740 4256 merus,
768 4191 861 4260 qui
891 4193 1003 4247 suis
1048 4194 1292 4262 partibus
1320 4194 1595 4266 perfectus
1623 4211 1744 4252 esse
1771 4194 2126 4266 dignoscitur.

532 4276 709 4338 Habet
731 4282 876 4336 enim
929 4285 1275 4342 medietatem
1326 4287 1450 4352 tria,
1487 4288 1706 4342 tertiam
1743 4295 1954 4358 partem
1998 4288 2124 4352 duo,

533 4385 740 4430 sextam
767 4389 931 4427 unum
959 4388 973 4427 :
999 4391 1166 4430 unum
1212 4390 1363 4442 vero,
1395 4378 1524 4442 duo,
1572 4386 1627 4433 et
1675 4378 1802 4442 tria,
1841 4392 1941 4433 sex
1966 4377 2124 4432 fiunt.

533 4462 700 4533 Igitur
720 4463 847 4532 quia
891 4471 945 4516 et
968 4479 1064 4518 sex
1089 4465 1339 4521 aetatibus
1365 4468 1600 4522 mundus
1647 4477 1880 4533 constat,
1909 4467 1962 4521 in
2003 4468 2128 4537 qui-

532 4563 634 4608 bus
665 4553 788 4609 licet
813 4555 1030 4624 operari
1057 4557 1308 4627 quisquis
1343 4558 1412 4614 ad
1441 4559 1718 4616 ctelestem
1743 4560 1974 4629 patriam
2003 4576 2128 4630 per-

535 4645 721 4698 venire
747 4644 1043 4711 desiderat,
1073 4647 1232 4702 bonis
1273 4649 1532 4718 operibus
1561 4651 1856 4704 ascendere
1888 4649 2128 4718 festinet,

532 4737 661 4808 quia
711 4735 816 4791 nisi
862 4737 1019 4792 bonis
1069 4739 1284 4794 actibus
1333 4742 1676 4808 ascendatur,
1712 4741 1853 4812 illuc
1907 4743 2132 4800 minime

532 4827 869 4898 pervenitur.
902 4845 920 4878 ι
949 4827 1016 4881 Ει
1062 4832 1349 4886 summitas
1395 4832 1576 4888 throni
1625 4835 1857 4890 retunda
1903 4845 2020 4890 erat
2070 4835 2130 4892 in

534 4927 689 4987 parte
728 4918 1038 4989 posteriori.
1073 4939 1092 4972 ι
1137 4920 1278 4987 Quid
1307 4924 1454 4978 enim
1492 4925 1799 4982 rotunditas
1841 4927 2024 4982 throni
2073 4928 2128 4982 in

535 5019 690 5079 parte
721 5013 1047 5082 posteriori,
1079 5013 1184 5069 nisi
1227 5017 1471 5086 requiem
1512 5031 1790 5085 aeternam,
1841 5036 1961 5092 qua:
2005 5029 2133 5092 post

538 5100 677 5156 hanc
733 5104 898 5158 vitam
955 5107 1160 5160 sanctis
1219 5107 1400 5162 futura
1455 5120 1556 5178 est,
1615 5111 1986 5182 significatur?
2034 5112 2128 5168 tibi

537 5193 782 5262 quisquis
817 5195 906 5252 hic
943 5198 1080 5253 bene
1119 5198 1332 5255 laborat
1379 5204 1631 5259 mercede
1677 5203 1857 5274 operis
1907 5203 1991 5259 sui
2041 5220 2130 5260 re-

535 5297 853 5343 muneratus
879 5327 894 5354 ,
935 5293 1162 5358 perenni
1203 5294 1388 5363 quiete
1434 5294 1770 5366 perfruetur.
1801 5293 1955 5352 Unde
1986 5305 2041 5351 et
2071 5297 2128 5354 in

536 5375 762 5433 Cantico
810 5382 1148 5436 canticorum
1198 5383 1266 5438 de
1315 5384 1420 5439 hoc
1475 5386 1593 5456 ipso
1643 5388 1836 5443 throno
1873 5387 1972 5443 sub
2019 5387 2128 5444 alio

537 5471 784 5542 exemplo
828 5486 1311 5544 commemoratur,
1353 5478 1445 5533 ubi
1489 5480 1730 5536 dicitur:
1785 5499 1802 5532 ι
1837 5481 2126 5540 Ferculum

535 5560 667 5616 fecit
692 5563 794 5617 sibi
825 5579 918 5619 rex
969 5563 1228 5623 Salomon
1274 5569 1341 5626 de
1390 5570 1550 5642 lignis
1597 5571 1809 5637 Libani,
1844 5574 2129 5631 columnas

537 5653 653 5723 (jus
687 5653 816 5710 fecit
859 5669 1164 5730 argenteas.
1197 5663 1622 5723 Reclinatorium
1660 5684 1907 5736 aureum,
1939 5687 2130 5728 ascen-

539 5764 660 5834 sum
703 5766 1068 5824 purpureum,
1100 5758 1276 5816 media
1307 5760 1576 5821 charitate
1617 5765 1918 5822 constravit
1946 5764 2126 5832 (Cant.

2151 3144 2201 3212 C

2226 1885 2360 1940 Item
2403 1883 2814 1938 reclinatorium
2850 1882 2903 1936 in
2935 1880 3140 1936 ferculo
3186 1878 3338 1944 fecit,
3367 1893 3489 1932 cum
3522 1890 3678 1946 spem
3709 1889 3832 1944 pcn-

2226 1985 2403 2045 petuae
2431 1974 2632 2045 quietis
2671 1973 2921 2027 fidelibus
2954 1971 3208 2041 promisit
3243 1987 3258 2023 :
3290 1988 3308 2018 ι
3359 1967 3579 2030 Tollite,
3623 1964 3832 2034 inquit,

2221 2065 2413 2136 jugum
2445 2081 2624 2120 [neum
2655 2077 2820 2134 super
2849 2077 2968 2128 vos,
2995 2070 3051 2116 et
3085 2061 3278 2116 discite
3319 2075 3349 2113 a
3381 2074 3490 2124 me,
3521 2058 3652 2126 quia
3682 2057 3832 2112 mitis

2226 2173 2365 2218 sum,
2390 2166 2445 2212 et
2478 2155 2700 2211 litin'iilis
2728 2154 2910 2217 corde,
2943 2163 3000 2209 et
3035 2153 3320 2208 invenietis
3353 2151 3597 2222 requiem
3620 2149 3831 2202 anima-

2227 2250 2330 2306 bus
2357 2250 2556 2304 vestris
2585 2247 2808 2316 (Matth.
2836 2250 2936 2316 χι).
2973 2266 2992 2298 ›
3026 2247 3093 2302 Et
3119 2247 3223 2301 hoc
3255 2242 3677 2299 reclinatorium
3705 2240 3834 2295 fecit

2227 2357 2477 2407 aureum,
2508 2341 2634 2410 quia
2689 2339 2932 2409 requiem
2989 2339 3147 2393 nobis
3177 2346 3434 2392 aeternam
3483 2335 3688 2388 divinae
3721 2346 3833 2386 sua

2227 2434 2456 2488 visionis
2511 2433 2681 2503 gloria
2737 2445 3022 2486 coruscam
3077 2428 3422 2500 praeparavit.
3469 2425 3540 2480 Et
3573 2440 3685 2479 non
3724 2421 3827 2477 nisi

2227 2541 2534 2596 purpureus
2590 2525 2658 2578 ad
2709 2524 2813 2579 hoc
2866 2523 3131 2578 ferculum
3202 2536 3465 2577 ascensus
3520 2518 3833 2583 invenitur,

2227 2617 2354 2688 quia
2437 2615 2616 2671 nullus
2667 2615 2970 2671 Ecclesium
3034 2614 3138 2668 nisi
3205 2611 3564 2668 sacramentis
3637 2609 3832 2664 Domi-

2228 2707 2365 2762 nica:
2431 2707 2700 2777 passionis
2762 2707 3045 2770 imbutus,
3105 2705 3427 2776 ingreditur.
3493 2701 3646 2757 Unde
3721 2702 3835 2771 ipse

2229 2799 2345 2852 ait:
2380 2817 2399 2850 ι
2445 2798 2560 2852 Nisi
2617 2796 3080 2852 manducaveritis
3125 2811 3348 2851 carnem
3393 2793 3519 2848 Filii
3549 2791 3832 2854 hominis,

2227 2899 2284 2946 et
2317 2890 2564 2946 biberitis
2593 2889 2709 2958 ejus
2755 2891 3090 2961 sanguinem,
3122 2905 3229 2945 non
3257 2889 3528 2944 habebitis
3571 2888 3747 2942 vitam
3782 2887 3835 2940 in

2227 2984 2401 3040 vobis.
2427 2983 2529 3050 Qui
2559 2984 2852 3040 manducat
2899 2999 3075 3039 meam
3124 2997 3349 3039 carnem
3392 2991 3448 3037 et
3479 2981 3619 3037 bibit
3649 2995 3834 3034 meum

2230 3079 2548 3149 sanguinem
2580 3079 2742 3134 habet
2771 3079 2938 3133 vitam
2961 3087 3244 3144 :eternam,
3277 3087 3333 3132 et
3358 3092 3459 3148 ego
3491 3075 3834 3130 resuscitabo

2231 3187 2356 3228 eum
2381 3171 2436 3226 in
2461 3172 2757 3227 novissimo
2789 3171 2876 3226 die
2901 3169 3098 3242 (Joan.
3149 3174 3259 3240 vr).
3302 3188 3322 3222 ι
3361 3167 3532 3224 Media
3563 3167 3835 3221 eharitate

2232 3267 2532 3322 constravit
2553 3275 2772 3337 propter
2801 3264 2940 3319 filias
2967 3262 3289 3327 Jerusalem,
3341 3276 3404 3316 ea
3441 3261 3557 3330 ipsa
3581 3258 3835 3314 videlicet

2231 3358 2520 3422 eharitate,
2552 3373 2657 3427 qua
2682 3372 2781 3427 pro
2809 3355 2964 3411 nobis
2999 3369 3193 3426 passus
3236 3361 3338 3409 est.
3375 3349 3638 3419 Majorem
3683 3348 3832 3403 enim

2230 3449 2335 3504 hac
2365 3449 2686 3503 charitatem
2713 3463 2875 3502 nemo
2903 3448 3090 3512 habet,
3123 3455 3182 3500 ut
3208 3445 3446 3499 animam
3483 3457 3641 3496 suam
3665 3447 3832 3511 ponat

2230 3543 2354 3612 quis
2402 3557 2500 3612 pro
2529 3541 2741 3595 amicis.
2789 3541 2857 3594 Et
2903 3540 3006 3594 hoc
3057 3551 3141 3594 est
3170 3541 3314 3607 quod
3363 3534 3572 3590 addidit
3605 3541 3833 3603 propter

2231 3634 2369 3690 filias
2391 3632 2712 3698 Jerusalem,
2730 3633 2782 3687 id
2809 3643 2890 3687 est
2919 3641 3140 3702 propter
3164 3629 3377 3686 animas
3400 3627 3710 3682 caelestium
3738 3627 3832 3679 deo

2232 3724 2432 3782 siderio
2460 3721 2769 3795 ﬂagrantes.
2790 3723 3001 3788 Quanto
3025 3723 3169 3777 enim
3187 3719 3450 3789 majorem
3481 3719 3628 3773 Deus
3655 3717 3836 3772 chario

2231 3827 2401 3874 tatem
2431 3831 2584 3872 suam
2618 3817 2774 3872 nobis
2803 3831 2905 3885 pro
2933 3815 3089 3870 nobis
3126 3812 3378 3885 patiendo
3401 3808 3831 3872 commendavit,

2233 3918 2386 3964 tanto
2409 3908 2590 3979 plures
2621 3909 2688 3964 ad
2717 3924 2777 3965 se
2816 3908 3220 3964 reclamandum
3264 3921 3362 3977 pro
3410 3921 3470 3962 se
3515 3903 3831 3974 patiendum

2235 4002 2504 4058 accendit.
2539 4021 2556 4052 ‹
2592 4001 2658 4055 Et
2685 4001 2805 4056 dua:
2829 4017 3025 4055 manus
3052 4000 3180 4056 hinc
3221 4008 3386 4070 atque
3411 3999 3537 4054 inde
3579 4005 3832 4053 tenentes

2234 4094 2421 4150 sedile.
2451 4114 2468 4146 ι
2505 4093 2644 4161 Quid
2669 4109 2798 4165 ergo
2826 4094 2944 4149 duae
2973 4110 3169 4149 manus
3195 4103 3443 4149 tenentes
3471 4091 3644 4148 sedile
3674 4091 3834 4147 Saloc

2235 4185 2412 4240 monis
2451 4183 2775 4257 significant,
2827 4185 2931 4240 nisi
2985 4185 3180 4240 solatia
3227 4185 3426 4242 divina
3466 4185 3682 4256 gratiae,
3711 4196 3832 4254 qua

2233 4289 2476 4336 sanctam
2518 4280 2819 4335 Eeclesiam
2847 4281 2917 4335 ad
2949 4281 3173 4336 cmleste
3217 4295 3442 4352 regnum
3485 4276 3833 4350 provehunt!

2233 4373 2300 4430 Et
2327 4374 2443 4430 base
2469 4383 2590 4444 apte
2616 4390 2713 4444 per
2741 4374 3012 4428 binarium
3049 4391 3337 4430 numerum
3379 4373 3652 4443 descripta
3681 4381 3828 4434 sunt.

2235 4471 2362 4542 quia
2395 4471 2449 4524 in
2498 4478 2728 4540 utroque
2791 4470 3142 4527 Testamento
3193 4471 3297 4526 hoc
3344 4469 3694 4540 praedicatur,
3729 4469 3828 4522 hoc

2235 4559 2470 4616 maxime
2500 4560 2934 4627 commendatur,
2969 4561 3094 4630 quia
3145 4575 3251 4615 non
3292 4560 3396 4614 nisi
3447 4574 3546 4629 per
3584 4559 3829 4614 divinum

2236 4650 2565 4721 adjutorium
2614 4649 2833 4719 aliquod
2885 4652 3013 4705 boni
3065 4651 3252 4721 perfici
3281 4658 3486 4722 potest.
3511 4648 3669 4705 Unde
3711 4650 3828 4720 ipsa

2234 4744 2448 4798 Veritas
2487 4744 2620 4798 dicit
2652 4763 2664 4796 :
2701 4763 2718 4795 ι
2751 4742 2881 4798 Siue
2914 4759 2998 4799 me
3019 4745 3152 4799 nihil
3173 4745 3400 4816 potestis
3423 4743 3605 4799 facere
3641 4741 3826 4814 (Ioue.

2235 4835 2346 4906 xv).
2389 4854 2530 4886 ι-ι
2565 4835 2631 4890 Ει
2653 4836 2759 4890 duo
2791 4836 2974 4891 leones
3001 4838 3214 4892 stabant
3240 4837 3396 4908 juxta
3426 4851 3618 4890 manus
3645 4836 3831 4906 singu‘

2234 4927 2334 4982 las.
2373 4947 2392 4978 ι
2425 4927 2566 4994 Quid
2595 4943 2693 4996 per
2731 4927 2935 4994 leones,
2959 4929 3063 4984 nisi
3103 4927 3296 4982 Patres
3319 4928 3605 4996 utriusque
3631 4925 3826 4981 Testa-

2233 5019 2402 5074 menti
2433 5019 2755 5088 figurantur,
2786 5019 2878 5089 qui
2905 5035 3004 5089 per
3033 5018 3404 5075 fortitudinem
3435 5018 3601 5072 animi
3639 5025 3698 5072 et
3723 5015 3826 5074 sibi

2233 5120 2288 5168 et
2333 5111 2452 5166 aliis
2483 5111 2672 5166 donari
2722 5110 2859 5166 bene
2909 5112 3253 5170 didicerunt?
3303 5114 3420 5167 Duo
3463 5127 3594 5182 ergo
3639 5109 3826 5165 leones

2226 5203 2382 5273 juxta
2405 5219 2596 5259 manus
2617 5204 2854 5270 stabant,
2871 5204 2996 5274 quia
3025 5206 3074 5258 in
3100 5205 3214 5276 lege
3234 5214 3291 5260 et
3312 5205 3366 5259 in
3384 5202 3677 5274 Evangelia
3703 5217 3828 5256 san-

2234 5301 2313 5386 cti
2331 5299 2521 5355 Patres
2551 5299 2812 5370 quidquid
2846 5299 2973 5354 boni
3015 5298 3279 5365 fecerunt,
3305 5313 3413 5354 non
3437 5297 3565 5364 sibi,
3591 5295 3688 5352 sed
3717 5295 3824 5349 Deo

2235 5394 2650 5464 deputaverunt.
2677 5392 2831 5448 Unde
2857 5403 2909 5447 ct
2932 5392 3218 5447 Psalmista
3247 5392 3378 5448 dicit
3404 5411 3416 5446 :
3457 5410 3476 5443 ε
3507 5389 3623 5445 Non
3644 5388 3823 5451 nobis,

2235 5489 2482 5558 Domine,
2521 5507 2627 5545 non
2683 5491 2859 5556 nobis,
2922 5491 3014 5546 sed
3059 5491 3262 5545 nomini
3307 5498 3400 5543 tuo
3449 5489 3516 5544 da
3571 5483 3822 5558 gloriam.

2219 5579 2411 5652 .Super
2465 5582 2840 5638 misericordia
2909 5590 2998 5636 tua
3063 5591 3122 5637 et
3188 5582 3417 5636 veritate
3479 5588 3569 5634 tua
3629 5575 3820 5648 (Psal.

2233 5674 2423 5745 cxiii);
2461 5695 2480 5728 ι
2521 5684 2576 5728 et
2606 5675 2896 5746 Apostolus
2924 5694 2935 5728 :
2975 5695 2993 5727 ι
3024 5675 3230 5741 Gratia,
3255 5675 3448 5746 inquit,
3479 5673 3575 5729 Dei
3616 5687 3736 5728 sum
3767 5671 3824 5726 id

2234 5766 2378 5836 quod
2417 5783 2540 5830 sunt
2570 5767 2622 5839 (1
2647 5766 2770 5830 Cor.
2797 5767 2914 5842 xv).
2945 5788 2965 5828 ι
2995 5768 3066 5830 Et
3087 5769 3252 5831 item;
3289 5787 3310 5826 ι
3341 5767 3445 5840 Qui
3465 5767 3732 5839 gloriatur
3761 5763 3824 5829 il
