4044 6336
305 216 420 275 469

1245 212 1503 270 ENARR.
1543 212 1613 270 IN
1652 211 1902 271 LIBROS
1940 211 2202 270 REGUM.
2244 244 2314 255 —
2355 214 2421 269 IN
2455 162 2584 269 1.1%.
2622 211 2706 268 ΙΙΙ.

3479 213 3584 270 470

304 327 544 386 Domino
585 325 848 400 glorietur
877 325 964 400 (II
1010 327 1135 385 Cor.
1164 328 1246 399 ι).
1283 350 1303 386 ι
1329 360 1402 371 -
1434 348 1453 382 ο
1501 330 1570 387 Ει
1612 331 1897 388 duodecim
1925 330 1980 393 Α
2010 351 2028 384 ι
2068 339 2227 388 terra:
2266 331 2469 387 divitiis
2500 339 2554 387 et
2599 320 2888 403 sapientia,
2929 340 2985 388 et
3013 333 3264 388 universa
3314 341 3459 389 terra
3494 334 3589 388 de-

302 417 543 477 leuncuii
570 426 781 492 stantes
816 432 982 491 super
1003 418 1203 492 gradus
1224 436 1321 477 sex
1346 422 1477 479 hinc
1505 430 1665 492 atque
1694 423 1838 478 inde.
1874 444 1894 475 ι

302 512 449 583 Quid
494 526 596 586 per
638 512 922 575 duodecim
976 512 1292 582 leunculos,
1341 515 1445 570 nisi
1481 515 1901 587 praedicatorum

301 608 443 664 ordo
470 606 566 677 qui
609 604 965 676 apostolicam
993 606 1293 662 doctrinam
1322 607 1588 678 sequitur,
1626 606 1901 679 signiﬁca-

297 708 416 756 tur.
440 699 519 754 lli
536 713 668 771 ergo
689 714 850 771 supra
871 713 964 755 sex
996 699 1199 772 gradus
1218 700 1350 756 hinc
1377 707 1541 771 atque
1566 700 1693 754 inde
1730 708 1896 766 stant,

299 792 434 863 quia
478 792 765 848 bonorum
791 805 1017 863 operum
1066 808 1285 865 gressus
1320 793 1454 849 hinc
1503 799 1559 848 et
1594 793 1759 859 inde,
1786 776 1902 849 suis

298 880 573 940 doctrinis
614 889 780 954 atque
800 884 1075 955 exemplis
1118 885 1333 941 munire
1376 890 1618 949 certant,
1652 900 1722 940 ne
1746 882 1902 954 prius

294 978 464 1035 labor
495 977 636 1034 bene
686 976 1061 1051 indpientium
1110 980 1165 1037 in
1214 981 1489 1052 operando
1519 980 1755 1048 vacillet,
1802 978 1900 1036 sed

220 1138 239 1146 -
296 1071 689 1128 rectitudinem
714 1071 921 1130 habeat
954 1072 1012 1128 in
1038 1087 1231 1145 gressu
1265 1074 1552 1130 virtutum.
1586 1070 1733 1131 Hinc
1763 1072 1901 1130 seria

292 1173 456 1235 ptum
480 1172 608 1220 est:
644 1178 667 1217 α
699 1162 987 1221 Fortitudo
1022 1173 1085 1221 et
1126 1165 1292 1221 decor
1330 1164 1713 1222 indumentum
1756 1162 1897 1233 ejus,

295 1255 581 1312 etridebit
612 1254 669 1309 in
700 1252 791 1311 die
834 1256 1150 1312 notissimo.
1182 1255 1549 1313 Surrexerunt
1572 1256 1671 1313 ﬁlii
1701 1254 1817 1326 ejus
1845 1264 1902 1312 et

292 1345 735 1417 praedicaverunt
759 1344 1155 1414 beatissimam,
1172 1348 1258 1402 vir
1276 1347 1393 1417 ejus
1410 1356 1467 1403 et
1486 1347 1728 1404 laudabit
1753 1362 1894 1403 eam.

296 1424 497 1493 Multae.
516 1437 650 1494 ﬁlim
682 1450 1155 1511 congregavenuut
1178 1440 1427 1507 divitias,
1461 1449 1516 1497 tu
1544 1455 1897 1513 supergressa

293 1531 670 1587 estmiversas
694 1528 880 1603 (Prov.
920 1530 1096 1597 xxxi).
1138 1551 1156 1584 ι
1191 1531 1487 1602 Sequitur:
1896 1558 1904 1564 -

358 1640 380 1674 ο
400 1621 515 1679 Sed
528 1630 591 1677 et
610 1623 794 1677 omnia
810 1638 937 1679 vasa
955 1624 1021 1679 de
1040 1623 1240 1694 quibus
1264 1626 1486 1694 putabat
1510 1640 1605 1681 rex
1632 1624 1899 1682 Salomon

300 1724 324 1766 t
365 1722 523 1770 erant
568 1728 755 1782 aurea,
794 1723 854 1772 et
906 1717 1161 1772 universa
1201 1717 1443 1789 supellex
1496 1719 1690 1774 domus
1722 1719 1894 1774 saltus
1922 1700 1970 1759 Β

300 1826 322 1860 ι
361 1806 558 1862 Libani
591 1808 659 1865 de
701 1824 836 1865 auro
884 1809 1222 1879 purissimo:
1254 1826 1365 1866 non
1402 1819 1521 1867 erat
1566 1820 1851 1883 argentum
1875 1853 1890 1877 ,
1930 1820 1939 1829 ‘

294 1912 323 1950 ι
366 1912 471 1955 nec
519 1897 747 1967 alicujus
786 1900 953 1970 pretii
995 1902 1292 1972 putabatur
1327 1901 1385 1956 in
1425 1900 1616 1958 diebus
1642 1901 1897 1959 Salomo-

292 2007 323 2042 ς
360 1990 467 2046 nis.
508 2008 528 2042 ι
577 1990 771 2047 Omnia
796 2006 926 2048 vasa
953 2006 1075 2063 quae
1121 1993 1337 2064 paciﬁci
1378 1994 1554 2050 nostri
1594 1992 1895 2051 ministerio

290 2081 620 2154 funguntur,
646 2096 814 2137 aurea
834 2083 977 2138 ﬁunt
999 2102 1015 2139 :
1038 2085 1169 2156 quia
1210 2099 1404 2141 omnes
1446 2086 1642 2145 anima:
1681 2093 1897 2141 sanctua-

295 2182 425 2228 rum
453 2188 574 2243 quae
601 2180 729 2229 sunt
766 2188 898 2231 vasa
922 2176 1053 2241 Dei,
1082 2184 1144 2231 ut
1173 2177 1440 2233 voluntati
1474 2176 1785 2233 deserviant
1814 2177 1896 2233 di-

293 2264 442 2320 vinae
486 2265 775 2336 splendore
812 2266 1102 2338 sapientia:
1153 2277 1213 2325 et
1260 2269 1569 2326 dilectionis
1618 2270 1893 2335 nitentes,

294 2355 587 2411 continent
600 2365 800 2427 potum
814 2357 915 2429 qui
938 2358 1069 2415 vita)
1096 2367 1203 2427 est,
1226 2367 1283 2416 et
1302 2360 1379 2415 sit
1406 2361 1463 2415 in
1486 2361 1566 2417 eis
1586 2361 1707 2416 fons
1742 2374 1897 2432 aquae

297 2445 551 2503 salientis
587 2448 642 2503 in
684 2450 853 2503 vitam
896 2458 1179 2507 uernam.
1207 2451 1322 2508 Nec
1357 2453 1586 2525 alicujus
1610 2455 1771 2524 pretii
1802 2471 1895 2510 ar-

298 2546 525 2610 gentum
554 2542 853 2611 putabatur
870 2543 926 2598 in
955 2542 1145 2600 diebus
1178 2543 1510 2611 Salomonis,
1538 2545 1666 2615 quia
1696 2561 1893 2602 scena-

299 2631 434 2686 dum
452 2631 771 2702 Apostolum
794 2652 807 2688 :
830 2640 863 2686 ‘c
886 2632 1009 2691 Non
1034 2642 1119 2691 est
1152 2635 1205 2690 in
1246 2650 1503 2692 sermone
1526 2635 1755 2692 verbum
1774 2635 1894 2704 Dei,

298 2723 402 2779 sed
430 2724 488 2779 in
515 2724 716 2781 virtute
746 2724 798 2798 (Ι
824 2723 950 2781 Cor.
980 2728 1078 2798 tv).
1112 2747 1132 2781 ι
1151 2758 1221 2769 --
1242 2745 1261 2779 σ
1292 2727 1358 2782 Ει
1380 2726 1695 2799 praedicatio
1716 2727 1897 2782 Evan-

302 2814 430 2886 gelii
456 2816 644 2873 nonin
670 2820 1116 2890 persuasiblﬁbus
1136 2822 1391 2878 humana:
1415 2822 1696 2894 sapientia:
1718 2824 1898 2880 verbis

299 2906 580 2975 mistit,
605 2909 697 2964 sed
744 2908 801 2964 in
834 2910 1148 2968 ostensione
1180 2912 1406 2982 spiritus
1459 2922 1515 2969 et
1564 2913 1809 2980 virtutis,
1838 2923 1900 2969 ut

298 2996 441 3053 ﬁdes
468 3007 654 3055 nostra
698 3016 804 3057 non
833 3003 907 3058 sit
956 3003 1013 3058 in
1064 3004 1332 3074 sapientia
1374 3004 1680 3073 hominum,
1711 3007 1807 3062 sed
1842 3007 1895 3061 in
1932 3063 1970 3074 Δ
2004 3016 2015 3024 ’

296 3090 507 3148 vir-tute
532 3092 627 3149 Dei
645 3092 700 3165 (1
720 3092 845 3150 Cor.
875 3093 958 3167 tr).
984 3116 1001 3148 ι
1030 3063 1186 3154 [inde
1216 3098 1331 3168 ipsa
1350 3098 1568 3155 Veritas
1587 3063 1696 3155 ait':
1719 3119 1737 3153 ι
1774 3098 1893 3155 Non
1923 3063 1971 3125 Ο

300 3184 484 3240 omnis
506 3182 601 3257 qui
631 3184 766 3243 dicit
800 3184 935 3243 mihi
957 3229 972 3255 ,
1004 3187 1263 3258 Domine,
1290 3189 1539 3257 Domine,
1572 3191 1799 3247 intrabit
1840 3192 1895 3246 in

301 3286 534 3345 regnum
559 3275 820 3333 calorum
852 3276 1069 3350 (Matth.
1100 3278 1225 3352 vn),
1252 3299 1275 3333 υ
1298 3288 1409 3336 etc.
1444 3280 1512 3337 Et
1532 3280 1660 3336 item
1696 3295 1712 3334 :
1745 3300 1764 3333 ε
1792 3279 1898 3348 Qui

300 3363 534 3420 solverit
552 3382 716 3422 unum
747 3367 815 3424 de
839 3370 1112 3425 mandatis
1145 3370 1264 3427 istis
1284 3366 1546 3438 minimis,
1571 3381 1623 3427 et
1654 3371 1903 3429 docuerit

296 3456 389 3512 sic
412 3457 679 3528 homines,
700 3459 962 3518 minimus
984 3461 1268 3519 vocabitur
1298 3462 1352 3519 in
1379 3477 1604 3535 regnum
1635 3463 1899 3521 caelorum

302 3547 526 3621 (Matth.
556 3550 634 3625 v).
665 3572 686 3607 ο

306 3676 315 3680 ο
382 3664 403 3695 ε
444 3643 770 3702 Deferebam
794 3659 924 3719 ergo
954 3645 1231 3704 Βαιθωοηί
1260 3663 1454 3709 aurum
1482 3649 1551 3706 de
1593 3649 1816 3706 Tbarsis
1846 3657 1902 3706 et

306 3751 329 3785 ι
362 3744 677 3807 argentum,
705 3739 895 3795 dentes
920 3738 1358 3810 elephantorum,
1386 3751 1443 3799 et
1472 3743 1680 3811 simias,
1705 3750 1758 3799 et
1805 3757 1902 3815 pa-

307 3844 328 3879 ι
362 3842 485 3884 vos.
506 3848 539 3881 τ
566 3827 711 3897 Quid
749 3845 945 3888 aurum
986 3842 1340 3905 argentumve
1367 3836 1638 3905 signiﬁcet
1657 3878 1674 3903 ,
1704 3845 1899 3893 notum

301 3927 409 3973 est.
452 3918 723 3977 Gruter-um
762 3923 951 3980 dentes
986 3922 1405 3997 elephantorum
1452 3935 1680 3997 possunt
1716 3928 1902 3984 docto-

304 4023 419 4073 res,
457 4007 627 4066 l‘ortes
644 4020 867 4085 propter
892 4013 1135 4071 nitorem
1163 4016 1467 4087 sapientiae,
1490 4017 1791 4091 designari.
1822 4020 1900 4075 De

303 4099 507 4169 quibus
536 4114 750 4172 sponsae
778 4103 1013 4160 dicitur:
1060 4124 1079 4157 ‹
1105 4105 1312 4163 Collum
1342 4117 1494 4163 tuum
1543 4110 1685 4165 sicut
1728 4110 1899 4168 turris

304 4190 582 4259 eburnea;
624 4212 646 4246 ο
677 4209 779 4265 per
806 4196 999 4254 simias
1024 4213 1163 4254 vero
1182 4199 1273 4269 qui
1301 4206 1456 4256 actus
1478 4200 1752 4258 humanos
1778 4200 1901 4257 imi-

306 4283 415 4339 tari
442 4285 716 4355 videntur,
742 4288 839 4344 sed
861 4289 1389 4359 bestialiter-vivunt,
1414 4306 1509 4349 eos
1530 4292 1623 4365 qui
1647 4293 1716 4348 ad
1736 4292 1900 4350 ﬁdem

302 4390 371 4433 es
404 4379 656 4488 gentibus
706 4381 948 4450 veniunt,
978 4384 1075 4455 qui
1111 4384 1272 4441 ﬁdem
1326 4394 1509 4444 tenere
1540 4388 1815 4456 videntur,
1844 4396 1901 4445 et
1925 4425 1979 4488 Β

302 4470 565 4541 operibus
610 4470 770 4528 ﬁdem
819 4483 1036 4547 negant.
1078 4476 1185 4534 Per
1226 4494 1394 4549 pavos
1421 4479 1621 4550 quippe
1664 4496 1899 4552 quorum

302 4577 438 4619 caro
472 4562 521 4619 si
569 4563 771 4621 siccata
824 4564 1009 4634 fuerit,
1057 4569 1407 4641 imputribilis
1455 4584 1781 4645 permanere
1821 4571 1901 4629 di-

288 4658 470 4726 .citur,
504 4659 602 4732 qui
643 4674 943 4734 pennarum
986 4662 1390 4735 pulchritudine
1420 4666 1746 4734 vestiuntur,
1774 4683 1902 4738 per-

302 4749 481 4809 fectos
506 4752 632 4826 igne
679 4752 1051 4812 tribulationis
1101 4755 1356 4813 decoctos
1382 4797 1397 4824 ,
1445 4755 1582 4812 adeo
1622 4766 1684 4813 ut
1728 4758 1900 4815 variis

300 4844 603 4901 virtutibus
652 4840 999 4915 decorentur,
1060 4855 1116 4904 et
1162 4848 1627 4920 incorruptionem
1654 4848 1785 4905 ﬁdei
1833 4864 1899 4908 ac

303 4935 511 4991 mentis
528 4936 821 4994 retineant.
854 4936 1176 5010 Quanquam
1227 4939 1272 4995 si
1322 4939 1390 4995 ad
1420 4939 1661 5012 virgines
1703 4940 1899 5000 referri

302 5027 502 5095 velint,
550 5031 799 5101 accipere
834 5046 1123 5102 possumus
1166 5033 1256 5088 hae
1305 5033 1371 5089 de
1412 5032 1642 5090 ‘l‘harsis
1682 5033 1905 5092 fortiter

305 5129 613 5177 conservet.
642 5121 798 5190 Quod
818 5130 999 5179 autem
1045 5122 1333 5180 subditur:
1379 5141 1398 5175 ι
1432 5123 1550 5180 Non
1582 5136 1665 5183 est
1696 5126 1901 5183 factum

304 5211 420 5268 tale
450 5227 587 5284 opus
617 5214 675 5271 in
700 5215 972 5272 universis
1018 5215 1223 5288 regnis.
1257 5235 1275 5268 ι
1302 5215 1441 5288 Apte
1484 5226 1673 5274 sancta
1712 5219 1902 5276 Eccle-

305 5305 394 5359 sia
440 5306 696 5362 convenit
725 5348 743 5376 ,
806 5307 877 5363 de
922 5323 1029 5379 qua
1081 5307 1343 5379 scriptum
1385 5314 1500 5375 est,
1554 5309 1804 5367 videlicet
1833 5310 1903 5369 de

306 5396 473 5455 salsis
500 5400 813 5471 amarisque
853 5398 1105 5456 ﬂuctibus
1138 5398 1303 5470 hujus
1338 5399 1524 5456 saeculi
1553 5402 1621 5457 ad
1648 5399 1902 5460 Salomo-

305 5508 439 5549 nein
480 5505 732 5552 nostrum
763 5492 1104 5552 deferuntur.
1136 5492 1364 5551 Tbarsis
1389 5494 1692 5567 exploratio
1719 5497 1904 5569 gaudii

306 5589 514 5647 dicitur
533 5604 550 5646 :

318 5688 325 5695 ‘
390 5699 410 5734 ι
442 5676 818 5752 muniﬁcam
842 5686 929 5741 est
946 5694 1047 5740 rex
1074 5679 1328 5739 Salomon
1348 5695 1513 5755 super
1537 5698 1729 5741 omnes
1749 5697 1906 5755 reges

2009 440 2029 475 ε
2065 422 2339 479 siderabat
2374 422 2557 479 videre
2582 422 2789 477 vultum
2821 420 3149 488 Salomonis,
3182 430 3242 478 ut
3263 423 3477 479 audiret
3500 438 3586 479 sa-

2006 533 2028 567 r
2065 515 2327 585 pientiam
2378 515 2519 585 ejus,
2565 531 2730 588 quam
2763 517 2987 573 dederat
3016 516 3160 573 Deus
3202 517 3260 572 in
3310 533 3405 573 cor
3448 516 3584 586 ejus.

2006 630 2027 665 ι
2067 611 2137 668 Et
2160 612 2360 685 singuli
2393 612 2715 669 deferebant
2768 612 2817 667 ei
2850 627 3100 677 munera,
3141 627 3270 667 vasa
3329 622 3586 683 argentea

2004 722 2029 756 ς
2062 712 2119 759 et
2145 713 2532 772 aurea,‘vestes
2571 712 2627 760 et
2653 719 2805 759 arma
2856 703 3072 768 bellica,
3100 711 3206 759 etc.
3238 723 3258 754 ι
3291 702 3435 758 Bene
3461 716 3590 775 ergo

2001 794 2349 861 dictumest,
2382 796 2525 866 quod
2580 812 2601 851 ί
2646 793 3021 863 magniﬁcatus
3064 793 3136 848 sit
3190 807 3283 855 rex
3332 790 3589 861 Salomon

2001 894 2167 956 super
2182 900 2373 941 omnes
2397 900 2552 965 reges
2564 893 2747 952 teme,
2769 905 2789 937 ι
2807 885 2932 956 quia
2948 882 3207 956 paciﬁcus
3221 892 3405 939 noster
3427 897 3586 954 super

2000 991 2218 1034 omnem
2242 974 2626 1033 celsitudinem
2660 984 2996 1043 sanctorum,
3026 977 3117 1047 qui
3160 990 3318 1045 reges
3346 990 3473 1031 vere
3512 976 3591 1030 di;

2000 1081 2217 1136 cuntur,
2249 1073 2538 1139 exaltatur,
2560 1079 2622 1128 et
2655 1072 2834 1128 nullus
2855 1071 2904 1126 ei
2924 1072 3192 1142 coaequari
3214 1079 3413 1143 potest.
3447 1070 3591 1138 Quo.

2000 1165 2147 1220 niam
2177 1165 2299 1237 quis
2334 1164 2388 1219 in
2440 1165 2678 1220 nubibus
2705 1164 3010 1234 aequabitur
3056 1163 3307 1227 Domino,
3349 1171 3442 1216 aut
3467 1162 3591 1233 quis

2001 1258 2194 1314 similis
2222 1258 2327 1313 erit
2370 1257 2480 1313 Deo
2510 1257 2654 1311 inter
2679 1256 2820 1312 ﬁlios
2860 1256 2991 1311 Dei?
3030 1256 3173 1311 Deus
3197 1255 3288 1325 qui
3319 1254 3589 1326 gloriﬁca-

2002 1358 2092 1406 tur
2120 1350 2174 1405 in
2204 1348 2430 1406 consilio
2452 1355 2771 1405 sanctorum
2803 1362 3032 1419 magnus
3060 1355 3115 1402 et
3146 1347 3465 1403 metuendus
3494 1360 3590 1400 sue

1998 1457 2099 1514 per
2117 1456 2307 1498 omnes
2333 1442 2427 1511 qui
2450 1441 2513 1496 in
2539 1441 2771 1497 circuitu
2804 1438 2922 1508 ejus
2950 1448 3097 1494 sunt.
3127 1438 3194 1492 Et
3222 1438 3351 1492 item
3382 1455 3396 1492 :
3427 1456 3446 1489 ‹
3480 1435 3593 1491 Μαι

2001 1535 2418 1607 gnusDominus
2442 1542 2630 1590 noster
2670 1542 2726 1588 et
2770 1541 2965 1603 magna
2998 1531 3174 1586 virtus
3223 1530 3361 1600 ejus,
3402 1538 3457 1584 et
3506 1543 3592 1583 sa‘

1999 1628 2218 1700 pientis:
2236 1629 2478 1699 ejus'non
2494 1635 2583 1684 est
2602 1641 2877 1682 numerus.
2900 1645 2919 1679 ι
2932 1624 3086 1681 Unde
3103 1632 3157 1679 et
3172 1623 3407 1680 Joannes
3427 1623 3555 1678 dicit
3573 1637 3588 1675 :

2005 1741 2025 1774 ι
2060 1722 2127 1777 Et
2150 1721 2387 1775 vidimus
2422 1720 2651 1791 gloriam
2680 1719 2821 1789 ejus,
2849 1717 3079 1787 gloriam
3128 1715 3281 1785 quasi
3314 1714 3593 1787 Unigeniti

1999 1829 2029 1869 a
2054 1812 2239 1879 Patre,
2272 1813 2494 1882 plenum
2551 1811 2726 1883 gratia
2777 1818 2834 1865 et
2878 1809 3113 1865 veritate
3156 1806 3339 1877 (Joan.
3372 1807 3433 1878 ι).
3470 1825 3488 1859 ι
3525 1806 3595 1862 Et

1999 1903 2251 1957 universa
2277 1908 2424 1956 terra
2459 1900 2737 1956 desiderat
2759 1899 2950 1955 videre
2986 1898 3196 1953 vultum
3224 1897 3369 1969 regis
3397 1897 3592 1963 nostri,

1998 1996 2128 2066 quia
2154 1994 2407 2051 universa
2444 1993 2693 2052 Ecclesia
2744 2004 3059 2049 sanctorum
3109 1992 3215 2047 hoc
3257 1988 3595 2046 solummodo

2000 2087 2225 2158 appetit,
2256 2093 2318 2141 ut
2357 2088 2427 2143 ad
2478 2092 2831 2157 conspectum
2885 2083 3071 2156 gloria:
3119 2081 3237 2152 ejus
3289 2080 3592 2152 perveniat.

1998 2178 2133 2235 Cum
2162 2192 2261 2251 per
2282 2177 2607 2251 prophetam
2635 2177 2839 2234 dicitur
2869 2195 2883 2232 :
2917 2196 2935 2229 ι
2965 2174 3086 2232 Tibi
3111 2174 3248 2231 dixit
3267 2189 3363 2229 cor
3393 2186 3593 2239 meum,

1999 2272 2225 2342 quaesivi
2254 2270 2462 2327 vultum
2491 2279 2641 2326 tuum
2664 2312 2679 2337 ,
2718 2268 2930 2325 vultum
2980 2276 3131 2324 tuum
3157 2309 3171 2334 ,
3222 2264 3473 2331 Domine,
3504 2278 3597 2320 re-

2000 2365 2232 2435 quiram.
2270 2382 2292 2416 ι
2327 2362 2397 2419 Et
2438 2363 2569 2419 alibi
2598 2378 2614 2418 :
2649 2382 2668 2415 ‹
2704 2360 2860 2418 Sicut
2901 2375 3130 2427 cervus,
3162 2358 3354 2430 inquit,
3388 2355 3598 2412 deside-

2001 2456 2089 2513 rat
2115 2454 2183 2512 ad
2212 2455 2395 2512 fontes
2425 2444 2724 2527 aquarum,
2759 2454 2834 2510 ita
2863 2453 3136 2510 desiderat
3163 2451 3343 2507 anima
3375 2464 3492 2504 mea
3529 2447 3598 2503 ad

2002 2558 2077 2613 te,
2092 2547 2237 2603 Deus
2262 2548 2283 2613 (
2300 2546 2451 2601 Psal;
2482 2545 2618 2618 xu).
2641 2566 2660 2599 ι
2680 2546 2747 2601 Et
2770 2544 2967 2615 singuli
2990 2543 3241 2599 deferunt
3269 2541 3321 2596 ei
3348 2547 3595 2606 munera;

2002 2637 2129 2692 dum
2162 2639 2532 2708 unusquisque
2566 2636 2864 2692 secundum
2892 2636 2944 2689 id
2974 2634 3117 2704 quod
3144 2634 3290 2688 vires
3321 2631 3425 2687 sibi
3473 2646 3598 2700 sup-

2001 2739 2212 2800 petunt,
2247 2731 2304 2786 in
2328 2730 2493 2787 verbo
2535 2746 2629 2786 seu
2656 2728 2836 2793 factis,
2868 2728 3189 2798 obsequium
3220 2724 3439 2780 student
3461 2737 3596 2794 pra:-

2006 2830 2152 2878 stare
2172 2823 2310 2878 Deo.

2523 2966 2721 3025 CAPP.
2773 2965 2843 3021 XI
2882 2972 2939 3021 et
2988 2963 3097 3020 XII.

2083 3123 2102 3156 ί
2136 3105 2252 3159 Rex
2280 3112 2461 3168 autem
2480 3101 2738 3159 Salomon
2754 3100 2959 3156 amavit
2986 3097 3241 3153 mulieres
3267 3095 3598 3165 alienigenas

2009 3215 2028 3249 ι
2059 3195 2279 3261 multas,
2308 3194 2479 3249 ﬁliam
2522 3208 2736 3264 quoque
2760 3191 3090 3256 Pharaonis,
3120 3195 3173 3241 et
3204 3183 3522 3241 Moabitidas
3545 3192 3600 3238 et

2000 3292 2029 3342 ‘c
2060 3286 2481 3351 Ammonitirias,
2519 3284 2804 3349 ldummas,
2843 3292 2898 3337 et
2940 3280 3221 3344 Sidonias,
3264 3286 3318 3332 et
3348 3275 3598 3333 Hetlueas

2012 3398 2031 3431 ι
2068 3379 2136 3434 de
2182 3376 2431 3447 gentibus
2488 3389 2650 3447 super
2706 3374 2904 3445 quibus
2955 3370 3095 3427 dixit
3149 3369 3412 3426 Dominus
3474 3365 3600 3423 ﬁliis

2012 3488 2032 3521 ι
2064 3467 2274 3524 lsrael:
2313 3467 2429 3523 Non
2470 3465 2849 3539 ingrediemini
2896 3464 2962 3520 ad
3009 3477 3123 3527 eas,
3158 3474 3335 3530 neque
3377 3458 3444 3513 de
3490 3456 3598 3511 illis

2010 3580 2031 3614 ι
2066 3560 2440 3632 ingrediuntur
2477 3557 2545 3613 ad
2585 3564 2824 3622 vestras,
2871 3575 2889 3607 ι
2926 3563 2979 3611 et
3018 3552 3248 3635 reliqua.
3281 3548 3400 3604 iam
3428 3562 3598 3619 porro

2006 3650 2073 3707 de
2108 3648 2320 3706 caloris
2370 3647 2628 3719 operibus
2660 3644 2989 3710 Salomonis,
3020 3643 3151 3717 quid
3189 3642 3385 3704 dicam,
3432 3652 3595 3709 quem

2004 3742 2357 3799 vehementer
2378 3740 2560 3811 arguit
2589 3749 2779 3794 sancta
2812 3735 3115 3808 Scriptura,
3158 3741 3323 3805 atque
3344 3733 3599 3787 condem-

2006 3842 2120 3901 bat,
2146 3835 2389 3905 nihilque
2420 3835 2486 3891 de
2510 3833 2834 3905 poenitentia
2862 3829 2999 3902 ejus,
3031 3830 3119 3887 vel
3152 3829 3220 3887 de
3264 3827 3599 3899 indulgentia

2005 3926 2103 3984 Dei
2162 3928 2385 3984 omnino
2438 3938 2853 3994 commemorat,
2915 3942 3015 3982 nec
3067 3941 3293 3997 prorsus
3337 3922 3595 3993 occurrit,

2005 4018 2137 4089 quid
2160 4018 2226 4072 ad
2248 4018 2479 4074 salutem
2504 4017 2558 4073 in
2585 4017 2841 4093 allegoria
2879 4017 3005 4072 boni
3034 4015 3304 4087 signiﬁcet
3345 4015 3460 4070 hmo
3491 4023 3598 4080 est,

2004 4106 2181 4163 ﬂenda
2226 4122 2430 4180 vorago
2476 4108 2866 4165 subversionis.
2918 4105 3033 4162 Nisi
3073 4104 3214 4163 forte
3271 4106 3418 4162 dicat
3477 4103 3601 4173 quis

2004 4197 2262 4255 mulieres
2292 4198 2646 4271 alienigenas,
2679 4215 2911 4271 quarum
2953 4213 3139 4254 amore
3175 4205 3475 4262 exarserat,
3526 4196 3602 4253 si-

2003 4291 2266 4364 gniﬁcare
2308 4291 2565 4347 ecclesias
2607 4292 2809 4349 electas
2847 4306 2915 4345 ex
2964 4290 3232 4363 gentibus.
3272 4289 3464 4345 Posset
3496 4286 3599 4343 hoc

2005 4382 2239 4439 fortasse
2272 4398 2381 4439 non
2424 4382 2656 4440 absurde
2678 4381 2927 4455 intelligi,
2962 4382 3005 4438 si
3040 4381 3145 4437 illa:
3183 4390 3406 4453 propter
3440 4378 3594 4435 Salo-

2006 4490 2225 4532 monem
2247 4476 2559 4532 desererent
2583 4477 2712 4531 deos
2741 4490 2888 4542 suos,
2916 4484 2965 4530 et
2997 4474 3237 4530 colerent
3260 4473 3430 4529 Deum
3459 4470 3592 4542 ejus.

1960 4556 1983 4569 ”
2004 4567 2145 4625 Cum
2166 4583 2295 4623 vero
2315 4568 2430 4638 ipse
2458 4576 2681 4639 propter
2706 4567 2827 4623 illas
2866 4565 3089 4624 offendit
3116 4566 3287 4622 Deum
3330 4581 3510 4628 suum,
3544 4570 3600 4617 et

2008 4657 2174 4714 coluit
2199 4657 2330 4715 deos
2355 4674 2565 4724 earum,
2598 4674 2705 4715 non
2727 4659 2963 4731 estquid
2989 4658 3114 4715 inde
3138 4657 3263 4714 boni
3296 4655 3595 4726 conjectari

2005 4752 2197 4822 possit.
2226 4748 2337 4807 Nec
2355 4758 2540 4807 tamen
2570 4752 2704 4808 nihil
2735 4753 2971 4808 arbitror
2994 4750 3329 4823 signiﬁcare,
3357 4749 3450 4805 sed
3475 4760 3596 4802 ma-

2004 4840 2139 4910 lum,
2165 4843 2305 4899 sicut
2326 4844 2392 4899 de
2406 4858 2578 4899 uxore
2603 4844 2922 4915 ﬁliabusque
2944 4842 3049 4900 Lot
3083 4844 3338 4899 diximus.
3357 4839 3599 4910 Apparet

2008 4933 2155 4988 enim
2180 4932 2234 4988 in
2259 4948 2491 5005 persona
2523 4933 2832 4990 Salomonis
2856 4935 2999 4991 mira
3031 4933 3347 4992 excellentia
3379 4939 3434 4987 et
3458 4930 3593 4986 mira

2010 5025 2333 5082 submersio.
2366 5024 2698 5100 Quodigitur
2719 5026 2772 5083 in
2796 5027 2888 5084 illo
2910 5022 3138 5085 diversis
3160 5023 3492 5096 temporibus
3508 5036 3592 5077 ex-

2011 5119 2171 5186 stitit,
2188 5118 2340 5191 prius
2352 5119 2553 5176 bonum
2567 5128 2622 5177 et
2633 5121 2903 5192 posterius
2916 5118 3116 5176 malum
3133 5137 3147 5185 ;
3166 5119 3270 5174 hoc
3283 5118 3335 5172 in
3354 5114 3595 5172 Ecclesia

2013 5219 2068 5276 in
2094 5220 2199 5276 isto
2224 5219 2400 5276 adhuc
2424 5219 2621 5277 saeculo
2652 5220 2813 5276 simul
2857 5234 2962 5274 uno
2989 5228 3231 5287 tempore
3270 5213 3593 5271 ostenditur.

2012 5312 2152 5369 Nam
2175 5313 2319 5369 bona
2345 5315 2511 5383 illius,
2536 5317 2708 5371 bonos
2730 5314 2986 5370 Ecclesiae
3010 5331 3023 5366 ε
3054 5310 3196 5366 mala
3221 5318 3403 5367 autem
3426 5306 3595 5377 illius,

2012 5405 2190 5461 malos
2214 5405 2468 5461 Ecclesize
2489 5407 2798 5478 signiﬁcare
2828 5413 2979 5476 puto,
3020 5412 3275 5475 tanquam
3306 5403 3360 5458 in
3390 5400 3600 5458 unitate

2012 5494 2159 5553 illius
2188 5513 2346 5553 areae.
2379 5498 2535 5553 Sicut
2580 5497 2635 5552 in
2668 5496 2762 5552 illo
2796 5511 2904 5551 uno
2934 5496 3151 5551 homine
3178 5496 3350 5553 bonos
3389 5495 3442 5550 in
3471 5511 3599 5568 gra-

2012 5591 2328 5658 nis,'malos
2358 5591 2413 5645 in
2456 5591 2626 5662 paleis
2656 5608 2668 5644 :
2701 5599 2796 5644 aut
2836 5590 2891 5644 in
2924 5590 3130 5646 unitate
3171 5589 3333 5648 unius
3378 5585 3596 5661 segetis,

2014 5682 2188 5741 bonos
2223 5681 2278 5737 in
2306 5681 2511 5747 tritico,
2542 5680 2713 5737 malos
2742 5680 2799 5735 in
2827 5680 3070 5738 zizaniis.
