4044 6336
483 274 578 356 ¹νη

1517 266 1870 325 ANGELOMI
1908 262 2372 322 LUXOVIENSIS
2408 261 2718 320 MONACHI

3649 265 3784 324 472

512 409 527 450 έ
551 403 571 436 ι
600 385 828 441 Factum
859 391 944 439 est
964 381 1128 455 igitur
1157 382 1212 437 in
1242 389 1483 452 tempore
1519 381 1628 446 illo,
1654 387 1726 456 (ut
1769 377 2059 436 Jeroboam
2089 383 2144 443 Α
2168 378 2311 434 dicta
2344 384 2400 432 et
2429 376 2678 448 exempla
2703 374 2772 430 ad
2799 375 3178 433 celsitudinem
3214 379 3441 435 tendunt
3469 381 3784 451 perfectio-

486 478 884 547 tegrederetur
930 477 997 532 de
1041 475 1362 540 Jerusalem,
1406 484 1461 530 et
1490 474 1697 529 invenit
1727 487 1850 528 eum
1897 473 2064 527 Ahias

486 591 500 624 ι
541 570 802 626 Silonitcs
847 570 1112 641 propheta
1166 569 1221 623 in
1261 569 1366 634 via,
1427 575 1648 638 0pcrtus
1686 565 1848 636 pallio
1900 579 2064 621 novo.

485 683 501 716 ι
538 663 710 718 Erant
734 670 915 717 autem
937 664 1042 717 duo
1065 670 1274 717 tantum
1299 661 1352 716 in
1370 675 1516 732 agro.
1533 660 2067 730 Apprebendensque

484 776 501 810 ι
543 758 681 814 Ahia
729 757 952 827 pallium
999 772 1157 811 suum
1210 771 1409 810 novum
1449 771 1558 825 quo
1605 764 1826 826 opertus
1863 753 2065 822 fuerat,

485 873 504 906 ι
543 853 706 909 scidit
753 851 808 906 in
838 850 1125 906 duodecim
1172 858 1357 920 partes
1385 857 1442 905 et
1494 851 1572 904 ait
1627 850 1694 903 ad
1730 847 2063 904 Jeroboam:

485 963 506 995 ι
543 943 694 998 Tolle
722 942 820 997 tibi
851 941 1038 998 decem
1070 941 1358 998 scissuras.
1391 940 1518 996 Haec
1545 941 1691 996 enim
1729 941 1862 996 dicit
1887 939 2070 994 Domi-

485 1053 505 1086 ι
539 1032 1061 1096 nusDeus'Israel:
1106 1033 1247 1088 Ecce
1293 1048 1396 1104 ego
1438 1033 1682 1088 scindam
1732 1045 1956 1103 regnum
2001 1031 2068 1086 de

485 1147 503 1178 ι
534 1142 696 1182 manu
720 1125 1044 1189 Salomonis,
1081 1133 1136 1180 et
1164 1125 1303 1180 dabo
1327 1125 1421 1179 tibi
1450 1124 1635 1179 decem
1663 1124 1860 1180 tribus.
1897 1123 2067 1178 Porro

486 1237 504 1270 ι
539 1233 644 1271 una
687 1218 863 1272 tribus
905 1217 1213 1272 remanebit
1257 1217 1308 1272 ei
1357 1226 1582 1286 propter
1614 1229 1832 1272 servum
1886 1231 2069 1271 meum

485 1329 504 1361 ι
542 1311 731 1374 David,
787 1318 841 1365 et
881 1308 1222 1365 Hierusalem
1274 1309 1550 1364 civitatem
1599 1324 1763 1379 quam
1813 1307 1949 1377 elegi
1999 1323 2068 1363 ex

485 1419 502 1451 ι
537 1401 788 1454 omnibus
816 1400 990 1456 tribus
1023 1400 1213 1465 Israel,
1251 1419 1270 1452 ι
1306 1408 1412 1456 etc.
1437 1399 1572 1455 Illud
1593 1400 1738 1470 quod
1773 1409 1898 1470 post
1917 1415 2066 1456 mor-

479 1499 588 1544 tem
637 1490 942 1546 Salomonis
991 1492 1179 1547 decem
1227 1492 1403 1547 tribus
1457 1491 1676 1547 adomo
1724 1490 1917 1557 David,
1957 1501 2068 1546 eta

478 1583 679 1652 templo
715 1590 976 1653 separatae
1006 1593 1134 1638 sunt
1177 1593 1232 1640 et
1266 1586 1384 1640 duae
1429 1585 1650 1652 relictae,
1696 1586 1831 1640 satis
1869 1585 2070 1640 indicat

479 1677 624 1744 quod
652 1677 718 1732 de
757 1686 868 1732 tota
899 1677 992 1730 illa
1047 1686 1210 1748 gente
1245 1677 1538 1748 Apostolus
1580 1678 1656 1733 ait
1686 1697 1698 1732 :
1751 1697 1770 1728 ι
1805 1677 2068 1748 Reliquiae

479 1778 703 1837 propter
740 1745 1073 1824 electionem“
1103 1745 1486 1840 gratiae—salvae
1531 1769 1684 1826 facta:
1721 1779 1847 1826 sunt
1883 1745 2064 1843 (llam.
2096 1745 2146 1806 Β
2188 1831 2192 1838 ,

481 1858 580 1928 ix).
619 1879 637 1910 ι
703 1858 992 1915 .leroboam
1050 1876 1182 1916 vero
1239 1862 1332 1932 qui
1390 1862 1576 1918 decem
1617 1863 1793 1918 tribus
1838 1878 1870 1916 a
1911 1863 2070 1917 domo

481 1946 652 2002 David
682 1960 738 2004 et
777 1965 806 2004 a
836 1950 1035 2022 templo
1068 1951 1162 2007 Dei
1185 1955 1543 2022 separansad
1565 1953 1922 2009 idololatriam
1944 1969 2070 2023 per-

481 2037 656 2103 duxit,
689 2037 958 2110 signiﬁcat
992 2041 1279 2098 haereticos
1304 2043 1398 2112 qui
1439 2043 1832 2099 dissensionem
1861 2052 2067 2110 amant,

479 2135 536 2181 et
561 2129 824 2183 unitatem
873 2128 995 2184 ﬁdei
1028 2131 1310 2186 catholicae
1361 2133 1659 2188 haeresibus
1699 2133 1974 2201 scindunt,
2005 2149 2072 2190 ac

481 2217 560 2273 sic
599 2217 764 2272 cultui
794 2219 1149 2290 malignorum
1197 2221 1479 2291 spirituum
1521 2223 1915 2293 subsequentes
1962 2230 2072 2277 tra-

480 2311 633 2366 dunt.
667 2312 1061 2382 Interpretatur
1101 2313 1412 2379 Jeroboam,
1440 2313 1745 2384 dijudicans
1791 2314 2066 2386 populum.

481 2401 618 2457 Nam
643 2413 697 2459 et
737 2406 980 2461 haeretici
1029 2407 1326 2477 dijudicare
1359 2407 1615 2478 populum
1647 2407 1920 2473 videntur,
1947 2422 2072 2462 cum

481 2497 687 2551 erroris
729 2499 810 2552 sui
837 2514 1125 2576 sequacem
1155 2500 1381 2556 faciunt.
1431 2501 1528 2556 Cui
1556 2501 1635 2556 rei
1673 2502 1817 2557 bene
1869 2516 2072 2557 conve-

481 2585 638 2640 niunt
662 2587 828 2643 verba
855 2590 1134 2659 prophetae
1156 2589 1308 2646 Abiu:
1339 2588 1609 2659 Silonitis,
1645 2591 1737 2661 qui
1759 2591 1957 2647 missus
1987 2597 2072 2646 est

484 2679 552 2732 ad
577 2676 866 2734 Jeroboam
903 2681 974 2735 ita
1005 2680 1192 2737 dicens
1219 2697 1234 2736 :

560 2789 578 2820 ‹
615 2769 764 2826 Tolle
793 2771 889 2827 tibi
914 2773 1101 2828 decem
1129 2775 1418 2830 scissuras.
1436 2773 1564 2830 Haec
1579 2775 1724 2831 enim
1741 2774 2073 2832 dicitDomi-

491 2882 507 2910 ι
544 2877 644 2915 nus
660 2862 801 2918 Deus
821 2863 1016 2920 lsrael:
1037 2865 1177 2920 Ecce
1193 2880 1294 2936 ego
1310 2865 1558 2922 scindam
1580 2882 1806 2938 regnum
1823 2865 2071 2922 Salomo-

487 2973 503 3003 ι
532 2954 637 3019 nis,
651 2955 857 3010 etdabo
873 2955 967 3010 tibi
981 2957 1169 3012 decem
1188 2957 1379 3013 tribus.
1396 2957 1566 3014 Porro
1579 2975 1685 3013 una
1704 2957 1878 3014 tribus
1892 2973 2072 3012 rema-

487 3063 505 3094 ‹
547 3045 696 3098 nebit
719 3046 767 3099 ei
783 3055 1005 3116 propter
1027 3063 1244 3103 servum
1267 3065 1446 3104 meum
1477 3051 1668 3116 David,
1693 3063 1748 3106 et
1770 3049 2071 3107 Jerusalem

490 3153 508 3183 ι
547 3134 824 3191 civitatem
849 3152 1010 3206 quam
1034 3137 1172 3210 elegi
1195 3155 1261 3194 ex
1275 3141 1529 3197 omnibus
1556 3142 1808 3198 tribubus
1836 3143 2021 3198 lsrael.
2047 3163 2066 3196 ι
2100 3123 2147 3187 C

484 3225 677 3280 Decem
692 3227 834 3280 enim
849 3228 1116 3285 scissuras
1127 3231 1416 3286 Jeroboam
1429 3233 1786 3302 accepit,cum
1801 3233 1933 3304 legis
1946 3250 2077 3306 prae-

481 3325 638 3384 cepta
664 3316 917 3372 violanda
940 3320 1220 3391 corripuit.
1243 3321 1308 3375 Et
1321 3337 1426 3375 una
1445 3323 1616 3377 tribus
1628 3337 1753 3378 cum
1769 3325 1952 3379 sobole
1966 3325 2075 3379 Da-

481 3406 570 3461 vid
596 3409 878 3475 remansit,
906 3410 1032 3465 dum
1051 3427 1170 3466 sors
1185 3411 1480 3467 electorum
1504 3413 1662 3482 juxta
1684 3413 2073 3484 Apostolidoc—

482 3499 704 3567 trinam,
763 3502 817 3558 in
850 3503 1033 3575 regula
1070 3504 1195 3560 ﬁdei
1232 3505 1515 3561 catholicae
1544 3507 1822 3562 remansit.
1877 3525 1896 3560 ι
1934 3507 2072 3576 Quia

479 3606 620 3646 unus
647 3593 930 3662 Dominus,
957 3611 1062 3650 una
1085 3595 1241 3664 ﬁdes,
1278 3613 1445 3652 unum
1466 3607 1522 3652 et
1553 3598 1821 3669 baptisma
1853 3599 2070 3672 (Ephes.

479 3683 578 3755 tv).
612 3704 630 3736 ι
668 3685 913 3756 Denique
941 3687 1213 3754 Roboam,
1247 3688 1392 3744 ﬁlius
1428 3687 1736 3744 Salomonis
1788 3687 1908 3762 (III
1937 3688 2069 3762 Reg.

480 3775 621 3847 xw),
649 3779 740 3846 qui
771 3779 888 3832 utili
916 3779 1192 3835 seniorum
1229 3781 1456 3837 consilio
1506 3783 1718 3847 relicto,
1751 3782 2071 3838 adolescen—

484 3867 617 3920 tium
649 3869 936 3924 consilium
993 3881 1210 3926 secutus
1266 3880 1371 3937 est,
1401 3871 1530 3927 licet
1562 3872 1629 3927 de
1670 3873 1832 3928 domo
1898 3872 2072 3928 David

476 3955 667 4023 fuerit,
715 3968 894 4016 tamen
938 3962 992 4015 in
1036 3963 1123 4016 via
1169 3961 1287 4032 ejus
1345 3979 1452 4019 non
1501 3962 1870 4032 gradiebatur.
1918 3963 2072 4020 Fecit

477 4051 624 4104 enim
644 4049 813 4108 Judas
843 4052 862 4124 (
888 4052 1171 4124 Scriptura
1202 4055 1381 4128 teste)
1415 4057 1471 4110 in
1507 4055 1616 4112 illis
1645 4057 1838 4113 diebus
1865 4057 2071 4112 malum

478 4156 665 4196 coram
698 4143 944 4210 Domino,
994 4153 1050 4200 et
1077 4146 1434 4204 irritaverunt
1471 4165 1595 4206 eum
1628 4167 1791 4222 super
1815 4154 2070 4210 omnibus

478 4247 600 4302 quae
624 4231 865 4289 fecerant
887 4244 1072 4306 patres
1098 4253 1286 4293 eorum
1318 4236 1373 4294 in
1397 4242 1635 4311 peccatis
1667 4243 1781 4299 suis
1805 4259 1926 4314 qua:
1940 4260 2069 4315 pec-

478 4331 758 4378 caverant.
787 4324 1216 4384 IEdiﬁcaverunt
1260 4340 1442 4386 autem
1479 4341 1534 4386 et
1577 4333 1679 4403 ipsi
1724 4333 1827 4388 sibi
1865 4349 1991 4390 aras
2017 4343 2074 4391 et

478 4422 687 4470 statuas
707 4425 762 4470 et
787 4415 938 4472 lucos
989 4433 1154 4489 super
1191 4436 1409 4478 omnem
1442 4422 1634 4478 collem
1673 4424 1974 4491 excelsum,
2017 4433 2072 4482 et

460 4504 668 4560 subter
709 4521 928 4562 omnem
968 4509 1220 4566 arborem
1257 4510 1591 4568 frondosam.
1625 4512 1734 4568 Sed
1775 4521 1830 4568 et
1864 4511 2072 4568 effemi-

476 4597 592 4651 nati
638 4596 857 4652 fuerunt
886 4599 939 4654 in
973 4607 1141 4668 terra,
1172 4599 1528 4674 feceruntque
1553 4619 1744 4660 omnes
1790 4605 2071 4661 abomina-

476 4689 653 4745 tiones
683 4691 946 4762 gentium,
977 4707 1116 4763 quas
1155 4694 1364 4750 attrivit
1405 4697 1667 4752 Dominus
1697 4705 1822 4752 ante
1871 4697 2071 4753 faciem

475 4779 711 4837 ﬁliorum
758 4782 946 4840 Israel.
991 4784 1272 4857 Signiﬁcat
1317 4787 1483 4858 igitur
1521 4789 1695 4845 malos
1734 4799 1975 4847 rectores
2014 4793 2071 4846 in

476 4871 740 4942 Ecclesia,
765 4877 858 4948 qui
884 4879 1116 4933 terrenis
1146 4879 1534 4948 cupiditatibus
1572 4881 1758 4948 dediti,
1792 4883 2072 4956 negligunt

477 4979 668 5022 curam
723 4968 924 5025 habere
963 4970 1304 5026 subditorum
1350 4981 1406 5028 et
1454 4973 1789 5031 delectantes
1822 4976 1878 5032 in
1929 4977 2070 5047 mule

477 5057 708 5116 titudine
744 5062 848 5118 sibi
890 5063 1326 5132 obsequentium,
1371 5080 1472 5122 nec
1515 5075 1695 5122 tamen
1743 5067 2068 5138 condignam

475 5152 678 5209 habent
715 5156 1136 5212 sollicitudinem
1164 5158 1267 5214 sibi
1325 5160 1762 5215 commissorum.
1797 5154 2068 5231 Interpre-

476 5255 624 5303 tatur
648 5259 830 5306 autem
871 5252 1116 5308 Roboam
1141 5253 1367 5308 latitudo
1415 5255 1614 5326 populi.
1665 5257 1731 5310 Et
1771 5257 1910 5312 bene
1942 5258 2067 5312 lati-

477 5341 606 5396 tudo
641 5344 822 5412 populi
865 5342 1136 5400 nominari
1173 5355 1402 5416 possunt
1442 5347 1536 5417 qui
1570 5346 1736 5402 latam
1769 5356 1824 5403 et
1862 5349 2066 5418 spatio-

479 5444 594 5484 sam
631 5427 777 5487 viam
825 5436 1160 5506 gradientes,
1204 5453 1304 5507 per
1349 5452 1512 5508 quam
1563 5437 1716 5492 multi
1755 5437 1959 5493 vadunt
2002 5439 2071 5494 ad

477 5533 730 5592 mortem,
761 5539 1047 5598 angustam
1096 5530 1237 5584 viam
1270 5547 1390 5600 quae
1418 5544 1716 5600 paucorum
1769 5539 1873 5596 est,
1907 5540 1961 5585 et
2003 5531 2074 5587 ad

431 5603 434 5608 ’
477 5621 738 5671 aeternam
780 5619 946 5673 vitam
998 5621 1147 5676 ducit
1179 5620 1417 5692 (Matth.
1455 5620 1582 5691 vn),
1630 5621 1837 5690 ingredi
1888 5621 2072 5678 detre-

373 5793 382 5798 '
474 5714 631 5764 ctant
652 5726 666 5763 ;
694 5707 884 5767 relicto
897 5721 1316 5784 quesanctorum
1337 5712 1824 5782 Patrutiuconsilio,
1839 5727 2072 5784 quorum

2167 470 2275 537 nis,
2319 469 2524 540 eligunt
2561 467 2824 538 juvenum
2867 470 3248 541 obtemperare
3294 475 3602 545 praeceptis,
3657 475 3784 532 hoc

2167 571 2272 628 est,
2297 576 2486 616 eorum
2507 562 2600 631 qui
2620 559 2956 630 juvenilibus
2983 562 3271 628 desideriis
3305 565 3600 636 mancipati
3641 566 3785 623 lau-

2167 653 2324 710 dibus
2353 654 2552 725 iniquis
2599 662 2657 710 et
2702 653 3107 730 adulationibus
3157 670 3252 710 eos
3303 664 3554 727 gravant,
3585 665 3644 713 et
3709 658 3783 714 fit

2169 745 2225 802 in
2259 747 2342 802 eis
2386 746 2531 816 quod
2570 761 2670 818 per
2705 747 3027 818 prophetam
3069 747 3269 804 dicitur
3306 765 3320 802 :
3378 767 3398 800 ε
3432 747 3621 816 Qualis
3673 766 3785 821 po-

2167 838 2346 911 pulus,
2378 839 2504 895 talis
2543 847 2628 895 est
2653 847 2709 894 et
2747 840 3024 896 sacerdos.
3071 838 3274 905 Omnes
3304 841 3450 896 enim
3476 857 3507 895 a
3535 842 3784 898 minimo

2167 946 2342 1002 usque
2371 921 2440 986 ad
2467 931 2766 986 maximum
2801 932 3048 1002 avaritiae
3086 932 3328 998 student,
3356 940 3414 988 et
3439 934 3570 988 caeci
3604 935 3784 991 caecis

2168 1021 2423 1078 ducatum
2471 1022 2780 1093 praebentes
2821 1021 2877 1077 in
2929 1021 3509 1096 foveamgperditionis
3557 1023 3786 1093 pariter

2168 1117 2370 1172 cadunt
2418 1115 2654 1189 (Jer.v1.
2703 1115 2902 1170 Matth.
2938 1117 3054 1189 xv).
3093 1135 3112 1169 ι
3167 1115 3375 1184 Quibus
3400 1116 3787 1172 comminatur

2168 1209 2432 1279 sapientia
2465 1208 2564 1263 Dei
2593 1208 2780 1265 dicens
2815 1207 3107 1279 (Eccl.x):
3137 1227 3157 1262 ‹
3201 1206 3291 1263 Vae
3323 1208 3422 1264 tibi
3444 1219 3590 1264 terra
3619 1207 3787 1276 cujus

2167 1317 2266 1356 rex
2289 1317 2422 1372 puer
2451 1309 2559 1368 est,
2575 1309 2630 1357 et
2645 1302 2800 1373 cujus
2820 1303 3094 1374 principes
3127 1301 3436 1358 comedunt.
3455 1307 3482 1354 ἰ
3511 1302 3582 1357 Et
3609 1317 3788 1359 econ-

2169 1392 2338 1449 trario
2366 1393 2432 1449 de
2457 1403 2772 1449 sanctorum
2808 1394 3029 1466 populo,
3061 1403 3116 1452 et
3162 1409 3289 1466 rege
3327 1409 3513 1450 eorum
3547 1392 3788 1452 Christo

2167 1483 2439 1540 laudando
2463 1485 2830 1557 subsequitur,
2857 1486 3043 1542 dicens
3071 1504 3128 1540 τι
3161 1485 3326 1542 Beata
3347 1495 3494 1543 terra
3507 1487 3673 1559 cujus
3697 1498 3789 1544 est

2171 1591 2268 1632 rex
2321 1577 2539 1642 nobilis,
2563 1587 2619 1633 et
2645 1577 2798 1647 cujus
2831 1578 3106 1649 principes
3132 1587 3426 1635 vescuntur
3447 1579 3502 1634 in
3533 1589 3790 1649 tempore

2170 1683 2288 1736 suo,
2305 1669 2431 1739 quia
2456 1669 2638 1724 omnia
2653 1684 2841 1740 quaacu
2849 1685 2991 1739 nque
3005 1668 3236 1724 fecerint
3256 1669 3749 1741 prosperabuntur.
3761 1689 3782 1722 ι

2771 1761 3002 1818 CAPUT
3042 1761 3180 1816 Xlll.

2183 1909 2187 1912 ,
2248 1872 2266 1904 ‹
2302 1852 2443 1908 Ecce
2468 1852 2555 1908 vir
2582 1852 2677 1908 Dei
2728 1853 2878 1908 venit
2905 1854 2972 1909 de
3017 1851 3154 1908 Iuda
3179 1853 3236 1910 in
3263 1869 3514 1910 sermone
3559 1855 3788 1911 Domini

2179 1962 2199 1996 ε
2235 1945 2290 1998 in
2327 1942 2535 2010 Bethel,
2570 1942 2860 2000 Jeroboam
2905 1952 3084 2000 stante
3123 1959 3286 2016 super
3325 1944 3521 2009 altare,
3553 1953 3612 2000 et
3655 1945 3789 2001 thus

2178 2057 2197 2091 ‹
2227 2037 2482 2106 jaciente.
2502 2035 2570 2092 Et
2587 2036 2911 2092 exclamavit
2923 2045 3113 2093 contra
3135 2036 3308 2092 altare
3334 2037 3389 2092 in
3407 2052 3667 2093 sermone
3681 2037 3786 2092 Do-

2178 2148 2195 2180 «
2226 2128 2381 2194 mini,
2404 2137 2461 2183 et
2480 2129 2585 2182 ait:
2607 2127 2810 2194 Altare,
2827 2128 3018 2194 altare,
3039 2129 3156 2184 haec
3180 2129 3310 2184 dicit
3325 2128 3616 2196 Dominus:
3635 2128 3786 2184 Ecce

2178 2239 2198 2272 ί
2232 2218 2371 2274 ﬁlius
2393 2227 2649 2274 nascetur
2676 2218 2890 2290 Domini
2911 2219 3089 2285 David
3122 2216 3300 2274 Josias
3327 2217 3570 2286 nomine,
3602 2226 3665 2273 et
3687 2219 3786 2273 im-

2179 2331 2198 2364 ‹
2235 2311 2460 2367 molabit
2488 2327 2652 2382 super
2683 2320 2736 2367 te
2767 2311 3082 2368 sacerdotes
3109 2311 3478 2378 excelsorum,
3508 2311 3604 2381 qui
3631 2326 3784 2367 nunc

2179 2421 2198 2455 ι
2239 2404 2291 2458 in
2316 2412 2370 2457 te
2396 2403 2554 2458 thura
2584 2403 2936 2468 succendunt,
2970 2411 3027 2458 et
3052 2417 3175 2458 ossa
3205 2389 3488 2457 hominum
3519 2402 3784 2458 incendet

2178 2512 2198 2546 ί
2231 2509 2394 2564 super
2423 2502 2496 2561 te,
2534 2515 2554 2547 ι
2586 2502 2642 2550 et
2671 2494 2901 2565 reliqua.
2954 2495 3121 2565 Igitur
3152 2495 3417 2566 propheta
3464 2494 3562 2565 qui
3601 2509 3636 2548 a
3667 2493 3782 2549 Deo

2174 2587 2374 2641 missus
2402 2584 2583 2640 fuerat
2617 2586 2672 2640 in
2701 2585 2913 2652 Bethel,
2942 2594 3004 2641 ut
3029 2586 3342 2656 increparet
3366 2583 3664 2642 Jeroboam
3690 2602 3781 2640 su-

2174 2694 2274 2749 per
2302 2677 2610 2732 idololatria
2646 2693 2809 2748 quam
2852 2677 3041 2748 gessit,
3073 2687 3128 2734 et
3153 2693 3185 2732 a
3212 2676 3351 2733 falso
3390 2679 3662 2748 propheta
3685 2693 3780 2734 se-

2174 2768 2388 2833 ductus,
2420 2767 2658 2823 comedit
2698 2767 2772 2822 ibi
2799 2775 2856 2823 et
2891 2767 3030 2823 bibit
3075 2774 3268 2823 contra
3293 2774 3628 2837 praeceptum
3673 2767 3783 2823 Do-

2173 2861 2330 2926 mini,
2360 2868 2414 2916 et
2439 2868 2727 2931 pr0pterea
2754 2875 2787 2915 a
2820 2860 2976 2916 leone
3007 2860 3065 2916 in
3103 2861 3192 2916 via
3220 2860 3434 2917 occisus
3478 2868 3564 2915 est
3591 2878 3606 2914 :
3641 2857 3783 2930 quid

2174 2954 2448 3026 signiﬁcat
2483 2953 2588 3008 nisi
2641 2953 2734 3022 qui
2763 2953 2820 3008 in
2855 2953 3133 3024 prosperis
3186 2952 3433 3010 elevatur
3459 2952 3672 3008 corde?
3707 2961 3784 3008 ita

2115 3041 2120 3046 ’
2175 3053 2236 3100 ut
2256 3052 2529 3115 praecepta
2555 3043 2772 3099 Domini
2794 3052 3114 3100 contemnat
3151 3059 3183 3098 a
3212 3063 3232 3096 ‹
3268 3043 3427 3100 leone
3446 3043 3544 3115 qui
3580 3044 3784 3100 circuit

2180 3137 2406 3209 rugiens
2435 3149 2687 3207 quaerens
2714 3150 2876 3205 quem
2902 3136 3126 3216 devoret
3171 3133 3226 3208 (Ι
3253 3133 3401 3190 Patr.
3425 3135 3525 3200 v.),
3558 3153 3580 3187 ι
3617 3134 3782 3190 dente

2178 3229 2550 3302 persuasionis
2586 3228 2836 3300 malignae
2879 3228 3135 3295 laniatus,
3164 3243 3264 3299 per
3287 3242 3616 3283 consensum
3643 3241 3778 3298 pec-

2180 3320 2287 3375 cati
2324 3317 2650 3374 interﬁcitur
2685 3336 2698 3372 :
2735 3333 2801 3375 ac
2826 3333 2925 3389 per
2953 3319 3057 3374 hoc
3101 3319 3470 3374 necessarium
3501 3325 3588 3375 est
3627 3332 3779 3372 sem-

2178 3428 2278 3484 per
2301 3427 2546 3484 quaerere
2571 3411 2832 3468 auxilium
2853 3412 3240 3484 omnipotentis
3263 3413 3378 3479 Dei,
3404 3421 3572 3484 atque
3598 3411 3782 3468 defen-

2179 3505 2387 3561 sionem
2417 3505 2609 3576 ipsius,
2639 3520 2706 3561 ex
2733 3513 2849 3563 toto
2879 3505 3042 3562 corde
3070 3520 3293 3576 sperare
3319 3503 3780 3572 inmisericordia

2180 3597 2317 3668 ejus.
2342 3595 2484 3665 Quid
2515 3597 2662 3654 enim
2699 3606 2786 3654 est
2829 3599 3014 3666 homo,
3062 3597 3346 3667 cujuslibet
3385 3597 3459 3652 sit
3495 3596 3704 3662 meriti,
3732 3595 3778 3652 si

2179 3688 2491 3746 Conditoris
2527 3690 2611 3746 sui
2663 3690 3002 3762 protectione
3049 3679 3375 3746 deseratur?
3422 3687 3564 3757 Quia
3613 3688 3779 3743 nimi-

2179 3796 2301 3836 rum
2328 3781 2596 3852 protectio
2626 3780 2807 3836 minus
2844 3780 3154 3838 necessaria
3179 3780 3440 3852 creditur,
3471 3778 3517 3834 si
3558 3791 3779 3848 semper

2178 3873 2442 3929 habeatur
2467 3889 2479 3926 :
2511 3877 2604 3929 sed
2626 3873 2829 3930 utiliter
2851 3873 3167 3944 plerumque
3191 3871 3552 3938 subtrahitur,
3570 3878 3633 3926 ut
3653 3870 3781 3925 sibi-

2177 3966 2395 4038 metipsi
2423 3967 2608 4032 homo,
2645 3981 2808 4036 quam
2834 3965 2953 4022 sine
2982 3967 3074 4021 illa
3109 3963 3244 4022 nihil
3271 3965 3395 4034 scit,
3427 3963 3775 4020 ostendatur.

2180 4056 2372 4112 Manus
2398 4056 2565 4128 igitur
2595 4057 2691 4112 Dei
2722 4049 3012 4127 aliquando
3057 4071 3158 4113 nos
3203 4044 3361 4112 nobis
3410 4045 3512 4127 per
3542 4055 3777 4110 adversa

2177 4147 2437 4214 insinuat,
2487 4163 2608 4218 quae
2654 4148 2960 4204 nescientes
3005 4162 3104 4203 nos
3153 4147 3210 4203 in
3243 4147 3518 4218 prosperis
3566 4154 3776 4216 portat,

2176 4242 2305 4313 quia
2330 4243 2575 4300 destituti
2606 4243 2733 4300 dum
2759 4244 2956 4300 cadere
2983 4243 3293 4315 incipimus,
3315 4251 3371 4298 et
3397 4251 3580 4299 tamen
3601 4241 3776 4311 adjuti

2179 4335 2497 4401 retinemur,
2525 4343 2580 4392 et
2608 4337 2855 4392 doctrina
2889 4336 2972 4404 ﬁt,
2999 4337 3144 4407 quod
3169 4336 3224 4392 in
3253 4337 3405 4408 lapsu
3439 4335 3779 4406 trepidamus

2181 4435 2238 4483 et
2265 4428 2511 4484 custodia
2541 4428 2686 4498 quod
2715 4429 2771 4484 in
2809 4437 2953 4485 statu
3000 4443 3400 4499 permanemus.
3435 4427 3607 4482 Nemo
3641 4443 3776 4498 ergo

2179 4532 2239 4574 se
2267 4517 2496 4586 alicujus
2533 4519 2751 4575 virtutis
2785 4519 3038 4586 aestimet,
3073 4519 3236 4574 etiam
3273 4533 3397 4574 cum
3444 4518 3575 4588 quid
3619 4517 3779 4582 forti-

2179 4616 2260 4664 ter
2286 4609 2504 4678 poterit,
2537 4608 2664 4678 quia
2703 4609 2750 4664 si
2779 4608 2960 4665 divina
2988 4623 3112 4664 eum
3137 4609 3409 4680 protectio
3438 4609 3674 4675 deserat,
3700 4609 3778 4664 ibi

2176 4709 2398 4772 repente
2449 4701 2723 4778 enerviter
2776 4699 3027 4757 obruitur
3085 4701 3175 4756 ubi
3221 4716 3279 4757 se
3332 4701 3576 4757 valenter
3625 4709 3778 4757 stare

2177 4795 2460 4867 gloriatur.
2493 4793 2632 4862 Quid
2658 4801 2742 4850 est
2766 4795 2915 4851 enim
2955 4793 3099 4866 quod
3128 4793 3212 4848 vir
3240 4793 3338 4849 Dei
3365 4801 3556 4849 contra
3597 4791 3775 4849 altare

2175 4885 2366 4941 Bethel
2413 4885 2481 4940 ad
2527 4887 2964 4956 prOpbetandum
3005 4885 3264 4952 directus,
3308 4894 3579 4956 praesente
3617 4900 3770 4957 rege,

2176 4978 2556 5034 auctoritatem
2587 4977 2772 5034 liberae
2800 4977 2951 5034 vocis
2998 4977 3265 5043 exercuit,
3297 4976 3650 5047 ejusdemque
3688 4992 3774 5033 re-

2175 5071 2258 5144 gis
2308 5078 2598 5126 extensum
2645 5069 2930 5145 brachium
2977 5069 3034 5125 in
3085 5070 3267 5141 rigore
3307 5069 3636 5124 mirabiliter
3679 5084 3775 5123 asa

2176 5163 2388 5231 trinxit,
2425 5163 2570 5234 quod
2597 5170 2777 5218 tamen
2808 5178 2934 5219 mox
2963 5162 3397 5219 misericorditer
3423 5161 3586 5218 saluti
3613 5161 3773 5217 resti-

2177 5257 2297 5323 tuit,
2331 5255 2485 5326 cujus
2514 5257 2566 5311 in
2601 5257 2761 5312 domo
2791 5257 3051 5311 invitatus
3089 5256 3377 5334 comedere
3403 5245 3617 5321 noluit,
3641 5255 3772 5324 quia

2177 5366 2244 5406 ne
2275 5351 2330 5406 in
2361 5351 2446 5406 via
2473 5351 2805 5417 comederet,
2833 5351 3220 5422 probibitionis
3241 5349 3538 5405 Dominicae
3566 5364 3772 5420 praece-

2176 5451 2269 5514 pta
2315 5443 2571 5499 servavit.
2606 5442 2706 5510 Qui
2752 5451 2933 5498 tamen
2967 5442 3041 5515 ing
3066 5443 3272 5517 eadem,
3297 5442 3386 5496 via
3421 5448 3478 5496 et
3516 5439 3774 5496 seductus

2179 5535 2414 5589 comedit
2448 5543 2502 5590 et
2536 5543 2723 5606 pastus
2768 5535 2996 5591 interiit.
3049 5533 3165 5602 Qua
3217 5534 3272 5589 in
3323 5548 3383 5589 re
3415 5532 3548 5604 quid
3587 5532 3774 5588 subtili

2179 5627 2612 5683 consideratione
2650 5627 2973 5705 colligimus,
3011 5627 3139 5699 quid
3166 5627 3248 5699 (ut
3283 5626 3359 5680 ita
3385 5623 3640 5698 dixerim)
3663 5623 3763 5679 for-

2181 5719 2440 5776 mandum
2485 5721 2844 5784 susuicamur,
2893 5720 2998 5776 nisi
3037 5719 3183 5779 quod
3222 5718 3456 5777 forsitan
3505 5714 3646 5776 apud
3685 5728 3774 5773 sea
