4044 6336
187 337 307 430 s73

1128 323 1386 421 ENARR.
1426 362 1496 419 IN
1532 362 1782 421 LIBROS
1817 357 2085 454 aecum.
2128 393 2201 404 _
2235 354 2304 418 IN
2342 356 2473 419 LIB.
2515 359 2604 418 ιιι.

3370 369 3480 428 474

191 489 493 558 metipsum
512 482 732 548 tacitus,
761 488 816 538 et
844 494 944 552 pro
971 481 1257 554 praeceptis
1283 477 1579 536 Dominicis
1609 454 1790 547 regem
1817 481 1870 542 Α
1894 479 1970 533 cit
2033 492 2131 533 rex
2184 491 2364 533 aneos
2395 517 2411 543 ,
2445 485 2501 532 et
2531 475 2753 531 tradidit
2779 474 2901 532 illos
2927 476 3266 548 principibus
3291 491 3476 538 scuta-

192 595 260 636 se
290 577 683 648 contempsisse
730 575 1013 648 gloriatus,
1063 573 1133 628 ab
1175 573 1388 628 interna
1437 586 1559 626 mox
1597 569 1785 626 solidi-

189 680 318 729 tate
343 677 634 744 quassatus
665 676 768 734 est,
799 676 854 724 et
881 667 1003 723 inde
1033 665 1083 722 ei
1108 653 1168 722 in}
1204 681 1367 736 opere
1409 664 1566 734 culpa
1610 663 1790 746 subri-f

190 763 342 836 puit,
383 761 527 816 unde
571 759 674 815 sibi
723 759 894 832 gloria
924 758 978 813 in
1019 757 1185 814 corde
1227 756 1543 827 subrepsit?
1571 763 1631 811 ut
1658 771 1787 826 pro-

192 856 379 925 pheta
424 851 547 907 falsi
585 851 768 906 verbis
809 851 1064 920 deceptus
1111 849 1361 914 disceret,
1415 847 1542 918 quia
1588 862 1788 916 nequa-

191 962 363 1018 quam
389 945 618 1017 propria
639 943 971 1001 fortitudinis
995 941 1177 1008 fuerit,
1209 941 1353 1014 quod
1373 942 1440 997 ad
1463 941 1604 1012 regis
1624 941 1789 997 verba

192 1039 514 1094 restitisset.
557 1039 704 1094 Bene
751 1048 930 1094 autem
960 1045 1016 1094 et
1059 1035 1176 1106 ejus
1219 1052 1316 1092 ore
1345 1036 1535 1092 mortis
1574 1045 1792 1092 senten-

193 1131 329 1186 tiam
366 1129 595 1200 accepit,
625 1128 781 1199 cujus
815 1129 1127 1185 seductione
1158 1143 1187 1182 a
1217 1127 1342 1181 vita
1369 1127 1656 1197 praceptis
1697 1126 1790 1205 de:

190 1221 386 1287 viavit,
418 1229 478 1275 ut
504 1222 627 1277 inde
663 1235 879 1292 poenam
924 1221 1192 1276 veraciter
1219 1227 1478 1285 sumeret,
1505 1219 1646 1274 unde
1677 1217 1790 1273 cul-

190 1329 319 1385 pam
370 1313 704 1385 negligenter
740 1313 1070 1370 admisisset.
1122 1312 1222 1368 Hic
1271 1321 1453 1368 autem
1503 1297 1790 1367 manifeste

191 1408 522 1474 ostenditur,
547 1408 690 1478 quod
720 1416 1003 1478 peccatum
1042 1397 1420 1462 inobedientia
1449 1405 1503 1459 in
1534 1405 1648 1475 ipsa
1675 1404 1789 1458 fue-

193 1500 264 1554 rit
299 1509 473 1556 morte
498 1500 760 1566 laxatum,
790 1500 916 1571 quia
943 1499 1086 1555 idem
1119 1499 1204 1553 leo
1236 1498 1329 1568 qui
1356 1497 1626 1552 viventem
1652 1512 1788 1567 pra-

193 1592 427 1662 sumpsit
450 1591 722 1654 occidere.
749 1606 915 1647 ausus
947 1575 1262 1662 contingere
1293 1605 1397 1645 non
1420 1597 1503 1644 est
1522 1590 1783 1644 occisum.

194 1682 295 1750 Qui
339 1683 492 1760 (enim
541 1679 820 1739 occidendi
872 1684 1060 1738 habuit
1103 1691 1447 1754 potestatem,
1499 1683 1567 1738 de
1617 1681 1784 1738 occisi

194 1777 463 1834 cadavere
505 1778 824 1834 comedendi
863 1777 1138 1833 licentiam
1169 1793 1278 1832 non
1303 1777 1532 1848 accepit.
1573 1776 1712 1844 Quia
1735 1777 1781 1833 is

1890 569 2094 624 riorum
2125 609 2140 634 ,
2185 569 2278 639 qui
2299 567 2680 624 custodiebant
2708 567 3038 624 vestibulum
3065 569 3270 640 palatii.
3295 593 3313 625 ›
3337 571 3478 642 Quid

1891 674 2018 730 ergo
2039 675 2138 731 per
2159 659 2385 730 figuram
2413 660 2517 715 hoc
2540 660 2799 726 insinuat,
2842 661 2987 732 quod
3029 671 3250 732 propter
3293 679 3463 734 pecca

1891 761 2004 808 tum
2027 753 2269 808 Roboam
2299 752 2466 809 Sesac
2489 768 2584 808 rex
2607 752 2826 824 Egypti
2848 745 3100 810 de'domo
3124 755 3338 810 Domini
3363 758 3480 813 the-

1891 861 2084 919 sauros
2120 847 2364 912 abstulit,
2401 857 2457 901 et
2481 847 2768 926 thesauros
2801 846 3001 918 regios,
3040 848 3142 903 nisi
3171 851 3314 920 quod
3349 851 3481 924 (mali

1890 945 2134 992 rectores
2161 946 2383 1008 propter
2404 938 2785 1010 negligentiam
2831 953 2984 993 suam
3012 953 3192 1010 regem
3233 938 3480 1012 IEgypti,

1891 1029 1994 1085 hoc
2015 1037 2118 1095 est,
2150 1029 2448 1101 principem
2476 1031 2818 1086 tenebrarum
2836 1031 2890 1084 in
2912 1028 3208 1086 Jerusalem
3247 1033 3482 1102 typicam

1889 1129 2206 1193 provocant,
2253 1121 2307 1176 in
2348 1121 2648 1179 Ecclesiam
2685 1123 2937 1178 videlicet
2961 1123 3063 1178 sibi
3084 1125 3477 1179 commissam:

1890 1216 1981 1270 ubi
2010 1215 2109 1286 ipsi
2133 1217 2198 1272 ad
2229 1224 2442 1288 tempus
2467 1217 2736 1275 dominari
2767 1218 3040 1284 videntur,
3065 1219 3156 1289 qui
3193 1219 3480 1276 thesauros

1889 1305 2079 1363 domus
2107 1306 2391 1364 Dominiet
2420 1309 2708 1365 thesauros
2727 1295 2907 1382 regios
2933 1310 3128 1378 aufert,
3153 1327 3276 1366 cum
3306 1313 3482 1368 scicn-

1890 1398 2021 1454 tiam
2045 1409 2358 1456 sanctarum
2385 1401 2792 1474 Scripturarum
2843 1405 3003 1460 simul
3025 1413 3079 1460 et
3115 1421 3278 1476 opera
3311 1407 3481 1460 virtu-

1887 1502 2002 1548 tum
2029 1492 2098 1548 ab
2117 1494 2350 1550 incautis
2373 1503 2430 1550 et
2473 1495 2760 1552 desidiosis
2801 1496 3071 1552 abstrahit
3100 1497 3124 1550 ?
3159 1495 3328 1586 Sesa’c
3353 1512 3483 1569 ergo

1856 1589 2072 1660 -byssus
2097 1591 2256 1646 cilicii
2311 1593 2425 1648 sive
2462 1593 2718 1664 gaudium
2767 1593 2926 1649 cilicii
2971 1596 3382 1666 interpretatur.
3412 1597 3482 1652 Et

1888 1681 2015 1750 quia
2042 1683 2238 1754 byssus
2286 1684 2639 1740 subtilitatem
2701 1685 2992 1756 significat,
3043 1686 3278 1743 cilicium
3323 1703 3477 1754 vero,
3505 1699 3530 1716 θ

1845 1795 1853 1852 ς
1889 1776 2035 1845 quod
2065 1775 2132 1832 de
2176 1778 2649 1848 caprarumsetis
2711 1779 3018 1843 conficitur,
3072 1790 3316 1850 peccata,
3349 1780 3481 1852 quid

194 1872 280 1927 cui
321 1872 479 1942 culpa
509 1872 562 1926 in
613 1872 720 1926 vita
761 1871 926 1928 fuerit
950 1857 1162 1942 punita,
1190 1878 1308 1925 erat
1343 1869 1457 1940 jam
1503 1869 1683 1938 justus
1715 1885 1786 1946 ex
1813 1847 1862 1908 Β
1892 1869 2084 1951 melius
2111 1847 2350 1942 inbvsso
2375 1871 2556 1937 cilicii,
2587 1886 2750 1941 quam
2781 1871 3018 1926 versutia
3051 1847 3470 1929 fraudisdiabo-

193 1970 389 2018 morte.
431 1963 488 2018 ln
523 1963 630 2018 hoc
671 1961 816 2017 facto
855 1961 1184 2028 ostenditur,
1217 1961 1361 2031 quod
1401 1975 1561 2016 nemo
1585 1976 1645 2015 se
1688 1959 1788 2014 ali-

194 2053 348 2122 cujus
375 2055 595 2109 virtutis
630 2043 902 2110 astimare
942 2053 1124 2118 debet,
1156 2053 1320 2108 etiam
1356 2067 1480 2107 cum
1509 2051 1637 2123 quid
1675 2051 1787 2107 for-

194 2145 322 2200 titer
351 2144 515 2218 (sicut
537 2145 740 2201 dictum
761 2147 864 2214 est)
888 2145 1105 2215 poterit.
1133 2144 1240 2199 Iste
1269 2144 1416 2199 enim
1441 2143 1567 2214 quia
1587 2159 1788 2214 prace-

192 2239 301 2308 ptis
329 2239 630 2294 Dominicis
651 2255 834 2310 regem
862 2239 1250 2308 contempsisse
1275 2237 1535 2310 gloriatus
1558 2238 1783 2303 corruit,

193 2342 250 2386 ut
288 2333 568 2404 propheta
596 2332 718 2388 falsi
751 2335 930 2390 verbis
963 2335 1221 2405 deceptus
1243 2335 1498 2400 disceret,
1528 2335 1654 2407 quia
1677 2350 1786 2392 non

192 2423 429 2495 propria
454 2421 788 2481 fortitudinis
811 2423 975 2480 fuerit
999 2425 1144 2496 quod
1167 2427 1281 2497 regi
1305 2426 1616 2484 restitisset.

816 2579 1046 2636 CAPUT
1084 2579 1225 2636 XIV.

267 2723 288 2758 ι
322 2703 386 2760 In
414 2703 604 2776 quinto
632 2713 814 2760 autem
843 2718 987 2758 anno
1038 2702 1191 2774 regni
1239 2701 1508 2768 Roboam,
1537 2702 1787 2757 ascendit

198 2817 218 2851 ι
261 2795 433 2852 Sesac
481 2811 578 2852 rex
608 2794 832 2867 Egypti
859 2794 913 2848 in
963 2792 1286 2858 Jerusalem,
1343 2791 1463 2846 tulit
1501 2792 1786 2848 thesauros

198 2907 219 2940 ι
253 2888 449 2944 domus
473 2885 709 2952 Domini,
736 2893 791 2942 et
819 2887 1110 2941 thesauros
1135 2883 1315 2960 regios
1345 2891 1401 2938 et
1423 2883 1676 2938 universa
1707 2883 1790 2938 di-

199 3000 218 3036 ι
247 2983 436 3053 ripuit.
472 2980 639 3038 Scuta
670 2995 884 3052 quoque
916 2993 1080 3034 aurea
1117 2993 1238 3048 qua
1267 2975 1474 3032 fecerat
1507 2975 1784 3043 Salomon,

199 3094 218 3128 ι
249 3092 353 3149 pro
382 3075 578 3146 quibus
599 3073 727 3130 fecit
756 3073 998 3128 Roboam
1029 3079 1183 3127 scuta
1207 3085 1374 3136 area,
1403 3078 1459 3126 et
1481 3069 1700 3124 tradidit
1723 3084 1786 3124 ea

199 3189 220 3223 ι
255 3171 312 3226 in
341 3159 564 3225 manum
587 3171 784 3226 ducum
805 3167 1191 3232 scutariorum,
1207 3174 1472 3220 eteorum
1503 3165 1597 3236 qui
1623 3180 1786 3220 excu-

1887 1963 2028 2029 lica,
2060 1964 2114 2019 in
2136 1965 2491 2035 persuasione
2516 1973 2866 2035 peccatorum
2903 1963 3076 2034 accipi
3133 1971 3315 2034 potest
3340 1963 3364 2016 ?
3390 1961 3483 2017 Se-

1890 2069 1983 2110 sac
2010 2056 2153 2110 enim
2179 2055 2665 2128 Jerosolymitanas
2689 2071 2821 2126 Opes
2851 2053 3048 2120 aufert,
3073 2055 3196 2133 cum
3233 2053 3481 2110 diabolus

1889 2145 1981 2215 qui
2003 2146 2197 2202 callide
2219 2147 2437 2218 decipit,
2467 2156 2523 2204 et
2550 2149 2749 2220 gaudet
2772 2148 2826 2203 in
2853 2146 3195 2202 multitudine
3227 2153 3482 2216 peccato-

1889 2250 2008 2308 rum
2039 2236 2439 2293 ecclesiasticos
2465 2253 2769 2312 quosquea
2805 2237 3033 2294 scientia
3086 2237 3377 2309 spirituali,
3428 2245 3486 2293 et

1888 2343 2053 2400 opere
2082 2329 2341 2384 virtutum
2381 2315 2710 2400 depraedat,
2749 2344 2952 2400 eosque
3009 2329 3102 2400 qui
3158 2327 3510 2386 videbantur-

1784 2474 1788 2478 .
1888 2418 1944 2474 in
1980 2419 2222 2476 Ecclesia
2274 2420 2456 2476 decori
2501 2436 2650 2488 esse,
2707 2422 2986 2496 spoliatos.
3014 2436 3200 2477 secum
3234 2421 3289 2476 in
3316 2421 3480 2476 bara-

1890 2517 2073 2572 thrum
2123 2517 2445 2588 perditionis
2493 2533 2605 2573 suae
2654 2518 2943 2590 demergit,
2969 2532 3202 2576 necnon
3254 2523 3305 2572 et
3350 2516 3484 2572 illud

1889 2609 2032 2680 quod
2055 2611 2197 2665 idem
2225 2626 2318 2666 rex
2344 2621 2498 2668 scuta
2519 2628 2686 2668 aurea
2707 2627 2828 2682 qua
2849 2611 3050 2668 fecerat
3080 2627 3188 2672 rex
3221 2609 3484 2666 Salomon

1889 2703 2113 2757 abstulit
2137 2718 2237 2773 pro
2271 2704 2468 2774 quibus
2498 2704 2628 2760 fecit
2672 2720 2768 2780 rex
2797 2704 3042 2760 Roboam
3074 2712 3226 2759 scuta
3249 2719 3405 2765 area
3428 2711 3486 2759 et

1893 2794 2118 2849 tradidit
2143 2810 2207 2849 ea
2234 2795 2288 2848 in
2317 2811 2480 2850 manu
2504 2795 2700 2850 ducum
2722 2795 3107 2872 scutariorum,
3132 2795 3200 2848 ad
3228 2794 3480 2848 eumdem

1891 2901 2110 2942 sensum
2143 2887 2382 2957 respicit.
2419 2885 2675 2942 Salomon
2703 2887 2848 2940 enim
2869 2894 3024 2941 scuta
3053 2899 3218 2940 aurea
3241 2883 3484 2940 condens

1892 2978 2207 3034 custodibus
2237 2979 2430 3036 domus
2456 2995 2566 3034 sua
2592 2963 2762 3044 dedit,
2813 2993 2948 3044 cum,
2987 2963 3324 3047 Redemptor
3357 2989 3484 3031 nos-

1890 3077 1978 3124 ter
2007 3069 2342 3140 spiritualem
2371 3070 2656 3125 scientiam
2684 3085 2781 3140 per
2803 3070 2910 3124 duo
2934 3077 3257 3125 testamenta
3292 3069 3480 3124 docto-

1893 3161 2044 3216 ribus
2072 3161 2326 3216 Ecclesia
2361 3161 2430 3216 ad
2461 3163 2715 3217 tuendam
2763 3159 2975 3232 plebem
3022 3175 3177 3216 suam
3207 3173 3486 3214 commen-

201 3213 220 3223 -
257 3213 312 3226 ...
342 3213 564 3225 ............
588 3213 1261 3232 -.................-.------,--
1289 3213 1472 3220 -------
1507 3213 1597 3236 1--
1628 3213 1758 3220 η--
2763 3213 2973 3232 rm”,
3344 3213 3357 3214 η
3404 3213 3407 3214 ν

200 3284 220 3320 ι
250 3266 456 3321 babant
492 3273 618 3320 ante
643 3264 842 3320 ostium
899 3265 1092 3318 domus
1123 3263 1297 3334 Regis
1343 3259 1587 3329 Cumque
1615 3260 1789 3332 ingreo
1814 3213 1860 3278 Ο
1891 3254 2058 3308 davit.
2094 3253 2242 3309 Hauc
2265 3255 2522 3325 antiquus
2575 3255 2750 3310 hostis
2777 3270 2875 3326 per
2903 3254 3172 3310 incuriam
3200 3262 3480 3310 rectorum

199 3377 218 3410 ι
251 3360 477 3414 deretur
525 3372 622 3414 rex
671 3359 727 3413 in
759 3357 977 3413 domum
1015 3356 1251 3422 Domini,
1280 3355 1574 3427 portabant
1597 3369 1660 3408 ea
1694 3352 1786 3424 qui

198 3472 218 3506 ι
249 3451 535 3524 praeundi
609 3451 884 3506 habebant
941 3450 1199 3516 officium,
1249 3457 1304 3504 et
1353 3457 1544 3518 postea
1596 3462 1784 3516 repor-

199 3558 220 3594 ‹
253 3541 450 3596 labant
490 3540 556 3594 ad
602 3540 1085 3595 armamentarium
1133 3539 1518 3603 scutariorum,
1560 3557 1578 3590 ι
1612 3544 1665 3592 et
1696 3552 1787 3590 re-

121 3663 124 3666 ~
195 3631 360 3702 liqua.
395 3631 472 3686 De
502 3647 610 3702 quo
649 3646 774 3702 rege
821 3633 876 3686 in
921 3631 1060 3686 libro
1090 3630 1540 3702 Paralipomenon
1571 3628 1788 3699 plenius

197 3733 473 3790 narratur,
499 3726 591 3779 ubi
613 3725 717 3780 hoc
740 3724 902 3778 modo
928 3723 1126 3795 legitur
1145 3722 1232 3795 (II
1261 3723 1394 3778 Par.
1419 3732 1518 3794 xu)
1548 3741 1558 3772 .‘
1589 3739 1608 3772 ‹
1629 3721 1789 3776 Anno

198 3824 379 3871 autem
426 3817 617 3886 quinto
675 3816 827 3888 regni
858 3814 1102 3872 Boboam
1130 3855 1148 3882 ,
1199 3814 1446 3870 ascendit
1475 3814 1646 3869 Sesac
1692 3827 1787 3866 rex

197 3905 422 3978 Egypti
483 3907 560 3978 in,
590 3904 925 3973 Jerusalem,
959 3907 1086 3976 quia
1139 3913 1506 3977 peccaverunt
1535 3906 1786 3971 Domino,

197 4015 319 4056 cum
369 3998 516 4054 mille
569 3999 817 4054 ducentis
856 3999 1140 4065 curribus,
1165 4007 1221 4054 et
1245 3999 1525 4070 sexaginta
1552 3997 1790 4054 millibus

195 4090 460 4160 equitum.
513 4088 622 4145 Nec
668 4077 788 4146 erat
831 4080 1089 4146 numerus
1115 4090 1257 4159 vulgi
1285 4091 1378 4162 qui
1407 4099 1634 4144 venerat
1659 4105 1787 4146 cum

195 4196 265 4238 eo
295 4197 364 4237 ex
400 4179 672 4254 Egypto,
698 4181 892 4254 Libyes
925 4183 1132 4238 scilicet
1151 4191 1207 4237 et
1225 4181 1552 4252 Troglodita
1578 4180 1788 4236 {Ethio-

194 4287 342 4344 pes,
410 4274 662 4344 cepitque
718 4274 970 4330 civitates
1029 4273 1424 4328 munitissimas
1463 4273 1536 4326 ein
1602 4269 1785 4336 Juda,

195 4373 252 4420 et
295 4364 445 4420 venit
521 4381 692 4436 usque
742 4365 1063 4421 Jerusalem.
1135 4364 1379 4421 Semeias
1433 4373 1612 4420 autem
1657 4379 1786 4435 pro-

195 4457 382 4530 pheta.
426 4457 704 4527 ingressus
747 4467 833 4513 est
861 4459 927 4515 ad
958 4457 1203 4513 Roboam
1229 4466 1285 4513 et
1327 4457 1601 4528 principes
1624 4456 1783 4525 Juda,

196 4548 294 4633 qui
347 4549 661 4620 congregati
724 4547 942 4604 fuerant
970 4550 1024 4604 in
1046 4547 1346 4604 Jerusalem
1394 4548 1662 4620 fugientes
1689 4549 1787 4605 Se-
1812 4576 1866 4637 D

196 4631 293 4696 Sac
317 4681 332 4706 ,
372 4641 616 4710 dixitque
635 4640 700 4694 ad
729 4655 824 4696 eos
852 4658 866 4694 :
896 4640 1023 4696 Hac
1063 4641 1195 4696 dicit
1228 4639 1488 4695 Dominus
1522 4659 1535 4694 :
1567 4639 1677 4696 Vos
1698 4657 1788 4696 re-

196 4729 444 4802 liquistis
502 4747 619 4798 me,
670 4739 726 4787 et
771 4747 871 4802 ego
921 4731 1114 4802 reliqui
1154 4747 1250 4787 vos
1301 4732 1356 4786 in
1398 4747 1562 4785 manu
1599 4717 1786 4787 Sesac.

195 4822 651 4894 Consternatique
716 4824 991 4895 principes
1023 4823 1188 4879 lsrael
1239 4832 1295 4878 et
1346 4839 1443 4879 rex
1485 4823 1783 4879 dixerunt:

193 4911 385 4970 Justus
433 4922 518 4970 est
561 4915 835 4971 Dominus.
928 4914 1173 4984 Cumque
1225 4915 1454 4971 vidisset
1525 4915 1788 4970 Dominus

194 5005 345 5076 quod
395 5007 662 5062 humiliati
723 5015 930 5073 essent,
984 5005 1164 5062 factus
1198 5015 1286 5062 est
1347 5022 1531 5062 sermo
1571 5005 1785 5061 Domini

194 5096 268 5150 ad
297 5095 602 5164 Semeiam,
647 5097 839 5154 dicens
888 5117 902 5152 ε
971 5097 1107 5166 Quia
1155 5097 1426 5153 humiliati
1479 5106 1642 5164 sunt,
1679 5113 1788 5153 non

194 5191 510 5260 disperdam
551 5207 692 5247 eos:
753 5193 1003 5262 dahoque
1057 5192 1139 5248 eis
1187 5191 1487 5264 pauxillum
1549 5189 1785 5256 auxilii,

193 5295 253 5341 et
345 5301 454 5342 non
519 5285 748 5342 stillabit
809 5286 962 5340 furor
1027 5299 1179 5340 meus
1245 5299 1408 5355 super
1491 5281 1789 5339 Jerusalem

193 5392 296 5447 per
367 5393 589 5433 manum
654 5378 841 5434 Sesac.
909 5375 1288 5432 Verumtamen
1344 5376 1396 5432 ei
1451 5376 1687 5431 servient
1734 5382 1794 5429 ut

193 5470 378 5524 sciant
433 5469 777 5525 distantiam’
810 5469 1091 5525 servitutis
1153 5484 1288 5524 mea
1331 5509 1346 5534 ,
1412 5477 1466 5524 et
1511 5466 1788 5522 servitutis

193 5561 351 5630 regni
392 5570 681 5616 terrarum.
723 5561 970 5638 Recessit
1034 5561 1216 5632 itaque
1273 5560 1440 5616 Sesac
1483 5576 1580 5615 rex
1625 5559 1789 5632 [Egy-

193 5653 273 5724 pti
333 5652 404 5708 ab
464 5639 802 5708 Jerttsalem'
843 5652 1070 5708 sublatis
1125 5652 1393 5707 thesauris
1443 5653 1633 5707 domus
1685 5651 1790 5708 Do-

195 5744 335 5800 mini
377 5755 431 5800 et
462 5745 654 5802 domus
705 5746 881 5817 regis,
912 5746 1203 5815 omniaque
1231 5760 1416 5801 secum
1440 5745 1578 5808 tulit,
1605 5753 1660 5798 et
1687 5744 1794 5815 cly-

195 5851 335 5899 oeos
378 5853 576 5899 aureos
622 5854 760 5904 quos
794 5838 1000 5898 fecerat
1022 5835 1299 5905 Salomon,
1354 5853 1450 5906 pro
1485 5838 1682 5906 quibus
1713 5836 1793 5892 fe-

1888 3344 2177 3410 abstrahit,
2241 3345 2367 3414 quia
2419 3361 2541 3400 cum
2594 3346 2790 3401 intenti
2833 3355 2960 3402 sunt
3025 3345 3188 3402 rebus
3251 3344 3485 3401 terrenis

1891 3433 2180 3504 minusque
2228 3450 2413 3489 curam
2464 3435 2531 3490 de
2575 3435 2889 3492 coelestibus
2937 3434 3114 3492 ollicio
3161 3423 3391 3506 pristino
3430 3442 3486 3491 et

1891 3524 2119 3580 scientia
2171 3524 2493 3590 denudatos,
2555 3527 2711 3596 quasi
2764 3527 2819 3582 in
2874 3526 3036 3582 domo
3088 3527 3308 3598 propria
3367 3526 3486 3596 opi-

1893 3615 1994 3669 bus
2023 3616 2303 3685 spoliatos,
2334 3616 2642 3687 dereliquit.
2696 3618 2938 3689 Denique
2977 3618 3108 3675 tales
3138 3634 3262 3675 cum
3319 3633 3484 3674 sensu

1892 3706 2120 3776 spiritali
2187 3707 2429 3777 privatos
2499 3724 2559 3762 se
2624 3710 2988 3779 conspiciunt,
3060 3725 3157 3781 per
3225 3709 3484 3779 eloquen-

1893 3799 2024 3853 tiam
2096 3801 2383 3855 verborum
2459 3800 2668 3870 copiam
2697 3811 2950 3871 quarunt
2987 3811 3255 3874 quatenus
3291 3816 3482 3857 eorum

1895 3891 2228 3957 sonoritate,
2287 3891 2432 3946 velut
2495 3902 2775 3948 scutorum
2843 3909 3110 3968 areorum
3172 3895 3430 3949 firmitate
3463 3933 3480 3960 ,
3573 3907 3578 3914 '

1896 3989 2139 4036 tutamen
2168 3990 2356 4038 contra
2395 3983 2582 4039 hostes
2616 3999 2714 4054 pro
2754 3984 3010 4055 subjectis
3053 3987 3156 4042 sibi
3184 3995 3480 4058 opponant.

1895 4072 2002 4129 Sed
2029 4086 2233 4143 quanto
2253 4091 2328 4130 as
2351 4083 2434 4130 est
2457 4075 2619 4131 vilius
2641 4078 2858 4133 metallo
2886 4094 3026 4146 auri,
3057 4087 3206 4135 tanto
3254 4079 3484 4150 inferior

1891 4172 1979 4219 est
2034 4179 2172 4220 vana
2221 4165 2530 4236 eloquentia
2553 4183 2694 4223 vera
2716 4169 3041 4240 eloquentia
3077 4169 3280 4226 fructu.
3329 4171 3483 4228 Unde

1891 4272 1990 4328 per
2033 4257 2322 4325 quemdam
2397 4259 2694 4328 sapientem
2745 4261 2814 4317 de
2859 4261 3167 4334 eloquentia
3225 4263 3428 4319 dicitur
3465 4281 3479 4317 :

1898 4369 1916 4402 ι
1975 4350 2076 4407 Ubi
2101 4351 2334 4422 plurima
2375 4353 2562 4418 verba,
2590 4354 2662 4409 ibi
2691 4352 3006 4426 frequenter
3032 4365 3246 4427 egestas
3295 4352 3480 4429 (Prov.

1891 4441 2013 4512 xm)
2049 4459 2062 4495 :
2103 4461 2121 4492 ›
2154 4440 2299 4496 Etin
2340 4441 2564 4512 psalmis
2613 4443 2688 4498 ita
2731 4444 2972 4518 legitur:
3013 4463 3033 4497 ι
3062 4443 3160 4501 Vir
3205 4445 3483 4516 linguosus

1897 4551 1916 4587 ι
1953 4549 2060 4588 non
2083 4533 2344 4603 dirigetur
2373 4548 2534 4605 super
2565 4546 2768 4612 terram
2798 4533 2973 4610 (Psal.
3001 4538 3146 4610 xm).
3180 4557 3200 4592 ι
3243 4537 3380 4593 Nam
3413 4539 3481 4594 de

1894 4624 2159 4696 sapientia
2212 4625 2286 4678 ita
2334 4626 2596 4696 scriptum
2639 4619 2742 4684 est.
2803 4646 2822 4680 ι
2861 4627 3148 4704 Sapientia
3191 4630 3483 4702 pretiosior

1892 4729 1978 4776 est
2025 4719 2233 4773 cunctis
2279 4719 2516 4788 opibus;
2583 4731 2640 4776 et
2684 4723 2866 4778 omnia
2913 4739 3034 4794 qua
3080 4723 3477 4790 desiderantur,

1891 4826 2000 4866 non
2058 4808 2243 4864 valent
2296 4807 2347 4863 ei
2397 4812 2721 4880 comparari.
2785 4811 3091 4884 Longitudo
3157 4813 3368 4888 dierum
3423 4811 3480 4866 in

1889 4903 2111 4961 dextera
2138 4901 2255 4972 ejus
2283 4913 2338 4959 et
2378 4907 2434 4961 in
2487 4905 2708 4960 sinistra
2765 4905 2909 4962 illius
2947 4907 3151 4962 divitia
3208 4915 3264 4961 et
3309 4904 3479 4976 gloria

1890 4994 2072 5068 (Prov.
2127 4995 2267 5068 vni).
2306 5018 2324 5050 ι
2366 4998 2468 5067 Qui
2509 5013 2638 5054 vero
2689 4991 3048 5069 opportunam
3107 4997 3478 5054 defensionem

1891 5091 2148 5148 Ecclesia
2175 5093 2290 5148 vult
2313 5093 2574 5150 exhibere
2620 5102 2812 5172 contra
2868 5094 3156 5170 hareticos
3201 5100 3256 5148 et
3284 5098 3478 5146 contra

1890 5201 2083 5243 omnes
2131 5187 2380 5244 inimicos
2418 5189 2722 5260 sapientia,
2755 5188 2942 5258 utique
2993 5185 3321 5242 adminiculo
3377 5198 3480 5238 noc

1871 5281 2052 5352 _debet
2077 5280 2360 5352 perficere.
2392 5281 2504 5338 Nec
2553 5279 2879 5353 eloquentia
2901 5279 3106 5350 aliquid
3133 5279 3202 5334 ad
3226 5278 3329 5333 hoc
3357 5277 3478 5332 sine

1893 5373 2157 5444 sapientia
2187 5375 2422 5446 proficit,
2450 5375 2560 5431 imo
2589 5375 2883 5446 plurimum
2915 5379 3097 5447 nocet.
3135 5371 3306 5427 Porro
3333 5369 3477 5440 quod

1891 5465 2090 5545 legitur
2117 5465 2170 5519 in
2198 5467 2566 5537 sequentibus,
2608 5465 2752 5537 quod
2788 5463 2988 5545 bellum
3006 5461 3173 5537 fuerit
3198 5463 3339 5535 inter
3361 5461 3484 5526 Ro:

1895 5557 2056 5613 boam
2085 5541 2139 5612 et
2163 5556 2472 5624 Jeroboam,
2507 5567 2562 5613 et
2591 5559 2699 5612 Asa
2731 5541 2911 5627 regem
2935 5555 3093 5622 Juda,
3125 5563 3288 5627 atque
3308 5554 3480 5610 Baasa

1899 5664 2080 5720 regem
2127 5648 2290 5706 Israel
2338 5649 2551 5705 cunctis
2601 5647 2794 5702 diebus
2834 5662 3044 5710 eorum,
3094 5662 3202 5702 non
3238 5645 3382 5701 aliud
3408 5645 3482 5700 si-

1899 5740 2158 5812 gnificare
2186 5750 2338 5814 puto,
2385 5756 2550 5810 quam
2585 5738 2730 5810 quod
2783 5747 2970 5794 sancta
3013 5737 3254 5794 Ecclesia
3283 5752 3402 5810 qua
3425 5735 3482 5791 in

1901 5835 2109 5894 unitate
2149 5837 2275 5894 fidei
2299 5837 2564 5904 persistit,
2617 5829 2826 5893 bellum
2868 5834 3068 5893 habeat
3117 5849 3332 5900 semper
3355 5844 3483 5890 cum
