4044 6336
532 277 641 371 επ

1580 274 1939 337 ANGELOMI
1973 275 2431 337 LUXOVIENSIS
2462 277 2775 341 MONACHI

3736 282 3869 343 ιπδ

438 430 449 443 .
533 380 806 447 haereticis
853 396 909 444 et
953 389 1339 457 schismaticis,
1387 397 1443 445 et
1471 380 1721 446 omnibus
1769 391 1861 460 qui
1913 390 2115 443 violare
2142 392 2196 455 Α
2220 390 2400 465 gione,
2432 392 2716 447 comedent
2740 406 2865 447 eum
2895 372 3143 449 volucres
3170 392 3319 465 cteli.
3354 411 3373 446 ι
3409 394 3551 463 Quid
3578 405 3669 453 erit
3696 413 3866 472 ergo

535 480 869 539 Contendant
912 481 1071 538 fidem
1096 483 1440 538 catholicam.
1481 501 1499 534 ε
1535 480 1736 537 Omnes
1764 481 1910 536 enim
1935 479 2017 553 (ut
2044 480 2124 535 ait

534 577 846 650 Apostolus)
875 578 964 647 qui
993 577 1081 647 pie
1103 578 1293 633 volunt
1322 576 1505 631 vivere
1534 577 1587 630 in
1613 574 1850 641 Christo,
1870 590 2124 645 persecu-

537 670 741 727 tionem
782 671 1099 742 patientur:
1132 671 1258 740 quia
1298 669 1460 724 draco
1497 667 1752 738 antiquus
1778 665 2125 737 persequitur

537 764 820 833 inuberem
840 761 1102 817 insidians
1131 759 1385 817 calcaneo
1407 757 1544 829 ejus,
1562 766 1617 814 et
1638 759 1753 830 ipsa
1776 757 2011 813 conterit
2027 771 2125 811 ca-

535 864 636 927 put
663 855 779 926 ejus
808 852 897 925 (ῙΙ
920 852 1054 907 Tim.
1081 851 1187 924 lli).
1217 872 1235 903 ι
1261 850 1369 907 Asa
1399 852 1545 906 enim
1572 850 1757 905 tollens
1789 849 1902 905 sive
1933 847 2125 903 sustolé

538 946 666 1010 lens,
691 955 747 1001 et
768 945 940 1001 Baasa
963 945 1201 1016 confusio
1240 943 1323 1000 vel
1351 944 1561 999 siccitas
1609 945 2022 1014 interpretatur.
2057 941 2124 997 Et

537 1036 676 1115 bene
710 1038 969 1115 Ecclesia:
996 1036 1224 1109 populus
1262 1036 1457 1092 tollens
1505 1036 1618 1092 sive
1668 1034 1957 1091 sustollens
1986 1034 2125 1091 dici-‘

537 1109 772 1200 tur,'qui
805 1109 1038 1185 mentem
1061 1142 1214 1184 suam
1243 1129 1310 1183 ad
1340 1140 1573 1199 superna
1599 1126 1870 1182 desideria
1893 1141 2125 1197 suspen-

540 1222 690 1287 dens,
731 1220 1108 1277 confusionem
1166 1227 1512 1274 terrenarum
1564 1218 1945 1291 cupiditatum,
2000 1232 2123 1272 cum

489 1365 495 1371 .
541 1316 729 1367 earum
776 1320 1094 1383 suggestore
1145 1310 1381 1378 diabolo,
1437 1310 1648 1382 spernit
1679 1326 1691 1364 :
1721 1323 1785 1364 ac
1811 1308 1957 1364 velut
1981 1308 2126 1363 sicca

539 1410 597 1456 et
624 1402 838 1458 inutilia
862 1402 1185 1459 contemnit.

1122 1550 1355 1609 CAPUT
1394 1550 1533 1611 XVI.

2227 493 2499 540 mortuum
2542 499 2665 540 esse
2694 482 2748 538 in
2788 483 3028 551 civitate,
3061 485 3163 540 nisi
3206 486 3504 557 quemlibet
3529 489 3635 545 fide
3670 498 3867 550 tenus

2226 570 2281 631 in
2326 575 2572 633 Ecclesia
2615 585 3080 646 perseverantem,
3130 578 3449 638 criminibus
3496 583 3867 653 capitalibus
3920 584 3931 592 ’

2226 664 2521 723 obnoxium
2551 682 2671 724 esse
2696 667 2721 722 ?
2745 667 2804 723 in
2836 668 3062 725 civitate
3090 685 3219 742 ergo
3254 672 3510 739 moritur,
3539 676 3629 743 qui
3690 677 3865 733 intra

2227 754 2525 816 Ecelesiam
2566 760 2663 815 Dei
2709 777 2875 833 opera
2924 761 3208 833 pravitatis
3251 775 3489 819 exercet.
3528 765 3625 821 Ille
3682 754 3895 822 enim.

2227 846 2323 909 ore
2361 869 2557 911 canum
2586 854 2879 921 laceratur,
2911 872 3037 911 cum
3068 856 3351 911 sententiis
3378 866 3709 913 sanctorum
3751 859 3866 914 do-

2228 954 2441 1002 ctorum
2490 948 2826 1020 increpatur,
2876 948 3142 1022 arguitur,
3187 958 3349 1021 atque
3394 949 3719 1005 damnatur.
3774 950 3862 1005 De

2227 1034 2424 1106 quibus
2482 1037 2733 1094 videlicet
2779 1039 3006 1095 canibus
3045 1038 3097 1094 in
3144 1038 3351 1110 psalmo
3403 1041 3667 1110 scriptum
3708 1049 3857 1095 est;

2233 1147 2253 1182 ‹
2284 1129 2356 1185 Ut
2386 1146 2547 1186 canes
2574 1130 2879 1187 circuibunt
2903 1130 3175 1187 civitatem
3199 1127 3371 1202 (Psal.
3397 1131 3568 1202 mu).
3596 1152 3615 1183 ι
3643 1130 3861 1187 Canes

2227 1221 2375 1279 enim
2406 1238 2436 1278 a
2466 1223 2708 1279 canendo
2738 1222 2867 1278 dicti
2895 1231 3039 1279 sunt.
3068 1223 3272 1280 Canum
3315 1225 3457 1280 enim
3486 1224 3861 1281 consuetudo

2228 1322 2332 1380 est,
2387 1313 2477 1369 illa
2525 1313 2644 1369 loca
2690 1313 2999 1380 defendere,
3044 1314 3098 1369 in
3147 1314 3343 1385 quibus
3383 1331 3443 1371 se
3482 1326 3691 1371 norunt
3736 1316 3858 1370 ali-

2229 1406 2471 1462 moniam
2520 1405 2780 1476 reperire.
2830 1405 3033 1462 Civitas
3077 1413 3260 1462 autem
3308 1406 3420 1471 illa,
3463 1423 3628 1477 quam
3656 1423 3859 1463 canes

2233 1494 2324 1553 isti
2374 1497 2733 1563 circumeunt,
2787 1494 3087 1553 Jerusalem
3129 1506 3234 1565 est,
3298 1499 3679 1555 universaliter
3746 1516 3859 1570 per

2232 1586 2496 1641 mundum
2524 1586 2716 1643 ditl'usa
2743 1606 2756 1642 :
2782 1586 2922 1644 hanc
2956 1603 3085 1659 ergo
3116 1589 3375 1645 circuisse
3404 1589 3656 1657 Paulum,
3683 1591 3858 1647 salu-

496 1676 509 1687 ’
547 1708 555 1719 ι
626 1685 644 1719 ι
688 1666 890 1723 Factus
913 1674 1001 1722 θεῖ
1027 1675 1209 1723 πίω
1230 1678 1416 1723 θθνίηο
1444 1666 1661 1722 Domini
1690 1666 1760 1720 ad
1800 1663 1941 1721 εἶεὶιιι
1963 1664 2133 1719 “ﬁt!!!
2234 1685 2382 1733 tares
2408 1680 2624 1750 generis
2668 1680 2889 1735 humani
2938 1689 3207 1736 testantur
3243 1681 3516 1753 Epistolae,
3561 1700 3692 1755 qum
3745 1698 3860 1755 per

546 1774 570 1811 I
614 1759 1010 1816 Anauicontra
1053 1759 1251 1824 Baasa,
1317 1760 1538 1814 dicens:
1586 1757 1693 1814 Pro
1720 1771 1786 1813 eo
1819 1758 1964 1827 quod
1984 1756 2133 1811 exal-

2242 1770 2519 1826 univcrsas
2568 1780 2753 1842 gentes
2801 1772 2949 1827 velut
2979 1788 3134 1829 sacra
3191 1773 3375 1829 divina
3427 1783 3760 1829 tenuerunt.
3799 1774 3850 1832 ο

547 1871 569 1905 c
602 1852 711 1906 tavi
744 1861 796 1907 te
823 1853 891 1907 de
920 1851 1141 1923 pulvere
1167 1858 1225 1907 et
1245 1845 1401 1922 posui
1429 1851 1624 1907 ducem
1675 1865 1839 1922 super
1866 1849 2126 1921 pupulum

542 1961 571 1995 τ
602 1958 783 1999 meum
810 1942 999 2009 Israel,
1056 1952 1117 1998 tu
1159 1951 1341 1999 autem
1395 1936 1687 2000 ambulasti
1742 1944 1797 1999 in
1844 1944 1931 1999 via
1978 1943 2133 1998 Jero-

544 2054 569 2091 ι
606 2039 788 2105 beam,
815 2046 871 2094 et
893 2052 1123 2109 peccare
1162 2037 1339 2094 fecisti
1370 2037 1629 2109 populum
1656 2052 1837 2092 meum
1883 2035 2049 2092 Israel
2070 2044 2134 2092 ut

544 2150 569 2185 ι
620 2147 712 2187 me
734 2132 981 2188 irritares
1006 2131 1063 2186 in
1092 2130 1333 2202 peccatis
1375 2144 1583 2187 eorum.
1634 2131 1772 2186 Ecce
1806 2145 1906 2200 ego
1945 2130 2131 2184 deme-

542 2240 569 2274 ‹
616 2231 724 2278 tam
767 2223 1068 2294 posteriora
1110 2222 1305 2289 Bassa,
1335 2231 1390 2279 et
1411 2222 1714 2293 posteriora
1754 2223 1947 2277 domus
1988 2219 2128 2288 ejus,

546 2326 569 2366 ‘c
611 2320 667 2369 et
694 2312 888 2369 faciam
917 2313 1137 2370 domum
1176 2321 1326 2368 tuam
1372 2314 1514 2368 sicut
1563 2313 1785 2367 domum
1840 2309 2131 2367 leroboam

549 2423 570 2457 ι
614 2402 961 2460 ﬁiiiNabatb.
1006 2403 1114 2472 Qui
1160 2415 1413 2459 mormus
1440 2401 1605 2458 fuerit
1630 2403 1697 2458 de
1720 2401 1890 2457 Baasa
1919 2402 1971 2455 in
1999 2400 2135 2456 civi-

546 2515 569 2549 ι
606 2505 738 2563 tate,
783 2497 1070 2553 comedent
1090 2510 1219 2555 eum
1258 2511 1448 2564 canes,
1478 2505 1538 2551 et
1563 2495 1658 2567 qui
1687 2502 1935 2551 mortuus
1958 2493 2135 2550 fuerit

546 2612 570 2644 ε
608 2608 675 2648 ex
699 2609 766 2650 eo
792 2594 851 2650 in
878 2595 1118 2668 regione,
1154 2593 1444 2650 comedent
1471 2606 1597 2648 eum
1625 2591 1876 2647 volucres
1924 2590 2070 2646 coeli.
2105 2608 2127 2645 ι

544 2684 672 2742 ﬂare
694 2689 863 2744 verba
886 2695 1079 2743 contra
1100 2700 1292 2742 omnes
1314 2692 1625 2755 peccantes,
1650 2692 1707 2739 et
1727 2691 1918 2739 contra
1940 2695 2133 2737 omnes

544 2778 827 2836 bmtiws
848 2787 908 2836 et
932 2793 1173 2852 paganos
1200 2778 1439 2834 maxime
1478 2775 1686 2848 prolata
1716 2785 1864 2833 sunt.
1920 2774 2135 2846 Quippe

543 2873 635 2942 Qui
670 2874 906 2943 peccatis
952 2874 1219 2945 pristinis,
1260 2881 1484 2943 peccata
1548 2885 1766 2940 semper
1821 2882 1965 2924 nova
1995 2865 2137 2935 adji-

544 2966 715 3032 ciunt,
752 2975 810 3022 et
841 2964 1109 3022 malorum
1152 2966 1418 3037 exemplis
1466 2962 1780 3036 depravatis
1824 2959 2132 3016 visceribus

545 3055 757 3125 pejores
782 3057 941 3114 ﬁunt.
975 3077 996 3111 ‹
1028 3058 1306 3114 Demetam
1335 3056 1557 3129 (inquit)
1584 3055 1889 3126 posteriora
1932 3052 2127 3119 Baasa,

2234 1877 2424 1918 canem
2454 1863 2617 1918 istum
2648 1864 2888 1932 beatum,
2921 1865 3012 1937 qui
3053 1865 3280 1937 populos
3315 1868 3665 1938 persequitur
3695 1867 3849 1921 inti-

2233 1953 2404 2021 deles,
2432 1953 2581 2011 fures
2624 1955 2814 2026 abigit,
2844 1964 2899 2012 et
2943 1955 3105 2011 ovilia
3147 1966 3333 2013 sancta
3382 1959 3639 2022 custodit,
3674 1960 3853 2029 cujus

2234 2047 2461 2102 latratus
2496 2062 2597 2118 per
2636 2056 2809 2104 totum
2855 2049 3113 2105 mundum
3156 2050 3311 2122 quasi
3361 2051 3647 2122 gravisona
3702 2052 3851 2106 tuba

2235 2140 2569 2210 concrepuit.
2609 2158 2627 2191 ι
2664 2139 2766 2208 Qui
2810 2140 2953 2196 enim
3001 2142 3252 2207 moritur,
3298 2142 3391 2204 ait,
3440 2158 3507 2197 ex
3542 2142 3725 2197 Baasa
3786 2142 3847 2195 in

2235 2231 2475 2300 regione,
2507 2231 2796 2287 comedent
2821 2246 2945 2287 eum
2974 2231 3225 2288 volucres
3250 2231 3391 2288 coeli.
3430 2253 3449 2286 ι
3477 2231 3552 2287 llli
3575 2233 3735 2286 enim
3766 2246 3841 2287 ex

2234 2320 2430 2389 Baasa,
2458 2323 2563 2377 hoc
2591 2329 2675 2377 est
2702 2338 2769 2378 ex
2791 2337 3018 2395 corpore
3046 2323 3246 2378 diaboli
3286 2322 3601 2378 confusione
3626 2322 3850 2393 plenis-

2236 2416 2373 2473 sima
2400 2415 2454 2469 in
2487 2415 2709 2484 regione
2738 2416 3064 2483 moriuntur,
3093 2417 3206 2487 qui,
3235 2426 3389 2471 extra
3414 2414 3719 2470 Ecclesiam
3745 2430 3849 2471 se-

2234 2509 2434 2581 parati,
2468 2507 2783 2563 idololatria:
2828 2516 2929 2564 aut
2972 2507 3268 2563 haesitans
3312 2523 3409 2563 ore
3452 2516 3617 2576 atque
3664 2522 3847 2577 open:

2236 2600 2447 2658 nefario
2473 2600 2801 2665 deserviunt,
2846 2600 2946 2655 bos
2991 2598 3136 2655 enim
3183 2597 3431 2654 volucres
3475 2597 3596 2653 ωειί
3646 2613 3851 2653 corne-

2237 2694 2390 2755 dunt.
2424 2691 2528 2747 illm
2554 2691 2805 2747 videlicet
2832 2690 3096 2753 volucres,
3130 2690 3197 2747 de
3222 2689 3420 2761 quibus
3450 2688 3504 2744 in
3534 2682 3847 2759 Evangétio

2238 2782 2499 2839 Dominus
2521 2782 2651 2838 dicit
2682 2783 2740 2837 in
2768 2781 3051 2851 parabolas
3074 2780 3356 2848 sementis,
3386 2795 3543 2836 secus
3572 2778 3721 2834 viam
3750 2780 3848 2834 sei

2238 2892 2363 2932 men
2390 2890 2657 2946 sparsum,
2685 2875 2934 2931 volucres
2958 2873 3082 2930 eteli
3109 2873 3409 2929 comedisse
3432 2870 3652 2945 (lauti.
3682 2870 3842 2941 xm).

2240 2967 2392 3023 Tunc
2421 2967 2565 3023 enim
2600 2967 2719 3022 ista:
2767 2966 3017 3023 volucres
3066 2980 3161 3022 eos
3211 2964 3522 3031 comedunt,
3567 2962 3843 3034 quoniam

2238 3067 2463 3116 onustos
2512 3058 2751 3130 peccatis
2804 3071 2989 3114 secum
3034 3057 3104 3112 ad
3158 3064 3424 3113 aeternum
3473 3054 3699 3127 rapiunt
3744 3054 3841 3108 ina

546 3124 619 3203 et
648 3149 955 3219 posteriora
998 3150 1192 3205 domus
1237 3124 1385 3204 illius
1425 3124 1481 3204 et
1520 3124 1717 3203 faciam
1761 3146 1984 3202 domum
2014 3144 2135 3216 ejus
2161 3124 2207 3191 (ἶ
2241 3151 2485 3208 teritum.

548 3240 691 3295 sicut
743 3240 963 3297 domum
1026 3239 1315 3296 Jeroboam
1366 3231 1466 3294 lilii
1525 3237 1758 3293 Nabath.
1824 3255 1842 3290 ι
1898 3234 2137 3291 Demetit

549 3330 812 3389 Dominus
843 3332 1148 3403 posteriora
1184 3331 1381 3397 Bassa,
1404 3344 1531 3385 cum
1567 3337 1789 3400 peccata
1818 3327 2131 3398 iniquorum

514 3432 675 3495 'post
706 3423 875 3480 ﬁnem
915 3423 1042 3480 vitae
1088 3422 1376 3478 ulciscitur
1416 3435 1433 3475 :
1476 3419 1700 3477 demetit
1727 3427 1784 3475 et
1830 3418 2135 3489 posteriora

550 3519 743 3575 (toruus
770 3518 912 3590 ejus,
930 3531 1057 3574 cum
1096 3516 1400 3571 imitatores
1429 3512 1645 3570 illorum
1680 3511 1902 3567 aeternis
1927 3511 2138 3566 crucia-

548 3608 692 3666 tibus
731 3609 973 3665 damnat.
1006 3626 1026 3660 ι
1060 3608 1128 3664 Et
1156 3606 1363 3663 faciam
1384 3606 1602 3661 domum
1649 3603 1823 3659 Baasa
1854 3602 1996 3659 sicut
2026 3600 2130 3657 feci

551 3702 771 3759 domum
812 3701 1102 3760 Jeroboam
1156 3699 1255 3754 ﬁlii
1304 3697 1540 3765 Nabath,
1576 3716 1594 3749 ι
1642 3712 1765 3753 cum
1812 3702 2137 3767 peccatores

551 3794 607 3850 in
626 3793 926 3864 iniquitate
980 3808 1078 3849 sua
1110 3798 1541 3864 perseverantes,
1575 3788 1735 3845 simul
1764 3802 1886 3843 cum
1915 3785 2128 3841 diabolo

550 3894 608 3942 et
650 3885 862 3958 angelis
906 3884 1043 3955 eius,
1091 3884 1287 3941 inferni
1334 3883 1666 3941 cruciatibus
1722 3883 1921 3936 tradet.
1964 3879 2140 3934 Baasa

552 3977 698 4032 enim
724 3976 811 4048 (ut
853 3976 1110 4047 diximus)
1135 3975 1374 4051 confusio
1408 3974 1493 4030 vel
1545 3973 1756 4029 siccitas
1810 3971 2142 4040 interpreta-

554 4074 662 4126 tur.
695 4067 982 4127 Jeroboam
1008 4084 1138 4126 vero
1165 4069 1467 4141 dijudicans
1487 4067 1740 4141 pupulum
1771 4082 1791 4124 :
1824 4074 1879 4122 et
1903 4065 2137 4133 Nabatlt,

553 4171 896 4235 spontaneum
922 4172 1161 4220 resonat.
1194 4162 1297 4232 Qui
1325 4180 1455 4237 ergo
1480 4162 1832 4219 confusiones
1885 4175 2140 4218 errorum

554 4264 611 4311 ct
635 4267 980 4326 peccatorum
1021 4257 1289 4328 sequitur,
1316 4267 1371 4313 et
1404 4258 1647 4313 virorum
1692 4256 1926 4326 gratiam
1972 4254 2139 4326 spiri-

559 4349 720 4405 talem
774 4351 978 4407 habere
1036 4351 1336 4424 negligens,
1382 4352 1437 4406 in
1489 4350 1742 4406 ariditate
1792 4359 2142 4422 peccatorum

556 4454 733 4515 usque
760 4443 828 4499 ad
880 4438 1044 4501 linem
1096 4446 1223 4501 vitae
1268 4452 1609 4516 perseverat,
1663 4444 1966 4514 posteriora
2023 4443 2144 4513 ejus

556 4535 706 4597 velut
763 4534 962 4595 diaboli
1008 4539 1377 4606 demetuntur,
1433 4540 1525 4609 qui
1571 4538 1793 4610 prepria
1861 4538 2143 4595 voluntate

554 4629 918 4701 superbiendo
938 4630 1044 4687 sibi
1070 4638 1300 4685 mortem
1332 4637 1582 4699 generat.
1620 4628 1686 4684 Et
1729 4638 1857 4685 tunc
1882 4628 2141 4700 populum

552 4721 889 4793 perditorum
911 4720 1062 4777 velut
1087 4720 1387 4791 diiudicare
1418 4720 1655 4788 videtur,
1686 4734 1809 4777 cum
1842 4734 1951 4776 non
1994 4718 2141 4790 judi-

553 4815 701 4870 cium
746 4812 1040 4885 aequitatis,
1088 4812 1183 4870 sed
1224 4810 1589 4870 damnationis
1642 4814 1698 4869 in
1752 4813 1832 4870 eis
1888 4828 2146 4891 exercere

555 4906 909 4980 dignoscitur.
942 4902 1099 4961 Tunc
1128 4904 1273 4961 enim
1326 4913 1678 4976 peccatorum
1708 4914 1873 4976 atque
1895 4904 2139 4961 omnium

554 4998 868 5070 iniquorum
894 4996 1196 5069 posteriora
1249 4995 1591 5054 demetentur
1636 5012 1759 5054 cum
1820 4998 2001 5068 capite
2044 5011 2144 5054 suo

557 5089 792 5157 diabolo,
849 5090 1068 5162 quando
1106 5088 1276 5161 iudex
1319 5088 1571 5148 vivorum
1601 5099 1670 5147 et
1699 5097 2038 5146 mortuorum
2090 5090 2148 5146 in

555 5182 665 5239 ilne
692 5183 875 5240 sreculi
919 5184 1162 5241 dicturus
1210 5192 1295 5240 est
1341 5182 1427 5240 bis
1459 5185 1553 5255 qui
1599 5184 1667 5239 ad
1714 5182 1993 5240 sinistram
2030 5181 2148 5254 ejus

557 5277 813 5332 stabunt:
870 5295 890 5330 ι
937 5277 1209 5335 Discedite
1260 5293 1291 5333 a
1351 5293 1460 5345 me,
1496 5278 1788 5343 maledicti,
1849 5278 1903 5334 in
1965 5277 2147 5348 ignem

554 5377 841 5437 internum,
892 5366 997 5440 qui
1054 5379 1391 5442 praeparatus
1454 5378 1540 5426 est
1586 5370 1806 5427 diabolo
1855 5379 1912 5426 et
1976 5369 2145 5425 sociis

556 5456 695 5528 ejus.
759 5459 827 5515 Et
878 5458 1031 5516 ibunt
1074 5460 1131 5516 hi
1166 5461 1234 5519 .in
1287 5460 1612 5531 supplicium
1672 5471 1964 5527 :etemum,
2004 5459 2140 5528 justi

559 5558 743 5606 autem
796 5552 849 5607 in
872 5553 1044 5607 vitam
1094 5560 1357 5608 aeternam
1403 5551 1621 5625 (Matth.
1652 5552 1806 5626 xxv).
1844 5572 1862 5603 ι
1885 5583 1959 5593 -
1994 5571 2013 5604 ‹
2036 5551 2141 5621 Qui

561 5650 810 5702 tuortuus
839 5638 1059 5718 (idquit)
1086 5645 1254 5703 fuerit
1281 5647 1346 5702 de
1386 5645 1559 5701 Baasa
1603 5645 1659 5701 in
1692 5646 1929 5715 civitate,
1960 5663 2146 5705 come-

562 5736 696 5800 dent
728 5753 855 5797 eum
899 5753 1085 5808 canes,
1110 5747 1168 5797 et
1194 5739 1291 5812 qui
1318 5744 1568 5797 mortuus
1596 5736 1762 5799 fuerit
1797 5754 1867 5798 ex
1892 5756 1959 5799 eo
1985 5742 2040 5799 in
2064 5757 2152 5800 re-

2316 3264 2336 3299 ‹
2377 3243 2533 3300 Anno
2558 3242 2836 3299 tricesimo
2864 3243 3042 3313 primo
3071 3241 3179 3298 Asa
3206 3242 3351 3314 regis
3388 3241 3546 3305 Juda,
3586 3239 3845 3311 regnavit

2208 3336 2211 3341 ’
2244 3357 2264 3391 ι
2309 3339 2463 3395 Amri
2494 3351 2657 3408 super
2684 3334 2849 3392 Israel
2870 3334 3159 3391 duodecim
3196 3334 3373 3391 annis.
3406 3333 3465 3389 in
3488 3332 3709 3388 Thersa
3740 3346 3831 3386 re.

2246 3451 2265 3484 ι
2309 3431 2492 3503 gnavit
2520 3444 2615 3487 sex
2665 3429 2821 3484 annis
2850 3445 2864 3483 :
2898 3427 3151 3498 Emitque
3202 3437 3440 3483 montem
3489 3425 3760 3481 Samaria:
3808 3436 3843 3478 ι

2246 3540 2267 3574 ι
2313 3521 2505 3580 Somer
2538 3522 2748 3577 duobus
2780 3519 3002 3576 talentis
3029 3519 3264 3591 argenti,
3290 3527 3347 3575 et
3373 3517 3665 3574 aediﬁcavit
3686 3531 3838 3580 eum,

2246 3634 2266 3668 ε
2311 3626 2366 3673 et
2393 3615 2603 3671 vocavit
2623 3627 2822 3670 nomen
2860 3612 3096 3669 civitatis
3141 3627 3303 3682 quam
3351 3616 3701 3666 exstruxerat
3742 3622 3846 3661 no-

2247 3729 2268 3761 ‹
2310 3708 2456 3763 mine
2486 3706 2682 3762 Somer
2702 3704 2919 3761 Domini
2946 3704 3146 3760 montis
3176 3702 3458 3758 Samaria.
3504 3720 3523 3752 ι
3556 3698 3675 3754 Hoc
3702 3711 3843 3768 quo-

2243 3799 2403 3855 modo
2452 3796 2656 3853 factum
2713 3798 2803 3864 sit,
2866 3796 3086 3868 Iosephi
3132 3794 3301 3851 verba
3356 3790 3737 3855 manifestam,
3782 3789 3847 3843 iu

2243 3894 2442 3964 quibus
2474 3893 2551 3948 ita
2579 3892 2844 3963 scriptum
2880 3899 2965 3947 est
2989 3908 3002 3944 :
3042 3889 3343 3945 Tricesimo
3372 3895 3552 3942 autem
3579 3898 3729 3939 anno
3750 3896 3849 3937 re-

2243 3985 2327 4058 gis
2368 3984 2498 4051 Asa,
2538 3982 2728 4039 Ambri
2757 3981 2998 4053 suscepit
3038 3980 3347 4051 imperium,
3379 3986 3433 4033 et
3464 3977 3641 4033 tenuit
3682 3974 3847 4030 anuis

2245 4078 2549 4135 duodecim.
2624 4075 2865 4145 Quorum
2936 4088 3031 4129 sex
3091 4074 3310 4144 quidem
3365 4070 3524 4127 annis
3586 4068 3723 4125 fecit
3786 4066 3849 4122 in

2246 4170 2471 4233 Tltersa,
2505 4166 2739 4238 reliquos
2776 4172 2957 4220 autem
2990 4164 3042 4218 in
3086 4163 3305 4219 civitate
3328 4177 3450 4233 quae
3490 4158 3641 4214 Mare
3684 4171 3847 4213 eom-

2244 4262 2566 4336 pellaltatur,
2598 4276 2629 4315 a
2666 4257 2871 4316 Graecis
2908 4264 3087 4313 autem
3130 4254 3397 4311 Samaria.
3430 4252 3529 4309 Hic
3570 4265 3708 4307 vero
3747 4262 3849 4305 nov-

2246 4354 2477 4410 tninavit
2505 4368 2624 4409 eam
2674 4350 2998 4408 Samareton
3035 4364 3065 4403 a
3114 4346 3341 4403 Samaro
3375 4344 3634 4418 quodam,
3666 4343 3763 4413 qui
3793 4340 3847 4398 el

2172 4485 2227 4551 Β
2250 4455 2490 4502 montem
2531 4442 2955 4508 venundederat,
2998 4441 3054 4496 in
3102 4456 3210 4512 quo
3246 4439 3612 4496 constituerat
3650 4435 3848 4492 civitao

2251 4548 2381 4597 tem.
2434 4538 2494 4593 in
2539 4536 2687 4592 nullo
2724 4544 2905 4591 autem
2946 4531 3228 4590 diderebat
3267 4533 3542 4605 prioribus
3598 4531 3844 4602 regibus,

2247 4632 2355 4689 nisi
2396 4631 2540 4703 quod
2578 4628 2732 4701 pejor
2761 4638 2901 4684 erat.
3540 4676 3549 4681 -

2325 4744 2344 4777 ι
2392 4724 2461 4779 Et
2487 4723 2693 4779 addidit
2729 4722 2916 4778 Achab
2953 4722 3011 4779 in
3047 4735 3213 4793 opere
3254 4734 3355 4776 suo
3399 4719 3626 4775 irritans
3656 4717 3846 4774 Domi-

2254 4834 2275 4871 ι
2320 4833 2450 4873 num
2476 4817 2646 4872 Deum
2680 4814 2869 4883 lsrael,
2903 4830 3066 4887 super
3103 4828 3292 4872 omnes
3338 4827 3492 4882 reges
3530 4811 3727 4878 lsrael,
3755 4808 3847 4883 qui

2256 4925 2279 4960 ι
2322 4908 2542 4964 fuerant
2567 4914 2692 4962 ante
2726 4912 2870 4962 eum.
2910 4906 2969 4961 In
2999 4905 3188 4962 diebus
3222 4902 3339 4974 ejus
3377 4903 3669 4960 aediﬁcavit
3690 4900 3850 4958 Αδίά

2258 5012 2279 5049 ι
2324 4997 2391 5053 de
2435 4995 2624 5052 Bethel
2660 4994 2897 5062 Iericho,
2943 5014 2963 5049 ι
2998 5004 3054 5051 et
3100 4995 3325 5066 reliqua.
3380 4994 3534 5062 Quod
3576 4993 3845 5063 scriptun!

2255 5100 2341 5147 est
2391 5092 2457 5147 de
2498 5091 2831 5162 temporibus
2870 5090 3022 5162 regni
3054 5088 3284 5145 Achab:
3320 5109 3337 5140 ι
3379 5088 3438 5144 In
3482 5087 3677 5145 diebus
3732 5087 3848 5157 ejus

2258 5196 2281 5236 α
2317 5183 2605 5240 aediﬁcavit
2648 5181 2804 5238 Ahiel
2850 5184 2920 5239 de
2964 5180 3158 5238 Bethel
3211 5181 3451 5238 Jericbo.
3507 5180 3565 5236 ln
3618 5180 3847 5236 Abiram

2262 5293 2283 5328 ι
2329 5272 2689 5346 primogenito
2722 5288 2824 5329 suo
2866 5271 3114 5329 fundavit
3152 5289 3294 5341 eam,
3333 5282 3390 5330 et
3415 5273 3471 5329 in
3518 5271 3705 5345 Segub
3749 5286 3849 5328 no-

2266 5386 2284 5419 ‹
2329 5365 2550 5421 vissimo
2586 5380 2686 5420 suo
2728 5364 2911 5436 posuit
2956 5376 3143 5435 portas
3182 5364 3317 5435 eius.
3369 5385 3389 5420 ι
3429 5364 3587 5420 Patet
3629 5379 3846 5429 sensus,

2260 5460 2385 5531 quia
2425 5474 2546 5514 cum
2586 5456 2825 5529 praefata:
2852 5457 3105 5514 conditor
3147 5459 3296 5515 urbis
3328 5458 3681 5515 fundamenta
3704 5458 3849 5514 illius

2256 5566 2461 5625 ponere
2496 5550 2780 5621 inciperet,
2804 5550 3197 5620 primogenitus
3236 5551 3374 5622 ejus,
3416 5550 3509 5622 qui
3552 5550 3850 5606 vocabatur

2257 5646 2481 5702 Abiram
2522 5652 2769 5699 mortuus
2802 5652 2910 5700 est.
2942 5643 3157 5700 Etcum
3202 5646 3335 5702 urbe
3360 5642 3627 5701 atdiﬁcata
3664 5652 3851 5715 portas

2255 5739 2472 5802 munire
2510 5746 2770 5810 tentaret,
2810 5736 3168 5797 novissimum
3212 5736 3449 5797 ﬁliorum
3491 5751 3717 5799 suorum
3762 5752 3852 5796 co-
