4044 6336
160 309 292 405 ιςζτ

280 400 293 410 κ

1087 291 1347 348 ΕΝΔΒΒδ
1374 292 1456 346 ἸΝ
1494 290 1748 346 LtBBOS
1784 285 2060 343 “EGUM.
2099 313 2171 329 ιι·-
2202 283 2271 341 IN
2309 284 2440 341 LIB.
2481 283 2567 340 111.

3346 277 3466 336 4⁵18

142 350 476 499 Elimeam
519 408 704 484 Segub
744 396 947 464 amisit.
990 406 1146 475 Quod
1191 405 1267 462 ita
1312 402 1556 499 futurum
1582 400 1767 499 dasne
1793 400 2068 499 Acs-xv).
2106 420 2125 453 ι
2156 399 2238 471 ⁵Ει
2266 400 2408 456 sicut
2441 396 2847 499 .Mc‘lcltisedecl‘l
2890 395 2949 499 iit
2990 392 3291 499 δριίρωιῑε

146 496 307 568 lcum
352 521 476 563 eam
532 505 867 561 destructam
921 499 1253 557 anathemati
1304 496 1543 554 traderet
1581 496 1779 566 impre-

154 597 358 659 »λιιιιο
395 593 667 667 praedixit.
695 612 715 644 ι
752 590 1091 657 Maledictus,
1130 588 1404 660 inquiens,
1455 586 1540 643 vir
1593 600 1777 643 coram

148 670 437 755 Domino,
478 686 572 759 qui
616 683 961 741 suscitaverit
999 690 1056 739 et
1095 680 1451 738 aediﬁcaverit
1497 678 1779 735 civitatem

148 764 405 839 ‘Jerieho
429 776 566 851 (los.
590 775 690 850 vt).
724 795 745 830 ι
790 775 851 831 lu
883 771 1247 845 primogenita
1277 786 1382 827 suo
1427 768 1778 826 fundamenta

166 870 339 926 illius
355 868 548 940 iaciat,
586 874 643 922 et
678 867 733 921 in
776 864 1073 920 novissimo
1112 862 1408 918 liberorum
1452 867 1623 931 ponat
1654 874 1780 930 por-

170 970 265 1018 tas
309 962 448 1033 ejus.
488 958 625 1033 Quia
677 972 808 1013 vero
866 954 1027 1013 Abiel
1073 954 1141 1011 de
1183 952 1371 1009 Betbel
1432 952 1705 1007 destructa
1747 964 1778 1005 a

176 1055 360 1112 Josue
387 1063 549 1125 atque
586 1051 1043 1109 anathematizata
1081 1046 1302 1105 Iericho
1331 1044 1533 1101 moenia
1562 1054 1778 1100 restau-

174 1156 294 1213 rat,
320 1162 446 1203 cum
486 1146 609 1217 quis
646 1160 840 1205 eorum
872 1144 965 1217 qui
1007 1143 1064 1198 in
1105 1140 1350 1197 Ecclesia
1388 1139 1632 1196 habitum
1654 1138 1783 1194 reli.

174 1240 371 1311 gionis
409 1246 797 1308 assumpserat,
841 1240 911 1297 ad
955 1236 1163 1307 agenda
1193 1235 1400 1291 scelera
1441 1248 1561 1305 quae
1581 1233 1631 1289 ei
1668 1231 1781 1288 Do-

178 1332 374 1386 minus
417 1328 575 1387 Jesus
614 1330 669 1384 in
716 1329 803 1385 die
844 1326 1183 1399 baptismatis
1235 1325 1654 1390 eondonaverat,
1700 1336 1785 1379 re-

178 1423 313 1479 dit:
355 1437 603 1494 quasque
636 1422 751 1492 ipse
797 1420 1358 1477 anathematizaverat
1391 1416 1592 1473 diaboli
1624 1430 1782 1487 pomo

177 1529 317 1587 pas,
368 1513 643 1573 luxuriose
694 1511 922 1567 vivendo
960 1509 1178 1598 repetit,
1224 1523 1347 1564 cum
1381 1522 1627 1563 errorum
1687 1506 1787 1563 do-

181 1613 394 1690 gmata,
421 1604 508 1661 vel
548 1603 832 1676 gentilium
867 1601 1095 1667 fabulas,
1137 1601 1355 1657 veritati
1393 1598 1788 1657 Ecclesiastiea:

1877 491 2067 561 utique
2097 501 2283 563 typum
2310 490 2482 563 gessit
2511 484 2844 558 Salvatoris)
2871 486 3024 557 origo
3056 492 3286 548 tacetur,
3312 484 3391 540 ita
3417 491 3468 542 et

1870 582 2049 651 Eliae;
2092 584 2149 639 in
2199 582 2345 639 illius
2375 583 2521 638 enim
2562 578 3001 653 praeﬁguratioue
3037 586 3210 653 genus
3250 576 3469 633 minimc

1874 687 2153 745 narratur,
2168 694 2293 734 cum
2307 678 2490 733 subito
2508 690 2704 731 nomen
2722 672 2865 729 illius
2879 656 3267 733 introducitur,
3281 685 3347 726 ex
3368 661 3492 740 qua

1878 771 2026 825 tribu
2050 768 2134 826 vel
2159 768 2365 825 familia
2392 776 2546 824 ortus
2570 766 2645 823 sit
2664 765 2889 823 minime
2913 762 3210 837 profertur.
3241 760 3473 819 Torrens

1874 861 2045 937 ‘Cisou
2072 862 2163 931 qui
2194 870 2250 916 et
2279 860 2469 937 Carith
2501 860 2893 929 interpretatur
2918 855 3167 927 cognitio,
3203 853 3318 911 sive
3352 868 3474 907 con-

1872 955 2044 1019 cisio,
2094 953 2178 1009 vel
2207 953 2426 1020 divisio,
2471 949 2617 1022 quod
2664 946 2892 1005 Judaico
2930 946 3130 1021 populo
3179 956 3477 1018 congruere

1878 1046 2249 1103 certissimum
2293 1053 2395 1100 est.
2447 1044 2624 1099 Panes
2656 1056 2789 1098 vero
2822 1049 2877 1097 et
2925 1054 3123 1096 carnes
3165 1053 3235 1093 ex
3282 1036 3479 1107 quibus

1880 1138 2051 1205 Elias,
2068 1136 2502 1194 ministrantibus
2522 1134 2725 1201 corvis,
2744 1141 2934 1204 pastus
2954 1139 3241 1205 est,dpera
3264 1125 3481 1200 pietatis

1883 1239 1940 1286 et
1968 1228 2312 1299 obsequium,
2348 1227 2498 1301 quod
2538 1226 2714 1283 eidem
2762 1224 2992 1282 Domino
3034 1238 3066 1277 a
3115 1220 3369 1277 ﬁdelibus
3414 1230 3481 1279 ex

1878 1320 2082 1399 populo
2118 1318 2427 1376 Judaaorum
2457 1316 2763 1375 exltibitum
2792 1324 2908 1383 est,
2954 1312 3337 1386 prmﬁgurasse
3374 1324 3483 1367 non

1887 1412 2116 1468 dubium
2142 1419 2247 1467 est.
2282 1408 2521 1467 Siccatio
2555 1406 2816 1463 torrentis
2840 1404 3190 1461 abolitionem
3216 1399 3482 1474 signiﬁcat

1886 1504 2045 1578 legis,
2067 1519 2253 1575 quam,
2282 1502 2603 1559 adveniente
2626 1499 2934 1564 Salvatore,
2968 1497 3024 1552 in
3052 1494 3364 1552 carnalibus
3393 1492 3485 1549 ob-

1890 1596 2291 1655 servationibus
2324 1594 2590 1653 defecisse
2619 1603 2832 1651 certum
2863 1599 2967 1647 est.
3008 1588 3266 1647 Nonnulli
3300 1587 3485 1646 volunt

181 1680 303 1767 qua
348 1695 587 1751 imbutus
631 1704 714 1751 est
751 1694 907 1767 quasi
939 1694 1007 1749 de
1047 1692 1236 1749 Bethel
1277 1692 1560 1765 egrediens
1601 1691 1791 1747 ruinas
1893 1692 2053 1749 aliter
2077 1690 2337 1764 intelligi,
2374 1690 2521 1762 quod
2563 1680 2722 1747 nobis
2760 1688 3042 1745 dissonum
3081 1699 3205 1743 esse
3244 1684 3489 1750 videtur,

181 1784 415 1842 Jericbo
460 1785 768 1841 resuscitat.
814 1782 1115 1857 Meritoque
1167 1782 1293 1867 talis
1336 1797 1519 1839 coram
1558 1782 1791 1838 Domino
1814 1767 1872 1833 Β
1894 1783 2221 1857 quibusdam
2252 1783 2309 1838 in
2332 1781 2487 1839 locis.
2516 1779 2883 1837 Absconditus
2910 1786 2997 1834 est
3018 1776 3313 1851 (inquiunt)
3346 1775 3490 1833 Elias

184 1877 538 1943 maledictus,
578 1889 633 1932 et
673 1876 911 1947 primum
949 1874 1183 1932 ﬁliorum
1210 1875 1266 1931 in
1304 1871 1791 1930 fundationenefa-

184 1966 291 2024 riae
333 1966 593 2033 civitatis,
634 1974 690 2022 et
726 1965 1082 2022 novissimum
1111 1965 1169 2043 in
1208 1974 1492 2035 portarum
1521 1964 1790 2039 positione

187 2056 401 2117 amittit
427 2058 553 2128 quia
573 2064 628 2112 et
670 2056 1020 2112 fundamenta
1046 2055 1169 2113 ﬁdei
1197 2071 1229 2110 a
1258 2056 1456 2125 quibus
1490 2055 1631 2113 bona
1660 2054 1793 2109 aedi-

188 2146 321 2205 licia
349 2149 628 2214 inchoare,
653 2155 709 2203 et
732 2147 969 2205 claustra
1004 2145 1159 2203 bonae
1184 2132 1429 2203 actionis
1461 2147 1656 2218 quibus
1676 2161 1796 2218 pen-

191 2232 288 2301 hci
328 2241 613 2308 debuerat,
646 2240 847 2313 perdit.

771 2378 1007 2440 CAPUT
1048 2380 1213 2438 XVII.

200 2510 207 2519 ’
280 2538 301 2573 ι
332 2519 404 2577 Et
430 2520 570 2576 dixit
601 2519 746 2577 Elias
766 2520 1054 2578 Thesbites
1079 2522 1146 2578 de
1173 2520 1571 2580 habitatoribus
1592 2521 1796 2581 Galaad

192 2606 226 2666 ἰ
266 2614 337 2669 ad
363 2613 555 2686 Achab
580 2632 594 2668 :
624 2612 775 2669 Vivit
811 2614 1075 2671 Dominus
1118 2615 1263 2671 Deus
1297 2614 1499 2682 Israel,
1544 2616 1599 2671 in
1644 2614 1798 2685 cujus

206 2725 225 2758 ι
260 2714 556 2775 conspectu
589 2714 691 2769 sto,
730 2706 778 2761 si
812 2707 922 2762 erit
951 2706 1110 2762 annis
1140 2707 1226 2762 bis
1254 2721 1345 2762 ros
1370 2717 1424 2762 et
1450 2707 1648 2778 pluvia,
1692 2707 1799 2762 nisi

206 2817 227 2850 ι
258 2798 419 2870 juxta
438 2798 552 2854 oris
570 2798 677 2855 mei
700 2799 888 2855 verba.
912 2798 983 2855 Et
1002 2794 1206 2853 factum
1229 2807 1315 2854 est
1333 2798 1559 2855 verbum
1584 2797 1799 2854 Domini

208 2909 228 2940 ι
264 2890 332 2945 ad
359 2904 506 2954 eum,
529 2889 746 2947 dicens:
773 2888 989 2946 Recede
1014 2890 1142 2946 hinc
1164 2898 1218 2946 et
1244 2890 1381 2945 vade
1402 2899 1594 2946 contra
1620 2891 1802 2947 orien-

209 3000 229 3033 ι
268 2990 403 3046 tem,
427 2989 483 3036 et
508 2979 780 3037 absconde
803 2990 855 3036 te
882 2982 937 3037 in
966 2989 1206 3039 torrente
1231 2979 1419 3039 Caritb
1449 2980 1542 3052 qui
1563 2990 1649 3039 est
1667 2997 1800 3039 con-

211 3090 231 3124 ι
266 3080 351 3127 tra
380 3069 674 3128 Jordanem
704 3083 760 3128 et
800 3072 876 3129 ibi
918 3074 984 3128 de
1026 3082 1265 3129 torrente
1298 3072 1471 3139 bibes,
1514 3074 1801 3146 corvisque

213 3182 233 3216 ι
274 3162 504 3235 praecepi
535 3172 597 3218 ut
619 3171 847 3235 pascant
874 3170 927 3219 te
954 3163 1049 3221 ibi.
1077 3164 1225 3220 Abiit
1251 3178 1381 3235 ergo
1405 3173 1461 3220 et
1496 3163 1625 3221 fecit
1648 3164 1800 3234 juxta

215 3274 235 3309 ι
271 3254 500 3312 verbum
530 3256 781 3312 Domini:
813 3271 1050 3327 cumque
1080 3255 1305 3313 abiisset
1327 3256 1464 3312 sedit
1487 3255 1542 3311 in
1564 3264 1807 3315 torrente

216 3367 237 3401 ε
272 3346 468 3407 Carith
495 3349 587 3418 qui
618 3356 702 3404 est
720 3359 910 3404 contra
937 3346 1251 3405 Jordanem.
1281 3347 1442 3405 Corvi
1472 3363 1687 3420 quoque
1714 3349 1809 3404 de-

216 3459 237 3494 ι
272 3439 527 3495 ferebant
570 3438 618 3511 ei
660 3455 859 3512 panem
892 3450 948 3496 et
986 3455 1182 3501 carnes
1210 3455 1405 3496 mane:
1437 3441 1685 3497 similiter
1708 3456 1808 3512 pa-

219 3550 237 3584 ‹
273 3546 404 3587 nem
430 3538 485 3586 et
508 3545 698 3586 carnes
725 3531 960 3602 vesperi,
985 3540 1040 3588 et
1059 3530 1278 3587 bibebat
1303 3532 1368 3589 de
1396 3538 1658 3591 torrente.
1683 3531 1813 3588 Post

221 3638 241 3673 ί
275 3619 395 3675 dies
420 3628 603 3675 autem
645 3619 954 3693 aliquantos
996 3620 1233 3678 siccatus
1269 3630 1354 3678 est
1400 3629 1651 3689 torrens,
1701 3637 1811 3679 non

224 3728 245 3765 ι
276 3702 427 3769 enim
454 3712 670 3784 pluerat
690 3730 855 3787 super
884 3721 1103 3770 terram.
1137 3735 1156 3768 ι
1184 3713 1504 3786 Priusquam
1525 3714 1814 3786 allegorice

219 3802 351 3876 quid
380 3804 481 3860 ista
509 3805 815 3877 signiﬁcent
840 3806 1194 3871 disseramus,
1217 3805 1349 3863 libet
1370 3807 1815 3879 inquirerejuxta

222 3898 620 3965 moralitatem,
669 3897 803 3969 quid
831 3906 916 3953 est
951 3898 1096 3969 quod
1140 3898 1253 3954 ait:
1293 3917 1325 3971 «ί
1351 3896 1496 3955 Vivit
1551 3899 1816 3956 Dominus

220 3987 281 4045 In
301 3986 455 4058 cujus
484 3995 780 4059 conspectu
805 3996 910 4043 sto.
950 4008 969 4040 ι
1005 3987 1299 4045 Sciendum
1324 3997 1407 4045 est
1436 3990 1581 4060 quod
1608 3990 1819 4046 duobus

224 4080 404 4137 modis
427 4080 482 4135 in
506 4087 860 4151 conspectum
888 4078 1107 4137 Domini
1135 4082 1416 4147 venimus,
1464 4098 1588 4138 cum
1624 4081 1680 4137 in
1718 4098 1816 4138 ex-

228 4182 407 4230 tremo
447 4171 654 4243 judicio
698 4180 825 4229 ante
861 4172 1099 4229 tribunal
1139 4173 1259 4246 ejus
1302 4174 1631 4230 assistimus.
1681 4172 1820 4231 Nam

224 4267 444 4343 quoties
473 4267 785 4325 Conditoris
808 4268 981 4326 nostri
1005 4270 1308 4343 potentiam
1335 4271 1402 4327 ad
1424 4285 1644 4328 sensum
1664 4273 1823 4331 redu-

225 4363 428 4427 cimus,
461 4363 622 4419 toties
646 4362 701 4418 in
728 4373 1023 4434 conspectu
1053 4364 1197 4420 illius
1225 4371 1449 4420 stamus.
1480 4363 1637 4421 Unde
1676 4374 1826 4423 recte

1894 1884 2080 1933 noster
2109 1876 2163 1930 in
2194 1880 2437 1931 torrente
2480 1870 2695 1938 Carith,
2743 1871 2836 1941 qui
2870 1871 3257 1940 interpretatur
3293 1868 3491 1934 calvus,

1894 1977 1953 2025 et
1976 1968 2051 2024 ibi
2073 1969 2141 2025 de
2175 1976 2417 2025 torrente
2446 1966 2617 2034 bibit,
2662 1980 2786 2021 cum
2828 1964 2883 2019 in
2923 1963 3175 2019 calvariae
3214 1961 3367 2026 loco,
3402 1958 3493 2016 ubi

1884 2044 2210 2117 abscondita
2234 2069 2319 2116 est
2347 2059 2518 2114 virtus
2545 2057 2734 2130 gloriae
2760 2056 2895 2125 ejus,
2933 2057 3001 2112 de
3028 2064 3269 2117 torrente
3297 2061 3493 2109 morta-

1892 2153 2066 2210 litatis
2093 2162 2298 2209 nostra:
2322 2151 2587 2207 Dominus
2610 2151 2872 2223 gustavit.
2908 2149 3069 2208 Corvi
3100 2156 3280 2204 autem
3303 2159 3495 2217 pasce-

1892 2244 2031 2302 bant
2058 2244 2255 2324 Eliam,
2287 2244 2596 2301 deterentes
2621 2245 2673 2300 ei
2702 2260 2899 2316 panem
2933 2253 2988 2301 et
3024 2258 3221 2300 carnes
3247 2258 3408 2301 mane
3442 2249 3495 2301 et
3551 2310 3559 2319 .

1896 2339 2135 2409 vesperi,
2165 2353 2288 2395 cum
2317 2338 2597 2410 gentilitas
2623 2336 2691 2393 de
2713 2337 2998 2409 nigredine
3024 2345 3372 2408 peccatorum
3406 2349 3498 2393 ve-

1894 2428 2090 2493 niens,
2130 2428 2350 2485 Christo
2394 2428 2624 2485 Domine
2653 2428 2881 2485 salutem
2912 2435 3160 2483 nostram
3201 2424 3496 2493 esurienti,

1896 2535 2096 2592 panem
2122 2521 2241 2579 ﬁdei
2272 2529 2330 2575 et
2357 2537 2509 2592 spem
2538 2520 2956 2577 resurrectionis
2992 2535 3092 2591 per
3123 2519 3353 2591 gratiam
3381 2518 3501 2590 ejus

1900 2614 2202 2671 illuminant
2232 2613 2411 2681 oﬁ‘ert,
2461 2630 2621 2671 mane
2664 2613 2935 2678 videlicet,
2960 2612 3284 2685 evangelicae
3308 2609 3502 2683 praedi-
3595 2627 3598 2630 '

1902 2706 2153 2763 cationis.
2180 2706 2250 2762 Et
2286 2706 2418 2762 item
2446 2720 2647 2778 panem
2689 2714 2745 2762 et
2779 2720 2975 2761 carnes
3007 2704 3220 2777 vesperi
3250 2701 3503 2763 similiter

1903 2798 2111 2867 defert,
2141 2804 2265 2856 c‘um
2295 2800 2544 2857 eamdem
2592 2799 2755 2856 ﬁdem
2800 2814 2971 2869 usque
3014 2799 3084 2853 ad
3122 2797 3284 2853 ﬁnem
3314 2794 3503 2851 tntmdi

1905 2907 2132 2951 servans
2174 2891 2662 2947 incontaminatam
2685 2931 2701 2957 ,
2729 2905 2853 2946 cum
2888 2890 3070 2946 carnis
3102 2886 3503 2943 resurrectione

1904 2983 2144 3041 venienti
2163 2983 2332 3055 judici
2358 2991 2668 3054 praesentat.
2690 3002 2708 3035 ι
2730 2981 2985 3039 Postdics
3003 2988 3183 3036 autem
3196 2978 3503 3051 aliquantus

1912 3096 1930 3128 ι
1961 3076 2195 3135 siccatus
2223 3086 2306 3131 est
2328 3084 2561 3141 torrens,
2584 3093 2603 3127 ι
2632 3075 2761 3147 quia
2780 3080 3158 3131 consummato
3178 3087 3343 3128 cursu
3362 3085 3503 3141 prte-

1911 3171 2235 3235 sentisvitm,
2261 3189 2279 3221 ί
2311 3168 2913 3239 absorptaeritmorsin
2928 3165 3153 3223 victoria
3170 3163 3221 3236 (Ι
3237 3163 3363 3218 Cor.
3379 3162 3450 3236 t):
3472 3180 3498 3215 ι

1910 3265 2076 3323 etiam
2113 3281 2131 3314 ι
2166 3262 2309 3317 ultra
2336 3276 2486 3317 mors
2508 3276 2618 3316 non
2639 3260 2764 3326 erit,
2782 3274 2959 3331 neque
2981 3259 3182 3323 luctus,
3196 3269 3371 3326 neque
3390 3255 3501 3313 cla-

1909 3374 2050 3423 mor,
2079 3372 2199 3427 qua:
2224 3356 2402 3426 prima
2426 3355 2677 3410 abierunt
2696 3354 2880 3424 (Apoc.
2904 3350 3044 3424 xxx).
3076 3371 3095 3404 δ
3122 3350 3277 3407 Hanc
3301 3349 3504 3407 etenim

1910 3447 2326 3517 intelligentiam
2354 3443 2613 3515 prudenti
2637 3442 2830 3499 lectori
2859 3440 3246 3513 relinquimus,
3282 3439 3328 3495 si
3364 3439 3507 3497 hanc

1912 3544 2015 3601 sibi
2037 3524 2236 3612 eligere
2267 3541 2528 3605 voluerit,
2561 3542 2689 3613 quia
2732 3538 2889 3595 nobis
2923 3538 2991 3601 de
3016 3553 3305 3595 corvorum
3331 3535 3508 3595 refra-

1915 3653 2043 3711 gare
2072 3635 2288 3693 videtur
2310 3633 2606 3689 intellectu.
3474 3680 3479 3687 ,

1990 3749 2008 3780 ι
2036 3727 2237 3784 Factus
2257 3735 2339 3783 est
2368 3725 2534 3798 igitur
2569 3739 2752 3781 sermo
2792 3721 3011 3781 Domini
3039 3720 3107 3779 ad
3130 3733 3255 3777 eum
3278 3718 3504 3776 dicens:

1922 3838 1941 3873 ε
1980 3819 2152 3891 Surge
2181 3826 2238 3875 et
2266 3818 2403 3873 vade
2444 3817 2501 3873 in
2530 3816 2759 3888 Sarepta
2797 3814 3142 3873 Sidoniorum
3171 3821 3229 3869 et
3266 3809 3510 3869 manebis

1924 3932 1943 3967 ι
1977 3914 2075 3969 ibi.
2101 3913 2341 3984 Praecepi
2363 3913 2509 3968 enim
2532 3912 2607 3968 ibi
2639 3912 2853 3968 mulieri
2880 3913 3074 3977 viduae,
3100 3919 3161 3967 ut
3180 3919 3368 3982 pascat
3389 3917 3461 3965 te.
3484 3927 3505 3962 ι

1917 4007 2150 4063 Mittitur
2195 4006 2343 4063 Elias
2386 4005 2695 4076 pascendus
2741 4005 2810 4061 ad
2850 4004 3206 4076 alienigenam
3251 4002 3509 4058 viduam:

1921 4105 2039 4161 haec
2067 4104 2230 4176 igitur
2256 4105 2418 4159 vidua
2447 4104 2691 4175 gentium
2711 4103 2966 4177 designat
2986 4102 3309 4167 Ecclesiam,
3334 4110 3456 4171 quae
3476 4110 3514 4152 a

1922 4211 2022 4252 suo
2050 4194 2255 4250 diutius
2282 4193 2575 4250 Conditore
2602 4196 2841 4261 deserta,
2875 4193 3129 4265 populum
3178 4191 3300 4248 ﬁdei
3338 4202 3515 4256 verae,

1922 4297 1979 4345 et
2009 4286 2454 4344 rectae.veritatis
2476 4288 2761 4355 nescium,
2807 4286 2965 4358 quasi
3010 4298 3304 4356 pauperem
3344 4280 3519 4339 ﬁlium

1922 4396 2093 4452 egena
2126 4380 2295 4452 stirpe
2328 4380 2638 4448 nutriebat,
2668 4380 2721 4435 id
2752 4388 2835 4436 est
2865 4379 3015 4436 verbi
3056 4379 3232 4434 fructu
3269 4393 3341 4435 ex
3365 4385 3520 4447 parte

209 4469 378 4569 pune
400 4470 499 4569 per
526 4456 703 4569 v'ir‘um
732 4458 826 4561 Dei
856 4457 1030 4513 Eliam
1060 4458 1293 4517 dicitur:
1329 4479 1348 4509 ι
1378 4458 1527 4569 Vivit
1846 4500 1900 4569 Β
1926 4472 2185 4539 docebat,
2228 4472 2399 4529 donec
2442 4473 2740 4529 adveniens
2782 4487 2964 4529 sermo
3001 4470 3379 4544 propheticus,
3422 4467 3517 4540 qui

232 4546 379 4604 Deus
402 4546 569 4640 ῐεηοι
604 4547 660 4603 in
692 4546 849 4621 cuius
877 4561 1171 4620 conspectu
1201 4558 1305 4606 διο.
1353 4569 1373 4602 ι
1422 4549 1522 4607 Hi‘c
1559 4550 1739 4622 iustus
1766 4551 1821 4609 in
1846 4546 1896 4569 ⁴’
1924 4567 2197 4623 exsiccata
2224 4567 2427 4627 vellere
2456 4567 2668 4625 lsraelis
2698 4567 2781 4640 (ut
2809 4575 2935 4638 pote
2964 4565 3150 4623 clausa
3176 4562 3306 4621 coeti
3326 4560 3518 4633 janua)

231 4646 528 4712 conspectu
551 4639 767 4696 Domini
798 4650 907 4697 stat
934 4649 996 4697 ut
1032 4642 1265 4698 ﬁdeliter
1293 4643 1471 4709 vivat,
1504 4643 1617 4700 illic
1643 4652 1704 4699 ut
1734 4658 1823 4703 ve-

236 4733 438 4791 raciter
474 4749 732 4790 coronam
773 4737 899 4791 vita:
936 4736 1186 4809 accipiat.
1239 4735 1440 4796 Thesbi
1489 4738 1655 4811 igitur
1684 4740 1826 4796 unde

232 4824 385 4886 Elias
409 4828 693 4887 Thesbites
715 4832 943 4899 dicitur,
993 4834 1186 4890 civitas
1214 4843 1297 4890 est
1322 4833 1622 4891 Galaaditis
1646 4816 1826 4907 regio-

236 4920 345 4976 nis.
378 4914 648 4978 Caeterum
674 4922 997 4993 spiritaliter
1021 4925 1169 4983 Elias
1205 4927 1407 4983 rectius
1437 4926 1533 4982 Dei
1564 4924 1704 4983 Filio
1739 4941 1829 4984 as-

238 5012 512 5070 similatus
558 5022 674 5083 est,
705 5016 792 5071 cui
830 5026 886 5073 et
913 5019 1214 5074 auctoritas
1254 5027 1311 5075 et
1352 5033 1551 5075 nomen
1585 5019 1701 5075 veri
1730 5019 1828 5075 Dei

241 5103 530 5177 congruit:
563 5104 712 5163 Elias
748 5106 894 5164 enim
920 5108 1182 5165 Dominus
1212 5110 1354 5166 Deus
1400 5110 1829 5183 interpretatur,

242 5197 359 5253 sive
402 5195 556 5266 fortis
599 5197 773 5266 Deus,
824 5202 968 5272 quod
1000 5216 1203 5257 nomen
1256 5202 1690 5260 substantialiter
1735 5201 1833 5265 Dei

244 5290 387 5347 Filio
411 5290 573 5360 inest,
598 5295 980 5353 auctoritatem
1018 5297 1121 5355 sibi
1157 5297 1411 5355 videlicet
1440 5298 1671 5355 faciendi
1702 5298 1833 5369 quid

242 5382 377 5438 velit
416 5385 1057 5459 naturaliter‘vindieans.
1102 5388 1178 5447 De
1213 5404 1322 5460 quo
1354 5405 1452 5461 per
1484 5389 1834 5447 Psalmistam

245 5474 485 5531 dicitur:
529 5494 548 5528 ι
580 5476 758 5534 Fortis
790 5478 1069 5548 Dominus,
1110 5490 1302 5552 potens
1342 5482 1395 5537 in
1432 5482 1618 5553 praelia
1659 5481 1832 5552 (Psal.

209 5568 431 5641 .xxm).
480 5589 499 5623 ι
552 5568 839 5629 Thesbites
866 5582 1046 5628 autem
1078 5574 1346 5645 captivam
1381 5575 1496 5631 sive
1540 5584 1838 5633 convertens

248 5663 675 5734 interpretatur,
729 5667 870 5723 sicut
914 5675 971 5724 et
1013 5668 1079 5723 de
1128 5665 1359 5724 Domino
1403 5667 1668 5739 scriptum
1712 5679 1833 5725 est:

254 5770 273 5807 ο
304 5751 610 5826 Converte,
655 5754 916 5829 Domine,
962 5758 1330 5830 captivitatem
1358 5767 1603 5840 nostram
1652 5759 1835 5835 (Psal.

1916 4661 2345 4741 periclitabatur
2374 4662 2428 4717 in
2461 4660 2679 4725 Iudaea,
2730 4668 3049 4731 pasceretur
3097 4656 3220 4722 ibi,
3269 4654 3427 4713 simul
3466 4659 3523 4709 et

1928 4761 2289 4827 pasceret,.et
2325 4761 2578 4824 receptus
2598 4751 2851 4811 videlicet
2874 4768 2907 4806 a
2930 4750 3313 4815 credentibus,
3342 4756 3402 4804 et
3431 4761 3520 4802 re—

1932 4845 2120 4905 ﬁciens
2148 4844 2266 4916 ipse
2293 4845 2605 4902 credentes.
2632 4845 2787 4903 Unde
2825 4845 2964 4901 bene
2994 4845 3108 4901 haec
3146 4842 3334 4899 eadem
3362 4839 3522 4895 vidua

1935 4935 1990 4991 in
2033 4933 2263 5004 Sarepta
2308 4933 2550 4991 Sidoniae
2603 4935 2802 4991 dicitur
2840 4950 2965 4995 esse
3020 4944 3248 4993 morata.
3302 4928 3524 4987 Sidonia

1937 5028 2135 5101 quippe
2160 5026 2365 5084 inutilis
2393 5030 2622 5095 venatio,
2655 5026 2885 5099 Sarepta
2928 5042 3058 5084 vero
3092 5024 3411 5087 incendium,
3439 5019 3525 5076 vel

1939 5121 2183 5190 angustia
2208 5120 2363 5191 panis
2413 5119 2821 5190 interpretatur,
2863 5119 2989 5190 quia
3038 5138 3055 5169 ι
3101 5116 3193 5171 ubi
3232 5111 3527 5170 abundavit

1938 5220 2245 5283 peccatum,
2290 5210 2750 5280 superabumlavit
2774 5219 2832 5266 et
2856 5210 3029 5280 gratia
3057 5206 3235 5280 (Rom.
3258 5202 3336 5276 v).
3369 5222 3389 5255 ι
3412 5199 3527 5258 Ubi

1943 5303 2108 5360 rebus
2134 5302 2486 5375 supervacuis
2506 5300 3047 5374 acquirendis,quasi
3067 5294 3369 5367 occupandi
3393 5308 3528 5351 cura

1946 5393 2377 5466 impendebatur,
2425 5394 2517 5450 ubi
2558 5394 2691 5451 dim
2742 5393 2863 5450 sitis
2914 5388 3223 5446 incendium
3262 5386 3528 5459 panisque

1946 5486 2209 5558 spiritalis
2236 5496 2397 5543 antea
2430 5485 2593 5543 ﬁebat
2619 5484 2890 5559 angustia,
2919 5482 2994 5539 ibi
3024 5480 3198 5538 farina
3240 5479 3529 5549 oleuqu

1946 5596 2041 5636 ore
2066 5579 2383 5651 prophetico
2411 5576 2767 5636 benedicitnr.
2802 5594 2820 5626 ι
2857 5573 2987 5642 Qua:
3018 5572 3232 5629 volebat
3260 5572 3365 5627 duo
3384 5569 3528 5640 ligna

1948 5669 2203 5742 colligere
2270 5670 2585 5743 priusquam
2644 5673 2970 5721 moreretur.
3024 5685 3044 5719 ι
3099 5663 3217 5720 Non
3266 5663 3359 5720 hic
3414 5659 3529 5723 sola

1948 5765 2081 5841 ligni
2107 5763 2347 5827 nomine,
2378 5760 2477 5817 sed
2518 5758 2682 5815 etiam
2722 5773 2953 5817 numero
2984 5757 3530 5841 lignorumjiqnum
