4044 6336
589 263 694 344 πυ

1626 275 1980 337 ANGELOMI
2017 267 2485 336 LUXOVIENSIS
2523 273 2830 334 MONACHI

3783 286 3912 372 ηεξ

571 379 765 460 crucis
793 399 1139 472 exprimitur,
1175 379 1284 472 quo
1310 401 1466 480 nobis
1499 409 1583 457 est
1625 401 1782 471 panis
1809 400 1935 455 vitae
1962 415 2173 469 praepa-
2200 401 2252 461 Α
2279 397 2484 453 malitia
2511 397 2820 453 Judaeorum
2841 438 2855 463 ,
2909 394 3004 452 sed
3038 396 3293 452 misertus
3320 396 3504 468 populi
3550 399 3862 454 credentis
3885 442 3906 468 ,

582 501 736 566 ratus
771 487 1026 548 aeternae.
1070 491 1423 548 Benedicitur
1450 489 1632 545 farina
1666 487 1782 559 ejus
1837 499 1893 546 et
1944 491 2121 545 oleum
2155 531 2171 556 ,

569 575 688 642 hoc
743 595 868 652 est,
921 585 1095 657 gratia
1143 585 1387 655 corporis
1415 581 1679 638 Dominici
1737 592 1793 637 et
1858 581 2172 638 chrismatis

581 678 790 744 unctio,
822 677 1174 734 sivefructus
1195 685 1250 732 et
1278 675 1524 731 hilaritas
1547 674 1855 741 charitatis,
1885 691 2005 745 quae
2045 690 2170 730 cum

580 769 936 842 impenditur,
969 786 1077 826 non
1108 769 1372 824 defecisse
1402 768 1604 823 dicitur
1634 785 1648 822 :
1685 788 1703 820 ι
1741 767 1978 822 Hilarem
2024 767 2170 822 enim

580 863 826 918 datorem
873 862 1050 934 diligit
1093 849 1231 916 Deus
1265 859 1374 931 (11
1413 857 1538 914 Cor.
1579 858 1677 931 ιχ).
1717 879 1736 911 ι
1764 859 1938 914 Vidua
1989 867 2170 913 autem

580 947 683 1007 ista
736 967 899 1023 quam
952 951 1212 1007 Dominus
1237 965 1346 1005 non
1368 949 1652 1016 frumenti,
1705 949 1798 1005 sed
1842 949 1992 1004 verbi
2032 962 2170 1018 pane

564 1035 856 1115 pascebat,
879 1044 1068 1099 eadem
1094 1043 1210 1114 ipsa
1240 1053 1345 1106 est,
1375 1041 1441 1096 de
1465 1057 1570 1111 qua
1602 1041 1800 1096 dicitur
1825 1041 1880 1095 in
1906 1039 2164 1096 Psalmis:

562 1140 604 1186 ἰ
640 1135 869 1192 Viduam
915 1134 1030 1203 ejus
1060 1134 1388 1190 benedicens
1415 1133 1732 1189 benedicam
1760 1130 1876 1203 (Ps.
1905 1132 2116 1205 cxxxi),
2142 1152 2160 1184 ι

567 1215 635 1281 ἐι
657 1227 883 1297 reliqua.
909 1226 1062 1281 Illam
1092 1226 1322 1291 scilicet,
1348 1226 1415 1281 de
1441 1241 1546 1297 qua
1576 1234 1630 1280 et
1661 1223 1860 1280 Paulus
1886 1225 1961 1279 ait
1991 1223 2164 1295 (Rom.

577 1319 674 1391 vn)
709 1337 721 1374 :
757 1319 970 1375 Mortuo
995 1319 1150 1386 viro,
1179 1320 1377 1389 quibus
1423 1319 1568 1374 volet
1607 1311 1810 1388 nuptiis
1848 1317 2017 1374 libera
2063 1326 2164 1384 est,

562 1393 701 1480 quia
738 1409 1024 1467 desinente
1044 1411 1182 1484 legis
1216 1411 1395 1466 littera
1427 1410 1604 1483 (cujus
1634 1411 1760 1466 ﬁnis
1790 1410 2038 1467 Christus
2060 1410 2166 1482 est)

561 1502 643 1556 ad
689 1504 881 1574 gratia:
921 1505 1229 1560 libertatem
1273 1503 1565 1559 transitum
1626 1502 1827 1560 faciens
1857 1544 1872 1570 ,
1921 1502 2166 1558 Ecclesia

560 1579 825 1650 videlicet
873 1595 942 1649 ad
993 1593 1312 1662 Christum,
1358 1596 1512 1666 quasi
1563 1595 1727 1651 vidua
1773 1593 1909 1664 legis
1955 1595 2161 1664 nupsit.

556 1685 745 1758 Hujus
773 1688 998 1742 nuncin
1041 1689 1188 1744 vasis
1235 1688 1413 1744 oleum
1468 1690 1655 1762 gratia:
1689 1698 1744 1745 et
1773 1689 2164 1745 benedictionis

572 1780 750 1836 farina
782 1797 889 1837 non
923 1782 1127 1847 deﬁcit,
1178 1782 1230 1836 in
1279 1783 1529 1839 omnibus
1575 1782 1690 1838 fere
1741 1783 1992 1854 gentibus
2023 1783 2164 1840 fame

559 1885 829 1949 manente
861 1917 875 1943 ,
915 1892 1146 1948 quarum
1175 1877 1330 1932 cibus
1358 1877 1746 1949 vitaeesuriem
1774 1893 1838 1932 ac
1881 1877 2004 1933 ﬁdei
2037 1877 2162 1933 Tri-

576 1966 764 2020 nitatis
792 1967 1056 2034 inediam,
1088 1983 1326 2041 congrue
1353 1969 1722 2042 praeﬁguravit
1751 1969 1840 2024 illa
1891 1970 2161 2040 quondam

576 2058 812 2113 triennio
839 2057 1033 2114 fames.

557 2147 592 2164 ”
653 2168 668 2201 ι
702 2149 926 2205 Factum
960 2160 1044 2207 est
1095 2162 1278 2210 autem
1321 2163 1444 2224 post
1494 2157 1661 2212 verba
1697 2157 1850 2222 haec,
1881 2157 2164 2228 tegrolavit~

579 2260 597 2292 ι
645 2242 786 2299 ﬁlius
813 2243 1057 2301 mulieris
1079 2247 1533 2314 matrisfamilias,
1559 2257 1615 2303 et
1639 2257 1759 2303 erat
1790 2249 2019 2322 languor
2047 2251 2163 2318 ejus

578 2350 596 2384 ι
643 2332 992 2399 fortissimus,
1023 2337 1096 2392 ita
1131 2347 1190 2392 ut
1225 2355 1330 2394 non
1369 2350 1675 2396 remaneret
1717 2341 1771 2395 in
1820 2357 1886 2397 eo
1937 2339 2158 2398 halitus.

556 2445 597 2477 ι(
641 2419 812 2506 Dixit”
831 2443 960 2499 ergo
988 2430 1056 2484 ad
1087 2430 1260 2485 Eliam
1297 2446 1311 2485 :
1344 2432 1484 2498 Quid
1521 2433 1652 2486 mihi
1683 2442 1735 2488 et
1776 2434 1895 2498 tibi,
1919 2434 2004 2488 vir
2024 2435 2163 2489 Dei?

578 2536 596 2567 ι
643 2516 926 2589 Ingressus
953 2536 1012 2577 es
1035 2523 1102 2577 ad
1117 2538 1225 2589 me,
1242 2531 1304 2578 ut
1327 2534 1824 2580 rememorarentur
1847 2526 2162 2597 iniquitates

578 2628 596 2660 ‹
643 2627 799 2678 meat,
829 2622 884 2668 et
911 2615 1247 2672 interﬁceres
1272 2617 1441 2672 ﬁlium
1480 2619 1698 2673 meum?
1724 2619 1791 2674 Et
1814 2619 1890 2675 ait
1913 2619 1979 2674 ad
2003 2636 2156 2676 eam:

555 2721 597 2754 ν(
642 2706 718 2760 Da
746 2707 878 2762 mihi
909 2708 1076 2764 ﬁlium
1109 2718 1282 2766 tuum.
1315 2711 1568 2783 Tulitque
1595 2729 1718 2769 eum
1745 2715 1810 2770 de
1852 2715 1973 2771 sinu
2015 2716 2160 2771 illius

576 2818 595 2850 ‹
637 2807 692 2854 et
725 2797 978 2871 portavit
1019 2804 1071 2858 in
1103 2805 1444 2862 caenaculum
1485 2808 1578 2863 ubi
1632 2808 1746 2878 ipse
1799 2811 2071 2875 manebat,
2105 2821 2161 2867 et

577 2907 595 2940 ί
644 2892 826 2960 posuit
879 2909 1043 2964 super
1093 2895 1292 2952 lectum
1353 2913 1512 2953 suum
1545 2941 1558 2963 ,
1608 2919 1626 2952 ›
1676 2906 1730 2954 et
1785 2900 2014 2970 reliqua.
2060 2901 2158 2958 llic

572 2993 723 3038 actus
749 2985 878 3039 Eliae
905 3027 919 3052 ,
968 2987 1034 3043 de
1065 2991 1326 3046 suscitato
1367 3001 1581 3048 mortuo
1634 2992 1745 3048 ﬁlio
1788 2994 1986 3060 viduae,
2018 2996 2159 3066 apud

570 3089 732 3142 quam
788 3077 1198 3147 hospilabatur,
1243 3091 1298 3137 et
1352 3081 1506 3151 cujus
1555 3084 1830 3140 benedixit
1869 3085 2058 3142 farina:
2106 3096 2162 3143 et

571 3163 693 3218 oleo
717 3206 730 3230 ,
777 3166 917 3224 bene
943 3176 1202 3242 exprimit
1255 3188 1432 3233 actum
1466 3179 1847 3251 Redemptoris
1879 3185 2071 3251 nostri,
2105 3185 2161 3240 in

572 3259 976 3320 resurrectione
1023 3266 1204 3335 populi
1251 3269 1318 3323 ad
1367 3269 1527 3325 ﬁdem
1556 3274 1828 3328 conversi.
1855 3274 1984 3342 Quae
2015 3277 2160 3332 enim

573 3344 688 3439 haec
717 3348 876 3404 vidua
923 3353 1115 3410 melius
1145 3357 1372 3430 intelligi
1418 3369 1616 3431 potest,
1666 3379 1826 3432 quam
1875 3365 2160 3439 Synagoga

569 3436 904 3508 Judmorum,
932 3463 1050 3516 (pne
1091 3448 1260 3521 Moysi
1310 3469 1461 3508 more
1492 3455 1707 3511 viduata
1749 3457 1918 3512 ﬁlium
1956 3460 2164 3516 nutrie-

568 3528 664 3584 bat
700 3535 1161 3603 parvulum,dioc
1208 3550 1310 3607 est,
1363 3546 1616 3614 populum
1651 3549 1922 3604 carnalem
1953 3549 2163 3608 Iudaeo-

568 3633 710 3674 rum.
747 3621 846 3678 Hic
884 3641 1014 3698 ergo
1053 3630 1135 3708 ad
1181 3631 1487 3702 ingressum
1521 3635 1674 3701 Eliae,
1704 3638 1806 3693 hoc
1843 3647 1945 3705 est,
1977 3639 2163 3698 Salva-

570 3710 706 3765 toris
735 3715 905 3769 nostri
940 3717 1335 3786 inﬁrmabatur,
1357 3725 1486 3793 quia
1520 3725 1572 3780 in
1598 3741 1726 3782 eum
1748 3743 1852 3783 non
1868 3731 2159 3798 credendo,

569 3803 663 3892 sed
709 3809 1033 3874 spernendo,
1066 3811 1241 3868 valida
1296 3815 1444 3871 febre
1492 3817 1826 3875 inﬁdelitatis
1856 3823 2158 3892 :egrotavit.

571 3888 726 3947 Unde
787 3903 842 3948 et
892 3907 1068 3953 mater
1118 3901 1235 3971 ipsa
1288 3908 1671 3976 eonquerendo
1727 3907 1795 3965 de
1845 3888 2163 3969 inﬁrmitate

569 3983 749 4050 pueri,
775 3986 841 4040 ad
870 3991 1190 4058 prophetam
1222 3993 1354 4050 dicit
1387 4015 1400 4049 :
1437 4016 1455 4047 ‹
1493 3997 1632 4065 Quid
1664 4000 1796 4054 mihi
1834 4011 1888 4057 et
1917 4001 2012 4057 tibi
2039 4045 2053 4068 ,
2078 4005 2162 4060 vir

569 4073 712 4129 Dei?
742 4075 1018 4149 ingressus
1045 4099 1105 4139 es
1134 4087 1201 4140 ad
1231 4103 1317 4144 me
1351 4098 1410 4143 ut
1445 4104 1943 4149 rememorarentur
1963 4095 2162 4166 iniqui-

551 4181 710 4230 tates
739 4193 891 4245 mete,
915 4189 970 4234 et
995 4181 1334 4241 interﬁceres
1365 4186 1532 4242 ﬁlium
1569 4189 1792 4243 meum?
1824 4209 1842 4241 ι
1879 4189 2013 4244 Cum
2063 4191 2162 4263 Sy-

570 4284 778 4343 nagoga
822 4272 1129 4334 Iudaeorum
1173 4281 1240 4336 de
1288 4282 1522 4338 adventu
1565 4283 1868 4342 Salvatoris
1919 4303 2159 4358 conque-

569 4362 729 4430 ritur,
769 4369 922 4436 quasi
962 4370 1076 4440 ipse
1125 4381 1270 4428 esset
1323 4391 1486 4431 causa
1539 4376 1935 4434 interfectionis
1979 4380 2161 4450 populi

2281 490 2401 545 tulit
2429 505 2553 546 eum
2585 490 2653 545 de
2687 490 2808 544 sinu
2832 489 3042 553 matris,
3086 505 3209 544 cum
3233 505 3358 544 eum
3407 489 3530 546 tulit
3561 493 3628 546 de
3663 493 3906 551 carnali

2276 581 2623 636 observantia
2652 581 2805 651 legis.
2838 600 2857 632 ι
2893 581 2962 636 Ει
2991 582 3354 652 posuitsuper
3373 582 3575 639 lectum
3598 600 3778 640 suum
3813 628 3834 652 ,
3877 607 3898 640 ι

2277 673 2380 730 hoc
2418 680 2519 738 est,
2575 673 2968 728 demonstravit
3016 673 3066 728 ei
3117 674 3285 729 vitam
3333 673 3534 731 habere
3585 677 3639 732 in
3699 689 3904 736 morte

2274 781 2392 821 sua.
2425 784 2442 816 ι
2478 764 2861 836 Expanditque
2883 781 2942 820 se
2966 765 3139 822 tribus
3157 767 3399 834 -vieibus,
3431 778 3594 840 atque
3637 787 3901 829 mensus

2272 862 2356 910 est
2411 870 2572 925 super
2625 870 2876 926 puerum.
2942 875 2960 908 ι
3027 854 3164 911 Cum
3227 856 3508 914 Trinitatis
3563 858 3744 915 ﬁdem
3813 863 3896 918 illi

2271 947 2613 1016 przedicando
2673 955 2730 1001 et
2790 945 3038 1002 faciendo
3102 948 3432 1004 insinuahat.
3493 951 3560 1005 Et
3612 953 3892 1008 clamans

2272 1039 2340 1092 ad
2383 1038 2642 1104 Patrem,
2688 1038 2828 1094 dixit
2877 1058 2891 1095 :
2944 1059 2962 1091 ι
3007 1039 3203 1109 Pater,
3270 1042 3488 1112 ignosce
3534 1044 3678 1106 illis,
3750 1050 3888 1116 quia

2272 1129 2519 1185 nesciunt
2543 1131 2671 1201 quid
2698 1131 2903 1187 faciunt
2925 1131 3078 1204 (Luc.
3107 1134 3285 1206 χχιιι).
3313 1154 3330 1188 ι
3350 1135 3547 1191 Etitem
3574 1157 3587 1191 :
3619 1143 3650 1189 ι·
3673 1138 3885 1205 Pater,

2269 1219 2465 1290 inquit,
2501 1221 2737 1278 clariﬁca
2768 1223 2966 1279 Filium
3011 1233 3181 1292 tuum,
3221 1236 3280 1282 ut
3316 1226 3486 1284 Filius
3537 1239 3659 1286 tuus
3693 1231 3886 1285 clari-

2271 1310 2394 1367 ﬁcet
2421 1321 2510 1368 te:
2540 1311 2692 1368 Sicut
2733 1315 2924 1370 dedisti
2970 1316 3018 1371 ei
3068 1325 3391 1386 potestatem
3429 1319 3606 1374 omnis
3630 1323 3841 1377 carnis
3867 1364 3882 1388 ,

2267 1412 2327 1459 ut
2356 1421 2516 1462 omne
2543 1407 2686 1476 quod
2719 1406 2916 1463 dedisti
2960 1409 3008 1464 ei
3043 1449 3058 1475 ,
3114 1410 3205 1464 det
3252 1411 3333 1465 eis
3375 1411 3540 1489 vitam
3566 1421 3882 1471 aeternam.

2267 1497 2394 1554 Hmc
2423 1506 2507 1554 est
2534 1508 2714 1554 autem
2743 1499 2854 1554 vita
2895 1507 3114 1566 aeterna,
3153 1509 3212 1555 ut
3242 1513 3571 1574 cognoscant
3597 1513 3648 1558 te
3676 1505 3877 1563 solum

2267 1589 2439 1646 Deum
2464 1605 2675 1661 verum,
2703 1599 2759 1647 et
2781 1607 2942 1662 quem
2964 1593 3356 1650 misistilesum
3368 1593 3646 1652 Christum
3663 1596 3876 1654 'Joan.

2266 1683 2422 1756 xvii).
2458 1703 2476 1736 ι

2343 1797 2361 1830 ‹
2405 1777 2704 1834 Exauditus
2731 1787 2815 1836 est
2835 1788 3015 1836 autem
3041 1780 3207 1847 Elias,
3235 1788 3292 1836 et
3319 1797 3536 1838 reversa
3557 1791 3644 1838 est
3669 1785 3875 1840 anima

2274 1889 2290 1921 ι
2337 1869 2489 1940 pueri
2521 1869 2665 1926 intra
2692 1887 2814 1927 eum
2846 1881 2900 1928 et
2946 1873 3164 1930 revixit.
3195 1874 3447 1946 Tulitque
3476 1877 3628 1931 illum
3645 1887 3712 1933 et
3735 1881 3874 1935 red-

2271 1978 2290 2010 ‹
2337 1959 2472 2014 didit
2499 1963 2660 2017 matri
2700 1977 2830 2019 suae.
2872 1984 2891 2016 ι
2921 1963 3056 2020 Cum
3086 1965 3348 2021 Dominus
3382 1977 3566 2023 noster
3593 1970 3872 2040 populum

2265 2050 2480 2107 salvans
2511 2055 2821 2110 credentem
2854 2097 2870 2122 ,
2921 2057 3072 2128 signa
3119 2067 3174 2112 et
3223 2059 3485 2115 miracula
3532 2064 3872 2118 ostendebat

2265 2140 2558 2199 incredulis
2583 2185 2599 2209 ,
2652 2155 2712 2200 ut
2749 2157 3107 2218 agnoscerent
3135 2150 3402 2205 veraciter
3447 2151 3598 2206 illum
3629 2153 3827 2210 vivere
3851 2196 3869 2218 .

2263 2234 2354 2303 qui
2387 2236 2561 2290 credit
2593 2237 2644 2290 in
2692 2239 2909 2293 nomine
2937 2240 3074 2309 ejus.
3103 2240 3172 2295 Et
3199 2243 3276 2296 sic
3306 2243 3519 2298 eveniet
3549 2285 3564 2308 ,
3598 2257 3660 2299 ut
3691 2245 3869 2300 verba

2263 2327 2507 2383 mulieris
2529 2327 2851 2384 admirantis
2873 2330 2942 2386 de
2961 2331 3222 2387 suscitato
3244 2348 3432 2402 puero,
3457 2335 3608 2405 plebs
3631 2335 3870 2392 Iudaica

2263 2417 2493 2472 veritate
2517 2429 2789 2488 superata,
2818 2421 3133 2489 praeclamet
3163 2426 3230 2479 ad
3258 2425 3538 2481 Christum
3570 2443 3636 2483 ac
3663 2428 3824 2483 dicat
3850 2448 3862 2482 :

2268 2530 2286 2562 ι
2333 2510 2485 2567 Nunc
2512 2513 2565 2568 in
2614 2513 2719 2568 isto
2759 2517 3023 2586 cognovi,
3059 2519 3316 2588 quoniam
3358 2520 3442 2574 vir
3469 2522 3569 2576 Dei
3598 2538 3661 2578 es
3694 2531 3778 2588 tu,
3809 2531 3867 2579 et

2269 2621 2287 2654 ‹
2329 2604 2554 2658 verbum
2582 2603 2796 2660 Domini
2825 2605 2880 2660 in
2911 2621 3006 2662 ore
3038 2616 3129 2664 tuo
3155 2625 3348 2666 verum
3374 2621 3477 2667 est.
3512 2631 3532 2663 ι

2823 2765 3052 2822 CAPUT
3090 2768 3274 2824 XVIII.

2339 2919 2357 2950 ‹
2393 2897 2522 2954 Post
2551 2899 2667 2954 dies
2691 2899 2889 2956 multos
2911 2903 3138 2958 verbum
3163 2903 3374 2958 Domini
3413 2904 3615 2961 factum
3667 2915 3751 2961 est
3794 2907 3866 2963 ad

2269 3011 2286 3041 ι
2332 2989 2506 3044 Eliam
2537 2991 2590 3045 in
2617 3006 2758 3048 anno
2789 2995 2983 3060 tertio,
3031 2996 3219 3051 dicens
3245 3015 3257 3051 :
3285 2997 3434 3052 Vade
3460 3008 3514 3052 et
3542 3000 3776 3054 ostende
3811 3007 3867 3055 te

2271 3099 2290 3130 ι
2333 3079 2518 3135 Achab
2543 3122 2558 3146 ,
2610 3091 2670 3136 ut
2721 3082 2842 3136 dem
2883 3083 3116 3154 pluviam
3154 3101 3318 3156 super
3366 3085 3562 3142 faciem
3617 3098 3803 3143 terrae.
3840 3108 3858 3141 ι

2334 3131 2511 3135 ηπ-
2543 3131 2558 3146 ,
2616 3131 2667 3136 ﬁ-
2725 3131 2842 3136 ---η
2884 3131 3116 3154 ,-_.._-..
3155 3131 3306 3156 -..ιω
3366 3131 3562 3142 μων...
3618 3131 3803 3143 mu...
3840 3131 3856 3141 .

2189 3131 2233 3195 Ο
2267 3169 2399 3225 Tres
2431 3172 2558 3226 anni
2597 3171 2790 3239 famis,
2839 3174 3120 3230 scientiam
3175 3186 3376 3232 sanctae
3405 3177 3714 3244 Trinitatis,
3763 3195 3866 3249 po-

2263 3261 2390 3332 pulo
2417 3261 2723 3319 Judzcorum
2754 3265 2838 3319 vel
2870 3265 2926 3319 in
2958 3274 3071 3322 toto
3113 3269 3316 3323 mundo
3345 3267 3580 3325 defuisse
3607 3271 3866 3344 praeﬁgu-

2265 3359 2477 3412 rabant.
2507 3357 2615 3412 Sex
2653 3373 2782 3413 vero
2821 3375 3038 3415 menses
3058 3359 3123 3414 ad
3151 3377 3288 3438 opus
3323 3362 3522 3416 bonum
3553 3365 3861 3434 pertinent,

2263 3447 2406 3516 quod
2453 3450 2671 3518 penitus
2721 3450 2959 3506 desierat
2984 3453 3052 3506 ab
3077 3452 3203 3519 illis,
3249 3454 3314 3509 de
3351 3455 3548 3524 quibus
3593 3457 3863 3526 propheta

2264 3539 2394 3594 dicit
2427 3554 2441 3593 :
2481 3560 2498 3591 ι
2535 3539 2651 3595 Non
2681 3549 2765 3596 est
2789 3542 2879 3611 qui
2923 3543 3088 3598 faciat
3138 3545 3338 3599 bonum
3361 3585 3376 3610 ,
3418 3560 3524 3600 non
3557 3556 3644 3600 est
3689 3562 3862 3616 usque

2264 3631 2331 3685 ad
2362 3649 2548 3686 unum.
2580 3652 2597 3684 ι
2628 3633 2834 3689 Abdias
2859 3636 3110 3707 princeps
3145 3639 3422 3694 exercitus
3468 3639 3671 3706 Israel,
3705 3641 3863 3711 cujus

2263 3737 2460 3776 nomen
2495 3723 2884 3794 interpretatur
2924 3744 3102 3782 servus
3147 3727 3383 3794 Domini,
3433 3729 3554 3784 illos
3590 3731 3860 3802 quodam-

2262 3815 2423 3867 modo
2473 3817 2877 3887 praesignabat,
2925 3821 3018 3889 qui
3065 3836 3134 3876 ex
3179 3823 3517 3893 principibus
3543 3823 3859 3880 Iudaeorum

2261 3904 2608 3961 crediderant
2651 3917 2705 3962 et
2743 3918 2902 3964 erant
2949 3911 3148 3966 occulti
3204 3914 3452 3985 discipuli
3494 3915 3754 3982 Domini,
3801 3926 3860 3971 ut

2262 3999 2585 4055 Nicodemus
2615 4010 2667 4056 et
2691 4003 2891 4057 caeteri.
2941 4003 3076 4059 Nam
3126 4007 3270 4075 quod
3308 4007 3384 4061 ait
3431 4008 3497 4062 ad
3539 4009 3802 4078 p0pulum
3845 4030 3858 4064 :

2267 4078 2628 4162 «Usquequo
2684 4093 3008 4150 claudicatis
3077 4097 3131 4152 in
3181 4098 3316 4154 duas
3385 4101 3620 4169 partes?
3698 4121 3718 4153 ι
3786 4103 3859 4156 ita

2261 4191 2439 4254 potest
2468 4184 2715 4256 intelligi.
2753 4185 2831 4240 Illi
2879 4189 3022 4242 enim
3060 4199 3290 4260 utroque
3337 4192 3472 4261 pede
3518 4192 3858 4260 claudicant,

2241 4276 2351 4344 'qui
2385 4275 2496 4332 Deo
2522 4278 2728 4347 pariter
2757 4286 2812 4334 et
2844 4280 3058 4338 diabolo
3089 4282 3407 4353 obsequium
3457 4293 3725 4354 praestare
3767 4302 3858 4342 cu-

2260 4371 2431 4439 piunt.

567 4453 800 4512 Judaici.
834 4458 972 4517 Hinc
997 4472 1082 4518 est
1109 4465 1252 4534 quod
1291 4466 1526 4538 Caiphas
1568 4471 1887 4538 conspirans
1921 4471 1987 4526 de
2024 4487 2158 4529 nece
2179 4487 2237 4549 ι)
2337 4457 2491 4518 "fit
2520 4479 2650 4536 ergo
2673 4465 2818 4521 EH35
2845 4474 2905 4521 ιη
2924 4468 3235 4523 “tenderet
3259 4483 3319 4525 se
3357 4469 3568 4525 Aehab-
3603 4471 3739 4526 Ετθῑ
3766 4489 3856 4528 ³η·

567 4545 809 4616 Christi,
863 4553 929 4608 ad
976 4555 1188 4610 turbam
1237 4559 1360 4615 ait:
1395 4578 1414 4611 ι
1455 4561 1685 4630 Expedit
1727 4563 1873 4618 enim
1913 4572 1972 4620 ut
2011 4582 2154 4624 unus

568 4638 732 4696 homo
761 4645 1025 4701 moriatur
1051 4665 1152 4720 pro
1177 4651 1394 4721 populo,
1414 4662 1468 4708 et
1489 4669 1594 4708 non
1630 4663 1739 4710 tota
1776 4671 1907 4728 gens
1939 4667 2148 4728 pereat.

567 4728 627 4786 Si
655 4733 981 4793 dimittimus
1011 4756 1135 4795 eum
1166 4743 1264 4806 sic,
1317 4759 1506 4800 omnes
1553 4747 1777 4803 credent
1823 4749 1876 4803 in
1912 4764 2056 4805 eum.
2089 4751 2158 4806 Et

563 4825 786 4881 venient
815 4827 1042 4886 Romani
1079 4840 1134 4887 et
1164 4833 1349 4889 tollent
1377 4849 1622 4892 nostrum
1649 4838 1826 4895 locum
1861 4849 1913 4896 et
1939 4851 2155 4912 gentem

565 4915 747 4987 (Joan.
775 4936 943 4988 xvm,
987 4923 1086 4996 xi).
1133 4945 1152 4977 ι
1192 4923 1298 4980 Sed
1342 4928 1486 4983 sicut
1513 4931 1775 5000 propheta
1816 4932 1933 4999 Dei,
1974 4934 2156 4990 verbis

562 5009 740 5068 vidua:
765 5029 870 5069 non
893 5027 1250 5086 exasperatus
1285 5037 1299 5073 :
1329 5021 1462 5090 quin
1492 5023 1676 5092 potius
1698 5025 1954 5082 misertus
1984 5028 2062 5083 ait
2086 5028 2155 5084 ad

561 5113 726 5157 eam:

545 5231 548 5233 Α
638 5213 656 5245 ι
699 5194 772 5250 Da
805 5198 936 5254 mihi
983 5200 1152 5256 ﬁlium
1197 5211 1346 5258 tuum
1383 5219 1398 5258 :
1445 5205 1700 5277 Tulitque
1745 5223 1872 5264 eum
1911 5210 1978 5266 de
2033 5211 2155 5268 sinu

565 5303 586 5336 ι
633 5285 774 5343 illius
796 5298 851 5343 et
879 5293 1116 5361 portavit
1145 5293 1196 5348 in
1227 5281 1565 5352 cenaculum
1589 5299 1679 5354 ubi
1714 5299 1831 5371 ipse
1857 5304 2110 5358 manebat
2136 5346 2151 5372 ,

567 5395 586 5429 ι
631 5387 688 5434 et
709 5382 890 5450 posuit
917 5399 1081 5455 super
1113 5386 1311 5442 lectum
1336 5404 1493 5444 suum
1525 5375 1866 5462 et'expandit
1887 5408 1966 5459 se,
1992 5403 2156 5464 atque

566 5488 586 5522 ι
631 5487 851 5532 mensus
882 5487 964 5533 est
997 5495 1162 5550 super
1189 5497 1416 5550 puerum
1455 5485 1626 5540 tribus
1657 5486 1863 5542 vicibus
1885 5529 1898 5551 ,
1955 5487 2157 5544 clama-

566 5581 585 5612 ‹
629 5565 812 5635 vitque
847 5569 913 5623 ad
959 5570 1244 5628 Dominum
1273 5583 1328 5629 et
1358 5575 1433 5630 ait
1461 5593 1473 5626 :
1511 5575 1756 5640 Domine,
1783 5577 1926 5632 Deus
1957 5593 2112 5633 meus
2138 5620 2153 5646 ,

565 5671 585 5706 ι
630 5667 973 5727 revertatur,
1027 5679 1124 5718 oro
1156 5706 1170 5731 ,
1219 5666 1398 5720 anima
1454 5668 1607 5737 pueri
1665 5669 1825 5739 hujus
1857 5669 1910 5723 in
1946 5670 2153 5726 viscera

564 5765 584 5801 ι
628 5747 770 5821 ejus.
814 5770 832 5803 ι
863 5752 940 5809 Ita
970 5763 1024 5811 et
1065 5755 1397 5832 Redemptor
1440 5769 1629 5820 noster
1656 5777 1764 5818 non
1795 5772 2153 5836 exasperatur

2267 4574 2285 4606 ι
2329 4565 2436 4612 tem
2493 4557 2665 4614 fames
2719 4561 3014 4616 vehemens
3066 4562 3118 4616 in
3187 4563 3456 4620 Samaria.
3522 4564 3857 4638 Vocavitque

2266 4665 2284 4699 ι
2330 4649 2517 4704 Achab
2537 4650 2764 4705 Abdiam
2789 4653 3219 4723 diapensatorem
3243 4655 3436 4710 domus
3457 4671 3592 4723 sute,
3626 4675 3647 4710 ›
3689 4668 3748 4714 et
3777 4674 3856 4715 re-

2261 4738 2426 4812 liqua.
2444 4741 2596 4810 Quod
2609 4752 2791 4798 autem
2809 4744 2955 4800 Elias
2972 4761 3306 4818 congregans
3326 4748 3646 4804 universum
3669 4749 3854 4815 Israel,

2243 4839 2447 4890 contra
2478 4838 2770 4907 prophetas
2799 4836 2928 4892 Baal
2981 4838 3339 4909 disceptabat,
3392 4839 3607 4910 illisque
3654 4840 3855 4896 frustra

2263 4926 2582 4992 nitentibus,
2627 4929 2742 4998 ipse
2781 4929 2952 4984 altare
2984 4929 3196 4985 Domini
3223 4933 3436 4987 curavit
3473 4935 3616 5002 quod
3644 4934 3854 4990 destru-

2265 5028 2412 5074 ctum
2439 5018 2638 5088 fuerat,
2663 5031 2719 5077 et
2746 5021 2866 5076 tulit
2891 5023 3174 5078 duodecim
3223 5025 3428 5094 lapides
3456 5026 3614 5096 juxta
3661 5044 3854 5084 nurne-

2263 5129 2386 5168 rum
2441 5113 2680 5168 tribuum
2733 5114 2966 5170 ﬁliorum
3000 5115 3188 5183 Jacob,
3231 5119 3300 5172 ad
3353 5134 3516 5188 quem
3568 5118 3749 5175 factus
3774 5131 3853 5178 est

2239 5219 2444 5262 sermo
2481 5206 2717 5273 Domini,
2751 5208 2971 5264 dicens:
2999 5229 3019 5260 ι
3049 5207 3216 5265 Israel
3245 5209 3350 5265 erit
3371 5227 3567 5267 nomen
3598 5220 3754 5267 tuum
3783 5231 3796 5267 :
3834 5233 3850 5264 ι

2263 5305 2318 5349 et
2343 5296 2630 5352 aedificavit
2655 5298 2722 5352 de
2755 5297 3023 5368 lapidibus
3047 5299 3218 5354 altare
3253 5301 3307 5355 in
3355 5302 3576 5358 nomine
3615 5302 3851 5357 Domini.

2240 5389 2242 5392 ’
2269 5409 2286 5441 ι
2331 5389 2588 5460 Fecitque
2609 5394 2984 5462 aquaeductum
3011 5393 3164 5463 quasi
3191 5409 3289 5464 per
3319 5396 3452 5449 duas
3479 5396 3852 5450 aratiunculas

2239 5499 2288 5534 'r
2335 5483 2388 5536 in
2421 5481 2649 5537 circuitu
2681 5483 2887 5551 altaris,
2921 5494 2976 5539 ct
3014 5486 3317 5554 composuit
3369 5487 3511 5556 ligna
3561 5488 3850 5557 divisitqur

2269 5593 2286 5623 ι
2331 5587 2428 5642 per
2458 5575 2698 5630 membra
2723 5575 2938 5642 bovem,
2969 5588 3022 5631 et
3060 5578 3242 5647 posuit
3261 5593 3425 5648 super
3449 5578 3616 5649 ligna,
3645 5589 3700 5633 et
3729 5581 3847 5633 ait:

2240 5663 2284 5718 ἰ
2328 5665 2549 5736 lmplete
2578 5676 2809 5737 quatuor
2858 5670 3078 5740 hydrias
3129 5685 3305 5740 aqua.
3359 5680 3415 5726 et
3455 5670 3663 5726 fundite
3687 5687 3848 5744 super

2269 5781 2288 5815 ι
2333 5763 2705 5820 holocaustum
2757 5773 2811 5820 et
2855 5765 3017 5836 super
3056 5765 3221 5838 ligna.
3281 5763 3626 5838 Rursumque
3663 5767 3847 5824 dixit:
