4044 6336
198 328 304 386 481

1089 317 1344 377 manu.
1384 314 1453 372 IN
1488 310 1737 370 uanos
1776 307 2037 366 REGUM.
2076 339 2144 351 -
2182 309 2248 364 lN
2289 307 2418 363 LIB.
2456 293 2579 363 1n."-

3351 306 3454 362 482

207 462 227 494 ι
271 439 449 496 Etiam
476 423 709 494 secundo
755 433 858 490 hoc
907 433 1084 490 facite.
1125 433 1225 502 Qui
1253 447 1375 488 cum
1405 429 1656 484 fecissent
1685 441 1771 481 se-
1798 425 1848 485 Α
1880 441 1899 474 ι
1931 423 2175 493 protinus
2206 423 2258 477 in
2290 431 2485 477 terram
2516 420 2696 492 posuit
2735 419 2926 476 faciem
2958 420 3098 476 inter
3123 435 3293 492 genua
3329 438 3447 489 sua,

210 552 228 584 ι
278 529 477 593 cundo,
509 527 585 581 ait
616 525 830 580 :Etiam
859 525 1017 579 tertio
1048 524 1275 592 idipsum
1305 521 1485 582 facite,
1510 517 1783 572 fecerunt-

209 645 230 678 ι
277 639 387 695 que
415 631 468 676 et
498 620 677 674 tentio.
709 619 776 672 Et
802 617 1096 673 currebant
1138 631 1292 686 aqua:
1329 614 1474 668 circa
1510 611 1705 672 altare,
1731 615 1788 661 et

209 735 234 771 ι
279 716 427 773 fossa
463 711 808 782 aqumductus
845 708 1047 778 repleta
1077 714 1162 762 est
1187 747 1202 772 ,
1241 725 1260 757 ι
1291 714 1345 760 et
1375 702 1600 772 reliqua.
1650 697 1787 766 Quid

207 807 625 867 convenientius
643 804 875 875 ﬁgurare
889 809 1082 871 potest,
1112 815 1272 870 quam
1295 796 1433 867 quod
1461 793 1787 862 Redemptor

205 908 400 966 noster
451 906 638 953 contra
689 893 874 948 mundi
927 891 1225 962 principem
1277 887 1500 956 ejusque
1527 885 1787 940 satellites

209 992 502 1047 decertans
529 1002 593 1042 ac
620 999 900 1055 superans,
949 981 1117 1036 altare
1159 978 1368 1034 Domini
1398 976 1541 1048 quod
1580 976 1790 1030 destru-

209 1090 362 1137 ctum
397 1079 620 1142 fuerat,
667 1075 771 1129 hoc
815 1082 936 1140 est,
983 1072 1220 1127 fidelium
1277 1083 1492 1123 suorum
1532 1066 1692 1121 corda
1721 1064 1791 1120 ab

210 1155 384 1227 omni
413 1169 535 1224 labe
582 1165 882 1235 iniquitatis
923 1177 1160 1235 purgans
1203 1176 1351 1216 aram
1399 1161 1509 1214 Deo
1540 1155 1792 1212 dedicat?

212 1262 348 1330 Qua:
369 1276 437 1316 ex
467 1258 747 1314 duodecim
777 1255 1044 1325 lapidibus
1087 1260 1394 1308 constructa
1443 1265 1561 1304 esse
1591 1260 1793 1301 memo-

213 1362 391 1417 ratur,
431 1350 555 1421 quia
585 1363 653 1404 ex
683 1346 790 1412 his,
816 1346 907 1416 qui
958 1343 1325 1414 propheticam
1358 1348 1413 1394 et
1441 1336 1790 1408 apostolicam

216 1442 384 1498 ﬁdem
413 1455 507 1496 seu
534 1438 834 1494 doctrinam
859 1441 1178 1502 sequuntur,
1212 1430 1519 1501 gratissima
1556 1427 1666 1480 Deo
1696 1440 1789 1479 ara

217 1531 576 1593 construitur,
621 1528 674 1581 in
723 1541 826 1594 qua
865 1524 1103 1593 quotidie
1154 1520 1478 1575 sacrificium
1525 1516 1702 1571 laudis
1737 1516 1791 1569 in

219 1620 444 1674 odorem
501 1617 784 1673 suavitatis
835 1613 1075 1669 offertur.
1133 1611 1389 1680 Fecitque
1419 1608 1794 1678 aquaeductum

219 1711 380 1780 quasi
413 1725 511 1780 per
537 1709 670 1762 duas
700 1705 1062 1760 aratiunculas
1113 1703 1167 1758 in
1222 1702 1447 1756 circuitu
1478 1699 1695 1764 altaris,
1724 1712 1791 1753 ex

221 1803 465 1857 contrito
487 1800 737 1855 videlicet
765 1798 948 1862 corde,
979 1805 1032 1852 et
1055 1795 1336 1850 humiliato
1363 1793 1551 1864 spiritu
1574 1789 1795 1844 ﬂumina
1823 1788 1872 1850 B

219 1894 570 1966 producendo
618 1892 980 1962 lacrymarum
1035 1902 1132 1958 pro
1171 1884 1368 1940 timore
1411 1884 1689 1954 gehennae,
1743 1889 1799 1936 et

222 1985 498 2041 desiderio
524 1985 647 2038 vita:
680 1990 916 2037 aeternae.
952 1979 1025 2033 lbi
1056 1987 1112 2033 et
1142 1975 1448 2046 composuit
1477 1975 1644 2043 ligna,
1670 1971 1796 2041 quia

222 2085 278 2132 et
315 2084 621 2130 sanctorum
651 2073 794 2127 dicta
825 2079 880 2127 et
909 2069 1049 2123 facta
1098 2068 1164 2122 ad
1209 2065 1537 2136 exemplum,
1577 2063 1801 2118 creden-

226 2171 371 2226 tibus
418 2167 716 2224 constituit.
751 2163 1051 2233 Divisitque
1093 2176 1191 2231 per
1238 2159 1477 2214 membra
1507 2155 1717 2220 bovem,
1746 2161 1804 2209 et

226 2260 409 2330 posuit
434 2271 598 2326 super
621 2255 764 2326 ligna
794 2269 916 2308 cum
945 2266 1133 2306 omnes
1163 2258 1316 2304 actus
1351 2263 1476 2302 suos
1508 2247 1575 2300 ad
1613 2260 1800 2300 exem-

225 2351 374 2422 plum
427 2354 734 2402 sanctorum
788 2352 1001 2414 patrum
1075 2339 1259 2394 fideles
1311 2337 1546 2392 formare
1597 2335 1799 2390 docuit.

228 2441 508 2510 Jussitque
533 2452 696 2506 super
723 2435 1091 2490 holocaustum
1129 2441 1184 2488 et
1219 2447 1380 2501 super
1404 2430 1549 2500 ligna
1585 2429 1755 2484 semel
1785 2469 1800 2494 ,

230 2534 466 2593 iterum,
491 2538 655 2598 atque
685 2527 845 2583 tertio
872 2567 887 2592 ,
919 2542 1114 2596 aquam
1142 2524 1427 2579 infundere
1455 2541 1469 2576 :
1503 2523 1627 2592 quia
1657 2521 1802 2576 omni

227 2631 474 2691 tempore
517 2635 740 2675 necesse
769 2627 852 2673 est
878 2618 1037 2671 nobis
1075 2617 1260 2680 verba,
1309 2616 1576 2685 cogitatus
1598 2654 1612 2678 ,
1646 2621 1806 2682 atque

233 2730 404 2785 opera
435 2722 619 2768 nostra
645 2752 660 2777 ,
695 2711 748 2765 in
777 2725 910 2781 pura
940 2709 1184 2763 oratione
1207 2716 1367 2775 atque
1393 2705 1808 2774 compunctione

229 2809 596 2874 lacrymarum
628 2801 924 2864 mundare,
956 2807 1009 2855 et
1037 2814 1142 2853 non
1172 2798 1322 2868 prius
1358 2811 1573 2852 cessare
1597 2836 1612 2860 ,
1645 2810 1805 2865 quam

230 2893 392 2949 fossae
413 2893 760 2962 aquaeductns
789 2891 1122 2960 repleantur,
1153 2889 1206 2943 id
1232 2897 1334 2952 est,
1367 2888 1538 2942 donec
1565 2885 1806 2940 futurum

229 2984 485 3056 gaudium
520 3025 534 3048 ,
585 2983 837 3052 praesenti
891 2981 1164 3036 memoria:
1215 2979 1529 3043 succedens,
1572 2977 1811 3048 perfecte

231 3073 588 3143 compleatur.
617 3072 813 3142 Sicque
840 3072 944 3126 erit
963 3071 1116 3140 juxta
1148 3071 1203 3126 id
1231 3071 1373 3140 quod
1409 3069 1656 3139 sequitur
1683 3085 1697 3124 :

1891 530 1909 562 ς
1941 521 1995 566 et
2017 512 2148 566 dixit
2183 512 2248 564 ad
2278 527 2501 580 puerum
2535 525 2727 565 suum:
2760 509 2953 580 Aspice
2988 520 3042 564 et
3069 515 3296 569 ascende
3322 531 3452 570 con-

1893 623 1911 654 ‹
1948 613 2028 658 tra
2069 619 2234 658 mare.
2279 603 2380 671 Qui
2425 619 2544 657 cum
2591 603 2921 658 ascendisset
2964 612 3018 658 et
3061 606 3455 676 contemplatus

1893 715 1912 748 ‹
1945 705 2107 760 esset,
2137 696 2248 752 ait:
2279 697 2392 750 Non
2420 705 2495 750 est
2531 697 2841 766 quidquam.
2884 697 2953 752 Et
2990 712 3205 752 rursum
3229 698 3303 752 ait
3337 699 3450 753 illi:

1894 804 1912 836 ι
1947 784 2238 840 Revertere
2275 793 2478 855 septem
2509 785 2732 840 vicibus.
2761 786 2817 839 ln
2843 786 3069 856 septima
3095 795 3273 842 autem
3305 788 3455 858 vice,

1895 894 1914 928 ι
1946 891 2072 930 ecce
2089 876 2348 930 nubecula
2366 893 2528 948 parva
2549 878 2703 946 quasi
2721 878 3000 948 vestigium
3022 879 3253 934 hominis
3275 894 3460 954 ascen:-

1883 959 2051 1021 ‘debat
2078 967 2143 1020 de
2169 966 2328 1030 mari,
2362 987 2380 1018 ι
2411 975 2466 1020 et
2495 968 2718 1036 reliqua.
2754 967 2892 1035 Quid
2933 969 2986 1023 in
3029 970 3130 1024 hac
3165 985 3225 1024 re
3249 971 3456 1042 signifi-

1891 1066 2066 1123 catur,
2094 1058 2196 1113 nisi
2224 1061 2364 1128 quod
2396 1069 2648 1114 nascente
2669 1059 2883 1115 Christo
2906 1060 3001 1114 Dei
3031 1059 3166 1115 Filio
3187 1061 3328 1115 inter
3356 1061 3460 1132 ho-g

1891 1149 2099 1214 mines,
2141 1157 2198 1204 et
2239 1149 2648 1203 teneritudinem
2691 1151 2870 1205 carnis
2908 1159 3106 1205 nostrae
3143 1151 3458 1222 accipiente,
3531 1209 3542 1216 ,

1890 1249 2174 1310 postquam
2203 1250 2432 1296 mortem
2470 1241 2734 1310 gustavit,
2775 1251 2829 1295 et
2865 1243 3035 1297 victor
3063 1243 3130 1298 de
3166 1242 3365 1298 mundo
3394 1243 3470 1322 ad

1893 1332 2059 1387 coelos
2096 1333 2365 1395 ascendit,
2408 1332 2634 1386 imbrem
2663 1333 2847 1404 gratia:
2870 1333 3060 1387 divina:
3091 1347 3186 1404 per
3211 1333 3462 1404 septifor-

1895 1439 2036 1478 mem
2061 1424 2322 1494 Spiritum
2349 1425 2414 1478 de
2443 1425 2688 1494 supernis
2723 1426 2787 1480 ad
2812 1435 2984 1480 terras
3025 1425 3192 1492 misit,
3235 1425 3328 1496 qui
3367 1440 3468 1500 nos

1896 1528 1926 1567 a
1967 1524 2188 1583 peccato
2226 1515 2544 1582 mundaret,
2595 1524 2650 1570 et
2693 1515 2961 1586 spiritales
3007 1514 3213 1572 fructus
3247 1517 3466 1589 gignere

1895 1602 2116 1658 faceret.
2743 1603 2746 1608 ’

2478 1733 2703 1792 CAPUT
2739 1735 2880 1791 XIX.

1979 1883 1999 1916 ‹
2035 1863 2240 1918 Timuit
2270 1865 2414 1920 Elias
2445 1875 2500 1922 et
2543 1883 2772 1938 surgens
2813 1868 2945 1924 abiit
2985 1884 3308 1941 quocunque
3345 1884 3469 1927 eum

1907 1974 1926 2006 ς
1961 1953 2168 2010 ferebat
2198 1956 2464 2013 voluntas.
2513 1957 2779 2029 Venilque
2809 1960 2864 2013 in
2908 1959 3175 2017 Bersabee
3208 1959 3387 2027 Iudae,
3417 1967 3474 2016 et

1904 2065 1926 2099 ι
1962 2047 2166 2102 dimisit
2196 2049 2267 2128 ibi
2299 2065 2522 2119 puerum
2552 2067 2732 2118 suum,
2755 2061 2809 2106 et
2833 2052 3076 2121 perrexit
3107 2054 3161 2106 in
3197 2055 3469 2109 desertum

1908 2156 1927 2190 ι
1959 2139 2101 2192 viam
2127 2139 2288 2194 unius
2316 2141 2442 2194 diei.
2465 2141 2706 2212 Cumque
2728 2143 2964 2198 venisset
2987 2153 3041 2198 et
3061 2145 3268 2201 sederet
3290 2149 3474 2206 subter

1907 2247 1928 2280 ‹
1960 2245 2119 2283 unam
2137 2229 2465 2300 juniperum,
2500 2234 2686 2301 petivit
2707 2234 2898 2290 anima:
2926 2250 3036 2291 sua:
3060 2244 3120 2290 ut
3147 2249 3473 2310 moreretur,

1909 2341 1927 2374 ι
1963 2331 2018 2378 et
2063 2324 2140 2378 ait
2181 2340 2194 2377 :
2242 2323 2449 2380 Suflicit
2512 2327 2684 2391 mihi,
2730 2327 2996 2394 Domine,
3048 2329 3175 2385 tolle
3238 2333 3474 2389 animam

1909 2435 1928 2469 ι
1964 2432 2163 2481 meam,
2189 2433 2363 2488 neque
2391 2420 2534 2474 enim
2564 2421 2752 2476 melior
2789 2417 2907 2477 sum
2939 2438 3101 2492 quam
3136 2433 3318 2495 patres
3345 2415 3490 2485 mei.

1909 2529 1928 2562 ι
1964 2510 2299 2581 Projecitque
2323 2528 2404 2577 se,
2423 2522 2476 2568 et
2493 2512 2819 2569 obdormivit
2840 2517 2939 2570 sub
2962 2518 3150 2572 umbra
3165 2517 3422 2590 juniperi,
3451 2539 3472 2574 ι

1905 2611 1960 2656 et
1979 2601 2205 2672 reliqua.
2255 2601 2439 2658 Sancti
2479 2605 2582 2658 viri
2633 2607 2747 2676 qui,
2789 2607 3101 2664 sublevante
3131 2609 3363 2680 Spiritu,
3410 2616 3478 2671 ad

1907 2708 2115 2749 summa
2146 2695 2446 2763 rapiuntur,
2475 2698 2710 2765 quandiu
2743 2698 2796 2752 in
2823 2700 2926 2754 hac
2954 2701 3062 2756 vita
3093 2697 3349 2768 sunt,’ne
3383 2706 3481 2762 ali-

1906 2799 2011 2854 qua
2054 2784 2286 2840 elatione
2332 2788 2679 2857 superbiant,
2726 2790 3046 2859 quibusdam
3093 2796 3482 2855 tentationibus

1909 2875 2315 2945 reprimuntur,
2361 2886 2422 2931 ut
2452 2893 2790 2948 nequaquam
2838 2889 3046 2938 tantum
3085 2885 3346 2954 proﬁcere
3383 2904 3479 2944 va-

1908 2965 2073 3030 leant,
2107 2975 2371 3036 quantum
2400 2967 2606 3022 volunt.
2643 2968 2749 3025 Sed
2771 2985 2838 3024 ne
2859 2972 3186 3029 extollantur
3211 2955 3496 3047 superbia,-

1911 3056 2126 3110 etiamsi
2179 3057 2250 3110 sit
2279 3058 2332 3110 in
2360 3057 2440 3112 eis
2479 3057 2713 3128 ipsarum
2755 3063 2999 3132 quaedam
3037 3079 3287 3122 mensura
3317 3070 3488 3125 virtu-

309 3184 328 3216 .
358 3141 508 3236 ignis
539 3165 606 3219 de
645 3163 784 3219 εωιο
824 3163 1022 3218 cadens
1074 3162 1141 3217 ad
1195 3161 1592 3216 invocationem
1644 3159 1804 3226 Elige,
1837 3141 1884 3205 C
1916 3154 2048 3200 tum.
2081 3146 2217 3200 Hinc
2245 3157 2329 3201 est
2356 3148 2500 3201 enim
2533 3151 2674 3218 quod
2694 3151 2838 3207 Elias
2863 3153 2988 3209 dum
3017 3162 3095 3210 tot
3123 3157 3412 3216 virtutibus
3433 3161 3489 3217 in

239 3278 260 3312 ι
304 3259 516 3314 voravit
563 3258 960 3322 holocaustum,
1007 3255 1151 3325 ligna
1193 3263 1248 3310 et
1275 3254 1503 3322 lapides,
1532 3253 1812 3322 pulverem

237 3370 257 3404 ι
305 3364 520 3421 quoque
553 3358 607 3405 et
649 3365 844 3418 aquam
891 3363 1010 3418 qua:
1054 3355 1173 3401 erat
1216 3345 1271 3400 in
1313 3344 1631 3415 aquaaductu
1675 3343 1814 3398 lam-

237 3461 257 3494 ι
301 3443 461 3496 hens.
494 3439 642 3507 Quod
680 3454 802 3494 cum
830 3438 1057 3493 vidisset
1095 3437 1271 3491 omnis
1315 3435 1544 3506 populus
1567 3475 1582 3501 ,
1619 3434 1818 3489 cecidit

240 3550 260 3584 ‹
307 3531 364 3586 in
411 3529 603 3585 faciem
636 3524 785 3585 Suam
811 3537 867 3584 et
908 3529 985 3582 ait
1025 3545 1038 3582 :
1069 3527 1326 3582 Dominus
1365 3525 1478 3594 ipse
1508 3533 1590 3580 est
1631 3525 1773 3579 Deus
1796 3563 1813 3590 ,

241 3639 262 3673 ι
309 3620 574 3675 Dominus
607 3619 724 3689 ipse
764 3628 847 3672 est
875 3617 1036 3672 Deus.
1077 3635 1096 3668 ι
1139 3615 1365 3683 Quando
1397 3613 1689 3668 discrimen
1722 3630 1813 3669 su-

237 3713 392 3784 perni
415 3710 614 3780 judicis
645 3709 787 3764 dicta
817 3717 872 3764 et
898 3708 1059 3771 facta,
1100 3721 1164 3762 ac
1189 3714 1358 3761 totam
1379 3704 1546 3759 vitam
1573 3714 1816 3759 nostram

237 3801 478 3872 perfecte
503 3799 846 3863 examinans,
883 3796 1193 3868 probandos
1219 3810 1320 3850 nos
1352 3794 1492 3850 sicut
1532 3795 1653 3865 igne
1692 3808 1818 3862 pro-

236 3894 402 3950 batur
425 3899 730 3963 argentum,
754 3888 1088 3944 immortales
1115 3902 1179 3942 ac
1198 3889 1386 3943 beatos
1417 3886 1586 3940 factos
1609 3885 1664 3939 in
1691 3885 1820 3939 sede

240 3984 528 4040 collocabit
557 3990 818 4053 perpetua
856 3999 869 4034 :
900 3988 960 4035 ut
987 3980 1053 4034 ad
1084 3981 1258 4034 instar
1279 3979 1518 4033 virorum
1541 3977 1818 4032 Israelita1

237 4089 364 4130 rum
401 4073 460 4128 in
504 4083 763 4127 aeternum
807 4069 1127 4142 gratulando
1170 4083 1467 4124 canamus:
1507 4085 1526 4119 α
1558 4068 1818 4124 Dominus

239 4161 357 4231 ipse
395 4169 478 4217 est
519 4161 692 4227 Deus,
747 4161 862 4230 ipse
892 4159 1021 4215 fecit
1060 4173 1159 4214 nos
1199 4167 1255 4214 et
1291 4173 1398 4212 non
1427 4157 1528 4228 ipsi
1560 4173 1678 4212 nos.
1705 4157 1817 4212 Nos

241 4262 428 4309 autem
471 4253 696 4326 populus
741 4253 857 4325 ejus
910 4261 966 4308 et
1023 4267 1152 4308 oves
1209 4265 1420 4321 pascuae
1467 4249 1584 4319 ejus
1631 4249 1813 4322 (Psal.

241 4345 418 4416 xcxx).
453 4365 472 4397 ι
500 4345 752 4401 Mundato
785 4346 967 4414 itaque
1009 4343 1168 4397 altari
1205 4342 1438 4407 Domini,
1473 4350 1528 4397 et
1559 4357 1816 4397 consum-

240 4439 356 4508 ptis
386 4438 714 4495 bolocaustis
741 4478 757 4506 ,
793 4437 944 4494 dixit
985 4436 1132 4492 Elias
1179 4437 1442 4507 propheta
1479 4435 1574 4490 Dei
1619 4437 1688 4492 ad
1719 4441 1822 4506 ροςΔ

241 4528 454 4600 pulum.

322 4636 341 4668 ι
367 4617 766 4688 Apprehendite
787 4634 974 4675 omnes
999 4619 1293 4690 prophetas
1319 4616 1470 4683 Baal,
1497 4625 1551 4674 et
1574 4632 1643 4673 ne
1676 4631 1820 4674 unus

249 4726 272 4762 ι
308 4708 526 4778 quidem
553 4707 723 4780 fugiat
748 4725 814 4764 ex
849 4711 948 4766 eis.
987 4729 1007 4762 ι
1040 4709 1186 4776 Quos
1223 4725 1345 4764 cum
1381 4709 1821 4780 comprehendis-

164 4823 170 4828 ·
243 4808 391 4864 sent,
420 4799 569 4854 duxit
588 4814 682 4855 eos
710 4799 856 4856 Elias
881 4801 952 4856 ad
978 4809 1270 4856 torrentem
1292 4800 1483 4868 Cison,
1527 4801 1616 4870 qui
1654 4800 1822 4855 inter-

241 4898 495 4960 pretatur
521 4890 716 4945 duritia
740 4907 940 4956 eorum,
971 4899 1026 4946 et
1052 4889 1321 4946 interfecit
1341 4907 1436 4946 eos
1465 4892 1557 4946 ibi.
1583 4891 1673 4947 Sic
1691 4905 1824 4960 quo-

245 4993 358 5048 que
387 4978 714 5049 Redemptor
737 4988 941 5046 noster,
959 4981 1276 5036 adveniente
1299 4981 1386 5036 die
1411 4982 1620 5052 judicii,
1651 4983 1830 5036 mittet

246 5069 474 5140 angelos
503 5085 630 5126 suos
666 5078 720 5125 et
749 5071 1002 5140 colligent
1040 5071 1218 5125 omnia
1264 5071 1516 5125 scandala
1561 5072 1627 5126 de
1664 5087 1832 5142 regno

247 5160 405 5231 ejus,
436 5167 492 5214 et
519 5175 613 5216 eos
651 5163 742 5230 qui
788 5170 1082 5231 operantur
1109 5162 1479 5232 iniquitatem,
1525 5170 1580 5218 et
1620 5164 1834 5219 mittent

250 5266 350 5307 eos
379 5252 434 5305 in
477 5259 721 5322 stagnum
755 5252 892 5320 ignis
921 5261 977 5308 et
1009 5251 1308 5321 sulphuris,
1342 5253 1432 5308 ubi
1471 5262 1553 5308 est
1577 5255 1745 5308 bestia
1779 5261 1836 5309 et

251 5343 762 5416 pseudoprophctae,
800 5347 888 5401 ubi
924 5356 980 5401 et
1009 5347 1207 5402 missus
1235 5354 1319 5402 est
1347 5347 1591 5402 diabolus
1619 5348 1711 5416 qui
1741 5349 1835 5403 de-

253 5435 491 5490 ducebat
520 5450 635 5500 eos,
665 5445 721 5491 et
744 5437 1130 5493 cruciabuntur
1159 5439 1233 5494 ibi
1258 5439 1554 5494 secundum
1585 5439 1840 5494 duritiam

254 5535 314 5582 et
361 5527 708 5597 impasnitens
733 5543 828 5584 cor
859 5543 1078 5596 eorum,
1121 5530 1208 5586 die
1245 5545 1309 5585 ac
1338 5539 1498 5586 nocte
1544 5531 1598 5586 in
1649 5531 1841 5586 saecula

261 5614 605 5671 saeculorum.

341 5726 361 5763 ι
393 5706 524 5765 Post
547 5709 663 5766 haec
700 5709 844 5766 Elias
871 5711 1113 5768 ascendit
1140 5711 1195 5768 in
1233 5712 1490 5768 verticem
1530 5713 1760 5769 Carmeli
1788 5723 1844 5770 et

1918 3236 2025 3292 alta
2071 3237 2422 3307 profecisset,
2472 3241 2702 3308 quadam
2747 3257 3002 3299 mensura
3046 3261 3339 3317 suspensus
3383 3261 3486 3320 est,

1917 3330 2042 3385 dum
2071 3329 2286 3386 Iezabel
2315 3333 2676 3400 postmodum,
2711 3339 2955 3406 quamvis
2991 3341 3265 3424 reginam,
3311 3355 3493 3404 tamen

1917 3421 2287 3477 mulierculam
2318 3420 2472 3493 fugit.
2507 3422 2786 3494 Perpendo
2815 3419 3195 3500 quippe'hunc
3230 3435 3382 3491 mirae
3414 3419 3502 3492 vi-i

1919 3529 2037 3568 rum
2085 3515 2304 3569 virtutis
2351 3515 2527 3585 ignem
2570 3515 2638 3571 de
2681 3517 2819 3573 cmlo
2861 3521 3113 3588 trahere,
3157 3532 3214 3580 et
3257 3528 3495 3584 secundo

1918 3605 2412 3676 quinquagenarias
2439 3607 2617 3673 viros,
2667 3624 2790 3664 cum
2823 3612 2934 3666 suis
2965 3614 3214 3670 omnibus
3237 3605 3502 3686 petitione.

1920 3695 2098 3750 subita
2129 3711 2497 3762 concremare,
2530 3699 2696 3753 verbo
2731 3701 2896 3756 caelos
2925 3718 2954 3757 a
2993 3703 3185 3775 pluviis
3219 3707 3495 3776 claudere,

1919 3786 2085 3842 verbo
2111 3786 2277 3868 caelos
2319 3788 2517 3864 pluviis
2546 3792 2790 3861 aperire,
2823 3796 3174 3854 suscitantem
3217 3809 3496 3869 mortuos,

1920 3887 2145 3933 ventura
2169 3894 2398 3948 quzeque
2421 3881 2824 3949 praevidentem,
2865 3895 2924 3940 et
2951 3901 3076 3942 ecce
3104 3904 3292 3946 rursus
3319 3883 3504 3949 animo.

1924 3968 2185 4034 occurrit,
2217 3983 2325 4038 quo
2353 3984 2553 4039 pavore
2581 3981 2707 4028 ante
2745 3989 2907 4028 unam
2935 3977 3306 4034 mulierculam
3342 3980 3499 4054 fugit.

1926 4063 2224 4122 Considera
2269 4067 2444 4122 virum
2493 4070 2687 4125 timore
2731 4071 3036 4142 perculsum
3083 4075 3151 4130 de
3194 4093 3356 4132 manu
3409 4079 3506 4134 Dei

1931 4165 2159 4211 mortem
2185 4166 2370 4228 petere
2398 4174 2498 4214 nec
2519 4161 2785 4231 accipere,
2815 4163 2880 4217 de
2907 4179 3066 4218 manu
3098 4166 3338 4222 mulieris
3363 4184 3514 4230 mors

1921 4253 2027 4302 tem
2067 4247 2318 4319 fugiendo
2343 4250 2534 4306 vitare.
2563 4252 2846 4320 Qumrebat
2871 4255 3016 4310 enim
3043 4267 3270 4314 mortem
3298 4241 3516 4332 fugere;

1920 4337 2106 4393 dicens
2135 4356 2147 4392 :
2195 4358 2212 4390 ι
2249 4338 2456 4395 Suflicit
2483 4342 2636 4408 mihi,
2669 4343 2792 4400 tolle
2815 4346 3049 4400 animam
3093 4363 3291 4416 meam,
3323 4322 3508 4422 neque,

1921 4433 2065 4487 enim
2113 4434 2304 4489 melior
2335 4450 2451 4490 sum
2495 4450 2656 4504 quam
2690 4444 2875 4506 patres
2917 4437 3054 4504 mei,
3084 4446 3139 4494 et
3176 4417 3520 4498 obdormivit,

1847 4511 1900 4571 D
1925 4525 2025 4579 sub
2054 4526 2242 4580 umbra
2261 4522 2516 4596 juniperi.
2558 4544 2576 4577 ι
2609 4525 2761 4582 Unde
2795 4542 2925 4598 ergo
2959 4528 3039 4583 sic
3077 4539 3302 4599 potens,
3329 4539 3391 4586 ut
3421 4541 3503 4588 tot

1926 4616 2044 4672 illas
2071 4618 2298 4672 virtutes
2338 4618 2545 4674 faciat?
2575 4619 2726 4676 Unde
2751 4619 2832 4676 sic
2858 4621 3127 4688 infirmus,
3158 4633 3218 4678 ut
3247 4625 3322 4679 ita
3346 4605 3516 4681 fcmi-j

1932 4723 2057 4762 nam
2102 4708 2494 4778 pertimescat?
2523 4709 2625 4765 nisi
2667 4710 2795 4778 quia
2827 4711 3252 4782 dispensationes
3288 4715 3510 4785 superni

1929 4808 2112 4866 nutus,
2145 4815 2401 4855 mensura
2442 4800 2638 4855 occulti
2682 4801 2984 4858 libraminis
3023 4806 3421 4876 appenduntur,
3454 4812 3514 4858 ut

1937 4891 2038 4961 ipsi
2070 4892 2242 4948 sancti
2270 4893 2516 4948 homines
2535 4901 2589 4948 et
2617 4893 2840 4950 multum
2869 4896 3082 4951 valeant
3100 4912 3198 4966 per
3217 4897 3512 4967 potentiam

1936 4980 2068 5045 Dei,
2097 4989 2152 5036 et
2181 4996 2393 5036 rursum
2423 4983 2655 5051 quadam
2697 4999 2949 5040 mensura
2980 4985 3243 5041 moderati
3273 4984 3380 5040 sint
3416 5001 3516 5056 per

1935 5073 2308 5128 infirmitatem
2337 5091 2510 5129 suam.
2553 5074 2612 5129 In
2643 5075 2747 5132 illis
2770 5077 3060 5132 virtutibus
3084 5077 3229 5131 Elias
3263 5077 3406 5146 quod
3447 5067 3524 5133 dei

1935 5169 2048 5223 Deo
2083 5178 2383 5238 acceperat,
2416 5169 2470 5223 in
2501 5168 2619 5224 istis
2640 5169 3059 5235 infirmitatibus,
3091 5167 3219 5239 quid
3245 5168 3312 5224 de
3337 5184 3394 5225 se
3417 5185 3514 5240 po-

1937 5267 2100 5323 terat,
2137 5260 2480 5330 agnoscebat.
2504 5259 2595 5313 llla
2624 5260 2866 5330 potentia
2891 5259 3061 5312 virtus
3082 5257 3206 5323 fuit,
3235 5257 3336 5313 ista
3363 5258 3518 5313 inﬁr-

1943 5350 2106 5404 mitas
2147 5358 2327 5405 custos
2366 5351 2600 5405 virtutis.
2634 5351 2692 5405 ln
2733 5351 2837 5405 illis
2870 5348 3158 5404 virtutibus
3200 5351 3518 5407 ostendebat

1944 5439 2088 5509 quod
2111 5448 2410 5510 acceperat,
2447 5443 2500 5495 in
2529 5441 2647 5496 istis
2677 5439 3082 5495 infirmitatibus
3110 5440 3212 5495 hoc
3249 5443 3391 5510 quod
3427 5433 3532 5498 ac?

1946 5541 2203 5601 ceperat,
2258 5534 2613 5588 custodiebat.
2679 5533 2734 5586 ln
2795 5529 3066 5586 miraculis
3119 5533 3520 5589 monstrabatur

1841 5661 1846 5666 ρ
1947 5623 2113 5687 Elias,
2147 5625 2198 5677 in
2235 5624 2638 5678 infirmitatibus
2663 5620 2997 5678 servabatur.

2025 5732 2042 5764 ‹
2073 5713 2138 5768 Et
2157 5729 2282 5770 ecce
2313 5714 2533 5784 angelus
2560 5713 2732 5783 tetigit
2755 5727 2904 5778 eum,
2931 5719 2986 5769 ct
3013 5711 3150 5768 dixit
3175 5712 3282 5770 illi:
3317 5715 3540 5794 Surge,_
