4044 6336
230 317 368 390 885

1160 315 1419 384 ENARR.
1463 325 1529 383 IN
1566 319 1815 383 LIBROS
1854 322 2122 380 REGUM.
2166 357 2234 368 —
2269 327 2338 384 ΙΝ
2377 327 2512 386 LIB".
2545 331 2615 388 111

3435 338 3548 400 εὸϐ

233 440 565 521 ςηοέοθτθῑ,
601 441 850 500 elationis
890 439 1119 514 gloriam
1147 457 1267 512 quae
1298 443 1344 498 ei
1372 443 1439 498 de
1469 442 1846 513 singularitate
1874 447 1924 506 Α
1951 440 2374 511 cvangelizando
2403 446 2706 510 convertit,
2753 445 2894 502 unde
2920 443 3542 522 sufﬁcientem’pastum

234 541 537 610 surgebat,
570 537 876 592 inclinaret.
909 535 1183 606 Propheta
1230 550 1425 606 nempe
1460 546 1600 602 erat,
1625 545 1678 590 ct
1706 551 1851 606 saepe

233 631 518 706 mysteria
568 645 801 700 superna
857 638 1232 700 cognoverat:
1283 629 1411 698 quid
1451 644 1580 700 ergo
1632 629 1854 684 dillicile

234 725 359 780 fuit
389 735 688 794 agnoscere
727 721 780 774 in
819 720 923 774 hoc
950 718 1152 773 mundo
1178 717 1410 773 ﬁdeliter
1457 719 1567 774 Deo
1615 718 1852 774 famulos

234 813 634 874 remansisse?
659 810 752 867 sed
781 810 870 864 hic
893 809 1124 864 solerter
1153 809 1472 863 intuendum
1499 818 1602 873 est,
1633 808 1852 862 oculum

237 906 440 965 cordis
485 903 650 959 elatio
678 917 843 972 quam
897 901 1149 971 nequiter
1190 901 1451 965 claudat,
1509 902 1726 970 quando
1754 901 1852 971 qui

234 995 479 1055 humilis
521 1005 576 1052 et
612 995 822 1051 occulta
871 993 964 1048 Dei
994 1002 1234 1058 noverat,
1259 992 1431 1049 elatus
1451 1002 1505 1046 et
1535 1001 1720 1064 aperta
1750 997 1850 1047 neu"

235 1091 481 1147 sciebat.
536 1107 555 1140 ι
584 1087 649 1143 Et
672 1088 748 1142 ait
771 1087 1032 1141 Dominus
1060 1085 1126 1140 ad
1155 1085 1327 1140 Eliam
1355 1102 1367 1137 :
1404 1083 1552 1141 Vade
1586 1093 1642 1140 et
1662 1099 1853 1140 rever-

239 1192 370 1236 tere
402 1181 456 1235 in
484 1179 625 1233 viam
666 1187 813 1232 tuam
867 1191 964 1247 per
986 1177 1263 1231 desertum
1295 1175 1568 1230 Damasci.
1597 1174 1848 1246 Cumque

236 1272 597 1346 perveneris,
644 1285 814 1340 ungcs
856 1267 1058 1324 Hazael
1115 1285 1297 1340 regem
1349 1283 1512 1341 super
1543 1269 1768 1342 Syriam?
1793 1279 1850 1324 et

236 1363 392 1419 Jehu
426 1362 616 1417 ﬁlium.
643 1360 777 1415 Nam
822 1361 867 1415 si
891 1373 1062 1430 ungcs
1093 1373 1272 1430 regem
1319 1360 1704 1430 super‘lsrael,
1739 1360 1848 1415 Eli-'-

239 1466 420 1508 szeum
451 1463 652 1518 autem,
681 1450 848 1504 ﬁlium
883 1449 1112 1521 Saphat,
1147 1451 1242 1520 qui
1264 1458 1348 1505 est
1374 1449 1438 1504 de
1467 1449 1844 1516 Abelmehula,

237 1559 426 1616 unges
462 1543 782 1615 prophetam
811 1556 908 1612 pro
945 1551 1016 1595 te.
1061 1541 1128 1596 Et
1163 1542 1286 1607 erit,
1314 1541 1623 1612 quicunque
1649 1541 1847 1613 fugerit

240 1639 490 1710 gladium
519 1635 736 1701 Hazael,
759 1634 974 1689 occidet
1000 1648 1124 1688 cum
1148 1632 1282 1687 Jehu
1314 1641 1408 1688 :ct
1426 1635 1734 1702 quicunque
1764 1633 1846 1686 fua

239 1731 389 1804 gerit
404 1729 640 1801 gladium
657 1727 792 1783 Jehu
810 1726 1100 1782 interﬁciet
1113 1741 1236 1782 eum
1253 1726 1497 1791 Elis-.eus,
1512 1746 1530 1777 ι
1548 1735 1602 1780 et
1618 1726 1842 1796 reliqua.
1871 1725 1874 1728 ’

1953 535 2290 592 auditoribus
2305 538 2417 592 suis
2441 540 2680 607 pneberc
2694 539 2880 610 possit.
2905 539 3023 609 Ipse
3041 555 3169 595 vero
3182 544 3430 613 sequitur
3445 561 3546 604 nco

1951 633 2125 679 strum
2142 625 2312 681 Eliam
2338 636 2392 681 et
2410 628 2763 691 ministratei,
2784 631 2874 699 qui
2894 631 3118 702 vestigia
3143 631 3264 700 ejus
3277 649 3542 706 sequens,

1952 717 2054 772 hoc
2079 729 2182 785 est,
2223 721 2478 775 mandata
2510 721 2654 776 illius
2684 721 2914 778 ﬁdeliter
2932 725 3256 791 observans,
3285 727 3540 786 ministc-t

1952 811 2092 866 rium
2123 811 2171 867 ei
2204 814 2469 868 honorum
2492 828 2716 883 operum
2738 816 3006 888 condigne
3033 817 3296 874 exhibere
3321 820 3540 892 satagit.

2549 943 2777 1002 CAPUT
2815 944 2931 1002 XX.

2025 1090 2044 1124 ι
2095 1071 2266 1128 Porro
2309 1073 2564 1130 Benadab
2595 1091 2692 1148 rex
2738 1076 2912 1149 Syrite
2945 1083 3294 1154 congregavit
3313 1095 3538 1146 omncm‘

1954 1183 1974 1217 ι
2007 1165 2308 1220 exercitum
2332 1182 2488 1222 suum
2515 1175 2569 1223 et
2609 1167 2827 1241 triginta
2851 1179 2904 1227 ct
2927 1173 3066 1228 duos
3091 1189 3244 1244 reges
3265 1189 3450 1234 secum
3479 1189 3540 1236 ct

1955 1275 1972 1310 ‹
2009 1273 2178 1328 equos
2203 1269 2257 1313 ct
2279 1275 2498 1325 currus,
2524 1270 2581 1316 et
2602 1262 2904 1319 ascendens
2929 1267 3202 1336 pugnabat
3223 1281 3408 1330 contra
3440 1271 3539 1331 Sa-e

1954 1365 1972 1412 ᾳ
2006 1350 2234 1404 mariam
2270 1359 2328 1405 et
2355 1351 2639 1408 obsidebat
2683 1368 2830 1420 eam,
2863 1374 2886 1408 ι
2917 1365 2972 1412 et
3004 1357 3228 1429 reliqua.
3255 1362 3408 1428 Quod
3433 1363 3532 1419 Bc-

1951 1440 2130 1505 nadab
2161 1457 2257 1496 rex
2286 1441 2482 1513 Syriae,
2530 1443 2787 1501 obsidens
2815 1455 2871 1500 et
2920 1447 3239 1520 impugnare
3268 1451 3536 1523 incipiens

1949 1530 2272 1597 Samariam,
2297 1535 2372 1587 ait
2401 1553 2412 1587 :
3529 1589 3531 1594 ,

2025 1644 2042 1674 ι
2081 1624 2209 1680 Ηωο
2238 1625 2441 1682 faciant
2467 1629 2599 1684 mihi
2627 1628 2720 1694 dii,
2748 1639 2806 1684 et
2830 1631 2946 1686 haec
2967 1632 3169 1688 addant
3190 1634 3236 1689 si
3263 1633 3538 1692 suﬁeccrit

1953 1731 1972 1765 ς
2009 1715 2184 1786 pulvis
2212 1715 2474 1771 Samaria:
2497 1717 2715 1787 pugillis
2739 1719 2924 1774 omnis
2946 1721 3130 1790 populi
3153 1722 3248 1790 qui
3289 1725 3535 1794 sequium

239 1823 363 1879 Hoc
413 1836 519 1876 ηοη
551 1821 624 1874 ξω
653 1819 1031 1890 accipiendum
1073 1828 1176 1883 est,
1233 1818 1376 1888 quod
1430 1817 1693 1887 propheta
1745 1818 1840 1874 Del
1955 1828 1972 1861 ι
2008 1824 2115 1864 me.
2157 1830 2174 1861 ι
2207 1809 2366 1866 Hunc
2395 1811 2560 1867 habet
2603 1825 2822 1866 sensum
2857 1829 2869 1867 :
2905 1809 3154 1870 Samaria
3182 1830 3402 1872 necessc
3425 1828 3537 1886 εει,

238 1917 478 1974 Ειίδωιιε
503 1915 775 1972 homicida
805 1914 1018 1967 futurus
1043 1911 1114 1966 sit
1145 1919 1199 1965 et
1225 1917 1508 1982 tyrannus,
1541 1909 1636 1964 sed
1665 1910 1839 1978 magis

241 2009 570 2080 spiritaliter
605 2004 1032 2076 intelligendum,
1080 2002 1205 2072 quia
1237 2001 1445 2072 justitia
1488 2001 1670 2054 divina
1719 2013 1840 2069 quae

241 2100 477 2172 singulis
509 2097 684 2153 reddit
733 2095 1036 2151 secundum
1064 2107 1235 2162 opera
1275 2105 1396 2156 sua,
1433 2092 1592 2161 punit
1615 2105 1838 2161 peccata

237 2191 551 2254 hominum,
602 2187 890 2258 aliquando
939 2183 1229 2240 manifesta
1274 2184 1500 2248 ultione,
1550 2184 1838 2255 aliquando

239 2283 462 2338 occulto
511 2281 735 2351 judicio.
771 2278 1025 2332 Vindicat
1054 2289 1152 2346 per
1181 2289 1336 2347 reges
1369 2286 1422 2331 et
1445 2277 1629 2340 duces,
1654 2276 1835 2332 vindi-

240 2382 334 2430 cat
361 2389 460 2444 per
488 2373 782 2442 prophetas
822 2377 877 2425 et
920 2369 1228 2424 sacerdotes
1259 2383 1384 2422 cum
1415 2367 1550 2424 alios
1577 2378 1838 2425 nocentes

239 2462 380 2518 facit
421 2463 583 2532 plecti
627 2475 908 2526 mucrone,
938 2459 1074 2514 alios
1101 2461 1502 2515 transverberat
1525 2459 1704 2532 gladio
1730 2461 1835 2516 lin-

238 2569 386 2626 guae.
435 2552 590 2610 Unde
638 2551 806 2606 David
846 2559 901 2606 ct
931 2549 1210 2616 Salomon,
1238 2560 1294 2604 et
1318 2551 1500 2606 caeteri
1534 2566 1690 2621 reges
1717 2559 1836 2622 pce;

237 2660 374 2700 nam
405 2645 530 2701 aeris
550 2646 857 2716 exigebant,
891 2659 1014 2699 cum
1039 2655 1133 2699 eos
1159 2644 1419 2699 trucidari
1445 2643 1728 2714 jubebant.
1765 2646 1836 2700 Et

239 2739 379 2793 item
403 2737 527 2791 alibi
551 2737 810 2807 scriptum
841 2736 1012 2790 estde
1036 2735 1390 2804 superborum
1421 2744 1478 2789 et
1513 2736 1836 2791 inohedicn.

235 2829 381 2884 tium
433 2842 594 2898 poena
628 2845 642 2880 :
677 2845 696 2879 ς
732 2826 918 2882 Dolavi
959 2841 1054 2881 eos
1102 2825 1319 2896 (inquit)
1361 2827 1414 2880 in
1456 2828 1735 2895 prophetis
1779 2836 1834 2883 et

242 2921 426 2977 occidi
455 2935 548 2975 eos
571 2920 625 2973 in
657 2919 837 2974 verbis
860 2918 972 2973 oris
999 2917 1106 2972 mei
1143 2915 1290 2988 (Osc.
1322 2918 1420 2989 vr).

322 3030 340 3061 ι
388 3010 671 3067 Profectus
714 3023 846 3080 ergo
878 3009 1003 3064 inde
1037 3008 1205 3074 Elias,
1235 3010 1436 3079 reperit
1460 3007 1734 3075 Elismum,
1767 3009 1832 3064 li.

249 3123 274 3155 «η
311 3103 440 3158 lium
465 3103 695 3174 Saphat,
720 3110 966 3156 arentem
993 3101 1048 3154 in
1091 3101 1374 3156 duodecim
1397 3099 1543 3172 jugis
1562 3099 1747 3165 boum,
1775 3108 1831 3154 et

237 3216 268 3247 vc
303 3196 421 3266 ipse
448 3195 502 3249 in
523 3194 807 3250 duodecim
829 3194 1114 3248 arantibus
1135 3208 1276 3248 unus
1305 3201 1444 3248 erat.
1470 3191 1714 3262 Cumque
1741 3207 1825 3247 ve-
1857 3183 1906 3255 C

235 3307 267 3339 4
297 3288 472 3342 uisset
511 3287 654 3341 Elias
692 3286 760 3340 ad
790 3299 938 3351 eum,
971 3285 1133 3340 misit
1170 3284 1390 3355 pallium
1441 3299 1621 3349 suum,
1662 3303 1680 3334 ι
1721 3293 1829 3340 etc.

240 3378 416 3449 igitur
435 3375 704 3448 profectus
723 3375 870 3432 Elias
896 3377 1098 3446 reperit
1118 3376 1392 3440 Elisaeum,
1409 3375 1578 3430 ﬁlium
1603 3374 1830 3446 Saphat,

237 3477 491 3524 arantem
521 3467 574 3524 in
609 3469 892 3524 duodecim
933 3467 1080 3540 jugis
1120 3470 1305 3534 boum,
1334 3481 1460 3524 cum
1497 3468 1830 3538 Redemptor

247 3572 432 3619 noster
451 3563 788 3619 descendens
817 3564 884 3618 de
910 3562 1070 3628 caelo,
1104 3561 1285 3616 divino
1303 3561 1514 3631 judicio
1534 3563 1831 3632 acquisivit

233 3657 496 3730 populum
518 3657 695 3713 adhuc
723 3658 957 3712 terrenis
981 3657 1237 3728 operibus
1278 3658 1603 3723 inhiantem,
1635 3659 1690 3712 in
1720 3667 1828 3728 quo

248 3751 468 3805 salutem
521 3751 672 3817 fecit,
711 3765 832 3805 cum
861 3767 986 3806 eum
1039 3751 1105 3806 ad
1156 3750 1318 3805 ﬁdem
1361 3751 1649 3806 convertit.
1683 3749 1826 3806 Elias

247 3845 386 3899 enim
415 3845 804 3916 interpretatur
827 3846 909 3918 (ut
931 3845 1045 3914 jam
1073 3846 1330 3918 diximus)
1360 3846 1619 3902 Dominus
1645 3847 1825 3902 Dens:

243 3935 468 4006 Saphat,
519 3935 841 3992 iudicantis:
871 3945 925 3994 et
961 3937 1186 3993 Elisaeus
1223 3937 1322 3992 Dei
1358 3939 1461 3992 mei
1500 3938 1670 3994 salus.
1703 3938 1826 3993 Jam

245 4026 564 4082 mirabiliter
578 4041 742 4097 super
763 4041 924 4098 quem
947 4028 1208 4098 propheta
1232 4027 1451 4098 pallium
1475 4043 1631 4082 suum
1654 4029 1821 4096 misit,

237 4133 362 4172 cum
393 4119 542 4172 illum
583 4119 844 4175 Dominus
893 4120 1000 4175 ﬁde
1036 4119 1301 4176 catholica
1332 4120 1526 4175 induit.
1555 4139 1575 4172 ‹
1603 4119 1823 4188 Omnes,

233 4210 318 4262 ait
333 4209 646 4278 Apostolus,
671 4212 761 4281 qui
791 4212 844 4265 in
865 4209 1088 4266 Christo
1108 4211 1366 4280 baptizati
1391 4211 1526 4268 estis
1545 4211 1825 4268 Christum

229 4301 496 4356 ‘tnduistis
522 4299 666 4372 (Gal.
693 4301 802 4373 nt).
835 4323 854 4354 ι

318 4434 335 4466 ι
360 4415 430 4469 At
459 4415 548 4471 ille
570 4417 752 4470 statim
776 4417 977 4472 relictis
1001 4417 1196 4482 bobus,
1235 4416 1477 4472 cucurrit
1502 4425 1624 4487 post
1649 4416 1824 4472 Eliam

248 4524 267 4557 ε
303 4515 358 4560 et
383 4507 492 4560 ait:
523 4505 771 4575 Osculer,
819 4524 917 4562 oro
949 4517 1021 4574 te,
1064 4515 1276 4579 patrem
1311 4523 1490 4563 meum
1514 4517 1569 4563 et
1593 4517 1822 4564 matrem
1854 4547 1908 4612 Β

248 4619 266 4652 ι
297 4614 495 4667 meam,
539 4608 594 4653 et
633 4601 711 4655 sic
752 4616 951 4670 sequar
978 4609 1048 4655 te.
1081 4621 1100 4653 ι
1135 4599 1272 4668 Quia
1301 4615 1423 4655 mox
1453 4610 1511 4656 ut
1533 4601 1827 4656 electorum

245 4693 438 4750 chorus
455 4693 990 4764 audivit'loquentcm
1007 4709 1105 4765 per
1128 4693 1474 4766 Evangelium
1496 4693 1782 4748 Dominum
1809 4711 1821 4746 :
1867 4744 1873 4749 .

247 4800 266 4834 ι
303 4780 401 4848 Qui
426 4799 530 4837 non
574 4784 968 4840 renuntiaverit
997 4785 1250 4840 omnibus
1275 4801 1394 4856 quae
1423 4785 1682 4854 possidet,
1715 4797 1826 4838 non

175 4905 196 4956 θ
243 4885 414 4946 potest
460 4891 612 4930 meus
656 4892 778 4932 esse
827 4877 1125 4948 discipulus
1178 4876 1327 4949 (Luc.
1362 4877 1538 4946 xxiv),
1570 4899 1586 4928 ι
1639 4876 1822 4931 statim

176 4967 186 5036 ἒ
244 4967 470 5022 cessavit
499 4969 729 5024 terrenis
761 4968 930 5024 lucris
959 4968 1190 5031 inhiare,
1226 4966 1577 5022 saecularibus
1603 4965 1820 5021 deside-

245 5057 335 5113 riis
355 5058 650 5114 deservire.
683 5058 879 5116 Totqu
922 5073 980 5114 se
1011 5059 1240 5115 contulit
1269 5060 1336 5114 ad
1360 5057 1643 5114 servitium
1665 5051 1823 5112 Chri-

245 5149 327 5211 sti,
356 5163 456 5203 nec
482 5159 661 5204 tamen
701 5149 822 5206 aliis
853 5150 1082 5204 verbum
1109 5149 1233 5204 vitae
1263 5149 1563 5219 praedicare
1603 5147 1826 5203 desinit.

245 5239 348 5305 Hoc
375 5239 520 5295 enim
547 5241 782 5298 osculari
824 5251 1035 5313 patrem
1067 5249 1121 5296 et
1144 5250 1374 5296 matrem
1397 5255 1520 5296 cum
1548 5255 1823 5310 quoscun-

219 5333 340 5402 ‘que
359 5332 548 5402 possit,
601 5334 716 5388 sive
768 5335 833 5390 de
881 5333 1105 5400 Judazis,
1149 5333 1262 5389 sive
1292 5333 1356 5389 dc
1401 5333 1655 5404 gentibus
1677 5330 1819 5388 velle

219 5419 484 5479 'Scrmouc
506 5425 798 5494 corrigere.
1781 5445 1788 5452 '

1938 1899 2098 1970 juxta
2126 1917 2330 1957 morem
2375 1903 2658 1958 civitatum
2701 1913 2762 1958 ut
2791 1905 3018 1960 haberet
3061 1915 3259 1960 terram
3303 1907 3536 1978 interius

1943 2007 2164 2068 propter
2189 2013 2398 2065 muros,
2433 1998 2565 2067 ipsis
2593 2012 2732 2068 pene
2766 1999 2940 2054 muris
2966 1998 3254 2070 mqualetn,
3287 2015 3353 2056 ne
3382 2002 3534 2072 vide-5

1941 2090 2072 2146 licet
2097 2105 2194 2146 eos
2221 2091 2339 2145 sine
2365 2091 2608 2146 subsidio
2635 2101 2794 2146 terrae
2821 2090 3126 2160 adiacentis
3153 2103 3384 2160 erectos,
3411 2107 3534 2150 crc-t

1942 2181 2040 2235 ber
2070 2181 2352 2236 insistente
2391 2197 2556 2236 manu
2609 2181 2790 2236 hostili
2841 2182 3100 2251 deﬁceret
3144 2184 3284 2240 ictus
3322 2185 3532 2244 arietis.
3621 2208 3624 2209 '

1941 2272 2296 2328 Extrinsecus
2329 2281 2512 2328 autem
2557 2287 2844 2328 murorum
2872 2273 3102 2330 altitudo
3127 2273 3534 2347 longesuperli‘

1941 2364 2078 2424 ciem
2115 2373 2273 2421 terrae
2326 2365 2762 2432 transcenderat,
2806 2365 3043 2421 maxime
3091 2382 3214 2422 cum
3253 2366 3307 2422 in
3333 2368 3535 2438 montis

1938 2457 2199 2512 verticem
2225 2455 2305 2526 (ut
2332 2455 2618 2528 Scriptura
2649 2456 2836 2527 refert)
2870 2457 3034 2512 fuerit
3058 2459 3188 2515 urbs
3213 2459 3402 2516 eadem
3435 2476 3531 2532 po-e

1939 2551 2061 2606 sita.
2092 2551 2183 2604 Ait
2203 2565 2334 2622 ergo
2360 2567 2454 2606 rex
2479 2553 2747 2622 superbus
2783 2554 3064 2609 obsessam
3095 2564 3306 2610 terrens
3337 2557 3530 2629 civita-

1940 2650 2070 2706 tem,
2095 2642 2237 2711 quod
2269 2650 2472 2696 tantam
2504 2642 2730 2697 haberet
2762 2657 2948 2698 secum
2985 2645 3257 2700 exercitus
3285 2645 3532 2712 multituq

1938 2732 2144 2798 dinem,
2169 2742 2228 2788 ut
2255 2732 2420 2787 etiam
2461 2733 2506 2788 si
2547 2734 2778 2802 quisque
2815 2733 3047 2787 militum
3073 2733 3207 2802 ejus,
3242 2751 3527 2800 unumsoq

1937 2829 2214 2885 lunuuodo
2236 2829 2469 2899 lapidem
2497 2830 2578 2884 vel
2611 2825 2898 2900 cespitem,
2925 2830 3008 2886 vel
3042 2831 3284 2900 stipitem
3303 2832 3372 2886 ad
3395 2847 3528 2894 con-9

1938 2925 2254 2978 struendum
2276 2932 2465 2979 contra
2486 2924 2676 2978 urbem
2699 2937 2951 2994 aggerem
2978 2931 3340 2993 apporlasset,
3365 2938 3528 2995 agger

1939 3026 2264 3088 exsurgeret
2307 3017 2400 3087 qui
2431 3015 2736 3086 superﬁciei
2768 3015 3006 3071 civitatis
3047 3016 3234 3086 ipsius,
3271 3031 3390 3085 quin
3409 3025 3528 3074 erat

1941 3114 2083 3168 intra
2111 3128 2296 3168 niuros
2319 3155 2334 3179 ,
2364 3128 2484 3168 esse
2514 3112 2790 3167 videretur
2811 3111 3058 3180 aequalis,
3090 3111 3162 3166 ita
3191 3120 3250 3166 ut
3275 3125 3340 3166 ex
3368 3127 3524 3181 ternio

1935 3214 2476 3284 pugnantesmontra
2529 3204 2803 3259 civitatem
2849 3203 2958 3258 tela
2987 3202 3072 3258 vel
3125 3201 3276 3258 faces
3311 3203 3526 3258 mittere

1936 3305 2173 3367 possent.
2203 3294 2374 3364 Cujus
2394 3296 2758 3350 temeritatem
2792 3294 3116 3365 arrogantiae
3139 3295 3385 3350 modesto
3413 3309 3526 3351 seis

1935 3403 2098 3444 mone
2122 3403 2476 3458 compescens
2508 3402 2602 3442 rex
2624 3386 2794 3442 Israel
2815 3386 2892 3441 ait
2922 3405 2935 3439 :
3469 3436 3472 3438 ν

2011 3499 2032 3533 σ
2064 3481 2238 3538 Dicite
2261 3483 2312 3537 ei
2332 3499 2344 3534 :
2367 3496 2436 3536 ne
2463 3481 2724 3552 glorietur
2757 3479 3034 3546 accinctus
3059 3493 3213 3548 reque
3237 3489 3295 3533 ut
3321 3479 3522 3534 discino.

1934 3589 1960 3623 ι
1992 3582 2132 3629 ctus.
2169 3595 2186 3624 ι
2213 3572 2374 3627 Aliud
2402 3580 2486 3627 est
2509 3573 2654 3626 enim
2685 3571 2982 3636 accinctus,
3023 3570 3169 3625 aliud
3199 3571 3518 3633 discinctus,

1931 3662 2074 3718 alius
2091 3678 2200 3718 non
2249 3661 2546 3718 accinctus.
2605 3660 2901 3716 Accinctus
2941 3675 3070 3716 nam
3112 3659 3254 3728 quod
3299 3669 3384 3714 est
3425 3659 3520 3727 qui

1925 3755 2148 3827 cingulo
2174 3755 2544 3811 circumdatus
2579 3753 2799 3811 incedit.
2847 3752 3176 3818 Discinctus,
3207 3752 3300 3822 qui
3336 3752 3525 3821 cinguy

1929 3851 2042 3906 lum
2088 3865 2259 3920 nuper
2287 3848 2555 3918 deposuit.
2605 3846 2974 3918 Verbigratia
3003 3845 3257 3902 balneum
3288 3845 3522 3905 intratae

1931 3956 2028 3996 rus
2048 3981 2064 4006 ,
2093 3941 2184 3996 vel
2208 3941 2412 3994 lecttnn
2439 3947 2784 4001 ascensurus,
2815 3937 2898 3993 vel
2939 3937 3006 3992 ad
3041 3947 3240 3994 terram
3267 3934 3407 3992 forte
3437 3943 3519 3991 tu~

1925 4034 2111 4088 micam
2157 4032 2465 4086 induturus.
2521 4028 2638 4084 Non
2690 4029 2967 4086 accinctus
3003 4028 3095 4096 qui
3136 4042 3308 4097 nuper
3340 4027 3518 4092 tunica

1927 4127 2156 4182 indutus
2207 4125 2438 4181 necdum
2502 4139 2562 4180 se
2610 4123 2791 4178 abdita
2843 4135 2992 4176 zona;
3041 4121 3518 4189 circumpositione

1923 4218 2184 4275 munivit.
2208 4217 2300 4272 Sic
2318 4229 2449 4287 ergo
2475 4215 2530 4270 in
2555 4212 2902 4283 expeditione
2929 4210 3218 4273 castrensi,
3246 4209 3340 4280 qui
3370 4208 3518 4280 νοεὶν

1919 4321 2022 4365 tus
2049 4317 2130 4364 est
2156 4317 2304 4363 recte
2323 4307 2602 4363 accinctus
2623 4305 2954 4369 nominatur,
2988 4303 3042 4358 id
3066 4311 3149 4358 est
3171 4301 3341 4366 annis
3363 4300 3520 4356 indu-

1923 4411 2064 4457 .tus.
2082 4399 2184 4467 Qui
2230 4414 2410 4469 pugna
2455 4398 2706 4455 coniecta
2749 4396 2924 4452 victor
2966 4394 3188 4450 domum
3214 4392 3373 4457 redit,
3396 4392 3522 4463 jure

1933 4495 2231 4550 discinctus
2269 4500 2496 4548 vocatur
2527 4479 2568 4546 ε’
2593 4490 2720 4560 quia
2767 4488 3024 4544 nimirum
3051 4485 3315 4556 depositis
3352 4484 3521 4556 armis

1933 4596 2132 4658 optatae
2161 4585 2312 4657 pacis
2337 4585 2508 4639 otium
2533 4583 2690 4655 gerit.
2717 4581 2818 4649 Qui
2848 4596 2976 4636 vero
3005 4579 3232 4634 necdum
3257 4591 3518 4648 pugnare,

1933 4692 2110 4746 neque
2139 4691 2198 4730 se
2226 4677 2294 4730 ad
2324 4683 2600 4730 certamen
2632 4686 2828 4743 parate
2868 4668 2985 4739 jam
3016 4677 3278 4740 coeperat,
3322 4668 3520 4726 merito

1932 4789 2038 4829 non
2073 4772 2351 4826 accinctus
2376 4783 2497 4824 esse
2520 4768 2739 4823 dicitur.
2779 4765 2869 4820 Ait
2906 4779 3038 4836 ergo
3066 4779 3158 4820 rex
3189 4761 3372 4828 Israel,
3407 4761 3521 4832 regi

1933 4866 2106 4938 Syriae
2129 4861 2402 4936 glorianti,
2433 4858 2714 4930 quasijam
2737 4856 2970 4926 cepisset
2993 4853 3319 4917 Samariam,
3353 4864 3515 4920 quam

1917 4957 2182 5014 obsidere
2219 4960 2503 5024 casperat:
2543 4969 2560 5002 ε
2591 4947 2670 5004 Ne
2705 4947 2968 5019 glorietur
3021 4945 3316 5006 accinctus,
3364 4953 3519 5011 teque

1923 5058 1992 5105 ut
2039 5047 2356 5103 discinctus.
2391 5064 2414 5096 ι
2451 5044 2530 5099 Ae
2577 5043 2620 5097 si
2678 5049 2862 5112 aperte
2902 5040 3092 5095 dicat:
3135 5035 3252 5090 Noli
3297 5032 3519 5105 gloriari

1931 5138 2086 5209 quasi
2107 5138 2219 5208 iam
2248 5136 2422 5190 victor
2469 5132 2648 5189 bellici
2692 5130 3062 5194 discriminis,
3107 5127 3197 5198 qui
3259 5125 3436 5180 adhuc
3464 5125 3520 5180 in.

1930 5231 2048 5286 acie
2075 5229 2304 5298 positus,
2329 5240 2490 5298 quem
2532 5223 2761 5280 victoria
2790 5229 3050 5291 sequatur
3073 5219 3308 5289 ignoras.
3340 5217 3405 5270 Et
3431 5231 3520 5272 vc-

1931 5339 2048 5378 rum
2071 5320 2313 5392 profecto
2331 5318 2576 5374 dicebat:
2603 5315 2736 5370 Nam
2759 5329 2884 5368 mox
2909 5311 3045 5366 inito
3069 5307 3386 5378 certamine,
3419 5305 3518 5360 Be-

1929 5415 2110 5473 nadab
2137 5428 2246 5470 non
2282 5412 2443 5471 vietis
2476 5406 2805 5475 adversariis
2842 5402 3204 5474 triumphans,
3246 5400 3341 5454 sed
3376 5397 3516 5456 caelo

1904 5523 2024 5564 .suo
2047 5505 2292 5562 exercitu
2327 5500 2540 5572 fugiens
2569 5501 2787 5556 domum
2834 5493 3016 5550 rediit.
3060 5490 3285 5562 Mystice
3329 5499 3509 5546 autem

1901 5599 2179 5656 Benadab
2203 5596 2378 5652 hostis
2423 5593 2590 5650 lsrael
2644 5588 2914 5661 signiﬁcat
2942 5583 3238 5651 diabolum,
3269 5581 3512 5640 omnium

1905 5696 2187 5750 .bonorum
2216 5690 2516 5753 inimicum,
2542 5687 2634 5757 qui
2667 5686 2911 5740 diversos
2945 5679 3216 5739 exercitus
3246 5678 3507 5752 maligno-

1913 5803 2042 5843 rum
2067 5784 2355 5842 spirituum
2397 5780 2464 5837 ad
2488 5776 2913 5838 subvertendum
2957 5773 3210 5832 oouulum
3240 5771 3330 5828 Dei
3378 5787 3507 5826 con-

312 5539 329 5570 ι
367 5519 511 5575 Tulit
537 5521 720 5591 itaque
741 5520 966 5577 Elisaaus
987 5534 1084 5592 par
1108 5519 1272 5594 boum
1297 5527 1352 5574 et
1384 5516 1644 5574 mactavit
1666 5515 1821 5583 illud,

247 5630 267 5664 ‹
299 5620 349 5668 et
385 5612 440 5666 in
478 5622 660 5668 aratro
687 5614 850 5669 boum
872 5612 1020 5668 coxit
1043 5627 1237 5667 carnes
1263 5621 1319 5667 et
1343 5611 1493 5666 dedit
1516 5610 1736 5682 populo,
1768 5618 1823 5664 et

215 5705 266 5760 ἰ
290 5709 662 5765 comederunt.
699 5727 718 5761 ι
754 5705 890 5764 Cum
932 5703 1160 5778 pepulus
1206 5704 1541 5760 christianus
1577 5700 1818 5756 carnalia

215 5793 500 5857 "desideria
539 5811 805 5860 mactans.
856 5807 1030 5857 telum
1061 5797 1366 5855 exercitum
1407 5807 1566 5850 suum
1597 5793 1652 5846 in
1681 5803 1818 5854 Opus
