4044 6336
1075 235 1138 258 ιδ’

555 333 662 393 ιθτ

1591 334 1943 394 ANGELOMI
1989 333 2454 394 LUXOVIENSIS
2491 335 2800 395 MONACHI

3739 349 3852 406 488

556 446 743 504 trahit.
777 445 886 503 Sed
933 461 1030 519 per
1071 459 1273 519 pueros
1314 450 1620 520 principum
1665 449 1830 505 Israel
1876 449 2135 515 vincitur,
2167 451 2216 512 Α
2241 464 2388 503 mum
2420 450 2784 517 subverteret,
2814 467 2916 508 nec
2943 460 3120 509 tamen
3164 454 3217 510 in
3262 456 3366 513 hoc
3410 459 3742 530 praevaleret
3778 466 3852 520 ad

553 555 679 596 cum
701 554 800 610 per
817 540 991 594 bonos
1010 539 1287 596 auditores
1309 553 1624 596 sanctorum
1642 541 1947 606 doctorum,
1981 541 2142 610 quid-

554 634 684 707 quid
710 649 842 688 aure
863 633 1111 699 audiunt,
1132 633 1291 690 factis
1314 635 1538 705 implere
1574 635 1840 691 nituntur.
1868 636 2140 708 Antiquus

553 725 728 783 hostis
761 725 817 780 in
845 724 1028 796 fugam
1071 726 1303 781 vertitur
1329 727 1614 798 omnisque
1649 743 1781 783 suus
1809 729 2083 784 exercitus
2108 744 2140 784 a

552 816 816 873 militibus
865 815 1068 871 Christi
1117 817 1489 886 proturbatur.
1565 818 1668 886 Qui
1719 819 1857 876 bene
1908 821 2141 877 ducenta

553 908 721 964 millia
772 916 828 963 et
870 908 1094 980 triginta
1137 909 1243 964 duo
1290 924 1412 967 esse
1465 911 1738 974 dicuntur.
1787 913 1916 983 quia
1951 913 2005 968 hi
2047 912 2139 983 qui

551 1001 836 1071 utriusque
869 1003 1174 1058 testamenti
1223 1003 1508 1059 scientiam
1543 1005 1784 1074 perfecte
1822 1001 2046 1072 tenent,
2087 1013 2143 1061 et

555 1089 845 1148 Trinitatis
865 1091 1024 1148 ﬁdem
1050 1108 1175 1149 cum
1199 1095 1410 1165 gemina
1453 1095 1719 1152 charitate
1745 1095 1841 1151 Dei
1889 1096 2144 1152 videlicet

553 1193 611 1241 et
634 1185 867 1255 proximi
889 1195 1235 1252 conservant,
1276 1189 1388 1258 apti
1411 1203 1510 1258 per
1533 1205 1751 1245 omnem
1782 1191 2003 1247 modum
2035 1190 2140 1245 mi-

552 1277 684 1334 Iitiae
711 1279 908 1334 summi
932 1281 1078 1353 regis
1105 1296 1230 1337 esse
1250 1283 1698 1353 comprobantur.

627 1385 647 1420 ι
675 1367 835 1439 Fugit
870 1385 1087 1440 quoque
1125 1371 1380 1428 Benadab
1420 1388 1515 1429 rex
1543 1372 1714 1446 Syriae
1754 1375 1807 1430 in
1849 1389 1992 1446 equo
2015 1391 2140 1431 cum

556 1480 575 1515 t
606 1462 900 1533 equitibus.
949 1462 1062 1520 Nec
1108 1481 1214 1522 non
1256 1481 1507 1537 egressus
1551 1483 1644 1523 rex
1677 1468 1842 1524 Israel
1871 1469 2141 1540 percussit

557 1571 577 1606 ι
608 1569 778 1624 equos
806 1562 860 1610 et
910 1570 1128 1623 currus,
1183 1565 1240 1612 et
1285 1558 1557 1627 percussit
1600 1558 1797 1631 Syrum
1846 1560 2000 1631 plaga
2028 1576 2142 1615 ma-

555 1666 575 1700 ι
609 1663 769 1720 ειη.»
799 1647 941 1716 Quid
973 1651 1220 1720 estquod
1248 1650 1523 1718 Benadab,
1557 1667 1651 1707 rex
1691 1651 1886 1724 Syriae,
1916 1652 1971 1707 in
1999 1667 2141 1722 equo

549 1753 675 1794 cum
703 1739 980 1809 equitibus
1001 1739 1186 1812 fugere
1209 1741 1553 1808 describitur,
1587 1743 1694 1798 nisi
1716 1744 1860 1814 quod
1885 1744 2138 1816 princeps

2242 549 2572 607 extremum,
2600 550 2658 596 ut
2689 543 2743 598 in
2779 543 2955 613 ipsum
2989 545 3090 600 sibi
3121 556 3363 617 potestas
3383 550 3621 619 daretur,
3643 565 3850 625 postu-

2241 630 2393 687 lavit.
2425 632 2544 700 Quo
2574 649 2856 700 concesso,
2887 638 3044 706 quasi
3075 654 3201 693 mox
3228 640 3402 696 victor
3426 642 3690 700 existeret
3717 662 3851 703 car-

2243 738 2365 778 nem
2404 722 2524 794 ejus
2548 725 2700 797 gravi
2732 727 2913 782 ulcere
2940 728 3262 785 vulneravit.
3284 731 3390 788 Sed
3415 750 3522 805 quo
3544 737 3851 794 vehemen-

2240 812 2350 869 tius
2393 813 2461 870 de
2492 817 2851 886 prosperitate
2891 819 2946 872 in
2976 819 3160 876 dolore
3189 837 3287 891 per
3308 823 3612 895 depositum
3652 843 3850 898 perse-

2243 905 2533 975 quebatur,
2563 921 2628 962 eo
2654 907 2886 966 validius
2915 925 3018 981 per
3038 912 3358 980 patientiam
3395 917 3562 986 ipsius
3587 930 3846 988 proster-

2242 997 2492 1052 nebatur.
2521 997 2589 1052 Et
2613 997 2780 1055 Paulo
2811 1001 3057 1070 apostolo
3084 1004 3245 1060 datus
3265 1014 3349 1060 est
3372 1007 3626 1064 stimulus
3657 1012 3848 1068 carnis

2241 1104 2354 1145 sua:
2378 1091 2602 1164 angelus
2632 1091 2871 1160 Satanae,
2895 1105 2956 1149 ut
2981 1111 3106 1152 eum
3134 1098 3501 1168 colaphizaret
3527 1120 3539 1156 :
3564 1115 3848 1174 quatenus

2240 1181 2414 1237 virtus
2445 1181 2498 1236 in
2528 1182 2846 1240 inﬁrmitate
2874 1187 3232 1256 perﬁceretur
3258 1190 3342 1263 (ll
3377 1191 3498 1247 Cor.
3529 1196 3654 1267 xii).

2318 1291 2336 1322 ι
2383 1271 2536 1330 Tunc
2579 1274 2662 1328 vir
2697 1276 2918 1344 quidam
2959 1277 3026 1331 de
3061 1277 3188 1333 ﬁliis
3222 1283 3609 1351 prophetarum
3636 1326 3654 1350 ,
3707 1285 3854 1342 dixit

2245 1382 2266 1415 ‹
2314 1365 2380 1419 ad
2394 1365 2603 1421 socium
2628 1382 2786 1421 suum
2814 1367 2869 1422 in
2901 1383 3156 1426 sermone
3183 1371 3395 1427 Domini
3428 1392 3441 1427 :
3469 1373 3708 1430 Percute
3731 1392 3841 1432 me.

2246 1476 2265 1509 ι
2313 1457 2382 1512 At
2409 1458 2500 1513 ille
2529 1459 2704 1515 noluit
2722 1470 3028 1530 percutere.
3057 1463 3155 1518 Cui
3181 1465 3258 1518 ait
3286 1483 3299 1518 :
3329 1464 3466 1533 Quia
3493 1467 3724 1524 noluisti
3749 1484 3846 1525 au-

2248 1565 2267 1600 t
2312 1549 2428 1606 dire
2458 1566 2645 1606 vocem
2677 1552 2914 1619 Domini,
2946 1567 3074 1609 ecce
3106 1555 3328 1612 recedes
3356 1572 3388 1611 a
3421 1574 3528 1622 me,
3558 1569 3617 1615 et
3645 1576 3846 1632 percu-

2245 1660 2265 1694 (
2314 1641 2412 1697 tiet
2442 1650 2495 1698 te
2525 1642 2631 1699 leo.
2673 1644 2919 1714 Cumque
2962 1646 3240 1716 paululum
3281 1652 3595 1708 recessisset
3636 1654 3715 1709 ab
3748 1670 3844 1722 eo,

2247 1751 2266 1788 ‹
2315 1733 2524 1790 invenit
2553 1751 2676 1791 eum
2720 1735 2806 1792 leo
2834 1745 3000 1808 atque
3039 1740 3329 1808 percussit.
3364 1741 3470 1798 Sed
3510 1752 3564 1799 et
3603 1744 3844 1802 alterum

548 1832 791 1889 omnium
813 1811 1122 1902 iniquorum
1147 1833 1414 1897 diabolus,
1439 1850 1673 1906 quorum
1699 1811 1841 1893 oculi
1871 1811 2135 1895 sublimes
2165 1811 2214 1872 Β
2247 1843 2267 1877 ί
2311 1826 2640 1882 conveniens
2668 1827 2868 1894 Virum:
2905 1827 3044 1884 ἀίκίι
3067 1829 3134 1884 ad
3161 1845 3284 1886 eum
3313 1849 3326 1886 τ
3349 1830 3576 1889 Peream
3596 1849 3718 1890 me-
3743 1835 3844 1904 Qui

548 1927 712 1984 sunt?
731 1925 903 1998 Syrus
921 1928 1066 1984 enim
1088 1928 1480 2002 interpretatur
1498 1931 1753 1997 sublimis,
1780 1932 1833 1988 in
1856 1948 1998 2004 equo
2025 1949 2138 1990 sua:

547 2019 816 2090 superbiae
864 2021 1186 2089 considens,
1237 2037 1360 2078 cum
1410 2024 1685 2094 equitibus
1728 2024 1875 2092 suis,
1929 2025 2139 2082 scilicet

548 2110 801 2168 omnibus
825 2113 1094 2184 superbis,
1133 2113 1260 2184 quia
1307 2113 1422 2185 ipse
1449 2123 1533 2169 est
1557 2123 1721 2186 caput
1760 2130 1922 2186 super
1945 2131 2138 2172 omnes

548 2201 689 2260 ﬁlios
715 2203 1003 2273 superbiae,
1034 2206 1101 2260 ab
1123 2205 1364 2261 exercitu
1393 2204 1621 2273 Christi,
1652 2207 1757 2262 hoc
1787 2216 1888 2272 est,
1917 2208 2136 2264 humili-

547 2293 649 2350 bus
688 2303 744 2350 et
781 2295 952 2351 Deum
985 2296 1298 2354 timentibus
1335 2308 1640 2370 superatus,
1682 2300 1736 2355 in
1764 2299 1946 2373 fugam
1976 2303 2138 2358 verti-

547 2394 657 2442 tur.
697 2387 765 2441 Et
794 2403 892 2443 rex
917 2387 1082 2444 Israel
1113 2389 1349 2458 percutit
1375 2405 1544 2460 equos
1578 2399 1635 2445 et
1660 2405 1876 2456 currus,
1913 2392 2038 2462 quia
2071 2393 2138 2447 de

548 2476 666 2548 ipso
693 2475 839 2549 Rege
868 2493 1056 2549 regum
1083 2479 1340 2550 scriptum
1369 2489 1472 2546 est,
1502 2480 1647 2550 quod
1672 2495 1865 2536 currus
1892 2479 2133 2538 Pharao-

547 2568 633 2624 nis
661 2577 715 2625 et
743 2570 1043 2626 exercitum
1097 2571 1236 2643 ejus,
1287 2587 1488 2642 equum
1537 2583 1592 2628 et
1639 2589 1985 2631 ascensorem
2020 2574 2137 2644 ejus

548 2659 843 2716 submersit
869 2662 924 2717 in
967 2661 1156 2718 Rubro
1194 2664 1331 2718 mari
1360 2681 1373 2717 :
1409 2663 1535 2718 dum
1566 2665 1836 2734 nequitias
1863 2665 2137 2736 spiritales

546 2764 670 2806 cum
717 2767 848 2808 vero
874 2752 1179 2821 Pharaone,
1219 2755 1444 2826 antiquo
1485 2755 1738 2812 videlicet
1771 2758 1944 2822 hoste,
1978 2760 2136 2829 aquis

545 2841 890 2913 baptismatis
930 2844 1113 2901 obruit
1151 2847 1373 2902 humani
1407 2849 1621 2918 generis
1643 2848 1870 2905 delendo
1886 2860 2130 2920 peccata.

620 2953 638 2985 ι
683 2933 964 2990 Accedens
991 2943 1172 2991 autem
1193 2937 1457 3008 propheta
1485 2939 1554 2993 ad
1579 2953 1762 3011 regem
1786 2939 1974 3005 Israel,
1999 2941 2138 2996 dixit

550 3042 570 3076 ι
614 3023 703 3079 ei:
735 3025 886 3080 Vade
913 3034 970 3082 et
1009 3026 1350 3095 confortare,
1397 3039 1455 3086 et
1494 3031 1630 3088 scito
1657 3041 1714 3086 et
1749 3033 1871 3088 vide
1895 3034 2026 3104 quid
2054 3033 2136 3088 fa-

2247 1938 2268 1972 ι
2312 1920 2581 1990 percussit
2615 1936 2741 1977 eum
2769 1931 2822 1978 et
2850 1922 3174 1978 vulneravit.
3208 1923 3358 1980 Abiit
3383 1940 3514 1996 ergo
3538 1928 3808 1998 propheta
3827 1970 3841 1994 ,

2248 2030 2268 2063 ε
2311 2020 2367 2066 et
2391 2012 2632 2069 occurrit
2660 2014 2775 2086 regi
2807 2013 2862 2070 in
2887 2015 2997 2083 via,
3025 2023 3082 2071 et
3112 2018 3343 2072 mutavit
3371 2019 3697 2088 aspersione
3729 2021 3844 2092 pul-

2248 2121 2266 2154 (
2313 2105 2459 2160 veris
2496 2106 2686 2162 oculos
2711 2121 2860 2162 suos.
2889 2107 3134 2178 Cumque
3171 2113 3270 2163 rex
3296 2110 3601 2175 transisset,
3633 2111 3839 2166 clama—

2248 2213 2267 2247 ¢
2311 2197 2392 2250 vit
2417 2197 2486 2252 ad
2517 2212 2725 2269 regem,
2750 2207 2805 2255 et
2830 2199 2907 2254 ait
2933 2218 2946 2254 :
2975 2197 3179 2256 Servus
3217 2209 3342 2258 tuus
3376 2217 3631 2274 egressus
3665 2216 3756 2262 est
3779 2208 3841 2262 ad

2246 2307 2265 2341 ι
2306 2289 2682 2360 ρτωιίθηάυηι,
2721 2311 2739 2343 ι
2769 2301 2826 2348 et
2849 2292 3077 2364 reliqua.
3106 2292 3277 2351 Porro
3300 2295 3404 2351 hoc
3431 2297 3499 2352 de
3521 2297 3626 2352 hac
3650 2299 3840 2354 eadem

2240 2394 2300 2435 re
2320 2378 2588 2450 Iosephus
2615 2382 2799 2438 taliter
2819 2383 2988 2440 refert
3013 2403 3026 2438 :
3058 2383 3271 2440 Interea
3301 2385 3520 2455 quidem
3544 2389 3838 2458 propheta,

2238 2473 2457 2528 nomine
2477 2473 2737 2540 Micbeas,
2763 2475 3028 2532 accedens
3049 2479 3118 2533 ad
3144 2493 3312 2534 unum
3335 2478 3736 2546 Israelitarum,
3760 2497 3842 2552 pe-

2241 2561 2327 2616 tiit
2363 2569 2422 2616 ut
2447 2577 2570 2617 eum
2603 2563 2658 2617 in
2688 2565 2868 2634 capite
2893 2580 2995 2636 pro
3022 2567 3302 2623 voluntate
3330 2570 3546 2624 Domini
3589 2581 3840 2642 percute-

2239 2660 2341 2708 ret.
2377 2651 2474 2708 Cui
2503 2653 2707 2710 nolenti
2738 2657 2989 2727 praadixit
3016 2658 3102 2724 ei,
3130 2674 3195 2715 eo
3224 2662 3368 2730 quod
3403 2661 3732 2720 inobediens
3761 2680 3840 2721 es-

2240 2754 2322 2808 set
2351 2744 2494 2811 Deo,
2527 2743 2757 2817 ejusque
2798 2757 3095 2820 pmcepto,
3122 2750 3280 2807 leone
3309 2762 3659 2821 occurrente,
3695 2757 3838 2826 peri-

2239 2843 2500 2890 meretur.
2535 2835 2690 2904 Quod
2721 2838 2849 2892 dum
2880 2839 2960 2894 illi
2987 2839 3192 2896 homini
3228 2842 3576 2913 contigisset,
3606 2847 3841 2902 accessit

2237 2927 2499 2997 propheta
2524 2943 2714 2984 rursus
2734 2929 2802 2984 ad
2823 2929 3010 2997 alium,
3039 2939 3095 2988 et
3118 2932 3262 2988 idem
3288 2941 3348 2988 ut
3369 2933 3577 2992 faceret
3601 2937 3841 3008 impera-

2237 3017 2334 3072 vit.
2379 3016 2519 3084 Quid
2554 3019 2682 3074 dum
2727 3023 3090 3090 percussisset
3126 3039 3286 3090 eum,
3333 3033 3388 3080 et
3427 3024 3547 3095 ejus
3576 3028 3839 3084 verticem

550 3135 570 3170 ι
615 3115 1184 3190 cias.Sequentienim
1208 3135 1351 3178 anno
1368 3137 1462 3178 rex
1478 3123 1919 3194 Syriaeascendet
1945 3134 2135 3182 contra
2167 3176 2208 3195 η
2241 3123 2579 3170 οῐυθηίθεεει
2617 3114 2837 3188 aliisin-0
2871 3117 3075 3195 ,θερίια
3100 3119 3334 3175 θεοθεείι
3373 3120 3441 3175 ad
3485 3135 3675 3193 regem
3703 3162 3722 3188 9
3759 3123 3837 3177 ἀίο

552 3224 572 3259 t
619 3214 692 3264 te.
709 3176 873 3264 Servi
885 3224 1016 3265 vero
1036 3211 1180 3284 regis
1197 3211 1368 3283 Syriae
1387 3176 1742 3270 dixeruntei:
1769 3214 1852 3298 Dii
1870 3216 2136 3272 montium
2164 3176 2211 3240 C
2241 3219 2371 3260 (‘803
2393 3206 2443 3260 ei
2470 3223 2484 3260 τ
2510 3206 2665 3274 Ουοά
2717 3207 2845 3262 dum
2871 3190 3035 3265 ‘esset
3081 3210 3136 3265 in
3185 3212 3430 3268 εῐθΐϐίιυ
3475 3214 3836 3281 con-“iullus.

552 3315 573 3350 t
620 3309 750 3355 sunt
775 3300 849 3356 dii
882 3317 1106 3370 eorum,
1148 3303 1270 3358 ideo
1313 3314 1708 3376 superaverunt
1739 3305 1936 3378 (Exod.
1963 3308 2074 3378 xv),
2110 3326 2131 3360 ι

544 3397 602 3445 et
636 3390 864 3462 reliqua.
896 3392 1048 3461 Quod
1073 3394 1347 3462 Benadab,
1383 3411 1479 3451 rex
1511 3396 1683 3468 Syria:
1722 3399 1891 3454 semel
1928 3399 2134 3468 victus,

545 3480 745 3538 iterum
789 3483 1058 3541 instaurat
1103 3487 1350 3557 praelium
1395 3497 1582 3543 contra
1629 3490 1820 3556 Israel,
1866 3491 2139 3562 signiﬁcat

545 3575 819 3632 diabolum
837 3593 870 3632 a
893 3577 1116 3633 malitiae
1136 3593 1249 3633 sua:
1271 3579 1571 3636 intentione
1593 3597 1871 3653 nunquam
1896 3599 2133 3640 cessare.

544 3668 646 3738 Qui
677 3670 805 3726 licet
833 3686 865 3725 a
891 3671 1097 3727 sanctis
1123 3671 1256 3728 viris
1289 3674 1485 3745 saepius
1513 3675 1784 3744 vincatur,
1816 3685 1999 3733 tamen
2033 3679 2138 3734 ite-

542 3779 664 3819 rum
706 3765 973 3820 instaurat
1017 3764 1263 3836 prazlium
1306 3776 1496 3823 contra
1552 3769 1696 3826 illos.
1741 3771 1810 3826 Et
1853 3771 1982 3826 dum
2029 3787 2140 3829 uno

543 3855 705 3910 modo
730 3855 989 3922 vincitur,
1021 3856 1129 3914 alio
1161 3857 1348 3914 statim
1373 3859 1594 3918 vincere
1623 3873 1870 3918 conatur.
1897 3861 2036 3918 Hinc
2055 3870 2141 3920 est

544 3947 688 4016 quod
732 3946 876 4002 servi
902 3947 1044 4019 regis
1073 3948 1246 4021 Syria:
1275 3950 1532 4008 dixerunt
1565 3952 1616 4009 ei
1646 3971 1658 4006 :
1696 3971 1715 4005 ι
1747 3952 1832 4008 Dii
1870 3953 2140 4010 montium

473 4063 480 4078 ι
544 4049 672 4096 sunt
689 4041 766 4098 dii
795 4056 1006 4110 eorum,
1034 4042 1158 4100 ideo
1187 4055 1582 4117 superaverunt
1621 4062 1742 4104 nos.
1790 4046 1898 4103 Sed
1945 4049 2138 4105 melius

545 4143 630 4191 est
661 4142 722 4191 ut
748 4150 1047 4209 pugnemus
1072 4146 1264 4194 contra
1291 4155 1386 4196 eos
1409 4139 1464 4195 in
1495 4139 1914 4212 campestribus,
1943 4150 2000 4196 et
2042 4141 2138 4197 ob-

544 4226 836 4284 tinebimus
859 4244 974 4285 eos.
1009 4249 1028 4282 ι
1061 4230 1196 4297 Quia
1219 4231 1439 4303 maligni
1457 4246 1673 4304 semper
1698 4231 1881 4288 dolose
1906 4233 2142 4288 sentien-

542 4325 665 4374 tes:
690 4318 736 4374 si
760 4319 1133 4388 spiritualibus
1167 4321 1481 4388 vincuntur,
1513 4323 1570 4376 in
1608 4322 1987 4392 corporalibus
2024 4322 2140 4378 bel-

544 4409 655 4464 lum
697 4424 1007 4480 praeparare
1048 4413 1404 4468 contendunt.
1446 4412 1562 4468 Hoc
1599 4428 1817 4483 quoque
1859 4413 2136 4482 diabolus,

2239 3296 2544 3367 accepisset
2569 3312 2602 3352 a
2628 3301 2864 3368 quodam
2901 3299 3120 3358 tribuno
3157 3304 3484 3358 servandum
3530 3305 3837 3376 captivum,

2237 3391 2449 3460 sibique
2470 3390 2540 3445 ab
2562 3406 2628 3446 eo
2650 3391 2878 3459 dictum,
2902 3401 2964 3448 ut
2983 3395 3029 3450 si
3053 3396 3300 3472 captivus
3326 3395 3560 3468 fugeret,
3587 3397 3710 3468 ipse
3731 3413 3839 3453 mo-

2239 3491 2473 3538 reretur.
2491 3482 2611 3550 Quo
2637 3483 2899 3556 fugiente,
2914 3487 2984 3553 is,
3000 3487 3094 3557 qui
3109 3502 3232 3543 eum
3257 3489 3577 3555 tradiderat,
3607 3500 3837 3546 mortem

2238 3573 2290 3630 ei
2321 3575 2626 3630 minaretur
2646 3575 2870 3633 inferre.
2902 3576 3042 3634 Dum
3075 3581 3438 3649 respondente
3462 3581 3652 3637 Achab
3692 3597 3835 3637 mor-

2239 3675 2349 3722 tem
2366 3668 2416 3722 ei
2440 3668 2729 3724 imminere
2743 3667 3134 3738 iustissimam,
3159 3671 3320 3728 solvit
3339 3682 3521 3743 caput,
3543 3683 3602 3728 et
3624 3674 3838 3746 agnitus

2240 3766 2325 3814 est
2349 3757 2590 3815 Micheas
2629 3775 2753 3816 esse
2787 3763 3075 3834 pr0pheta.
3111 3761 3227 3820 Hac
3255 3764 3400 3820 enim
3427 3765 3690 3837 parabola
3723 3775 3834 3821 ute-

2240 3849 2403 3906 batur
2446 3860 2670 3922 propter
2715 3866 2998 3909 sermones
3047 3869 3185 3926 quos
3223 3864 3343 3911 erat
3370 3858 3421 3912 ei
3450 3857 3722 3913 dicturus.
3753 3857 3838 3912 Ait

2240 3959 2476 4014 namque
2517 3945 2789 4014 quomodo
2821 3945 2966 4002 Deus
2998 3946 3050 4003 ei
3086 3948 3486 4014 concessisset,
3532 3956 3593 4003 ut
3636 3949 3838 4020 suppli-

2241 4034 2385 4090 cium
2433 4035 2606 4091 hostis
2635 4037 2929 4092 evaderet:
2961 4037 3080 4108 ipse
3123 4038 3403 4094 inimicum
3441 4037 3558 4108 ejus
3585 4039 3838 4096 Benadab

2241 4127 2332 4200 qui
2363 4128 2533 4185 Deum
2563 4128 3070 4201 blasphemaverat,
3111 4131 3410 4188 dimisisset
3451 4141 3510 4188 et
3548 4141 3834 4203 proptem

2242 4225 2388 4280 Deus
2418 4223 2768 4290 decrevisset,
2800 4223 2980 4294 ipsum
3002 4223 3224 4294 quidem
3263 4225 3331 4280 ab
3352 4225 3446 4280 illo
3475 4226 3671 4295 perimi
3694 4266 3712 4292 ,
3744 4241 3835 4298 po-

2241 4315 2426 4387 pulum
2462 4330 2593 4371 vero
2637 4315 2706 4370 ab
2738 4316 3010 4371 exercitus
3039 4316 3320 4372 invasione
3364 4319 3633 4374 consumi.
3666 4319 3835 4374 Iratus

2243 4423 2374 4464 vero
2395 4407 2584 4463 Achab
2604 4407 2924 4478 prophetam
2948 4407 3100 4462 illum
3121 4407 3340 4479 quidem
3367 4407 3614 4463 clausum
3633 4407 3834 4465 servari

544 4499 650 4555 ho’c
669 4508 726 4554 et
752 4507 898 4556 totus
926 4503 1201 4558 exercitus
1226 4503 1345 4574 ejus
1371 4503 1607 4558 maxime
1632 4511 1910 4575 satagunt,
1931 4513 1991 4560 ut
2016 4505 2132 4561 aniv
2163 4537 2218 4600 Β
2237 4499 2421 4572 jussit.
2451 4497 2940 4600 Confususautem'
2964 4497 3203 4600 Michaeae
3223 4498 3568 4556 sermonibus
3589 4500 3662 4555 ad
3685 4515 3834 4600 suam

547 4605 667 4646 mas
687 4591 968 4648 hominum
995 4593 1062 4648 de
1088 4596 1337 4666 supernis
1379 4596 1447 4651 ad
1491 4597 1599 4651 ima
1632 4597 1998 4668 praecipitent,
2031 4613 2139 4668 quo
2163 4588 2212 4600 “’
2244 4590 2462 4646 domum
2503 4589 2785 4644 remeavit.
2821 4588 3128 4645 Secundum
3177 4589 3322 4662 leges
3359 4605 3490 4646 vero
3531 4591 3835 4664 tropologia:

547 4683 763 4740 facilius
787 4699 882 4742 eos
905 4686 1122 4743 vincere
1151 4688 1380 4758 possint.
1415 4687 1475 4744 Si
1496 4689 1734 4745 viderint
1757 4705 1850 4746 eos
1893 4691 2138 4748 coelestia

547 4777 890 4846 desiderare,
942 4789 1158 4838 terrena
1195 4791 1252 4839 et
1291 4784 1497 4840 caduca
1541 4784 1612 4840 ad
1643 4785 1938 4841 amandum
1989 4787 2142 4858 inge-

544 4879 693 4926 runt.
726 4869 783 4926 Si
814 4871 1050 4928 viderint
1071 4873 1192 4930 illos
1210 4876 1573 4946 prosperitate
1596 4892 1856 4933 concessa
1879 4877 1988 4933 Deo
2014 4893 2142 4948 gra-

493 4961 502 4978 '
546 4963 653 5020 tias
697 4967 1124 5037 agere,studeat
1165 4976 1225 5022 ut
1262 4983 1360 5038 per
1403 4970 1629 5025 adversa
1665 4969 2006 5041 frangantur.
2033 4970 2140 5027 Sed

547 5056 689 5113 sicut
716 5059 860 5128 regis
887 5059 1062 5130 Syria:
1089 5067 1143 5114 et
1168 5075 1450 5116 servorum
1475 5062 1594 5133 ejus
1627 5077 1736 5117 non
1765 5064 2021 5119 convenit
2055 5063 2140 5119 di-

547 5150 658 5206 ctio
686 5166 809 5206 cum
837 5166 1003 5223 opere
1030 5169 1044 5205 :
1073 5152 1200 5223 quia
1227 5150 1318 5208 ubi
1348 5168 1405 5208 se
1439 5168 1697 5224 superare
1721 5169 1883 5224 posse
1910 5153 2144 5210 conﬁde-

545 5242 702 5310 bant,
737 5244 809 5300 ibi
837 5245 1075 5316 superati
1106 5254 1232 5299 sunt
1258 5262 1272 5298 :
1305 5244 1378 5299 ita
1406 5253 1461 5300 et
1485 5245 1744 5317 princeps
1768 5247 1962 5303 mortis
1994 5261 2142 5318 saepe

547 5334 623 5390 ibi
649 5336 906 5403 vincitur,
939 5353 1064 5393 cum
1089 5337 1334 5393 exercitu
1364 5353 1494 5404 suo,
1525 5338 1618 5393 ubi
1661 5353 1720 5394 se
1760 5340 1995 5395 aestimat
2025 5340 2142 5395 vin-

549 5441 677 5484 cere
711 5443 871 5499 posse
903 5447 916 5482 :
951 5448 970 5480 ι
1012 5429 1150 5496 Quia
1179 5428 1396 5484 inﬁrma
1435 5429 1621 5484 mundi
1669 5429 1834 5501 elegit
1874 5431 2018 5487 Deus
2039 5471 2054 5497 ,
2086 5439 2148 5487 ut

550 5518 908 5576 confunderet
956 5520 1118 5576 fortia
1144 5539 1157 5575 :
1187 5531 1243 5576 et
1269 5536 1332 5576 ea
1361 5537 1482 5592 quae
1510 5537 1616 5577 non
1649 5530 1810 5588 sunt,
1843 5533 1900 5578 ut
1927 5539 1990 5578 ea
2021 5539 2143 5596 qua:

551 5621 681 5670 sunt
704 5613 1006 5671 destrueret
1035 5614 1089 5687 (1
1115 5614 1238 5671 Cor.
1269 5615 1330 5688 I).
1365 5635 1384 5668 ι
1405 5614 1673 5672 Tentabat
1693 5615 1859 5686 igitur
1891 5617 2148 5689 antiquus

551 5702 727 5759 hostis
752 5703 968 5759 beatum
998 5703 1100 5760 Job
1122 5746 1136 5771 ,
1163 5713 1219 5760 et
1249 5707 1377 5762 dum
1406 5707 1510 5762 sibi
1544 5707 1904 5763 substantiam
1937 5708 2058 5780 ejus
2085 5719 2142 5767 et

555 5793 692 5862 ﬁlios
724 5796 857 5852 tradi
889 5812 920 5851 a
951 5797 1180 5852 Domino
1201 5806 1498 5864 expeteret,
1520 5808 1697 5855 utoer
1726 5800 1831 5856 hoc
1867 5799 1984 5868 eius
2021 5801 2138 5859 ani-
2189 5803 2216 5864 ,’

2244 4680 2478 4737 maxime
2502 4681 2897 4752 providendum
2933 4690 3016 4736 est
3043 4682 3220 4737 servis
3261 4682 3389 4747 Dei,
3431 4697 3499 4737 ne
3541 4685 3832 4739 secundum

2243 4771 2555 4846 exemplum
2591 4770 2782 4827 Achab
2808 4773 2950 4844 regis
2988 4773 3178 4836 Israel,
3207 4773 3515 4844 perniciosa
3545 4777 3835 4831 securitate

2243 4863 2347 4918 sibi
2376 4862 2725 4919 blandiantur
2746 4864 2986 4934 quandiu
3004 4865 3180 4921 hostis
3201 4865 3334 4920 vivit
3355 4880 3422 4920 ne
3449 4865 3577 4921 dum
3605 4883 3667 4923 se
3686 4866 3834 4938 quasi

2244 4956 2480 5012 victores
2507 4964 2799 5027 perpetuos
2836 4957 3196 5024 arbitrentur,
3225 4972 3326 5028 per
3361 4957 3612 5014 fraudem
3643 4957 3833 5014 diaboli

2245 5062 2437 5120 pacem
2466 5049 2853 5117 promittentis,
2877 5049 3038 5106 citius
3065 5050 3358 5106 elidantur.
3383 5051 3520 5119 Quia
3547 5052 3692 5108 sicut
3719 5061 3835 5106 tunc

2245 5140 2509 5212 propheta
2529 5140 2789 5210 prmdicto
2810 5142 2922 5214 regi
2945 5157 3041 5213 pro
3060 5143 3459 5200 inconsiderata
3481 5144 3688 5216 pietate
3721 5159 3837 5214 pro-

2249 5232 2524 5288 nuntiavit
2570 5234 2732 5291 citius
2772 5233 2980 5304 justam
3026 5235 3194 5292 aﬁ‘ore
3243 5236 3540 5302 ultionem,
3588 5237 3666 5292 ita
3700 5249 3839 5302 nunc

2250 5325 2600 5396 propheticus
2630 5341 2811 5382 sermo
2843 5327 3172 5397 pramuntiat
3196 5367 3210 5388 .
3254 5327 3300 5382 si
3338 5327 3685 5398 paciscamur
3720 5338 3836 5382 cum

2252 5415 2489 5484 diabolo,
2518 5425 2777 5472 aaternam
2807 5418 2966 5474 nobis
3001 5433 3100 5488 pro
3135 5419 3241 5475 hoc
3280 5418 3568 5474 imminere
3598 5430 3834 5490 poenam.

2842 5589 3072 5648 CAPUT
3109 5589 3250 5648 XXI.

2329 5724 2350 5759 ι
2393 5705 2525 5764 Post
2555 5709 2718 5765 verba
2743 5715 2925 5764 autem
2947 5709 3084 5775 haec,
3122 5709 3281 5765 vinea
3307 5715 3428 5764 erat
3457 5703 3672 5765 Naboth
3718 5704 3839 5763 lex-

2259 5821 2278 5856 ι
2323 5801 2528 5860 raelita:
2553 5803 2644 5873 qui
2671 5810 2788 5861 erat
2814 5803 2868 5860 in
2897 5801 3104 5860 Jezreel
3134 5803 3289 5875 juxta
3345 5802 3609 5874 palatium
3655 5799 3836 5859 Achab
